3838 6248
393 287 498 342 733

395 409 545 487 Sicut
569 405 711 460 enim
747 405 879 459 dixit
907 405 1188 475 Apostolus
1211 393 1293 474 τί,
1327 398 1452 474 quia
1489 424 1506 457 ἰ
1544 419 1605 458 ex
1652 412 1800 473 parte
1823 403 1929 455 sci-
1965 406 2006 460 Α

396 511 534 559 unus,
569 503 621 549 et
670 510 734 550 ex
766 505 919 564 parte
962 497 1343 564 prophetamus
1380 512 1395 559 ;
1433 514 1451 546 ι
1493 496 1564 548 ita
1608 505 1941 559 consequens

395 593 497 649 est,
543 593 601 637 ut
643 598 707 636 ex
750 593 899 652 parte
926 586 1064 638 diem
1111 585 1302 638 festum
1349 598 1614 652 geramus.
1661 580 1731 636 Ut
1763 590 1938 633 autem

396 673 536 725 scias
562 671 675 725 haec
703 674 773 725 ita
800 687 936 735 esse,
960 673 1240 725 redeamus
1267 675 1331 725 ad
1368 671 1542 740 ipsius
1562 670 1710 723 Pauli
1738 682 1941 722 sermo-

397 776 517 814 nem
543 799 559 824 ,
590 775 745 827 quem
779 765 844 814 de
893 761 1076 815 diebus
1106 761 1255 815 festis
1294 771 1348 814 ct
1395 761 1689 815 neomeniis
1723 758 1937 827 posuit;

393 860 448 903 et
478 851 598 904 vide
631 853 894 918 quomodo
932 853 1284 906 observanter
1316 853 1497 906 dixit;
1531 868 1549 901 ι
1588 850 1755 904 Nemo
1793 863 1939 917 ergo,

396 940 470 991 ait
502 940 565 1002 ⁸⁸,
601 954 696 992 vos
719 940 921 1007 judicet
945 939 998 993 in
1031 941 1169 1005 cibo,
1205 951 1295 994 aut
1328 942 1379 994 in
1406 951 1564 1009 potu,
1592 951 1678 993 aut
1709 939 1762 991 in
1794 948 1942 1005 parte

398 1031 502 1083 diei
538 1030 680 1083 festi.
719 1047 736 1079 ι
788 1031 1014 1084 Attende
1044 1044 1169 1099 ergo
1211 1031 1520 1100 diligentius
1541 1027 1808 1097 quomodo
1839 1043 1940 1078 non

398 1120 533 1172 dixit
571 1121 621 1172 in
659 1120 742 1172 die
773 1118 908 1172 feSto
934 1161 948 1185 ,
980 1120 1071 1173 sed
1100 1120 1151 1172 in
1184 1131 1332 1188 parte
1364 1120 1467 1172 diei
1500 1118 1644 1171 festi.
1675 1118 1747 1168 Ex
1796 1126 1944 1184 parte

400 1211 539 1264 enim
572 1217 625 1262 et
672 1223 772 1261 non
804 1224 868 1261 ex
901 1209 1107 1277 integro
1138 1210 1276 1262 diem
1310 1209 1501 1261 festum
1534 1208 1584 1259 in
1622 1209 1719 1259 hoc
1748 1204 1944 1257 mundo

398 1299 555 1366 positi
585 1298 937 1352 celebramus.
971 1297 1373 1366 Interpellamur
1411 1299 1554 1350 enim
1597 1295 1808 1349 etiamsi
1846 1308 1937 1345 no-

401 1389 574 1440 lumus
601 1387 666 1439 ab
682 1397 853 1440 onere
887 1387 1098 1449 carnis,
1128 1387 1398 1454 pulsamur
1422 1400 1452 1437 a
1500 1381 1944 1450 concupiscentiis

401 1477 537 1541 ejus,
563 1476 809 1544 curisque
825 1484 879 1529 et
908 1475 1350 1530 sollicitudinibus
1371 1474 1728 1528 terebrantur.
1767 1490 1784 1522 ι
1814 1470 1947 1525 Cor-

400 1582 498 1634 pus
521 1567 661 1619 enim
688 1566 1045 1634 corruptibile,
1078 1585 1096 1617 ›
1127 1574 1183 1618 ut
1215 1565 1287 1617 ait
1320 1565 1406 1619 ille
1435 1564 1855 1631 sapientissimus
1875 1562 1942 1627 ⁸⁸,

405 1672 423 1703 ι
461 1661 716 1721 aggravet
750 1654 1002 1716 animam,
1046 1663 1100 1705 et
1129 1654 1379 1722 deprimit
1416 1667 1629 1708 sensum
1661 1652 1824 1705 multa
1854 1666 1947 1704 co-

1790 283 1942 339 ORIG

2053 280 2100 334 is
3487 252 3575 311 756

2038 409 2119 451 ter
2150 393 2380 449 fainulns
2403 390 2505 444 Dei
2541 389 2600 442 in
2635 383 2863 440 cantico
2889 374 3062 432 Exodi
3091 372 3322 443 designat
3338 367 3575 428 dicens":

2053 503 2069 535 ι
2106 482 2271 536 luduc
2317 488 2370 532 et
2402 478 2595 545 planta
2642 485 2741 525 eos
2775 470 2830 521 in
2864 471 3052 518 monte
3081 456 3390 513 hzereditatis
3415 464 3515 545 tute,
3533 455 3577 506 in

2045 579 2343 643 praeparata
2379 542 2734 621 habitatione
2764 569 2856 611 tua
2886 596 2902 620 ,
2932 566 3095 643 quam
3141 544 3465 643 praeparasti,
3496 542 3581 594 Do-

2046 637 2208 713 mine.
2246 676 2265 709 ι
2304 655 2513 709 Paulus
2552 662 2774 718 quoque
2811 641 3095 711 apostolus
3138 637 3311 690 sciens
3338 646 3444 685 esse
3467 644 3585 697 quaa-

2045 753 2165 805 dam
2196 749 2368 818 prima
2400 742 2691 800 imbuendi
2723 738 2911 798 initia,
2940 743 3070 785 tunc
3094 728 3284 782 deinde
3304 732 3585 818 perutempus

2047 815 2210 894 etiam
2251 839 2318 890 ad
2354 834 2760 905 Perfectioucm
2796 825 3003 888 veniri,
3034 821 3277 875 scribens
3318 815 3598 905 quibusdam,

2046 904 2367 987 dicebat";
2420 943 2440 977 ς
2478 923 2698 980 Etenim
2748 934 2878 973 cum
2924 911 3198 969 deberetis
3239 908 3344 977 iam
3390 904 3587 972 magistri

2045 1034 2163 1072 esse
2198 1026 2425 1086 propter
2454 1024 2698 1082 tempus,
2726 1022 2950 1062 rursum
2985 1000 3242 1070 indigetis
3265 1008 3319 1049 ut
3341 992 3591 1090 doceat-nini

2048 1124 2167 1176 qtae
2201 1085 2311 1160 Sint
2339 1105 2615 1158 elementa
2645 1098 2861 1155 exordii
2907 1104 3222 1149 sermonum
3250 1086 3373 1148 Dei,
3414 1092 3463 1137 et
3495 1085 3591 1176 facti

2045 1174 2177 1252 estis
2208 1198 2407 1266 quibus
2460 1195 2605 1246 lacte
2653 1206 2791 1261 Opus
2839 1189 2914 1243 sit
2942 1226 2959 1251 ,
2992 1199 3100 1238 non
3129 1183 3248 1236 cibo
3275 1177 3411 1266 forti.
3444 1174 3594 1266 Omnis

2046 1291 2188 1344 enim
2221 1289 2312 1355 qui
2346 1287 2487 1339 lacte
2518 1274 2688 1337 alitur
2725 1294 2932 1349 expers
2968 1285 3053 1330 est
3089 1269 3351 1328 sermonis
3390 1265 3594 1333 iustitia,

2047 1354 2303 1446 parvulus
2333 1375 2476 1428 enim
2511 1380 2617 1424 est.
2666 1368 3060 1423 Perfectornm
3109 1375 3240 1414 vero
3270 1357 3411 1413 cibus
3435 1354 3598 1446 solidus

2047 1445 2152 1530 est,
2186 1466 2277 1534 qui
2326 1480 2426 1533 pro
2478 1460 2851 1531 possibilitate
2897 1453 3149 1509 sumendi
3197 1447 3493 1503 exercitatos
3526 1445 3599 1496 ba-

2046 1558 2175 1611 bent
2202 1570 2398 1610 sensus
2429 1553 2498 1607 ad
2526 1551 2929 1606 discretionem
2968 1545 3097 1599 boni
3125 1542 3208 1596 vel
3235 1540 3380 1593 mali.
3402 1557 3418 1588 ι
3445 1536 3499 1589 Et
3524 1536 3600 1588 ilco

2046 1661 2167 1699 rum
2202 1645 2256 1697 in
2287 1643 2409 1697 aliis
2435 1682 2450 1706 ,
2485 1642 2732 1696 litteram
2764 1638 2905 1706 legis
2931 1675 2945 1698 ,
2976 1644 3306 1699 omnemque
3351 1621 3600 1691 huiusmodi

401 1711 679 1811 gitatiteni.
714 1761 732 1793 ι
779 1743 854 1795 Ex
909 1752 1061 1811 parte
1095 1711 1221 1811 ergo
1275 1744 1324 1795 in
1382 1744 1484 1797 hoc
1528 1743 1726 1797 mundo
1771 1743 1944 1797 sancti
1977 1711 2019 1765 Β
2049 1735 2376 1802 scripturam
2425 1732 2702 1786 elementa
2757 1723 2957 1780 mundi
2998 1736 3126 1776 esse
3171 1722 3528 1811 commemorat
3547 1711 3597 1811 ἡ.

403 1840 565 1898 agunt
592 1832 729 1885 diem
761 1830 977 1897 festum,
1021 1831 1141 1899 quia
1173 1841 1225 1884 et
1262 1847 1323 1885 ex
1356 1840 1506 1900 parte
1542 1833 1751 1896 sciunt,
1799 1824 1863 1886 et.
1879 1848 1945 1886 ex

402 1928 550 1987 parte
571 1920 915 1988 prophetant.
941 1919 1072 1972 Cum
1103 1930 1276 1974 autem
1305 1920 1546 1974 venerint
1567 1936 1683 1989 quae
1709 1920 1946 1989 perfecta

403 2016 565 2072 sunt,
611 2011 952 2061 destruentur
995 2009 1094 2061 ista
1131 2024 1247 2076 quae
1290 2025 1353 2063 ex
1407 2019 1555 2077 parte
1602 2019 1746 2064 sunt.
1796 2011 1949 2064 Sicut

402 2095 548 2148 enim
578 2094 825 2161 perfectae
853 2096 1089 2149 scientiae
1122 2097 1262 2149 cedit
1303 2097 1397 2149 ista
1431 2112 1546 2165 qua:
1571 2112 1634 2150 ex
1670 2107 1820 2163 parte
1843 2106 1945 2162 est,

404 2196 455 2237 et
489 2184 733 2251 perfectae.
768 2186 1056 2253 prophetia:
1084 2186 1225 2239 cedit
1268 2187 1364 2238 ista
1394 2200 1509 2253 quae
1539 2202 1602 2239 ex
1648 2195 1799 2254 parte
1827 2197 1946 2238 cst:

407 2275 481 2326 ita
510 2284 561 2327 et
593 2273 840 2341 perfectae
868 2274 1141 2327 festivitati
1168 2275 1306 2327 cedit
1335 2275 1434 2327 ista
1461 2290 1576 2342 qua:
1606 2291 1668 2326 ex
1704 2284 1853 2343 parte
1870 2283 1949 2328 est

406 2363 695 2419 festivitas.
729 2363 910 2433 Neque
956 2366 1097 2417 enim
1132 2366 1272 2431 quod
1309 2366 1600 2432 perfectum
1625 2364 1950 2417 estmundus

407 2455 508 2508 iste
541 2468 733 2521 capere
760 2464 949 2520 potest,
985 2455 1103 2518 ubi,
1135 2463 1191 2506 ut
1222 2456 1475 2517 diximus,
1504 2454 1799 2507 necessitas
1828 2468 1947 2507 cor-

406 2546 549 2609 poris
576 2559 718 2598 nuuc
748 2545 945 2609 cibum,
978 2561 1117 2597 nunc
1140 2556 1343 2614 potum,
1376 2559 1515 2597 nunc
1551 2558 1795 2597 somnum
1821 2559 1946 2611 sug-

406 2633 573 2700 gerit,
607 2647 746 2685 nunc
790 2633 949 2685 etiam
989 2644 1457 2701 quantumcunque
1500 2633 1803 2687 necessario
1829 2633 1951 2686 vita:

407 2720 688 2787 praesentis
735 2720 1143 2772 sollicitudinem
1193 2731 1386 2784 movet,
1421 2735 1539 2788 qua:
1563 2722 1743 2773 Omnia
1783 2721 1951 2774 inter-

411 2816 663 2874 rumpunt
688 2808 803 2859 sine
831 2807 989 2859 dubio
1019 2809 1474 2861 continuationem
1502 2809 1805 2862 festivitatis
1832 2808 1948 2865 Dei.

409 2895 540 2946 Cum
569 2904 744 2947 autem
769 2897 978 2948 venerit
1004 2894 1126 2948 illud
1157 2897 1296 2962 quod
1330 2898 1529 2948 dictum
1559 2906 1637 2949 est
1671 2897 1737 2950 de
1765 2898 1830 2951 iis
1859 2898 1950 2965 qui

407 2986 764 3037 restituuntur
798 2985 849 3038 in
884 2995 1067 3038 sancta
1090 3025 1103 3048 ,
1133 2987 1174 3038 si
1209 2996 1381 3038 tamen
1414 2995 1465 3038 et
1497 3001 1591 3039 nos
1619 3002 1686 3040 ex
1726 2989 1792 3042 iis
1834 3003 1953 3043 esse

409 3087 711 3127 mereamur
732 3073 822 3140 qui
859 3073 1172 3127 restituendi
1194 3084 1338 3139 sunt,
1368 3075 1456 3141 qui
1488 3088 1657 3141 neque
1690 3077 1951 3143 esurient,

409 3175 582 3229 neque
611 3159 826 3225 sitient,
871 3176 1041 3228 neque
1085 3160 1481 3227 dormitabunt,
1522 3176 1690 3229 neque
1739 3164 1955 3217 labora—

408 3252 563 3316 bunt,
588 3250 678 3302 sed
702 3258 861 3303 erunt
882 3250 1182 3318 pervigiles,
1212 3251 1347 3303 sicut
1368 3249 1676 3318 angelorum
1702 3252 1812 3304 vita
1836 3268 1956 3319 per-

410 3339 537 3408 vigil
571 3340 762 3393 dicitur
796 3358 810 3392 :
849 3355 971 3392 cum
1003 3341 1054 3392 in
1086 3340 1235 3392 illum
1264 3339 1505 3392 ordinem
1541 3339 1746 3393 restitui
1783 3356 1955 3395 mere-

411 3431 628 3492 bimur,
680 3440 805 3499 tunc
852 3430 953 3482 erit
998 3444 1117 3482 vera
1178 3439 1233 3483 et
1290 3431 1595 3497 incorrupta
1656 3430 1954 3497 festivitas,

411 3517 562 3583 cujus
614 3518 920 3570 festivitatis
971 3517 1216 3585 princeps
1265 3526 1318 3571 ct
1385 3532 1608 3585 sponsus
1665 3527 1719 3572 et
1774 3520 1953 3572 domi-

411 3622 512 3660 nus
566 3607 669 3660 erit
740 3606 853 3673 ipse
921 3604 1075 3660 Jesus
1123 3606 1364 3660 Christus
1421 3606 1673 3661 Salvator
1725 3618 1951 3673 noster,

411 3696 497 3749 cui
536 3705 619 3750 est
657 3694 823 3764 gloria
864 3704 919 3750 et
956 3696 1236 3764 imperium
1275 3695 1328 3749 in
1363 3695 1558 3751 saecula
1613 3697 1951 3752 saeculorum.

410 3788 600 3840 Amen.

931 3897 1207 3953 IIOMILIA
1246 3897 1436 3952 XXIV.

410 3976 803 4056 De_sacriﬁciis
863 4003 979 4055 qua:
1036 4003 1129 4052 per
1176 4004 1585 4056 unamquamque
1621 3988 1955 4055 festivitate»:

474 4051 727 4122 jubentar
758 4051 933 4121 o/I‘erri
953 4094 966 4117 ,
995 4051 1042 4107 et
1069 4057 1130 4107 de
1164 4056 1290 4108 votis
1326 4051 1441 4122 qua:
1475 4051 1716 4108 caventur
1742 4057 1850 4110 Deo
1885 4058 1953 4110 ⁹⁰.

2051 1826 2116 1879 Et
2148 1839 2292 1878 nunc
2318 1837 2451 1891 ergo
2477 1836 2541 1875 ea
2572 1834 2702 1888 qua:
2733 1817 3137 1887 pertinuerunt
3164 1811 3231 1864 ad
3264 1809 3398 1870 illos,
3413 1804 3493 1874 qui
3518 1803 3601 1873 pri-

2052 1915 2153 1967 mis
2183 1914 2566 1966 imbuebantur
2612 1906 2922 1962 elementis
2947 1944 2965 1968 ,
3022 1900 3252 1955 molesta
3289 1897 3429 1951 nobis
3468 1893 3604 1963 primo

2050 2005 2300 2056 videntur
2327 2002 2538 2065 auditu,
2571 1997 2793 2052 volenti
2840 1996 2996 2050 enim
3027 1990 3323 2056 unicuique
3350 1986 3600 2039 auditorum

2049 2096 2209 2165 362
2237 2072 2451 2147 discere
2480 2094 2549 2146 de
2577 2092 2645 2145 iis
2678 2106 2810 2159 qua:
2841 2090 2913 2143 ad
2947 2086 3183 2142 salutem
3212 2083 3485 2153 pertinent,
3508 2090 3602 2131 cum

2052 2188 2116 2240 de
2168 2184 2455 2238 saeriticiis
2509 2182 2751 2236 arietum
2810 2191 2869 2233 et
2925 2180 3211 2233 hircorum
3266 2172 3603 2236 vitulorumque

2053 2274 2345 2334 recitatur,
2398 2270 2534 2324 nihil
2587 2270 2694 2324 sibi
2753 2268 3034 2322 utilitatis
3077 2264 3328 2321 conferre
3354 2258 3603 2328 huiusmodi

2053 2363 2256 2416 litteras
2280 2360 2530 2427 judicant
2558 2396 2575 2421 ,
2607 2367 2900 2427 quantum
2935 2357 3007 2411 ad
3050 2357 3230 2424 ipsum
3276 2359 3468 2421 Spectat
3491 2346 3607 2400 audi-

2054 2462 2184 2504 tum.
2236 2449 2293 2503 Si
2330 2465 2457 2503 vero
2510 2448 2638 2518 quis
2685 2447 3024 2500 inveniatur
3071 2444 3166 2513 qui
3208 2442 3371 2512 possit
3411 2439 3606 2493 velamen

2051 2541 2193 2610 quod
2226 2549 2307 2595 est
2342 2540 2658 2608 impositum
2695 2537 2751 2590 in
2782 2536 3038 2591 lectione
3074 2534 3285 2589 Veteris
3308 2526 3606 2591 Testamenti,

2053 2645 2352 2695 removere,
2385 2639 2553 2696 atque
2598 2627 2727 2681 inde
2771 2627 3117 2697 perquirere
3140 2639 3259 2694 quae
3286 2622 3389 2676 sint
3417 2633 3522 2673 vera
3545 2633 3610 2671 sa-

2053 2720 2274 2783 crificia,
2301 2734 2421 2787 quae
2448 2717 2748 2787 purilicent
2798 2716 3081 2786 populum
3126 2715 3188 2774 in
3239 2713 3418 2765 diebus
3460 2708 3611 2761 festis:

2056 2820 2181 2864 tunc
2213 2810 2410 2862 videbit
2437 2823 2605 2876 quam
2640 2807 2787 2859 mira
2827 2817 2895 2861 et
2929 2804 3227 2877 magnifica
3261 2812 3381 2857 sunt
3419 2814 3520 2870 qua:
3542 2811 3613 2866 per

2054 2900 2169 2952 hrec
2200 2898 2546 2959 iudicantur,
2583 2911 2707 2964 quae
2745 2896 3044 2960 superﬂua
3079 2894 3445 2962 ignorantibus
3469 2903 3525 2941 ac
3546 2900 3615 2939 su-

2057 2987 2361 3057 perstitiosa
2393 2987 2692 3039 ductmtur.
2725 2984 2844 3038 Sed
2888 2987 3013 3039 haec
3050 2985 3272 3053 quidem
3314 2978 3491 3034 Paulus
3508 2986 3554 3028 et
3579 2975 3615 3028 si

2057 3078 2147 3144 qui
2197 3077 2245 3129 ei
2296 3074 2503 3129 similes
2548 3083 2719 3138 sunt,
2766 3074 3007 3142 plenius
3047 3076 3120 3128 ab
3161 3076 3275 3142 ipsa
3322 3068 3549 3138 Sapientia
3577 3074 3618 3116 et

2061 3168 2237 3221 Verbo
2284 3165 2374 3217 Dei
2410 3163 2836 3232 perfectiusque
2884 3165 3257 3234 cognoverint
3293 3181 3308 3217 :
3350 3175 3441 3215 nos
3479 3166 3618 3211 autem

2058 3264 2317 3323 quantum
2348 3269 2416 3307 ex
2448 3254 2698 3319 ipsorum
2732 3253 2956 3308 litteris
2982 3255 3250 3323 colligere
3277 3264 3548 3322 possumus,
3577 3246 3616 3297 in

2055 3344 2250 3412 quibus
2273 3343 2428 3396 nobis
2455 3342 2604 3395 velut
2632 3358 2734 3408 per
2760 3345 3039 3397 umbram
3069 3354 3126 3398 et
3162 3344 3437 3413 imaginem
3462 3334 3619 3391 indicia

2056 3434 2299 3500 quaedam
2344 3431 2662 3492 dederunt,
2715 3432 2787 3485 ad
2842 3432 3289 3488 aedificationem
3337 3437 3618 3485 communem

2056 3523 2329 3576 discutere
2377 3520 2704 3574 summatim
2756 3523 2828 3577 de
2892 3524 3304 3578 sacrificiorum
3353 3522 3449 3574 ritu
3487 3518 3618 3580 aliqua

2059 3610 2487 3666 tentabimuan
2534 3611 2771 3664 Paschae
2822 3612 3154 3668 festivitate
3206 3627 3374 3681 agnus
3418 3608 3625 3663 scribitur

2057 3718 2175 3755 esse
2218 3700 2308 3769 qui
2345 3699 2598 3768 puriticat
2626 3701 2936 3771 populum,
2968 3703 3030 3756 in
3082 3703 3210 3755 aliis
3240 3701 3446 3765 vitulus,
3473 3698 3516 3751 in
3534 3694 3625 3746 aliis

2056 3791 2238 3842 hircus
2270 3796 2362 3839 aut
2389 3787 2557 3851 aries,
2594 3789 2679 3842 vel
2716 3804 2938 3857 capra,
2976 3793 3070 3845 vel
3103 3792 3299 3858 vitula,
3342 3792 3469 3845 sicut
3493 3800 3547 3840 ex
3580 3784 3626 3834 tis

2055 3892 2173 3944 qua:
2205 3876 2431 3928 recitata
2466 3885 2594 3929 sunt
2633 3878 2952 3934 didicistis.
3001 3882 3161 3935 Unus
3205 3896 3336 3950 ergo
3372 3894 3435 3933 ex
3462 3878 3517 3929 iis
3540 3872 3627 3924 aui-

2058 3967 2308 4029 malihns,
2345 3982 2467 4034 quae
2497 3967 2564 4018 ad
2601 3968 3041 4034 purifieanduin
3085 3973 3348 4042 populum
3380 3978 3629 4026 sumunW.

2057 4073 2174 4111 csse
2219 4059 2420 4110 dicitur
2469 4057 2743 4113 Dominus
2775 4070 2834 4114 et
2871 4061 3149 4117 Salvator
3189 4072 3389 4116 noster.
3423 4060 3501 4114 Sic
3522 4055 3629 4110 enim

487 4145 544 4196 1.
575 4142 772 4197 Omnes
798 4145 887 4211 qui
920 4145 1187 4198 imbuendi
1219 4155 1342 4198 sunt
1370 4145 1815 4199 eminentioribus
1842 4148 1952 4200 dis-
2059 4148 2325 4202 intellexit
2354 4147 2596 4202 Joannes
2626 4152 2723 4217 qui
2754 4163 2848 4207 est
2884 4153 3077 4221 major
3108 4155 3355 4211 omnium
3398 4148 3633 4219 propheta-

419 4231 673 4299 ciplinis,
724 4232 905 4284 taudiu
955 4232 1232 4285 molestum
1278 4233 1481 4285 ducunt
1528 4234 1952 4287 rudimentorum
2059 4254 2200 4302 rum,
2244 4246 2298 4289 et
2346 4238 2586 4305 signavit
2637 4242 2708 4292 de
2746 4242 2878 4311 ipso
2920 4246 3129 4301 dicens
3152 4247 3243 4300 ’δε
3284 4263 3304 4296 r
3343 4244 3469 4297 Ecce
3491 4244 3633 4306 Agnus

420 4320 678 4383 laborem,
704 4323 886 4384 donec,
917 4323 1035 4391 quis
1063 4323 1130 4376 sit
1150 4333 1202 4376 et
1227 4323 1516 4391 disciplinae
1546 4324 1682 4377 illius
1706 4326 1770 4376 ad
1794 4339 1951 4392 quam
1989 4359 2031 4411 υ
2060 4326 2173 4388 Dei,
2193 4340 2321 4379 ecce
2354 4326 2445 4394 qui
2480 4326 2622 4379 tollit
2658 4341 2901 4397 peccata
2941 4336 3167 4391 mundi.
3209 4354 3229 4387 ι
3260 4332 3408 4401 Quod
3438 4334 3480 4386 si
3507 4335 3638 4393 agnus

422 4411 829 4464 int'roducuntnr
862 4409 980 4463 linis
1007 4422 1061 4463 et
1090 4411 1314 4475 fructus,
1361 4413 1626 4479 ignorant.
1667 4411 1798 4465 Cum
1825 4427 1954 4466 vero
1992 4409 2019 4411 “
2061 4417 2150 4482 qui
2179 4416 2244 4469 ad
2268 4416 2669 4484 purificandum
2697 4422 2978 4489 populum
3004 4426 3177 4479 datus
3197 4435 3301 4489 est,
3320 4424 3383 4477 ad
3408 4424 3637 4490 personam

2063 4505 2275 4559 Domini
2321 4517 2376 4560 et
2425 4506 2738 4564 Salvatoris
2789 4516 2977 4568 nostri
3027 4517 3318 4581 refertur,
3356 4515 3640 4576 consequens

2065 4596 2279 4648 videtur
2322 4597 2468 4663 quod
2512 4597 2688 4651 etiam
2724 4611 2939 4656 caetera
2998 4606 3269 4658 animalia
3297 4646 3312 4670 ,
3345 4618 3457 4672 qua:
3480 4596 3638 4652 eisdem

2068 4685 2431 4753 puriﬁcativis
2457 4686 2571 4757 (2'5)
2608 4689 2813 4745 usibus
2842 4695 3118 4762 deputata
3170 4706 3338 4759 sunt,
3383 4689 3550 4747 referri
3572 4686 3643 4736 dc-

2054 4776 2230 4833 beant
2260 4776 2512 4830 similiter
2539 4779 2610 4831 ad
2641 4779 2871 4851 aliquas
2907 4798 3193 4852 personas
3212 4825 3228 4850 ,
3260 4800 3380 4854 qua:
3410 4797 3497 4853 per
3518 4776 3642 4832 nteri-

2072 4876 2184 4920 tum
2211 4869 2497 4938 sanguinis
2525 4870 2741 4928 Christi
2766 4874 2889 4947 (24)
2920 4878 3343 4945 purificationis
3368 4871 3549 4944 aliquid
3570 4870 3644 4922 Ιιιι·

422 4497 655 4551 imbutos
704 4512 796 4563 per
841 4498 1080 4550 ordinem
1149 4500 1407 4566 perfectio
1463 4514 1748 4555 consecuta
1794 4500 1959 4556 fuerit

420 4585 738 4652 disciplinae,
769 4594 892 4637 tunc
915 4585 1196 4641 delectabit
1218 4582 1642 4643 'rudimentorum
1675 4590 1960 4658 pertulisse

422 4675 713 4729 molestias.
744 4673 880 4727 Sunt
908 4688 1033 4743 ergo
1062 4685 1113 4729 et
1148 4679 1198 4730 in
1229 4682 1428 4733 sanctis
1459 4695 1522 4734 ac
1561 4681 1753 4734 divinis
1801 4682 1960 4736 rebus

425 4766 593 4834 prima
625 4765 866 4832 quazdam
912 4766 1205 4819 rudimenta
1232 4768 1423 4837 quibus
1447 4770 1767 4823 inducuntur
1798 4771 1834 4824 ii
1866 4772 1957 4839 qui

422 4856 489 4910 ad
517 4855 899 4927 perfectionem
926 4854 1270 4913 beatitudinis
1298 4859 1538 4914 tendunt.
1560 4858 1712 4924 Quod
1742 4861 1959 4914 eviden-

489 5045 729 5126 “31093
762 5044 878 5126 ξίξιν
911 5045 977 5126 9:.
1010 5044 1389 5126 2’99‘055-2"
1416 5042 1528 5126 ἐπει
1573 5042 1617 5073 ⁸⁸
1643 5040 1771 5126 ἒπε-
1804 5045 1949 5126 ηερε

2089 5050 2134 5081 ⁸ο
2169 5049 2330 5126 bium.
2365 5066 2563 5117 ιιι-ιιι,
2590 5054 2687 5119 29,
2720 5057 2818 5116 30.
2898 5060 2940 5090 ⁸¹
2964 5058 3149 5116 Exod.
3177 5075 3269 5126 xv,
3298 5060 3383 5114 l7.
3453 5030 3640 5108 "llcbr.

423 5129 473 5178 v,
513 5115 599 5182 12,
639 5117 725 5179 15,
770 5115 855 5167 14.
932 5115 978 5147 ’⁸
1005 5113 1181 5168 Galat.
1212 5129 1282 5176 Iv,
1305 5113 1337 5165 5
1373 5112 1615 5177 ;Coloss.
1643 5124 1699 5172 ιι,
1720 5110 1774 5162 8.
1848 5111 1894 5142 ’⁵
1922 5111 1949 5165 J

2053 5140 2079 5170 I.
2123 5134 2158 5183 ι,
2184 5120 2277 5174 29.

493 5207 602 5278 (23)
629 5207 805 5278 Codex
839 5207 1018 5278 Sancti
1042 5205 1380 5278 Theoderici,
1409 5221 1433 5278 ¢_
1456 5200 1905 5270 purificationum,
1935 5223 1953 5255 ι

427 5273 760 5329 Ebroiceusis
795 5275 992 5329 habet:
1030 5293 1048 5324 ι
1083 5273 1483 5340 purificatitmis:
1524 5292 1540 5340 η

364 5348 372 5371 ι
496 5343 606 5411 (24)
648 5341 745 5395 Per
775 5340 1014 5411 meritum
1041 5332 1329 5411 εάηθμὶηἱε,
1353 5332 1567 5411 9W"?-
1602 5334 1958 5411 ῌῖεεὶἔίθδίδθ·

427 5402 610 5461 rantur
628 5411 678 5461 in
705 5410 885 5462 codice
905 5402 1330 5461 abbatize'Sancti
1357 5404 1664 5457 Theudorici
1692 5402 1957 5461 Rhenten-

429 5475 525 5540 sis,
554 5485 605 5526 et
639 5478 689 5528 in
736 5478 901 5530 altero
933 5476 1260 5530 Ebroicensi.
1309 5473 1566 5526 Caeterum
1598 5472 1953 5540 conferendas

433 5538 518 5590 hic
547 5541 692 5596 locus
716 5558 834 5596 cum
866 5545 1037 5599 altero
1062 5544 1150 5614 qui
1180 5550 1355 5598 exstat
1383 5540 1481 5598 sub
1511 5539 1667 5596 linem
1694 5539 1953 5597 Exhorta-

2062 5214 2317 5291 tionis‘ad
2348 5222 2673 5291 martyrium
2702 5237 2935 5276 numero
2961 5221 3173 5291 ultimo
3196 5221 3286 5291 his
3307 5211 3646 5291 verbisguxa

2057 5279 2115 5363 ἕξ
2148 5285 2247 5363 καὶ
2277 5285 2476 5363 ίῖδσπξρ
2496 5279 2675 5363 τειμίῳ
2703 5288 3270 5363 aiea=t¢95_’1n°°,'5
3294 5284 3644 5363 ᾒγοράσθτὶμενν

2070 5349 2252 5429 Ἷ-ιησοδ
2288 5349 2658 5433 λαθόκδτοξτὸ
2677 5349 2852 5433 δνοὶια
2878 5362 2937 5415 τὺ
2970 5359 3123 5433 ὑπὲρ
3156 5349 3266 5433 ἓτᾶζδ
3294 5349 3485 5433 εὐοιὶὲζ
3507 5349 3646 5433 οδτνε

2192 5427 2370 5506 etiain
2414 5414 2641 5506 αἵμσίτιί
2824 5414 3154 5506 ήνμὰρτύρών
3201 5414 3644 5506 ,ἀγοράσθήσονῖὲί

2051 5488 2496 5616 affusus
2533 5517 2760 5576 utcrtllte
2819 5488 2954 5556 alter
3017 5488 3089 5549 éx
3165 5488 3347 5552 altero'
3388 5488 3638 5557 est'expli-

2209 5582 2295 5616 US-

2088 5575 2295 5623 “Mus.
