3838 6188
177 230 273 283 757
288 236 293 241 ’

181 329 364 394 ωειρο
406 314 593 385 generi
644 316 963 373 conferant.
1006 322 1148 377 \‘ide
1193 340 1324 393 ergo
1369 340 1434 377 ne
1482 324 1616 377 forte
1658 323 1794 376 sicut
1823 328 1865 383 Α

184 405 475 477 “ominus
504 413 555 459 et
600 404 861 461 Salvator
902 419 1117 474 noster,
1170 413 1324 481 quasi
1361 429 1524 481 agnus
1558 414 1622 464 ad
1659 411 1794 467 orci-

220 511 429 561 sument
458 497 652 551 ductus
677 536 692 560 ,
725 507 784 551 et
819 499 876 552 in
914 501 1254 555 sacriﬁcium
1295 503 1477 553 altaris
1508 502 1616 570 (25)
1652 501 1795 554 obla-

242 601 362 655 tus,
404 596 747 665 peccatorum
803 591 1187 644 remissionem
1243 592 1486 642 universo
1551 590 1797 656 prrostitit

241 676 469 730 mundo:
506 674 581 728 ita
609 673 861 726 fortassis
891 684 945 728 et
979 686 1294 729 ca-terorum
1314 675 1795 741 sanctorumacju-

234 775 446 819 storum
496 766 754 833 sanguis,
787 768 883 835 qui
925 766 1125 820 effusus
1174 775 1255 820 est
1305 781 1332 818 a
1384 767 1640 835 sanguine
1667 765 1797 818 Abel

233 856 386 922 justi,
426 847 690 923 usquead
717 856 1035 922 sanguinem
1067 855 1339 908 Zacharize
1366 854 1630 922 prophetae
1661 852 1790 922 (26),

232 947 322 1014 qui
359 943 683 998 interfectus
728 954 813 998 est
847 945 989 998 inter
1016 946 1181 996 salem
1232 953 1286 996 et
1328 944 1530 1001 altare:
1581 942 1796 995 alterius

229 1034 458 1099 quidem
491 1033 720 1099 sanguis
768 1033 911 1086 sicut
942 1032 1123 1085 vitulze
1147 1071 1160 1090 ,
1193 1030 1409 1083 alterius
1458 1031 1595 1083 sicut
1639 1030 1793 1093 hirci,

227 1128 325 1172 aut
355 1134 545 1186 caprae
586 1129 678 1172 aut
709 1119 939 1185 alicujus
968 1120 1157 1172 horum
1191 1117 1337 1170 fusus
1378 1127 1460 1169 est
1486 1118 1550 1170 ad
1578 1118 1795 1183 expian-

222 1209 354 1261 dum
385 1223 491 1276 pro
524 1220 680 1275 parte
707 1208 889 1274 aliqua
921 1207 1195 1274 pupulum.
1231 1207 1355 1259 Sive
1400 1207 1509 1257 h:ee
1541 1205 1604 1256 ad
1632 1206 1801 1271 justo-

225 1313 346 1349 rum
385 1298 898 1365 prophetarumque
937 1310 1212 1363 personas,
1240 1295 1327 1361 qui
1378 1297 1426 1346 in
1470 1295 1571 1346 hoc
1600 1295 1798 1345 mundo

215 1386 457 1454 jugulati
490 1393 623 1438 sunt
648 1423 664 1447 ,
695 1384 779 1437 vel
812 1399 998 1437 eorum
1028 1383 1117 1450 qui
1162 1382 1342 1434 dicunt
1363 1381 1446 1433 NI:
1488 1399 1505 1431 ι
1540 1381 1796 1445 Quoniam

218 1484 455 1540 propter
488 1484 543 1526 te
575 1484 755 1527 morte
787 1472 1050 1525 allicimur
1077 1479 1182 1524 tota
1214 1471 1317 1534 die,
1346 1469 1591 1522 mstimati
1615 1484 1798 1522 sumus

217 1561 366 1613 sicut
400 1573 543 1612 oves
587 1558 922 1618 occisionis,
964 1575 983 1607 ι
1019 1554 1291 1609 referenda
1328 1556 1645 1609 videantur:
1689 1555 1797 1607 sive

216 1649 390 1703 etiam
426 1649 497 1700 ad
530 1648 857 1715 superiores
884 1646 1129 1707 virtutes,
1159 1646 1350 1711 quibus
1374 1644 1676 1712 procuratio
1705 1645 1798 1694 hn-

220 1738 370 1790 mani
396 1739 632 1805 generis
662 1737 787 1789 data
817 1743 922 1799 est,
946 1736 1068 1802 quis
1101 1734 1255 1786 facile
1287 1735 1475 1787 audeat
1498 1732 1799 1784 aﬁirmare?

218 1825 409 1894 Neque
433 1827 591 1879 enim
639 1825 762 1877 luce
791 1821 1047 1876 animalia
1089 1837 1183 1891 per
1207 1822 1432 1889 speciem
1460 1862 1475 1886 ,
1505 1822 1593 1874 sed
1624 1836 1715 1888 per
1741 1821 1800 1872 ﬁ-

216 1929 411 1983 guram
468 1912 678 1968 referri
722 1913 788 1965 ad
843 1912 986 1964 illam
1054 1911 1132 1964 vel
1199 1909 1338 1963 illam
1384 1910 1613 1977 putanda
1657 1918 1795 1962 sunt.

217 2001 355 2053 Nam
380 2011 436 2053 et
468 2002 594 2069 ipse
625 2000 891 2053 Dominus
919 1998 1074 2052 Jesns
1089 1998 1351 2060 Christus,
1374 2012 1476 2050 nou
1503 1998 1617 2050 ideo
1634 2011 1799 2065 agnus

212 2091 419 2144 dicitur
446 2092 618 2157 quasi
646 2092 739 2157 qui
770 2100 1007 2143 mutatus
1035 2090 1101 2142 sit
1129 2096 1179 2141 et
1201 2087 1552 2140 conversusin
1570 2088 1798 2153 speciem

212 2181 366 2247 agni.
403 2182 639 2233 Dicitur
672 2191 850 2231 tamen
878 2193 1065 2246 agnus,
1095 2178 1217 2244 quia
1241 2175 1484 2228 voluntas
1507 2185 1558 2228 et
1590 2175 1799 2229 bonitas

154 2244 171 2264 .
212 2244 336 2338 ej—us
359 2286 467 2338 qua
513 2271 697 2323 Deum
732 2244 1100 2337 repropitiavit
1123 2267 1442 2328 hominibus,
1471 2275 1525 2318 et
1552 2276 1797 2332 peccato-

215 2371 338 2408 rum
371 2356 789 2421 indulgentiam
842 2356 1020 2418 dedit,
1058 2352 1176 2406 talis
1210 2352 1414 2406 exstitit
1447 2352 1676 2404 hmuano
1710 2367 1801 2419 ge-

217 2446 336 2497 neri
364 2444 535 2512 quasi
568 2445 706 2511 agni
740 2444 916 2497 hostia
952 2442 1286 2495 immaculata
1316 2453 1372 2495 et
1402 2442 1674 2502 innocens,
1698 2454 1798 2508 qua

216 2530 415 2598 placari
458 2532 798 2585 hominibus
829 2532 1008 2585 divina
1035 2530 1345 2584 creduntur.
1400 2529 1487 2582 Sic
1531 2543 1654 2597 ergo
1694 2528 1801 2581 for-

214 2623 380 2675 tassis
401 2632 466 2676 et
498 2622 552 2674 si
588 2623 719 2688 quis
751 2629 833 2672 est
864 2619 1193 2688 angelorum,
1247 2620 1647 2685 emlestiumque
1695 2618 1803 2669 vir-

215 2719 425 2776 tutum,
469 2718 579 2762 aut
623 2710 670 2763 si
705 2708 829 2774 quis
866 2708 1136 2773 justorum
1167 2707 1480 2769 hominum,
1512 2707 1593 2758 vel
1637 2707 1797 2758 etiam

216 2809 547 2852 sanctorum
600 2797 990 2863 prophetarum
1048 2801 1209 2860 atque
1266 2794 1664 2861 apostolorum,
1709 2794 1798 2860 qui

216 2886 429 2940 enixius
496 2886 843 2939 interveniat
894 2899 989 2949 pro
1050 2883 1280 2950 peccatis
1345 2883 1613 2934 hominum
1656 2895 1672 2933 :
1712 2883 1866 2954 hiec

217 2989 314 3041 pro
339 2972 810 3043 repropitiatione
842 2969 1044 3029 divina,
1080 2969 1221 3021 velut
1248 2970 1421 3026 aries.
1458 2976 1551 3019 aut
1583 2967 1797 3029 vitulus,

218 3071 309 3114 aut
343 3062 567 3122 hircus,
603 3056 824 3110 oblatus
849 3071 967 3108 esse
1008 3056 1059 3106 in
1103 3055 1424 3106 sacriﬁcium
1459 3057 1524 3105 ob
1555 3054 1800 3121 puriﬁca-

219 3149 423 3200 tionem
475 3144 693 3213 populo
748 3142 1141 3208 impetrandam
1186 3142 1352 3208 accipi
1389 3151 1577 3207 potest.
1609 3144 1799 3194 Annon

219 3238 437 3288 videtur
469 3244 537 3288 ut
570 3234 726 3285 aries
748 3271 763 3294 ,
795 3242 887 3283 aut
934 3232 1115 3283 hircus
1165 3229 1526 3284 holocaustum
1558 3244 1615 3284 se
1645 3232 1799 3283 obtu.

218 3324 347 3378 lisse
407 3323 628 3377 Paulus
676 3335 775 3388 pro
819 3322 1014 3388 populo
1061 3318 1258 3383 Israel,
1307 3335 1426 3373 eum
1472 3320 1678 3373 dicebat
1715 3320 1797 3372 ἐξ

225 3430 244 3462 ι
276 3413 556 3480 Optabam
584 3420 769 3463 autem
800 3424 901 3476 ego
925 3409 1039 3475 ipse
1071 3412 1352 3463 anathema
1387 3425 1505 3462 esse
1536 3425 1564 3462 a
1592 3411 1802 3463 Christo

222 3517 320 3569 pro
352 3500 635 3553 ﬁatribus
671 3498 837 3560 meis,
870 3498 959 3565 qui
993 3507 1116 3551 sunt
1148 3499 1355 3566 cognati
1387 3499 1484 3549 mei
1513 3499 1799 3550 secundum

218 3604 446 3642 carnem
469 3590 494 3640 ?
528 3607 548 3638 ι
587 3588 683 3641 Vis
713 3597 891 3639 autem
920 3587 1076 3652 scire,
1101 3588 1220 3652 quia
1254 3600 1311 3639 se
1336 3586 1563 3638 hostiam
1598 3586 1796 3651 Paulus

218 3677 415 3731 oﬁ'erat
437 3675 809 3744 iugulandum
834 3672 857 3725 Ἰ
884 3674 1017 3725 Audi
1046 3688 1168 3725 eum
1199 3674 1249 3725 in
1283 3673 1402 3726 aliis
1431 3674 1689 3726 dicentem
1713 3672 1757 3704 ⁸⁷
1786 3691 1798 3724 :

226 3786 245 3818 ι
278 3768 402 3821 Jam
449 3767 603 3820 enim
649 3779 752 3833 ego
801 3763 1049 3817 immolor
1076 3772 1130 3816 et
1158 3773 1361 3829 tempus
1390 3763 1749 3826 resolutionis,
1779 3782 1797 3814 ι

218 3857 326 3921 vel,
346 3868 411 3908 ut
442 3857 498 3906 in
531 3852 749 3907 Grercis
774 3852 998 3905 codibus
1025 3851 1247 3919 legimus
1274 3852 1405 3921 (9.7),
1429 3870 1446 3902 ι
1481 3852 1802 3905 reversionis

220 3956 358 3994 meae
410 3942 611 3994 instat.
653 3957 673 3989 ι
730 3937 823 3990 Ste
864 3953 993 4005 ergo
1045 3938 1340 4006 ﬁguraliter
1390 3947 1560 4004 potest
1611 3940 1800 4000 videri,

223 4030 367 4097 quod
406 4030 556 4081 alius
587 4042 691 4096 pro
727 4026 1016 4079 festivitate
1047 4024 1331 4089 Novarum,
1361 4027 1496 4079 alius
1525 4040 1619 4093 pro
1653 4025 1802 4078 festi--

223 4120 392 4172 vitate
414 4116 676 4178 Sabbati,
703 4114 843 4168 alius
863 4130 959 4183 pro
982 4113 1273 4169 festivitate
1293 4114 1798 4177 'I‘abernaeulorum,

223 4211 381 4277 quasi
416 4211 636 4272 hircus,
669 4216 766 4259 aut
799 4205 1020 4269 vitulus,
1053 4217 1144 4259 aut
1168 4209 1308 4261 aries
1338 4205 1591 4259 oileratur
1619 4205 1683 4257 ad
1719 4220 1800 4257 re-
1831 4203 1874 4256 D

223 4296 638 4350 conciliandum
693 4293 1003 4347 hominibus
1046 4295 1233 4348 Deum.
1286 4296 1459 4347 Donec
1503 4294 1640 4346 enim
1672 4303 1797 4347 sunt

226 4397 474 4452 peccata,
502 4398 740 4438 necesse
768 4393 851 4435 est
878 4384 1076 4450 requiri
1106 4393 1158 4435 et
1188 4382 1389 4435 hostias
1417 4396 1510 4448 pro
1541 4382 1794 4450 peccatis.

225 4473 359 4526 Nam
401 4490 567 4543 pone,
608 4472 761 4526 verbi
791 4473 961 4539 gratia
989 4512 1002 4534 ,
1036 4487 1140 4524 non
1194 4470 1356 4524 fuisse
1390 4479 1660 4536 peceatum
1703 4486 1716 4520 :
1755 4470 1798 4523 si
1834 4538 1841 4545 ν

223 4578 330 4617 non
369 4564 571 4618 fuisset
603 4572 915 4632 peceatuzn,
965 4576 1068 4614 non
1123 4575 1343 4615 necesse
1400 4560 1572 4613 fuerat
1607 4559 1795 4613 Filium

225 4651 318 4705 Dei
345 4668 553 4720 agnum
584 4653 732 4713 ﬁeri,
763 4665 864 4703 nec
884 4664 1028 4716 epns
1060 4647 1236 4701 fuerat
1278 4663 1398 4701 eum
1428 4648 1479 4701 in
1505 4663 1665 4702 carne
1701 4664 1793 4715 po-

942 4759 989 4791 “
1029 4759 1185 4812 Rom.
1220 4773 1269 4810 Ix
1294 4796 1308 4819 ,
1347 4759 1399 4811 5.

1829 1615 1870 1668 Β

293 4764 343 4797 ⁸⁵
383 4764 527 4817 Psal.
570 4776 739 4825 κων,
775 4760 865 4813 22.
942 4760 989 4791 ’θ
1029 4760 1185 4812 Rom.
1220 4773 1269 4810 Ix
1294 4796 1308 4819 ,
1347 4760 1399 4811 5.
1478 4762 1520 4791 ⁸⁷
1548 4760 1589 4812 ll
1623 4761 1758 4814 Tim.
1790 4776 1859 4826 tv,

225 4984 243 5036 ι
295 4918 415 5036 (ἓξ)
440 4918 631 4972 Codex
666 4914 854 4970 Sancti
887 4910 1254 4976 Theoderici,
1304 4931 1323 4962 ‹
1380 4914 1430 4965 in
1474 4915 1797 4969 sacriﬁcium

245 4999 332 5036 2111
359 5002 426 5036 ιε.
467 5005 487 5036 ι

245 4988 426 5040 audis.
467 5005 487 5037 ι

297 5053 414 5118 (26)
441 5052 724 5106 Zachariae
762 5049 1066 5119 prophetae.
1102 5045 1234 5098 Vide
1275 5056 1379 5100 not.
1430 5049 1480 5102 in
1526 5049 1689 5116 Epist.
1734 5052 1800 5102 ad

225 5120 559 5185 Africanum.
632 5185 655 5187 ᾗ
781 5185 788 5187 Α
944 5181 978 5187 η
1020 5180 1057 5187 η
1182 5178 1215 5187 ⁸,
1258 5179 1269 5187 ι
1436 5182 1463 5187 _
1632 5184 1643 5187 _
1730 5185 1739 5187 _
1834 5175 1838 5178 Α

296 5187 409 5253 (27)
439 5187 503 5241 Ur
528 5192 584 5241 in
611 5185 817 5240 θηταῖς
848 5180 1136 5253 codicibus
1175 5178 1397 5253 legimus.
1435 5182 1798 5237 Parenthesim

227 5243 461 5324 habent:
488 5273 589 5310 suo
616 5254 836 5324 addidit
861 5250 1160 5324 ξιιμ-(ᾕμαξε
1189 5243 1420 5324 Bttﬁntts.

295 5320 412 5387 (ΞΒ)
450 5328 624 5380 Codex
675 5317 875 5373 Sancti
932 5311 1263 5363 Theudorici
1290 5350 1305 5374 ,
1347 5332 1365 5363 ι
1423 5316 1618 5371 dicitur
1663 5316 1797 5371 alius

224 5386 883 5454 quid“!!!sanctorum.)
1007 5442 1050 5454 ﬁ
1161 5442 1212 5454 __

284 5453 398 5521 (29)
427 5442 958 5527 Ρῖνῗρὲαιὶοηῑὺαε.
1007 5442 1173 5495 Deest
1200 5442 1249 5497 in
1275 5443 1418 5502 libris
1445 5456 1601 5504 antea
1625 5452 1794 5518 editis,

1356 215 1423 268 ΙΝ
1455 211 1778 269 NUMEROS
1809 209 2083 266 llOMlLlA
2113 209 2298 265 XXIV.

3319 201 3418 254 738

1895 325 2052 377 situm
2077 321 2329 389 iugulari,
2353 319 2442 372 sed
2472 317 2749 369 mansisset
2776 316 2878 369 hoe
2911 313 3050 383 quod
3084 313 3133 364 in
3167 311 3424 379 principio

1893 426 2006 471 erat
2032 418 2166 467 Dens
2193 412 2420 466 Verbum
2448 428 2461 462 :
2493 423 2673 460 verum
2702 407 2950 473 quoniam
2992 404 3190 458 introiit
3230 416 3424 471 pecca-

1894 516 2001 557 tum
2052 505 2102 555 in
2150 504 2287 555 hunc
2334 497 2614 558 mmulum,
2660 497 2860 563 peccati
2909 504 3084 547 autem
3136 491 3424 546 necessitas

1895 591 2315 659 propitiatioaem
2351 585 2609 652 requirit,
2642 593 2694 635 et
2737 583 3040 651 propitiatio
3071 598 3173 635 non
3220 583 3277 635 ﬁt
3319 582 3422 645 nisi

1895 697 1986 750 per
2015 680 2259 740 hostiam,
2288 674 2641 728 necessarium
2668 671 2766 724 fuit
2789 672 3053 739 provideri
3080 673 3303 724 hostiam
3330 686 3424 738 pro

1893 777 2125 838 peccato.
2158 766 2219 819 Et
2237 765 2484 832 quoniam
2517 761 2716 828 peccati
2752 761 2918 828 ipsius
2946 760 3167 811 diversae
3190 768 3238 812 et
3267 761 3425 811 variae

1894 853 2172 921 qualitates
2210 850 2441 910 fuerunt,
2466 848 2795 899 diversorum
2824 846 3133 899 animalium
3164 847 3425 897 mandan-

1897 952 1981 994 tur
2003 939 2204 1000 hostiae,
2239 935 2419 1003 procul
2443 935 2599 987 dubio
2630 950 2746 999 qua:
2775 935 3123 988 convenirent
3147 934 3423 987 varietati-

1895 1030 1993 1081 bus
2039 1035 2397 1094 pecratorum.
2448 1025 2535 1077 Sic
2584 1040 2710 1092 ergo
2753 1021 2978 1076 edicitur
3024 1024 3157 1077 alius
3214 1034 3426 1078 sancto-

1897 1131 2009 1167 rum
2036 1115 2144 1182 (28)
2170 1153 2183 1176 ,
2228 1113 2337 1167 sive
2361 1113 2664 1178 angelorum
2690 1152 2703 1173 ,
2738 1121 2795 1164 ut
2825 1112 3055 1165 diximus
3081 1151 3095 1175 ,
3123 1112 3233 1165 sive
3261 1114 3429 1167 homi-

1898 1219 2019 1256 num
2056 1203 2266 1264 vitulus,
2300 1200 2386 1268 qui
2427 1201 2479 1252 in
2520 1200 2605 1252 illa
2639 1200 2925 1254 festivitate
2968 1202 3283 1253 interveniat
3334 1217 3429 1269 pro

1897 1289 2068 1357 populi
2111 1291 2312 1344 delictis
2350 1306 2364 1343 :
2414 1290 2548 1341 alius
2597 1297 2770 1340 autem
2813 1288 2951 1340 aries
2996 1287 3047 1339 in
3087 1289 3189 1341 alia
3227 1288 3429 1342 festivi-

1900 1389 2005 1433 tate
2037 1394 2290 1447 :qnorum
2324 1376 2698 1432 intercessione
2747 1376 2835 1428 ﬁat
2864 1376 3160 1444 puriﬁcatio
3187 1392 3281 1445 pro
3311 1392 3432 1446 pce-

1898 1469 2047 1521 catis.
2113 1467 2259 1533 Quod
2326 1468 2369 1520 si
2440 1465 2707 1533 puriﬁeari
2776 1463 3044 1531 potuerint
3097 1465 3338 1518 homines
3396 1478 3429 1519 a

1897 1558 2157 1623 peccatis,
2186 1565 2240 1611 et
2287 1569 2405 1609 esse
2445 1554 2685 1621 puriores
2710 1593 2726 1617 ,
2774 1552 3081 1606 minuuntur
3121 1563 3175 1607 et
3218 1554 3425 1610 hostiae.

1901 1646 1955 1699 Si
1985 1649 2122 1699 enim
2160 1660 2253 1713 pro
2290 1644 2522 1711 peccatis
2564 1649 2691 1695 sunt
2722 1641 2942 1706 hostiae,
2989 1652 3042 1696 et
3068 1658 3161 1711 pro
3196 1644 3428 1697 multitu-

1898 1736 2018 1787 dine
2071 1742 2406 1803 peccatorum
2465 1730 2824 1798 multiplicatte
2882 1741 3007 1784 sunt
3061 1732 3176 1786 sine
3231 1733 3427 1800 dubio',

1897 1832 1950 1878 et
1983 1838 2079 1891 pro
2118 1823 2405 1890 exiguitate
2445 1822 2775 1874 minuuntur.
2828 1819 2996 1887 Hujus
3041 1835 3219 1878 autem
3260 1823 3335 1877 rei
3376 1825 3429 1877 in

1899 1912 2243 1979 prasentibus
2294 1910 2423 1962 locis
2462 1908 2751 1976 Scriptum
2792 1910 3044 1965 habemus
3102 1912 3297 1965 indicia
3324 1952 3339 1977 ,
3380 1912 3429 1965 id

1897 1998 2053 2067 363
2094 2007 2173 2050 est
2220 1997 2269 2067 in
2316 1996 2495 2048 ultima
2551 1995 2838 2049 festivitate
2884 1996 3243 2066 SeenOpegim,
3311 2013 3430 2053 cum

1898 2103 1991 2155 per
2023 2097 2142 2140 octo
2190 2087 2302 2138 dies
2360 2076 2829 2148 hiostia‘tjubeutur
2885 2085 3083 2139 oﬁ'erri.
3141 2087 3204 2140 Et
3263 2087 3430 2154 prima

1898 2176 2107 2241 quidem
2136 2175 2220 2227 die
2246 2174 2394 2241 quasi
2421 2174 2591 2227 adhuc
2626 2176 2676 2226 in
2698 2175 3020 2227 abundantia
3065 2185 3428 2242 peccatorum,
3468 2226 3477 2231 _

1899 2262 2296 2330 quattuordecim
2333 2261 2481 2313 vituli
2515 2260 2766 2326 jubeutur
2797 2256 2996 2313 offerri.
3047 2260 3288 2314 Secunda
3336 2275 3431 2312 au-

1901 2360 2004 2402 tem
2054 2351 2139 2402 die
2186 2349 2477 2402 imminutis
2534 2358 2714 2416 utpote
2749 2349 2980 2416 peccatis
3029 2348 3340 2401 minuuntur
3378 2357 3433 2403 et

1901 2438 2106 2501 hostiae,
2146 2445 2199 2489 et
2260 2437 2508 2513 tredecim
2560 2436 2711 2489 vituli
2761 2434 3073 2489 oﬂ'eruntur.
3126 2434 3303 2490 Tertia
3346 2435 3432 2490 die

1900 2528 2194 2589 duodecim,
2234 2536 2286 2580 et
2314 2538 2433 2595 post
2454 2528 2567 2580 haec
2594 2529 2838 2583 undecim
2874 2546 2888 2580 :
2918 2536 2969 2582 et
3003 2527 3073 2579 ita
3104 2526 3258 2595 quasi
3286 2528 3435 2593 puri-

1900 2615 2233 2669 ﬁeationibus
2280 2615 2414 2682 (29).
2468 2617 2748 2672 deficiente
2793 2633 2900 2686 per-
2932 2618 3044 2670 dies
3093 2616 3430 2670 multitudine

1900 2712 2261 2770 peccatorum,
2293 2704 2548 2757 minuitur
2575 2716 2964 2774 consequenter
2988 2705 3145 2758 etiam
3175 2721 3430 2760 numerus

1902 2792 2215 2845 hostiarum.
2255 2793 2341 2848 Sic
2369 2795 2528 2848 etiam
2558 2810 2652 2863 pro
2682 2796 3079 2863 dispensatione
3111 2794 3221 2865 ('60)
3267 2797 3429 2851 totius

1902 2880 2083 2932 mundi
2135 2881 2393 2936 rationem
2439 2879 2830 2951 puriﬁeatiouis
2857 2882 3149 2952 intelligis.
3193 2882 3433 2951 Indigent

1900 2970 2039 3021 enim
2073 2969 2462 3037 puriﬁcatione,
2513 2986 2616 3025 non
2652 2972 2820 3026 solum
2854 2986 2972 3040 qua:
3018 2973 3069 3025 in
3109 2982 3250 3026 terra
3286 2981 3433 3035 sunt,

1901 3056 1992 3109 sed
2017 3072 2133 3125 quae
2156 3058 2207 3109 in
2235 3058 2402 3112 cmlis.
2444 3058 2686 3114 Imminet
2731 3075 2960 3130 namque
2988 3069 3043 3114 et
3068 3061 3216 3114 cmlis
3260 3061 3434 3129 perdi-

1903 3143 1993 3207 tio,
2023 3144 2098 3197 sic
2125 3145 2268 3197 enim
2298 3146 2427 3199 dicit
2463 3146 2724 3215 Propheta
2746 3148 2793 3179 "'
2823 3164 2838 3201 :
2878 3165 2896 3197 ι
2924 3147 3055 3201 Coeli
3083 3149 3348 3216 peribunt,
3380 3154 3433 3200 et

1900 3247 2085 3287 omnes
2123 3242 2180 3286 ut
2205 3234 2579 3289 vestimentum
2632 3246 2961 3293 veteraseent
2984 3277 3000 3302 ,
3031 3246 3086 3291 et
3124 3239 3263 3292 sicut
3294 3239 3430 3290 ami-

1901 3327 2040 3372 ctum
2072 3320 2307 3374 involves
2333 3336 2444 3385 eos,
2476 3330 2528 3376 et
2563 3325 2926 3378 mutabuntur.
2969 3344 2987 3377 ι
3022 3324 3232 3379 Intuere
3270 3326 3433 3393 igitur

1906 3408 2065 3460 totius
2093 3409 2291 3474 mundi,
2331 3410 2382 3463 id
2418 3418 2499 3463 est
2545 3410 2836 3465 emlestium
2879 3427 2944 3466 ae
2987 3415 3317 3466 terrestrium
3371 3423 3425 3467 et

1902 3496 2229 3549 infernarum
2256 3498 2677 3565 puriﬁcationem
2710 3516 2725 3552 :
2757 3501 2876 3554 vide
2918 3503 3133 3568 quantis
3158 3502 3429 3570 indigeant
3478 3511 3486 3519 '

1905 3585 2002 3636 ista
2034 3585 2208 3636 Omnia
2234 3585 2440 3648 hostiis,
2472 3595 2698 3654 quantos
2724 3588 2998 3656 requirant
3025 3590 3238 3652 vitulos,
3263 3605 3431 3657 quan-

1909 3684 1990 3727 tos
2022 3674 2234 3739 arietes,
2265 3676 2709 3753 quantoshireos.
2754 3675 2859 3731 Sed
2904 3686 2957 3732 et
2986 3678 3037 3731 in
3076 3679 3157 3732 bis
3185 3678 3432 3731 omnibus

1905 3778 2042 3833 unus
2073 3776 2157 3816 est
2202 3778 2389 3830 agnus,
2424 3765 2513 3832 qui
2546 3766 2720 3827 totius
2768 3768 2947 3821 mundi
2996 3768 3166 3835 potuit
3219 3767 3430 3821 auferre

1904 3862 2200 3919 peccatum,
2221 3862 2275 3906 et
2302 3855 2416 3909 ideo
2445 3840 2785 3927 cessaverunt
2811 3868 3013 3911 caeteras
3044 3857 3227 3910 hostia:
3263 3872 3279 3909 :
3307 3857 3430 3926 quia

1905 3941 2023 3994 talis
2066 3940 2177 3995 hme
2228 3942 2327 3996 fuit
2379 3945 2570 4009 hostia,
2626 3958 2682 4002 ut
2741 3964 2846 4001 una
2878 3948 2988 4000 sola
3029 3946 3293 4000 snﬁiceret
3336 3961 3430 4015 pro

1905 4030 2063 4083 totius
2096 4030 2275 4083 mundi
2301 4031 2486 4086 salute.
2518 4035 2704 4101 Cameri
2753 4035 2893 4087 enim
2923 4035 3166 4102 precibus
3192 4043 3428 4101 peccata,

1903 4122 1986 4175 hic
2015 4123 2158 4176 solus
2186 4132 2443 4191 potestate
2474 4118 2691 4178 dimisit.
2728 4124 2945 4179 Dicebat
2971 4124 3111 4179 enim
3140 4125 3184 4157 ”
3215 4140 3228 4177 :
3258 4142 3277 4174 ‹
3305 4123 3425 4187 Fili,

1905 4210 2118 4262 remissa
2146 4219 2272 4263 sunt
2303 4211 2396 4266 tibi
2432 4224 2645 4281 peccata
2680 4219 2791 4265 tua.
2826 4232 2844 4264 ι
2885 4214 2973 4267 Sic
3016 4227 3142 4284 ergo
3172 4212 3428 4268 imbuitur

1882 4299 2133 4351 mundus
2155 4338 2169 4363 ,
2210 4300 2378 4367 primo
2411 4315 2506 4369 per
2538 4302 2774 4355 diversas
2808 4302 3009 4355 hostias
3060 4303 3427 4358 remissionem

1901 4400 2139 4452 quaerere
2166 4399 2523 4455 peecatormu,
2554 4389 2719 4443 donec
2746 4390 2925 4443 veniat
2953 4391 3019 4442 ad
3053 4391 3278 4444 hostiam
3305 4407 3426 4460 per-

1902 4470 2115 4538 feCtam,
2141 4476 2204 4527 ad
2231 4475 2454 4530 hostiam
2496 4488 2952 4544 consummatam,
2987 4495 3175 4548 agnum
3204 4481 3428 4533 annicu-

1901 4561 2030 4625 lum,
2089 4565 2399 4630 perfectum,
2436 4568 2524 4633 qui
2556 4568 2696 4620 tollat
2742 4579 2960 4637 peccata
2997 4571 3159 4623 totius
3194 4570 3370 4623 tuundi
3409 4588 3425 4627 :

1902 4665 1993 4718 per
2025 4667 2176 4719 quem
2203 4654 2519 4711 festivitates
2553 4670 2674 4726 agat
2697 4660 2985 4728 spiritales,
3019 4674 3123 4713 non
3163 4660 3228 4713 ad
3261 4660 3426 4721 saties

1891 4762 1943 4816 6.
1994 4767 2039 4797 ⁸⁸
2074 4765 2212 4821 Psal.
2253 4784 2345 4833 cu,
2374 4769 2462 4835 27,
2490 4771 2575 4825 28.
2648 4774 2693 4805 ³⁸
2721 4772 2903 4825 Matth.
2930 4787 3008 4836 Ix,
3029 4770 3083 4824 2.

1906 4919 1996 4971 sed
2022 4919 2293 4985 suppletur
2324 4935 2384 4972 ex
2416 4922 2661 4975 omnibus
2689 4938 2814 4977 mss.

1976 4985 2085 5056 (50)
2116 4986 2202 5056 Sic
2234 4989 2386 5041 etiam
2417 5006 2508 5055 pro
2538 4991 2916 5051 dispensatione
2937 5031 2952 5054 ,
2984 5001 3085 5044 etc.
3124 4989 3198 5042 Ita
3235 4989 3425 5043 habent

1908 5057 2061 5125 codd.
2121 5055 2446 5109 Turonensis
2497 5067 2548 5110 et
2591 5056 2948 5122 Ebroicensis,
2995 5075 3023 5110 a
3075 5058 3267 5125 quihus
3320 5074 3422 5108 non

1907 5122 2130 5175 multum
2177 5124 2377 5175 recedit
2433 5125 2598 5176 codex
2657 5125 2835 5177 Sancti
2894 5122 3243 5183 Theoderici,
3302 5126 3425 5176 asie

1906 5190 2066 5241 etiam
2115 5205 2209 5258 per
2260 5191 2704 5257 dispensationem
2758 5192 2917 5245 tutius
2948 5190 3125 5243 mundi
3167 5191 3422 5242 rationem

1905 5257 2557 5375 puriﬁeationisintellige.
2589 5277 2607 5309 ι
2658 5259 2710 5317 In
2761 5258 2911 5311 libris
2939 5271 3060 5309 vero
3089 5265 3239 5306 antea
3268 5258 3425 5309 editis

1925 5327 2096 5375 esitnr
2148 5343 2161 5375 ε
2220 5344 2238 5375 t
2289 5326 2366 5375 sic
2421 5329 2578 5375 etiam
2629 5339 2721 5375 per
2771 5324 3210 5375 dispensationem
3266 5325 3425 5375 totius

1925 5327 2096 5391 egitur
2148 5343 2161 5378 :
2220 5344 2238 5376 ι
2289 5326 2366 5379 sie
2421 5324 2578 5378 etiam
2628 5339 2721 5390 per
2771 5324 3210 5391 dispensationem
3266 5325 3425 5379 totius

1905 5390 2083 5447 mundi
2120 5396 2255 5449 ratio
2288 5407 2368 5448 eat
2411 5391 2790 5461 puriﬁcationis
2822 5402 2867 5440 Cl
2904 5390 3280 5443 intellectuum.
3329 5408 3348 5440 ι
