3838 6210
393 243 495 296 759

1769 214 2091 301 οιιιιςΕΝιεΔ

392 366 555 407 tatem
591 352 791 417 carnis,
828 351 919 406 sed
967 349 1033 404 ad
1070 347 1364 418 profectum
1395 343 1613 412 spiritus
1642 335 1921 393 sacriﬁciis
1949 339 1995 392 Α
2022 332 2086 383 ah
2112 342 2175 381 co
2202 325 2413 380 auferat
2430 335 2637 377 omnes
2668 311 3082 372 imrnunditias
3107 348 3124 373 ,
3161 305 3485 415 citiuseruat
3512 316 3621 357 eum

389 440 722 509 spiritalibus
792 439 1156 509 puriﬁcatione
1227 435 1419 489 mentis
1474 430 1683 485 oblatis.
1764 425 1923 476 Decet

390 529 532 579 enim
580 527 688 581 Dco
720 528 978 580 immolari
1030 527 1295 580 victimam
1348 521 1543 582 cordis,
1599 525 1653 569 et
1696 512 1921 568 hostiam

392 617 736 673 cuntribulati
772 617 1010 684 spiritus,
1042 631 1145 669 non
1201 614 1374 665 carnis
1395 622 1445 663 et
1479 607 1744 675 sanguinis
1769 601 1924 668 jugu—

396 704 491 757 lari
523 721 534 753 :
569 708 691 773 quia
759 723 776 756 t
803 715 851 758 et
886 706 930 759 si
983 703 1295 771 agnovimus
1343 701 1610 753 Christum
1638 695 1925 763 aliquando

397 794 686 847 secundum
714 808 964 856 carnem;
1005 791 1094 845 sed
1133 804 1272 843 nunc
1298 789 1406 857 jam
1435 802 1534 839 non
1563 786 1805 838 novimus
1835 785 1850 814 ί
1881 797 1925 845 ;›

398 893 451 936 ει
473 883 660 935 ideoin
695 881 882 948 spiritu
909 880 1045 933 diem
1088 879 1276 933 festum
1308 892 1544 945 agamus,
1577 884 1632 928 et
1667 874 1925 942 spiritalia

398 972 658 1024 sacriﬁcia
700 972 1021 1040 jugulemus.
1075 969 1196 1022 Haec
1228 983 1321 1035 pro
1368 966 1569 1020 viribus
1617 965 1815 1018 nostris
1862 965 1926 1016 de

399 1062 707 1115 divvrsitale
740 1060 1122 1114 sacriﬁciorum
1154 1057 1395 1112 discussa
1427 1057 1534 1109 sint
1556 1095 1570 1115 ,
1606 1069 1831 1122 quorum
1861 1052 1927 1106 ad

399 1148 655 1219 liquidum
685 1148 1086 1217 intelligentiam
1114 1146 1213 1199 scit
1246 1146 1353 1207 ille,
1391 1144 1475 1197 cui
1505 1144 1641 1195 nuda
1682 1153 1735 1196 et
1780 1158 1930 1194 reve-

399 1241 502 1292 lata
528 1246 647 1292 sunt
676 1238 875 1301 omnia,
904 1249 1005 1289 nec
1032 1243 1112 1287 cst
1138 1233 1241 1286 ulla
1267 1239 1508 1285 creatura
1554 1230 1605 1281 in
1641 1238 1928 1297 conspectu

399 1329 513 1397 ejus
552 1325 851 1380 invisibilis.

467 1414 522 1469 2.
566 1415 691 1467 Post
720 1415 830 1467 haec
860 1419 1101 1465 votorum
1139 1409 1221 1462 lex
1266 1407 1503 1476 ponitur,
1529 1414 1581 1459 et
1613 1419 1746 1458 novo
1786 1403 1934 1470 prin-

401 1502 542 1567 Cipio
570 1502 739 1553 utitur
770 1503 821 1553 in
848 1502 947 1553 hac
978 1496 1311 1565 legislatione
1341 1493 1531 1547 Moses.
1560 1492 1647 1545 Ait
1694 1490 1832 1543 enim
1862 1490 1883 1520 ¹
1914 1504 1930 1540 :

407 1602 425 1643 ι
452 1589 638 1652 llomo,
674 1590 832 1643 homo
861 1589 1164 1655 quicunque
1194 1582 1396 1637 voverit
1424 1589 1600 1633 votum
1637 1577 1880 1631 Domino.
1909 1595 1927 1628 ι

402 1679 529 1744 Qua:
555 1690 636 1732 est
663 1680 758 1731 ista
803 1676 1070 1744 repetendi
1112 1673 1341 1727 nominis
1381 1668 1581 1723 causa?
1624 1666 1783 1733 Quasi
1830 1680 1933 1717 tton

405 1768 670 1820 sulliceret
699 1768 913 1830 dixisse,
952 1765 1108 1817 homo
1135 1762 1222 1830 qui
1255 1759 1458 1814 voverit
1488 1766 1663 1811 votum
1694 1754 1935 1809 Domino.

405 1857 540 1922 Quid
570 1864 650 1909 est
700 1870 826 1922 ergo
876 1854 1015 1922 quod
1047 1854 1140 1916 ait,
1176 1851 1333 1903 homo
1363 1849 1542 1910 ltorno,
1600 1853 1655 1899 et
1683 1845 1810 1911 quid
1838 1840 1938 1896 sibi

412 1945 536 1998 vt-lit
590 1944 910 2013 ingeminata
966 1941 1194 1994 hominis
1248 1937 1574 2006 appellatio,
1648 1949 1751 1986 non
1812 1931 1938 1984 mihi

408 2031 617 2085 silentio
676 2031 1096 2099 przetereundum
1159 2028 1381 2080 videtur.
1448 2021 1733 2091 Apostolus
1789 2019 1942 2073 docet

409 2121 566 2171 alium
597 2134 714 2172 esse
746 2119 1056 2171 interiorem
1100 2115 1363 2169 hominem
1386 2153 1401 2177 ,
1442 2120 1493 2166 et
1524 2110 1681 2164 alium
1712 2107 1943 2162 exterio-

364 2228 373 2234 ·
409 2219 521 2263 rom
562 2226 576 2262 :
617 2219 670 2263 et
698 2209 841 2262 illum
892 2222 1010 2262 esse
1051 2207 1138 2276 qui
1196 2213 1482 2258 renovatur
1507 2203 1570 2254 de
1602 2200 1685 2254 die
1718 2200 1769 2252 itt
1801 2199 1941 2251 diem

408 2298 698 2352 secundum
749 2296 1031 2364 imaginem
1066 2294 1180 2360 ejus
1219 2293 1306 2360 qui
1349 2291 1546 2345 creavit
1592 2305 1749 2353 eum;
1801 2289 1943 2341 hunc

412 2396 538 2441 vero
567 2401 686 2441 esse
720 2385 1006 2446 visibilem,
1048 2384 1134 2450 qui
1168 2380 1529 2448 corrumpitur
1558 2377 1599 2432 ³.
1649 2377 1779 2431 Cum
1819 2391 1946 2444 ergo

410 2476 621 2528 venitur
652 2473 715 2526 ad
749 2475 902 2526 istum
926 2472 1031 2539 jatn
1063 2470 1357 2538 profectum
1381 2506 1396 2530 ,
1441 2476 1494 2519 ut
1534 2466 1613 2517 lex
1652 2465 1741 2517 Dei
1773 2463 1945 2516 susci-

410 2568 609 2633 piatur,
642 2573 695 2617 et
726 2571 842 2617 vota
871 2563 1090 2615 Domino
1113 2558 1443 2621 oﬁ‘erautur;
1477 2565 1594 2611 vota
1628 2564 1806 2607 autem
1841 2554 1946 2606 Do-

414 2656 559 2707 mino
603 2654 793 2706 oll‘erre
834 2666 985 2704 nemo
1024 2656 1218 2718 potest,
1249 2647 1349 2700 ttisi
1378 2646 1463 2713 qui
1494 2644 1649 2698 habet
1673 2642 1870 2710 aliquid
1894 2642 1947 2694 in

413 2743 699 2808 semetipso
736 2748 788 2792 et
847 2740 898 2791 in
929 2738 1220 2791 substantia
1262 2753 1354 2790 sua
1398 2735 1537 2804 quod
1574 2732 1762 2787 oﬂ‘erat
1800 2734 1944 2787 Deo:

415 2834 521 2882 non
553 2829 743 2881 sttllicit
773 2828 875 2881 iste
896 2828 1128 2879 exterior
1156 2826 1314 2879 homo
1336 2825 1502 2893 legem
1529 2824 1621 2877 Dei
1653 2823 1945 2891 suscipere,

2021 422 2086 474 ab
2117 420 2261 472 onmi
2293 417 2726 483 inquinamento
2753 408 2957 464 carnis
2989 413 3049 459 et
3084 401 3391 471 sanguinis,
3422 412 3622 454 conver-

2027 517 2166 561 tatur
2196 506 2490 572 aliquando
2514 504 2583 555 ad
2608 498 3047 570 paenitentiam,
3084 498 3313 545 revocet
3352 488 3419 543 ad
3446 503 3501 542 se
3529 501 3624 542 tne-

2023 598 2246 650 moriatn
2281 594 2398 655 Dei,
2428 600 2658 646 revocet
2686 603 2849 657 ,spem
2877 582 3111 639 salutis.
3140 578 3263 633 Non
3292 577 3432 631 enim
3458 577 3625 631 extrin-

2023 700 2181 738 secus
2229 683 2449 736 aliunde
2499 680 2802 748 qumrenda
2870 680 3052 736 sunt,
3113 669 3214 723 sed
3266 668 3407 721 intra
3445 679 3532 719 nos
3560 673 3629 720 est

2024 774 2213 827 salutis
2260 772 2506 832 occasio,
2565 768 2715 821 sicut
2760 774 2818 818 et
2884 760 3175 814 Dominus
3217 753 3633 810 dixit‘chce

2025 863 2165 917 enim
2196 875 2420 928 regnum
2451 856 2547 910 Dei
2575 858 2721 909 intra
2753 867 2858 906 vos
2892 857 3010 904 est.
3053 867 3074 898 ι
3112 846 3269 899 Intra
3303 859 3401 897 nos
3430 857 3634 910 namque

2027 961 2109 1007 est
2169 950 2553 1007 conversionis
2627 945 2889 999 facultas.
2950 941 3103 997 Cum
3165 938 3318 992 enim
3366 948 3636 990 conversus

2028 1041 2379 1112 iugemneris,
2406 1037 2590 1092 salvus
2615 1037 2750 1096 eris,
2771 1044 2830 1090 et
2869 1045 3015 1087 tunc
3050 1029 3273 1099 poteris
3307 1026 3463 1091 digne
3492 1024 3634 1078 Altis-

2020 1107 2156 1185 simo
2182 1128 2412 1181 reddere
2439 1133 2563 1179 vota
2589 1131 2705 1184 tua,
2738 1129 2797 1173 et
2820 1119 3009 1172 homo
3047 1115 3225 1166 homo
3250 1108 3521 1179 appellari.
3544 1107 3634 1160 Vo-

2023 1228 2134 1271 tum
2160 1225 2340 1267 autem
2364 1221 2468 1274 est,
2495 1225 2622 1264 cum
2649 1205 2860 1275 aliquid
2889 1204 2967 1256 tle
2990 1199 3214 1254 nostris
3232 1196 3510 1250 oﬂ'erimus
3524 1195 3634 1247 Deo.

2023 1310 2150 1363 Vult
2180 1323 2308 1378 ergo
2334 1323 2364 1358 a
2394 1305 2554 1358 nobis
2591 1303 2749 1372 prius
2784 1296 3012 1367 aliquid
3050 1293 3319 1361 accipere
3352 1289 3493 1343 Deus
3524 1288 3635 1358 (33),

2027 1407 2083 1451 et
2132 1397 2205 1450 ita
2255 1395 2415 1448 nobis
2453 1390 2661 1459 aliquid
2709 1389 2833 1458 ipse
2882 1382 3126 1454 largiri,
3179 1387 3245 1433 ut
3285 1379 3429 1432 dona
3472 1391 3558 1430 sua
3596 1383 3642 1428 et

2036 1493 2262 1533 munera
2293 1477 2638 1530 merentibus
2669 1483 2727 1525 et
2757 1486 2874 1524 non
2914 1465 3238 1522 immeritis
3276 1460 3462 1530 largiri
3488 1459 3643 1512 videa-

2037 1575 2143 1618 tur.
2182 1565 2322 1630 Quid
2386 1572 2569 1616 autem
2604 1571 2691 1615 est
2745 1559 2903 1628 quod
2958 1557 3087 1608 vult
3142 1553 3404 1620 accipere
3447 1564 3475 1601 a
3519 1548 3646 1601 nobis

2040 1656 2221 1711 Deus?
2247 1655 2382 1707 Audi
2421 1653 2725 1720 Scriptura:
2762 1645 3135 1703 sententiam
3168 1644 3231 1696 ’τ
3265 1661 3283 1693 ι
3310 1640 3376 1694 Ει
3425 1654 3553 1693 nunc
3589 1637 3646 1692 ls-

2041 1743 2171 1809 rael,
2206 1742 2336 1812 quid
2360 1740 2629 1794 Dominus
2661 1737 2807 1790 Deus
2852 1744 2998 1787 tuus
3032 1732 3226 1801 poscit
3268 1744 3300 1783 a
3352 1739 3404 1781 te
3426 1766 3442 1790 ,
3490 1726 3579 1779 nisi
3602 1733 3646 1777 ut

2041 1833 2232 1884 timeas
2271 1828 2557 1881 Dominum
2612 1824 2788 1879 Deum
2838 1830 3010 1876 tuum
3058 1827 3117 1873 et
3150 1817 3329 1888 365,
3356 1814 3583 1870 ambules
3603 1813 3649 1866 il

2040 1920 2294 1975 Omnibus
2316 1918 2420 1971 viis
2443 1914 2583 1981 ejus,
2622 1922 2681 1967 et
2714 1913 2929 1982 diligas
2967 1925 3104 1963 eum
3131 1924 3203 1963 ex
3233 1917 3350 1961 toto
3378 1908 3532 1960 corde
3556 1915 3647 1968 tuo,

2043 2018 2092 2062 et
2131 2023 2198 2062 ex
2242 2014 2351 2059 tota
2407 2004 2591 2058 anima
2627 2011 2719 2056 tua
2744 2041 2761 2065 ,
2809 2012 2872 2055 et
2924 2016 3000 2053 ex
3037 2000 3180 2053 totis
3234 1998 3444 2051 viribus
3480 1994 3647 2048 tuis?»

2046 2097 2169 2150 llaec
2191 2105 2317 2150 sunt
2347 2108 2476 2163 ergo
2503 2107 2627 2161 qua:
2657 2093 2807 2145 Deus
2835 2090 3039 2158 poscit
3065 2103 3098 2142 a
3139 2087 3329 2147 nobis.
3356 2086 3482 2153 Quae
3498 2086 3538 2138 si
3565 2099 3650 2138 non

2045 2189 2194 2256 prius
2224 2185 2538 2248 oll'eratuus,
2564 2185 2630 2236 ab
2659 2185 2782 2251 ipso
2819 2181 3199 2249 accipiemus
3243 2179 3403 2231 nihil.
3438 2176 3653 2245 Legimus
3698 2227 3707 2237 ,

2044 2287 2097 2330 ει
2130 2277 2181 2328 in
2224 2274 2329 2329 alio
2358 2273 2477 2327 loco
2508 2274 2530 2305 ⁸
2559 2288 2573 2322 :
2611 2287 2635 2324 α
2663 2272 2804 2324 Date
2865 2271 3131 2340 gloriam
3183 2268 3321 2329 Deo.
3343 2287 3363 2320 ι
3413 2275 3517 2321 etzt
3544 2265 3653 2318 Date

2047 2362 2501 2432 magniﬁcentiam
2537 2359 2671 2413 Deo.
2703 2378 2724 2411 ι
2747 2359 2810 2412 Si
2844 2358 3146 2413 dederitis
3180 2357 3438 2425 gloriam,
3462 2354 3656 2418 recipie-

2047 2454 2117 2505 tis
2143 2452 2393 2519 gloriam.
2432 2451 2526 2504 Sic
2569 2450 2723 2503 enim
2757 2449 2908 2503 dicit
2962 2450 3096 2515 ipse
3152 2446 3301 2501 Deus
3327 2447 3349 2477 '
3388 2466 3400 2499 :
3435 2442 3655 2497 «Gloritio

2047 2555 2234 2597 cautes
2264 2558 2350 2597 me
2371 2541 2714 2611 gloriticabo.
2754 2559 2776 2591 ι
2823 2539 2958 2608 Ego
2993 2554 3139 2592 vero
3182 2538 3336 2600 dico,
3376 2536 3511 2605 quod
3544 2540 3591 2588 et
3616 2531 3653 2585 si

2046 2632 2336 2707 oﬁ'eramus
2372 2632 2420 2684 ei
2449 2629 2724 2697 justitiam
2767 2637 3071 2694 nosu-am,
3108 2627 3453 2695 accipiemus
3477 2626 3538 2678 ab
3560 2623 3654 2693 ipso

2044 2721 2311 2790 justitiam
2346 2720 2464 2774 Dei.
2498 2718 2568 2772 Et
2605 2718 2654 2771 si
2687 2707 3018 2771 oﬂeramris
3062 2717 3122 2771 ei
3167 2726 3418 2770 nostram
3443 2755 3461 2774 .
3513 2711 3561 2767 id
3591 2718 3657 2765 est

2048 2812 2291 2879 corporis
2353 2811 2691 2872 castitatem,
2751 2810 3136 2877 accipiemus
3203 2808 3277 2861 ab
3347 2807 3461 2877 ipso
3528 2802 3661 2872 spiri-

419 2931 519 2970 nec
568 2925 685 2969 vota
737 2916 878 2969 solus
934 2913 1144 2976 oﬁ’erre,
1201 2930 1303 2966 non
1356 2913 1498 2965 enim
1531 2921 1701 2980 potest
1747 2911 1947 2979 aliquid

2114 2916 2137 2954 s
2182 2900 2494 2954 castitatem
2548 2897 2688 2967 (54).
2749 2897 2821 2950 Ει
2884 2898 2933 2950 si
3004 2896 3331 2952 olferamns
3383 2896 3430 2948 ei
3475 2904 3657 2948 tensum

420 3006 634 3072 dignum
687 3003 794 3056 Deo
837 3003 1031 3056 habere
1064 3019 1077 3055 :
1112 3002 1202 3055 sed
1254 3000 1342 3056 ille
1395 3001 1616 3052 interior
1653 3010 1731 3053 est
1769 3001 1948 3062 homo,

420 3093 511 3160 qui
544 3092 714 3160 magis
759 3091 919 3144 habet
957 3090 1009 3143 in
1055 3104 1112 3144 se
1163 3090 1305 3157 quod
1352 3086 1536 3140 oderat
1582 3086 1710 3138 Deo.
1770 3085 1826 3139 ln
1861 3086 1952 3141 illo

422 3194 653 3246 namque
703 3188 784 3234 est
843 3178 1196 3232 habitaculum
1224 3177 1475 3230 virtutum
1498 3216 1512 3241 ,
1547 3174 1599 3227 in
1651 3174 1741 3226 illo
1778 3175 1952 3229 omnis

424 3269 721 3323 intellectus
774 3268 1030 3330 scientiae,
1095 3269 1146 3320 in
1197 3266 1288 3319 illo
1332 3274 1409 3318 est
1463 3264 1654 3317 divinae
1706 3264 1952 3332 imaginis

426 3360 715 3412 inuevatio.
743 3358 840 3423 Qui
869 3371 987 3411 cum
1017 3357 1247 3425 speciem
1285 3364 1431 3409 suam
1454 3394 1468 3416 ,
1514 3368 1615 3421 qua
1652 3366 1715 3405 ex
1743 3353 1897 3406 initio
1924 3369 1953 3405 a

427 3447 535 3502 Deo
556 3448 725 3502 factus
747 3455 827 3502 est
850 3445 958 3515 (51)
984 3447 1394 3515 recuperaverit,
1414 3453 1467 3498 et
1494 3445 1743 3496 virtutum
1780 3445 1957 3496 redic-

398 3538 723 3606 ‘tegratione
753 3530 1194 3605 pulchritudinem
1227 3534 1419 3603 prioris
1453 3534 1635 3587 formae
1665 3532 1953 3600 receperit,

431 3639 555 3683 tunc
578 3627 684 3694 jam
725 3637 899 3697 potest
939 3634 1060 3681 vota
1093 3625 1282 3679 offerre
1313 3625 1448 3690 Deo,
1479 3632 1531 3676 et
1567 3632 1688 3676 tunc
1713 3620 1823 3688 jam
1853 3636 1955 3673 non

429 3717 590 3772 homo
623 3716 827 3782 solum,
871 3714 962 3769 sed
1010 3715 1168 3768 homo
1202 3714 1359 3766 homo
1411 3712 1632 3766 dicetur.
1686 3710 1815 3762 Nam
1866 3708 1955 3775 qui

431 3806 739 3859 interiorem
765 3804 1028 3858 hominem
1060 3817 1164 3854 non
1206 3799 1418 3864 excolit,
1464 3800 1554 3867 qui
1596 3797 1735 3851 illius
1774 3812 1956 3850 curam

434 3909 537 3946 non
574 3894 730 3962 gerit,
753 3893 840 3959 qui
876 3891 1158 3945 virtutibus
1183 3904 1301 3943 eum
1329 3904 1433 3942 non
1463 3887 1698 3951 instruit,
1726 3888 1960 3940 moribus

435 4002 537 4040 non
587 3986 832 4048 adornat,
877 3985 1070 4039 divinis
1104 3983 1522 4037 institutionibus
1569 3998 1671 4036 non
1728 3992 1959 4044 exercet,

433 4076 747 4143 sapientiam
776 4074 869 4128 Dei
900 4089 1003 4127 non
1032 4074 1241 4141 quaerit,
1295 4073 1532 4126 scientiae
1560 4071 1961 4139 Scripturarum

436 4170 651 4229 cperant
678 4179 780 4217 non
814 4165 1088 4231 impendit,
1121 4164 1209 4216 hic
1249 4179 1354 4216 non
1389 4170 1559 4231 potest
1603 4162 1763 4215 homo
1803 4162 1962 4214 homo

437 4252 562 4311 dici,
600 4255 689 4306 sed
726 4248 883 4306 homo
912 4263 1136 4317 tantum,
1186 4263 1240 4307 et
1291 4254 1448 4307 homo
1498 4251 1741 4304 animalis
1779 4269 1794 4304 :
1835 4253 1957 4317 quia

438 4337 527 4389 ille
552 4338 787 4402 interior,
815 4338 899 4393 cui
927 4341 1102 4393 verius
1119 4352 1172 4395 et
1205 4341 1428 4395 nobilius
1458 4339 1615 4395 homo
1647 4355 1832 4393 nomen
1860 4348 1960 4402 est,

439 4426 646 4491 sopitus
668 4426 719 4475 in
754 4439 816 4477 eo
847 4435 928 4478 est
950 4429 1251 4481 carnalibus
1282 4428 1421 4482 vitiis
1445 4467 1461 4492 ,
1514 4437 1567 4481 et
1595 4429 1773 4480 mundi
1808 4430 1963 4496 hujus

441 4514 585 4567 curis
610 4524 670 4563 ac
698 4511 1140 4567 sollicitudinibus
1191 4517 1447 4576 obrutus,
1497 4516 1569 4569 ita
1604 4525 1660 4568 ιιι
1695 4517 1744 4569 in
1775 4533 1838 4569 eo
1867 4532 1963 4569 nec

441 4599 671 4654 nominis
715 4599 827 4666 ejus
872 4600 1052 4653 haberi
1097 4602 1263 4668 possit
1304 4602 1583 4670 appellatio
1627 4602 1758 4673 ('52).
1822 4602 1969 4657 Unde

443 4691 574 4745 satis
613 4689 871 4758 agendum
905 4698 985 4741 est
1021 4691 1302 4758 unicuique
1330 4701 1587 4755 nostrum,
1650 4702 1706 4745 ut
1739 4693 1783 4747 si
1829 4692 1970 4748 forte

442 4781 585 4834 videt
619 4779 669 4830 in
699 4793 755 4829 se
785 4777 1086 4830 interiorem
1133 4777 1398 4832 hominem
1432 4789 1767 4847 peccatorum
1794 4783 1970 4835 surdi.

442 4870 543 4923 bus
581 4876 632 4920 et
653 4866 900 4919 vitiorqu
932 4866 1209 4921 ruderibus
1237 4882 1544 4936 oppressum
1568 4867 1750 4934 jacere
1770 4906 1784 4930 ,
1812 4869 1969 4923 citius

516 5022 594 5074 *ll
624 5019 930 5091 Cor.v,_1f5.
984 5020 1414 5091 _’Hl\'ntn.xxa,2.
1488 5020 1507 5051 ³
1538 5017 1727 5091 ll_C_or.
1770 5035 1839 5082 IV,
1874 5022 1956 5074 l6.
2025 5036 2045 5066 ἰ
2090 5020 2381 5091 Luc.xvn,
2410 5026 2505 5083 21.

1512 5091 1534 5120 ⁹
1573 5088 1590 5138 Ι
1632 5086 1756 5150 “03-
1789 5102 1835 5142 I.
1863 5091 2040 5145 "Jud.
2070 5107 2146 5144 XI.

445 5091 466 5125 ⁷
504 5093 517 5144 l
560 5091 688 5158 Reg.
731 5105 788 5150 ιι,
822 5088 907 5141 30.
980 5089 1001 5120 ⁸
1031 5089 1049 5141 l
1077 5088 1198 5144 Cor.
1235 5107 1295 5153 ιι,
1332 5088 1438 5143 ⁷16.

512 5176 625 5248 (3|)
668 5177 843 5231 Codex
884 5177 1066 5248 Sancti
1091 5176 1428 5248 Theudorici,
1472 5190 1491 5221 ι
1531 5186 1647 5238 qua:
1672 5169 1913 5248 ex_itt_itio
1941 5191 1970 5228 ιι

448 5238 556 5300 [κεἰ)
607 5249 741 5299 facta
779 5256 879 5297 est.
908 5264 926 5295 ι
989 5243 1149 5296 Paulo
1192 5257 1307 5311 post
1343 5255 1527 5295 omnes
1572 5253 1709 5311 mss.
1741 5238 1973 5311 habent,

460 5333 481 5365 ει
518 5314 955 5382 pulchritudinem
1018 5306 1208 5380 prioris
1251 5313 1470 5382 formae.
1510 5325 1525 5355 I
1601 5306 1750 5357 Libh.
1821 5308 1972 5374 editi,

463 5398 483 5429 ι
519 5379 960 5447 pulchritudinem
990 5379 1216 5447 priorem
1244 5379 1443 5447 formae.
1473 5393 1491 5424 ι

527 5438 635 5512 ['52)
675 5448 836 5501 Codd.
884 5438 1222 5502 Ebroicensis
1275 5441 1556 5512 etSaucti
1616 5438 1929 5512 Theudorici
1960 5484 1975 5507 ,

462 5508 580 5564 vita
615 5508 793 5569 utnec
849 5518 1076 5572 nominis
1126 5516 1237 5585 ejus
1279 5511 1473 5565 habere
1528 5508 1692 5578 possit
1747 5508 1978 5576 appella-

2056 2999 2320 3052 nostrutn,
2353 2989 2691 3055 accipiemus
2731 2988 2805 3041 ab
2851 2989 2991 3055 ipso
3047 3003 3289 3041 sensum
3322 2985 3520 3055 ipsius;
3546 2982 3662 3037 sicut

2052 3091 2107 3134 ει
2136 3079 2424 3148 Apostolus
2457 3079 2680 3132 dicebat
2711 3079 2734 3109 ⁸
2767 3096 2826 3132 ζι
2855 3079 2987 3134 Nos
3014 3092 3216 3133 autem
3253 3078 3464 3132 Domini
3490 3070 3660 3131 Christi

2054 3185 2269 3224 sensum
2325 3169 2611 3223 habemus.
2655 3187 2676 3220 υ
2720 3169 2868 3223 Cum
2928 3182 3141 3225 autem
3199 3184 3306 3224 nos
3345 3167 3664 3223 obtuleritnus

2058 3263 2165 3315 Deo
2192 3275 2310 3328 qua:
2340 3261 2395 3313 in
2426 3258 2583 3313 nobis
2613 3272 2767 3325 sunt,
2801 3272 2861 3314 et
2889 3261 2997 3316 ille
3022 3264 3345 3317 contulerit
3372 3264 3426 3316 in
3453 3275 3544 3314 nos
3565 3273 3661 3325 qua

2055 3367 2148 3405 sua
2180 3361 2326 3416 sunt,
2360 3358 2489 3403 tunc
2518 3364 2648 3405 vere
2668 3352 2787 3419 jam
2815 3366 2928 3405 non
2967 3354 3156 3407 homo
3192 3354 3396 3416 solum,
3424 3352 3511 3405 sed
3532 3350 3661 3404 homo

2057 3442 2220 3494 homo
2249 3441 2517 3494 dicentur.
2582 3439 2840 3507 Uterque
2898 3444 3066 3495 enim
3118 3443 3296 3497 homo
3347 3436 3661 3522 vocabulisui

2057 3529 2385 3597 perfectione
2442 3531 2702 3582 decenter
2756 3539 3015 3585 ornatus
3056 3542 3173 3586 est.
3237 3530 3349 3584 Ista
3394 3537 3518 3583 sunt
3557 3538 3662 3594 ergo

2057 3633 2201 3681 vota,
2227 3631 2346 3685 qua:
2380 3617 2542 3671 debet
2567 3616 2868 3671 exsolvere
2888 3619 2962 3683 is,
2987 3622 3096 3689 qni
3121 3620 3299 3676 homo
3330 3622 3492 3675 homo
3513 3614 3661 3685 appel-

2059 3705 2222 3759 latur.
2252 3704 2378 3758 Scio
2401 3704 2617 3758 diversa
2650 3713 2777 3758 vota
2812 3705 2871 3759 in
2902 3706 3243 3777 Scripturis
3284 3707 3497 3762 referri.
3531 3707 3663 3759 Anna

2060 3795 2274 3862 quidem
2306 3793 2451 3845 vovit
2481 3791 2594 3844 Deo
2619 3791 2873 3846 fructum
2901 3798 3141 3851 ventris
3166 3798 3286 3861 sui,
3310 3806 3368 3849 et
3397 3792 3664 3849 Samuelent

2061 3884 2400 3939 consecravit
2452 3884 2506 3935 itt
2555 3882 2763 3949 templo
2802 3884 2849 3938 ’.
2899 3885 3077 3940 Alius
3106 3927 3125 3951 ,
3184 3888 3546 3955 quodcunque
3584 3878 3666 3933 tibi

2062 3984 2181 4042 post
2244 3972 2525 4026 victoriam
2592 3974 2856 4029 redeunti
2923 3977 3300 4032 occurrisset
3346 3976 3493 4030 vovit
3546 3974 3662 4030 Deo,

2062 4071 2380 4116 occurrente
2417 4060 2561 4123 ﬁlia,
2616 4071 2747 4114 vota
2797 4062 3189 4133 lacrymanda
3251 4056 3666 4134 persolvit".Alii

2066 4153 2279 4214 vitulos,
2312 4160 2405 4203 aut
2431 4151 2658 4217 arietes,
2693 4161 2791 4204 aut
2821 4153 3038 4209 domos
3063 4197 3081 4219 ,
3116 4166 3221 4209 ant.
3253 4157 3363 4210 alia
3394 4146 3665 4223 ltujusmodi

2069 4243 2279 4296 ratione
2326 4241 2591 4303 carentia,
2628 4251 2758 4293 vota
2796 4242 3059 4297 oﬂ’ertmt
3124 4248 3270 4303 Deo.
3324 4247 3419 4299 Ille
3456 4257 3571 4296 vero
3594 4234 3669 4305 qui

2067 4331 2368 4399 appellatur
2394 4330 2710 4396 Nazarteus,
2750 4337 3143 4404 semetipsum
3185 4337 3415 4391 devovit
3438 4333 3555 4387 Deo.
3581 4328 3672 4382 lloc

2067 4432 2148 4475 est
2194 4423 2343 4475 enim
2395 4435 2580 4475 votum
2636 4421 2897 4477 Nazartei
2949 4429 3105 4494 quod
3174 4435 3268 4480 est
3330 4438 3491 4492 super
3542 4428 3673 4471 omne

2068 4520 2273 4563 votum.
2304 4511 2436 4565 Nam
2466 4512 2638 4564 lilium
2675 4511 2911 4579 oll'erre,
2972 4517 3063 4569 vel
3101 4515 3288 4569 ﬁliam
3317 4554 3333 4581 ,
3384 4523 3477 4568 aut
3516 4521 3671 4579 pecus.

2066 4608 2156 4651 aut
2193 4602 2478 4666 praedium,
2511 4603 2617 4656 hoc
2649 4610 2830 4656 totum
2861 4615 3036 4659 extra
3064 4621 3172 4660 nos
3195 4615 3308 4661 est.
3339 4605 3669 4668 Semetipsm"

2067 4687 2178 4741 Deo
2202 4685 2422 4752 elIerre,
2453 4700 2505 4744 et
2543 4706 2653 4744 tton
2702 4692 2895 4747 alieno
2926 4694 3150 4757 labore,
3180 4697 3285 4750 sed
3327 4691 3543 4764 proprio
3572 4685 3669 4754 9'3‘

2066 4790 2212 4838 cere,
2260 4777 2367 4830 hoc
2418 4788 2503 4833 est
2540 4780 2853 4845 perfectius
2913 4794 2976 4838 et
3028 4786 3392 4852 eminentius
3454 4778 3675 4834 omnibus

2071 4867 2207 4921 votis
2240 4885 2254 4920 :
2286 4872 2436 4937 quod
2490 4872 2580 4939 qui
2635 4869 2806 4937 facit,
2884 4874 3144 4929 imitator
3204 4885 3295 4929 est
3343 4870 3557 4927 Christi.
3601 4862 3677 4916 ille

2580 5029 2604 5060 ⁸
2645 5027 2807 5083 Deut.
2854 5046 2924 5095 x,
2968 5031 3064 5087 12.
3138 5031 3163 5060 ⁸
3199 5030 3411 5085 Jerem.
3453 5039 3564 5088 xm,
3599 5016 3672 5074 l6.

2075 5177 2301 5229 timtem.
2336 5195 2356 5228 ι

2301 5247 2443 5327 VM}-
2460 5269 2583 5327 "90
2608 5269 2637 5306 α
2657 5251 2817 5327 Falli:
2851 5255 3009 5327 prius
3035 5252 3247 5327 aliquid
3275 5250 3509 5315 accipere

2077 5307 2185 5366 etc.
2218 5307 2365 5372 Vide
2401 5307 2587 5381 ιιιιεῖἱὶ
2643 5307 3253 5392 Origenianorum'ltb.
3287 5337 3350 5384 ιι,
3393 5307 3578 5386 quam.
3622 5307 3667 5373 7ο

2082 5395 2379 5459 numerum
2417 5392 2600 5459 12,13
2620 5407 2674 5453 et
2704 5393 2791 5446 ιι.
3275 5456 3286 5459 _
3326 5454 3337 5459 _
3562 5446 3592 5459 μ.

2152 5450 2273 5524 (³⁸)
2306 5450 2512 5521 (Ζοιιθί
2542 5450 2730 5525 Sancti
2760 5460 3118 5522 Theudorici.
3149 5477 3168 5508 ι
3200 5454 3432 5522 spiritus
3468 5450 3667 5507 castita-

2083 5525 2278 5596 tem'f
2330 5526 2505 5593 Ubi).
2539 5539 2694 5610 editi,
2735 5551 2754 5587 ι
2779 5533 2949 5605 ipsius
2971 5531 3299 5586 castitatem.
3336 5540 3360 5574 ι
