3838 6198
194 254 288 316 ηςι

1381 259 1449 316 ΙΝ
1482 257 1810 316 NUMEROS
1846 249 2127 310 HOMILIA
2159 248 2346 305 XXIV.

3343 234 3449 289 762

224 375 345 437 enim
370 368 530 428 dedit
551 371 802 430 bomini'
835 384 1070 441 terram,
1100 389 1246 431 mare
1259 362 1280 437 ’,
1311 385 1365 430 et
1400 377 1579 430 omnia
1613 389 1730 443 quae
1754 373 1807 426 in
1843 369 1879 426 Α
1906 365 2044 420 Etsi
2099 362 2310 432 quidem
2343 345 2669 428 parvula-est
2718 338 2903 407 anima
2934 360 2989 406 et
3015 348 3164 404 initia
3194 331 3357 402 habet
3394 346 3448 401 in

230 472 292 529 eis
321 473 481 532 sunt,
509 466 581 520 ad
619 467 971 538 obsequium
1001 468 1145 523 dedit
1165 477 1216 523 et
1239 466 1459 530 C(elum,
1488 467 1651 520 solem
1674 479 1808 533 (ιιιοο

232 578 326 633 que
366 571 425 616 et
451 561 666 623 lunam,
693 575 764 616 ac
790 562 1021 627 stellas,
1058 559 1326 616 hominum
1357 558 1653 611 ministerio
1685 569 1809 607 cnn-

232 654 397 709 cessit
419 670 433 705 :
453 651 691 721 pluvias,
725 662 953 717 ventos,
986 661 1040 707 et
1072 665 1229 704 omne
1253 647 1505 717 quidquid
1536 647 1590 700 in
1618 645 1810 698 mumlo

231 752 307 795 est
349 741 683 797 hominibus
712 739 952 810 largitus
992 750 1096 794 est.
1139 738 1243 792 Sed
1294 742 1414 804 post
1455 734 1565 788 haec
1611 732 1807 796 οιῐιηίειν

232 835 596 900 semetipsum
621 832 789 885 dedit.
825 848 845 882 ι
877 829 969 885 Sic
998 829 1139 883 enim
1164 827 1344 880 dilexit
1366 824 1504 878 Dens
1538 825 1808 884 mundum,

234 933 298 974 ut
323 921 536 974 Filium
560 935 720 974 suum
750 918 1089 986 unigenitum
1113 918 1262 969 daret
1292 934 1310 966 ι
1334 928 1428 981 pro
1451 914 1628 966 mundi
1660 912 1812 978 hujus

234 1013 354 1065 vita
392 1012 462 1064 “.
497 1010 643 1076 Quid
674 1024 806 1079 ergo
833 1021 1082 1076 magnum
1109 1006 1266 1061 faciet
1291 1008 1472 1065 homo.
1501 1004 1545 1058 si
1565 1003 1815 1067 semetip-

231 1117 365 1156 sum
397 1099 601 1154 offerat
650 1099 784 1164 Deo,
817 1099 906 1153 cui
958 1098 1071 1167 ipse
1111 1111 1169 1151 se
1212 1096 1359 1164 prior
1408 1092 1598 1145 obtulit
1642 1090 1815 1144 Deus?

234 1189 304 1243 Si
339 1206 479 1259 ergo
515 1190 679 1243 tollas
714 1202 934 1243 crucem
962 1196 1129 1251 tuam,
1175 1193 1230 1239 et
1251 1182 1493 1251 sequaris
1516 1180 1811 1242 Christum,

232 1281 288 1333 si
318 1280 474 1334 dicas
507 1296 523 1332 :
561 1298 581 1330 ι
606 1277 745 1333 Vivo
766 1285 971 1342 autem,
996 1276 1103 1343 jam
1132 1289 1235 1329 non
1276 1289 1394 1342 ego,
1453 1272 1582 1324 vivit
1606 1285 1731 1324 vero
1761 1269 1812 1322 in

234 1383 336 1422 me
361 1369 620 1422 Christus
645 1369 711 1430 “,
736 1385 755 1418 ι
794 1367 843 1421 si
871 1365 1136 1421 desideret
1172 1375 1227 1419 et
1252 1365 1401 1417 sitiat
1433 1362 1606 1416 anima
1631 1369 1814 1414 nostra

232 1459 430 1512 redire
486 1465 545 1510 et
590 1469 891 1511 esse-cum
943 1455 1190 1519 Christo,
1236 1455 1372 1508 sicut
1421 1462 1476 1507 et
1527 1450 1815 1519 Apostolus

235 1545 492 1607 dicebat,
544 1553 601 1597 et
655 1542 944 1612 praesentis
974 1541 1153 1595 saeculi
1184 1556 1286 1594 non
1314 1540 1610 1594 delectatur
1637 1538 1814 1592 illece-

234 1633 382 1695 bris,
418 1643 475 1687 et
509 1633 556 1686 si
593 1645 814 1686 omnem
837 1630 1009 1699 legem
1037 1643 1153 1699 qua:
1178 1630 1245 1683 de
1268 1627 1534 1682 Nazaraais
1565 1629 1686 1681 data
1710 1637 1812 1690 est,

234 1720 572 1790 spiritaliter
598 1721 844 1789 impleat,
866 1733 992 1775 tunc
1016 1721 1380 1789 semetipsum,
1405 1719 1457 1774 id
1481 1729 1560 1773 est
1583 1718 1811 1771 animam

234 1826 424 1875 suam,
472 1812 687 1865 obtulit
728 1811 857 1864 Deo.
912 1811 1011 1876 Qui
1052 1811 1104 1864 in
1140 1809 1389 1864 castitate
1432 1808 1594 1872 vivit,
1626 1822 1818 1875 corpus

236 1917 399 1954 suum
439 1903 596 1956 vovit
628 1901 740 1955 Deo
762 1902 1058 1956 secundum
1085 1914 1205 1953 eum
1231 1902 1323 1968 qui
1356 1900 1488 1954 dixit
1519 1902 1560 1931 ¹²
1591 1899 1820 1966 :tVirgo

235 2004 423 2045 autem
455 1993 672 2061 cogitat
728 1992 1001 2060 quomodo
1034 1992 1106 2046 sit
1157 2002 1341 2046 sancta
1381 2005 1605 2059 corpore
1634 1998 1687 2043 et
1714 1989 1819 2056 spi-

238 2082 376 2136 ritu.
401 2101 423 2133 ι
472 2080 618 2135 Nam
645 2091 697 2137 et
737 2081 842 2135 hoc
869 2082 1039 2150 ipsum
1077 2082 1216 2148 quod
1243 2080 1378 2134 dixit
1411 2097 1429 2130 ι
1459 2090 1661 2139 sancta,
1690 2094 1709 2127 ι
1755 2077 1821 2130 ad

230 2169 347 2223 hoc
376 2171 610 2237 respicit
643 2184 658 2220 :
698 2170 872 2224 sancti
895 2170 1038 2223 enim
1067 2170 1320 2224 dicuntur
1343 2167 1415 2221 illi
1445 2168 1533 2235 qui
1584 2181 1641 2220 se
1664 2181 1822 2220 vove-

237 2272 375 2317 runt
401 2266 542 2318 Deo.
576 2263 737 2318 Unde
773 2273 826 2317 et
868 2264 1042 2330 aries,
1105 2265 1252 2317 verbi
1296 2278 1456 2319 causa
1512 2266 1555 2316 si
1600 2269 1823 2315 vovetur

236 2351 383 2418 Deo,
411 2364 651 2409 sanctus
684 2353 1007 2422 appellatur,
1037 2369 1195 2422 quem
1238 2354 1445 2407 tonderi
1478 2353 1544 2405 ad
1580 2367 1821 2406 commu-

236 2458 348 2495 nes
376 2457 517 2497 usus
550 2458 661 2496 non
688 2426 985 2496 licethed
1022 2450 1078 2495 et
1116 2441 1314 2494 vitulus
1338 2443 1381 2495 si
1406 2441 1628 2494 devotus
1661 2440 1824 2491 fuerit

240 2534 384 2599 Deo,
409 2542 646 2587 sanctus
677 2532 1031 2585 nihilominus
1057 2532 1375 2598 appellatur,
1417 2545 1514 2601 nec
1553 2530 1675 2582 licet
1699 2544 1821 2582 eum

230 2622 396 2691 jungi
425 2624 481 2676 in
507 2637 651 2688 opus
685 2634 993 2675 commune.
1022 2620 1098 2672 Ex
1127 2621 1190 2671 iis
1212 2635 1340 2686 ergo
1363 2618 1671 2688 colligamus
1699 2617 1821 2684 quid

236 2722 335 2763 est
366 2712 655 2764 hominem
690 2711 929 2776 seipsum
971 2723 1169 2762 vovere
1218 2708 1348 2763 Deo.
1413 2707 1467 2760 Si
1520 2714 1569 2759 te
1616 2706 1824 2759 voveris

240 2799 386 2863 Deo,
416 2798 730 2851 imitandus
774 2797 865 2851 tibi
888 2808 969 2850 est
1001 2797 1197 2849 vitulus
1220 2836 1235 2859 ,
1264 2811 1418 2862 quem
1450 2810 1554 2847 non
1580 2794 1702 2847 licet
1727 2793 1826 2845 hu-

243 2891 429 2943 manis
483 2889 753 2958 operibus
806 2887 1100 2951 deservire,
1153 2887 1282 2939 nihil
1336 2885 1513 2939 facere
1559 2883 1697 2951 quod
1754 2884 1818 2936 ad

242 2979 509 3033 homines
568 2989 628 3032 et
676 2980 746 3032 ad
798 2987 1119 3047 praesentem
1164 2979 1428 3044 pertineat
1477 2977 1663 3029 vitam.
1718 2973 1892 3030 SedC

240 3068 519 3136 quidquid
536 3069 608 3121 ad
626 3070 866 3121 animam
884 3068 1116 3136 pertinet
1134 3076 1184 3120 et
1201 3067 1263 3118 ad
1278 3066 1441 3118 divini
1458 3066 1631 3119 cultus
1648 3066 1826 3120 obser-

243 3159 519 3224 vantiam,
548 3160 658 3213 hoc
687 3168 746 3212 ct
777 3158 1043 3226 agendum
1072 3168 1125 3211 et
1150 3156 1493 3225 cogitandum
1527 3156 1618 3209 tibi
1648 3166 1750 3210 est.

321 3259 389 3313 3.
432 3261 535 3317 Sed
587 3263 817 3317 interim
861 3277 1101 3329 praesens
1129 3261 1285 3315 lectio
1323 3261 1567 3316 continet
1598 3259 1825 3315 diversi-

234 3356 399 3406 tates
435 3355 712 3422 quasdam
759 3362 1032 3406 votorum.
1089 3351 1294 3405 Etenim
1340 3353 1383 3405 si
1423 3351 1503 3404 vir
1549 3349 1709 3403 fuerit
1736 3351 1826 3418 qui

219 3442 412 3506 vovit,
447 3444 595 3498 liber
624 3457 753 3497 esse
778 3441 978 3494 dicitur
1008 3442 1061 3493 in
1088 3440 1225 3493 votis
1250 3441 1395 3504 suis,
1433 3438 1669 3504 nullique
1702 3438 1827 3491 sub-

219 3528 447 3594 iectus.
478 3533 681 3587 Mulier
709 3542 894 3586 autem
923 3531 967 3585 si
994 3540 1207 3592 voveat,
1239 3530 1284 3584 si
1313 3528 1527 3598 quidem
1564 3527 1619 3579 in
1669 3528 1827 3580 domo

240 3620 436 3684 patris
452 3625 531 3676 sui
567 3621 669 3686 sit,
704 3630 890 3675 votum
918 3622 1035 3690 ejus
1068 3622 1119 3673 in
1147 3620 1312 3688 patris
1344 3618 1535 3686 pendet
1558 3616 1781 3669 arbitrio
1810 3631 1824 3668 :

247 3716 308 3758 et
351 3709 405 3761 si
438 3716 661 3779 quidem
712 3712 805 3765 ille
830 3713 1196 3773 recusaverit,
1235 3708 1568 3764 liberabitur.
1608 3706 1663 3761 Si
1699 3721 1828 3761 vero

248 3813 367 3853 Imn
418 3807 786 3869 recusaverit,
827 3814 880 3859 et
917 3807 1030 3872 ipse
1075 3812 1129 3856 et
1168 3804 1270 3856 lilia
1309 3810 1558 3856 tenentur
1588 3799 1826 3854 obnoxii.

246 3888 417 3952 Quod
443 3899 479 3951 si
542 3906 923 3964 posteaquam
957 3910 1062 3948 non
1115 3894 1446 3947 recusaverit
1498 3902 1673 3960 pater;
1721 3907 1826 3943 non

242 3980 547 4055 reddiderit
583 3995 786 4041 votum
835 3984 966 4050 lilia,
1000 3991 1277 4051 peccatum
1307 3981 1404 4048 ipsi
1433 3988 1636 4035 manet.
1670 3978 1832 4032 Simi-

238 4066 374 4122 liter
409 4088 594 4133 autem
649 4084 715 4128 ct
770 4089 899 4142 erga
936 4073 1185 4125 maritum
1215 4071 1546 4132 decernitur,
1597 4078 1655 4122 ut
1686 4068 1730 4120 si
1777 4067 1828 4120 in

238 4156 414 4211 άοηιῦ
437 4163 634 4218 mariti
670 4176 813 4214 uxor
836 4160 1038 4228 aliquid
1068 4161 1301 4223 voverit,
1332 4169 1384 4210 et
1414 4159 1638 4211 audiens
1665 4158 1831 4210 mari-

1907 452 2297 511 eruditionihus
2348 449 2563 510 divinis,
2610 447 2725 499 haec
2765 444 2863 496 sub
2915 451 3069 510 patre
3119 452 3275 507 agere
3329 452 3452 493 cre-

1907 547 2075 601 denda
2115 551 2218 598 est.
2250 540 2304 596 Si
2335 553 2462 593 vero
2506 538 2614 604 jam
2649 533 2874 588 adultior
2926 530 3063 585 facta
3102 536 3224 591 est,
3269 528 3339 582 ita
3391 536 3449 580 ut

1908 636 2195 702 viripotens
2238 631 2307 683 sit
2337 627 2402 681 ad
2444 622 2854 691 concipiendum
2900 632 3082 673 semen
3126 615 3276 670 verbi
3329 613 3447 679 Dei,

1910 735 1963 780 et
1991 722 2243 778 doctrina:
2270 714 2527 786 spiritalis
2561 725 2755 780 capere
2785 717 3015 770 secreta,
3053 706 3166 758 hmo
3203 703 3304 757 sub
3332 702 3448 756 viro

1908 810 2078 878 posita
2102 807 2318 860 dicitur.
2383 801 2474 855 Sic
2503 800 2641 853 enim
2672 807 2726 851 et
2775 795 2970 849 Paulus
3012 791 3220 845 dicebat
3251 791 3315 843 de
3343 789 3449 843 Co-

1913 874 2125 949 rinthiis
2146 893 2188 926 "
2218 909 2231 944 :
2272 889 2434 942 «Volo
2473 896 2647 940 autem
2678 895 2865 938 omnes
2899 893 2993 933 vos
3024 878 3116 930 uni
3148 876 3264 930 viro
3288 874 3454 941 virgi-

1911 1000 2029 1039 nem
2057 991 2261 1038 castam
2282 980 2534 1034 exhibere
2564 975 2799 1029 Christo.
2831 989 2849 1023 ι
2887 970 2986 1035 Qui
3013 983 3143 1022 vero
3167 964 3456 1036 perfectio-

1914 1087 1998 1125 res
2021 1079 2144 1125 suut
2176 1079 2225 1122 et
2250 1066 2633 1121 eminentiores
2663 1064 2877 1123 horum,
2906 1059 2969 1112 de
3003 1057 3109 1111 illis
3139 1071 3241 1109 non
3262 1054 3456 1107 dieitur

1912 1165 2052 1231 quod
2091 1163 2189 1215 sub
2218 1162 2332 1213 viro
2384 1159 2513 1214 sint.
2548 1154 2640 1208 sed
2678 1151 2799 1205 audi
2856 1146 3120 1216 quomodo
3170 1145 3235 1197 de
3260 1152 3457 1231 semet~

1915 1230 2027 1320 ipso
2056 1250 2243 1317 suique
2285 1245 2550 1301 similibus
2584 1241 2893 1310 pronuntiet
2936 1237 3133 1291 Paulus
3177 1233 3264 1286 “’:
3302 1249 3323 1283 ι
3348 1230 3454 1285 Do-

1914 1354 2011 1393 nec
2035 1350 2400 1397 occurramus,
2430 1332 2620 1399 inquit,
2655 1344 2840 1383 omnes
2862 1330 2914 1381 in
2948 1327 3119 1379 virum
3138 1322 3456 1392 perlectum,

1914 1428 1968 1482 in
2003 1439 2304 1480 mensuram
2357 1421 2532 1476 aetatis
2566 1418 2926 1488 plenitudinis
2978 1414 3201 1468 Christi.
3236 1431 3255 1464 ι
3322 1409 3458 1464 Huic

1914 1530 2039 1584 ergo
2067 1515 2276 1576 animze,
2295 1525 2413 1577 quae
2438 1509 2492 1561 in
2513 1509 2683 1560 virum
2710 1503 2999 1571 perfectum
3024 1499 3281 1563 occurrit,
3298 1511 3456 1551 nemo

1914 1603 2220 1657 dominatur
2257 1600 2309 1652 in
2349 1597 2509 1661 votis,
2551 1596 2641 1649 sed
2684 1594 2845 1647 habet
2886 1598 3204 1660 potestatem
3239 1600 3456 1641 suorum

1846 1672 1886 1724 Β
1915 1691 2319 1755 libertatemque
2366 1693 2635 1739 votorum.
2686 1681 2744 1734 Si
2797 1688 2975 1733 autem
3027 1675 3238 1730 feminei
3286 1672 3458 1726 adhuc

1916 1777 2124 1846 generis
2149 1776 2308 1829 fuerit
2340 1773 2537 1836 anima,
2567 1771 2649 1823 cui
2676 1768 2758 1822 vel
2795 1768 2875 1819 vir
2898 1765 2980 1819 vel
3018 1773 3168 1833 pater
3210 1762 3457 1815 domine-

1919 1877 2003 1919 tur
2051 1868 2105 1919 in
2157 1865 2314 1929 votis,
2367 1879 2471 1917 non
2512 1873 2723 1927 semper
2759 1862 2811 1910 in
2858 1859 2972 1923 ipsa
3021 1864 3104 1908 est
3147 1851 3322 1919 culpa,
3364 1850 3455 1906 sed

1918 1955 2182 2008 interdum
2218 1953 2353 2006 redit
2385 1951 2449 2003 ad
2489 1951 2632 2002 viros
2685 1945 2767 1999 vel
2820 1953 3095 2011 parentes.
3148 1942 3221 1995 De
3264 1940 3459 2007 quibus

1921 2041 2184 2109 applicare
2210 2037 2421 2092 dimcile
2443 2037 2530 2099 sit,
2559 2040 2734 2088 tamen
2777 2046 2890 2100 quat
2943 2031 3164 2084 Domino
3198 2027 3460 2096 largiente

1919 2129 2075 2199 365
2107 2128 2397 2197 potuerint,
2449 2124 2766 2178 iul'eremus.
2798 2121 2951 2188 Saepe
2985 2119 3215 2173 diximus
3256 2116 3464 2169 anima-

1921 2232 2037 2269 rum
2065 2229 2181 2283 quae
2221 2214 2272 2265 in
2327 2210 2563 2265 Ecclesia
2605 2209 2695 2261 Dei
2726 2214 2871 2269 sunt,
2901 2220 3086 2257 curam
3122 2201 3457 2269 procuratio—

1921 2319 2146 2372 nemque
2168 2303 2352 2356 haberi
2385 2315 2481 2368 per
2498 2299 2733 2366 angelos,
2765 2309 3004 2364 quosque
3030 2293 3189 2347 etiam
3219 2291 3284 2341 ad
3319 2288 3461 2356 judi-

1922 2393 2062 2445 cium
2123 2389 2305 2443 venire
2348 2403 2467 2440 cum
2512 2384 2817 2439 hominibus
2852 2380 3184 2435 OStendimus
3226 2376 3362 2447 (36),
3400 2385 3459 2429 ut

1922 2483 2012 2535 illo
2031 2480 2208 2533 divino
2233 2486 2438 2530 constet
2468 2474 2730 2534 examine.
2762 2480 2941 2524 utrum
2966 2483 3061 2523 sua
3095 2467 3294 2521 desidia
3330 2480 3459 2532 pec-

1923 2568 2161 2623 caverint
2181 2567 2441 2630 homines,
2470 2578 2536 2616 an
2573 2562 2890 2616 monitorum
2937 2557 3318 2622 custodemque
3367 2570 3463 2609 ne-

1926 2657 2194 2726 gligentia.
2231 2656 2453 2708 Videtur
2508 2651 2637 2706 mihi
2688 2651 2849 2704 etiam
2902 2648 2954 2702 iu
2991 2648 3090 2699 hoc
3135 2645 3272 2707 loco,
3297 2644 3460 2698 etiam

1924 2746 2022 2800 sub
2055 2743 2309 2813 mysterio
2368 2740 2631 2809 designari
2663 2748 2716 2790 et
2760 2736 2995 2799 ostendi,
3030 2734 3167 2802 quod
3194 2733 3311 2785 alia:
3339 2732 3460 2798 qui-

1926 2835 2047 2889 dem
2100 2843 2159 2887 ut
2203 2833 2322 2886 filiae
2356 2832 2452 2886 sub
2500 2831 2578 2886 eis
2616 2830 2726 2898 (37)
2770 2829 2963 2881 anima:
3006 2826 3222 2893 degunt,
3257 2825 3373 2878 alite
3404 2832 3461 2878 ut

1929 2939 2123 2977 uxores
2187 2923 2474 2977 secundum
2528 2934 2589 2973 ea
2649 2934 2768 2986 quae
2811 2915 3054 2984 superius
3097 2915 3460 2969 distinximus.

1928 3011 1982 3064 Si
2009 3027 2111 3079 qua
2142 3025 2268 3080 ergo
2300 3010 2485 3062 harum
2537 3006 2726 3061 offerre
2769 3005 2969 3073 aliquid
2994 3013 3047 3057 et
3074 3016 3265 3056 vovere
3285 3001 3465 3069 cupiat

1926 3101 2052 3162 Deo,
2080 3098 2339 3166 siquidem
2376 3110 2766 3165 prmproperum
2809 3104 2864 3147 et
2893 3093 3069 3147 minus
3105 3101 3283 3160 aptum
3321 3090 3465 3159 quod

1926 3189 2088 3249 vovit,
2125 3195 2226 3250 est,
2261 3186 2404 3239 illius
2457 3195 2562 3249 est,
2617 3192 2798 3246 utpote
2831 3182 3070 3235 custodis
3095 3192 3149 3234 et
3185 3180 3465 3233 monitoris

1925 3277 2119 3346 angeli,
2148 3277 2421 3331 retrudere
2459 3283 2513 3329 et
2554 3273 2844 3337 reprimere
2889 3270 3134 3323 voveatis
3161 3267 3463 3321 audaciam.

1928 3368 1984 3423 Si
2024 3381 2149 3420 vero
2222 3365 2444 3418 audiens
2493 3377 2596 3422 non
2655 3359 2990 3426 represserit,
3036 3372 3141 3410 non
3177 3357 3465 3420 monuerit,

1927 3457 2101 3509 anima
2135 3453 2348 3522 quidem
2388 3449 2703 3505 liberabitur
2757 3463 2785 3500 a
2845 3445 3019 3512 culpa,
3059 3445 3169 3513 ipse
3193 3460 3327 3498 vero
3358 3445 3465 3498 voti

1928 3541 2165 3595 manebit
2215 3538 2496 3595 obnoxius.
2570 3536 2683 3590 iloc
2727 3533 2939 3602 quidem
2990 3538 3120 3598 erga
3176 3530 3466 3585 inferiores

1928 3646 2166 3699 quasque
2209 3630 2321 3681 lieri
2374 3626 2741 3694 accipiendum
2793 3630 2894 3685 est,
2923 3621 3328 3691 perfectioribus
3356 3620 3468 3686 ipse

1927 3721 2078 3772 adest
2117 3717 2277 3778 Deus,
2331 3715 2469 3768 sicut
2513 3713 2768 3779 scriptum
2812 3719 2891 3762 est
2920 3710 2986 3763 de
3035 3708 3227 3777 populo
3259 3706 3465 3761 lsrael:

1932 3825 1950 3857 ι
1978 3807 2228 3860 Dominus
2278 3804 2387 3871 ipse
2423 3799 2648 3855 ducebat
2694 3812 2806 3852 eos.
2843 3815 2862 3848 ι
2901 3796 3087 3851 Postea
3130 3811 3257 3849 vero
3309 3810 3467 3864 quam

1928 3897 2264 3964 deliquerunt
2327 3901 2383 3946 et
2439 3892 2716 3945 inferiores
2769 3889 3072 3957 semetipsis
3138 3887 3265 3940 facti
3313 3891 3461 3945 su'ut.

1928 3986 2115 4054 angelo
2147 3984 2443 4036 traduntur.
2475 3981 2624 4037 Unde
2655 3989 2707 4032 et
2730 3979 2935 4037 Movses
2962 3979 3174 4033 dicebat
3200 3977 3278 4032 "t
3302 3993 3322 4027 α
3357 3976 3468 4030 Nisi

1931 4085 1985 4128 tu
2011 4075 2124 4142 ipse
2153 4070 2364 4125 veneris
2413 4070 2716 4134 nobiscum,
2761 4085 2866 4123 non
2902 4083 2987 4122 me
3026 4069 3224 4121 educas
3270 4065 3413 4118 hinc.
3442 4081 3462 4116 ι

1928 4166 2033 4221 Sed
2067 4173 2121 4217 et
2152 4164 2215 4216 de
2238 4163 2383 4228 justo
2416 4161 2542 4215 dicit
2586 4160 2723 4213 Deus
2752 4160 2830 4213 “:
2860 4179 2877 4210 ι
2907 4159 3037 4213 Cum
3083 4158 3200 4225 ipso
3265 4171 3384 4209 sum
3412 4154 3465 4209 in

239 4251 329 4299 tus
381 4263 483 4306 non
550 4248 930 4310 recusaverit,
987 4262 1109 4299 reus
1159 4248 1229 4301 sit
1266 4247 1372 4298 voti
1442 4246 1642 4312 pariter
1705 4260 1816 4297 cum

1937 4254 2295 4310 tribulatione.
2335 4270 2353 4303 ι
2385 4261 2439 4304 et
2480 4250 2602 4303 alibi
2650 4250 2883 4303 dicit":
2932 4267 2949 4299 t
2994 4247 3105 4301 Non
3149 4247 3340 4301 timeas
3378 4245 3470 4299 de-

241 4349 434 4391 uxore.
500 4342 569 4395 Si
619 4352 759 4392 vero
806 4338 1164 4400 recusaverit,
1216 4346 1319 4390 tam
1348 4346 1502 4387 'uxor
1538 4335 1609 4387 sit
1641 4335 1824 4398 libera,

241 4442 411 4494 quam
447 4431 718 4483 maritus.
755 4426 815 4479 Si
855 4440 986 4478 vero
1014 4429 1253 4490 tacuerit,
1293 4434 1548 4494 uterque,
1601 4435 1657 4478 ιιι
1695 4427 1830 4478 dixi-

246 4536 393 4584 mus,
435 4538 563 4578 reus
594 4522 900 4575 habeatur.
948 4517 1071 4570 ιιωε
1097 4529 1218 4571 sunt
1245 4520 1457 4586 quidem
1486 4534 1602 4584 qute
1633 4519 1829 4585 scripta

250 4618 381 4660 sunt
426 4630 447 4663 ε.
471 4611 569 4664 sed
600 4607 862 4661 orandus
888 4614 977 4657 est
1018 4606 1166 4659 nobis
1196 4607 1332 4659 Deus
1352 4647 1366 4669 ,
1412 4616 1469 4657 ut
1507 4607 1830 4660 intellecnnn

248 4687 378 4740 dare
402 4690 664 4760 dignetur
689 4705 752 4742 se
777 4688 1037 4756 dignum,
1070 4702 1172 4754 quo
1208 4688 1340 4752 haec,
1365 4695 1422 4741 ut
1446 4688 1616 4749 decet,
1642 4688 1708 4741 de
1733 4687 1826 4741 Dei

247 4777 435 4828 verbis
457 4779 770 4848 intelligere
802 4774 1083 4842 possimus
1108 4783 1159 4828 et
1184 4777 1475 4830 advertere.
1505 4775 1701 4827 Omnes
1738 4774 1825 4841 qui

232 4861 334 4908 50b
360 4861 489 4924 lese
522 4868 622 4920 Dei
657 4863 924 4918 vivimus
945 4899 960 4920 ,
996 4868 1047 4912 et
1072 4861 1123 4912 in
1152 4862 1378 4915 Ecclesia
1407 4862 1523 4929 ejus
1551 4861 1825 4915 habemur.
1874 4886 1879 4891 ι

209 4940 376 5000 ³1ίεῖοί
420 4957 548 5010 θυι)
600 4949 924 5022 patribus,
986 4947 1140 5013 aliqui
1193 4951 1291 5002 sub
1345 4948 1473 5001 viris
1518 4948 1562 4977 ³⁸
1608 4947 1827 5015 agimus.

261 5036 306 5064 “‘
332 5031 539 5107 Ιοθη,
579 5064 679 5104 ιη,
714 5049 816 5098 ιδ.
920 5044 959 5073 ¹¹
1004 5044 1172 5099 Calai.
1208 5065 1264 5109 tt,
1291 5050 1376 5102 ΞΟ.

172 5113 359 5159 xum,
432 5122 534 5174 15.
627 5116 678 5146 ιο
712 5111 886 5163 Psal.
933 5115 1145 5173 $01.15.
1220 5116 1472 5170 "Cenes.
1506 5133 1649 5181 XLVI,
1687 5119 1739 5171 5.

159 5185 343 5277 3155).
383 5210 642 5277 _Codex
678 5200 901 5277 Sancti
942 5199 1281 5277 Theudorici,
1314 5226 1331 5257 ι
1358 5209 1521 5273 aliqui
1552 5211 1650 5263 sub
1671 5213 1836 5277 patri-

154 5265 353 5346 ξξζξνυῖί
378 5269 569 5346 ξι(ιυί
609 5268 949 5346 διιιι.κ’ἱιςίξ.
993 5270 1188 5346 t_Lih_b.
1220 5265 1369 5328 antea
1393 5265 1543 5339 editi,
1592 5295 1609 5327 t
1630 5265 1837 5346 aliquid

146 5326 383 5407 Milli-[RL
422 5326 629 5399 ﬁlms,
674 5333 921 5407 aliquid
953 5340 1060 5388 sub
1091 5339 1235 5398 viris.
1270 5361 1286 5392 ι

206 5391 319 5478 βξ)
436 5411 741 5478 Quosque.
803 5400 987 5452 etiam
1030 5407 1091 5455 ad
1109 5391 1360 5478 judicium
1406 5414 1567 5463 venire
1596 5428 1708 5465 cum
1736 5413 1833 5466 Ito.

154 5465 482 5545 ﬂtutbil-:-
501 5465 913 5545 ostendimus“.
970 5465 1264 5545 ηις-λ’νίιιθ
1314 5475 1610 5545 Origeninn.
1653 5480 1743 5534 lib.
1776 5465 1810 5535 ll

163 5544 338 5599 Q‘WSL
384 5522 794 5603 75,'itumer.
833 5532 910 5585 19
937 5545 1001 5588 ct
1030 5538 1110 5593 ἓξ),
1152 5522 1263 5530 ’””
1319 5522 1610 5545 ”’³⁷””“”’
1653 5522 1743 5534 ’··’·
1776 5522 1835 5549 --ι

1456 5052 1497 5081 ¹²
1526 5048 1542 5100 I
1577 5050 1699 5102 Cor.
1731 5066 1822 5113 vn,
1857 5054 1943 5105 54.

1928 4346 2183 4401 scendere
2212 4344 2263 4396 in
2288 4341 2864 4410 Egyptum,quoniam
2894 4348 3066 4392 tecum
3095 4352 3211 4392 ero.
3250 4354 3270 4387 ι
3303 4334 3471 4390 Iustis

1928 4448 2054 4501 ergo
2095 4441 2149 4486 et
2205 4431 2388 4485 electis
2434 4430 2546 4497 ipse
2595 4430 2747 4482 adest
2789 4428 3041 4482 Dominus
3077 4445 3091 4480 :
3127 4425 3469 4478 inferioribus

1928 4536 2056 4575 vero
2089 4521 2283 4575 adsunt
2322 4517 2518 4587 angeli,
2555 4516 2844 4570 secundum
2868 4530 2935 4592 ea
2969 4529 3088 4583 qua:
3104 4512 3348 4582 superius
3386 4511 3468 4563 di-

1929 4611 2123 4672 ximus,
2175 4606 2530 4675 gubernantes
2573 4620 2666 4658 eos
2713 4612 2767 4659 et
2814 4610 3184 4671 procurantes,
3240 4610 3469 4662 votaque

1931 4709 2114 4746 eorum
2137 4692 2423 4760 aliquando
2453 4692 2518 4743 ad
2565 4692 2882 4759 semetipsos
2932 4688 3335 4750 transferentes,
3372 4687 3471 4738 ali-

1932 4782 2142 4848 quando
2168 4795 2292 4834 vero
2315 4795 2471 4848 super
2494 4774 2635 4848 ipsos'
2660 4780 3015 4848 relinquentes
3039 4776 3171 4847 (38).
3208 4775 3310 4828 Sed
3341 4789 3470 4827 cou-

1934 4870 2147 4923 tendere
2169 4868 2423 4923 debemus
2447 4879 2503 4921 ut
2519 4883 2865 4924 occurramus
2889 4868 2941 4920 in
2966 4866 3138 4918 virum
3156 4864 3467 4933 perfectum,

1936 4963 1987 5013 in
2046 4974 2350 5013 mensuram
2382 4961 2554 5014 atatis
2601 4959 2943 5029 plenitudinis
2976 4956 3215 5020 Christi;
3257 4962 3317 5007 ut
3349 4960 3465 5005 uta-

2019 5055 2061 5085 ¹³
2096 5053 2140 5106 ll
2175 5054 2300 5109 Cor.
2342 5067 2420 5117 ιι,
2451 5052 2508 5113 2.
2606 5051 2653 5084 ⁸⁸
2688 5051 2885 5120 Ephes.
2927 5065 2999 5115 tv,
3046 5050 3133 5104 15.
3208 5045 3252 5078 "
3299 5042 3464 5097 Etet].

2007 5214 2112 5282 (37)
2142 5213 2317 5267 Codex
2368 5212 2426 5267 S.
2476 5212 2814 5276 Theodorici,
2873 5230 2891 5262 t
2945 5212 3041 5263 sub
3087 5207 3184 5262 eis.
3236 5222 3258 5257 ι
3306 5200 3463 5257 Libb.

1935 5283 2084 5341 editi.
2116 5301 2133 5333 ‹
2168 5282 2393 5347 superis.
2436 5300 2453 5332 ι

2004 5348 2499 5420 (58)Cubernantes
2528 5356 2691 5420 eos_et
2730 5351 3085 5420 procurantes,
3121 5348 3332 5420 rotisque
3375 5352 3457 5420 eo.

1937 5405 2049 5470 ruat
2082 5405 2361 5484 dliquando
2382 5419 2449 5467 ad
2462 5405 2754 5484 semetipsos
2777 5405 3460 5484 trans_[erettles,_aquuattdo

1937 5501 2051 5538 vero
2100 5472 2252 5553 super
2304 5485 2441 5547 ipsos
2476 5472 2836 5553 relinquentes.
2891 5472 3011 5553 llaec
3052 5472 3275 5529 inlibris
3304 5482 3460 5528 attica

1937 5554 2092 5610 editis
2124 5542 2652 5618 oiuissa'supplentu'r
2674 5560 2739 5599 ex
2763 5542 3007 5600 omnibus
3040 5553 3167 5595 mss.
