3838 6210
417 241 522 295 763

1858 220 2176 277 01118Εὓῗ15

3484 198 3565 252 ’161

417 374 541 413 mur
587 357 833 411 libertate
883 362 1149 417 votorum,
1190 362 1244 407 et
1298 354 1369 405 ita
1419 352 1690 404 adhaerere
1731 346 1953 401 Domino
1980 349 2025 398 A
2054 339 2212 392 Musei
2255 339 2426 403 libris,
2458 351 2603 406 quos
2642 334 2954 402 recipiunt,
2990 334 3043 380 et
3079 334 3290 392 quorum
3331 316 3566 417 auctorita-

418 448 757 508 fcstinemus,
783 455 840 499 ut
860 462 980 500 cum
1005 445 1119 513 ipso
1144 458 1279 498 unus
1302 443 1516 510 spiritus
1541 442 1727 500 simus,
1757 446 1811 489 et
1843 436 1955 501 ipse

420 536 473 587 itt
508 533 659 587 nobis
682 542 911 595 maneat,
962 543 1013 585 et
1045 547 1137 584 nos
1181 532 1231 583 in
1270 532 1383 598 ipso
1414 546 1428 592 ;
1477 537 1528 583 et
1563 528 1691 581 nihil
1722 527 1771 578 in
1804 523 1955 576 nobis

420 621 727 685 femineum,
754 622 884 674 nihil
903 620 1132 689 parvula:
1152 619 1611 685 :etatisltabeatur,
1648 631 1712 668 ne
1742 625 1955 666 necesse

421 714 492 764 sit
520 712 672 765 nobis
691 713 788 765 sub
824 711 1085 763 tutoribus
1116 719 1169 761 et
1192 708 1631 776 procuratoribus
1655 700 1952 768 derelinqui

421 818 449 853 a
485 810 634 867 patre
663 818 677 854 :
708 802 797 853 sed
853 799 1164 853 festinemus
1214 798 1399 849 audire
1436 796 1576 847 illaut
1602 810 1629 846 a
1655 793 1876 845 Domino
1903 798 1957 842 et

424 889 702 942 Salvatore
736 898 913 939 nostro
936 900 1252 952 voccm,qua
1282 885 1375 945 ait,
1401 884 1442 914 ¹⁸
1473 902 1491 933 ι
1527 884 1638 949 ipse
1661 881 1816 933 Pater
1838 879 1956 931 dili-

421 979 494 1045 git
527 992 636 1041 vos,
676 995 693 1027 »
748 977 844 1042 ipsi
874 975 1035 1043 gloria
1082 975 1131 1026 in
1174 974 1367 1026 saecula
1399 972 1728 1025 saeculorum.
1760 971 1954 1023 Amen.

947 1063 1217 1117 IIOMILIA
1263 1062 1422 1116 XXV.

610 1156 682 1209 De
712 1156 906 1208 ultione
931 1171 1043 1222 qua:
1077 1154 1131 1204 in
1164 1150 1471 1204 Madiam’tis
1500 1150 1640 1216 facta
1668 1157 1763 1200 est.

494 1246 627 1300 LIn
655 1245 1018 1312 superioribus
1061 1243 1308 1296 fornicati
1341 1251 1463 1294 sunt
1491 1240 1584 1292 filii
1636 1239 1799 1291 Israel
1834 1251 1954 1289 cum

424 1337 733 1392 mulieribus
782 1335 1221 1395 Madianitarum,
1265 1342 1316 1386 et
1353 1334 1452 1384 hoc
1487 1329 1586 1382 fuit
1648 1327 1954 1382 scandalum

426 1426 548 1478 ﬁliis
574 1424 735 1478 Israel
764 1423 815 1476 in
844 1439 948 1491 quo
970 1421 1306 1476 olienderunt
1352 1420 1510 1472 Deum
1543 1426 1594 1470 et
1622 1417 1688 1469 ad
1744 1416 1957 1469 iracun-

425 1516 565 1567 diam
614 1521 1035 1581 provocaverunt
1080 1520 1325 1564 sanctqu
1371 1507 1552 1561 lsrael.
1600 1505 1748 1559 Nunc
1777 1514 1952 1557 autem

425 1609 766 1667 posteaquam
798 1598 1011 1666 pertulit
1051 1597 1209 1650 Israel
1255 1610 1372 1663 quae
1417 1593 1634 1661 pertulit
1660 1592 1788 1660 (59),
1825 1609 1842 1641 ι
1878 1590 1955 1642 Ιο-

425 1698 580 1763 cutus
614 1700 714 1753 est,
759 1689 930 1754 inquit
960 1687 1021 1751 ¹⁹,
1056 1686 1304 1738 Dominus
1351 1685 1415 1736 ad
1452 1683 1684 1752 Moysem
1721 1681 1952 1732 dicens:

432 1776 698 1830 Ulciscere
756 1776 1008 1828 ultionem
1047 1774 1270 1826 filiorum
1324 1773 1489 1826 Israel
1522 1775 1586 1824 de
1630 1769 1952 1828 Madianitis,

426 1872 479 1916 et
505 1863 568 1914 ad
591 1863 831 1914 ultimum
871 1862 1151 1928 apponeris
1196 1860 1261 1912 ad
1292 1859 1541 1927 populum
1581 1868 1750 1908 tuum.
1791 1872 1810 1904 ι
1849 1852 1957 1920 Igi-

426 1953 568 2018 gitur
606 1951 850 2004 scandala
888 1964 1004 2016 qua:
1049 1949 1353 2002 acciderant
1393 1946 1664 2010 Israelitis,
1704 1944 1958 2012 quoniam

432 2043 868 2111 tergiversatione
893 2040 1298 2095 Madianitarum
1316 2040 1619 2093 acciderant
1647 2056 1659 2091 :
1684 2039 1784 2105 ipsi
1814 2036 1957 2090 enim

427 2134 854 2188 subornavernnt
923 2134 1169 2188 mulieres
1226 2148 1344 2200 qua:
1390 2147 1482 2185 eos
1528 2133 1837 2198 deciperent
1903 2140 1960 2185 ut

429 2229 710 2288 pecearent
740 2236 918 2275 coram
969 2222 1223 2284 Domino;
1256 2221 1329 2272 illi
1381 2220 1590 2287 quidem
1616 2234 1713 2287 pro
1741 2228 1960 2288 peccato

428 2325 526 2363 suo
574 2310 907 2378 pertulerunt
949 2311 1259 2373 vindictam,
1312 2309 1633 2363 mediocrius
1688 2318 1863 2362 tamen
1907 2318 1962 2362 et

428 2400 674 2466 parcius;
727 2400 779 2452 hi
809 2414 954 2459 vero,
1002 2401 1091 2466 qui
1136 2399 1212 2452 eis
1240 2398 1456 2451 fuerunt
1489 2413 1649 2451 causa
1682 2397 1956 2465 peccandi,

429 2486 598 2540 multo
626 2486 1003 2540 vehementiori
1030 2484 1306 2552 subiacent
1342 2485 1549 2537 ultioni.
1583 2484 1736 2539 Unde
1770 2485 1961 2537 edoce-

428 2589 568 2634 mur,
597 2576 722 2643 quia
779 2575 934 2643 longe
960 2575 1028 2628 sit
1067 2575 1282 2643 gravius
1319 2574 1438 2626 aliis
1467 2588 1685 2627 causam
1717 2575 1961 2641 praebere

430 2664 658 2732 peccati,
687 2677 844 2729 quam
869 2663 1036 2730 ipsum
1073 2676 1500 2730 unumquemque
1533 2676 1785 2726 peccare;
1819 2662 1961 2714 sicut

429 2762 486 2806 et
507 2750 760 2804 Dominus
808 2751 1051 2816 designat
1109 2764 1226 2801 cum
1278 2748 1408 2802 dicit
1436 2748 1501 2809 "’,
1557 2749 1677 2815 quia
1719 2767 1737 2799 ‹
1774 2749 1962 2803 melius

430 2841 606 2893 fuerat
639 2838 839 2893 homini
874 2839 945 2891 illi
978 2852 1080 2890 non
1127 2838 1293 2900 nasci,
1326 2846 1417 2889 aut
1449 2838 1640 2888 molam
1668 2839 1958 2891 asinariam

2057 442 2162 483 tem
2212 429 2477 492 fatentur,
2535 422 2929 480 convincendi
2970 423 3172 471 suntet
3212 408 3427 470 curandi,
3452 407 3487 460 si
3512 416 3571 458 ta-

2055 537 2174 575 men
2205 530 2420 589 opt-rtet
2453 516 2831 587 Babyloniam
2857 510 3063 566 curari.
3096 507 3182 558 Est
3204 514 3321 569 ergo
3364 497 3483 589 locus
3505 496 3571 550 ltic

2056 608 2510 663 resurrectionem
2563 616 2930 657 mortuorum
3002 595 3274 651 evidenter
3325 588 3575 640 ostendens.

2058 700 2307 766 Designat
2328 699 2477 749 enim
2509 706 2640 748 esse
2673 692 2969 760 pupulum,
2998 686 3082 739 cui
3116 690 3230 751 post
3253 678 3433 732 obitum
3458 687 3576 766 suum

2057 760 2266 850 Moyses
2287 779 2671 848 adjungendus
2702 779 2805 841 sit,
2840 787 2897 831 et
2927 774 2995 827 ad
3021 786 3156 843 quos
3184 782 3280 838 pro
3293 764 3393 821 suis
3420 760 3582 816 meritis

2059 873 2494 927 transferendus.

2123 965 2180 1017 2.
2222 982 2241 1014 ι
2267 963 2401 1016 Post
2426 963 2545 1015 haec
2580 962 2810 1014 loeutus
2847 968 2935 1012 est
2968 955 3181 1023 Moyses
3212 952 3274 1006 ad
3296 948 3593 1022 populumdi-

2057 1064 2187 1104 cens
2210 1065 2224 1103 :
2249 1052 2479 1104 Armate
2494 1067 2560 1103 ex
2587 1051 2746 1102 vobis
2770 1048 2952 1107 viros,
2978 1057 3033 1098 et
3052 1044 3349 1111 belligerate
3363 1040 3589 1093 adversum

2059 1141 2290 1204 Madian,
2310 1141 2540 1193 reddere
2553 1140 2867 1192 vindictam
2888 1140 2942 1190 in
2959 1136 3170 1189 Madian
3190 1148 3217 1184 a
3241 1130 3471 1185 Domino:
3488 1129 3597 1184 mille

2056 1248 2122 1286 ex
2156 1232 2319 1294 tribu,
2351 1239 2406 1283 et
2435 1229 2584 1283 mille
2610 1244 2678 1282 ex
2716 1228 2896 1290 tribu,
2927 1242 2995 1280 ex
3026 1223 3276 1278 omnibus
3305 1221 3518 1273 tribubus
3540 1218 3597 1270 ls-

2060 1323 2166 1389 rael
2185 1321 2382 1374 mittite
2401 1320 2465 1371 ad
2491 1318 2944 1386 belligerandum
2976 1315 3047 1367 “.
3085 1332 3105 1365 ο
3135 1310 3393 1365 Attendite
3407 1308 3596 1365 lectioni.

2056 1413 2172 1467 Non
2210 1411 2384 1465 solum
2413 1412 2561 1464 enim
2602 1409 2671 1461 ad
2697 1410 2960 1462 auditum
2979 1418 3310 1464 sermonum,
3341 1403 3425 1455 sed
3451 1400 3506 1452 ad
3532 1414 3600 1453 re-

2057 1516 2174 1555 rum
2196 1498 2698 1554 considerationem
2717 1494 3100 1550 intendendus
3120 1500 3200 1545 est
3215 1488 3430 1543 animus.
3448 1488 3605 1540 Recor-

2061 1591 2190 1643 dare
2213 1589 2379 1659 366
2402 1587 2703 1656 praeterita,
2726 1587 2865 1640 audi
2883 1582 3208 1654 prmsentia,
3230 1595 3345 1647 qua:
3362 1584 3608 1644 sequuntur

2061 1682 2305 1735 adverte.
2338 1678 2545 1732 Confer
2568 1677 2755 1746 priora
2798 1674 3237 1744 posterioribus,
3270 1681 3324 1723 et
3359 1668 3608 1720 divinarum

2056 1768 2317 1822 virtutum
2351 1765 2830 1833 magnificentiam
2891 1760 3293 1828 contemplare.
3339 1757 3447 1810 Filii
3483 1752 3610 1806 Israel

2058 1858 2258 1910 dudum
2317 1862 2577 1908 sexcenta
2628 1853 2805 1906 millia
2873 1851 3106 1905 fuerant
3166 1842 3611 1912 armatorum,qui

2059 1951 2436 2014 processerant
2485 1944 2787 1995 adversum
2841 1939 3100 1999 Madian,
3144 1947 3200 1991 et
3248 1937 3302 1989 hi
3331 1950 3496 1989 omnes
3515 1930 3613 1985 victi

2058 2044 2204 2094 sunt.
2239 2033 2498 2102 quoniam
2535 2041 2834 2101 peccatum
2872 2040 3002 2084 erat
3051 2031 3107 2082 in
3157 2029 3311 2095 ipsis.
3349 2024 3485 2077 Nunc
3514 2036 3614 2076 vero

2059 2126 2293 2178 victores
2322 2124 2656 2183 Madiauitte,
2686 2123 2783 2190 qui
2819 2131 3101 2175 sexcenta
3141 2118 3309 2172 millia
3332 2116 3614 2184 fugaverant,

2059 2215 2350 2267 vincuntur
2379 2228 2407 2263 a
2443 2212 2742 2265 duodecim
2797 2210 3081 2272 millibus,
3124 2218 3182 2259 ut
3217 2208 3356 2261 scias
3396 2200 3507 2274 quia
3533 2217 3616 2257 non

2061 2302 2111 2353 in
2140 2299 2500 2361 multitudine,
2525 2312 2627 2351 nec
2662 2297 2715 2348 in
2736 2310 2987 2349 numero
3018 2294 3257 2347 militum
3286 2291 3443 2345 vincit
3464 2286 3618 2349 Israel,

2032 2390 2152 2443 ’sed
2181 2388 2391 2454 justitia
2416 2398 2471 2439 et
2494 2388 2670 2455 pietas
2700 2393 2787 2438 est
2821 2385 2882 2436 in
2919 2385 3007 2437 eis
3039 2398 3162 2448 qua:
3184 2380 3364 2435 vincit.
3384 2378 3620 2445 Propterea

2058 2478 2291 2547 denique
2321 2486 2375 2531 et
2422 2478 2475 2529 in
2512 2475 3022 2530 benedictionibus
3055 2487 3252 2527 eorum
3303 2470 3482 2526 dicitur
3521 2466 3618 2535 quia

2058 2569 2101 2621 si
2137 2567 2474 2622 servaverint
2509 2566 2688 2635 legem
2742 2565 3008 2631 Domini,
3056 2580 3204 2619 unus
3228 2579 3296 2617 ex
3334 2562 3454 2628 ipsis
3474 2570 3622 2627 perse-

2058 2666 2257 2726 quatur
2284 2657 2453 2719 mille,
2479 2664 2533 2709 et
2566 2657 2674 2709 duo
2713 2666 2955 2709 vertant
2988 2659 3188 2712 decem
3221 2654 3386 2708 millia
3408 2652 3469 2707 ".
3496 2648 3625 2704 Videt

2058 2762 2189 2812 ergo
2235 2747 2361 2814 quia
2414 2746 2592 2799 mulio
2631 2748 2758 2815 plus
2799 2748 2967 2802 valet
3003 2763 3153 2801 unus
3200 2755 3413 2799 sanctus
3438 2738 3623 2801 orando,

2059 2852 2218 2906 quam
2254 2846 2571 2905 peccatores
2605 2838 2895 2892 innumeri
2940 2839 3271 2907 prwliaudo.
3298 2834 3472 2891 Oratio
3489 2828 3625 2885 sancti

430 2928 636 2996 alligari
690 2931 831 2983 circa
893 2930 1084 2983 collum
1111 2930 1244 2995 ejus,
1284 2936 1335 2980 et
1389 2927 1705 2994 prmcipitari
1744 2928 1794 2979 iu
1835 2943 1960 2994 pro-
1988 2940 2030 2997 ο
2064 2935 2309 2993 penetrat
2367 2926 2587 2978 cadum.
2628 2927 2936 2990 Quomodo
2981 2942 3096 2980 non
3150 2936 3206 2980 et
3247 2926 3448 2978 hostem
3477 2921 3625 2972 vincat

431 3017 651 3069 fundum
682 3020 861 3081 maris,
923 3033 1081 3085 quam
1124 3024 1179 3068 ut
1227 3014 1550 3067 scandalizet
1581 3032 1741 3067 unum
1780 3019 1843 3068 de
1871 3032 1961 3083 pu-

431 3106 561 3160 sillis
592 3107 725 3160 istis.
760 3127 779 3157 ι
820 3107 1091 3174 Simulque
1137 3107 1512 3159 advertendum
1566 3115 1668 3167 est,
1711 3108 1960 3172 quoniam

431 3198 641 3263 quidem
673 3211 859 3249 nomen
901 3197 1134 3249 scandali
1169 3211 1198 3248 a
1237 3194 1500 3248 nonnullis
1535 3195 1963 3261 incompetenter

431 3288 794 3352 praesumitur.
854 3286 982 3339 Illud
1035 3288 1194 3355 igitur
1243 3285 1551 3339 scandalum
1597 3286 1817 3345 dicitur,
1870 3286 1959 3340 ubi

432 3384 579 3427 recto
636 3376 827 3429 itinere
874 3376 1161 3429 ambulanti
1204 3380 1442 3445 deceptio
1468 3379 1645 3447 aliqua
1683 3379 1964 3430 instruitur

433 3465 497 3516 ad
545 3466 888 3530 peccandum,
939 3475 992 3517 et
1038 3466 1314 3532 subjicitur
1344 3483 1502 3520 causa
1549 3469 1784 3535 peccati;
1822 3467 1962 3519 sicut

432 3563 481 3605 et
518 3553 827 3620 Madianitae,
867 3555 1258 3609 ambulantibus
1297 3557 1347 3609 in
1374 3559 1488 3625 lege
1520 3557 1725 3610 Domini
1753 3558 1963 3612 Israeli-

435 3643 522 3706 tis,
571 3653 625 3696 et
673 3646 1088 3698 custodientibus
1149 3649 1487 3711 castitatem,
1539 3648 1965 3702 subornaverunt

433 3732 707 3796 mulieres,
739 3749 857 3801 quae
898 3750 990 3787 eos
1016 3735 1319 3802 deciperent
1353 3736 1416 3787 ad
1442 3739 1791 3804 peccandum.
1821 3739 1962 3791 Cau-

432 3836 546 3876 sam
580 3837 708 3890 ergo
762 3825 995 3891 praebere
1046 3825 1270 3892 peccati,
1310 3827 1408 3878 hoc
1459 3834 1540 3879 est
1571 3828 1959 3881 scandalizare.

435 3912 813 3966 Verumtamen
864 3915 1019 3967 datur
1051 3915 1305 3980 vindicta,
1333 3916 1425 3968 sed
1470 3916 1635 3968 nmlto
1666 3918 1881 3983 gravior
1911 3918 1961 3969 in

434 4015 526 4054 eos
551 4003 637 4068 qui
706 4003 1215 4066 scaudalizaverunt,
1271 4013 1323 4057 et
1360 4006 1449 4072 qui
1495 4019 1709 4057 causam
1759 4008 1964 4074 peccati

436 4092 791 4156 prazbuerunt,
831 4106 987 4159 quam
1040 4093 1091 4144 in
1133 4107 1224 4146 eos
1256 4095 1345 4161 qui
1382 4104 1750 4162 peccaverunt.
1796 4094 1964 4149 Simul

438 4185 616 4229 autem
650 4187 705 4231 et
755 4179 881 4232 illud
937 4182 1186 4245 observa,
1232 4184 1369 4250 quod
1412 4183 1477 4236 iis
1505 4184 1765 4250 subjecit:
1805 4203 1822 4235 ι
1862 4185 1965 4239 Νο-

439 4264 654 4318 vissime
670 4277 867 4331 autem,
893 4269 1153 4337 inquit'“,
1182 4283 1234 4326 et
1255 4284 1306 4324 tu
1321 4273 1598 4341 apponeris
1624 4274 1687 4325 ad
1719 4276 1962 4341 populum

439 4360 608 4406 tuum.
648 4373 667 4405 ι
704 4356 757 4408 Si
788 4360 998 4424 quando
1028 4360 1179 4415 nobis
1202 4376 1319 4414 cum
1360 4362 1641 4415 Samaritis
1663 4378 1836 4415 sermo
1863 4375 1964 4425 est,

441 4444 687 4510 quoniam
713 4447 922 4511 quidem
954 4452 1390 4505 resurrectionem
1408 4460 1730 4505 mortuorum
1756 4461 1964 4520 negant,

444 4546 541 4585 nec
565 4534 822 4602 recipiunt
844 4535 1003 4589 futuri
1029 4541 1209 4593 surculi
1248 4541 1427 4607 ﬁdem,
1463 4554 1841 4610 perurgeamus
1873 4557 1965 4596 eos

441 4636 509 4673 ex
558 4621 623 4672 iis
671 4623 865 4683 verbis,
920 4625 1111 4689 quibus
1155 4627 1404 4683 Dominus
1439 4630 1566 4683 dicit
1598 4630 1661 4681 ad
1705 4630 1963 4698 Moysem,

440 4710 562 4778 quia
599 4720 891 4776 apponatur
923 4714 985 4765 ad
1011 4716 1251 4781 populum
1268 4732 1459 4794 ⁸ειιιιιιι.
1506 4717 1669 4772 Nemo
1704 4722 1842 4772 enim
1873 4735 1966 4787 ap-

441 4795 654 4862 ponitur
704 4797 768 4849 ad
816 4811 926 4861 eos,
978 4802 1066 4867 qui
1100 4818 1200 4855 non
1247 4814 1387 4858 sunt.
1415 4803 1564 4858 Unde
1596 4816 1806 4859 constat
1851 4823 1967 4861 esse

443 4887 672 4953 aliquem
705 4889 979 4955 populum,
1011 4892 1093 4944 cui
1120 4893 1325 4964 Moyses
1376 4905 1494 4964 post
1522 4896 1645 4948 vitae
1673 4896 1827 4964 hujus
1846 4899 1966 4950 exi-

444 4986 557 5028 tum
591 4975 781 5028 dicitur
800 4979 1164 5045 applicandus.
1209 4984 1339 5049 Quia
1386 4999 1513 5051 ergo
1565 4984 1835 5051 prophetis
1860 5001 1961 5038 non

441 5064 667 5117 credunt
704 5062 1004 5131 Samaritae,
1028 5084 1091 5121 ex
1123 5075 1314 5137 quibus
1346 5077 1523 5137 posset
1559 5072 1966 5124 resurrectionis

442 5161 771 5206 mortuorum
828 5154 989 5210 latius
1034 5159 1163 5213 ﬁdes
1219 5158 1526 5227 approbari,
1578 5158 1741 5210 exiis
1773 5159 1962 5213 saltem

509 5326 553 5357 "
575 5324 727 5377 Joan.
751 5337 857 5384 xvr,
879 5322 967 5374 27.
1040 5321 1081 5353 "
1109 5318 1273 5373 Num.
1300 5313 1524 5384 χχχιιι
1551 5313 1602 5384 2.

513 5478 618 5546 (59)
645 5477 767 5539 Quir
800 5478 1021 5544 pertulit.
1057 5477 1230 5532 Codex
1266 5471 1430 5527 sancti
1461 5469 1793 5533 Theudorici,

1678 5311 1722 5343 ’⁸
1752 5312 1911 5365 Marc.
1940 5331 2027 5368 xtv

438 5388 488 5424 ⁸³
513 5390 682 5445 Levit.
718 5381 857 5443 xxvr.
931 5389 976 5421 “
999 5389 1192 5458 Ephes.
1224 5402 1296 5449 vr,
1327 5385 1410 5443 M,
1442 5381 1526 5442 I6,
1556 5383 1639 5433 I7.
1714 5382 1757 5412 "
1786 5381 1923 5434 Psal.
1958 5400 2027 5438 xx

2063 3014 2115 3066 in
2152 3013 2357 3066 terris?
2394 3013 2459 3065 Et
2490 3012 2612 3066 ideo
2652 3015 2994 3069 unmimode
3031 3015 3361 3077 studendum
3401 3020 3475 3066 est
3515 3020 3629 3076 qut-

2063 3117 2183 3155 rere
2238 3103 2413 3169 primo
2462 3111 2520 3155 et
2559 3103 2853 3155 custodire
2908 3105 3197 3171 justitiam
3262 3105 3374 3157 Dei.
3427 3096 3627 3166 Quamsi

2061 3191 2360 3243 obtinueris
2411 3198 2467 3245 et
2536 3192 2890 3258 servaveris,
2949 3209 3155 3249 omnes
3210 3195 3306 3248 tibi
3350 3193 3515 3246 hostes
3538 3186 3627 3254 ipsa

2063 3280 2313 3346 subjiciet
2345 3295 2359 3331 :
2390 3282 2435 3334 si
2480 3280 2655 3334 fueris
2710 3281 2981 3349 indutus,
3022 3287 3175 3339 sicut
3204 3284 3480 3353 Apostolus
3506 3278 3623 3333 dicit.

2062 3370 2285 3422 loricam
2314 3371 2560 3438 iustitiae,
2602 3381 2658 3425 et
2685 3373 2999 3431 accinctus
3034 3378 3350 3437 veritatem,
3380 3374 3422 3425 si
3458 3369 3626 3436 galeam

2063 3460 2251 3512 salutis
2271 3463 2570 3527 acceperis,
2596 3473 2653 3516 et
2684 3464 2944 3532 gladium
2972 3469 3236 3536 spiritus,
3267 3477 3321 3520 et
3352 3472 3469 3517 ante
3490 3457 3628 3513 omnia

2064 3563 2271 3603 scutum
2335 3550 2481 3615 fidei,
2528 3553 2724 3622 inquo
2760 3560 2958 3625 possis
3009 3560 3203 3613 omnia
3238 3556 3414 3624 jaeula
3457 3546 3630 3613 maliglli

2064 3641 2225 3710 ignita
2256 3643 2606 3711 exstinguere
2633 3646 2702 3699 “.
2734 3648 2980 3703 Talibus
3000 3651 3157 3703 enim
3194 3651 3483 3703 instructus
3501 3638 3633 3694 armis

2065 3732 2308 3785 universa
2343 3733 2615 3787 diabolica
2666 3747 2891 3804 castra,
2935 3754 3286 3808 omnemque
3318 3722 3431 3806 ejus
3459 3731 3631 3802 Ῐυειὶιίῖ

2064 3823 2386 3886 exercitum,
2434 3834 2483 3878 et
2537 3841 2665 3877 eum
2724 3827 2940 3883 fiducia
2987 3830 3252 3884 cantabis
3284 3830 3328 3860 ”
3360 3849 3373 3883 :
3407 3844 3428 3880 ι
3458 3825 3507 3878 Si
3535 3836 3634 3875 coro

2065 3914 2260 3966 sistant
2287 3912 2579 3967 adversum
2611 3931 2699 3969 me
2727 3929 2950 3981 castra,
2979 3935 3095 3973 non
3111 3920 3328 3972 timebit
3353 3932 3441 3971 cor
3461 3922 3633 3971 meum;

2066 4004 2109 4055 si
2155 4007 2399 4070 insurgat
2429 4006 2597 4057 inme
2634 4006 2916 4075 prmlium,
2955 4010 3014 4063 in
3077 4013 3192 4065 hoc
3233 4027 3341 4080 ego
3368 4008 3586 4079 sperabo.
3616 4023 3631 4055 ι

2069 4096 2504 4162 Congrcdiuntur
2532 4111 2666 4164 ergo
2704 4098 3008 4154 duodecim
3053 4104 3229 4157 millia
3259 4105 3525 4156 adversum
3544 4096 3625 4151 la-

2070 4186 2326 4247 dianitas,
2364 4204 2382 4235 ι
2421 4196 2474 4239 et
2504 4188 2882 4255 inlcrftciunt,
2944 4193 3140 4256 inquit
3190 4196 3261 4258 “,
3292 4208 3445 4246 omne
3466 4201 3638 4242 mascu-

2070 4276 2231 4325 linunt
2282 4290 2471 4327 eorum
2533 4286 2590 4329 et
2645 4294 2811 4348 reges
2861 4296 3096 4347 eorum,
3149 4294 3206 4337 et
3263 4282 3471 4335 Balaam
3501 4276 3635 4331 ﬁlium

2066 4363 2202 4415 Beor
2264 4364 2669 4418 interfecerunt
2719 4368 2910 4437 gladio
2955 4386 3092 4424 cum
3130 4373 3364 4438 reliquis
3387 4366 3636 4423 vulneratis

2064 4465 2274 4503 eorum.
2312 4469 2331 4502 ι
2368 4452 2521 4516 Quod
2571 4454 2625 4506 in
2664 4458 3063 4524 superioribus
3110 4464 3504 4526 quaerebamus,
3528 4468 3636 4524 quo-

2068 4537 2225 4590 modo
2256 4538 2322 4590 de
2350 4539 2661 4606 Scripturis
2695 4546 2934 4610 probari
2981 4547 3174 4612 possit
3208 4546 3425 4600 Balaam
3453 4542 3637 4599 consilio

2068 4627 2390 4681 subornatas
2422 4642 2543 4682 esse
2571 4632 2844 4688 mulieres
2887 4634 3353 4700 Madianitarum,
3387 4651 3496 4703 qua:
3524 4632 3640 4686 deci-

2069 4727 2258 4784 perent
2321 4717 2459 4770 filios
2500 4717 2675 4773 Israel
2727 4724 2798 4775 ad
2853 4723 3278 4791 fornicandum,
3318 4740 3534 4794 prmsens
3571 4722 3639 4775 hic

2073 4806 2372 4874 Scriptor-ae
2400 4810 2548 4861 locus
2575 4812 2875 4867 evidenter
2908 4818 3183 4883 ostendit,
3206 4819 3390 4871 dicens
3415 4831 3521 4870 eum
3543 4823 3639 4880 pet-

2071 4907 2315 4962 emptunt
2377 4913 2497 4951 esse
2567 4901 2803 4970 gladio,
2868 4905 3020 4958 velut
3074 4917 3355 4961 auctorem
3412 4901 3633 4965 scandali,

2072 4988 2212 5052 quod
2239 4988 2676 5067 immissumest
2752 4997 2882 5050 Iiliis
2936 4995 3134 5050 Israel.
3171 4997 3382 5051 Dicitur
3407 4992 3637 5049 autentde

2070 5087 2156 5136 eo,
2193 5087 2249 5128 et
2278 5077 2332 5130 itt
2358 5082 2728 5147 sequentibus
2747 5087 2923 5142 adhuc
2944 5083 3263 5141 evidentius
3289 5087 3388 5142 hoc
3408 5088 3546 5142 modo
3567 5081 3631 5136 ’τε

2077 5178 2097 5211 ι
2133 5162 2202 5217 Ει
2236 5169 2320 5221 ait
2348 5172 2415 5226 ad
2436 5186 2529 5226 eos
2552 5172 2790 5249 Moyses
2817 5198 2833 5237 :
2859 5180 2963 5234 Cur
2992 5177 3182 5231 vivam
3216 5179 3519 5234 reservastis
3538 5188 3635 5227 om-

2034 5319 2166 5409 121,
2200 5331 2431 5409 etuLuc.
2461 5355 2599 5406 xvn,
2635 5344 2689 5400 1.
2771 5349 2817 5381 ²¹
2841 5342 2989 5409 Num;
3009 5354 3172 5409 χχιι,
3201 5346 3257 5399 2.
3329 5347 3371 5377 ¹²
3396 5345 3510 5399 ibid.
3528 5343 3636 5409 ΞΑ.

2031 5404 2081 5452 v,
2116 5393 2172 5447 5.
2255 5403 2305 5435 η
2337 5407 2503 5464 Num.
2735 5419 2794 5484 7,
2943 5406 2983 5436 "’
3009 5393 3180 5466 Nam:
3204 5393 3344 5477 alia,

1829 5491 1844 5517 ι
1878 5487 1997 5539 (ιιιῶ
2029 5493 2131 5545 pro
2161 5486 2315 5550 facto
2348 5517 2451 5558 suo
2484 5509 2694 5566 meruit
2728 5501 2952 5585 perpeti-
2984 5513 3001 5543 ⁹
