3838 6226
1531 328 1600 384 IN
1638 326 1962 386 NUMEROS
1992 323 2269 379 HOSIILIA
2299 320 2461 376 XXV.

256 425 725 527 rer-ninam?
789 426 975 499 Ipsae
1050 442 1221 496 enim
1264 455 1413 508 sunt,
1458 463 1579 516 qua:
1622 428 1756 502 ﬁlios
1798 445 1955 501 Israel
1985 448 2027 504 Α
2057 459 2183 511 ergo
2207 441 2331 508 quia
2391 448 2493 490 tam
2528 434 2961 495 Israeliticorum,
2998 445 3151 499 quam
3199 429 3359 482 etiam
3390 426 3589 478 barba-

306 524 518 608 δξιιη
574 517 887 575 verbum
970 525 1238 587 Balaam
1293 545 1570 603 apostatas
1622 537 1881 592 fecerunt.
1923 554 1940 584 ι

113 608 658 718 ξᾷξζῷσὶιὶῗιω-
738 620 991 718 autem
1026 628 1099 674 et
1138 639 1307 691 reges
1332 623 1771 686 llladianitarum,
1795 632 1955 691 atque

409 705 669 813 ligus:
703 700 1142 813 ‘mulieribus
1162 716 1296 767 victi
1322 724 1467 779 sunt,
1487 731 1630 769 nunc
1657 715 1955 782 expiatione

380 830 410 857 ς
570 792 773 849 gesta
805 796 1240 862 paenitentia.
1263 802 1424 856 etiam
1445 816 1595 868 reges
1614 803 1850 857 vincunt.
1880 801 1955 853 Ex

167 866 813 963 ωεχιιιδιιιὲίὶιηυδι
840 894 985 948 qna
999 895 1184 943 ntum
1207 893 1380 945 valeat
1395 892 1671 944 conversio
1686 892 1749 942 ad
1770 889 1955 953 Deum,

195 973 501 1059 quantum
553 964 781 1028 Prosit
822 976 1214 1029 emendatio
1244 989 1600 1046 peccatorum.
1627 977 1792 1032 Omne
1819 993 1957 1032 mas—

218 1065 521 1129 ωῒωύωι
553 1065 805 1109 omnes
869 1074 1077 1130 reges
1122 1067 1536 1120 Madianitarum
1574 1067 1857 1119 vincuntur
1904 1073 1961 1117 et

249 1149 629 1220 “eximuntur
657 1144 743 1197 ab
799 1145 893 1200 iis
971 1153 1089 1219 qui
1161 1170 1261 1223 per
1306 1156 1697 1224 correptionem
1734 1156 1958 1221 Domini,

259 1254 320 1296 et
384 1248 493 1309 per
556 1241 913 1300 gestorum
996 1244 1391 1310 paenitentiam
1444 1244 1671 1311 correpti
1730 1254 1854 1298 sunt
1910 1254 1962 1298 et

272 1319 587 1381 emendati.
633 1320 963 1392 Quinque
1038 1343 1182 1398 ergo
1210 1346 1367 1399 reges
1420 1332 1830 1385 Madianitarum
1879 1347 1961 1385 re-

273 1417 543 1469 feruntur
579 1411 664 1465 ab
692 1411 1087 1473 Israeliticis
1124 1421 1382 1475 militibus
1404 1422 1662 1487 superari.

353 1535 420 1586 '5.
464 1533 566 1586 Sed
641 1543 714 1588 et
789 1551 1067 1596 nomina
1117 1559 1305 1597 eorum
1363 1557 1501 1597 curae
1534 1544 1634 1597 fuit
1672 1542 1959 1610 Scriptura:

264 1623 491 1676 divina:
517 1636 909 1681 memorare
941 1629 1096 1700 (40).
1128 1650 1147 1682 ι
1190 1633 1338 1691 Evin.
1374 1632 1545 1699 inquit
1580 1632 1647 1696 ³⁸,
1669 1642 1721 1685 et
1752 1631 1952 1697 Rocon,

264 1722 329 1764 et
366 1712 595 1775 Sur,et
631 1712 762 1778 Ur,
812 1727 886 1770 et
952 1717 1178 1774 Roboc.
1216 1739 1234 1770 ι
1279 1720 1367 1773 Isti
1423 1729 1545 1773 sunt
1591 1721 1683 1788 qui
1733 1733 1968 1790 regnant-

255 1804 437 1871 apud
474 1801 903 1871 Sladianitas,
945 1824 1095 1875 quos
1148 1823 1408 1877 superare
1435 1819 1487 1862 et
1524 1811 1734 1877 penitus
1763 1813 1955 1865 debent

252 1890 665 1957 exstinguere
703 1907 961 1947 omnes
988 1895 1084 1962 qui
1119 1895 1350 1947 militant
1379 1894 1505 1949 Deo.
1542 1895 1672 1947 Evin
1731 1909 1955 1963 namque

245 1983 550 2034 belluinus
589 1984 700 2035 vel
780 1985 1034 2052 ferinus
1091 1986 1475 2054 interpretatur
1525 1988 1655 2057 (4i).
1694 1987 1760 2040 Et
1823 2002 1955 2055 quu-

245 2071 452 2124 modo
480 2072 735 2139 poteris
762 2073 1034 2142 placere
1056 2075 1104 2127 ei
1137 2075 1227 2143 qui
1259 2086 1309 2128 te
1344 2071 1610 2141 probavit,
1630 2077 1796 2129 sinon
1833 2080 1955 2129 abs-

244 2160 493 2213 ridcris
519 2176 554 2212 a
592 2171 664 2215 te
715 2170 791 2214 et
840 2163 1087 2231 penitus
1122 2166 1416 2230 peremeris
1445 2163 1707 2218 bellninos
1734 2174 1786 2217 et
1815 2163 1954 2217 feros

237 2251 507 2305 mores?
529 2252 921 2316 Quomodo
951 2253 1158 2319 poteris
1189 2254 1252 2304 ad
1286 2263 1685 2306 mansuetornm
1727 2253 1957 2306 beatitu-

231 2346 472 2401 dinem
500 2349 904 2415 pervenire,
926 2348 1035 2401 nisi
1067 2347 1524 2415 priusinterlicias
1549 2348 1705 2412 Evin,
1728 2357 1781 2401 et
1800 2349 1953 2402 morti

234 2434 478 2487 tradas
503 2436 704 2500 prius
781 2434 1121 2487 iracundiae
1169 2433 1474 2488 feritatem?
1510 2436 1620 2503 Ego
1648 2445 1776 2504 puto
1816 2435 1954 2501 quod

230 2525 508 2582 nomina
538 2526 703 2579 hanc
752 2523 1082 2591 Scriptura
1115 2523 1296 2576 divina
1326 2539 1427 2577 non
1459 2539 1558 2592 pro
1591 2523 1809 2577 historia
1835 2539 1952 2587 nar-

174 2672 183 2677 _
238 2617 500 2669 raverit
524 2612 713 2683 (44),
742 2615 873 2667 sed
902 2626 1012 2679 pro
1037 2611 1216 2665 causis
1242 2620 1292 2665 et
1320 2612 1481 2666 rebus
1509 2615 1792 2681 aptaverit.
1824 2611 1955 2664 Nam

237 2719 460 2781 putas
485 2708 692 2763 luerit.
732 2708 983 2775 aliquis
1013 2708 1085 2758 ita
1110 2705 1325 2770 stultus,
1356 2709 1444 2774 qui
1480 2706 1589 2761 ﬁlio
1630 2723 1726 2762 suo
1764 2722 1954 2763 nomen

234 2798 586 2853 Belluinus
638 2795 1182 2864 imponeretISed
1207 2799 1305 2848 hoc
1331 2797 1566 2849 arbitror
1593 2798 1784 2864 magis,
1816 2797 1955 2863 quod

244 2888 689 2942 instructioni
734 2887 1084 2939 animarum
1139 2888 1473 2952 prospexerit
1504 2902 1680 2939 sermo
1723 2888 1953 2953 divinus,

240 2978 723 3033 volensnobis
774 2976 1098 3028 ostendere
1148 2976 1291 3040 quod
1326 2975 1609 3027 adversum
1660 2975 1956 3040 hujusmodi

3487 308 3586 363 766
3648 290 3653 293 ’

2056 547 2234 584 rorqu
2267 528 2537 581 hominum
2589 524 2823 584 nomina,
2873 537 2976 573 non
3031 519 3293 578 fortuitu,
3351 517 3442 569 sed
3488 526 3585 581 pro

2059 620 2217 672 rebus
2245 627 2297 670 et
2324 615 2502 670 causis
2556 620 2803 681 aptantur
2833 610 2885 662 in
2921 608 3051 674 lege.
3078 605 3244 674 igitur
3271 603 3586 656 Madianita-

2059 724 2174 761 rum
2209 721 2381 773 regem
2436 701 2640 770 Moyses
2687 698 2973 767 appellavit
3003 736 3018 758 ,
3059 704 3212 763 prout
3244 693 3359 760 ipse
3380 693 3588 744 censuit

2057 788 2446 859 appellandum.
2494 786 2750 848 Belluiua,
2810 783 3015 850 inquit,
3070 782 3255 833 feritas
3303 787 3405 841 est,
3470 792 3587 845 quae

2058 889 2244 946 regnat
2263 880 2312 931 in
2352 876 2671 937 Madianitis,
2702 882 2756 927 et
2780 888 2881 926 non
2907 873 3019 939 ipsa
3048 870 3239 931 solum,
3261 866 3351 921 sed
3374 875 3426 920 et
3454 867 3588 919 alius

2058 970 2192 1037 apud
2221 971 2361 1036 ipsos
2383 983 2473 1020 rex
2525 966 2740 1019 nomine
2773 963 2953 1016 Rocon
2982 977 2997 1013 :
3027 959 3166 1028 quod
3205 967 3286 1010 est
3323 956 3372 1008 in
3410 962 3588 1007 nostra

2060 1054 2258 1123 lingua,
2287 1054 2509 1106 inanitas
2530 1053 2660 1122 (l3).
2688 1052 2892 1118 Regnat
2935 1064 3062 1116 ergo
3080 1045 3380 1101 etinanitas
3401 1044 3449 1095 in
3477 1041 3587 1096 Ma-

2058 1144 2377 1197 dianitarum
2399 1152 2566 1210 gente.
2595 1142 2687 1194 Est
2707 1141 2845 1193 enim
2871 1153 3055 1192 revera
3087 1136 3245 1189 multa
3268 1137 3499 1189 inanitas
3535 1140 3591 1186 et

2059 1232 2266 1283 vanitas
2286 1231 2335 1281 in
2362 1230 2460 1281 hoc
2487 1233 2703 1287 mundo.
2732 1228 2839 1280 imo
2856 1235 2910 1280 et
2929 1244 2947 1277 ι
2975 1225 3180 1278 vanitas
3194 1223 3509 1284 vanitatum,
3537 1226 3591 1272 et

2057 1318 2229 1370 omnia
2272 1317 2475 1389 vanitas
2492 1317 2554 1377 ε’,
2581 1335 2597 1366 ι
2625 1331 2783 1383 quam
2800 1315 2888 1369 Dei
2913 1313 3063 1366 miles
3089 1326 3342 1379 superare
3361 1310 3516 1364 debet
3534 1320 3592 1363 et

2056 1407 2213 1476 367
2256 1406 2485 1458 vincere.
2523 1404 2697 1458 Vincit
2744 1408 2915 1458 autem
2969 1402 3300 1466 inanitatem,
3332 1401 3422 1468 qui
3455 1399 3588 1452 nihil

2059 1496 2304 1556 inaniter,
2343 1493 2470 1545 nihil
2501 1491 2784 1560 superﬂue,
2818 1501 2872 1545 et
2913 1492 3050 1559 quod
3090 1491 3154 1542 ad
3196 1504 3305 1541 rem
3335 1503 3436 1541 non
3465 1500 3588 1555 per-

2058 1585 2208 1641 tinet,
2248 1582 2385 1651 gerit
2417 1600 2429 1634 :
2460 1581 2549 1650 qui
2597 1581 2836 1634 meminit
2865 1580 3113 1648 praecepti
3164 1578 3305 1631 illius
3331 1575 3589 1630 Dominici

2057 1690 2161 1742 quo
2188 1674 2261 1726 ait
2290 1671 2357 1738 ³³,
2392 1673 2512 1739 quia
2541 1691 2559 1723 ι
2588 1673 2747 1726 etiam
2777 1672 2841 1724 de
2867 1670 3031 1722 verbo
3056 1669 3229 1722 otioso
3250 1668 3467 1721 reddent
3493 1668 3589 1720 ho-

1985 1774 2026 1825 B
2057 1754 2226 1817 mines
2264 1763 2523 1816 rationem
2548 1762 2599 1815 in
2631 1762 2714 1814 die
2751 1758 2955 1825 iudicii.
2994 1775 3023 1839 »ί
3046 1757 3099 1810 In
3130 1757 3227 1810 hac
3253 1764 3429 1807 autem
3457 1754 3584 1816 vita,

2061 1854 2298 1905 homines
2340 1862 2503 1906 totum
2553 1864 2687 1919 pene
2729 1849 2977 1911 otiosum,
3010 1853 3065 1900 et
3107 1853 3268 1898 totum
3300 1844 3456 1896 inane
3489 1851 3591 1905 est,

2058 1941 2196 2008 quod
2219 1941 2520 2008 loquuntur,
2543 1939 2681 2007 quod
2705 1944 2881 2005 agunt.
2904 1934 3079 1987 lnanis
3102 1934 3245 1987 enim
3269 1933 3461 1986 dicitur
3478 1946 3592 1984 om-

2060 2030 2141 2081 nis
2167 2037 2315 2082 actus
2346 2038 2399 2083 et
2437 2029 2611 2083 omnis
2637 2040 2831 2088 sermo,
2865 2024 2917 2077 in
2947 2038 3051 2092 quo
3091 2039 3191 2076 non
3230 2030 3311 2076 est
3339 2021 3593 2075 intrinse-

2059 2132 2153 2171 cus
2204 2118 2398 2184 aliquid
2431 2131 2524 2183 pro
2558 2115 2688 2177 Deo,
2721 2114 2803 2167 vel
2842 2128 2938 2182 pro
2984 2113 3233 2166 mandato
3273 2112 3384 2165 Dei.
3418 2111 3510 2163 Est
3540 2119 3595 2163 et

2060 2204 2195 2257 alius
2248 2218 2339 2256 rex
2391 2202 2614 2256 Madiam
2644 2200 2739 2266 Ur,
2780 2212 2833 2253 et
2878 2200 2965 2252 hic
3006 2200 3380 2267 interpretatur
3409 2198 3590 2249 irrita-

2060 2294 2129 2345 tio
2160 2293 2290 2361 (44).
2324 2291 2481 2344 Vides
2503 2290 2686 2358 quales
2714 2289 2961 2357 sunt,qui
2987 2296 3211 2357 regnent
3237 2287 3372 2354 apud
3394 2284 3589 2337 Mallia-

2062 2383 2221 2446 nitas,
2239 2380 2427 2447 quibus
2449 2379 2750 2432 hominibus
2774 2377 3045 2431 adversari
3072 2384 3302 2443 oportet,
3324 2374 3429 2427 imo
3460 2388 3593 2441 quos

2060 2467 2247 2535 perimi
2278 2466 2526 2521 convenit
2571 2466 2637 2519 ab
2675 2466 2739 2519 iis
2776 2465 2862 2534 qui
2896 2465 3053 2518 Deum
3088 2470 3402 2530 sequuntur,
3439 2470 3493 2514 et
3521 2461 3599 2514 in-

2062 2557 2250 2611 terﬁci.
2285 2555 2397 2608 Non
2431 2556 2571 2609 enim
2604 2565 2710 2608 tam
2742 2568 2923 2623 reges,
2958 2568 3115 2622 quam
3143 2554 3389 2606 vitiorum
3418 2551 3594 2604 nomi-

2062 2662 2148 2711 na,
2176 2650 2294 2714 quae
2332 2654 2553 2716 regnant
2584 2646 2636 2698 in
2664 2646 2993 2707 hominibus,
3028 2643 3333 2698 referuntur
3360 2643 3412 2696 in
3439 2642 3554 2709 lege
3574 2655 3593 2694 τ

2059 2745 2233 2791 etnon
2276 2744 2379 2788 tam
2405 2736 2635 2803 gentium
2677 2734 2837 2799 bella,
2861 2748 3017 2800 quam
3050 2732 3595 2798 concupiscentiarum

2061 2825 2371 2885 carnalium,
2396 2837 2512 2890 qua:
2554 2821 2780 2873 militant
2820 2819 3072 2871 adversus
3113 2819 3361 2881 animam,
3392 2818 3595 2869 descri-

2062 2913 2272 2966 buntur.
2318 2911 2551 2979 Denique
2592 2911 2645 2963 hi
2682 2909 2771 2977 qui
2816 2910 2868 2961 in
2906 2908 3053 2961 vitiis
3082 2917 3327 2975 regnant,
3364 2907 3599 2973 quinque

2062 3017 2214 3071 reges
2249 3018 2367 3056 esse
2408 3004 2657 3056 dicuntur
2690 3018 2703 3053 :
2734 3010 2791 3053 ut
2840 2998 3234 3052 evidentissime
3287 2996 3593 3058 doceamur,

241 3069 427 3122 vitia
484 3067 776 3119 militare
812 3064 1150 3126 debeamus,
1183 3074 1237 3115 et
1260 3068 1326 3116 de
1352 3063 1667 3115 habitaculis
1689 3078 1750 3116 ea
1783 3065 1957 3118 carnis
1984 3086 2025 3141 ο
2058 3063 2179 3159 qu'ia
2208 3108 2362 3144 omne
2389 3091 2572 3144 vilium
2603 3089 2743 3156 quod
2770 3094 2957 3151 regna,
2988 3088 3039 3138 in
3071 3098 3322 3150 corpore,
3350 3097 3414 3136 ex
3444 3082 3597 3149 qui".

244 3166 511 3215 nostrae
529 3155 916 3225 depellere,
961 3153 1091 3206 istos
1122 3167 1277 3221 reges
1322 3152 1511 3219 fugare
1553 3153 1617 3205 de
1648 3168 1810 3221 regno
1838 3169 1958 3206 cor-

247 3257 458 3327 poris
511 3254 728 3307 nostri
769 3267 789 3304 :
843 3251 998 3317 quod
1041 3249 1329 3317 Apostolus
1369 3249 1666 3303 evidentius
1695 3250 1956 3319 designat,

250 3348 510 3403 dicens
534 3334 588 3377 ιέ
633 3361 656 3396 :
704 3360 729 3392 ι
776 3340 914 3393 Non
971 3353 1099 3405 ergo
1149 3349 1332 3406 regnet
1366 3348 1641 3404 peccatum
1698 3338 1751 3391 in
1784 3349 1962 3392 vestro

254 3434 539 3491 mortali
609 3444 930 3499 corpore.
973 3445 991 3477 ι
1028 3426 1121 3480 Vis
1152 3436 1328 3479 autem
1365 3426 1543 3480 videre
1571 3428 1820 3495 quoniam
1856 3442 1959 3479 non

252 3527 509 3583 solum
540 3522 735 3591 apud
811 3524 1045 3570 sanctos
1098 3516 1309 3567 nomina
1352 3530 1446 3581 pro
1486 3516 1645 3568 rebus
1690 3524 1958 3582 aptantur,

256 3615 395 3670 sed
440 3613 632 3667 etiam
696 3605 875 3676 apud
939 3604 1166 3671 gentiles
1187 3612 1242 3656 et
1293 3603 1590 3657 barbaros?
1642 3602 1714 3656 De
1764 3605 1963 3656 sanctis

256 3701 545 3775 quidem
577 3707 827 3752 notum
882 3701 971 3745 est
1026 3706 1126 3745 cur
1153 3691 1356 3744 Abram
1389 3680 1659 3743 Abraham
1701 3690 1963 3744 vocitatus

260 3793 395 3855 sit,
447 3796 519 3841 et
543 3785 751 3840 Sami
783 3782 1032 3843 Sara,et
1053 3778 1218 3832 Jacob
1248 3778 1438 3832 Israel.
1474 3779 1770 3832 Doceamus
1784 3788 1959 3831 autem

260 3875 473 3949 quod
514 3876 696 3927 'mos
784 3869 900 3920 iste
956 3865 1219 3918 habeatur
1251 3866 1444 3919 .etiam
1498 3866 1636 3933 apud
1678 3865 1960 3917 barbaros.

266 3969 533 4024 Nonne
556 3975 747 4017 unus
778 3972 855 4011 ex
887 3955 1016 4008 ﬁliis
1040 3953 1204 4009 Israel
1233 3970 1262 4008 a
1286 3955 1599 4023 parentibus
1624 3954 1734 4008 suis
1766 3953 1960 4020 Ioseph

265 4068 539 4113 nomen
580 4043 967 4113 acceperat?
1015 4042 1149 4097 Cum
1215 4051 1401 4096 autem
1457 4042 1670 4095 transiit
1704 4041 1756 4094 in
1803 4041 1964 4111 [Egy-

270 4154 487 4210 ptum
544 4148 608 4193 et
685 4132 868 4188 stetit
920 4140 1045 4182 ante
1086 4130 1447 4191 Pharaonem,
1488 4128 1836 4182 commutavit
1867 4144 1961 4181 no-

273 4245 449 4285 men
525 4227 683 4294 eius,
719 4231 785 4275 et
831 4219 901 4271 de
942 4216 1139 4283 Joseph
1192 4218 1593 4294 cognominavit
1625 4231 1747 4271 eum
1782 4217 1958 4271 Psomo

278 4291 802 4389 phtomphanec
849 4305 916 4369 ³⁸,
942 4305 1083 4373 quod
1111 4306 1292 4371 lingua
1323 4319 1419 4357 sua
1450 4291 1660 4357 Pharao
1695 4305 1759 4357 de
1782 4318 1958 4358 secre-

2059 3196 2160 3247 que
2206 3179 2446 3231 sensibus
2487 3178 2696 3244 pendet.
2729 3173 2819 3227 Isti
2842 3187 2967 3241 ergo
2989 3173 3221 3240 quinque
3242 3184 3431 3224 sensus
3455 3169 3597 3236 peri—

2060 3265 2235 3318 mendi
2282 3273 2403 3318 sunt
2447 3265 2510 3316 de
2558 3276 2720 3330 regno
2760 3260 3190 3323 Madianitarum,
3217 3268 3270 3310 ut
3306 3257 3440 3309 ultra
3469 3256 3596 3309 vitia

2060 3370 2163 3408 non
2192 3362 2411 3419 regnent
2431 3366 2592 3419 super
2617 3366 2732 3412 eos,
2752 3349 2842 3402 sed
2864 3348 3092 3416 jnstitia,
3113 3362 3176 3398 ne
3204 3347 3268 3398 ad
3291 3343 3597 3399 scandalum

2061 3443 2274 3495 videant
2319 3454 2435 3509 quae
2481 3441 2687 3501 vident,
2734 3440 2824 3491 sed
2861 3439 2923 3490 ad
2969 3435 3392 3489 aedificationem.
3447 3433 3598 3499 Apud

2060 3528 2374 3582 Madianitas
2391 3527 2528 3579 enim
2544 3541 2732 3579 sensus
2751 3525 2835 3578 isti
2850 3525 2913 3577 ad
2931 3522 3388 3576 scandalizandum
3405 3535 3597 3586 regna-

2061 3618 2209 3682 bant,
2246 3617 2745 3670 ntscaudalizarent
2776 3623 2830 3666 et
2859 3612 3186 3679 deciperent.
3216 3609 3277 3661 Et
3316 3608 3434 3661 ideo
3463 3621 3599 3675 prae-

2060 3712 2197 3778 cepit
2226 3708 2493 3766 Dominus,
2528 3715 2584 3757 ut
2611 3706 2655 3757 si
2692 3714 2741 3756 te
2779 3699 3216 3757 scandalizaverit
3246 3698 3433 3751 oculus
3457 3705 3596 3757 tuus,

2060 3813 2215 3853 eruas
2237 3813 2379 3858 eum,
2399 3796 2442 3848 si
2475 3810 2661 3847 manus
2688 3801 2777 3844 aut
2810 3807 2923 3858 pes,
2956 3788 3236 3842 abscindas
3259 3802 3379 3840 eum
3409 3786 3474 3839 “.
3508 3784 3601 3839 Vi-

2061 3887 2152 3938 des
2179 3898 2323 3951 ergo,
2354 3884 2475 3950 quia
2508 3890 2561 3934 et
2607 3882 2718 3948 ipse
2760 3880 2909 3945 jubet
2940 3875 3176 3929 absrindi
3208 3885 3260 3926 et
3292 3873 3476 3940 perimi
3513 3888 3598 3925 re-

2062 3990 2155 4042 ges
2195 3971 2687 4027 scandalizantium.
2722 3968 2909 4022 Melius
2947 3976 3046 4029 est,
3083 3965 3274 4032 inquit,
3314 3972 3363 4016 te
3390 3962 3596 4015 luscum

2062 4065 2281 4118 introire
2306 4065 2355 4116 in
2382 4078 2596 4130 regnum
2626 4060 2736 4121 Dei,
2765 4072 3030 4119 mancum,
3051 4064 3141 4107 aut
3161 4056 3596 4119 claudum,quam

2061 4165 2178 4203 cum
2217 4151 2284 4203 iis
2316 4151 2450 4202 mitti
2500 4149 2549 4200 in
2603 4142 3006 4213 gehennamnln
3045 4142 3235 4210 quibus
3267 4155 3369 4192 non
3415 4138 3597 4205 utique

2060 4238 2413 4291 ell'odiendum
2464 4235 2701 4304 praecipit
2754 4232 2961 4285 oculum
3006 4230 3247 4298 corporis
3290 4228 3475 4291 nostri,
3500 4240 3597 4280 nec

2064 4341 2297 4388 manum,
2321 4334 2411 4376 aut
2438 4325 2622 4391 pedem
2646 4321 3057 4389 abscindendum
3084 4320 3205 4370 :sed
3238 4331 3450 4370 sensum
3477 4330 3599 4367 car-

278 4381 680 4463 torumivel
752 4394 1098 4450 somniorum
1154 4392 1490 4446 revelatione
1540 4396 1854 4458 composuit.
1898 4393 1961 4445 Et

2065 4413 2202 4467 nalia
2254 4413 2569 4467 sentientem
2612 4419 2666 4464 et
2709 4408 3149 4476 concupiscentiis
3189 4405 3493 4458 carnalibus
3521 4404 3600 4456 la-

280 4511 431 4552 non
478 4492 688 4546 solum
726 4484 941 4550 Juseph
978 4483 1103 4535 huic
1134 4480 1274 4547 apud
1299 4478 1637 4531 Pharaonem
1670 4493 1735 4533 ex
1771 4496 1827 4535 re
1868 4495 1964 4534 no-

280 4599 455 4641 :nen
501 4587 783 4648 aptatur,
831 4572 926 4624 sed
968 4580 1022 4623 et
1057 4568 1254 4621 Daniel
1291 4568 1343 4619 in
1378 4567 1667 4635 Babylonia
1696 4566 1964 4622 Baltassar

284 4682 688 4741 10minatur
724 4692 738 4726 :
770 4682 828 4725 et
856 4671 1125 4734 Ananias,
1167 4681 1335 4737 atque
1364 4670 1607 4732 Azarias,
1662 4679 1716 4725 et
1755 4671 1961 4743 Misael,

287 4779 614 4841 Sidrach,
682 4773 919 4835 Misacb,
984 4770 1293 4835 Abdenago
1349 4766 1651 4819 vocitantur
1690 4766 1754 4818 ³³.
1802 4770 1960 4823 Vides

385 4875 454 4908 ’⁸
485 4870 670 4923 Num.
698 4881 855 4927 xxxi,
885 4857 941 4917 8.

293 4947 356 4983 ⁸³
396 4941 630 4995 Matth.
667 4934 838 4998 v,29.

396 5024 544 5096 (40)
574 5024 736 5090 Μεε.,
791 5040 812 5072 ι
867 5027 1227 5072 memorare.
1282 5029 1302 5061 ι
1333 5012 1485 5067 Libb.
1524 5013 1663 5078 editi,
1701 5031 1721 5064 ι
1756 5030 1961 5072 meum-

299 5113 551 5236 “ita;
569 5160 708 5213 Ευὶη
732 5147 1613 5236 nazzqgepegewsveternus
1639 5146 1959 5215 ίηιεηπεια·

301 5214 635 5291 ειδξΝἱηη.
665 5239 785 5286 xxt,
810 5214 1041 5291 8.:Evin
1064 5214 1351 5291 lleliraice
1381 5214 1609 5291 scribitur
1636 5220 1723 5273 ΠΝ
1761 5214 1958 5270 «Ενίδ

296 5280 504 5366 ἱῑιὶὸιι
525 5280 721 5366 "amen
756 5280 973 5366 ιῐιειίιμεέ
987 5280 1686 5366 δεῖςιιῑξξτξξξῐ,ερθξξειξεξὶιξςπξ
1706 5297 1953 5366 φρίκη-ι

467 5343 822 5432 diripuimus
859 5351 1107 5432 nomina
1147 5343 1418 5432 .Illszrajnca
1453 5347 1832 5414 interpretatus
1856 5362 1960 5414 est,

283 5411 622 5496 .TJJnii‘m’
637 5411 980 5498 gutturales
1036 5411 1223 5498 [aclis
1249 5411 1494 5498 lites-se
1521 5411 1957 5498 commutantur,

261 5477 445 5552 ίιὸῖίε
469 5477 709 5557 “ﬁngi,”
736 5500 831 5548 ηκ
863 5480 1121 5538 deduxit
1146 5477 1219 5528 ab
1248 5482 1383 5532 mm
1412 5479 1499 5530 vita
1519 5518 1532 5543 ,
1577 5482 1803 5548 vivens,
1843 5477 1960 5541 ani;

263 5558 418 5616 93"
463 5556 689 5629 bestia,
725 5559 921 5613 fera.»

1025 4863 1071 4893 ”
1108 4860 1274 4913 Rom.
1309 4873 1386 4923 γι,
1413 4858 1499 4910 12.
1572 4857 1616 4888 ⁸⁸
1648 4857 1843 4915 Cenes.
1870 4877 1952 4915 xu

2064 4863 2103 4917 ἲ.
2179 4864 2222 4896 ³³
2252 4864 2384 4916 Dan.
2414 4879 2448 4928 ι,
2473 4863 2525 4916 7.
2601 4861 2643 4891 ³¹
2672 4861 2835 4914 Eccli.
2861 4877 2898 4924 ι,
2925 4862 2976 4912 Ξ.

2063 4504 2377 4557 scivientem
2425 4504 2639 4554 mandat
2668 4490 2904 4554 abscindi
2936 4516 2952 4555 :
2985 4508 3043 4551 ut
3071 4496 3211 4550 oculi
3255 4495 3418 4548 nostri
3452 4502 3596 4547 recta

2063 4594 2292 4655 videant,
2325 4601 2378 4645 et
2423 4605 2581 4645 aures
2631 4601 2821 4644 nostra:
2863 4597 3009 4642 recta
3039 4587 3277 4650 audiant,
3311 4593 3364 4638 et
3414 4590 3599 4650 gustus

2066 4692 2248 4735 noster
2302 4685 2519 4735 verbum
2562 4681 2653 4734 Dei
2689 4688 2883 4747 gustet,
2920 4691 3213 4744 manusque
3255 4682 3450 4727 nostrae
3482 4670 3597 4738 pal-

2064 4782 2187 4837 pent
2225 4778 2278 4823 et
2306 4770 2614 4837 contingant
2645 4770 2708 4821 de
2738 4767 2912 4822 Verbo
2943 4768 3055 4820 Dei.
3088 4763 3151 4818 Et
3174 4767 3271 4817 hoc
3301 4771 3383 4816 est
3416 4762 3465 4814 in
3492 4772 3598 4827 quo

3069 4858 3114 4890 ³³
3149 4856 3335 4910 Matth.
3365 4868 3460 4918 xu,
3494 4852 3582 4906 56.

2135 5015 2247 5085 (42)
2280 5013 2388 5083 Ego
2418 5023 2540 5085 puto
2560 5012 2695 5080 quod
2718 5011 2922 5085 nomine
2965 5006 3385 5085 Ιιωεητςςνὶιζξιιτα
3412 5001 3594 5085 divina

2068 5070 2169 5136 non
2207 5070 2299 5147 p'ro
2325 5070 2886 5139 7cisloria'narraverit,
2925 5092 3026 5147 etc.
3076 5074 3204 5147 Vide
3236 5070 3589 5137 'Origeniano-

2073 5142 2316 5204 rum'lib.
2354 5166 2413 5211 ll,
2454 5159 2643 5216 quaest.
2684 5148 2768 5207 15,
2808 5162 2951 5216 num.
2976 5145 3084 5196 ﬁet
3116 5142 3198 5193 14.

2137 5219 2245 5286 (45)
2276 5214 2486 5279 Rocon,
2520 5216 2654 5284 quod
2711 5224 2798 5286 est
2823 5216 2876 5264 in
2923 5214 3100 5286 lingua
3136 5214 3588 5258 nostratmulns.

2067 5277 2238 5339 Radix,
2271 5294 2349 5336 est
2372 5277 2478 5346 pta
2508 5277 2845 5335 «'evaruavit.
2872 5277 3130 5329 exhausit.
3159 5292 3176 5322 ι

2134 5334 2243 5424 ea
2280 5334 3305 5424 llrIEih'teinterpretum“TIR-3‘?
3329 5334 3591 5424 “£2”

2064 5397 2242 5544 est},
2264 5397 2557 5483 albescere,
2564 5397 2940 5483 'c—ip'allcscere
2977 5426 2996 5459 ι
3025 5405 3234 5472 proprie
3267 5418 3286 5450 Ι
3333 5410 3438 5462 prae
3474 5397 3604 5476 ira...

2064 5504 2163 5543 cu“
2205 5506 2272 5543 1³.
2314 5504 2335 5539 Ι

2064 5504 2272 5543 cundia.
2314 5504 2335 5539 Ι
