3838 6212
442 249 536 302 767

444 358 725 427 peremptis
754 355 970 443 regibus
1009 347 1452 419 Madianitarum,
1496 368 1551 411 et
1599 358 1828 411 scandali
1870 358 1989 410 :tll’e-
2018 363 2060 415 A

446 447 614 500 ctibus
660 447 970 514 amputatis,
1001 456 1196 513 regnat
1227 450 1278 502 in
1315 450 1466 503 nobis
1489 448 1693 517 jnstitia
1741 449 1855 516 ipse
1882 448 1987 500 Do-

451 538 623 590 minus
662 546 842 590 noster
884 534 1040 588 Jesus
1074 536 1318 593 Christus
1341 580 1354 603 ,
1383 540 1473 606 qui
1525 537 1695 591 factus
1726 547 1804 590 est
1835 538 1989 591 nobis

444 626 646 692 iustitia
677 641 707 679 a
739 628 863 691 Deo,
893 640 947 681 et
976 641 1077 693 pax
1134 640 1188 681 ct
1215 620 1524 698 redemptio.
1558 629 1722 697 Igitur
1759 644 1824 683 ex
1857 644 1992 695 prae-

451 726 601 783 cepto
652 716 857 769 Domini
891 731 919 768 a
969 716 1092 771 ﬁliis
1139 718 1305 772 Israel
1344 723 1622 776 adversum
1670 720 1991 773 Madianitas

453 804 585 856 bella
616 806 855 858 conlecta
887 817 1030 868 sunt,
1056 808 1222 875 spolia
1252 823 1316 862 ex
1343 810 1469 878 ipsis
1499 812 1708 873 copiosa
1742 809 1989 862 referun-

454 902 558 958 tur,
590 895 704 946 auri
763 904 921 960 atque
968 897 1193 965 argenti,
1238 908 1659 967 czeterorumqne
1715 899 1989 952 mobilium

453 982 657 1050 pondus
714 983 1063 1050 immensum,
1110 986 1502 1053 jumentorum,
1557 989 1993 1057 captivorumque

453 1085 702 1123 numerus
761 1071 1036 1137 plurimus.
1092 1073 1283 1127 Verum
1337 1078 1586 1143 quoniam
1639 1087 1831 1130 cuncta
1876 1078 1991 1130 haec

450 1161 587 1230 apud
616 1161 876 1214 lsraelitas
916 1162 1183 1215 immunda
1231 1166 1516 1228 ducuntur,
1550 1167 1848 1233 puriﬁcatio
1880 1168 1991 1220 sin-

449 1249 586 1316 gulis
621 1249 918 1316 quibusque
972 1261 1276 1318 competens
1330 1253 1612 1306 adhibetur
1643 1270 1656 1305 :
1693 1265 1743 1308 et
1778 1271 1837 1308 ea
1869 1257 1990 1325 qui-

449 1339 589 1400 dem,
623 1353 737 1403 qum
773 1353 837 1390 ex
867 1339 1090 1391 metallis
1120 1350 1386 1403 constant,
1408 1343 1540 1410 ignis
1571 1342 1848 1408 puriﬁcat;
1870 1359 1990 1410 qum

453 1440 576 1478 vero
625 1425 896 1494 fragiliora
955 1437 1078 1481 sunt
1135 1440 1187 1481 et
1238 1429 1411 1496 ignem
1465 1447 1567 1483 non
1611 1430 1809 1495 ferunt,
1848 1447 1987 1499 aqua

450 1515 717 1582 puriﬁcari
746 1518 1019 1585 jubentur.
1048 1520 1209 1572 Fiunt
1246 1534 1373 1587 ergo
1407 1536 1471 1574 ex
1506 1521 1751 1575 omnibus
1802 1523 1991 1591 spoliis

448 1607 678 1673 aequales
698 1609 815 1661 dure
838 1620 1036 1674 partes,
1063 1619 1117 1661 ttt
1144 1625 1245 1662 una
1267 1611 1335 1664 sit
1364 1625 1544 1663 eorum
1587 1611 1673 1676 qui
1699 1610 1761 1662 ad
1793 1610 1985 1663 bellum

453 1705 845 1761 processerant,
878 1706 929 1749 et
958 1697 1061 1749 alia
1103 1712 1285 1750 eorum
1327 1699 1413 1764 qtti
1454 1698 1505 1749 itt
1548 1699 1742 1751 eaStris
1780 1699 1993 1750 resede-

454 1788 592 1832 rant.
621 1779 885 1834 Jubentnr
913 1764 1070 1834 etiam
1099 1797 1162 1835 ex
1200 1783 1263 1835 iis
1287 1782 1481 1837 oﬂ‘crre
1514 1783 1565 1836 in
1606 1784 1738 1837 dona
1764 1786 1852 1839 Dei
1877 1802 1892 1839 :
1917 1786 1992 1840 illi

451 1868 662 1935 quidem
691 1872 777 1936 qui
804 1879 1176 1936 processerant
1196 1872 1260 1923 ad
1293 1873 1508 1940 bellum,
1538 1891 1698 1928 unum
1728 1884 1886 1942 caput
1925 1891 1993 1930 ex

452 1958 751 2026 quingentis
782 1977 794 2011 :
822 1960 892 2012 illi
917 1975 1043 2013 vero
1068 1960 1158 2027 qui
1187 1961 1237 2014 in
1271 1963 1463 2015 castris
1486 1972 1810 2026 manserant,
1829 1979 1991 2015 ttnum

451 2059 516 2098 ex
566 2046 944 2115 quinquaginta
980 2065 993 2101 :
1027 2060 1189 2117 atque
1233 2049 1470 2103 omnium
1518 2051 1675 2103 simul
1723 2051 1773 2103 in
1827 2065 1991 2103 unum

450 2132 700 2188 collectus
739 2151 990 2192 numerus
1031 2138 1279 2191 refertur.
1321 2137 1444 2192 Haac
1471 2148 1550 2192 est
1586 2138 1825 2193 historiae
1865 2155 1993 2194 con-

452 2225 692 2281 liuentia.

517 2309 570 2361 4.
604 2309 708 2364 Sed
741 2312 1013 2367 videamus
1037 2314 1160 2381 quid
1194 2315 1245 2368 in
1281 2315 1346 2368 iis
1371 2330 1559 2371 sensus
1593 2316 1794 2372 indicet
1834 2317 1994 2386 spiri-

453 2397 591 2453 talis.
626 2399 680 2452 In
726 2402 917 2469 populo
947 2403 1036 2457 Dei
1078 2414 1206 2456 sunt
1249 2404 1483 2471 qttidam,
1524 2406 1665 2459 sicut
1710 2407 1993 2474 Apostolus

451 2490 580 2543 dicit
606 2492 670 2554 ⁸⁸,
701 2493 788 2559 qui
822 2493 1050 2548 militant
1077 2494 1182 2548 Deo
1205 2510 1218 2545 :
1245 2493 1320 2547 illi
1342 2494 1455 2549 sine
1481 2496 1660 2562 dubio,
1685 2498 1775 2566 qui
1802 2512 1859 2551 se
1888 2514 1990 2551 non

451 2582 687 2650 obligant
714 2585 942 2651 negotiis
965 2584 1310 2640 saecularibus
1336 2603 1350 2638 :
1386 2596 1439 2640 et
1472 2588 1559 2640 isti
1587 2597 1709 2641 sunt
1744 2589 1835 2657 qui
1866 2603 1991 2656 pro-

448 2670 644 2724 cedunt
666 2672 730 2724 ad
766 2672 984 2735 bellum,
1017 2685 1071 2728 et
1104 2685 1337 2744 pugnant
1372 2676 1629 2729 adversus
1666 2687 1851 2747 gentes
1892 2678 1994 2729 ini-

456 2758 638 2820 micas,
672 2768 727 2812 et
758 2762 1036 2815 adversum
1078 2763 1343 2829 spiritales
1370 2764 1636 2831 nequitias
1666 2778 1761 2832 pro
1785 2763 1993 2831 reliquo

453 2847 661 2914 populo,
683 2856 735 2900 et
758 2864 852 2913 pro
882 2851 946 2903 iis
973 2852 1064 2919 qui
1086 2854 1406 2910 inﬁrmiores
1432 2861 1577 2916 sunt,
1607 2857 1719 2909 sive
1748 2871 1842 2922 per
1869 2864 1991 2909 teta-

457 2944 579 2998 tem,
607 2937 718 2989 sive
750 2952 842 3004 per
872 2954 1078 3005 sexum,
1107 2944 1216 2995 sive
1245 2959 1335 3011 per
1369 2945 1715 3011 propositum.
1739 2945 1991 3014 Pugnant
2021 2974 2062 3029 ο

457 3032 630 3077 autem
664 3025 749 3079 isti
780 3028 1112 3084 orationibus
1136 3032 1660 3099 etjejuniis.justitia
1686 3043 1740 3088 et
1770 3037 1989 3102 pietate,

460 3116 864 3170 mansuetudine
913 3127 967 3170 et
1003 3120 1267 3185 castitate,
1298 3124 1606 3189 cunctisque
1651 3126 1994 3181 continentiae

459 3201 762 3266 virtutibus,
799 3215 1048 3272 tanquam
1093 3207 1256 3259 armis
1310 3208 1511 3262 bellicis
1554 3213 1868 3266 communiti
1901 3223 1995 3268 :et

456 3305 578 3343 cum
612 3294 835 3359 regressi
861 3293 1138 3349 l'uerintad
1166 3305 1339 3349 castra
1370 3300 1620 3361 victores,
1644 3299 1894 3354 fruuntur
1919 3304 1995 3356 la-

458 3376 677 3433 boribus
708 3395 888 3433 eorum
915 3383 1071 3435 etiam
1104 3384 1360 3446 imbelles,
1384 3394 1437 3438 et
1470 3387 1503 3439 ii
1529 3389 1618 3456 qui
1651 3390 1715 3442 ad
1763 3406 1990 3460 pugnam

384 3522 389 3527 1
461 3464 544 3517 vel
583 3482 684 3519 non
717 3478 992 3533 vocantur,
1016 3472 1097 3523 vel
1126 3473 1273 3525 exire
1304 3489 1406 3525 non
1439 3485 1673 3537 possunt.
1703 3478 1988 3533 Sciendum

459 3564 635 3608 tamen
665 3564 768 3615 est.
801 3558 941 3621 quod
972 3559 1147 3611 omnia
1175 3575 1291 3628 qua:
1316 3572 1596 3615 sumuntur
1623 3578 1685 3616 ex
1721 3565 1837 3617 istis
1862 3582 1992 3633 gen-

460 3645 618 3708 tibus,
644 3644 912 3697 immunda
944 3654 1100 3709 sunt;
1133 3656 1188 3699 et
1214 3663 1370 3700 omne
1396 3648 1623 3703 fortasse
1648 3653 1900 3719 quidquid
1925 3668 1991 3709 ex

459 3736 558 3789 hoc
602 3735 794 3789 saeculo
824 3739 1131 3800 assumitur,
1166 3737 1243 3790 vel
1277 3740 1459 3803 prmlio
1496 3744 1726 3810 capitur,
1759 3747 1992 3799 immun-

457 3826 582 3877 dum
630 3833 732 3888 est,
764 3834 818 3880 et
854 3825 1220 3893 puriﬁcatione
1255 3827 1485 3895 indiget;
1528 3839 1582 3883 et
1634 3835 1875 3896 quaedam
1923 3847 1987 3886 ex

459 3917 593 3980 ipsis
612 3931 706 3984 per
731 3917 902 3984 ignem
932 3927 1219 3970 transuura
1249 3928 1391 3981 sunt,
1417 3920 1535 3974 aliis
1565 3931 1739 3975 autem
1768 3922 1991 3977 soliiciet

456 4019 608 4071 aqua:
625 4005 942 4071 puriﬁcatio.
965 4007 1320 4059 Assumuntur
1339 4017 1515 4061 autem
1539 4024 1603 4062 ex
1626 4011 1807 4078 praelio
1829 4013 1988 4065 etiam

461 4092 701 4145 homines
722 4102 776 4146 et
808 4094 1070 4161 iumenta,
1095 4109 1212 4147 cum
1242 4097 1575 4162 captivantur
1612 4113 1800 4153 omnes
1838 4102 1993 4154 intel-

461 4180 626 4232 lectus
653 4180 717 4232 ad
739 4181 1084 4235 obediendunt
1106 4163 1339 4237 Christo.
1361 4184 1434 4236 Ex
1463 4186 1526 4238 iis
1546 4188 1686 4239 enim
1708 4188 1834 4256 ipsis
1855 4205 1989 4257 quos

1888 243 2202 300 ORIGENIS

2022 1654 2065 1708 Β

3576 237 3661 293 7ὓ8

2092 355 2243 408 Beati
2282 362 2407 406 sunt
2431 353 2548 416 isti,
2586 353 2686 423 qui
2719 365 2824 421 pro
2859 346 3019 404 omni
3066 342 3269 416 populo
3296 360 3516 413 pugnare
3560 364 3662 416 pos-

2090 453 2237 507 sunt,
2263 454 2315 496 et
2343 442 2642 496 defendere
2679 440 2774 494 Dei
2808 439 3069 508 plebem,
3098 445 3156 491 et
3193 434 3408 502 cupiosa
3435 434 3493 487 de
3521 436 3661 489 hosti-

2090 536 2190 587 bus
2212 534 2380 600 spolia
2414 541 2727 600 reportare.
2767 529 2992 582 Tamen
3028 536 3088 580 et
3118 525 3330 594 reliqua
3357 539 3475 595 pars
3497 528 3664 595 populi,

2093 638 2217 690 qua:
2250 622 2466 674 videtur
2491 618 2756 680 imbellis,
2787 618 2834 670 si
2868 630 3006 671 cum
3041 614 3232 681 quiete
3271 613 3492 665 resideat
3519 614 3563 664 in
3593 629 3655 666 ca-

2093 712 2242 776 stris,
2285 713 2330 764 si
2369 713 2423 764 in
2454 708 2677 763 silentio
2735 714 2888 774 agat,
2927 711 2986 756 et
3020 717 3133 755 non
3190 700 3408 755 recedat
3447 716 3474 754 a
3504 700 3667 772 Moyse,

2093 804 2186 857 sed
2218 813 2537 869 permaneat
2569 801 2625 852 in
2655 798 2777 865 lege
2804 796 2933 859 Dei,
2969 802 3199 863 partem
3228 792 3513 859 spoliorum
3538 794 3668 845 etiam

2092 891 2208 959 ipsa
2248 890 2537 958 percipiet.
2572 888 2698 941 Fiet
2732 885 2885 940 enim
2925 896 3096 949 mqua
3139 880 3345 950 portio,
3374 894 3473 932 non
3496 896 3575 949 per
3596 897 3672 934 nu-

2091 994 2302 1034 merum
2359 980 2608 1045 quidem,
2636 977 2735 1029 sed
2801 983 3087 1042 quantum
3138 973 3304 1022 datur
3345 967 3486 1021 omni
3519 968 3671 1034 populo

2093 1069 2327 1136 reliquo,
2362 1076 2574 1119 tantum
2621 1075 2679 1119 et
2713 1062 2829 1116 illis
2871 1058 3185 1115 duodecim
3223 1056 3475 1118 millibus,
3515 1057 3672 1122 quibus

2091 1157 2438 1211 vincentibus
2461 1164 2621 1223 capta
2647 1162 2781 1207 sunt
2804 1151 3015 1220 spolia.
3041 1146 3184 1213 Quis
3211 1146 3329 1199 haec
3356 1145 3579 1206 audiens,
3594 1159 3672 1196 non

2091 1250 2356 1304 invitetur
2394 1248 2461 1301 ad
2510 1248 2767 1300 militiam
2808 1246 2907 1299 Dei
2945 1245 2971 1297 ’ἒ
3016 1242 3164 1309 Quis
3199 1256 3308 1293 non
3338 1240 3676 1307 auimeturpu-

2090 1356 2259 1407 gnare
2304 1355 2401 1408 pro
2451 1339 2623 1408 368
2675 1336 2939 1406 Ecclesia
3000 1342 3064 1387 et
3124 1331 3390 1385 resistere
3441 1331 3673 1383 adversum

2089 1431 2339 1484 veritatis
2396 1431 2675 1490 inimicos,
2738 1442 2841 1480 eos
2904 1423 3138 1477 scilicet
3188 1421 3283 1489 qui
3338 1418 3422 1472 vel
3473 1420 3676 1488 dogmata

2088 1519 2351 1575 Ecclesia:
2400 1533 2750 1588 oppugnare,
2804 1514 2894 1568 vel
2943 1510 3233 1582 voluptati
3271 1519 3327 1566 et
3351 1511 3680 1576 luxuriatope-

2095 1628 2210 1665 ram
2239 1614 2371 1666 dare
2400 1612 2656 1665 homines
2691 1608 2906 1661 docent
2936 1605 2964 1658 ?
2997 1604 3112 1670 Qui
3140 1617 3278 1671 ergo
3299 1601 3400 1655 hos
3433 1607 3678 1671 expugnat.

2097 1711 2150 1757 et
2181 1702 2266 1756 vel
2301 1704 2354 1755 in
2385 1717 2463 1763 se,
2496 1701 2579 1753 vel
2618 1700 2672 1752 in
2701 1697 2993 1765 proximis
3035 1695 3160 1750 suis
3193 1695 3330 1749 vitia
3363 1692 3581 1762 perimit,
3613 1690 3679 1743 hic

2098 1793 2328 1860 accipiet
2348 1790 2523 1859 spolia
2542 1788 2742 1854 multa,
2767 1786 3170 1855 quinquagies
3200 1781 3539 1848 multiplicata
3555 1790 3679 1846 quam

2098 1883 2300 1936 caeteri.
2344 1880 2618 1934 lntantttm
2659 1890 2916 1946 namque
2944 1874 3175 1928 numeri
3211 1871 3489 1941 quantitas
3513 1867 3681 1921 videtur

2098 1972 2307 2040 augeri,
2327 1986 2446 2025 cum
2478 1970 2758 2025 sexcentis
2795 1967 3064 2021 millibus
3094 1964 3391 2018 duodecim
3416 1958 3563 2011 millia
3584 1970 3681 2010 con-

2101 2062 2365 2115 feruntur.
2401 2060 2615 2115 Offerre
2646 2070 2839 2111 tamen
2887 2070 3029 2124 pars
3073 2063 3323 2124 utraque
3351 2050 3556 2119 iubetur
3580 2048 3679 2100 Deo.

2098 2150 2163 2203 Et
2189 2151 2260 2202 illi
2288 2152 2508 2218 quidem
2560 2149 2654 2218 qui
2712 2150 3017 2210 vicerunt,
3066 2160 3246 2198 unum
3278 2157 3345 2196 ex
3375 2137 3680 2208 quingentis:

2098 2239 2381 2304 quiautem
2414 2238 2561 2290 domi
2597 2237 2964 2298 resederunt,
3004 2248 3186 2286 unum
3213 2246 3281 2284 ex
3315 2226 3678 2297 quinquaginta.

2098 2328 2528 2396 Quingentorum
2590 2337 2780 2379 autem
2837 2333 2900 2378 et
2965 2321 3386 2393 quinquaginta
3444 2330 3679 2371 numerum

2097 2427 2342 2469 sanctum
2373 2431 2494 2469 esse
2529 2414 2820 2482 Scriptura
2877 2423 3165 2468 testatur.
3215 2412 3373 2467 Unde
3401 2420 3451 2466 et
3478 2410 3683 2465 Salvator

2099 2503 2310 2558 dicebat
2347 2504 2398 2555 in
2429 2502 2743 2572 Evangeliis
2771 2504 2820 2534 "
2855 2520 2872 2555 :
2914 2522 2935 2554 ‹
2981 2501 3218 2556 Homini
3252 2500 3464 2553 cuidam
3492 2500 3683 2551 [tenera-

2100 2592 2203 2645 tori
2256 2603 2413 2645 erant
2451 2593 2561 2645 duo
2623 2593 2922 2646 debitores
2957 2607 2976 2644 :
3010 2608 3167 2646 unus
3211 2606 3280 2645 ex
3328 2589 3457 2658 ipsis
3496 2586 3682 2640 debebat

2099 2680 2353 2745 deltarios
2406 2680 2762 2749 quingentos,
2819 2691 2880 2734 et
2935 2682 3097 2735 alius
3146 2678 3553 2748 quinquaginta.
3593 2672 3680 2726 Non

2098 2767 2427 2821 habentibus
2456 2767 2565 2821 illis
2601 2769 2749 2820 unde
2784 2767 3141 2833 redderent,
3177 2767 3401 2821 donavit
3421 2764 3679 2832 utrisque»

2099 2859 2205 2912 Sed
2246 2867 2299 2912 et
2343 2867 2553 2925 septem
2601 2859 2946 2925 septimanae
3000 2860 3279 2925 monada,
3312 2860 3366 2912 id
3396 2867 3475 2912 est
3502 2869 3594 2909 uno
3610 2854 3684 2905 atl-

2099 2946 2230 3006 dito,
2253 2945 2739 3014 Quittquagesitme
2770 2947 2924 3000 diem
2972 2948 3222 3012 faciunt,
3249 2963 3369 3016 quae
3390 2947 3683 3000 Pentecostes

2100 3033 2366 3087 festivitas
2393 3035 2724 3103 appellatur.
2769 3035 3075 3089 Similiter
3102 3046 3164 3089 et
3190 3041 3527 3107 septuaginta
3548 3034 3681 3101 septi.

2100 3139 2290 3184 mante,
2322 3124 2502 3176 addita
2533 3124 2697 3176 unius
2719 3124 2961 3177 decadis
2994 3127 3376 3193 perfectione,
3406 3126 3684 3194 quingento‘

2102 3228 2217 3264 rum
2245 3216 2527 3266 numerum
2556 3214 2819 3265 reddunt.
2862 3213 2984 3267 Sed
3020 3226 3250 3284 quanto
3291 3216 3471 3283 plures
3493 3225 3684 3268 suntseo

2099 3301 2374 3368 ptuaginta
2392 3301 2710 3367 septimana:
2733 3316 2910 3369 quam
2937 3314 3198 3372 septem,
3227 3313 3379 3360 tanto
3396 3304 3683 3370 prmstantior

2097 3402 2151 3444 et
2178 3390 2472 3459 perfectior
2498 3405 2771 3445 numerus
2788 3392 3260 3462 quingentorum
3290 3410 3446 3463 quam
3467 3395 3684 3462 quinqua-

2098 3481 2266 3549 ginta.
2290 3479 2418 3533 lnde
2453 3481 2692 3548 denique
2715 3489 2775 3533 et
2821 3483 2879 3535 in
2914 3486 3207 3551 parabola
3240 3485 3535 3553 Evangelii,
3557 3496 3680 3550 quam

2098 3582 2259 3635 supra
2308 3567 2696 3634 proposuimus
2725 3605 2739 3629 ,
2795 3568 3092 3626 Salvator
3148 3583 3341 3629 noster
3385 3570 3682 3642 pronuntiat,

2097 3657 2237 3724 quod
2280 3647 2401 3724 plus
2442 3656 2636 3724 diligat
2691 3658 2809 3719 ille,
2833 3662 2930 3713 cui
2985 3665 3296 3734 quingenti
3337 3678 3470 3733 quos
3502 3660 3683 3715 debebat

2097 3746 2302 3799 denarii
2329 3746 2508 3798 donati
2533 3754 2683 3809 sunt,
2710 3758 2899 3814 quam
2934 3751 3041 3805 ille
3069 3756 3164 3807 cui
3191 3752 3586 3823 quinquaginta.

2166 3835 2219 3889 5.
2264 3835 2504 3901 Denique
2550 3836 2605 3887 in
2654 3840 2931 3904 praesenti
2966 3842 3254 3910 lectione,
3285 3846 3501 3899 Eleazar
3535 3854 3683 3895 sacer-

2097 3925 2193 3977 dos
2217 3938 2321 3976 non
2370 3924 2635 3977 scribitur
2684 3927 2756 3979 ad
2787 3944 3032 3985 omnem
3066 3936 3343 4003 populum
3383 3936 3591 3995 locutus,
3613 3929 3684 3985 sed

2096 4011 2161 4064 ad
2210 4026 2304 4065 eos
2359 4021 2568 4066 tantum
2620 4013 2764 4083 (46),
2797 4019 2899 4085 qui
2955 4021 3031 4075 de
3094 4025 3297 4093 praelia
3347 4025 3583 4079 redeunt.
3616 4020 3684 4072 Ait

2096 4101 2240 4155 enim
2267 4102 2310 4133 ³⁷
2344 4118 2356 4153 :
2388 4119 2408 4152 ς
2447 4103 2512 4156 Ει
2535 4103 2678 4156 dixit
2703 4105 2953 4162 Eleazar
2975 4115 3258 4169 sacerdos
3300 4115 3368 4167 ad
3406 4115 3538 4167 viros
3555 4110 3685 4163 virts:

2100 4191 2167 4244 tis
2186 4231 2201 4255 ,
2226 4191 2316 4259 qui
2345 4195 2771 4249 revertebantur
2795 4200 2865 4252 de
2893 4203 3130 4268 prtelio.
3170 4224 3191 4258 ι
3229 4207 3398 4263 Vides
3433 4221 3551 4276 ergo
3582 4217 3685 4272 quo°

461 4267 780 4332 ceperimus,
797 4268 1067 4326 oﬁ‘erimus
1110 4274 1236 4326 Deo.
1262 4271 1383 4325 ’Νἰεί
1416 4275 1557 4327 enim
1582 4280 1994 4344 pugnaveripttts
2030 4293 2069 4345 ο
2097 4283 2253 4335 modo
2277 4284 2342 4336 ad
2368 4284 2517 4338 viros
2543 4285 2775 4341 virtutis
2795 4267 3068 4360 loquitur
3093 4312 3291 4351 sermo
3320 4299 3431 4353 Dei.
3450 4267 3550 4354 Viri
3571 4295 3684 4349 enim

462 4353 514 4405 in
546 4356 710 4408 verbo
739 4357 851 4420 Dei,
891 4374 992 4412 non
1030 4364 1322 4428 poterimus
1361 4364 1628 4429 captivare
1668 4366 1991 4424 intellectum

460 4458 645 4497 eorum
685 4444 774 4510 qui
817 4446 1019 4501 diversa
1044 4466 1071 4503 a
1101 4452 1315 4505 Christo
1354 4453 1675 4512 sentiunhet
1703 4457 1994 4522 perducere

459 4548 551 4586 eos
575 4533 640 4586 ad
670 4534 1020 4591 obedientiam
1069 4540 1288 4599 Christi.
1326 4541 1487 4596 Pauci
1531 4553 1653 4596 sunt
1683 4554 1856 4599 tamen
1901 4550 1992 4615 qui

463 4637 696 4691 pugnare
743 4625 968 4689 possint,
996 4638 1050 4681 et
1090 4632 1266 4698 prtelia
1307 4633 1406 4686 ista
1452 4636 1712 4688 conﬁcere
1740 4651 1754 4689 :
1785 4638 1849 4689 de
1874 4654 1995 4692 sex-

462 4712 631 4765 centis
653 4712 884 4765 millibus
912 4722 964 4766 et
1003 4718 1225 4785 amplius
1262 4731 1603 4781 armatorum,
1628 4724 1717 4789 qni
1744 4726 1995 4779 videt-an-

467 4811 552 4854 tur
575 4800 804 4854 militare
831 4800 969 4864 Deo,
1010 4806 1119 4859 sola
1165 4810 1440 4864 duodecim
1482 4810 1644 4862 millia
1691 4812 1991 4881 eliguntur;

424 4930 427 4933 ι
461 4891 639 4945 (πρίει-ἰ
661 4891 1024 4960 relinquuntur
1050 4897 1099 4949 in
1122 4900 1332 4953 castris.
1362 4898 1569 4954 Intuere
1592 4902 1718 4953 mihi
1738 4919 1876 4957 nunc
1900 4921 1993 4973 po-

460 4982 640 5052 pulum
669 4983 755 5036 Dei
782 4982 909 5052 (45),
933 4989 1022 5053 qui
1047 4998 1130 5042 est
1157 4991 1208 5043 in
1234 4991 1492 5054 Ecclesia,
1527 4994 1710 5058 quanti
1753 5003 1877 5045 sunt
1925 5010 1993 5049 ex

467 5073 526 5124 iis
543 5071 631 5139 qui
657 5071 859 5140 possint
883 5088 979 5138 pro
1001 5077 1224 5132 veritate
1241 5090 1496 5147 pugnare,
1511 5079 1712 5144 possint
1745 5080 1995 5135 resistere

464 5162 527 5215 iis
553 5161 640 5222 qui
667 5163 1054 5231 contradicunt,
1076 5168 1165 5235 qui
1195 5168 1367 5222 sciant
1396 5166 1541 5218 verbi
1566 5165 1703 5219 bella
1738 5175 1993 5224 tractare.

2096 4373 2317 4426 virtutis
2340 4385 2492 4439 sunt,
2517 4376 2609 4442 qui
2637 4377 2707 4429 ad
2736 4379 2959 4435 bellum
2995 4391 3344 4453 procedunt.
3371 4390 3427 4443 Si
3453 4388 3562 4461 quis
3584 4397 3685 4437 vero

2094 4474 2333 4528 pugnare
2358 4479 2462 4517 non
2491 4464 2627 4528 vult,
2653 4482 2760 4520 nec
2787 4471 3068 4537 militare,
3098 4478 3149 4531 si
3180 4481 3309 4546 quis
3340 4494 3445 4533 non
3481 4476 3579 4529 vult
3607 4474 3683 4525 lia-

2096 4551 2223 4602 bere
2250 4563 2526 4608 certamen
2556 4557 2882 4614 studiorum
2911 4564 3262 4623 divinorum
3287 4579 3345 4623 et
3370 4565 3682 4623 abstinentia.

2094 4636 2183 4690 hic
2207 4653 2316 4691 non
2347 4641 2463 4693 vult
2490 4642 2720 4711 implere
2751 4647 2895 4702 illud
2951 4658 3108 4720 quod
3158 4659 3458 4727 Apostolus
3485 4651 3682 4709 dicit”:

2099 4743 2118 4776 ε
2159 4727 2263 4792 Qui
2290 4740 2470 4786 autem
2501 4733 2554 4785 in
2584 4749 2762 4802 agone
2802 4746 3136 4809 contendit,
3162 4749 3237 4802 ab
3285 4750 3529 4804 omnibus
3546 4742 3686 4799 conli-

2095 4831 2232 4871 netts
2257 4830 2362 4874 est.
2395 4839 2415 4873 ι
2460 4823 2563 4889 Qui
2608 4840 2742 4893 ergo
2768 4843 2884 4882 non
2912 4837 3221 4891 contendit
3264 4840 3318 4892 in
3362 4832 3682 4908 agone.e”b

2096 4910 2361 4967 omnibus
2392 4929 2500 4968 non
2546 4924 2629 4970 est
2665 4920 3001 4991 continens,
3027 4941 3217 4994 neque
3259 4931 3502 4985 exerceri
3527 4925 3623 4978 vult
3641 4925 3681 4976 in

2097 5002 2270 5052 verbo
2299 5002 2420 5069 Dei,
2445 5014 2500 5058 et
2528 5004 2582 5058 in
2610 5004 2727 5075 lege
2753 5006 2980 5068 Domini
3028 5019 3293 5074 meditari
3320 5021 3407 5073 die
3439 5031 3502 5071 ac
3537 5022 3680 5071 nocte.

2100 5084 2191 5140 hic
2211 5090 2436 5149 etiamsi
2457 5094 2541 5148 vir
2571 5096 2919 5162 dicatur,vir
2947 5112 3136 5160 tamen
3162 5108 3389 5163 virtutis
3416 5121 3515 5162 non
3534 5107 3680 5172 potat!

2101 5183 2407 5245 appellari.
2440 5188 2511 5244 At
2533 5201 2661 5242 vero
2690 5188 2802 5254 hic,
2830 5191 2903 5246 de
2930 5207 3044 5261 quo
3077 5211 3228 5251 nunc
3250 5211 3435 5252 sermo
3460 5203 3535 5248 est
3560 5186 3681 5244 Scri-

529 5297 576 5329 ³⁸
598 5296 619 5349 1
641 5298 778 5351 Tim.
803 5300 862 5365 ti,
892 5301 947 5355 4.
1022 5301 1068 5334 ³⁸
1088 5302 1240 5367 Lue.,
1293 5315 1394 5364 vn,
1442 5298 1527 5364 61,
1556 5298 1644 5352 ιε.
1718 5296 1762 5330 ³⁷
1794 5300 1948 5357 Num.
1989 5324 1991 5328 ⁴

2097 5329 2152 5380 Lt,
2194 5319 2299 5381 21.
2380 5330 2425 5364 ³⁸
2448 5331 2470 5389 ι
2492 5331 2616 5390 Cor.
2655 5346 2734 5396 ut,
2760 5330 2856 5388 25.

531 5409 639 5479 (45)
677 5412 851 5468 Codex
889 5416 1065 5472 Sancti
1107 5415 1440 5479 Theodorici,
1485 5431 1504 5464 ε
1542 5415 1730 5468 intueri
1765 5430 1904 5473 nunc
1936 5422 1995 5475 li-

464 5472 717 5550 bct_t1iilti_
736 5484 1003 5550 papulum.
1035 5506 1055 5537 ι
1198 5472 1210 5474 ἡ
1232 5472 1237 5473 ν
1263 5472 1270 5474 ἡ
1298 5472 1301 5473 ν
1427 5472 1438 5479 ⁷
1570 5549 1573 5550 ν
1732 5511 1743 5521 ο

539 5542 645 5610 (46)
683 5542 859 5605 Codex
911 5553 1089 5609 Sancti
1117 5550 1455 5614 Theoderici,
1479 5568 1496 5601 ι
1522 5549 1737 5607 Eleazar
1753 5556 2009 5617 sacerdos

2108 5450 2227 5524 [‘09
2253 5454 2329 5507 ad
2361 5470 2551 5513 omnes
2573 5454 2712 5509 viros
2735 5451 2954 5524 virtutis
2978 5457 3069 5524 qui
3092 5450 3503 5509 revertebantur
3526 5447 3588 5503 ad
3604 5457 3681 5516 ραι

2110 5513 2320 5591 bulum
2352 5526 2565 5588 locutus
2589 5536 2691 5595 est,
2723 5523 2816 5580 sed
2855 5523 2925 5578 ad
2961 5513 3055 5580 eos
3081 5531 3315 5587 tantum:
3358 5539 3380 5574 ’
3415 5531 3513 5574 eic-
