3838 6214
462 309 560 365 771

978 416 1251 471 IIOMILIA
1283 416 1473 471 XXVI.

738 504 812 560 De
836 523 1034 559 summa
1060 506 1262 559 numeri
1283 506 1513 571 ﬁliorum
1541 502 1730 556 Israel.

537 597 588 650 1.
629 595 967 650 Dill‘erentias
1005 608 1123 647 esse
1153 594 1482 662 profec‘tuum
1510 601 1562 645 et
1591 592 1905 644 meritorum
1942 592 1992 641 in

462 686 659 756 populo
704 685 957 745 ﬁdelium,
1007 684 1050 736 si
1090 683 1208 750 quis
1271 681 1576 749 diligentius
1628 681 1865 733 intendat
1917 678 1996 729 le-

464 755 655 841 ctioni:
673 777 851 828 multis
881 775 931 827 in
955 775 1085 827 locis
1117 774 1310 827 divinis
1342 775 1392 825 in
1423 766 1780 824 voluminibus
1806 770 1995 836 depreo

395 901 399 905 -
464 867 675 923 beudet.
702 865 814 919 Non
847 866 1019 918 minus
1075 872 1248 918 autem
1282 864 1415 925 haec,
1445 871 1498 914 et
1528 878 1591 915 ex
1637 862 1885 928 praesenti
1913 860 1989 911 le-

463 960 639 1013 ctione
664 958 961 1026 colligimus
997 955 1063 1009 de
1091 970 1154 1008 eo
1182 953 1322 1021 quod
1362 952 1613 1018 scriptum
1637 959 1717 1003 est
1737 949 1781 980 ιθ
1809 966 1822 1000 :
1864 966 1882 998 ι
1930 947 1989 999 Et

462 1048 895 1104 accesseruntad
936 1045 1151 1113 Moysen
1177 1057 1363 1096 omnes
1399 1041 1487 1108 qui
1515 1039 1790 1092 constituti
1838 1044 1995 1090 erant

464 1141 731 1209 principes
783 1153 875 1205 per
906 1136 1071 1189 tribus
1111 1136 1161 1187 in
1193 1134 1456 1196 exercitu,
1499 1130 1691 1184 tribuni
1721 1137 1775 1181 et
1804 1136 1992 1181 centu-

466 1231 660 1291 riones,
694 1238 748 1281 et
777 1227 1025 1280 dixerunt
1063 1225 1128 1276 ad
1175 1224 1391 1291 Moysen
1424 1239 1437 1272 :
1470 1218 1575 1272 Nos
1599 1218 1747 1287 pueri
1780 1217 1852 1269 tui
1881 1216 1961 1269 col

462 1321 683 1388 legimus
739 1332 999 1371 summam
1030 1316 1265 1368 virorum
1316 1312 1629 1365 bellatorum
1666 1318 1990 1367 nostrorum,

460 1418 515 1459 et
563 1421 664 1459 non
692 1405 944 1458 dissensit
968 1417 1032 1455 ex
1087 1401 1240 1455 nobis
1267 1399 1577 1467 quisquam,
1609 1404 1662 1448 et
1706 1394 1996 1448 obtulimus

464 1509 655 1546 rnunus
704 1493 950 1554 Domino,
985 1489 1354 1555 unusquisque
1382 1487 1462 1538 vir
1509 1485 1864 1548 quodcunque
1910 1482 1993 1533 iu-

461 1583 607 1635 venit
633 1596 726 1634 vas
755 1595 999 1639 aureum,
1041 1586 1307 1643 torquem,
1342 1581 1433 1626 aut
1466 1571 1703 1624 viriolam
1738 1568 1870 1638 (50),
1900 1577 1994 1620 aut

464 1671 738 1731 annulum,
793 1677 883 1721 aut
914 1667 1175 1726 dextrale,
1213 1674 1305 1717 aut
1353 1661 1670 1722 catcnulam,
1707 1660 1770 1710 ad
1821 1657 1995 1724 propi-

465 1759 700 1812 tiandum
747 1772 841 1824 pro
886 1756 1037 1808 nobis
1080 1768 1257 1806 coram
1317 1752 1560 1803 Domino.
1613 1767 1630 1798 ι
1681 1746 1995 1812 Loquuntur

462 1863 589 1915 ergo
617 1848 681 1898 ad
706 1845 936 1914 Moysem
963 1843 1114 1896 electi
1144 1841 1428 1909 principes,
1450 1838 1537 1906 qui
1570 1834 1842 1889 constituti
1873 1840 1997 1885 sunt

462 1951 624 2001 super
650 1934 959 1992 exercitum,
987 1940 1038 1983 et
1075 1945 1171 1996 pro
1222 1930 1352 1980 bene
1383 1928 1544 1994 gestis
1573 1924 1732 1976 rebus
1776 1935 1994 1973 munera

460 2024 686 2078 oll'erunt
716 2023 840 2086 Deo,
875 2022 1111 2073 dicentes
1143 2036 1155 2071 :
1191 2017 1294 2069 Nos
1322 2017 1464 2083 pueri
1505 2015 1581 2067 tui
1634 2028 1840 2072 sumus.
1895 2011 1991 2077 qui

463 2114 763 2178 accepimus
785 2124 1045 2163 summam
1082 2107 1395 2161 bellatorum
1436 2105 1661 2156 filiorum
1701 2101 1882 2155 Israel.
1908 2102 1995 2153 Di-

460 2212 788 2256 enatantem
821 2212 1080 2251 summam
1111 2195 1434 2249 bellatorum
1471 2192 1678 2244 illorum
1716 2189 1995 2242 duodecim

463 2289 626 2343 millia
655 2289 913 2347 virorum,
944 2285 1034 2351 qui
1064 2284 1216 2337 electi
1239 2289 1362 2335 sunt
1385 2295 1447 2332 ex
1476 2279 1722 2331 omnibus
1751 2277 1997 2329 tribubus

461 2378 649 2440 Israel,
704 2384 761 2427 ut
809 2373 1155 2441 conﬂigerent
1192 2371 1447 2423 adversus
1472 2367 1809 2419 Madiauitas.
1860 2363 1998 2417 Sunt

460 2482 589 2535 ergo
620 2465 671 2517 in
703 2442 902 2532 populo
927 2461 1016 2513 Dei
1064 2459 1346 2512 bellatores
1371 2456 1543 2519 multi,
1576 2462 1697 2508 sunt
1724 2463 1777 2507 et
1806 2451 1996 2505 imbel-

460 2551 541 2607 les
584 2548 799 2618 plurimi
835 2564 849 2600 :
880 2554 932 2599 et
963 2560 1147 2598 rursus
1198 2545 1337 2596 inter
1378 2542 1661 2594 bellatores
1696 2550 1821 2593 sunt
1871 2539 1995 2605 qni-

459 2640 606 2701 dam,
633 2637 720 2704 qui
752 2634 1081 2703 appellantur
1107 2645 1313 2685 summa
1368 2630 1708 2691 bellatorum,
1758 2627 2000 2679 eminen-

460 2728 628 2782 tiores
671 2725 789 2778 siue
817 2722 976 2776 dubio
1009 2722 1075 2774 iis
1124 2722 1213 2789 qui
1254 2719 1538 2773 bellatores
1563 2717 1830 2776 dicuntur,
1859 2715 1998 2768 sicut

459 2824 517 2870 et
569 2813 950 2867 eminentiores
987 2819 1110 2862 sunt
1151 2810 1216 2862 ab
1245 2808 1547 2862 imbellibus
1578 2806 1884 2860 bellatores.
1934 2805 2000 2857 Et

462 2917 650 2959 rursus
672 2910 794 2956 sunt
824 2898 983 2966 aliqui
1014 2898 1265 2951 celsiores
1288 2898 1354 2950 ab
1389 2897 1476 2960 iis,
1509 2894 1602 2963 qui
1640 2909 1849 2948 summa
1883 2893 1998 2947 bel-

462 2993 692 3047 latorum
745 2988 873 3042 dicti
905 2997 1028 3040 sunt
1059 3003 1073 3038 :
1111 2986 1144 3038 ii
1191 2986 1394 3039 scilicet
1439 2986 1529 3053 qui
1561 2984 1839 3038 constituti
1875 2991 1999 3037 sunt

462 3094 624 3149 super
653 3092 744 3130 eos
772 3075 1060 3143 principes,
1104 3082 1159 3126 et
1210 3073 1411 3142 praelati
1444 3074 1671 3143 singulis
1700 3073 1999 3141 quibusque

461 3168 695 3224 millibus
715 3167 1035 3220 electorum.
1064 3163 1155 3215 Est
1177 3178 1306 3232 ergo
1330 3163 1495 3216 multa
1536 3164 1817 3217 diversitas
1850 3162 1901 3215 in
1934 3176 1998 3216 eo

460 3258 671 3322 ordine,
701 3257 791 3324 qui
831 3254 1117 3309 bellatores
1145 3252 1497 3320 appellantur.
1531 3253 1634 3305 Sed
1667 3262 1717 3305 et
1743 3252 1881 3305 inter
1916 3252 1998 3318 ip-

462 3364 554 3403 sos
607 3346 844 3401 imbelles
906 3355 989 3399 est
1042 3344 1381 3398 nihilominus
1439 3343 1613 3410 aliqua
1673 3342 1993 3395 dilferentia.

459 3437 570 3494 Nec
610 3438 706 3502 ipsi
737 3436 879 3489 enim
903 3434 1178 3502 aequaliter
1225 3442 1279 3486 et
1310 3448 1414 3487 uno
1456 3433 1644 3485 ordine
1683 3446 1870 3484 omnes
1903 3445 1997 3498 ap-

459 3526 719 3598 pellantur
748 3524 1003 3579 imbelles.
1028 3523 1255 3588 Quidam
1293 3523 1438 3574 enim
1472 3523 1543 3574 ita
1585 3520 1826 3573 imbelles
1850 3528 1995 3581 sunt,

459 3625 518 3670 ut
543 3629 808 3684 nunquam
836 3614 1038 3683 possint
1077 3613 1189 3665 ﬁeri
1237 3611 1541 3674 bellatores,
1586 3621 1643 3662 ut
1685 3617 1767 3662 est
1814 3608 1996 3662 senilis

457 3714 608 3767 mtas,
658 3713 713 3756 et
765 3702 939 3756 oumis
988 3702 1253 3756 femineus
1306 3714 1485 3762 sexus,
1546 3698 1637 3752 sed
1680 3706 1733 3750 et
1763 3696 1996 3750 conditio

457 3795 685 3850 servilis.
720 3794 946 3847 Puerilis
977 3806 1102 3846 vero
1135 3801 1265 3845 retas
1301 3791 1372 3842 ita
1394 3788 1624 3842 imbellis
1644 3796 1746 3850 est,
1773 3795 1829 3841 ut
1850 3801 1996 3856 spem

458 3893 610 3954 gerat
640 3883 923 3951 aliquando
974 3882 1088 3936 ﬁeri
1122 3880 1388 3942 bellatrix,
1429 3879 1638 3932 scilicet
1659 3893 1779 3930 cum
1810 3892 2000 3931 occur-

459 3975 586 4028 rerit
611 3974 725 4041 (5|)
753 3973 806 4025 in
841 3973 1011 4024 virum
1044 3968 1358 4040 perfectum,
1387 3969 1439 4021 in
1474 3982 1777 4021 mensuram
1800 3966 1996 4029 relatis,

463 4072 588 4116 tunc
609 4075 709 4114 non
756 4059 925 4113 solum
954 4058 1244 4112 bellatores
1277 4056 1390 4109 Iieri
1421 4068 1485 4107 ex
1518 4053 1718 4125 pueris,
1744 4055 1837 4107 sed
1864 4063 1919 4107 et
1946 4055 1996 4106 in

459 4163 717 4203 summam
742 4147 1051 4199 bellaturum
1074 4147 1255 4200 venire
1274 4159 1331 4198 se
1352 4152 1589 4211 sperant,
1612 4152 1665 4195 et
1686 4155 1804 4207 esse
1821 4143 1997 4209 electi,

459 4247 514 4291 et
541 4238 594 4290 in
640 4238 918 4291 duodecim
961 4238 1192 4291 millibus
1224 4234 1522 4298 numerari,
1546 4232 1630 4287 vel
1660 4233 1818 4286 etiam
1866 4247 2000 4301 pra:-

459 4326 614 4388 I'erri,
639 4333 693 4379 et
723 4341 837 4378 esse
867 4328 1128 4395 principes
1153 4327 1468 4381 electorum.

526 4416 583 4468 2.
634 4414 921 4468 Considera
957 4432 1096 4470 nunc
1145 4419 1424 4484 praesentis
1452 4416 1631 4470 saeculi
1671 4423 1892 4479 statum,
1943 4424 1995 4468 et

460 4503 581 4557 vide
607 4504 786 4556 omnia
818 4503 969 4557 bellis
1006 4506 1228 4571 repleta,
1257 4521 1576 4573 omnemque
1603 4505 1888 4558 humanam
1917 4503 1995 4554 vi-

462 4602 568 4645 tam
612 4591 967 4646 invisibilihus
1007 4594 1202 4661 prmliis
1250 4607 1303 4649 et
1352 4594 1842 4663 impugnationilms
1888 4594 1995 4645 daa-

462 4695 675 4736 monum
724 4681 998 4749 perurgeri
1027 4698 1041 4734 :
1079 4682 1131 4735 in
1164 4683 1358 4751 populo
1394 4698 1521 4735 Vero
1562 4683 1650 4735 Dei
1681 4697 1803 4735 esse
1837 4697 1996 4749 quos-

462 4773 582 4826 dam
639 4772 709 4823 ita
761 4768 1005 4825 robustos
1051 4773 1152 4826 [ide
1204 4782 1543 4839 armatosque
1588 4772 1894 4833 virtutibus,
1942 4779 1998 4823 ut

465 4864 746 4913 adversum
799 4858 1098 4925 bujusmodi
1153 4862 1335 4914 hostes
1376 4858 1618 4926 quotidie
1672 4858 1805 4911 bella
1834 4859 1998 4912 couti-

462 4949 626 5008 ciant,
658 4955 711 5000 et
737 4960 947 5014 semper
973 4948 1022 5000 iu
1052 4949 1330 5016 procinctu
1363 4944 1521 5014 positi
1558 4960 1663 4996 non
1707 4945 1879 4996 solum
1915 4960 2002 4997 se-

462 5039 737 5105 metipsos,
766 5038 856 5088 sed
893 5047 1114 5090 caeteros
1166 5036 1254 5104 qui
1286 5035 1364 5087 vel
1407 5048 1500 5101 per
1545 5048 1754 5097 sexum,
1787 5033 1867 5087 vel
1909 5049 2003 5100 per

461 5137 690 5189 multem,
718 5125 797 5178 vel
823 5140 914 5195 per
940 5126 1214 5180 servitutis
1243 5122 1604 5178 conditionem
1634 5138 1873 5190 pugnare
1893 5143 1996 5180 non

1907 276 2238 355 omcems'
2736 324 2745 325 κ
3556 284 3664 339 m

2021 416 2068 471 Α
2097 414 2333 478 possunt,
2391 406 2463 460 ab
2511 404 2762 458 hostium
2813 407 3105 455 tueantur
3142 397 3546 458 insidiis,verho
3583 401 3664 451 do-

2096 500 2284 552 ctrinae
2341 508 2462 558 eos,
2505 491 2885 558 exemploque
2942 489 3085 541 vita:
3126 495 3183 540 et
3239 486 3666 540 commonitionum

2096 586 2386 640 sedulitate
2421 585 2743 637 munientes
2782 599 2796 633 :
2838 581 2887 633 si
2916 588 3112 633 tamen
3149 592 3258 631 non
3292 577 3517 630 desiteis
3544 577 3668 632 ﬁdes.

2097 674 2221 727 Sive
2242 674 2390 726 enim
2435 672 2762 732 bellatores,
2797 670 2933 723 sive
2963 667 3247 728 imbelles,
3273 666 3578 734 impossibile
3602 676 3671 721 est

2095 762 2291 816 salvari
2323 763 2446 815 sine
2496 761 2625 815 (ide.
2681 761 2837 813 Inter
2867 756 3045 826 370
3085 756 3240 823 ipsos
3279 762 3455 808 tamen
3484 756 3673 809 bellato-

2098 869 2206 913 res,
2234 867 2330 905 eos
2358 852 2633 905 duntaxat
2661 849 2757 917 qui
2803 849 3057 900 militant
3108 846 3245 907 Deo,
3271 844 3540 897 considera
3567 847 3673 900 alios

2098 943 2169 995 ita
2194 958 2311 995 esse
2337 950 2562 1009 paratos
2597 948 2649 991 et
2680 936 2984 1003 expeditos
3025 942 3088 985 ut
3127 933 3299 986 nullis
3326 946 3383 985 se
3432 932 3670 1001 implicent

2096 1033 2316 1083 omnino
2347 1029 2589 1097 negotiis
2622 1026 3026 1089 sa'cularibus,
3058 1032 3124 1076 ut
3172 1022 3389 1091 placere
3416 1025 3675 1089 possintci,

2097 1122 2181 1174 cui
2217 1136 2275 1173 se
2306 1121 2685 1188 probaverunt
2718 1119 2790 1183 “,
2822 1117 2925 1171 sed
2965 1117 3020 1168 in
3056 1116 3184 1181 lege
3228 1114 3325 1167 Dei
3358 1115 3583 1167 meditari
3610 1119 3678 1172 die

2096 1226 2161 1263 ac
2214 1221 2396 1263 nocte.
2463 1210 2556 1263 Isti
2609 1225 2745 1275 ergo
2789 1209 2888 1275 qui
2948 1204 3277 1273 bujusmodi
3332 1214 3475 1268 sunt,
3506 1222 3677 1261 summa

2097 1302 2420 1354 bellatorum
2451 1300 2825 1368 appellantur.
2863 1298 3125 1364 Denique
3160 1310 3272 1349 nou
3313 1304 3400 1349 est
3432 1297 3608 1350 dictum
3631 1300 3681 1352 de

2098 1390 2378 1443 communi
2429 1404 2670 1442 numero
2727 1388 3105 1451 bellatorum,
3164 1387 3299 1454 quia
3344 1401 3495 1439 nemo
3543 1386 3589 1439 in
3620 1389 3681 1441 eis

2098 1478 2378 1542 dissensit,
2436 1481 2545 1547 sed.
2577 1479 2645 1532 de
2676 1479 2747 1531 iis
2785 1479 3009 1532 dictum
3044 1486 3155 1542 est,
3188 1477 3287 1546 qui
3320 1490 3523 1529 summa
3546 1476 3679 1530 bella-

2100 1582 2277 1626 torum
2326 1573 2592 1625 nominati
2634 1584 2787 1625 sunt.
2843 1572 2905 1625 In
2945 1573 3071 1625 istis
3110 1574 3265 1626 enim
3292 1572 3385 1640 qui
3421 1572 3543 1623 tales
3564 1581 3681 1636 sunt,

2098 1660 2245 1716 nulla
2276 1663 2571 1726 dissensm,
2606 1662 2756 1714 nulla
2794 1664 3115 1715 discordia.
3155 1662 3266 1729 Ipsi
3300 1661 3444 1714 enim
3470 1670 3579 1716 sunt
3596 1661 3681 1725 isti,

2099 1751 2167 1805 de
2194 1750 2388 1818 quibus
2434 1749 2647 1802 dictum
2699 1761 2788 1802 est
2824 1749 2875 1780 “
2906 1767 2922 1803 :
2962 1768 2983 1799 ‹
3019 1750 3161 1803 Erat
3189 1759 3377 1802 autem
3399 1749 3683 1803 credentium

2098 1854 2193 1891 cor
2213 1849 2269 1921 et
2290 1840 2471 1892 anima
2504 1854 2635 1903 una,
2664 1854 2776 1891 nec
2823 1841 3140 1906 quisquam
3170 1854 3367 1891 eorum
3393 1837 3573 1904 aliquid
3592 1850 3688 1903 pro-

2097 1940 2272 1993 prium
2310 1925 2548 1988 dicebat,
2584 1928 2683 1979 sed
2734 1936 2911 1980 erant
2969 1928 3086 1979 illis
3132 1928 3325 1980 omnia
3357 1927 3682 1981 communiat

2098 2012 2187 2065 Isti
2217 2020 2341 2063 sunt
2393 2029 2526 2082 ergo
2564 2030 2789 2067 summa
2827 2015 3212 2080 bellatorum,
3274 2017 3328 2069 in
3361 2016 3541 2083 quibus
3565 2028 3686 2067 nemo

2097 2099 2375 2154 dissensit.
2428 2102 2517 2154 Isti
2564 2112 2691 2156 sunt
2757 2103 2858 2169 qui
2906 2103 3042 2156 auri
3095 2103 3401 2171 plurimum
3453 2104 3688 2171 pugnando

2098 2200 2382 2260 εθρενυηι,
2413 2202 2470 2245 CI.
2521 2207 2688 2246 omne
2727 2209 2942 2247 aurum
3009 2206 3187 2263 atque
3223 2210 3390 2248 onme
3442 2209 3689 2247 ornamen-

2099 2290 2233 2344 tum,
2265 2280 2382 2335 sive
2414 2282 2638 2349 capitis,
2669 2282 2794 2335 sive
2826 2282 3236 2345 brachiorum,
3264 2283 3381 2336 sive
3410 2283 3557 2337 etiam
3578 2281 3686 2349 digi-

2100 2378 2299 2433 torum,
2353 2370 2405 2421 id
2462 2379 2549 2423 est
2595 2371 2885 2439 quidquid
2942 2371 3004 2425 in
3054 2373 3451 2435 iutellectibus,
3477 2368 3690 2439 quidquid

2101 2456 2151 2507 in
2177 2455 2436 2524 operibus
2474 2458 2708 2525 habent,
2740 2460 2860 2512 Deo
2899 2457 3185 2513 oﬂ'crunt.
3219 2460 3412 2514 Sciunt
3452 2458 3577 2513 enim
3593 2457 3689 2525 quia

2100 2560 2323 2598 munera
2380 2544 2499 2613 ejus
2528 2546 2655 2599 data
2693 2546 2817 2614 ejus
2864 2558 3038 2612 sunt,
3070 2559 3128 2603 et
3164 2550 3293 2604 ideo
3346 2565 3449 2603 non
3480 2545 3689 2601 dissentit

2100 2634 2156 2687 in
2185 2634 2264 2687 eis
2300 2648 2401 2687 nec
2448 2649 2612 2688 unus.
2648 2634 2763 2688 Nec
2794 2636 2963 2689 enim
2996 2647 3251 2705 possunt
3282 2651 3503 2692 munera
3534 2632 3690 2689 oilerre

2102 2723 2232 2785 Deo,
2280 2722 2441 2789 positi
2490 2721 2542 2773 in
2596 2722 2991 2780 dissensione.
3055 2727 3206 2782 Istos
3235 2738 3371 2797 puto
3399 2742 3513 2782 esse
3536 2738 3689 2779 secun-

2099 2810 2224 2864 dum
2280 2811 2666 2880 Evangelium,
2711 2814 2813 2879 qui
2874 2827 3243 2886 prazceptum
3278 2818 3410 2871 illud
3454 2817 3692 2885 diligenter

2100 2900 2416 2966 observant,
2453 2900 2599 2967 quod
2635 2902 2880 2956 mandat
2948 2906 3239 2961 Dominus
3270 2918 3327 2961 et
3359 2907 3587 2960 Salvator
3617 2903 3690 2955 δίε

2025 3020 2070 3081 C
2107 3005 2127 3039 ι
2156 2987 2213 3040 Si
2245 2998 2423 3081 autem
2455 2987 2623 3042 oﬂ'ers
2681 3004 2896 3045 munus
2946 3004 3113 3049 tuum
3153 2998 3226 3050 ad
3253 2997 3444 3062 altare,
3477 3006 3527 3050 et
3552 3007 3691 3049 reme-

2105 3085 2353 3130 moratus
2393 3078 2572 3131 fueris
2608 3078 2741 3145 quia
2775 3079 2969 3136 frater
3016 3092 3153 3139 tuus
3186 3088 3391 3141 habeat
3412 3086 3591 3154 aliquid
3614 3082 3689 3136 ad-

2104 3179 2319 3217 versum
2355 3174 2429 3230 te,
2464 3168 2719 3236 relinque
2752 3172 2834 3225 ibi
2896 3188 3121 3227 munus
3155 3183 3311 3228 tuum
3352 3175 3418 3228 ad
3444 3176 3614 3238 altare,
3647 3179 3692 3226 et

2103 3260 2238 3310 vade
2272 3261 2422 3326 prius
2476 3262 2849 3318 reconciliari
2899 3265 3071 3320 fratri
3133 3278 3254 3333 tuo,
3286 3279 3341 3324 et
3373 3278 3493 3323 tunc
3518 3268 3692 3321 veniens

2105 3344 2302 3400 oﬂ'eres
2360 3362 2559 3402 munus
2632 3357 2819 3418 tuum,
2889 3373 2911 3406 ι
2972 3373 3092 3424 quo
3152 3360 3370 3412 scilicet
3418 3360 3575 3410 levent
3605 3353 3691 3425 (53)

2104 3450 2294 3489 manus
2320 3451 2447 3490 suas
2494 3439 2563 3492 ad
2595 3439 2767 3494 Deum
2802 3442 2936 3498 sine
2986 3447 3072 3499 ira
3131 3456 3195 3501 et
3238 3449 3581 3503 dissensione.
3619 3444 3687 3497 lsli

2103 3536 2228 3577 sunt
2259 3541 2387 3594 ergo
2418 3527 2512 3593 qui
2552 3529 2752 3583 dicunt
2785 3530 2864 3599 ⁸⁸,
2908 3551 2929 3585 ς
2975 3536 3344 3608 Collegimus
3373 3551 3611 3593 summam
3630 3533 3689 3585 vi-

2106 3630 2286 3666 rorum
2334 3615 2663 3672 bellatorum
2718 3632 3093 3693 nostrorum,
3122 3640 3184 3683 et
3217 3646 3327 3685 non
3380 3630 3608 3685 dissensit
3644 3639 3690 3676 ex

2103 3703 2260 3756 nobis
2304 3705 2598 3774 quisquam
2629 3745 2645 3769 .
2684 3719 2739 3762 et
2784 3713 3113 3771 obtulimus
3164 3735 3379 3775 munus
3413 3719 3630 3773 Domino.
3672 3732 3687 3765 ι

2106 3791 2372 3845 Discenda
2422 3794 2592 3863 igitur
2636 3798 2806 3853 nobis
2860 3818 3230 3874 magnopere
3261 3822 3348 3866 est
3376 3808 3693 3864 consonantia-

2104 3882 2392 3951 disciplina
2431 3887 2548 3955 (53)
2584 3906 2597 3940 :
2632 3889 2765 3955 quia
2816 3901 3102 3963 tanquam
3142 3899 3206 3953 in
3262 3902 3505 3962 musicis,
3534 3900 3571 3951 si
3596 3900 3687 3948 tm-

2105 3971 2284 4024 mouia
2336 3974 2671 4028 chordarum
2725 3977 2907 4034 fuerit
2973 4000 3373 4044 consonanter
3417 3999 3697 4058 aptata,so-

2105 4073 2228 4109 num
2261 4075 2487 4113 suavem
2520 4065 2795 4120 tnodulati
2824 4074 3110 4130 carminis
3152 4079 3394 4143 reddit;
3445 4080 3487 4133 si
3514 4092 3620 4130 vero
3642 4078 3695 4125 sit

2110 4145 2292 4212 aliqua
2343 4147 2398 4200 ίη
2468 4149 2669 4204 ﬁdibus
2703 4154 3099 4225 dissonantia,
3138 4162 3544 4234 ingratissimus
3565 4173 3697 4215 sonus

2105 4236 2379 4301 redditur,
2431 4250 2488 4292 et
2518 4242 2795 4298 carminis
2834 4248 3083 4305 dulcedo
3122 4257 3536 4323 corrumpitur;
3570 4254 3627 4304 ita
3654 4260 3696 4302 et

2034 4342 2076 4395 ι)
2110 4323 2144 4376 ii
2166 4327 2254 4394 qui
2281 4327 2393 4383 Deo
2411 4331 2673 4397 militant,
2695 4335 2743 4387 si
2772 4337 3174 4398 dissensiones
3203 4356 3265 4400 et
3280 4346 3567 4401 discordias
3587 4343 3698 4396 inter

2099 4430 2157 4469 se
2186 4417 2446 4486 habeant,
2487 4422 2703 4491 ingrata
2747 4441 2931 4484 erunt
2974 4436 3275 4497 omuia,et
3309 4437 3441 4490 nihil
3462 4443 3695 4500 acceptum

2100 4504 2209 4559 Deo
2230 4507 2533 4576 videbitur,
2563 4514 2790 4569 etiamsi
2816 4521 2999 4575 multa
3022 4524 3170 4579 bella
3199 4528 3513 4589 conﬁciant,
3526 4518 3697 4578 etiamsi

2097 4596 2266 4662 δβοιίῖῑ
2298 4599 2472 4652 “ml-3
2493 4600 2777 4671 deferam.
2814 4620 2878 4662 et
2913 4615 3092 4669 multa
3114 4633 3349 4672 munera
3367 4615 3698 4673 offerantDeo-

2100 4684 2321 4739 Dicetur
2349 4690 2496 4741 enim
2530 4692 2599 4746 ad
2627 4708 2728 4748 eos
2758 4715 2772 4749 :
2820 4700 3061 4771 Depone
3111 4723 3313 4763 munus
3345 4720 3494 4762 tuum
3545 4706 3602 4760 ad
3632 4702 3696 4756 al-

2104 4790 2243 4839 tare,
2266 4787 2328 4876 et
2354 4782 2493 4834 vade
2523 4784 2685 4865 prius
2726 4795 3104 4850 reconciliari
3149 4798 3310 4852 fratri
3346 4810 3456 4862 tuo,
3487 4793 3699 4863 utp055i5

2104 4874 2158 4916 θί
2189 4875 2240 4917 ¹¹¹
2267 4874 2411 4921 im"
2443 4885 2544 4925 θοε
2574 4876 2668 4941 (1(ιί
2706 4891 2940 4936 summa
2970 4899 3110 4942 sunt
3136 4890 3384 4943 virorum
3416 4889 3699 4942 bellatorum

2103 4958 2410 5055 numerari,
2446 4970 2504 5013 et
2540 4963 2756 5032 dicere,
2808 4974 2949 5041 quia
2985 4992 3099 5030 non
3155 4979 3417 5034 dissensit
3467 4994 3527 5032 ex
3577 4974 3700 5028 nobis

2100 5053 2423 5144 quisquam.
2483 5053 2600 5123 Ego
2633 5059 2810 5114 etiam
2865 5069 3114 5137 amplius
3170 5070 3379 5139 aliquid
3433 5071 3563 5123 dico.
3607 5062 3699 5116 NiSi

2105 5134 2229 5187 “‘“s
2284 5136 2485 5210 meris.
2512 5157 2573 5201 ut
2611 5150 2668 5203 in
2706 5153 2865 5210 nullo
2895 5134 3202 5215 dissentias
3230 5134 3558 5214 a-tnandatis
3606 5155 3699 5215 Dei.

529 5288 575 5320 “
602 5287 756 5341 Num.
785 5303 930 5353 XXXI,
954 5289 1148 5355 48,49,
1171 5288 1259 5342 50.
1334 5284 1378 5315 "
1421 5282 1463 5335 11
1495 5282 1632 5334 Tim.
1668 5299 1729 5345 tt,
1765 5285 1817 5337 ει.
1888 5288 1933 5317 ⁸⁸
1957 5290 1995 5342 Α

2103 5299 2297 5358 ιν,5ξ)..
2381 5306 2424 5338 ⁸⁷
2470 5309 2669 5370 Matth.
2707 5334 2764 5382 ν,
2798 5320 2897 5385 ‘25,
2923 5322 3020 5378 9.4.
3095 5324 3143 5356 “
3160 5322 3318 5377 Num.
3355 5338 3503 5385 sui,
3528 5314 3696 5380 19.50-

532 5379 642 5445 (εἷο)
682 5379 781 5430 Pro
815 5399 833 5431 ‹
881 5382 1144 5448 viriolam,
1190 5397 1209 5432 ι
1247 5379 1410 5433 codex
1442 5375 1501 5430 S.
1534 5375 1855 5432 Theodorici
1888 5382 1988 5434 ha-

465 5444 574 5503 bet,
603 5444 631 5494 «ν
658 5449 941 5501 armillam.
981 5470 998 5501 ι

469 5513 640 5626 mli”
675 5511 799 5568 Mss.
847 5533 867 5565 ε
912 5518 1229 5573 occurrerit.
1274 5535 1293 5568 ι
1330 5515 1483 5569 Libb.
1532 5514 1695 5579 editi,
1739 5534 1757 5565 ι
1797 5529 1990 5570 occur-

2179 5391 2300 5540 (52;
2333 5398 2474 5460 Mss.
2515 5429 2534 5462 ς
2568 5411 2779 5470 levent.
2826 5436 2844 5469 ι
2879 5419 3040 5472 Libb.
3072 5418 3221 5479 editi,
3257 5436 3275 5468 ι
3325 5418 3482 5470 levet.
3525 5434 3544 5465 ι

2179 5463 2276 5532 (δέ)
2335 5469 2480 5534 Mss.
2529 5499 2548 5533 ι
2583 5490 2970 5540 consonantim
2995 5488 3297 5540 disciplina.
3340 5503 3359 5536 ι
3392 5485 3541 5539 Libb.
3566 5477 3637 5534 edi

2106 5543 2128 5578 ‘
2171 5463 2300 5585 £35)
2335 5469 2480 5534 Mss.
2511 5499 2548 5564 ⁸ι
2583 5490 2970 5542 eousnnantim
2995 5463 3297 5557 discipliita.
3340 5463 3541 5539 ἶίῖιᾷυξ
3566 5475 3699 5539 editi,

2247 5553 2561 5595 "50mian
2596 5556 2900 5595 digamma.
2958 5578 2975 5595 ,

2365 5556 2564 5608 nantia
2596 5556 2924 5634 disciplinae.
2958 5578 2975 5611 ι
