3838 6230
132 402 193 478 7i;
414 465 457 478 __
1004 425 1011 430 -
1419 375 1487 429 IN
1496 460 1504 464 -
1518 374 1842 431 NUMEROS
1872 374 2151 430 HOMILIA
2179 372 2366 429 XXVI.
3382 368 3484 424 τῃ

143 465 309 588 ζώῃ
370 465 597 588 aliis“)?
639 478 1001 558 discrepes
1058 496 1129 549 ab
1184 495 1514 562 evangelicis
1544 495 1843 564 praeceptis.
1878 500 1925 555 Α
2017 495 2072 548 5.
2137 492 2258 548 Post
2323 493 2436 546 haec
2489 493 2725 561 sequitur
2770 493 2993 546 historia
3059 493 3126 547 de
3177 490 3484 547 haereditate

152 566 529 684 gn'éoteris
549 566 816 629 hostem
866 581 1119 640 vincere
1150 584 1282 657 (54),
1325 600 1431 638 non
1462 586 1665 653 poteris
1695 601 1849 652 supe-
1954 584 2176 648 Ruben,
2229 592 2284 635 et
2329 581 2440 636 Gad
2469 620 2484 645 ,
2555 591 2608 635 et
2664 583 2893 636 dimidiae
2944 581 3115 636 tribus
3170 583 3413 638 Manasse
3464 624 3480 639 .

304 665 708 731 summum.
774 665 851 721 In
916 687 998 726 eo
1046 678 1190 729 enim
1220 676 1333 744 ipso
1376 674 1486 740 jam
1517 675 1686 728 victus
1712 689 1768 727 es
1797 675 1849 726 in
1951 674 2013 726 de
2068 687 2170 740 qua
2234 678 2588 740 proponentes
2645 670 2819 737 aliqua
2887 671 3188 738 disserere,
3242 673 3485 727 volumus

178 750 256 858 ὦ
276 750 623 836 δῑεδεηηε
664 771 682 807 ε
721 766 790 810 ει
851 775 970 829 per
1024 766 1132 819 hoc
1174 766 1346 834 ipsum
1371 765 1640 834 superaris
1674 780 1702 817 ε,
1734 764 1850 816 dia-
1949 763 2100 831 371
2150 761 2294 828 prius
2336 760 2634 812 auditorum
2675 758 2998 827 diligentiam
3031 775 3383 822 commonere,
3429 770 3484 813 et

177 843 285 932 60'".
345 853 437 897 '“I
470 850 593 906 quo
631 843 975 905 discordas
1006 868 1036 905 a
1072 853 1200 906 Deo.
1234 851 1291 905 Si
1321 863 1498 906 autem
1527 853 1606 905 vis
1635 853 1849 904 vincere
1950 853 2155 905 animos
2182 864 2364 904 eorum
2404 849 2470 901 ad
2503 847 2999 915 contemplationem
3034 849 3290 916 spiritalis
3328 848 3482 901 intel-

180 915 539 1022 ᾗὶἶιῑςρευιη,
572 939 636 985 et
675 948 817 989 esse
848 953 1084 993 summa
1118 942 1453 1005 bellatorum,
1478 942 1689 993 adhaere
1719 941 1846 1003 Deo,
1952 940 2185 1008 ligentiaz
2214 939 2494 992 suscitare.
2526 936 2710 1001 Omnia
2742 953 2860 1005 qua:
2891 937 3141 990 dicuntur
3171 953 3273 990 non
3311 938 3481 991 solum

358 1019 598 1075 ﬂeorda
643 1039 783 1076 cum
820 1025 983 1094 ipso,
1031 1030 1172 1083 sicut
1223 1030 1309 1082 ille
1353 1031 1440 1097 qui
1493 1030 1704 1082 dicebat
1754 1028 1797 1059 ⁸³
1833 1046 1845 1080 :
1949 1043 2015 1081 ex
2047 1030 2163 1097 ipso
2200 1027 2288 1093 qui
2317 1026 2512 1079 dicitur
2538 1041 2783 1079 sermone
2807 1028 3072 1093 pensanda
3117 1035 3257 1090 sunt,
3288 1027 3378 1079 sed
3428 1037 3484 1081 et

304 680 326 693 ο

188 1067 241 1104 Ἑλ
253 1070 308 1104 ἢῆ

232 1137 350 1196 κᾏχ
394 1110 451 1165 is
479 1128 586 1165 uos
614 1117 923 1183 separabit
967 1134 1000 1171 a
1056 1122 1317 1172 charitate
1363 1120 1497 1171 Dei?
1533 1117 1847 1179 Tribulatio,

244 1233 313 1266 ιω
337 1202 646 1268 “tgustia,
704 1218 780 1256 an
839 1205 1045 1271 fames,
1076 1223 1140 1259 an
1172 1208 1401 1268 nuditas,
1432 1223 1495 1258 an
1531 1206 1846 1273 periculum,

276 1316 343 1351 an
387 1292 656 1366 gladius?
703 1314 723 1345 ι
769 1295 842 1348 Et
883 1296 1083 1349 iterum
1108 1297 1191 1349 ἠε
1226 1315 1245 1346 ‹
1279 1296 1458 1364 Neque
1505 1297 1627 1358 vita,
1681 1310 1850 1362 neque

285 1400 449 1442 mors.
479 1399 656 1452 neque
705 1384 1005 1448 instantia,
1048 1401 1216 1453 neque
1238 1386 1434 1441 futura,
1461 1400 1630 1450 neque
1664 1385 1849 1437 altitu-

284 1475 371 1538 do,
398 1489 570 1542 neque
600 1473 967 1542 profundum,
1016 1489 1185 1542 neque
1219 1484 1466 1528 creatura
1512 1474 1612 1526 alia
1656 1474 1853 1541 poterit

274 1577 377 1616 nos
422 1577 687 1629 separare
735 1578 765 1615 a
809 1564 1082 1616 eharitate
1120 1563 1232 1624 Dei,
1278 1578 1395 1630 quae
1438 1574 1520 1614 est
1553 1562 1605 1614 in
1636 1560 1850 1615 Christo

269 1651 403 1706 Jesu
438 1652 679 1706 Domino
707 1664 921 1706 nostro.
962 1673 980 1705 ι
1016 1654 1117 1706 Iste
1151 1653 1269 1705 talis
1301 1661 1476 1719 potest
1499 1652 1714 1705 vincere
1743 1651 1855 1704 Ma-

267 1742 546 1806 dianitas,
578 1755 635 1794 et
692 1744 1007 1795 interficere
1038 1758 1222 1795 omnes
1246 1752 1556 1809 peccatores
1597 1752 1773 1806 terrae,
1798 1751 1851 1796 et

1948 1131 2170 1185 persona
2193 1116 2417 1169 dicentis
2447 1130 2766 1184 magnopere
2790 1116 3171 1168 consideranda
3193 1126 3294 1168 est.
3323 1113 3482 1168 Verbi

1949 1206 2116 1272 gratia
2147 1222 2160 1257 :
2203 1205 2247 1257 si
2289 1218 2417 1271 puer
2440 1204 2627 1271 estqui
2659 1204 2909 1271 loquitur,
2942 1206 3146 1258 animos
3180 1211 3388 1257 nostros
3419 1207 3483 1258 ad

1947 1296 2180 1349 auditum
2221 1295 2415 1362 eloquii
2448 1295 2666 1362 puerilis
2705 1302 2966 1361 aptamus,
3001 1309 3096 1347 nec
3142 1294 3258 1362 plus
3287 1295 3483 1361 aliquid

1949 1385 1999 1437 in
2028 1385 2091 1437 iis
2120 1400 2236 1452 qum
2281 1385 2552 1447 dicuntur,
2599 1384 2699 1437 nisi
2744 1385 3051 1450 inquantum
3108 1384 3305 1437 sentire
3356 1400 3486 1451 puer

1946 1475 2138 1543 potuit,
2171 1484 2560 1543 exspectamus.
2595 1475 2650 1527 Si
2695 1490 2821 1530 vero
2858 1476 2949 1543 qui
2980 1474 3209 1541 loquitur
3258 1475 3335 1526 vir
3382 1470 3485 1538 est,

1949 1563 2198 1618 continuo
2250 1563 2694 1631 contemplamur,
2738 1563 2785 1617 si
2836 1565 2952 1617 viro
2995 1565 3150 1631 digna
3195 1574 3313 1616 sunt
3370 1580 3487 1630 qua:

1950 1655 2214 1708 dicuntur.
2243 1652 2305 1703 Et
2337 1667 2519 1705 rursus
2545 1653 2587 1705 si
2617 1653 2696 1704 vir
2725 1652 2814 1705 ille
2841 1652 3083 1706 eruditus
3109 1652 3178 1704 sit
3209 1651 3297 1719 qui
3335 1652 3482 1717 dicit,

1949 1757 2047 1811 pro
2068 1743 2379 1795 eruditionis
2416 1742 2529 1807 ejus
2570 1742 2761 1795 intuitu
2794 1745 2951 1795 etiam
2992 1743 3129 1794 dicta
3179 1755 3482 1809 pensamus.

260 1831 514 1900 perdere
564 1845 788 1883 omnem
841 1829 1125 1896 imaginem
1157 1844 1339 1883 eorum
1383 1831 1447 1883 de
1499 1830 1719 1883 civitate
1750 1830 1850 1882 Do-
1881 1803 1922 1856 Β
1951 1833 2005 1886 Si
2039 1848 2162 1886 vero
2180 1833 2261 1884 vir
2287 1832 2501 1899 quidem
2530 1831 2615 1883 ille
2637 1833 3033 1901 est,imperitns
3060 1840 3232 1883 tamen
3265 1842 3316 1884 et
3351 1831 3487 1883 idio-

262 1920 433 1972 mini.
473 1919 547 1970 Et
602 1933 709 1986 ego
757 1932 888 1985 ergo
938 1919 1105 1971 debeo
1138 1920 1200 1970 de
1253 1919 1473 1985 meipso,
1502 1926 1555 1972 et
1593 1918 1658 1972 de
1706 1925 1848 1972 terra

254 2008 462 2061 carnis
506 2021 648 2058 meae
699 2007 926 2072 perdere
955 2015 1288 2071 peccatores,
1320 2016 1374 2059 et
1405 2005 1708 2062 interficere
1740 2007 1848 2063 for-

257 2097 670 2157 nicationem,
736 2094 1156 2156 immunditiam,
1208 2095 1541 2162 passionem,
1598 2100 1851 2166 concupi-

250 2186 555 2239 scentiam
590 2182 822 2243 malam,
849 2191 904 2233 et
939 2181 1235 2233 avaritiam.
1268 2181 1356 2235 lsti
1393 2184 1536 2236 enim
1577 2194 1700 2237 sunt
1727 2200 1851 2254 pec-

249 2280 493 2326 catores
527 2281 701 2324 terrae
735 2285 890 2332 meae,
938 2283 1070 2336 quos
1096 2275 1220 2322 tunc
1260 2267 1470 2322 demum
1493 2273 1850 2326 exterminare

247 2370 472 2429 potero
532 2370 595 2414 et
640 2358 974 2420 interficere,
1017 2358 1059 2411 si
1094 2373 1199 2411 non
1231 2358 1541 2412 dissentiam
1572 2375 1601 2412 a
1632 2362 1850 2414 manda-

245 2452 328 2505 tis
358 2451 607 2506 Domini
644 2468 661 2503 :
695 2459 752 2503 et
806 2458 931 2501 tunc
960 2463 1086 2501 vere
1137 2448 1322 2516 dignus
1364 2462 1478 2512 ero,
1512 2450 1602 2516 qui
1631 2449 1848 2506 offeram

244 2540 375 2596 Deo
417 2552 689 2593 munera.
731 2557 750 2589 ι
796 2536 967 2592 Omne
988 2551 1080 2590 vas
1106 2552 1348 2600 aureum,
1383 2545 1646 2605 torquem,
1700 2558 1719 2590 ι
1769 2540 1852 2593 in-

241 2635 386 2704 quit
421 2634 503 2698 ",
533 2650 555 2682 α
593 2640 693 2684 aut
728 2629 975 2682 viriolam
1003 2627 1135 2698 (55),
1159 2635 1251 2679 aut
1290 2626 1562 2692 annulum,
1595 2639 1687 2682 aut
1723 2629 1851 2684 dex-

248 2725 434 2785 trale,
468 2732 577 2776 aut
597 2720 934 2775 catenulam.
993 2737 1012 2770 ι
1063 2719 1296 2785 Torquis
1340 2728 1712 2771 ornamentum
1766 2734 1851 2772 sa-

253 2814 508 2881 pientiae
556 2820 666 2864 est.
703 2808 763 2861 In
815 2806 1122 2861 Proverbiis
1151 2809 1290 2861 enim
1337 2807 1402 2860 de
1428 2806 1686 2873 sapientia
1720 2806 1852 2860 diei-

244 2912 350 2957 tur
381 2904 463 2967 ",
507 2901 665 2969 quod
714 2899 805 2965 qui
836 2896 1148 2964 acquisierit
1188 2912 1328 2960 eam,
1370 2906 1608 2965 torquem
1634 2910 1850 2949 auream

244 3004 438 3062 ponat
468 2994 631 3048 circa
658 2989 854 3043 collum
883 3002 1057 3041 suum.
1095 2985 1288 3039 Viriola
1312 2995 1366 3038 et
1399 2987 1647 3051 annulus,
1688 3000 1851 3038 orna-

246 3095 462 3138 menta
502 3089 640 3136 sunt
686 3092 970 3138 manuum,
1004 3075 1054 3128 in
1088 3075 1279 3145 quibus
1307 3089 1523 3142 Operum
1569 3074 1849 3142 signantur
1875 3095 1915 3151 ο
1950 3075 2128 3129 mundi
2162 3085 2306 3143 gesta
2331 3085 2475 3141 sunt,
2511 3075 2593 3129 vel
2626 3090 2743 3145 qua:
2768 3077 2818 3128 in
2846 3078 2948 3129 fine
2968 3074 3084 3144 ejus
3118 3086 3271 3127 erant
3302 3090 3492 3142 geren-
3576 3092 3581 3099 ε

245 3173 510 3228 indicia.
548 3169 820 3224 Similiter
868 3175 924 3220 et
967 3164 1227 3219 dextrale.
1260 3163 1529 3216 Catenulze
1554 3178 1678 3215 vero
1702 3162 1845 3215 verbi

246 3273 310 3317 et
342 3261 639 3316 doctrinae
664 3256 1029 3311 connexiones
1060 3252 1360 3307 declarant.
1393 3269 1411 3301 ‹
1442 3253 1520 3305 Ad
1555 3251 1847 3319 propitiano

242 3355 427 3414 dum,
461 3371 484 3402 ι
527 3348 716 3415 inquit
737 3346 807 3408 ⁸³,
847 3363 865 3395 ί
908 3344 1075 3397 Deum
1119 3356 1214 3409 pro
1243 3341 1417 3395 nobis.
1460 3359 1479 3390 ι
1512 3341 1568 3394 Si
1610 3340 1849 3393 dicamus

243 3448 503 3509 propter
561 3449 763 3488 aurum
821 3432 987 3485 Deum
1025 3430 1311 3499 propitium
1358 3428 1473 3481 fieri
1519 3429 1846 3499 hominibus,

244 3530 391 3582 vide
436 3542 613 3595 quam
649 3519 1100 3586 absurdutu,imo
1129 3534 1286 3587 quam
1319 3517 1534 3584 impium
1560 3515 1846 3583 judicetur.

244 3616 379 3670 Hoc
429 3615 589 3666 enim
639 3612 807 3663 etiam
851 3607 903 3660 in
935 3609 1051 3660 viro
1079 3607 1219 3659 bono
1256 3604 1489 3658 notabile
1516 3603 1745 3667 ducitur,
1802 3603 1849 3656 si

241 3717 507 3775 accepto
534 3718 676 3755 auro
710 3700 781 3752 ab
810 3696 1155 3752 inferioribus
1188 3696 1445 3762 placetur.
1487 3692 1695 3759 Quanto
1724 3707 1848 3762 ergo

247 3799 456 3866 magis
514 3795 642 3847 haec
694 3791 762 3844 de
798 3788 907 3841 Deo
959 3787 1158 3843 sentire
1202 3801 1304 3837 non
1354 3784 1645 3838 convenit?
1704 3784 1849 3837 Unde

239 3899 399 3954 puto
453 3877 830 3949 expositionis
875 3875 1032 3942 hujus
1084 3873 1469 3928 ecclesiastica:
1520 3870 1634 3941 (56)
1683 3872 1851 3939 magis

244 3985 539 4028 constare
593 3969 891 4026 rationem,
937 3978 1056 4032 qua:
1096 3978 1191 4031 per
1220 3962 1336 4014 auri
1377 3961 1582 4029 species
1626 3960 1847 4013 indicari

244 4062 440 4115 docet
472 4055 653 4111 animi
698 4054 951 4115 virtutes,
1012 4059 1066 4103 et
1119 4051 1381 4104 bonorqu
1430 4063 1651 4117 operum
1679 4055 1848 4113 gesta,

244 4166 394 4219 quae
436 4151 555 4201 sola
590 4142 782 4197 oﬂerri
835 4140 945 4193 Deo
972 4142 1038 4191 ab
1074 4138 1376 4192 hominibus
1403 4138 1618 4204 dignum
1651 4146 1753 4197 est,
1798 4145 1853 4189 et

246 4255 367 4308 pro
403 4236 619 4307 quibus
668 4231 804 4286 solis
844 4229 1129 4298 propitium
1162 4228 1274 4280 fieri
1331 4226 1494 4280 Deum
1543 4225 1850 4280 hominibus

248 4330 463 4381 decet.
503 4342 524 4376 ι
583 4324 656 4378 Et
702 4321 950 4389 accepit,
998 4315 1174 4385 inquit
1201 4315 1268 4380 “,
1302 4315 1506 4385 Moyses
1554 4325 1607 4369 et
1635 4315 1852 4368 Eleazar

1949 1930 2052 1983 tes,
2091 1920 2245 1973 aliter
2288 1934 2403 1986 qua:
2445 1918 2694 1971 dicuntur
2725 1926 3035 1983 acctplmus.
3062 1916 3153 1972 Sic
3177 1918 3299 1971 item
3336 1918 3378 1971 si
3417 1919 3488 1970 sit

1949 2012 2128 2065 senior
2156 2010 2243 2078 qui
2289 2010 2545 2076 loquitur,
2593 2017 2646 2061 et
2688 2007 2863 2060 multae
2903 2022 2964 2059 ac
2994 2008 3226 2074 probatae
3264 2008 3486 2075 peritiae,

1949 2110 2129 2169 utpote
2151 2100 2239 2168 qui
2269 2099 2321 2152 in
2351 2095 2739 2150 eruditionibus
2772 2096 3132 2159 consenuerit,
3171 2096 3328 2164 longe
3373 2111 3485 2149 nino

1943 2188 2029 2258 jor
2054 2188 2106 2240 in
2137 2201 2199 2239 eo
2239 2186 2503 2239 dictorum
2542 2183 2835 2237 habebitur
2870 2184 3217 2251 exspectatio.
3258 2183 3364 2237 Cur
3397 2200 3490 2237 au-

1952 2287 2054 2333 tem
2073 2278 2175 2332 ista
2200 2276 2630 2345 przeiuiserimus,
2658 2274 2931 2327 historiam
2952 2274 3275 2328 haereditatis
3299 2273 3485 2328 Ruben

1948 2376 1996 2420 et
2027 2366 2137 2418 Gad
2167 2372 2221 2418 et
2243 2364 2474 2416 dimidia:
2510 2364 2678 2416 tribus
2724 2363 2968 2416 Manasse
3007 2378 3274 2428 exponere
3307 2364 3487 2417 volen-

1950 2461 2050 2520 tes,
2100 2452 2355 2506 ausculta.
2392 2452 2492 2516 Qui
2537 2451 2649 2506 haec
2681 2464 2827 2519 gesta
2860 2462 3040 2503 narrat
3072 2466 3188 2519 quae.
3238 2451 3487 2520 legimus,

1950 2558 2119 2612 neque
2146 2557 2274 2609 puer
2297 2550 2398 2604 est,
2425 2540 2632 2609 qualem
2669 2557 2823 2609 supra
2866 2541 3271 2609 descripsimus,
3312 2556 3485 2608 neque

1950 2633 2032 2684 vir
2062 2632 2182 2684 talis
2211 2630 2422 2698 aliquis,
2455 2644 2625 2697 neque
2656 2630 2856 2691 senior,
2895 2644 2991 2683 nec
3031 2631 3252 2683 omnino
3292 2629 3488 2699 aliquis

1949 2720 2105 2774 homo
2131 2729 2209 2774 est
2237 2734 2249 2769 :
2285 2727 2339 2772 et
2369 2729 2426 2771 ut
2462 2718 2686 2786 amplius
2714 2717 2914 2785 aliquid
2952 2718 3150 2783 dicam,
3179 2733 3277 2771 nec
3320 2732 3486 2785 ange-

1948 2808 2118 2862 lorum
2156 2807 2367 2876 aliquis,
2389 2816 2481 2861 aut
2505 2809 2758 2861 virtutum
2785 2807 3078 2861 caelestium
3101 2816 3204 2870 est,
3231 2807 3322 2859 sed
3345 2807 3488 2860 sicut

1953 2897 2170 2952 traditio
2204 2897 2465 2965 majorum
2509 2904 2672 2960 tenet,
2708 2897 2941 2965 Spiritus
2970 2906 3186 2950 sanctus
3217 2897 3328 2949 haec
3361 2910 3489 2948 uar-

1951 2994 2052 3039 rat.
2084 2986 2229 3040 Unde
2255 2987 2395 3040 enim
2426 2995 2636 3054 poterat
2660 2985 2887 3054 Moyses,
2926 2985 3007 3039 vel
3042 3001 3160 3054 quae
3185 2986 3251 3037 ab
3283 2985 3490 3053 origine

1953 3165 2018 3218 da
2080 3179 2321 3228 narrare,
2369 3165 2466 3218 nisi
2512 3179 2606 3231 per
2655 3164 3054 3230 inspirationem
3090 3164 3322 3230 Spiritus
3364 3162 3492 3217 Dei?

1953 3255 2103 3310 Unde
2128 3258 2388 3324 potuisset
2416 3258 2736 3325 prophetare
2753 3257 2816 3310 de
2845 3256 3080 3322 Christo,
3107 3258 3205 3310 nisi
3234 3256 3488 3326 loquente

1953 3344 2149 3413 Spiritu
2171 3348 2385 3401 sancto?
2410 3347 2498 3401 Sic
2520 3348 2659 3400 enim
2683 3357 2737 3400 et
2768 3348 2877 3414 ipse
2893 3347 3134 3402 Christus
3161 3349 3208 3402 ei
3245 3349 3489 3402 testimo-

1952 3435 2098 3488 nium
2145 3436 2335 3497 reddit,
2379 3445 2430 3488 et
2472 3437 2599 3489 dicit
2636 3437 2681 3468 ⁸⁸
2738 3455 2751 3490 :
2797 3456 2814 3486 ‹
2859 3436 2917 3489 Si
2959 3437 3253 3491 crederetis
3294 3437 3485 3506 Moysi,

1954 3525 2244 3593 crederetis
2289 3525 2470 3592 utique
2513 3535 2568 3579 et
2615 3526 2769 3580 mihi.
2804 3526 2878 3580 De
2921 3540 3005 3579 me
3043 3527 3184 3580 enim
3223 3526 3311 3580 ille
3354 3528 3490 3580 scri-

1950 3611 2074 3678 psit.
2112 3611 2170 3667 Si
2223 3624 2399 3667 autem
2444 3613 2584 3667 illius
2607 3614 2799 3669 litteris
2817 3631 2919 3668 non
2947 3613 3189 3679 creditis,
3219 3616 3487 3682 quomodo

1951 3698 2082 3753 meis
2110 3701 2284 3753 verbis
2309 3701 2542 3756 credetis
2565 3702 2847 3761 ?»Constat
2865 3718 2991 3771 ergo
3017 3719 3078 3757 ea
3109 3719 3204 3771 per
3226 3704 3486 3771 Spiritum

1950 3798 2188 3844 sanctum
2229 3791 2391 3854 dicta,
2428 3802 2481 3844 et
2505 3793 2624 3846 ideo
2656 3793 2981 3847 conveniens
3029 3794 3237 3848 videtur
3263 3796 3375 3848 haec
3396 3808 3489 3848 se-

1950 3881 2179 3935 cundum
2212 3881 2542 3950 dignitatem,
2582 3882 2689 3934 imo
2712 3882 2885 3949 potius
2916 3885 3203 3935 secundum
3229 3881 3488 3949 majesta-

1954 3979 2056 4023 tem
2090 3971 2353 4038 loquentis
2386 3970 2631 4038 intelligi.
2663 3970 2766 4025 Sed
2790 3980 2843 4023 et
2876 3971 3001 4024 illud
3032 3973 3135 4026 hoc
3162 3972 3212 4025 in
3240 3972 3357 4027 loco
3381 3987 3493 4026 me-

1950 4075 2164 4114 morare
2192 4061 2523 4128 aptissimum
2559 4062 2713 4126 duco,
2745 4063 2883 4128 quod
2907 4062 3173 4116 Abraham
3201 4077 3319 4116 cum
3342 4064 3493 4116 audi-

1951 4158 2034 4201 ret
2070 4149 2214 4201 illum
2262 4151 2478 4202 divitem
2519 4153 2750 4218 positum
2789 4152 2840 4204 in
2897 4153 3171 4206 tormentis
3200 4151 3388 4222 rogare
3431 4168 3492 4207 se

1950 4248 2009 4291 ut
2032 4240 2407 4299 dimitteretur,
2449 4249 2502 4292 et
2533 4241 2747 4295 veniens
2772 4250 3009 4295 moneret
3034 4242 3227 4296 fratres
3250 4257 3377 4295 suos
3402 4242 3493 4309 pie

1950 4327 2148 4392 vivere,
2178 4342 2243 4382 ne
2294 4340 2346 4381 et
2376 4329 2474 4396 ipsi
2508 4329 2557 4381 in
2587 4330 2757 4383 locum
2785 4331 2931 4382 illum
2960 4331 3349 4384 descenderent
3382 4341 3495 4385 tor-

245 4422 543 4472 sacerdos
574 4425 776 4466 aurum
812 4410 881 4462 ab
916 4407 1162 4460 omnibus
1220 4406 1448 4460 lriblmis
1485 4415 1538 4459 el
1574 4406 1846 4460 θθηῐυτῑο·
1882 4429 1924 4482 ι)
1956 4425 2272 4482 mentorum,
2296 4419 2565 4485 respondit
2593 4420 2641 4471 ei
2663 4419 2729 4482 ³⁸,
2756 4421 2876 4486 quia
2912 4436 2930 4469 ε
2963 4421 3158 4473 habent
3186 4420 3415 4489 Moysem
3439 4431 3494 4473 et

248 4509 468 4571 nibus,
504 4514 562 4558 et
604 4498 797 4555 intulit
840 4496 969 4550 illud
1002 4498 1054 4549 in
1098 4496 1496 4550 tabernaculum
1539 4498 1848 4560 testimonii,

251 4595 614 4652 memoriale
648 4591 777 4645 ﬁliis
806 4586 973 4640 Israel
1008 4602 1189 4641 coram
1228 4585 1472 4640 Domino.
1500 4605 1518 4636 ι
1545 4585 1704 4641 Vides
1728 4588 1849 4649 quia

250 4704 400 4759 qua:
458 4688 744 4744 dicuntur,
786 4693 893 4732 non
926 4676 993 4729 ad
1034 4685 1377 4742 conspectum
1421 4676 1706 4739 visibilem,
1758 4677 1851 4729 sed

251 4780 337 4833 ad
420 4773 630 4829 mentis
699 4765 1024 4821 memoriam
1085 4763 1406 4815 referuntur.
1459 4764 1652 4818 Beatus
1714 4764 1855 4816 enim

254 4876 361 4922 est
440 4865 534 4919 ille
596 4859 693 4928 qui
756 4854 1081 4910 recordatur
1129 4866 1188 4904 se
1238 4851 1358 4904 boui
1422 4852 1619 4920 aliquid
1678 4853 1855 4920 operis
1908 4852 1913 4857 ’

254 4956 467 5026 egisse
492 4965 690 5008 coram
746 4943 1004 5005 Domino,
1057 4948 1110 4993 et
1146 4940 1396 4993 obtulisse
1423 4957 1638 4995 munera
1692 4943 1853 4995 bene-

254 5044 485 5116 placita
547 5043 701 5101 Deo,
752 5032 928 5088 animi
987 5030 1210 5082 virtutes
1264 5037 1316 5081 et
1376 5040 1685 5084 ornamenta
1739 5032 1854 5099 pie-

258 5133 440 5187 tatis.

340 5292 398 5324 "
434 5291 587 5344 Rom.
620 5302 744 5349 vnt,
774 5282 872 5335 35.

254 5363 308 5395 σε
337 5343 499 5414 1m";
517 5343 572 5423 έν,
600 5357 695 5410 45,
729 5343 741 5349 ’
779 5350 833 5382 ⁸⁸
860 5348 1011 5400 Luc.
1048 5359 1158 5405 ινι,
1183 5343 1271 5397 29.
1340 5348 1381 5379 "
1424 5347 1577 5403 Num.
1613 5363 1779 5402 xxx".

958 5276 1296 5352 "ibid.,‘_§8,
1484 5280 1526 5311 ⁵¹
1562 5280 1718 5336 Num.
1753 5297 1906 5352 uxr,
1937 5285 2024 5340 50.
2099 5289 2143 5319 ³³
2172 5287 2329 5342 Prov.
2358 5290 2463 5351 1,9.

1958 4506 2265 4577 prophetas,
2305 4507 2524 4560 audiant
2557 4508 2694 4563 illos.
2729 4496 2757 4560 »⁷
2781 4509 2893 4562 Non
2920 4510 3101 4577 utique
3128 4510 3370 4563 homines
3396 4510 3494 4562 ali-

1956 4610 2090 4664 quos
2123 4598 2334 4651 dicebat
2366 4600 2416 4651 in
2441 4613 2663 4666 corpore
2687 4600 2888 4667 positos
2914 4600 3148 4670 Moysem
3184 4608 3237 4653 et
3268 4600 3496 4668 proptre-

1954 4691 2070 4738 tas:
2108 4686 2201 4739 sed
2232 4687 2342 4741 haec
2371 4702 2488 4755 quae
2526 4703 2621 4755 per
2646 4688 2878 4759 Moysem
2917 4690 3114 4758 Spiritu
3140 4690 3230 4743 Dei
3266 4690 3496 4742 dictante

1950 4773 2145 4840 scripta
2179 4785 2323 4840 sunt,
2356 4764 2587 4847 Moysem
2622 4794 2683 4832 ea
2712 4780 3023 4834 nominavit.
3056 4781 3203 4832 Dicat
3234 4794 3362 4847 ergo
3392 4778 3497 4831 ali-

1949 4863 2069 4929 quis
2092 4862 2255 4919 :Cum
2295 4868 2409 4920 haec
2435 4868 2506 4921 ita
2539 4869 2735 4937 scripta
2766 4871 2892 4933 sint,
2923 4870 3276 4924 siAbraham
3307 4882 3390 4919 me
3427 4868 3495 4920 ad

1950 4947 2144 5019 Moysis
2170 4954 2306 5007 dicta
2332 4958 2679 5023 transmittat,
2713 4970 2767 5014 ut
2806 4958 2987 5027 legens
3012 4974 3073 5011 ea
3103 4958 3301 5026 possim
3344 4954 3493 5007 illum

1949 5038 2122 5092 locum
2170 5045 2399 5099 evadere
2449 5054 2854 5108 tormentorum,
2899 5048 3024 5114 quid
3063 5060 3144 5097 me
3168 5043 3374 5111 juvabit
3426 5041 3509 5105 ad.

1955 5127 2304 5198 eﬂ'ugicndam
2357 5136 2674 5204 gehennam,
2730 5137 2773 5189 si
2810 5136 2976 5203 legam
3025 5135 3068 5164 ⁸⁷
3107 5128 3367 5199 quomodo
3399 5126 3493 5179 filii

2540 5290 2585 5328 ⁸³
2622 5288 2777 5342 Νυιιι.
2806 5302 2952 5349 xxxi,
2983 5286 3071 5337 ‘50.
3145 5278 3362 5338 "ihid.,
3397 5275 3493 5331 5'1.

337 5447 460 5511 (54)
483 5447 617 5502 Non
650 5438 865 5511 palaris
893 5431 1342 5511 host-curvitatem.
1366 5435 1484 5489 llaec
1507 5438 1556 5490 in
1584 5437 1734 5490 libris
1759 5454 1854 5491 an-

253 5500 359 5569 tet;
400 5500 549 5569 εάῑῐίς
585 5500 833 5564 οιίιὶδδεο
863 5500 1248 5569 εμρρβθιιιμνβ
1270 5516 1402 5569 mss-

698 5568 909 5648 §ancti
962 5564 1352 5648 Theodoricl,_r
1381 5573 1654 5648 armillam
1688 5592 1716 5648 χ
1729 5591 1846 5648 pro

252 5669 275 5699 ‹
323 5638 590 5707 mea...
640 5664 665 5698 ι
708 5638 904 5694 Paulo
954 5641 1082 5701 post
1119 5638 1276 5688 etiam
1308 5638 1484 5704 habet,
1514 5656 1532 5690 ι
1571 5638 1771 5695 armilla
1797 5655 1849 5699 et

1961 5442 2190 5495 annulus
2210 5451 2521 5495 ornamenta
2540 5451 2662 5495 sunt
2694 5450 2961 5504 manuum.
3001 5451 3038 5504 ιΔ
3177 5497 3215 5504 _

2025 5511 2135 5579 (56)
2184 5509 2535 5588 Ιξωρρδὶνιιὲοηὶσ
2565 5509 2725 5588 hujus
2758 5497 3501 5588 ecclesiasticae:9329:323-

1957 5557 2531 5630 uehi'écéiéé’ihg'u'érnii
2559 5557 2803 5644 appellat,
2832 5570 3106 5635 mysticam
3128 5573 3181 5621 et
3207 5557 3503 5629 moralem,

1951 5660 2005 5701 et
2038 5646 2258 5710 opponit
2279 5644 2532 5698 Judaicze.
