3838 6226
339 313 442 369 775

1741 313 2056 369 ORIGENIS

3618 352 3678 409 776

336 424 542 490 Ruben,
573 434 623 479 et
653 425 743 479 lilii
773 425 908 490 Gad,
941 434 992 479 et
1019 425 1237 480 dimidia
1275 426 1442 481 tribus
1472 425 1732 489 Manassc,
1762 428 1868 480 haz-
1896 432 1940 487 Α
1972 423 2208 478 revelare
2231 424 2520 489 dignetur:
2556 433 2700 479 sunt
2726 423 2905 478 enim
2932 420 3003 475 in
3040 416 3149 474 his
3174 427 3675 511 ςρρτοξςηίεεεοηηω

337 514 614 567 reditatcm
659 516 871 582 capiunt
913 531 942 567 a
989 514 1166 584 Moyse
1208 525 1355 569 trans
1404 514 1711 580 Iordanem,
1750 518 1872 583 quia

335 612 489 655 erant
518 601 620 653 illis
655 617 840 669 pecora
888 604 1050 655 multa
1097 618 1204 671 prie
1249 604 1457 657 caneris
1496 605 1761 665 trilmbus,
1821 612 1876 658 et

335 693 459 757 quia
503 691 634 744 dicit
677 692 743 744 ad
774 706 866 744 eos
901 691 1144 760 Moyses:
1199 691 1379 746 Videte
1430 707 1494 746 ne
1541 693 1873 747 exacerbetis

330 778 522 839 Deum,
550 780 759 832 sicutet
791 779 862 832 illi
890 780 1070 832 decem
1117 781 1205 847 qui
1252 782 1398 834 missi
1433 790 1692 834 suntcum
1743 781 1869 835 Iesu

334 879 386 922 et
412 869 572 922 Caleb
614 868 893 937 explorare
936 877 1152 931 terram,
1187 878 1239 921 et
1273 869 1541 933 dicebant,
1569 871 1690 936 quia
1732 879 1867 923 terra

334 956 454 1008 talis
505 965 558 1009 et
579 955 697 1010 talis
719 965 821 1017 est,
853 967 905 1008 et
939 970 1038 1009 non
1077 970 1358 1022 possumus
1393 970 1507 1008 eam
1543 971 1752 1024 capere.
1804 957 1870 1009 Et

333 1044 455 1111 quia
486 1042 550 1095 ad
575 1044 686 1097 haec
719 1044 1098 1110 responderunt
1124 1042 1219 1094 ﬁlii
1244 1042 1453 1106 Ruben,
1476 1052 1527 1095 et
1553 1045 1728 1096 caueri
1750 1058 1867 1095 cum

333 1131 491 1199 ipsis:
531 1134 602 1185 Da
646 1132 795 1185 nobis
830 1141 1021 1184 terram
1056 1131 1213 1194 hanc,
1246 1141 1298 1183 et
1341 1131 1703 1185 hmreditatem
1731 1130 1867 1199 ejus,

331 1228 385 1273 et
421 1235 523 1273 non
567 1234 863 1287 qumreuius
900 1219 1008 1286 iam
1044 1220 1182 1271 intra
1227 1219 1510 1274 Iordanem
1542 1220 1871 1272 lia'reditatis

333 1319 528 1362 terram
560 1324 680 1362 cum
721 1308 972 1362 fratribus
1003 1310 1236 1362 nostris:
1268 1309 1355 1363 sed
1390 1310 1477 1363 hic
1510 1309 1868 1376 relinquemus

325 1394 561 1462 iumenta
604 1406 806 1461 nostra,
855 1406 908 1450 et
954 1398 1196 1451 sarcinas
1244 1408 1474 1460 nostras,
1524 1408 1579 1451 et
1620 1399 1868 1450 mulieres

333 1496 565 1549 nostras,
597 1494 649 1539 et
676 1485 908 1539 infantes
935 1494 1166 1552 nostros,
1193 1487 1291 1539 viri
1321 1495 1495 1540 autem
1525 1487 1691 1540 nostri
1717 1488 1868 1539 ibunt

333 1575 533 1642 pariter
566 1583 619 1628 et
661 1577 962 1629 transibunt
993 1575 1298 1629 Iordanem.
1341 1577 1405 1628 Et
1443 1577 1566 1643 quia
1610 1585 1725 1644 post
1757 1578 1867 1630 lucc

333 1662 534 1732 Moyses
560 1664 895 1717 commendat
918 1679 1009 1718 eos
1037 1663 1159 1717 Iesu
1194 1665 1298 1719 tilio
1331 1664 1494 1727 Nave,
1528 1673 1581 1717 et
1613 1665 1865 1717 Eleazaro

330 1752 594 1804 sacerdoti
634 1752 741 1804 filio
784 1753 981 1813 Aaron,
1019 1753 1117 1804 sub
1153 1766 1215 1804 ea
1253 1761 1422 1804 tamen
1453 1752 1774 1815 conditione,
1810 1762 1865 1804 ut
1898 1736 1939 1790 Β

334 1847 610 1893 transeant
647 1855 766 1892 cum
804 1840 928 1894 ﬁliis
956 1840 1141 1901 Israel,
1178 1848 1231 1892 et
1265 1850 1506 1908 pugnent
1532 1856 1648 1893 cum
1676 1841 1754 1893 eis
1776 1841 1869 1892 ad-

332 1940 518 1979 versus
550 1928 730 1982 hostes
752 1930 839 1995 qui
870 1938 1020 1980 erant
1049 1937 1194 1981 trans
1213 1926 1518 1989 Iordanem,
1550 1929 1717 1981 donec
1736 1928 1869 1981 libe-

332 2025 480 2069 retur
506 2018 570 2070 ab
607 2018 689 2071 eis
730 2029 890 2077 terra.
925 2026 978 2070 et
1011 2028 1135 2070 tunc
1165 2017 1428 2084 accipiant
1458 2026 1657 2071 terram
1705 2033 1865 2086 quam

331 2116 710 2171 poposcerunt,
758 2106 900 2173 regis
928 2105 1067 2159 Seon
1109 2115 1162 2158 et
1204 2105 1344 2173 regis
1374 2104 1491 2174 Og:
1529 2115 1688 2173 atque
1741 2106 1869 2174 ipsis

331 2191 456 2245 solis
484 2207 578 2259 per
607 2191 833 2261 Moysem
861 2192 1012 2245 detur
1062 2192 1343 2245 lucreditas
1383 2203 1532 2245 extra
1559 2191 1865 2257 Iordanem,

331 2280 541 2333 cieteris
568 2288 742 2333 autem
778 2283 1024 2333 omnibus
1055 2296 1150 2348 per
1188 2280 1368 2334 Iesum
1392 2281 1528 2333 intra
1558 2280 1864 2336 Iordanem.

332 2366 479 2421 Dicet
505 2383 631 2435 ergo
660 2369 849 2435 aliquis
879 2388 892 2419 :
932 2367 1066 2432 Quid
1103 2371 1198 2422 ista
1244 2377 1462 2431 prosunt
1494 2372 1558 2423 ad
1590 2370 1687 2424 hoc
1725 2377 1867 2440 quod

330 2457 463 2509 dixit
494 2457 758 2509 Abraham
782 2457 826 2487 ⁸⁸
863 2475 876 2509 :
921 2474 941 2507 ι
982 2457 1187 2510 [labent
1217 2457 1444 2526 Moysem
1469 2467 1523 2511 et
1564 2461 1864 2527 progihetas,

332 2546 547 2599 audiant
570 2546 721 2609 illos;
764 2565 781 2598 ι
812 2563 915 2614 quo
946 2547 1148 2600 scilicet
1177 2548 1286 2601 haec
1314 2548 1551 2615 legentes
1568 2562 1621 2602 et
1645 2553 1868 2604 audien-

332 2644 431 2699 tes,
477 2636 529 2688 in
584 2636 756 2690 locum
792 2638 936 2688 illum
974 2652 1077 2688 non
1109 2638 1397 2691 deveniant
1440 2642 1870 2695 tormentorum?

331 2725 455 2780 llatc
477 2737 651 2778 autem
677 2727 926 2790 diximus,
958 2728 1253 2785 excitantes
1289 2730 1496 2783 animos
1522 2731 1866 2795 audientium,

331 2824 390 2866 ut
418 2814 722 2881 vigilantius
765 2815 831 2868 iis
858 2831 974 2883 qua:
1020 2815 1265 2881 leguntur
1305 2817 1385 2869 vcl
1422 2818 1672 2871 dicuntur
1708 2820 1871 2871 inten-

330 2901 482 2968 dant,
513 2914 565 2955 et
615 2905 663 2955 in
726 2901 884 2956 Musei
927 2903 1129 2956 litteris
1146 2913 1347 2958 remoto
1388 2905 1576 2958 litterae
1610 2907 1869 2960 velamine

1973 514 2248 584 mysteria,
2305 528 2426 582 quae
2475 514 2824 583 repromisit
2886 508 3314 580 diligentibus
3465 548 3588 589 se”
3623 508 3669 599 Ui

1971 605 2203 654 se-iamus
2228 610 2282 654 et
2307 616 2430 665 nos,
2458 617 2585 670 qua:
2616 617 2649 655 a
2708 602 2843 655 Deo
2876 603 3121 657 donata
3174 601 3325 650 sunt
3394 622 3622 681 .mbisu.
3646 650 3662 684 θ

1972 691 2076 744 Sed
2105 701 2157 745 et
2187 706 2287 746 vos
2306 692 2493 760 juvate
2524 707 2634 746 nos
2663 694 2724 745 in
2761 692 2959 761 372
2997 686 3484 773 orationibus,
3517 724 3555 765 ει
3577 717 3657 772 δίη,

1971 791 2158 851 genter
2192 782 2479 844 intendite,
2529 797 2644 835 non
2700 790 2827 835 tam
2873 780 3063 834 nobis
3097 778 3513 871 di-eenti‘ws,
3544 820 3660 871 quam

1973 872 2198 925 Domino
2230 871 2558 926 illuminanti
2587 887 2718 936 eos,
2756 883 2919 940 quos
2971 866 3475 937 illuminatimne
3498 866 3571 942 sua
3594 896 3650 948 di-

1969 976 2104 1030 gnos
2131 962 2421 1017 invenerit.
2440 962 2696 1028 Quorum
2716 957 3255 1027 contemplatione
3287 969 3321 1008 θ
3360 971 3507 1027 liam
3534 981 3654 1039 nobis

1969 1049 2101 1102 dare
2126 1049 2380 1116 dignetur
2411 1050 2647 1103 verbum
2677 1048 2737 1101 in
2782 1045 3260 1112 adapertionem
3299 1054 3467 1108 bris
3494 1065 3641 1117 nostri.

1970 1138 2075 1192 Sed
2131 1154 2231 1208 age
2260 1141 2370 1206 jam
2420 1140 2465 1194 si
2526 1140 2700 1193 corda
2755 1134 3056 1192 erexistis
3112 1133 3189 1187 ad
3241 1130 3652 1213 numinum,“

1971 1231 2120 1283 verbi
2173 1229 2291 1295 ejus
2329 1231 2503 1285 sancti
2564 1227 3043 1283 illustrationem
3111 1221 3440 1293 petiisLis,
3462 1243 3522 1287 ad
3548 1255 3646 1305 per.

1968 1320 2323 1373 scrutandum
2374 1333 2602 1373 sensum
2642 1332 2851 1372 eorum
2918 1328 3059 1383 qua
3118 1313 3295 1369 viden
3324 1328 3440 1373 Iur
3484 1323 3652 1396 latere,

1967 1410 2271 1464 veniamus.

2034 1497 2091 1549 4.
2112 1496 2359 1550 Exeundi
2394 1496 2463 1550 de
2486 1495 2736 1565 Egypto
2766 1495 3030 1563 ﬁguram
3062 1492 3293 1545 duobus
3386 1500 3550 1555 modis
3570 1518 3648 1560 ac.

1966 1587 2098 1651 cipi,
2126 1601 2155 1638 a
2179 1587 2454 1654 prioribus
2479 1586 2691 1639 nostris
2731 1592 2792 1639 et
2826 1599 2859 1636 a
2894 1584 3074 1637 nobis
3104 1597 3259 1650 serpe
3280 1580 3448 1653 iam
3476 1594 3663 1657 dictum

1967 1683 2068 1727 est.
2095 1673 2228 1726 Nam
2256 1684 2312 1728 et
2338 1689 2461 1727 cum
2494 1675 2621 1741 quis
2649 1674 2721 1726 de
2760 1687 3048 1726 errorum
3081 1671 3390 1743 tenebris
3417 1688 3486 1745 ad
3520 1696 3660 1764 agni.

1971 1761 2131 1815 tionis
2159 1761 2340 1814 lumen
2370 1761 2690 1823 adducitur,
2725 1768 2786 1813 et
2819 1760 2892 1813 de
2928 1768 3170 1812 terrena
3199 1760 3659 1829 conversan—‘ww

1969 1850 2037 1902 ad
2066 1850 2368 1917 spiritualia
2418 1850 2670 1902 instituta
2732 1848 3143 1910 convertitur,
3174 1847 3239 1900 de
3264 1855 3527 1920 £67,210
3551 1861 3620 1908 νί.

1970 1940 2128 1993 detur
2172 1942 2351 1995 exisse
2399 1951 2454 1994 et
2491 1941 2716 1993 venisse
2766 1942 2840 1993 ad
2889 1939 3306 1995 solitudinem:
3347 1941 3423 1991 ad
3472 1941 3621 1993 illum

1970 2029 2225 2083 videlicet
2252 2033 2377 2083 vita:
2406 2039 2635 2094 statum,
2672 2031 2731 2083 in
2769 2045 2891 2098 quo
2924 2043 3033 2098 per
3055 2028 3345 2083 silentium
3383 2031 3624 2105 etquie-

1973 2125 2079 2169 tem
2107 2125 2435 2169 exerceatur
2461 2117 2673 2170 divinis
2708 2116 2959 2183 legibus,
3005 2124 3066 2170 et
3099 2115 3343 2183 eloquiis
3379 2118 3644 2170 caelesti-

1971 2205 2072 2259 bus
2101 2205 2409 2258 imbuatur:
2444 2221 2546 2274 per
2583 2221 2714 2273 qua:
2746 2205 3060 2259 institutus
3098 2212 3158 2258 et
3189 2204 3481 2269 directus,
3510 2221 3639 2259 cum

1967 2291 2260 2348 Iordanem
2291 2294 2605 2358 transierit,
2636 2302 2917 2363 properet
2951 2308 3138 2361 usque
3173 2293 3232 2345 ad
3270 2302 3525 2346 terram
3555 2309 3659 2348 re-

1969 2383 2368 2448 promissionis,
2429 2383 2484 2435 id
2533 2391 2621 2436 est
2654 2398 2763 2451 per
2802 2385 3059 2454 gratiam
3110 2385 3423 2455 baptismi,
3468 2400 3663 2454 usque

1968 2472 2034 2525 ad
2062 2473 2372 2540 evangelica
2410 2473 2665 2526 instituta
2695 2476 3037 2541 perveniat.
3071 2475 3181 2530 Sed
3207 2484 3261 2529 et
3297 2475 3491 2528 illam
3513 2477 3676 2544 (tgu-

1970 2575 2084 2615 ram
2104 2576 2224 2616 esse
2253 2562 2493 2616 diximus
2520 2564 2770 2617 exeundi
2792 2568 2867 2619 de
2890 2565 3168 2637 Egypto,
3188 2582 3325 2620 cum
3372 2565 3683 2634 relinquit

1969 2652 2146 2705 anima
2182 2652 2367 2706 mundi
2416 2654 2586 2718 hujus
2620 2655 2923 2722 tenebras,
2966 2673 3037 2712 ac
3080 2669 3305 2713 natura:
3342 2673 3692 2727 corporeae

1968 2744 2287 2804 cmcitatem,
2325 2751 2380 2795 et
2432 2742 2781 2797 transfertur
2811 2747 2886 2799 ad
2920 2747 3083 2802 aliud
3120 2748 3421 2803 sarculum
3453 2766 3473 2803 :
3517 2749 3691 2816 quod

1968 2829 2053 2882 vel
2079 2830 2230 2882 sinus
2251 2830 2488 2883 Abrahae
2532 2831 2673 2900 (58),
2708 2843 2774 2887 ιιι
2807 2837 2867 2888 in
2902 2836 3153 2901 Lazaro;
3182 2838 3261 2891 vel
3305 2838 3697 2905 paradisus,

1969 2925 2028 2969 ut
2054 2916 2107 2969 iu
2138 2917 2347 2971 latrone
2381 2919 2477 2986 qui
2505 2920 2573 2972 de
2620 2936 2801 2976 cruce
2855 2927 3134 2991 credidit,
3180 2928 3571 2993 indicatur;
3599 2927 3702 2981 vel

333 2992 404 3044 ita
433 2992 729 3061 intelligant
762 3008 881 3060 quae
915 2994 1111 3060 scripta
1145 3002 1288 3057 sunt,
1313 3005 1368 3046 ut
1390 2995 1614 3062 singulis
1648 2996 1870 3064 quibus—
1892 3029 1934 3084 ε
1968 3006 2130 3058 etiam
2185 3006 2230 3059 si
2276 3021 2382 3074 qua
2426 3009 2581 3062 novit
2623 3010 2777 3066 Deus
2835 3028 2971 3068 esse
3018 3016 3130 3069 alia
3166 3017 3324 3081 loca,
3370 3018 3487 3071 vel
3538 2992 3703 3072 alias

332 3095 434 3147 que
462 3096 524 3133 ea
577 3082 677 3135 dici
720 3081 1012 3144 inveniant,
1048 3096 1162 3149 quae
1200 3082 1242 3134 si
1287 3083 1644 3152 intelligantur
1670 3096 1725 3139 et
1771 3087 1866 3140 ob-

332 3179 628 3234 serventur,
660 3171 864 3239 possint
910 3170 1181 3225 auditores
1233 3187 1335 3224 nou
1386 3174 1448 3225 ad
1495 3172 1643 3225 illum
1692 3174 1865 3228 locum

334 3259 582 3311 tormenti
618 3261 827 3322 deduci,
861 3275 968 3328 quo
990 3260 1259 3327 divesille,
1290 3263 1377 3327 qui
1406 3264 1593 3317 audire
1612 3265 1723 3318 haec
1750 3280 1867 3333 quae

334 3350 386 3401 in
422 3356 630 3400 secreto
652 3359 775 3400 sunt
814 3351 1036 3418 scripta,
1083 3352 1426 3418 contempsit,
1455 3352 1714 3409 abductus
1736 3364 1817 3408 est
1850 3374 1863 3409 :

334 3439 426 3490 sed
470 3436 521 3488 in
550 3436 721 3489 sinum
748 3447 873 3490 eant
916 3439 1206 3504 Abraham,
1258 3440 1345 3493 ubi
1390 3440 1620 3494 Lazarus
1658 3445 1868 3511 requie-

334 3526 455 3579 scit.
481 3524 706 3582 Oremus
726 3542 853 3596 ergo
885 3526 1187 3591 Dominum,
1226 3536 1282 3581 ut
1311 3528 1583 3583 auferatur
1627 3531 1866 3585 velamen

335 3632 363 3667 a
406 3616 657 3669 cordibus
688 3616 884 3670 nostris
926 3616 991 3670 de
1024 3616 1252 3670 lectione
1283 3615 1485 3671 Veteris
1517 3617 1864 3682 Testamenti,

334 3713 395 3757 ut
417 3719 476 3758 ea
506 3720 621 3774 qua:
644 3705 955 3759 abscondita
988 3714 1111 3759 sunt
1132 3718 1188 3760 et
1209 3708 1418 3761 occulta
1451 3709 1502 3760 in
1538 3708 1697 3762 Mosei
1724 3710 1869 3763 litte-

336 3792 430 3854 ris,
461 3793 642 3845 videre
680 3792 966 3859 possimus,
1009 3795 1300 3847 secundum
1341 3796 1607 3862 propheta:
1637 3811 1870 3850 commo-

335 3880 587 3933 nitionem
617 3880 842 3933 dicentis
857 3881 930 3932 "z
953 3899 971 3931 ι
998 3882 1064 3934 Et
1088 3883 1186 3936 nisi
1224 3884 1498 3937 audieritis
1519 3884 1722 3938 occulte
1738 3884 1866 3956 (57),

336 3969 564 4036 plorabit
607 3971 781 4022 anima
816 3979 1011 4023 vestra.
1049 3988 1068 4020 ι
1115 3971 1177 4024 Ει
1200 3972 1410 4038 quidem
1437 3974 1575 4041 quod
1605 3973 1718 4027 hmc
1751 3991 1866 4043 my-

334 4059 468 4112 stica
518 4060 627 4112 sint
665 4067 721 4112 et
751 4059 984 4111 divinum
1011 4060 1240 4127 aliquem
1280 4076 1493 4114 sensum
1539 4064 1865 4128 contineant,

336 4156 463 4214 puto
486 4147 624 4213 quod
665 4162 732 4200 ex
768 4148 832 4199 iis
864 4163 981 4214 qua:
1010 4149 1254 4215 superius
1284 4160 1492 4204 asserta
1519 4162 1660 4217 sunt,
1695 4153 1869 4207 nullus

337 4236 503 4302 possit
526 4237 812 4302 ambigere,
833 4238 1075 4303 quamvis
1098 4238 1168 4290 sit
1192 4237 1278 4291 ille
1313 4235 1547 4293 Iudaicis
1573 4240 1763 4295 fabulis
1785 4243 1864 4295 in-

335 4321 650 4376 satiabiliter
680 4324 889 4376 deditus
923 4342 937 4376 :
971 4337 1150 4378 tamen
1190 4325 1329 4378 sicut
1355 4326 1454 4379 hoc
1479 4328 1741 4380 nemiuem
1776 4346 1851 4383 ne-

1065 4339 1150 4378 ten
1190 4325 1329 4378 sicut
1355 4326 1454 4379 hoc
1479 4328 1741 4380 nemiuem
1776 4346 1866 4383 ne-
1896 4335 1942 4393 D
1969 4337 2334 4397 hagrcdilatem
2390 4360 2581 4402 ροηδε(

336 4424 464 4477 gare
489 4419 632 4475 puto.
654 4410 722 4460 ita
748 4425 865 4477 qua:
914 4410 1021 4463 sint
1045 4410 1130 4463 illa
1157 4426 1274 4479 qua:
1311 4425 1373 4464 ex
1404 4412 1518 4465 istis
1545 4415 1865 4466 narrationi-

336 4501 435 4555 bus
466 4498 793 4560 indicentur,
821 4506 876 4551 et
912 4513 1029 4565 qua'
1070 4515 1246 4553 rerum
1275 4500 1441 4553 facies
1470 4501 1567 4554 sub
1595 4502 1694 4554 hoc
1726 4503 1868 4555 vela-

337 4591 479 4643 mine
524 4595 855 4661 contegatur,
898 4587 964 4639 ad
1011 4587 1265 4655 liquidmu
1321 4589 1480 4653 scire,
1524 4591 1691 4657 ipsius
1744 4601 1869 4658 puto

335 4692 456 4733 esse
483 4675 657 4730 sancti
686 4675 919 4742 Spiritus
948 4677 1037 4742 qui
1067 4678 1178 4731 haec
1213 4678 1427 4732 inscribi
1462 4679 1738 4746 inspiravit
1767 4698 1779 4731 :
1815 4692 1870 4734 et

334 4767 543 4821 Domini
569 4766 734 4819 nostri
755 4762 881 4818 Iesu
912 4764 1128 4831 Christi,
1154 4768 1244 4835 qui
1262 4769 1326 4822 de
1352 4768 1530 4838 Moyse
1558 4769 1764 4821 dicebat
1786 4770 1865 4822 “z

340 4877 360 4911 ι
404 4861 478 4913 De
516 4873 600 4911 me
625 4858 767 4910 enim
794 4856 883 4910 ille
912 4858 1121 4926 scripsit
1148 4877 1163 4924 ;
1202 4878 1221 4910 ι
1253 4870 1306 4913 et
1341 4859 1717 4926 omnipotentis
1750 4861 1865 4925 Dei,

335 4950 484 5017 cujus
513 4946 790 5001 consilium
833 4948 1106 5015 antiquum
1146 4950 1379 5003 humano
1407 4948 1591 5016 generi
1617 4963 1722 5001 nou
1769 4968 1866 5003 nu-

334 5038 482 5101 dum,
514 5037 604 5089 sed
634 5034 862 5088 velatum
887 5036 1076 5091 litteris
1106 5038 1387 5091 indicatur.
1415 5036 1521 5090 Nos
1543 5046 1718 5090 autem
1746 5055 1866 5094 ore-

335 5138 453 5178 mus
477 5139 543 5177 ex
565 5124 726 5177 corde
758 5124 983 5178 Verbum
1018 5126 1133 5189 Dei,
1164 5125 1254 5193 qui
1284 5134 1366 5178 est
1384 5125 1688 5191 unigenitus
1727 5128 1861 5193 ejus,

334 5222 387 5266 et
409 5213 497 5283 qui
527 5212 726 5267 revelat
748 5195 957 5269 Patrem
986 5214 1178 5282 quibus
1219 5215 1349 5277 vult,
1388 5225 1443 5265 ut
1477 5223 1530 5266 et
1558 5216 1707 5268 nobis
1750 5219 1864 5274 lucc

401 5300 445 5332 ⁸⁸
471 5301 600 5356 Luc.
644 5317 749 5366 xvu,
775 5302 863 5356 29.
938 5303 983 5334 ”
1008 5303 1203 5356 Ierem.
1250 5317 1368 5365 xm,
1417 5302 1502 5355 l7.
1577 5303 1620 5333 ⁶⁰
1645 5303 1804 5362 Iuan.
1829 5313 1975 5374 v,45.
2051 5316 2092 5347 ⁶¹
2119 5317 2139 5370 l
2167 5321 2297 5379 Cor.
2329 5346 2396 5398 tt,
2425 5300 2523 5397 ηξ

406 5390 514 5522 £57)
535 5392 712 5444 Codex
744 5393 922 5445 Sancti
953 5395 1291 5457 Tltcodorici,
1330 5413 1345 5443 η
1379 5395 1605 5448 occulta.
1643 5415 1660 5446 ι

433 5457 520 5522 58)
548 5458 695 5518 Quod
730 5460 804 5512 vel
830 5462 973 5515 sinus
1013 5463 1252 5522 Abrulta’.
1283 5474 1387 5515 etc.
1418 5462 1546 5515 Vide
1591 5464 1660 5516 0r

433 5457 520 5523 58)
548 5458 695 5530 Quod
730 5460 804 5512 vel
830 5462 973 5515 sinus
1013 5463 1252 5523 Abrulta’.
1283 5474 1387 5515 etc.
1418 5462 1546 5515 Vide
1591 5464 1868 5530 Origenin-

344 5535 523 5573 uorum
553 5524 642 5575 lib.
676 5542 734 5589 ll,
766 5534 1108 5595 quaestionem
1133 5532 1484 5595 undecimam,
1517 5532 1602 5585 ubi
1634 5524 1761 5600 quid
1802 5538 1868 5591 de

1968 3096 2297 3161 mansiones,
2353 3112 2452 3164 per
2477 3114 2601 3167 quae
2633 3104 2933 3159 transiens
2978 3106 3170 3160 anima
3198 3107 3339 3161 Deo
3374 3108 3697 3171 credens.

1966 3193 2022 3236 et
2062 3188 2384 3253 perveniens
2417 3206 2595 3258 usque
2628 3193 2699 3245 ad
2742 3192 2962 3248 ﬂumen
3004 3197 3142 3251 illud
3180 3200 3355 3267 quod
3400 3198 3699 3252 laetiﬁcat

1966 3273 2234 3329 civitatem
2264 3279 2380 3341 Dei,
2405 3280 2551 3333 intra
2579 3282 2767 3349 ipsum
2800 3296 3022 3341 sortem
3044 3289 3367 3358 promissa
3386 3290 3692 3358 patribus

1967 3364 2295 3419 baereditatis
2330 3367 2591 3437 accipiat.
2630 3371 2815 3439 Igitur
2846 3380 2980 3428 cum
3025 3378 3260 3446 duplici,
3308 3388 3390 3431 ut
3440 3392 3685 3431 nietuo-

1969 3456 2226 3517 ravimus,
2263 3458 2427 3510 modo
2457 3473 2722 3527 egressus
2762 3464 3103 3535 designetur
3152 3482 3213 3521 ex
3249 3466 3581 3538 Αἰεῐριο.
3610 3475 3677 3523 εἰ

1970 3543 2228 3596 transitus
2273 3546 2340 3597 ad
2392 3545 2703 3611 desertum,
2779 3564 2962 3621 atque
3016 3557 3147 3610 inde
3195 3557 3552 3622 ingressus
3600 3557 3676 3611 ad

1968 3640 2167 3684 sanctae
2217 3641 2374 3685 terra:
2420 3633 2845 3703 haereditatem,
2913 3643 3204 3700 videamus
3272 3660 3463 3700 nunc
3525 3646 3665 3713 quid

1968 3719 2067 3772 sibi
2096 3719 2227 3773 velit
2253 3721 2444 3776 Ruben
2471 3736 2526 3781 et
2562 3729 2709 3794 Gud,
2742 3742 2807 3786 et
2835 3732 3077 3789 dimidia
3114 3738 3307 3792 tribus
3352 3735 3658 3792 Manasse.

1969 3806 2263 3863 llazreditas
2295 3826 2418 3879 qua:
2448 3830 2547 3882 per
2579 3818 2837 3890 Moysem
2889 3828 3160 3893 traditur,
3183 3836 3238 3881 et
3292 3838 3479 3883 extra
3510 3825 3641 3879 Iur-

1970 3899 2524 3968 dauemdecernitur,
2583 3908 2638 3961 in
2693 3911 3002 3969 duodecim
3055 3919 3325 3971 tribubus
3388 3917 3638 3971 ﬁliorum

1968 3984 2153 4051 Israel,
2203 3990 2434 4045 occultis
2488 3996 2835 4061 quibusdam
2874 4014 2934 4058 et
2988 4008 3237 4078 mysticis
3294 4006 3628 4061 rationibus

1972 4075 2133 4129 totius
2176 4077 2401 4133 humani
2446 4087 2675 4152 generis
2741 4092 2986 4162 ﬁguram
3048 4075 3485 4163 complectitur,
3542 4091 3621 4145 vel

1968 4167 2210 4219 omnium
2265 4180 2417 4259 certe
2492 4175 2795 4233 hominum
2840 4186 2941 4253 qui
2990 4188 3061 4241 ad
3120 4188 3474 4259 agnitionem
3510 4186 3609 4239 De!

1970 4263 2255 4343 venerunt.
2296 4256 2502 4313 Horum
2533 4278 2674 4333 ergo
2706 4283 2845 4337 pars
2892 4275 3084 4343 aliqua
3114 4256 3273 4330 extra
3308 4276 3599 4330 Iordanem

2585 4354 2769 4418 ιυῑιιιν
2820 4375 2923 4427 per
2980 4366 3242 4436 Moysem,
3294 4378 3431 4431 pars
3480 4373 3597 4413 vero

1972 4436 2122 4482 trans
2172 4428 2507 4502 Iordanem,’
2527 4448 2587 4493 et
2639 4443 3036 4505 haereditatem
3073 4428 3310 4520 suscipit
3351 4453 3408 4504 iu
3459 4458 3587 4502 terra

1972 4520 2406 4611 repromissionis
2448 4539 2548 4593 per
2603 4528 2828 4591 Iesum.
2875 4539 2948 4594 Et
2990 4544 3068 4597 illi
3115 4543 3369 4611 quidem,
3416 4536 3591 4606 quibus

1972 4614 2122 4657 extra
2186 4606 2475 4665 Iordanem
2536 4617 2861 4682 ltmreditas
2926 4606 3296 4690 decernitur,
3348 4623 3584 4695 primiti'i

1972 5055 2317 5162 iff‘f".3‘_i"f°
2360 5062 2813 5162 amoenius
2986 5055 3315 5162 misse
3355 5059 3667 5162 satis:

1973 5138 1985 5150 '
2129 5140 2139 5153 ·
2205 5145 2217 5158 ο
2267 5147 2277 5158 ι
2419 5152 2429 5163 .
2565 5137 2586 5140 ⁷
2792 5137 2807 5140 ‘
2849 5137 2963 5150 "'"
2998 5137 3256 5162 ιιι-ιιιιδν
3501 5142 3511 5151 σ

1965 5137 2551 5253 ξξὶόξξτξξίξωιινὼὲδ
2584 5177 2773 5228 eXtra
2809 5176 3147 5253 Iordanem
3209 5140 3670 5253 σθ

1970 5227 2089 5327 ipsi?
2119 5230 2265 5327 PE“
2315 5238 2386 5294 (ιθ
2437 5244 2742 5327 Ezram
2764 5226 2773 5228 ἡ
2793 5226 3543 5327 ιζξίιῖἔῗιῖἶξηῖιέελίωδ
3561 5228 3701 5270 me“

2839 5286 3015 5351 “NE.
3054 5257 3374 5360 primoé

3334 5412 3493 5495 ἄλ,
3509 5397 3631 5448 nocte
3646 5402 3731 5453 aue-

1978 5422 2550 5517 l?ﬂe'.3l§..§i‘.3'€¥miis
2582 5458 2666 5517 op

1979 5468 2050 5528 i'it
2075 5468 2897 5576 clat‘ivssi'iit‘tisullitgtguga‘us
2932 5473 3018 5532 δὴ
3051 5480 3319 5561 θείεαο

2662 5536 2770 5584 IIS.
