3838 6216
126 346 200 396 'i't‘l

150 468 228 508 ω.
279 410 484 469 Omnes
510 426 642 483 ergo
668 412 756 468 isti
793 412 1176 488 priinogeuiti
1203 445 1384 503 sunt,
1421 451 1476 494 et
1514 443 1630 496 ideo
1650 440 1792 509 prio-

171 494 261 586 :;;“
304 500 549 580 populum
593 501 906 571 designant,
943 509 1049 574 qui
1092 528 1210 570 non
1259 494 1588 590 ρειίιεευηι
1613 494 1787 581 D'omi-

186 633 301 670 num
340 603 594 660 ιιοδιιύιιι,
618 595 712 648 Sed
744 609 837 663 De?
859 592 1113 669 Μυςεειι
1148 618 1322 666 extra
1358 615 1642 672 Iordanem
1673 632 1789 670 sor-

204 715 297 756 tetu
330 684 644 744 ὶιωτθάίῑῧὶῖε
660 685 962 752 acCipiuut.
997 691 1332 756 Considera
1368 715 1544 759 autem
1569 705 1790 774 diligen-

215 797 312 846 tius
344 783 490 840 etiam
519 795 756 844 causam.
791 794 896 848 ψιιι
926 783 1162 850 priores
1203 800 1260 846 et
1291 805 1450 849 extra
1481 795 1785 861 Iordanem,

221 891 270 932 et
295 871 589 944 sequeStrati
609 885 638 924 a
662 871 899 935 caneris,
931 889 1376 947 consequuntur
1406 885 1785 938 haereditatem.

233 987 252 1017 ο
277 967 524 1026 Iumenta,
542 961 791 1030 inquiunt
813 963 884 1026 °‘,
901 972 960 1018 et
990 981 1206 1034 pecora
1231 973 1401 1026 multa
1425 982 1548 1027 sunt
1575 974 1742 1026 nobis.
1764 991 1782 1023 ι

225 1060 342 1111 Ilaec
363 1071 483 1122 ergo
511 1069 670 1107 causa
705 1062 812 1116 est.
840 1055 974 1122 Quia
1005 1059 1171 1128 prior
1205 1063 1434 1131 populus
1467 1065 1532 1114 ad
1570 1061 1788 1115 hazredi-

225 1159 382 1204 tatem
401 1149 537 1203 illius
562 1158 738 1210 terrae,
768 1166 896 1218 qua:
921 1150 1073 1207 lacte
1097 1155 1240 1218 ﬂuit,
1272 1171 1391 1224 qum
1443 1155 1596 1209 melle
1623 1155 1788 1208 abun-

216 1243 328 1306 dat,
356 1257 476 1310 qua:
495 1239 643 1294 favus
672 1240 849 1294 mellis
873 1249 962 1295 est
991 1258 1108 1311 prae
1132 1245 1278 1298 omni
1312 1254 1472 1308 terra,
1496 1259 1600 1297 non
1621 1242 1788 1310 potuit

212 1333 522 1403 pervenire,
553 1347 651 1387 nec
675 1331 916 1386 Verbum
945 1349 1171 1389 carnem
1201 1337 1400 1391 factum
1430 1323 1598 1404 potuit
1623 1349 1788 1404 agno-

208 1439 397 1488 scere,
431 1424 551 1492 quia
592 1421 757 1475 multa
787 1423 1039 1491 iumenta
1083 1426 1355 1479 habebant
1399 1433 1454 1478 et
1493 1423 1652 1477 multa
1703 1438 1789 1492 pe-

206 1529 363 1568 cora.
403 1514 671 1568 Animalis
695 1529 826 1581 ergo
855 1514 1022 1570 homo
1048 1532 1154 1572 non
1187 1516 1361 1584 potuit
1379 1516 1649 1584 percipere
1670 1531 1786 1584 qua:

205 1613 338 1658 sunt
367 1604 618 1672 Spiritus
647 1604 736 1657 Dei
766 1605 834 1668 “,
861 1619 963 1659 nec
978 1605 1297 1673 spiritaliter
1312 1604 1628 1686 dijudicare;
1661 1605 1783 1672 quia

209 1713 229 1743 ε
279 1695 455 1748 homo
511 1695 567 1747 in
604 1695 810 1747 honore
860 1688 986 1748 cum
1023 1702 1188 1755 esset,
1225 1710 1326 1748 non
1362 1694 1640 1760 intellexit,
1691 1694 1782 1748 sed

201 1793 573 1851 comparatus
633 1791 716 1837 est
768 1783 1026 1851 iumentis
1072 1782 1464 1848 insipientibus,
1510 1791 1563 1836 et
1594 1781 1782 1835 similis

203 1873 389 1928 factus
438 1883 530 1928 est
568 1875 641 1928 iis
684 1874 751 1938 “,
805 1891 822 1926 ι
862 1889 958 1941 pro
1001 1873 1193 1940 quibus
1241 1873 1600 1926 haereditatem
1633 1887 1779 1927 suam

200 1972 363 2018 extra
383 1962 661 2018 Iordanis
688 1963 886 2017 ﬂuenta
914 1961 1172 2030 percepit,
1199 1969 1253 2014 et
1274 1977 1302 2013 a
1345 1969 1485 2014 terra
1517 1973 1575 2014 se
1599 1969 1780 2014 sancta

202 2057 336 2111 fecit
355 2058 633 2112 alienum.
660 2056 754 2109 Ille
791 2070 920 2124 ergo
946 2054 1168 2122 populus
1186 2053 1390 2120 accepit
1421 2052 1778 2107 haereditatem

203 2162 305 2212 per
341 2148 594 2218 Moysen,
633 2147 844 2215 accepit
869 2157 1062 2198 terram
1089 2144 1309 2198 duorum
1344 2157 1524 2210 regum
1556 2151 1784 2194 tantum-

201 2237 383 2290 modo.
415 2237 551 2291 Non
585 2239 738 2291 enim
769 2236 998 2304 amplius
1039 2233 1208 2302 potuit
1250 2231 1457 2302 Moyses
1482 2232 1784 2286 interﬁcere

201 2326 307 2380 nisi
357 2327 499 2381 duos
533 2342 721 2395 reges,
765 2341 993 2393 quorum
1030 2333 1224 2377 terram
1267 2323 1525 2376 divideret
1555 2319 1779 2402 populis,

199 2416 368 2469 multa
395 2417 686 2470 animalia
745 2415 1015 2480 multaque
1061 2427 1248 2479 pecora
1291 2409 1630 2464 habentibus.
1676 2408 1782 2460 Illis

201 2519 333 2559 vero
354 2507 444 2575 qui
479 2504 794 2559 Iordanem
834 2511 1129 2567 transeunt,
1158 2500 1312 2556 Iesus
1343 2499 1532 2552 dividit
1563 2509 1779 2563 terram,

192 2597 448 2660 quamvis
480 2595 740 2650 habeant
762 2594 923 2648 etiam
947 2593 1044 2660 ipsi
1073 2591 1341 2653 animalia,
1370 2589 1599 2642 habeant
1628 2602 1783 2656 pereo--

198 2698 280 2748 ra,
310 2698 410 2738 non
441 2693 650 2738 tamen
694 2691 864 2745 tanta,
891 2697 1010 2748 qua:
1043 2695 1136 2733 eos
1161 2679 1466 2741 excludant,
1497 2691 1564 2731 ne
1587 2675 1778 2732 Iorda-

194 2787 318 2826 Itcm
349 2781 679 2836 transeant,
711 2771 804 2826 sed
838 2785 961 2824 cum
997 2769 1121 2837 ipsis
1141 2777 1194 2823 et
1219 2767 1548 2833 mulieribus,
1575 2777 1631 2822 et
1660 2782 1778 2821 cum

191 2859 513 2916 infantibus
543 2860 673 2913 suis
694 2858 1022 2911 contendunt
1051 2857 1275 2910 transire
1295 2855 1600 2920 Iordanem,
1631 2864 1684 2909 et
1714 2856 1779 2907 ad

193 2960 414 3019 patrum
465 2949 776 3019 pervenire
826 2948 1107 3016 promissa.
1138 2946 1217 3000 Illi
1245 2957 1419 3001 autem
1448 2955 1664 3014 propter
1698 2961 1783 3014 pe-

191 3054 325 3093 cora
351 3051 406 3095 et
435 3043 732 3109 iumenta,
760 3045 817 3090 et
852 3036 1102 3091 mulieres
1130 3050 1274 3098 suas,
1303 3043 1357 3088 et
1395 3035 1648 3099 infantes,
1679 3049 1779 3088 non

189 3134 504 3191 potuerunt
538 3123 785 3177 transire
811 3121 1118 3185 Iordanem,
1146 3137 1246 3176 nec
1271 3124 1334 3176 ad
1363 3122 1516 3177 fidem
1558 3122 1775 3188 Christi,

191 3229 318 3281 qua:
339 3224 427 3270 est
465 3222 629 3268 terra
667 3212 1117 3280 repromissionis,
1141 3213 1362 3268 intrare.

264 3303 324 3356 5.
350 3303 626 3370 Increpat
659 3310 837 3353 tamen
864 3299 1090 3368 Moyses,
1113 3310 1167 3353 et
1192 3301 1320 3355 dicit
1341 3302 1408 3354 ad
1439 3301 1576 3356 ﬁlios
1591 3301 1776 3356 Ruben

192 3403 254 3446 et
286 3395 360 3445 ad
407 3394 564 3447 ﬁlios
613 3389 731 3444 Gad
768 3388 860 3442 ⁶⁸;
911 3405 934 3440 ‹
968 3389 1184 3444 Fratres
1233 3391 1393 3444 vestri
1446 3400 1668 3458 pergant
1711 3392 1776 3444 ad

197 3470 480 3547 praelium,
517 3489 580 3531 et
617 3491 716 3530 vos
741 3477 1000 3530 sedebiris
1038 3478 1158 3532 hic?
1186 3478 1250 3530 Et
1281 3492 1447 3546 quare
1477 3479 1778 3546 pervertitis

197 3574 382 3624 corda
411 3570 660 3623 ﬁliorum
701 3567 889 3628 Israel,
932 3575 989 3620 ut
1030 3583 1137 3620 non
1178 3577 1449 3622 transeant
1490 3568 1542 3620 in
1583 3577 1774 3622 terram

201 3673 385 3726 quam
417 3657 692 3710 Dominus
733 3656 824 3708 dat
852 3655 969 3708 eis?
1003 3674 1022 3706 ι
1053 3655 1117 3708 Et
1142 3670 1260 3707 cum
1293 3656 1645 3724 increpuisset
1685 3671 1776 3711 eos

209 3746 530 3813 huiusmodi
557 3745 764 3807 verbis,
807 3761 826 3794 ι
859 3752 1216 3809 accesserunt,
1256 3743 1429 3812 inquit
1449 3743 1514 3806 ‘°,
1547 3745 1612 3798 ad
1653 3759 1774 3798 eum

215 3834 321 3886 lilii
351 3835 538 3889 Ruben
585 3843 644 3888 et
682 3833 776 3884 filii
823 3830 957 3894 Gad,
993 3842 1045 3884 et
1076 3831 1319 3886 dicebant
1348 3830 1550 3886 :Ovilia
1591 3832 1775 3887 ovibus

213 3921 616 3975 fabricabimus
649 3922 760 3982 hic,
796 3929 852 3974 et
885 3921 1185 3987 pecoribus,
1239 3929 1293 3974 et
1333 3921 1578 3974 civitates
1610 3922 1776 3990 impe-

217 4010 483 4064 dimentis
509 4011 732 4072 nostris,
756 4017 814 4061 et
841 4023 938 4062 nos
957 4009 1146 4062 armati
1175 4010 1346 4076 prima
1372 4020 1543 4064 turma
1567 4016 1776 4068 incede-

213 4113 351 4151 mus
387 4109 502 4153 ante
529 4099 668 4154 filios
704 4098 888 4161 Israel,
919 4113 1192 4166 usquequo
1219 4101 1568 4166 perducamus
1606 4118 1696 4157 eos
1723 4105 1772 4158 in

216 4201 396 4239 suum
435 4175 624 4242 locum.
664 4205 684 4238 ›
717 4187 784 4239 Et
827 4189 940 4240 hinc
980 4187 1370 4253 promittentes,
1402 4190 1772 4260 mitigaverunt

215 4275 469 4342 Moysen,
509 4281 578 4332 ita
607 4289 665 4332 ut
696 4278 812 4345 ipse
840 4291 934 4330 eos
964 4277 1362 4332 commendaret
1388 4278 1512 4333 Iesu
1543 4292 1595 4334 et
1622 4283 1766 4336 Elea-

215 4381 386 4421 zaro.
435 4369 503 4421 Ita
537 4369 680 4424 enim
711 4369 971 4434 scriptum
1005 4374 1085 4421 est
1111 4366 1155 4398 "
1183 4384 1198 4419 :
1225 4385 1245 4418 ι
1283 4368 1348 4422 Et
1387 4369 1630 4424 adhibuit
1654 4371 1771 4426 illos

214 4451 449 4523 Moyses
477 4461 544 4512 ad
579 4459 900 4512 Eleazarum
941 4457 1291 4521 sacerdotem,
1321 4467 1373 4511 et
1398 4457 1575 4512 Iesum
1607 4459 1770 4514 filium

219 4543 410 4607 Nave,
441 4557 492 4600 et
533 4549 806 4616 principes
857 4545 1181 4600 familiarum
1230 4547 1457 4599 tribuum
1496 4549 1679 4603 Israel.
1707 4550 1772 4604 Et

219 4632 303 4684 ait
333 4634 414 4685 ad
439 4651 523 4690 eos
551 4636 760 4706 Moyses
787 4653 800 4690 :
836 4635 895 4689 Si
929 4636 1240 4690 transierint
1267 4636 1356 4690 lilii
1384 4636 1569 4696 Ruben
1591 4649 1644 4691 et
1678 4639 1768 4694 filii

213 4719 343 4772 (ἶδά
378 4725 642 4780 Vobiscum
673 4725 972 4781 Iordanem
1001 4725 1175 4780 omnis
1191 4735 1425 4781 armatus
1445 4727 1510 4781 ad
1535 4727 1768 4794 praelium

217 4820 418 4859 coram
446 4813 676 4878 Domino,
708 4823 764 4867 et
796 4811 1142 4867 obtinueritis
1178 4821 1370 4866 terram
1401 4815 1454 4868 in
1485 4826 1767 4882 conspectu

209 4903 433 4959 vestra.
460 4901 653 4955 dabitis
680 4903 758 4956 eis
789 4910 996 4954 terram
1027 4898 1224 4952 Galaad
1254 4901 1302 4953 in
1325 4904 1729 4969 possessionem.
1748 4923 1765 4954 ι

195 4975 402 5029 ἐει-ηε
442 5004 626 5042 nomen
660 4991 714 5042 in
743 4984 1051 5052 Scriptnris
1080 4984 1270 5037 divinis
1297 4989 1518 5051 positum
1545 4988 1769 5041 diversis

176 5062 698 5132 “lniﬁmtionibus
721 5072 1076 5134 invenimus;
1115 5079 1167 5124 et
1198 5073 1364 5139 primo
1393 5077 1602 5140 quidem
1629 5085 1767 5128 terra

155 5144 279 5236 θεῖε
293 5145 374 5200 ἡ.
415 5182 512 5236 qua
534 5166 874 5224 habitamus,
898 5173 1008 5211 non
1028 5171 1091 5210 ex
1118 5158 1262 5211 initio
1273 5170 1408 5212 terra
1429 5161 1650 5214 vocitata
1665 5172 1767 5227 est,

137 5229 346 5321 514:"
371 5229 466 5312 ida
485 5276 502 5310 :
534 5265 590 5309 et
625 5262 759 5321 post
788 5251 914 5302 haec
938 5260 1065 5312 qua:
1088 5247 1230 5312 prius
1249 5248 1383 5299 dicta
1409 5249 1577 5302 fuerat
1599 5252 1768 5315 arida,

101 5307 271 5370 373
542 5307 759 5397 nomen
789 5335 1054 5400 accepit;
1079 5333 1213 5385 sicut
1236 5342 1287 5386 et
1315 5336 1500 5389 coelum
1524 5337 1658 5390 istud
1693 5341 1772 5391 vi-

867 5608 887 5622 .
975 5570 1022 5598 5’
1054 5569 1237 5623 Matth.
1270 5588 1322 5638 v,
1344 5576 1392 5627 4.

555 5678 886 5734 Ριτιιοι.
941 5656 1069 5715 GR.
1122 5659 1251 5718 XII.

1339 324 1415 378 IN
1450 322 1773 383 NUMEROS
1810 323 2088 380 IIOMILIA
2121 325 2302 382 XXVI.

807 5543 865 5575 ,Ἀ
917 5503 1020 5575 ⁵³]
1049 5501 1260 5575 §_or._u,
1293 5507 1374 5559 14.
1442 5509 1484 5539 ⁸⁸
1513 5509 1644 5560 Psal.
1683 5526 1778 5566 xu

1879 5511 1947 5565 l5.
2019 5510 2062 5542 θ’
2092 5509 2247 5564 Num.
2273 5526 2444 5575 xuu,
2466 5512 2519 5574 6,
2548 5510 2599 5564 7.

1483 5577 1524 5606 ⁷ο
1550 5576 1740 5631 Matth.
1778 5595 1894 5636 χιιι.
1967 5581 2008 5612 ⁷⁸
2033 5578 2171 5633 Psal.
2196 5593 2400 5648 xxxv",
2427 5581 2512 5635 54.

3316 333 3416 388 778

1819 443 1861 498 Α
1890 440 2041 494 sibilo
2091 456 2190 494 non
2249 444 2315 497 ab
2353 443 2502 512 initio
2548 444 2740 500 coelum
2771 447 2969 500 dictum
3003 456 3106 511 est,
3138 448 3229 502 scd
3266 450 3417 518 prius

1891 530 2303 594 firmamentum,
2329 533 2620 598 postetiam
2643 535 2766 588 coeli
2784 538 3038 590 vocabulo
3057 547 3414 606 nuncupatum
3478 574 3480 576 τ

1888 627 1987 671 est.
2015 615 2068 670 In
2107 617 2363 686 principio
2401 627 2575 673 tamen
2622 628 2883 675 creatura:
2912 622 3102 674 coelum
3138 631 3193 676 et
3220 631 3413 676 terram

1890 706 2078 760 fecisse
2105 704 2297 759 dicitur
2324 706 2481 772 Deus,
2507 714 2559 760 et
2586 716 2766 774 postea
2805 692 3026 773 aridam,
3043 717 3096 762 et
3112 718 3295 776 postea
3327 709 3416 762 tir-

1889 806 2236 850 mamentum.
2267 795 2356 848 Vis
2387 804 2560 848 autem
2589 796 2726 850 scire
2770 797 2893 864 quia
2927 797 3066 850 aliud
3093 799 3162 850 sit
3189 798 3240 850 in
3271 798 3418 850 Scri-

1888 885 2058 951 ptnris
2086 885 2257 947 arida,
2282 884 2420 938 aliud
2444 884 2626 938 terra?
2655 885 2775 938 audi
2816 888 3061 954 Aggteum
3097 887 3412 955 prophetam

1891 973 2152 1026 dicentem
2170 973 2218 1004 ⁸⁸
2251 991 2262 1024 :
2294 992 2313 1022 ι
2338 974 2524 1026 Adhuc
2549 972 2790 1032 semel,et
2819 989 2917 1041 ego
2950 974 3171 1030 movebo
3219 976 3413 1032 caelum

1888 1071 1942 1114 et
1980 1071 2200 1126 terram,
2250 1071 2304 1114 et
2355 1076 2518 1126 mare,
2573 1073 2626 1116 et
2660 1063 2884 1116 aridam.
2906 1083 2925 1114 ι
2957 1062 3115 1118 Vides
3146 1069 3416 1132 quomodo

1888 1150 2144 1218 propheta
2187 1149 2326 1202 aliud
2363 1151 2513 1217 ponit
2555 1159 2749 1203 terram
2787 1160 2838 1202 et
2871 1151 3015 1202 aliud
3051 1152 3273 1206 aridam.
3309 1151 3414 1207 Sed

1886 1246 1939 1290 et
1973 1238 2022 1288 in
2063 1237 2242 1290 multis
2270 1237 2557 1305 Scriptum
2589 1238 2717 1292 locis
2743 1238 3041 1292 invenimus
3070 1248 3263 1293 terram
3296 1239 3412 1293 lau—

1888 1323 2112 1377 dabilem
2143 1325 2443 1388 nominari;
2477 1326 2679 1378 aridam
2716 1341 2840 1378 vero
2871 1341 2973 1379 non
2999 1326 3161 1381 facile
3193 1328 3415 1397 legimus

1884 1411 2204 1466 laudabilem
2255 1415 2400 1482 poni.
2443 1414 2573 1468 Nam
2628 1424 2680 1468 et
2724 1416 2891 1469 Adam
2945 1418 2996 1470 in
3042 1418 3185 1471 hunc
3240 1418 3412 1473 locum

1884 1501 2034 1568 quasi
2064 1501 2344 1570 culpabilis
2381 1511 2498 1569 post
2527 1514 2804 1570 peccatum
2839 1505 3160 1569 detruditur,
3189 1507 3278 1573 qui
3304 1508 3412 1558 ari-

1886 1581 1948 1643 da
2000 1591 2302 1646 nominatus
2354 1601 2455 1646 est.
2495 1594 2662 1646 Antea
2707 1595 2847 1647 enim
2885 1608 2986 1647 non
3030 1593 3128 1647 fuit
3155 1595 3206 1648 in
3239 1595 3410 1657 arida,

1885 1679 1976 1732 sed
2018 1680 2070 1732 in
2103 1688 2262 1733 terra.
2300 1680 2582 1736 Paradisus
2626 1696 2854 1751 namque
2889 1698 2990 1736 non
3035 1693 3117 1736 est
3154 1684 3206 1736 in
3242 1685 3409 1747 arida,

1882 1768 1972 1820 sed
1995 1768 2045 1821 in
2072 1777 2232 1823 terra.
2262 1767 2364 1822 Sed
2392 1778 2445 1822 et
2469 1771 2758 1824 u‘iansuetis
2790 1773 2929 1839 quod
2958 1773 3282 1840 repromittit
3307 1773 3412 1828 Do-

1885 1857 2060 1910 minus
2115 1857 2166 1911 in
2225 1859 2528 1928 Evangelio,
2591 1875 2694 1912 non
2756 1870 2839 1914 est
2893 1862 3065 1928 arida,
3102 1863 3196 1916 sed
3246 1873 3406 1917 terra.

1889 1946 2074 1999 «Beati
2122 1948 2286 2011 enim,
2343 1947 2600 2016 inquit”,
2655 1951 2955 2017 mansueti,
3013 1953 3265 2020 quoniam
3309 1954 3409 2020 ipsi

1883 2036 2266 2090 haareditabunt
2309 2045 2526 2089 terram.
2553 2054 2572 2086 ι
2606 2036 2672 2090 Et
2711 2038 2903 2091 iterum
2935 2039 2987 2091 in
3023 2039 3312 2110 Evangelia
3336 2040 3406 2103 "°,

1880 2139 2062 2178 semen
2086 2127 2225 2192 quod
2247 2127 2334 2179 dat
2361 2126 2587 2178 fructum
2624 2128 2973 2182 centesimum
3019 2132 3406 2198 sexagesimum

1882 2223 1936 2268 et
1973 2215 2321 2278 tricesimum,
2364 2223 2508 2267 terra
2554 2215 2757 2269 dicitur
2791 2230 2928 2282 esse,
2966 2233 3070 2272 non
3124 2220 3295 2274 arida.
3345 2221 3409 2274 Et

1880 2314 2008 2372 puto
2035 2305 2157 2374 quia
2197 2304 2463 2372 profectus
2489 2304 2706 2370 quidam
2730 2307 2800 2359 sit
2821 2306 2887 2360 ab
2930 2307 3076 2360 arida
3113 2309 3180 2363 ad
3212 2318 3404 2363 terram

1882 2394 2146 2457 veniendi,
2190 2393 2325 2446 sicut
2358 2401 2411 2445 et
2453 2393 2722 2460 profectus
2771 2395 2984 2462 quidam
3039 2395 3158 2460 fuit,
3187 2407 3246 2451 ut
3293 2399 3405 2452 hac

1881 2482 2031 2534 arida
2075 2491 2216 2534 terra
2247 2493 2548 2537 vocaretur.
2577 2481 2774 2538 Omnes
2802 2484 2943 2538 enim
2971 2499 3092 2550 nos,
3121 2487 3289 2542 donec
3322 2488 3405 2541 in-

1880 2570 2138 2625 I‘ructuosi
2171 2586 2374 2636 sumus,
2411 2580 2466 2626 et
2499 2571 2696 2624 nullum
2740 2571 2961 2639 justitite
3010 2574 3260 2642 fructum,
3291 2576 3409 2629 nul-

1879 2662 1986 2714 lum
2041 2661 2327 2730 pudicitia,
2377 2661 2573 2715 nullum
2617 2661 2828 2728 pietatis
2885 2663 3194 2730 all'erimus,
3251 2666 3401 2720 arida

1881 2763 2086 2804 sumus.
2113 2749 2169 2804 Si
2197 2760 2374 2805 autem
2412 2750 2763 2818 nosmetipsos
2795 2755 3114 2821 coeperimus
3140 2755 3405 2816 excolere,

1878 2846 1931 2892 et
1954 2839 2020 2891 ad
2061 2839 2315 2892 virtutum
2381 2839 2582 2908 frugem
2625 2842 2830 2896 desides
2877 2844 3082 2896 animos
3127 2845 3403 2907 suscitari,

1882 2935 2018 2980 terra
2071 2926 2326 2982 ellicimur
2369 2946 2436 2984 cx
2475 2933 2646 2998 arida,
2685 2948 2801 3001 qua:
2830 2935 2973 2989 verbi
3022 2934 3115 2987 Dei
3162 2944 3406 3001 suscepto

1807 3030 1848 3086 α
1882 3016 2085 3070 semine
2127 3017 2241 3070 laeta
2291 3017 2448 3088 fruge
2497 3021 2828 3090 multiplicat.
2862 3023 2955 3078 Est
2995 3037 3119 3091 ergo
3165 3024 3404 3092 quasdam

1880 3103 2037 3156 etiam
2087 3103 2137 3156 in
2191 3119 2352 3174 regno
2398 3107 2493 3160 Dei
2539 3118 2705 3174 terra,
2731 3123 2850 3176 quae
2895 3109 3184 3162 mansuetis
3231 3123 3409 3176 repro-

1879 3193 2128 3256 mittitur,
2175 3203 2232 3248 et
2287 3204 2429 3249 terra
2471 3212 2591 3265 quae
2639 3198 2930 3252 viventium
2990 3200 3316 3264 nominatur,
3353 3209 3407 3251 ct

1879 3289 2021 3334 terra
2042 3282 2094 3334 iu
2125 3283 2350 3337 excelsis
2374 3288 2563 3351 posita,
2591 3289 2656 3340 de
2679 3301 2782 3355 qua
2808 3290 2872 3341 ad
2894 3288 3094 3357 justum
3117 3289 3244 3343 dicit
3271 3287 3405 3344 Pro—

1879 3373 2034 3439 pheta
2055 3373 2098 3403 τι
2129 3392 2142 3426 :
2177 3391 2195 3423 ‹
2225 3374 2288 3426 Et
2331 3375 2587 3430 exaltabit
2637 3387 2688 3431 te
2729 3387 2785 3430 ut
2829 3378 3110 3434 baredites
3141 3390 3356 3434 terram.
3380 3399 3400 3432 ι

1876 3458 2032 3514 Istius
2057 3475 2183 3529 ergo
2215 3471 2370 3515 terra:
2393 3464 2778 3529 haereditatem,
2796 3478 3133 3534 posteaquam
3163 3470 3227 3522 de
3248 3484 3406 3522 munc

1877 3548 1928 3600 di
1953 3547 2109 3616 hujus
2133 3547 2366 3620 [Egypto
2391 3552 2600 3618 exierit,
2629 3553 2733 3608 Deo
2765 3556 2986 3608 credens
3011 3556 3186 3609 anima
3212 3571 3402 3611 conse-

1875 3636 2170 3703 quitur:et
2211 3639 2336 3691 alibi
2372 3641 2582 3706 quidem
2623 3641 2684 3706 ii,
2717 3643 2805 3708 qui
2845 3645 2944 3697 sub
2990 3643 3104 3712 lege
3135 3645 3401 3706 vixerunt,

1876 3727 2002 3782 alibi
2045 3740 2222 3782 autem
2267 3731 2356 3799 qui
2394 3747 2488 3800 per
2526 3731 2648 3788 Iesu
2671 3733 2872 3793 Christi
2899 3735 3054 3790 fidem
3086 3745 3140 3790 et
3170 3739 3398 3806 gratiam

1839 3836 1841 3839 ·
1875 3819 2168 3888 dispensati
2192 3831 2333 3875 sunt.
2361 3823 2740 3879 Verumtamen
2771 3827 2804 3879 ii
2831 3827 2920 3894 qui
2951 3827 3200 3880 videntur
3221 3830 3398 3895 primi,

1873 3916 1927 3962 et
1971 3925 2063 3973 per
2112 3909 2290 3964 Mosen
2341 3913 2652 3978 dispensati,
2680 3928 2787 3970 non
2818 3916 2965 3983 prius
3007 3931 3390 3984 consequentu.

1875 3997 2236 4052 haereditatem
2271 3999 2370 4054 sibi
2407 4001 2696 4067 decretam,
2727 4017 2886 4070 quam
2943 4003 3085 4057 Mose
3125 4005 3259 4056 duce
3289 4019 3402 4056 me-

1872 4097 2116 4154 ruerunt,
2162 4089 2261 4142 nisi
2289 4098 2342 4142 et
2383 4089 2481 4157 ipsi
2524 4098 2794 4144 transeant
2822 4107 2942 4144 cum
2980 4091 3044 4144 iis
3077 4105 3213 4158 quos
3246 4089 3402 4145 Iesus

1871 4177 2158 4245 dispensat,
2193 4190 2246 4233 et
2276 4191 2512 4248 pugnent
2558 4196 2679 4235 cum
2711 4183 2791 4236 eis
2830 4192 3011 4236 contra
3048 4183 3312 4252 inimicos,
3348 4196 3403 4236 ct

1871 4267 2132 4322 collocent
2153 4282 2246 4322 eos
2269 4269 2318 4322 in
2349 4270 2566 4328 sedibus
2600 4271 2729 4336 suis,
2755 4280 2809 4324 et
2841 4272 2912 4325 ita
2941 4272 3040 4340 ipsi
3075 4286 3401 4341 consequen-

1802 4337 1845 4392 Ῑ)
1877 4364 1962 4408 tur
1991 4357 2350 4410 [nereditatem
2381 4372 2537 4425 quam
2569 4358 2748 4427 Moyse
2771 4360 2903 4414 duce
2931 4337 3260 4415 meruerunt.

1944 4442 1995 4496 6.
2039 4445 2142 4497 Sed
2176 4446 2286 4498 lure
2327 4445 2430 4499 nisi
2467 4460 2530 4499 ex
2563 4446 2855 4514 Scripturis
2882 4449 3076 4504 divinis
3105 4453 3399 4520 approben-

1878 4537 1982 4594 tur,
2035 4529 2223 4583 fabulae
2261 4531 2599 4589 videbuntur.
2647 4533 2841 4588 Paulus
2872 4551 3001 4606 ergo
3039 4539 3227 4592 horum
3271 4555 3399 4608 pto-

1876 4616 2101 4693 ducatur
2141 4617 2192 4670 in
2239 4620 2469 4673 medium
2504 4621 2724 4677 idoneus
2772 4625 2943 4689 testis,
2969 4627 3058 4693 qui
3091 4628 3142 4681 in
3169 4629 3398 4693 Epistola

1880 4704 1944 4756 ad
1983 4703 2253 4771 Hebraeos,
2297 4709 2384 4763 ubi
2427 4709 2683 4765 describit
2724 4726 2908 4767 onmes
2957 4715 3072 4770 illos
3113 4725 3311 4785 patres,
3344 4727 3400 4771 et

1877 4793 2228 4858 patriarchas,
2277 4811 2341 4850 ac
2382 4799 2687 4867 prophetas,
2727 4802 2815 4870 qui
2850 4818 2945 4870 per
2980 4804 3134 4858 fidem
3181 4805 3400 4873 placue-

1877 4894 2003 4937 runt
2052 4885 2180 4948 Deo,
2211 4896 2329 4954 post
2353 4890 2810 4946 enumerationem
2840 4903 3172 4958 cunctorum,
3193 4894 3246 4948 in
3273 4895 3396 4947 ulti-

1878 4991 1960 5028 ma
2004 4975 2340 5031 conclusione
2384 4979 2462 5033 sic
2500 4979 2630 5034 dicit
2669 4983 2734 5036 de
2773 4982 2851 5036 eis
2867 4983 2951 5036 τις
2988 5000 3008 5034 ι
3039 4984 3106 5038 Et
3145 4985 3179 5037 ii
3211 4998 3395 5036 omnes

1877 5065 2177 5119 testimonio
2200 5065 2320 5121 ﬁdei
2350 5078 2566 5138 accepto
2613 5085 2717 5124 non
2746 5081 3090 5139 perceperunt
3113 5072 3396 5138 repromis-

1873 5160 2068 5221 siones,
2104 5157 2213 5212 Deo
2258 5172 2356 5226 pro
2404 5159 2557 5214 nobis
2600 5161 2789 5214 melius
2828 5160 3028 5226 aliquid
3059 5160 3391 5226 providente,

1875 5248 1949 5299 uti
1983 5262 2048 5300 ne
2079 5248 2196 5301 sine
2225 5249 2377 5300 nobis
2427 5255 2938 5302 consummarentur.
2965 5264 2985 5296 ι
3028 5245 3189 5310 Quasi
3240 5246 3393 5298 dice-

1875 5345 1993 5390 rent
2031 5337 2146 5399 isne
2175 5351 2358 5389 novem
2390 5348 2441 5390 et
2473 5337 2631 5391 sentis
2665 5337 2833 5390 tribus
2872 5335 2946 5409 de.
2972 5334 3074 5395 illis
3099 5333 3306 5386 duabus
3339 5344 3396 5387 et

2676 5509 2717 5539 ⁸⁸
2741 5505 2868 5559 ibid.
2903 5500 2986 5562 16,
3021 5499 3108 5550 l7.

2591 5579 2636 5610 ⁷⁸
2657 5574 2789 5630 Ileb.
2811 5585 2887 5636 xx,
2908 5567 2994 5627 59.
3021 5565 3108 5616 4οι

2969 5654 3044 5710 25

3185 5501 3232 5533 ⁸⁷
3264 5503 3399 5562 ibid.
