3822 6222
501 348 602 401 779

504 460 666 518 semis
699 454 959 517 tribubus,
993 451 1117 519 quia
1153 455 1430 518 propterea
1471 458 1579 498 non
1626 445 1876 510 ceperunt
1901 449 2027 504 pro-

506 551 794 606 missiones
829 556 986 600 terrae
1012 544 1174 605 illius,
1205 554 1321 606 qua:
1348 539 1427 594 eis
1455 545 1604 590 extra
1629 533 1912 588 Jordanem
1943 541 2036 595 per

507 642 726 710 Moysen
779 638 989 691 decreta
1021 641 1124 695 est,
1165 630 1268 683 Deo
1303 641 1396 696 pro
1427 626 1580 679 nobis
1620 622 1815 691 aliquid
1849 618 2036 672 melius

508 730 846 802 providente,
893 723 971 777 uti
1014 737 1079 775 ne
1134 719 1248 774 sine
1303 716 1457 770 nobis
1511 717 2036 766 consummarentur.

509 799 796 887 Dropterea
825 825 951 881 ergo
978 815 1257 863 transeunt
1287 805 1562 859 nobiscum
1591 801 1782 854 armati
1808 799 1872 850 ad
1905 811 2040 865 prae-

507 910 661 973 lium,
690 904 946 972 etjuvant
975 914 1070 953 nos
1095 900 1160 950 ad
1187 894 1617 963 belligerandum,
1641 890 1704 942 ad
1729 900 2042 955 expugnan-

510 999 606 1052 dos
655 994 918 1049 inimicos.
976 987 1082 1041 Sed
1116 985 1191 1038 illi
1240 988 1521 1036 transeunt
1543 979 1634 1047 qui
1671 975 1866 1030 armati
1897 981 2040 1037 sunt,

510 1086 598 1155 qui
623 1083 723 1138 viri
763 1081 928 1134 fortes
957 1083 1082 1131 sunt
1115 1083 1169 1128 et
1198 1081 1473 1141 potentes;
1507 1067 1685 1123 caeteri
1713 1079 1860 1125 vero.
1896 1063 2046 1130 igna-

511 1153 577 1225 va
612 1184 798 1224 manus
841 1175 896 1221 et
931 1163 1180 1227 imbellis,
1207 1168 1482 1215 remanent
1531 1165 1681 1212 extra
1735 1153 2044 1207 Jordancm.

515 1265 570 1318 Si
602 1263 691 1332 qui
717 1270 897 1314 autem
943 1258 994 1310 in
1048 1255 1177 1324 ipsis
1198 1253 1302 1307 viri
1335 1251 1502 1310 fortes
1533 1257 1676 1308 sunt,
1705 1244 1907 1299 relictis
1931 1241 2046 1294 ani-

515 1353 741 1408 malibus
790 1359 846 1403 et
898 1345 1180 1416 pecoribus
1234 1353 1286 1396 et
1328 1339 1575 1394 omnibus
1623 1332 2046 1403 impedimentis,

514 1449 753 1512 pugnant
771 1438 1051 1491 adversum
1078 1435 1282 1486 hostem
1312 1429 1592 1483 nobiscum
1626 1437 1902 1492 usquequo
1929 1420 2049 1474 vin-

516 1538 709 1582 cantur
735 1524 935 1579 inimici
970 1521 1164 1584 nostri,
1201 1529 1480 1586 uSqueqno
1501 1512 1868 1566 hazreditatem
1897 1520 2053 1561 terra:

518 1620 694 1678 bonae,
727 1623 882 1667 terrae
913 1609 1089 1664 mellis
1133 1606 1398 1672 lactisque
1429 1600 1724 1668 capiamus.
1759 1597 1890 1663 Quis
1910 1594 2052 1649 enim

519 1705 730 1761 dubitat
756 1701 898 1770 quod
943 1698 1110 1753 sancti
1142 1695 1342 1763 quique
1377 1699 1610 1760 patrum,
1641 1697 1694 1741 et
1726 1685 2057 1740 orationibus

521 1808 620 1848 nos
646 1794 853 1860 iuvent,
891 1797 944 1841 et
977 1793 1248 1856 gestorum
1279 1795 1498 1835 suorum
1537 1777 1860 1831 confirment
1893 1784 2055 1841 atque

522 1887 806 1939 hortentur
853 1875 1130 1944 exemplis,
1165 1871 1257 1926 sed
1290 1879 1345 1924 et
1391 1867 1748 1922 voluminibus
1789 1864 1922 1928 suis,
1963 1877 2060 1930 per

522 1988 588 2027 ea
635 1985 750 2040 quae
807 1965 962 2021 nobis
1016 1963 1081 2017 ad
1128 1959 1440 2015 memoriam
1491 1956 1688 2024 scripta
1724 1953 2062 2020 reliquerunt

524 2063 778 2116 docentes
831 2069 948 2120 nos,
989 2061 1043 2106 et
1085 2051 1412 2104 instruentes
1463 2044 1728 2113 quomodo
1777 2043 2060 2095 adversum

526 2149 768 2205 inimicas
801 2150 1093 2213 potestates
1125 2135 1484 2193 dimicandum
1538 2134 1628 2196 sit,
1679 2141 1734 2185 et
1791 2132 2059 2199 quomodo

527 2252 757 2308 agonum
790 2232 1060 2290 toleranda
1084 2225 1418 2283 certamina?
1444 2223 1682 2290 Pugnant
1703 2235 1828 2290 ergo
1851 2233 1945 2287 pro
1962 2232 2062 2272 no-

528 2333 609 2386 bis
639 2342 692 2385 et
720 2329 845 2398 ipsi,
883 2324 1137 2378 incedunt
1179 2317 1333 2389 primi
1370 2324 1494 2371 ante
1525 2328 1620 2367 nos
1671 2312 1885 2366 armati.
1917 2310 2068 2379 Ipsos

531 2421 672 2474 enim
711 2431 808 2472 nos
845 2415 1106 2468 habentes
1148 2410 1214 2462 ad
1252 2405 1575 2474 exemplum,
1607 2411 1658 2457 et
1707 2403 1949 2456 videntes
1977 2414 2069 2454 co-

534 2525 650 2564 rum
678 2521 773 2575 per
796 2504 1037 2574 Spiritum
1071 2497 1230 2552 fortia
1256 2495 1414 2559 facta,
1433 2506 1707 2545 armamur
1734 2490 1798 2543 ad
1827 2489 2066 2557 praglium

537 2594 797 2666 spiritale,
840 2601 893 2646 et
950 2589 1206 2642 adversus
1259 2581 1515 2650 spiritalia
1558 2579 1806 2646 nequitiae
1857 2579 1908 2632 in
1961 2591 2072 2631 cce-

452 2671 473 2741 .
532 2687 760 2741 lestibus
817 2681 1151 2736 dimicamus.
1213 2675 1301 2728 Sic
1360 2673 1589 2740 denique
1639 2670 1730 2738 qui
1766 2668 1890 2723 Jesu
1938 2668 2072 2722 duce

534 2775 780 2835 militant,
813 2768 1028 2837 triginta
1053 2775 1107 2819 et
1131 2777 1195 2817 eo
1224 2760 1455 2828 amplius
1487 2772 1640 2826 reges
1692 2758 1986 2826 perimunt,
2018 2766 2074 2810 et

538 2876 711 2917 terras
755 2872 941 2914 eorum
969 2865 1112 2909 sorte
1140 2849 1466 2906 luereditatis
1494 2846 1785 2914 accipiunt.
1828 2846 2076 2914 Depulsis

537 2964 764 3020 namque
811 2944 1139 3016 spiritalibus
1171 2938 1422 3007 nequitiis
1444 2939 1507 2990 de
1543 2936 1877 3002 coelestibus,
1904 2936 2075 2989 heare.‘

1930 308 2245 371 ORIGENIS
3538 292 3613 347 73°

2059 430 2206 490 Αἰὺί
2259 426 2448 479 Jesum
2518 417 2819 474 Dominum
2864 422 3103 469 nostrum
3142 424 3369 480 sequens,
3391 409 3616 463 interﬁciet

2148 518 2376 584 triginta
2409 523 2466 568 et
2493 527 2559 569 eo
2589 510 2826 578 amplius
2855 520 3032 574 reges,
3056 503 3171 557 illos
3197 500 3416 555 fortassis
3447 500 3498 553 de
3528 503 3619 568 qni-

2143 608 2242 660 bus
2279 605 2562 668 dicitur”,
2589 603 2721 670 quia
2755 617 2774 650 ‹
2800 599 3084 652 astiterunt
3111 608 3254 664 reges
3282 603 3436 658 terrai,
3454 601 3496 646 et
3514 593 3620 659 priu-

2140 697 2288 765 cipes
2319 692 2643 763 congregati
2674 696 2806 743 sunt
2835 686 2892 739 in
2917 695 3103 747 unutn,
3129 683 3368 735 adversus
3385 680 3619 742 Dominum,

2148 796 2200 838 et
2249 785 2516 839 adversus
2559 781 2846 835 Christum
2891 774 3038 842 eius;
3065 792 3084 824 ι
3115 769 3418 838 depulsisque
3445 769 3499 822 iis
3523 770 3623 834 regi-

2148 876 2249 930 bus
2292 883 2346 929 et
2395 871 2717 942 prostratis,
2780 873 3040 935 agnoscet
3093 859 3366 915 secretiora
3416 859 3623 926 mysteria.

2153 977 2438 1032 usquequo
2477 962 2669 1014 veniat
2707 957 2774 1011 ad
2819 956 2967 1009 illum
3007 952 3180 1005 locum
3207 948 3288 1003 ubi
3326 947 3456 1002 sedes
3478 946 3546 1000 Dei
3567 956 3623 998 est

2145 1061 2200 1107 et
2243 1052 2554 1106 Jerusalem
2609 1049 2809 1102 civitas
2860 1045 2956 1098 Dei
3007 1039 3248 1100 viventis,
3280 1051 3374 1088 non
3414 1036 3496 1089 ista
3537 1051 3620 1100 qua

2149 1141 2318 1196 servit
2357 1156 2485 1194 cum
2539 1139 2672 1192 filiis
2712 1135 2830 1191 suis
2881 1134 2934 1187 in
2975 1131 3154 1193 terris,
3197 1126 3284 1180 sed
3323 1124 3402 1178 illa
3437 1125 3628 1186 cmlestis,

2148 1257 2270 1311 qua:
2294 1240 2472 1293 libera
2509 1245 2622 1296 est,
2661 1239 2717 1284 et
2759 1237 2935 1281 mater
2964 1223 3202 1277 omnium
3232 1221 3545 1274 nostrumzad
3567 1233 3629 1271 cu-

2146 1304 2235 1400 jus
2257 1343 2356 1383 nos
2385 1322 2776 1380 haereditatem
2808 1314 3103 1384 perducere
3135 1310 3368 1379 dignetur
3395 1307 3481 1360 dux
3503 1304 3630 1359 etDo-

2153 1427 2336 1482 minus
2375 1428 2565 1471 noster
2615 1412 2778 1466 Jesns
2814 1406 3086 1468 Christus,
3119 1402 3201 1454 cui
3223 1409 3299 1455 est
3324 1399 3470 1467 gloria
3497 1406 3539 1450 et
3561 1397 3631 1448 im-

2153 1512 2368 1586 perium
2394 1508 2449 1561 in
2482 1502 2689 1560 saecula
2721 1496 3066 1552 saculorum.
3094 1492 3278 1545 Amen.

2687 1584 2974 1645 HOMlLIA
3011 1578 3222 1635 XXVII.

2464 1686 2544 1740 De
2568 1678 2946 1737 mansionibus
2976 1674 3205 1741 ﬁliorum
3234 1666 3404 1722 Israel.

2232 1783 2286 1835 Ι.
2325 1780 2464 1834 Cum
2531 1773 2810 1829 conderet
2866 1767 3010 1820 Deus
3061 1761 3354 1822 mundum,
3409 1756 3636 1809 innumeras

2161 1871 2371 1926 creavit
2397 1868 2654 1922 ciborum
2687 1855 3056 1917 differentias,
3082 1865 3177 1920 pro
3201 1849 3548 1904 diversitatibus
3569 1847 3638 1899 sci-

2162 1958 2290 2012 licet
2326 1955 2416 2009 vel
2458 1949 2696 2006 humani
2738 1941 3022 2006 desiderii,
3053 1939 3133 1992 vel
3173 1947 3366 1992 naturai
3389 1934 3638 1987 animalium.

2163 2048 2318 2103 Unde
2354 2058 2459 2098 non
2507 2040 2696 2094 solum
2739 2035 2908 2087 homo
2953 2043 3076 2082 cum
3107 2027 3295 2080 viderit
3317 2023 3566 2079 animalium
3585 2022 3638 2072 ri-

2166 2141 2312 2204 bum,
2354 2136 2454 2190 scit
2505 2145 2637 2186 eum
2703 2141 2816 2181 non
2872 2140 2976 2194 pro
3025 2137 3106 2185 se,
3128 2120 3218 2174 sed
3270 2132 3358 2186 pro
3403 2113 3641 2170 animalibus

2167 2237 2435 2289 creatum,
2469 2221 2571 2276 sed
2621 2229 2679 2274 et
2734 2217 2854 2284 ipsa
2885 2211 3140 2267 animalia
3171 2216 3442 2278 agnoscunt
3464 2203 3641 2273 proprios

2155 2319 2321 2374 ‘cibos
2343 2331 2359 2369 :
2383 2324 2439 2369 et
2470 2312 2597 2367 aliis
2623 2308 2884 2378 quidem,
2914 2305 3070 2359 verbi
3096 2316 3274 2364 causa,
3297 2299 3444 2351 utitur
3469 2295 3547 2354 leo,
3565 2291 3644 2343 aliis

2169 2423 2389 2471 cervus,
2452 2403 2581 2456 aliis
2633 2403 2760 2466 bos,
2812 2398 2937 2451 aliis
2997 2409 3125 2450 vero
3181 2407 3320 2446 aves.
3358 2388 3448 2443 Sed
3477 2396 3520 2439 et
3552 2385 3645 2435 inor

2171 2498 2418 2552 homines
2487 2502 2620 2547 sunt
2693 2490 2956 2558 quaedam
3008 2482 3316 2539 differentiae
3368 2479 3417 2530 in
3462 2481 3646 2541 appeten-

2171 2588 2254 2641 dis
2292 2586 2430 2640 cibis
2459 2599 2474 2636 :
2501 2591 2558 2636 et
2591 2582 2738 2635 alius
2791 2579 3016 2647 quidem
3073 2573 3162 2642 qui
3218 2573 3344 2624 bene
3381 2578 3512 2620 sanus
3531 2565 3644 2612 estet

2173 2673 2492 2730 habitudine
2521 2669 2788 2738 corporis
2827 2667 3045 2727 valens,
3080 2662 3264 2714 fortem
3289 2657 3444 2710 cibum
3467 2648 3644 2717 requirit,

2173 2773 2228 2818 et
2255 2762 2430 2817 credit
2475 2736 2826 2825 conﬁditque
2855 2755 3023 2809 edere
3065 2749 3262 2810 oumia,
3290 2744 3416 2796 velut
3459 2736 3644 2794 robustis-

2173 2853 2296 2910 simi
2326 2851 2527 2918 quique
2577 2848 2950 2902 athletarum.
2979 2843 3040 2898 Si
3072 2841 3192 2910 quis
3240 2849 3358 2889 vero
3389 2829 3646 2884 infirmiorem

2177 2959 2234 2998 se
2262 2915 2521 2997 sentit—et
2557 2938 2899 2998 invalidum,
2939 2934 3237 2989 delectatur
3274 2922 3494 2984 oleribus,
3515 2927 3556 2971 et
3576 2915 3650 2968 for-

537 3041 754 3092 ditatem
787 3012 934 3105 regni
963 3029 1193 3086 cmlestis
1220 3042 1248 3078 a
1281 3023 1406 3078 Jesu
1435 3023 1656 3076 Domino
1687 3031 1870 3075 neStro
1896 3020 2074 3088 perci-
2102 3053 2144 3110 ο
2180 3043 2285 3087 rem
2319 3030 2498 3084 cibum
2524 3043 2629 3097 ριιο
2667 3027 2756 3082 sui
2787 3024 3108 3080 ίηίίηηίωιθ
3143 3015 3367 3086 corporis
3387 3012 3574 3081 (59)..“
3591 3017 3648 3055 re.

540 3131 713 3200 piunt.

618 3217 669 3268 7.
713 3214 892 3268 Potest
938 3221 991 3265 et
1045 3211 1230 3265 tertius
1283 3207 1458 3262 adhuc
1510 3197 1858 3271 expositionis
1908 3196 2080 3250 videri

534 3310 760 3374 modus,
795 3316 853 3361 ut
877 3306 929 3359 in
961 3304 1084 3358 ﬁliis
1109 3301 1291 3365 Israel,
1317 3301 1366 3353 id
1394 3305 1475 3353 est
1503 3297 1557 3350 in
1588 3293 1781 3364 populo
1806 3291 2080 3354 Ecclesiae,

521 3399 911 3467 intelligantur
949 3394 1165 3464 quidam
1209 3404 1326 3444 esse
1373 3385 1664 3457 Spiritales,
1707 3392 1762 3436 et
1785 3382 1926 3435 intra
1956 3378 2080 3434 Jor-

542 3492 731 3542 dauem
778 3485 1056 3555 percipere
1095 3479 1456 3535 haereditatem
1491 3484 1643 3528 terrae
1674 3470 1893 3524 fluentis
1925 3469 2007 3520 lac
2029 3477 2083 3518 et

544 3578 645 3631 mel
672 3595 685 3630 :
711 3576 986 3646 sapiemim
1014 3572 1220 3627 scilicet
1244 3578 1299 3623 et
1323 3569 1557 3622 scientia:
1590 3563 1868 3631 capientes
1897 3558 2083 3612 dulce-

545 3665 744 3729 dinem,
777 3675 1006 3732 quorum
1051 3668 1192 3712 terra
1241 3653 1456 3707 flumine
1492 3651 1611 3714 Dei,
1643 3649 1784 3718 quod
1825 3646 2083 3715 repletum

545 3754 821 3822 est-aquis
858 3751 1052 3806 divina:
1100 3743 1484 3814 intelligentiae,
1532 3739 1896 3795 circumdatur
1929 3746 1984 3788 et
2013 3734 2086 3786 ri-

546 3853 723 3912 gatur.
777 3842 882 3896 Alii
933 3849 1112 3892 autem
1149 3842 1271 3890 sunt
1307 3832 1571 3894 carnales,
1619 3832 1706 3898 qui
1748 3826 2004 3897 iumentis
2035 3833 2089 3878 et

548 3930 859 3996 pecudibus,
893 3930 946 3983 id
979 3935 1064 3982 est
1093 3924 1291 3980 crassis
1332 3932 1384 3976 et
1417 3920 1625 3976 stolidis
1648 3919 1892 3972 sensibus
1920 3916 2089 3968 abun-

550 4021 881 4073 dant:sicut
925 4023 1080 4072 erant
1125 4013 1199 4066 illi
1254 4011 1318 4065 de
1365 4010 1560 4078 quibus
1604 4005 1817 4061 dicebat
1861 4006 2090 4073 Aposto-

552 4109 696 4164 lus"
720 4127 733 4161 :
757 4126 775 4158 ι
798 4110 874 4160 lta
913 4103 1173 4160 insensati
1220 4101 1371 4162 estis.
1403 4109 1461 4152 ut
1490 4114 1612 4153 cum
1650 4097 1836 4166 spiritu
1865 4093 2092 4162 coeperi-

556 4199 649 4262 tis,
675 4212 818 4252 nunc
855 4210 1013 4250 carne
1046 4192 1400 4264 perficiamini
1422 4190 1444 4243 i
1465 4208 1486 4240 ι
1512 4197 1566 4242 et
1580 4187 1628 4219 ⁷⁸
1668 4205 1682 4240 :
1719 4205 1738 4237 ι
1763 4185 1806 4240 Ο
1838 4185 2092 4240 insensati

553 4285 775 4350 Galatae,
801 4286 919 4354 quis
953 4298 1047 4338 vos
1080 4281 1369 4338 fascinavit
1395 4278 1610 4334 veritati
1643 4292 1748 4331 non
1788 4277 2044 4332 obedire?
2068 4295 2088 4327 ι

2182 3123 2334 3192 cipit.
2371 3119 2428 3174 Si
2463 3133 2597 3172 vero
2633 3119 2709 3172 sit
2737 3117 2941 3186 aliquis
2969 3111 3241 3182 parvulus,
3267 3102 3447 3159 etiamsi
3483 3111 3578 3150 voce
3603 3094 3652 3144 in-

2181 3211 2363 3263 dicare
2407 3223 2513 3260 non
2571 3206 2772 3274 possit,
2824 3184 2885 3258 re
2941 3213 3125 3256 tamen
3179 3199 3288 3266 ipsa
3335 3191 3499 3245 nullam
3537 3184 3643 3236 aliam

2182 3311 2344 3366 quam
2384 3294 2548 3348 lactis
2573 3270 2836 3361 requirit
2872 3290 3204 3344 alimoniam.
3243 3285 3304 3336 Et
3339 3281 3399 3332 ita
3443 3270 3649 3338 unusquis-

2184 3401 2291 3455 que
2321 3385 2403 3438 vel
2427 3398 2528 3452 pro
2566 3359 2736 3436 aetate
2766 3380 2857 3435 vel
2893 3395 2996 3450 pro
3023 3377 3246 3440 viribus,
3277 3371 3353 3425 vel
3382 3382 3463 3438 pro
3485 3359 3650 3430 corporis

2184 3449 2517 3538 valetudine,
2545 3482 2744 3541 aptum
2781 3449 2899 3526 sibi
2923 3480 2980 3526 et
3008 3473 3382 3534 competentem
3408 3455 3565 3510 viribus
3579 3449 3651 3502 suit

2184 3565 2392 3634 expetit
2429 3540 2642 3617 cibum.
2679 3563 2742 3616 Si
2789 3559 3130 3617 sufficienter
3171 3570 3339 3612 rerum
3388 3540 3649 3613 corporalium

2185 3631 2586 3708 considerastis
2621 3651 2974 3720 exemplum,
3010 3663 3153 3702 nunc
3181 3646 3246 3700 ab
3273 3645 3332 3698 iis
3352 3641 3409 3693 ad
3448 3631 3652 3695 intelligar

2189 3744 2315 3796 tiam
2348 3741 2682 3808 spiritalium
2714 3741 3032 3794 veniamus.
3063 3736 3250 3792 Omnis
3280 3739 3448 3786 natura
3490 3720 3652 3776 rationa-

2185 3830 2310 3884 bilis
2342 3803 2580 3898 propriis
2621 3837 2683 3882 et.
2713 3828 2822 3882 sibi
2857 3823 3296 3895 competentibus
3332 3811 3492 3871 nutriri
3521 3803 3654 3868 indiget

2189 3920 2347 3974 cibis.
2386 3918 2557 3970 Cibus
2594 3926 2785 3970 autem
2810 3930 2980 3972 verus
3004 3921 3210 3968 natura:
3242 3900 3524 3964 rationabilis
3538 3903 3655 3948 sermo

2191 4011 2284 4065 Dei
2314 4018 2416 4063 est.
2454 4008 2565 4062 Sed
2604 4009 2756 4062 sicut
2806 4008 2864 4062 in
2923 4004 3268 4060 nutrimentis
3295 3992 3501 4066 corporis
3528 3981 3657 4038 multas

2190 4103 2352 4170 paulo
2398 4109 2525 4154 ante
2555 4099 2820 4154 dedimus
2857 4097 3212 4159 differentias,
3251 4093 3323 4146 ita
3359 4098 3406 4144 et
3437 4091 3578 4152 natura
3607 4084 3658 4122 η·

2194 4192 2438 4257 tionalis,
2489 4205 2616 4259 qua:
2659 4191 2885 4244 ratione
2928 4198 2984 4243 et
3033 4187 3198 4241 verbo
3249 4181 3352 4242 Dei,
3391 4184 3442 4229 ut
3477 4167 3656 4256 diximuf.

2192 4283 2457 4351 Pascitur,
2492 4294 2602 4334 non
2633 4280 2820 4336 omnis
2844 4292 2956 4332 uno
3003 4285 3163 4345 atque
3194 4271 3367 4327 eodem
3391 4262 3520 4319 verbo
3547 4247 3658 4350 ntllri'

559 4373 664 4429 Sed
694 4383 747 4428 et
774 4373 1138 4442 unusquisque
1176 4381 1440 4436 nostrum,
1473 4371 1570 4425 nisi
1602 4383 1660 4425 se
1687 4369 1991 4432 armaverit,
2020 4377 2070 4420 et

2200 4381 2308 4426 tur.
2340 4369 2496 4426 Unde
2529 4371 2599 4422 ad
2646 4341 3385 4432 similitudincmvcorporalis
3416 4341 3659 4442 exemplifél

559 4461 781 4530 abiectis
827 4462 1000 4516 brutis
1039 4468 1094 4515 et
1114 4461 1366 4516 belluinis
1395 4464 1662 4526 sensibus,
1692 4461 1758 4513 ad
1795 4460 2089 4527 spiritalem

561 4549 964 4616 intelligentiam
1005 4551 1390 4617 properaverit,
1437 4549 1733 4604 remanebit
1765 4561 1918 4603 extra
1971 4549 2095 4603 Jor-

563 4641 777 4700 danem,
805 4651 903 4691 nec
946 4638 1141 4706 poterit
1171 4653 1264 4706 per
1296 4640 1568 4708 sapientiae
1598 4638 1788 4692 flumen
1819 4638 2092 4704 incedere,

563 4727 703 4798 quod
751 4724 984 4780 laetificat
1024 4726 1294 4780 civitatem
1355 4729 1471 4794 Dei,
1514 4730 1567 4782 id
1613 4737 1694 4782 est
1736 4730 1966 4781 animam
2003 4726 2096 4780 Dei

562 4828 814 4884 capacem
837 4827 857 4865 τ
883 4828 986 4868 non
1029 4823 1348 4882 assequetur
1405 4815 1736 4884 eloquiornm
1777 4815 1985 4868 Domini
2019 4815 2101 4866 in-

563 4911 782 4974 teriora,
831 4925 951 4979 quae
985 4918 1108 4965 sunt
1152 4911 1390 4968 dulciora
1439 4924 1599 4979 super
1635 4907 1737 4961 mel
1783 4917 1837 4959 et
1890 4909 2099 4971 favum,

564 4999 656 5053 sed
688 5000 829 5053 illam
853 5005 1219 5058 tantummodo
1254 5010 1610 5070 consequetur
1647 5006 1871 5057 terram,
1904 4997 1956 5048 in
1993 5012 2098 5063 qua

565 5087 671 5141 duo
712 5102 866 5157 reges
911 5089 1074 5144 occisi
1119 5101 1263 5156 sunt,
1307 5091 1397 5145 ubi
1437 5089 1644 5142 dicatur
1696 5083 1810 5138 ei"
1851 5099 1865 5134 :
1911 5101 1929 5134 ι
1957 5085 2100 5139 Nihil

568 5179 710 5235 aliud
737 5179 968 5247 iudicavi
999 5196 1083 5234 me
1115 5181 1287 5249 ipsum
1330 5181 1471 5234 scire
1499 5179 1638 5231 inter
1667 5187 1761 5226 vos
1789 5173 1893 5226 nisi
1917 5173 2099 5227 Jesum

567 5267 858 5337 Christum,
890 5280 943 5324 et
968 5271 1104 5324 hunc
1121 5270 1455 5325 crucifixum.
1487 5283 1504 5315 ι
1531 5263 1630 5328 Qui
1665 5270 1838 5314 autem
1867 5263 2104 5327 potuerit

575 5367 804 5418 transire
829 5362 1203 5431 Jordanem,et
1233 5366 1299 5416 ad
1332 5359 1583 5414 interiora
1615 5362 1918 5423 penetrare.
1941 5353 2104 5424 374

2199 4462 2472 4530 aliquibus
2518 4461 2693 4514 etiam
2749 4459 2867 4529 (eo)
2917 4459 2972 4511 in
3033 4427 3322 4508 verbovDei
3369 4444 3494 4498 cibus
3523 4427 3656 4530 tactis:

2199 4553 2444 4622 apertior
2484 4551 2702 4605 scilicet
2739 4523 3153 4616 simpliciorque
3181 4537 3422 4596 doctrina,
3449 4523 3660 4622 utdel“?

2201 4643 2403 4697 ralibus
2437 4656 2560 4695 esse
2611 4640 2781 4702 solet,
2815 4653 2940 4708 quae
2989 4614 3213 4707 praeberi
3242 4614 3654 4708 consuevitiisiti‘l'

2204 4729 2362 4782 initia
2385 4727 2591 4782 habent
2623 4727 2681 4780 in
2712 4696 2924 4781 divinis
2948 4696 3162 4785 studiis,
3185 4729 3234 4773 et
3259 4716 3409 4786 prima
3431 4696 3662 4759 eruditionis

2204 4817 2548 4874 rationabilis
2584 4818 2865 4871 elementa
2908 4813 3229 4882 suscipiunt.
3257 4805 3346 4859 His
3373 4808 3480 4865 ergo
3501 4798 3589 4882 euut
3609 4793 3662 4876 ις’

2207 4912 2407 4965 citatur
2433 4908 2559 4962 talis
2605 4907 2794 4976 aliqua
2829 4907 3134 4961 divinorum
3157 4895 3454 4954 voluminum
3477 4876 3660 4963 lectiOo'l“

2218 5014 2322 5068 qua
2351 5014 2457 5052 non
2503 4996 2769 5050 videatur
2806 4995 3014 5063 aliquid
3040 4994 3334 5048 obscurum.
3362 4979 3546 5031 "bam"
3566 4971 3660 5068 “Si.

2221 5046 2457 5068 Ἱππ--
2519 5046 2757 5050 --__--__
2809 5046 2918 5063 η,
3322 5046 3327 5047 ,

2208 5093 2362 5159 piunt
2392 5106 2407 5144 :
2434 5089 2592 5143 verbi
2635 5102 2825 5151 causa,
2858 5098 2918 5141 ut
2947 5099 3030 5140 est
3083 5081 3278 5137 libellus
3311 5061 3578 5153 Esthemtﬂ

2393 5130 2407 5144 .
2445 5130 2592 5143 .....,.
2637 5130 2825 5151 -....-..,
2861 5130 2918 5141 ...
2950 5130 3030 5140 ν-.
3652 5130 3658 5136 .

2210 5179 2345 5240 dith,
2390 5178 2474 5232 vel
2508 5179 2678 5231 etiam
2709 5177 2921 5239 Tobim,
2964 5183 3055 5226 aut
3086 5169 3324 5224 mandata
3359 5143 3598 5239 Sapiam“?

2211 5283 2340 5321 vero
2371 5268 2583 5336 legatur
2620 5267 2670 5321 ei
2726 5269 2871 5322 liber
2913 5264 3158 5328 Levitici,
3190 5253 3450 5312 οσοηάίιυτ
3485 5230 3660 5336 coming

2225 5315 2336 5321 .-η
2372 5315 2576 5336 --ε-η,
2626 5315 2670 5321 η
2729 5315 2861 5322 ___'_
2913 5315 3063 5319 _'W
3100 5315 3109 5316 ί
3148 5315 3157 5328 1

2213 5357 2450 5421 animus,
2491 5367 2548 5410 et
2596 5359 2754 5425 quasi
2810 5371 2918 5410 non
2971 5366 3122 5407 suum
3183 5343 3360 5412 refugit
3403 5332 3562 5388 cibum.
3593 5315 3660 5375 Qui

642 5495 688 5526 "
714 5495 832 5552 Gal.
858 5496 1012 5560 tn,5.
1083 5496 1130 5528 ⁷⁸
1161 5495 1317 5555 ibid.,
1344 5492 1394 5544 1.
1466 5486 1552 5541 ⁷⁵1
1586 5485 1706 5540 Cor.
1733 5482 1798 5546 ΙΙ,
1827 5483 1881 5537 2.
1954 5486 2002 5516 ’⁸
2027 5488 2168 5544 Psal.
2194 5506 2256 5554 ιι,
2287 5489 2344 5546 2.

645 5601 757 5668 (59)
789 5604 1047 5669 Corporis.
1071 5603 1226 5659 Deest
1243 5603 1296 5656 in
1315 5599 1491 5663 editis,
1508 5595 1602 5650 sed
1631 5592 1903 5662 suppletur
1917 5607 1947 5647 e
1962 5609 2088 5650 mss.

2267 5597 2383 5669 (60)
2403 5597 2593 5655 Codex
2620 5599 2706 5659 ὃ.
2736 5591 3081 5657 Theoderici,
3109 5593 3213 5642 «est
3237 5576 3404 5646 aliquis
3419 5565 3668 5626 etiampctc.
