3822 6236
1364 411 1432 466 ΙΝ
1470 406 1794 466 NUMEROS
1819 406 2097 463 llOMlLIA
2122 399 2335 460 XXVII.

169 487 460 602 ἰρηῖειξὶι
519 504 589 551 ut
643 499 943 568 disceret
983 517 1173 576 Deum
1210 524 1420 589 colere,
1476 523 1692 593 iustitiae
1741 535 1804 574 ac
1831 517 1882 577 Α
1909 518 1961 571 in
2010 517 2321 586 praefatione
2361 521 2746 585 praemisimus,
2784 526 2845 572 ιιι
2891 529 3200 583 suscitemus
3232 531 3439 584 animos

67 455 163 531 it,

94 579 496 696 ἳίςφῗδξῖξδ
524 603 862 694 ῑξτδθθοθνιδ
908 612 1247 680 suscipere,
1277 615 1427 668 audit
1467 612 1711 666 mandata
1737 611 1804 664 de

105 669 419 772 Ῠῖἷῖίῐίῖεῖῖε
442 677 606 750 ἀπὶ.
633 698 697 743 et
723 691 1232 758 immolationum
1268 705 1404 760 ritus
1441 705 1642 767 doceri,
1673 717 1802 770 quo-

135 756 454 874 ἷῗδίιουξιρυ
494 780 799 839 continuo
871 795 1104 847 avertit
1147 794 1409 855 auditum,
1448 802 1501 846 et
1553 803 1802 857 tanquam

179 858 268 950 illi
295 858 399 919 5"“
425 872 626 931 alnum
688 873 904 931 cibum
957 883 1232 936 recusat?
1269 881 1375 936 Sed
1419 889 1474 935 et
1510 880 1644 934 alius
1679 895 1801 932 cum

204 966 427 1049 xystum“
454 957 804 1031 EVal‘Selia,
841 971 943 1024 vel
995 974 1316 1041 Apostolus,
1345 981 1436 1024 aut
1471 971 1688 1031 Psalmi,
1714 969 1803 1022 lec-

223 1083 297 1123 ωε
324 1053 569 1122 suscipit,
609 1054 875 1114 libenter
929 1063 1309 1131 amplectitur,
1350 1071 1399 1114 et
1443 1063 1584 1113 velut
1634 1073 1800 1112 reme«

242 1159 318 1208 dia
343 1146 581 1220 quaedam
612 1148 980 1205 inﬁrmitatis
1017 1147 1132 1206 suae
1161 1153 1281 1206 inde
1303 1151 1558 1215 colligens
1589 1151 1800 1220 gaudet.

239 1244 362 1298 Huic
390 1240 436 1295 si
476 1238 694 1307 legatur
726 1239 1112 1297 Numerorum
1156 1244 1310 1309 liber,
1338 1251 1392 1296 et
1426 1244 1524 1296 ista
1573 1241 1804 1314 maxime

239 1334 345 1386 loca
375 1344 500 1398 quae
532 1346 677 1384 nunc
704 1330 987 1386 habemus
1015 1333 1072 1386 in
1109 1332 1375 1395 manibus,
1418 1331 1552 1383 nihil
1590 1332 1702 1383 haec
1735 1329 1800 1382 ad

232 1420 559 1482 utilitatem,
590 1419 728 1472 nihil
752 1419 820 1472 ad
850 1420 1194 1475 inﬁrmitatis
1216 1436 1324 1475 suae
1349 1420 1672 1481 remedium,
1707 1425 1801 1470 aut

230 1512 431 1563 anima:
475 1509 715 1563 salutem
756 1511 1021 1579 prodesse
1063 1511 1353 1580 iudicabit;
1402 1511 1490 1564 sed
1550 1509 1800 1562 continuo

223 1601 520 1664 refutabit,
574 1609 631 1654 et
683 1613 907 1670 respuet
957 1612 1212 1670 tanquam
1250 1616 1436 1670 graves
1462 1610 1517 1653 et
1543 1614 1800 1653 onerosos

221 1696 406 1758 cibos,
432 1704 490 1748 et
520 1694 615 1762 qui
683 1708 839 1762 aegrae
883 1702 1045 1760 atque
1087 1690 1335 1743 invalidae
1369 1703 1472 1741 non
1498 1695 1803 1754 competant

215 1788 452 1840 animae.
498 1786 616 1841 Sed
655 1786 818 1846 sicut,
856 1781 1006 1836 verbi
1043 1781 1212 1846 gratia
1242 1780 1325 1846 (ut
1361 1778 1554 1866 iterum
1590 1791 1653 1830 ex
1680 1791 1799 1871 cor-
1833 1819 1874 1871 Β

215 1885 515 1952 poralibus
545 1889 864 1949 repetamus
902 1870 1191 1940 exempla),
1213 1868 1348 1921 leoni
1387 1863 1432 1920 Si
1458 1867 1614 1921 detur
1643 1866 1802 1919 intel-

212 1975 426 2035 lectus,
464 1986 583 2025 non
639 1966 899 2024 continuo
928 1959 1163 2029 culpabit
1199 1955 1577 2012 abundantiam
1609 1954 1801 2006 herba-

213 2077 352 2114 rum
383 2068 665 2118 creatam,
700 2054 828 2121 quia
861 2052 978 2117 ipse
1021 2047 1202 2102 crudis
1243 2044 1493 2098 carnibus
1544 2043 1797 2103 vescitur,

209 2168 334 2206 nec
380 2152 535 2205 dicet
596 2147 724 2199 illas
776 2138 1044 2210 superﬂue
1085 2152 1114 2188 a
1157 2135 1447 2189 Conditore
1493 2131 1797 2200 productas,

209 2243 358 2310 quia
383 2242 506 2310 ipse
529 2251 730 2293 earum
768 2234 888 2287 cibo
917 2244 1023 2283 non
1049 2227 1208 2281 utitur
1235 2242 1248 2277 :
1273 2237 1370 2276 nec
1401 2221 1796 2321 iterumhomo,

209 2307 360 2401 quia
390 2307 544 2400 pane
573 2327 821 2392 aliisque
856 2321 994 2388 aptis
1036 2318 1135 2372 sibi
1175 2317 1344 2369 utitur
1369 2307 1802 2410 alimoriiis,ucul-

209 2398 362 2490 pare
391 2398 571 2475 debet
608 2431 711 2471 cur
739 2412 932 2468 fecerit
966 2410 1103 2463 Deus
1131 2413 1422 2473 serpentes,
1460 2415 1593 2468 quos
1623 2398 1798 2453 cibum

207 2513 412 2567 videat
440 2510 710 2580 praebere
739 2504 948 2565 cervis;
991 2511 1157 2567 neque
1181 2497 1424 2558 ovis,aut
1446 2494 1540 2546 bos
1562 2490 1796 2558 culpare,

207 2602 382 2655 verbi
411 2612 624 2660 causa,
659 2592 805 2662 quod
845 2590 968 2643 aliis
1016 2586 1335 2640 animalibus
1371 2582 1624 2636 carnibus
1655 2580 1798 2632 vesci

207 2693 409 2743 datum
451 2695 576 2748 est,
631 2698 758 2736 cum
803 2679 935 2747 ipsis
983 2677 1048 2730 ad
1089 2675 1348 2728 edendum
1400 2671 1639 2739 gramina
1687 2669 1798 2723 sola

208 2777 524 2832 sufﬁciant.
560 2775 646 2827 Ita
691 2783 824 2836 ergo
858 2776 910 2820 et
947 2769 999 2819 in
1037 2764 1169 2818 cibis
1203 2761 1571 2822 rationalibus,
1596 2760 1799 2814 divino-

208 2883 348 2920 rum
389 2869 525 2920 dico
572 2859 940 2919 voluminum,
967 2869 1072 2907 non
1114 2852 1364 2906 continuo
1411 2860 1502 2904 aut
1539 2851 1797 2918 culpanda

206 2965 317 3008 aut
357 2954 664 3008 refutanda
694 2957 776 3000 est
811 2927 1114 3012 Scriptura,
1138 2956 1254 3008 qua:
1284 2939 1543 2993 dillicilior
1583 2949 1676 2992 aut
1705 2939 1800 2994 ob-

203 3050 431 3101 scurior
471 3046 554 3099 ad
595 3039 1009 3108 intelligendum
1035 3034 1263 3095 videtur,
1293 3031 1381 3086 vel
1402 3045 1464 3085 ea
1498 3031 1794 3094 continere,

3339 415 3438 470 782

1904 617 2131 671 vestros,
2177 606 2428 677 quoniam
2479 612 2694 678 quidem
2741 608 3038 676 huiusmodi
3088 617 3241 673 lectio
3275 621 3437 674 habe-

1905 705 1992 750 tur
2025 699 2076 750 in
2109 696 2369 760 manibus,
2399 711 2517 765 quae
2544 698 2777 752 diﬁicilis
2824 703 2891 753 ad
2937 702 3354 771 intelligendum,
3381 717 3434 758 et

1904 786 2165 854 superﬂua
2182 787 2428 840 videatur
2463 789 2526 840 ad
2556 788 2862 857 legendum.
2892 791 2994 844 Sed
3024 808 3126 846 non
3156 808 3434 862 possumus

1903 876 2004 928 hoc
2035 877 2212 930 dicere
2240 878 2304 930 de
2332 878 2500 930 sancti
2534 877 2770 945 Spiritus
2801 876 2993 932 litteris
3009 880 3136 950 (62),
3164 883 3303 950 quod
3329 883 3431 936 ali-

1902 965 2028 1031 quid
2076 965 2128 1016 in
2174 964 2253 1016 eis
2295 966 2520 1018 otiosum
2563 967 2631 1020 sit
2677 975 2767 1020 aut
2823 968 3167 1037 superﬂuum,
3217 974 3430 1027 etiamsi

1904 1052 2170 1119 aliquibus
2203 1054 2479 1108 videantur
2512 1057 2760 1109 obseura.
2792 1057 2894 1112 Sed
2925 1060 3026 1114 hoc
3055 1062 3226 1128 potius
3257 1063 3431 1118 facere

1905 1140 2177 1204 debemus,
2212 1151 2268 1192 ut
2296 1141 2476 1195 oculos
2505 1144 2698 1197 mentis
2734 1156 2928 1200 nostra:
2962 1159 3335 1204 convertemus
3363 1154 3428 1203 ad

1903 1241 2043 1290 eum,
2073 1229 2159 1310 qui
2193 1229 2302 1282 lucc
2331 1230 2490 1284 scribi
2512 1231 2690 1298 jussit,
2725 1241 2779 1285 et
2810 1235 2876 1286 ab
2906 1235 3019 1302 ipso
3052 1238 3238 1291 horum
3273 1239 3429 1294 intel-

1902 1315 2172 1384 ligentiam
2199 1318 2523 1385 postulemus
2548 1334 2563 1372 :
2588 1329 2647 1373 ut
2673 1322 2784 1375 sive
2812 1324 3092 1380 inﬁrmitas
3118 1337 3196 1381 est
3229 1328 3281 1380 in
3315 1330 3432 1383 ani-

1901 1418 1985 1456 ma
2021 1414 2222 1468 nostra,
2254 1417 2410 1460 sanet
2439 1422 2533 1462 nos
2565 1408 2673 1474 ille,
2697 1411 2785 1478 qui
2815 1422 2969 1466 sanat
2994 1429 3178 1470 omnes
3204 1415 3430 1486 languo-

1903 1509 1986 1547 res
2009 1493 2126 1562 ejus
2156 1512 2170 1548 :
2197 1495 2308 1548 sive
2339 1499 2488 1563 parvi
2533 1513 2720 1554 sensus
2749 1516 2956 1567 sumus,
2985 1505 3125 1558 adsit
3153 1508 3304 1561 nobis
3337 1525 3430 1562 cu-

1901 1584 2135 1638 stodiens
2168 1586 2416 1652 parvulos
2468 1589 2740 1651 Dominus,
2779 1602 2834 1645 et
2859 1595 3088 1648 euutriat
3121 1611 3237 1662 nos,
3269 1607 3430 1667 atque

1902 1673 1954 1726 in
1999 1689 2300 1729 mensuram
2333 1678 2505 1730 aetatis
2554 1680 2801 1738 adducat.
2851 1681 3150 1754 Utrumque
3183 1689 3324 1742 enim
3373 1691 3426 1743 in

1903 1763 2054 1816 nobis
2082 1774 2182 1828 est,
2215 1774 2274 1819 ut
2300 1780 2364 1819 ex
2406 1767 2631 1822 inﬁrmis
2676 1772 2741 1823 ad
2786 1773 3089 1842 sanitatem,
3129 1784 3180 1829 et
3205 1793 3270 1832 ex
3299 1794 3424 1847 par-

1904 1853 2038 1906 vulis
2085 1856 2148 1907 ad
2194 1864 2404 1918 aetatem
2453 1857 2660 1909 virilem
2711 1862 2992 1927 pervenire
3036 1867 3320 1931 possimus.
3369 1869 3422 1921 lu

1900 1941 2052 1994 nobis
2082 1957 2208 2010 ergo
2239 1953 2338 2010 est,
2375 1946 2486 1999 lucc
2528 1962 2556 1998 a
2587 1945 2693 2001 Deo
2723 1963 2957 2016 poscere.
2994 1953 3086 2007 Dei
3119 1966 3290 2010 autem
3325 1969 3424 2017 est.

1898 2030 2198 2094 petentibus
2246 2034 2376 2087 dare
2418 2044 2471 2089 et
2519 2036 2849 2104 pulsunibus
2885 2043 3111 2110 aperire.
3149 2045 3250 2101 Sed
3297 2051 3426 2105 satis

1901 2117 1970 2169 sit
2001 2118 2099 2170 ista
2131 2119 2389 2185 praefatio.

1965 2207 2020 2262 2.
2050 2209 2200 2265 Nunc
2221 2211 2330 2278 jam
2378 2215 2444 2268 ad
2470 2215 2711 2271 lectionis
2754 2220 2919 2288 ipsius
2949 2239 3068 2292 qua
3095 2228 3318 2283 recitata
3345 2243 3426 2285 est

1901 2299 2171 2353 veniamus
2215 2303 2508 2367 exordium,
2556 2314 2634 2370 ut,
2665 2307 2885 2372 iuvante
2927 2312 3166 2379 Domino,
3211 2333 3422 2373 sensum

1899 2400 2108 2456 quoque
2144 2401 2346 2454 eorum,
2374 2393 2588 2448 etiamsi
2629 2411 2731 2451 non
2763 2400 2827 2451 ad
2872 2389 3152 2469 liquidum,
3193 2422 3427 2460 summa-

1902 2473 1993 2526 tim
2044 2483 2216 2529 tamcn
2269 2477 2519 2546 colligere
2575 2489 2631 2534 et
2684 2484 2952 2551 explicare
3000 2490 3286 2556 possimus.
3335 2495 3426 2546 Ait

1899 2576 2023 2631 ergo
2039 2565 2083 2594 ""
2103 2581 2117 2617 :
2139 2582 2158 2616 ε
2181 2565 2269 2619 Hae
2297 2578 2423 2622 sunt
2448 2570 2748 2627 mansiones
2775 2573 2996 2628 ﬁliorum
3025 2577 3289 2643 lsraei,ex
3318 2596 3426 2650 quo

1897 2651 2145 2706 exierunt
2171 2654 2236 2707 de
2265 2663 2404 2709 terra
2427 2657 2641 2727 IEgypti
2668 2675 2788 2714 cum
2816 2664 3010 2719 virtute
3039 2681 3156 2730 sua,
3181 2669 3234 2722 in
3266 2686 3422 2724 manu

1899 2740 2061 2810 Moysi
2109 2752 2163 2796 et
2205 2744 2402 2803 Aaron.
2447 2747 2512 2800 Et
2557 2748 2773 2819 scripsit
2817 2753 3023 2822 Moyses
3069 2757 3423 2825 profectiones

1897 2847 2104 2898 eorum,
2136 2844 2191 2888 et
2226 2838 2528 2892 mansiones
2556 2856 2650 2908 per
2685 2844 2898 2897 verbum
2941 2847 3168 2912 Domini,
3193 2867 3212 2900 ι
3247 2858 3301 2904 et
3323 2866 3425 2905 cae-

1902 2932 2031 2975 tera.
2058 2923 2294 2979 Audistis
2333 2925 2444 2997 (65)
2489 2931 2612 2997 quia
2655 2933 2872 3000 scripsit
2911 2935 3021 2990 haec
3072 2937 3278 3007 Moyses
3326 2957 3425 3009 per

1897 3018 2114 3070 verbum
2146 3019 2374 3073 Domini.
2404 3021 2467 3074 Et
2514 3024 2638 3090 quid
2671 3025 2837 3079 voluit
2865 3027 3121 3084 Dominus
3149 3031 3259 3087 haec
3285 3035 3421 3086 scri-

203 3139 410 3204 quibus
485 3137 620 3190 sive
667 3105 954 3195 incipiens,
989 3134 1042 3178 et
1089 3121 1360 3191 parvulus,
1390 3121 1501 3174 sive
1535 3120 1795 3173 inﬁrmior
1820 3105 1862 3162 C
1895 3105 1985 3204 bi?
2017 3105 2085 3160 Ul
2109 3109 2382 3204 prodesset
2411 3111 2784 3204 nobisaliquid
2832 3118 3094 3185 scriptura
3133 3121 3244 3174 haec
3273 3137 3424 3176 man-

202 3237 265 3280 et
297 3230 484 3282 minus
520 3225 595 3278 ad
625 3218 979 3288 intelligenda
1009 3215 1186 3268 omnia
1214 3212 1420 3265 validus
1450 3211 1526 3264 uti
1564 3225 1667 3262 non
1698 3223 1791 3276 ρον

204 3327 349 3383 test,
381 3331 490 3372 nec
524 3310 777 3368 conferri
805 3308 911 3361 sibi
943 3321 1009 3359 ex
1040 3305 1104 3357 iis
1145 3301 1393 3356 utilitatis
1436 3299 1635 3368 aliquid
1678 3299 1795 3352 exi-

200 3407 398 3459 stimat
426 3415 542 3458 aut
583 3398 823 3455 salutis:
848 3394 945 3449 sed
969 3391 1304 3447 considerare
1337 3387 1496 3442 debes
1517 3386 1646 3457 (6l),
1674 3387 1795 3453 quia

199 3499 366 3552 sicut
390 3505 653 3562 serpens
681 3497 738 3542 et
769 3486 908 3548 ovis,
945 3493 1000 3536 et
1039 3482 1136 3535 bos
1175 3489 1230 3533 et
1281 3482 1461 3541 homo,
1505 3492 1567 3531 ac
1615 3476 1793 3530 fenum

202 3587 311 3638 Dei
352 3562 624 3639 creatura
661 3584 784 3631 sunt
814 3571 1021 3632 omnia,
1046 3577 1100 3622 et
1133 3569 1416 3622 diversitas
1451 3567 1548 3619 ista
1579 3567 1644 3619 ad
1677 3566 1790 3618 lau-

198 3675 341 3728 dem
373 3679 605 3744 spectat
639 3675 696 3721 et
723 3664 948 3733 gloriam
993 3659 1283 3723 Creatoris,
1309 3656 1450 3724 quod
1494 3664 1795 3744 competen-

198 3773 330 3816 tetn
384 3743 432 3816 et
495 3761 558 3813 in
611 3766 862 3821 tempore
910 3749 1200 3815 unicuique
1251 3759 1437 3799 eorum
1476 3758 1571 3810 pro
1602 3743 1794 3810 quibus

197 3862 400 3908 creata
433 3859 599 3913 sunt,
629 3846 715 3899 vel
745 3844 1039 3912 praebeant,
1085 3838 1167 3891 vel
1215 3838 1428 3903 capiant
1467 3834 1638 3888 cibum
1670 3852 1684 3886 :
1723 3836 1794 3885 ita

199 3957 264 4000 et
316 3946 441 3999 haec
478 3939 678 3996 omnia
733 3948 851 4002 qua:
894 3931 1056 3984 verba
1107 3929 1201 3982 Dei
1261 3937 1406 3990 sunt,
1431 3934 1483 3980 et
1517 3926 1570 3979 in
1605 3925 1796 3993 quibus

203 4037 474 4089 diversus
507 4045 615 4100 pro
644 4036 808 4094 captu
848 4023 1148 4076 animarum
1190 4020 1344 4073 cibus
1380 4029 1483 4082 est,
1513 4016 1796 4084 unusquis-

207 4139 332 4192 que
375 4130 537 4189 prout
583 4129 785 4172 sanum
822 4127 882 4166 se
935 4120 990 4166 et
1033 4109 1266 4163 validum
1319 4108 1504 4176 sentit,
1531 4114 1788 4161 assumat.

213 4212 492 4277 Quamvis
545 4217 603 4263 et
647 4207 693 4259 si
738 4200 1046 4270 diligentius
1086 4199 1442 4266 requiramus,
1471 4195 1620 4249 verbi
1669 4209 1793 4248 cau-

217 4315 337 4362 sa,
400 4300 445 4351 in
525 4291 806 4361 Evangelii
869 4289 1126 4348 lectione,
1183 4286 1266 4339 vel
1341 4282 1628 4350 apostolica
1698 4281 1792 4334 do-

217 4389 438 4449 ctrina,
493 4387 547 4439 in
610 4382 809 4451 quibus
859 4375 1116 4432 delectari
1170 4373 1407 4434 videris,
1463 4378 1514 4424 et
1566 4371 1618 4424 in
1667 4371 1786 4438 qui-
1820 4395 1865 4449 ι)

219 4475 340 4528 bus
409 4476 492 4528 tibi
539 4471 884 4542 aptissimum
943 4475 998 4520 et
1047 4464 1426 4520 suavissimum
1459 4462 1679 4528 deputas
1711 4460 1787 4513 ci-

222 4565 401 4626 bum,
441 4573 640 4632 quanta
716 4567 844 4613 sunt
896 4569 1017 4623 quae
1065 4564 1118 4608 te
1177 4553 1370 4618 latent,
1427 4550 1475 4604 si
1530 4549 1787 4604 discutias

219 4663 284 4705 et
359 4650 719 4718 perscruteris
794 4648 1047 4698 mandata
1117 4641 1367 4694 Domini?
1417 4639 1564 4706 Quod
1602 4639 1645 4692 si
1700 4650 1782 4698 ea,

217 4754 364 4806 qua:
441 4743 663 4794 obscura
734 4737 990 4789 videntur
1051 4741 1106 4787 et
1162 4729 1430 4793 dilIicilia,
1479 4728 1783 4797 refugienda

217 4834 364 4876 sunt
424 4829 662 4893 protinus
709 4833 766 4877 et
820 4820 1066 4882 vitanda,
1121 4818 1360 4871 invenies
1393 4818 1556 4870 etiam
1577 4817 1631 4868 in
1656 4815 1783 4879 illis,

213 4911 405 4980 375
435 4916 482 4965 in
515 4915 711 4981 quibus
744 4911 901 4963 valde
934 4907 1181 4969 conﬁdis,
1228 4915 1334 4957 tam
1369 4905 1530 4958 multa
1559 4905 1785 4959 obscura

212 5009 277 5052 et
322 4997 588 5065 diﬂicilia,
620 5010 681 5054 ut
719 5001 767 5052 si
813 4998 954 5051 hanc
1000 4995 1320 5048 seintentiam
1353 5003 1556 5057 teneas,
1593 4994 1663 5047 sit
1693 4994 1786 5046 tibi

208 5089 400 5139 etiam
448 5093 564 5145 inde
608 5089 1001 5144 recedendum.
1059 5083 1198 5135 Sunt
1245 5091 1416 5134 tamen
1456 5085 1681 5151 plurima
1731 5084 1784 5136 in

199 5176 346 5236 illis,
395 5189 520 5248 Quae
562 5179 810 5248 apertius
855 5184 910 5227 et
962 5171 1260 5238 simplicius
1287 5172 1423 5224 dicta
1455 5182 1597 5236 sunt,
1625 5189 1780 5240 quam

189 5271 252 5313 nt
300 5271 482 5325 parvi
533 5282 732 5326 sensus
785 5265 1057 5317 aediﬁcent
1095 5261 1403 5312 auditorem.
1453 5262 1573 5318 Haec
1604 5273 1779 5318 autem

249 5371 299 5403 ”
325 5371 384 5420 Ν
405 5399 520 5437 um.
549 5395 757 5437 nam,
805 5377 861 5427 1.
889 5375 948 5426 2.
1022 5374 1069 5403 ’⁷⁸
1091 5371 1240 5424 Joan.
1285 5388 1389 5436 xiv,
1420 5375 1471 5426 2.

239 5459 384 5523 (61)
436 5474 589 5536 Μςε,,
629 5470 873 5536 «debes.
907 5482 928 5512 ι
965 5462 1126 5536 bibl).
1184 5462 1324 5536 editi,
1379 5465 1624 5536 ttlcbetn
1660 5468 1782 5522 Mox

147 5529 328 5598 iidem
411 5529 586 5598 ,ηεε,,’
611 5555 632 5586 ι
657 5547 713 5588 et
743 5534 871 5585 ovis
904 5540 962 5581 et
983 5532 1105 5592 bos,
1130 5537 1180 5579 et
1199 5529 1364 5582 homo.
1391 5550 1408 5580 ›
1432 5532 1485 5584 lu
1513 5533 1639 5587 libb.
1669 5539 1780 5590 edi-

145 5595 482 5662 “5.('?§st.
517 5627 537 5658 ι
560 5595 620 5659 et
653 5605 780 5656 bos-
806 5618 826 5648 ι

209 5656 622 5731 (δ’ἐῌῇξιζιέι
672 5665 876 5722 Sancti
907 5661 1228 5716 Theudorici
1259 5664 1417 5720 solum
1451 5669 1630 5728 habet,
1681 5689 1700 5720 ‹
1721 5674 1783 5727 de

1894 3194 2103 3247 sionum
2133 3211 2264 3264 quas
2291 3197 2531 3252 fecerunt
2569 3200 2659 3253 ﬁlii
2690 3201 2879 3268 Israel,
2909 3215 3002 3258 aut
3032 3208 3165 3261 nihil
3207 3213 3424 3277 prodes-

1897 3282 2014 3335 set?
2043 3283 2107 3336 Et
2135 3285 2256 3351 quis
2295 3287 2488 3339 audeat
2521 3289 2718 3352 dicere,
2750 3294 2888 3358 quod
2917 3308 2980 3348 ea
3029 3309 3146 3362 quae
3174 3312 3269 3365 per
3298 3314 3422 3352 ver-

1895 3373 2018 3424 bum
2040 3373 2244 3426 Domiui
2265 3376 2590 3441 scribuntur,
2621 3380 2752 3433 nihil
2783 3382 3025 3439 utilitatis
3045 3387 3293 3452 habeant,
3319 3406 3418 3444 nec

1897 3463 2080 3517 salutis
2096 3463 2290 3532 aliquid
2306 3465 2698 3532 conferant,sed
2716 3469 2880 3524 solam
2915 3487 3023 3527 rem
3051 3486 3249 3543 gestam
3286 3493 3414 3531 nar-

1897 3561 2164 3620 rent,qua:
2185 3564 2306 3606 tunc
2322 3555 2531 3622 quidem
2554 3558 2892 3623 praeterierit,
2921 3575 3062 3614 nunc
3087 3571 3262 3615 autem
3287 3564 3419 3617 nihil

1897 3641 1960 3692 ad
1984 3656 2082 3694 nos
2094 3657 2157 3694 ex
2173 3643 2287 3710 ejus
2303 3642 2556 3698 relatione
2573 3646 2839 3713 perveniat
2854 3647 2877 3698 ?
2890 3647 3047 3716 Impia
3061 3649 3169 3703 haec
3181 3651 3415 3704 etaliena

1895 3744 1922 3780 a
1943 3729 2206 3784 catholica
2231 3731 2333 3784 tide
2358 3735 2619 3786 sententia
2641 3743 2739 3798 est,
2761 3745 2816 3788 et
2849 3751 3029 3790 eorum
3056 3741 3418 3795 tantummodo

1895 3820 1987 3885 qui
2019 3819 2148 3886 legis
2177 3828 2229 3872 et
2258 3820 2659 3889 Evangeliorum
2707 3835 2900 3893 negant
2928 3841 3090 3880 unum
3129 3829 3298 3882 solum
3327 3845 3415 3884 sa-

1894 3908 2124 3974 pientem
2173 3922 2294 3961 esse
2345 3909 2507 3962 Deum
2559 3911 2771 3966 Patrem
2825 3914 3033 3968 Domini
3078 3918 3245 3970 nostri
3290 3917 3413 3972 Jesu

1894 3993 2112 4048 Christi.
2141 3995 2275 4060 Quid
2305 4010 2432 4066 ergo
2461 3999 2523 4052 de
2546 3999 2611 4053 iis
2639 4001 3000 4056 mansionibus
3026 4002 3194 4058 ﬁdelis
3217 4007 3417 4062 sentire

1893 4084 2084 4139 debeat
2107 4085 2428 4150 intellectus,
2449 4089 2772 4153 summatim,
2792 4101 2946 4158 prout
2973 4102 3178 4163 tempus
3199 4096 3414 4162 patitur,

1894 4186 2224 4244 pertractare
2275 4187 2558 4233 tentemus.
2618 4179 2880 4249 Superior
2929 4183 3238 4250 disputatio,
3290 4201 3414 4241 cum

1893 4270 2046 4322 nobis
2087 4271 2426 4324 occasionem
2474 4271 2680 4324 dicendi
2731 4273 2797 4324 de
2828 4271 3153 4339 profectione
3180 4274 3411 4330 ﬁliorum

1895 4358 2051 4412 lsrael
2090 4373 2155 4413 ex
2203 4356 2433 4427 .‘Egypto
2478 4360 2814 4427 praebuisset,
2859 4361 3139 4428 dupliciter
3180 4363 3414 4418 diximus

1893 4449 2056 4501 videri
2114 4463 2268 4516 posse
2311 4448 2618 4516 spiritaliter
2661 4448 2808 4503 exire
2863 4463 3292 4519 unumquemque
3346 4454 3413 4507 de

1889 4538 2123 4607 Egypto
2152 4556 2166 4590 :
2196 4538 2276 4590 vel
2306 4552 2425 4590 cum
2457 4536 2818 4605 relinquentes
2861 4542 3109 4608 gentilem
3151 4547 3308 4598 vitam
3345 4549 3410 4596 ad

1891 4631 2215 4700 agnitionem
2243 4631 2435 4683 divinae
2467 4630 2594 4697 legis
2629 4632 2946 4697 accedimus,
2973 4633 3054 4686 vel
3087 4649 3204 4688 cum
3231 4634 3407 4687 anima

1889 4723 1954 4774 de
1977 4719 2218 4787 corporis
2258 4719 2414 4787 huius
2458 4719 2786 4773 habitatione
2813 4721 3059 4776 discedit.
3086 4724 3166 4775 Ad
3199 4731 3409 4776 utrumv-

1889 4823 1991 4876 que
2018 4821 2145 4876 ergo
2192 4808 2306 4860 ista:
2353 4808 2672 4872 mansiones,
2715 4823 2846 4876 quas
2888 4825 3026 4862 nunc
3067 4825 3160 4878 per
3192 4809 3408 4864 verbum

1891 4899 2097 4951 Domini
2141 4897 2348 4966 Moyses
2395 4898 2669 4961 describit,
2714 4898 2998 4966 aspiciunt.
3031 4898 3163 4952 Nam
3198 4904 3262 4952 de
3307 4901 3412 4954 illis

1891 4991 2100 5057 quidem
2131 4989 2508 5051 mansionibus,
2549 5003 2684 5056 quas
2731 4989 2919 5041 animae
2963 5002 3186 5054 corpore
3215 4997 3406 5048 exutw,

1892 5085 1997 5136 imo
2024 5096 2244 5149 corpore
2269 5095 2364 5134 suo
2389 5094 2571 5132 rursus
2618 5079 2816 5132 indutae
2845 5078 3100 5130 habiturae
3126 5084 3248 5127 sunt
3272 5074 3408 5143 (64).

1889 5172 2140 5229 Dominus
2155 5169 2516 5239 pronuntiavit
2534 5168 2582 5220 in
2598 5165 2898 5234 Evangelia,
2913 5161 3176 5217 dicens":
3198 5161 3403 5214 «Multas

1889 5266 2192 5320 mansiones
2220 5269 2344 5317 sunt
2374 5259 2511 5328 apud
2556 5259 2765 5312 Patrem
2815 5269 3008 5311 meum.
3039 5250 3290 5314 Alioquin
3325 5251 3410 5302 αἱς

1887 5478 2082 5606 βᾶἳὲἓξ
2098 5467 2578 5606 ἇὶζξΐὶῗιηιὸἰεῑῑς.)
2611 5524 2762 5606 Libb.
2781 5520 2940 5602 editi,
2969 5531 2993 5606 ξ

2300 5580 2494 5651 Sancti
2535 5591 2844 5676 Theudorici
2863 5580 3443 5676 ῥησήθξιὲξξηξξτὲἓτῗ

1887 5643 2065 5732 exitia:
2090 5643 2568 5730 iiii'é'éﬁrﬁdiééhti
2579 5643 2760 5714 rursus
2791 5643 2973 5710 ind'ula
2999 5643 3265 5697 l'ab‘mm
3293 5657 3446 5703 “id
