3822 6240
97 262 295 368 βω

1420 307 1482 360 [Ν
1517 303 1838 361 NUMEROS
1870 303 2146 360 HOMlLlA
2184 306 2408 364 XXVII-

3391 313 3498 368 786

103 385 623 512 %:i:"l:'::3“f?
819 403 1123 512 irate-Dei
1164 427 1618 492 promissionibus
1645 428 1855 494 dispen-
1882 431 1930 488 Α
1956 426 2191 497 Moysen,
2216 436 2270 483 et
2291 428 2403 496 ipse
2426 427 2566 482 enim
2591 443 2696 496 quo
2715 427 2815 482 iret
2841 429 3146 498 ignorabat;
3171 430 3265 486 sed
3291 431 3502 486 colum-

93 486 610 600 2:133:11?
666 496 948 600 quedam
987 505 1133 564 loco
1164 486 1371 569 ἰιῑοῑιοτ
1404 534 1418 569 ε
1452 536 1470 568 ‹
1498 516 1674 570 Aﬂlixi
1709 486 1778 576 te.
1807 526 1859 570 et
1960 486 2079 570 nam
2107 517 2243 586 ignis
2286 486 2338 569 εἰ
2368 518 2558 571 nubem
2583 486 2836 581 {Filium
2859 486 3068 573 scilicet
3096 486 3210 584 net,
3240 528 3296 574 et
3323 519 3495 588 Spiri-

104 570 716 686 7¹ὶξ³νιιιιὶηὶειιὶηθ
752 586 818 641 in
859 592 1139 670 deserto,
1179 607 1321 674 quod
1354 609 1652 661 nescierunt
1677 617 1857 675 patres

218 667 298 727 ιιῑ,
328 674 387 719 ut
418 667 902 737 dignosceretur
943 691 1094 756 quid
1125 667 1233 749 rest
1287 698 1339 749 in
1374 698 1531 751 corde
1562 667 1710 750 tuo.)
1743 695 1858 750 Istae

146 766 218 857 β
239 775 331 859 τερ
360 766 706 859 mansiones
739 787 917 844 sunt,
953 785 1170 850 quibus
1200 789 1304 842 iter
1335 804 1364 842 e
1407 792 1564 846 terris
1594 791 1768 859 agitur
1791 790 1856 842 ad

177 851 526 936 ιταξὶιιῐῑὶοὶἰὶ
547 859 686 926 quis
727 862 815 917 ita
855 866 1166 928 invenitur
1197 877 1443 942 idoneus,
1475 887 1528 931 et
1555 879 1854 932 divinorum

206 947 481 1019 conscius
534 961 950 1025 secretorum,
1005 966 1105 1032 qui
1141 968 1313 1034 possit
1365 966 1570 1022 itineris
1610 968 1761 1022 istius
1802 975 1856 1020 et

230 1040 581 1108 ascensionis
617 1045 839 1101 anima:
875 1051 1201 1110 describere
1237 1058 1556 1120 mansiones.
1585 1068 1638 1112 et
1669 1061 1850 1114 unius-

257 1136 514 1207 cuiusque
563 1139 680 1193 loci
743 1143 841 1195 vel
891 1143 1117 1200 labores
1167 1148 1436 1216 explicare
1479 1149 1561 1202 vel
1611 1151 1854 1218 requies?

263 1232 541 1297 Quomodo
568 1231 723 1285 enim
754 1245 999 1288 enarret
1027 1237 1167 1304 quod
1201 1246 1319 1304 post
1337 1238 1562 1305 primam
1586 1249 1636 1292 et
1657 1253 1852 1293 secun-

259 1323 391 1376 dam
428 1334 483 1376 et
515 1325 743 1378 tertiam
779 1328 1131 1381 mansionem
1169 1328 1281 1398 (68)
1321 1330 1637 1398 insequatur
1679 1334 1852 1387 adhuc

255 1413 502 1480 Pharao,
555 1415 940 1485 insequantur
989 1417 1252 1488 Egyptii,
1293 1430 1346 1472 et
1399 1421 1522 1474 licet
1562 1437 1664 1475 non
1702 1438 1851 1476 cont-

253 1507 650 1574 preheudant,
705 1517 898 1564 tamen
947 1511 1297 1575 insectenlur,
1329 1522 1382 1565 et
1419 1513 1540 1567 licet
1587 1515 1846 1568 submersi

243 1597 397 1658 sint,
447 1608 635 1653 tamen
671 1601 915 1655 insecuti
949 1602 1096 1654 sint?
1141 1601 1417 1668 Quomodo
1447 1605 1683 1659 enuntiet
1709 1607 1845 1672 quod

241 1687 452 1742 salvus
485 1688 732 1744 cil‘ectus
759 1690 856 1744 Dei
890 1692 1138 1760 populus,
1171 1703 1290 1762 post
1319 1693 1516 1761 aliquot
1545 1695 1845 1750 mansiones

235 1778 501 1845 primum
557 1780 881 1832 cantavcrit
919 1782 1186 1834 canticum
1233 1782 1846 1838 dieeus’OHCanlemus

237 1868 523 1932 Domino,
562 1869 814 1939 gloriose
835 1870 978 1924 enim
1007 1871 1847 1950 honoriﬁeatus(69)est,equum

232 1965 302 2009 et
361 1971 748 2012 ascensorem
805 1957 1030 2027 proiecit
1081 1960 1132 2012 iu
1187 1961 1406 2014 mare?»
1453 1960 1557 2016 Sed
1615 1963 1745 2030 haec,
1794 1973 1849 2017 ut

232 2045 396 2109 dixi,
435 2047 535 2114 qui
569 2061 677 2116 per
709 2047 952 2117 singulas
983 2050 1287 2103 mansiones
1316 2051 1510 2104 audeat
1541 2051 1769 2118 aperire,
1796 2061 1848 2106 et

227 2149 348 2200 pro
407 2136 905 2204 contemplatione
963 2139 1238 2192 nominum
1297 2140 1582 2207 qualitates
1639 2155 1849 2209 quoque

225 2223 555 2290 conjicere
590 2225 970 2286 mansionum,
999 2227 1181 2280 nescio
1210 2227 1253 2280 si
1283 2236 1373 2280 aut
1403 2243 1590 2283 sensus
1620 2231 1848 2284 dicentis

222 2312 316 2365 ad
349 2313 769 2382 mysteriorum
801 2314 1012 2382 pondus
1040 2315 1286 2380 sufﬁciat,
1314 2326 1404 2369 aut
1432 2319 1644 2372 auditus
1672 2322 1847 2388 capiat

227 2402 654 2456 audientium.
687 2403 972 2468 Quomodo
999 2405 1138 2458 enim
1172 2405 1255 2458 vel
1289 2421 1545 2460 occursus
1585 2409 1704 2462 belli
1750 2425 1844 2464 ex-

225 2490 507 2560 plicetur
549 2493 1011 2556 Amalecitarum,
1049 2493 1126 2547 vel
1166 2494 1388 2550 diversae
1418 2498 1757 2562 tentationes,
1793 2509 1846 2554 et

227 2582 334 2634 illi
372 2583 670 2650 quomodo
719 2593 1068 2645 enarrentur,
1103 2597 1325 2651 quorum
1361 2593 1508 2639 artus
1537 2587 1846 2641 ceciderunt

228 2669 311 2721 in
342 2669 605 2733 deserto,
643 2677 700 2722 et
727 2669 874 2736 qttod
899 2670 1122 2724 omnino
1152 2686 1256 2724 non
1293 2671 1384 2724 ﬁlii
1421 2672 1598 2738 Israel,
1629 2676 1720 2728 sed
1752 2675 1842 2729 ﬁlii

226 2759 264 2810 ﬁ
286 2758 505 2812 liorum
533 2757 734 2820 Israel,
762 2758 831 2812 ad
863 2769 1058 2812 terram
1091 2769 1329 2814 sanctam
1361 2763 1637 2830 pervenire
1662 2774 1846 2831 potue-

222 2855 416 2908 runt,
451 2854 508 2899 et
555 2847 745 2899 omnis
785 2847 872 2900 ille
925 2855 1079 2900 vetus
1123 2848 1345 2916 populus
1389 2849 1604 2912 cecidit,
1653 2852 1843 2920 quibus

221 2935 625 2989 conversatio
679 2944 735 2989 et
771 2935 1038 2989 habitatio
1067 2936 1241 2990 fuerat
1283 2952 1401 2990 cum
1437 2936 1724 3008 Egyptiis,
1750 2956 1841 2995 so-

222 3021 343 3075 lus
379 3033 574 3076 autem
611 3037 794 3076 novus
825 3023 1070 3089 pervenit
1104 3024 1169 3076 ad
1204 3040 1419 3091 regnum
1446 3027 1532 3094 qui
1563 3027 1839 3097 ignorabat
1867 3053 1910 3112 ρ

224 3109 586 3182 IEgyptios,
620 3112 870 3181 exceptis
899 3112 1266 3166 sacerdotibus
1293 3123 1344 3166 et
1374 3114 1610 3169 Levitis?
1643 3117 1696 3170 Si
1723 3119 1842 3186 quis

222 3202 413 3256 enim
454 3201 712 3270 potuerit
759 3216 822 3256 se
858 3201 910 3253 in
948 3203 1288 3256 sacerdotum
1328 3211 1381 3255 et
1419 3203 1718 3260 Levitarum
1749 3224 1840 3262 or-

223 3291 260 3340 d
304 3289 396 3342 ine
429 3289 734 3352 collocare,
772 3288 817 3340 si
856 3287 978 3354 quis
1011 3289 1243 3356 potuerit
1276 3304 1379 3342 non
1412 3290 1610 3345 habere
1636 3295 1839 3361 portio-

222 3395 382 3434 n-em
420 3381 478 3434 in
517 3379 686 3433 terris
721 3378 910 3442 ullam,
946 3379 1049 3432 nisi
1081 3379 1249 3432 solum
1285 3380 1583 3446 Dominum,
1615 3387 1712 3437 iste
1736 3401 1838 3440 non

227 3471 428 3524 cadet
470 3467 525 3520 in
567 3467 815 3530 deserto,
852 3466 945 3521 sed
995 3468 1265 3534 perveniet
1309 3470 1374 3522 ad
1423 3478 1620 3523 terrain
1661 3488 1845 3542 repro-

230 3560 579 3615 missionis.
625 3555 784 3611 Unde
814 3565 870 3610 et
901 3566 953 3610 tu
980 3557 1026 3610 si
1059 3557 1136 3610 vis
1162 3572 1263 3611 non
1295 3558 1489 3612 cadere
1519 3560 1569 3612 in
1603 3562 1839 3624 deserto.

227 3651 344 3706 sed
414 3647 721 3717 pervenire
771 3646 839 3698 ad
891 3654 1089 3699 terram
1134 3647 1562 3714 repromissionis
1609 3661 1840 3717 patrum,

226 3749 473 3795 sortem
513 3748 670 3790 tuam
709 3751 817 3788 non
849 3736 1048 3790 habeas
1079 3735 1130 3788 in
1169 3745 1310 3789 terra
1356 3737 1488 3806 (70),
1524 3753 1620 3792 nec
1645 3741 1715 3792 sit
1747 3742 1837 3794 tibi

226 3826 475 3896 aliquid
505 3837 811 3878 commune
857 3839 982 3877 cum
1029 3833 1191 3877 terra.
1223 3824 1404 3878 Portio
1437 3836 1522 3879 tua
1560 3829 1630 3882 sit
1663 3831 1840 3884 Domi-

225 3931 356 3972 nus
398 3915 583 3978 solus,
612 3922 672 3967 et
703 3927 977 3980 nunquam
1009 3913 1187 3969 cades.
1229 3914 1418 3982 Agitur
1442 3929 1566 3985 ergo
1597 3923 1840 3974 ascensio

225 4010 306 4062 de
343 4005 572 4074 Egypt
595 4022 610 4052 ι
641 4004 709 4056 ad
745 4011 940 4056 terram
971 4003 1423 4068 repromissionis,
1455 4021 1549 4072 per
1569 4023 1747 4074 quam,
1783 4021 1840 4064 ιη

227 4097 397 4162 dixi,
450 4092 713 4168 mysticis
748 4090 1200 4159 descriptionibus
1232 4093 1523 4146 edocemur
1556 4110 1836 4150 ascensum

229 4191 459 4242 animae
481 4187 553 4239 ad
584 4183 792 4237 cmlum
819 4189 874 4236 et
891 4181 1304 4237 resurrectionis
1325 4198 1387 4237 ex
1414 4186 1641 4242 mortuis
1659 4201 1840 4243 sacra-

230 4287 504 4333 mentum
543 4273 689 4345 (7t).

1961 615 2066 658 tum
2092 617 2355 670 sanctum,
2383 606 2519 661 sicut
2544 615 2596 660 et
2620 607 2672 660 in
2696 607 2800 662 alio
2826 607 2944 662 loco
2965 608 3226 677 Propheta
3250 609 3379 664 dicit
3401 609 3447 646 ⁸⁸
3472 627 3489 665 :

1963 713 1980 744 ι
2008 696 2119 763 Ipse
2151 695 2406 751 Dominus
2448 697 2674 751 ducebat
2711 711 2860 750 eos.»
2902 694 3044 750 Talis
3077 711 3204 765 ergo
3246 701 3336 753 fiet
3363 700 3492 755 bea-

1958 794 2023 838 ta:
2063 785 2253 838 animae
2297 800 2572 850 ascensus,
2617 800 2735 839 cum
2776 786 3037 841 submersi
3077 787 3273 842 fuerint
3305 803 3489 842 omnes

1956 877 2190 947 Egyptii
2213 887 2266 932 et
2286 877 2614 942 Amalecitm,
2659 885 2817 947 atque
2840 878 3072 932 universi
3098 879 3187 948 qui
3214 879 3485 949 impugna-

1954 977 2140 1022 verant
2188 981 2302 1021 eam
2351 985 2365 1022 :
2405 979 2460 1024 et
2501 983 2598 1036 per
2639 969 2875 1037 singulas
2921 983 3160 1038 quasque
3187 969 3490 1038 digrediens

1953 1057 2277 1122 mansiones,
2325 1056 2441 1110 illas
2477 1055 2680 1110 scilicet
2724 1055 2917 1111 multas
2958 1071 3076 1125 qua:
3099 1056 3349 1112 dicuntur
3371 1072 3490 1112 esse

1950 1145 2088 1216 apud
2127 1145 2360 1210 Patrem,
2389 1144 2715 1198 illuminatur
2753 1145 2979 1214 amplius
3016 1145 3124 1215 (72)
3168 1160 3234 1200 ex
3279 1161 3384 1200 una
3421 1151 3484 1200 ad

1951 1235 2108 1288 aliaat
2134 1235 2372 1300 veniens,
2421 1235 2623 1300 majora
2668 1247 2878 1302 semper
2918 1233 3316 1290 illuminationis
3355 1250 3482 1304 aug-

1950 1333 2125 1378 menta
2168 1325 2454 1393 conquirit,
2504 1337 2778 1392 usquequo
2822 1333 3030 1378 assueta
3076 1325 3146 1378 sit
3167 1324 3337 1394 ipsius
3373 1326 3486 1378 veri

1949 1415 2164 1469 luminis
2185 1415 2325 1484 quod
2370 1413 2636 1468 illuminat
2680 1427 2888 1469 omnem
2920 1415 3209 1479 hominem,
3238 1415 3486 1470 intuitum

1946 1506 2074 1574 pati,
2116 1514 2168 1559 ct
2195 1505 2340 1559 mira:
2367 1505 2662 1571 maiestatis
2701 1505 2844 1560 ferre
2875 1506 3153 1576 fulgorem.
3193 1505 3248 1561 Si
3272 1521 3397 1562 vero
3419 1507 3485 1561 ad

1946 1595 2254 1658 secundam,
2298 1595 2362 1648 de
2400 1610 2500 1663 qua
2544 1597 2792 1664 superius
2817 1596 3248 1664 memoravimus,
3270 1598 3483 1666 exposi-

1947 1686 2139 1739 tionem
2161 1685 2453 1748 redeamus,
2471 1695 2524 1739 et
2543 1686 2731 1739 anima:
2752 1685 2803 1740 in
2822 1688 2921 1741 hac
2937 1686 3041 1739 vita
3063 1686 3357 1756 positae‘per
3373 1688 3484 1741 hac

1946 1773 2124 1827 doceri
2154 1771 2510 1841 intelligamus
2534 1773 2826 1842 profectus,
2853 1789 2970 1843 quae
2991 1789 3244 1831 conversa
3268 1775 3334 1830 de
3352 1789 3475 1844 gen-

1949 1862 2026 1916 tili
2054 1863 2180 1928 vita,
2207 1853 2308 1916 non
2350 1873 2455 1916 tam
2481 1863 2694 1931 Moysen
2725 1879 2884 1933 quam
2921 1865 3090 1934 legem
3116 1868 3232 1932 Dei,
3260 1881 3356 1922 nec
3376 1867 3483 1920 Aa-

1949 1965 2064 2016 ron,
2109 1950 2200 2004 sed
2243 1952 2570 2005 sacerdotem
2621 1951 2768 2005 illum
2815 1953 2904 2021 qui
2949 1962 3224 2021 permanet
3248 1955 3298 2008 in
3325 1963 3484 2009 teter-

1946 2056 2070 2094 num
2113 2041 2387 2108 sequitur;
2430 2050 2712 2110 antequam
2757 2043 2822 2096 ad
2867 2043 3161 2111 perfectum
3194 2045 3390 2109 veniat,
3428 2046 3480 2099 in

1944 2146 2122 2185 eremo
2150 2130 2382 2194 habitat;
2425 2133 2513 2185 ubi
2539 2131 2742 2186 scilicet
2787 2142 3102 2187 exerceatur
3128 2135 3178 2187 in
3205 2136 3482 2203 praeceptis

1948 2213 2176 2280 Domini,
2219 2223 2273 2267 et
2299 2215 2386 2269 ubi
2413 2215 2542 2270 Iides
2581 2215 2698 2284 ejus
2743 2229 2839 2284 per
2865 2217 3182 2272 tentationes
3205 2219 3495 2287 probetur..

1948 2305 2045 2359 Ubi
2073 2319 2190 2358 cum
2215 2304 2406 2358 vicerit
2447 2320 2603 2357 unam
2644 2304 3005 2368 tentationem,
3049 2316 3102 2360 et
3128 2307 3259 2362 ﬁdes
3278 2308 3392 2374 ejus
3423 2310 3474 2362 in

1942 2409 2004 2446 ea
2047 2393 2204 2446 fuerit
2231 2394 2476 2460 probata,
2506 2393 2626 2447 inde
2673 2393 2816 2447 venit
2843 2394 2906 2447 ad
2933 2393 3113 2457 aliam,
3159 2403 3212 2448 et
3237 2396 3385 2462 quasi
3411 2396 3492 2449 de

1945 2499 2045 2535 una
2077 2483 2352 2537 mansione
2395 2483 2462 2536 ad
2506 2482 2727 2538 alteram
2757 2483 2967 2546 transit,
3018 2492 3071 2537 et
3105 2483 3174 2539 ibi
3198 2499 3319 2538 cum
3343 2484 3478 2538 obti-

1942 2574 2116 2625 nuerit
2142 2588 2260 2640 quae
2303 2573 2614 2638 acciderint,
2658 2581 2707 2626 et
2734 2571 2960 2626 ﬁdeliter
2986 2572 3188 2639 tulerit,
3215 2574 3384 2643 pergit
3411 2578 3479 2626 ad

1941 2662 2136 2726 aliam;
2171 2674 2223 2717 et
2273 2665 2344 2717 ita
2390 2679 2486 2732 per
2513 2663 2719 2732 singula
2748 2677 2971 2732 quaeque
3011 2673 3330 2718 tentamenta
3359 2663 3481 2716 vita:

1941 2769 2003 2808 ac
2053 2755 2170 2807 ﬁdei
2227 2763 2525 2822 prosecuta,
2562 2752 2863 2808 mansiones
2906 2752 3101 2808 habere
3153 2754 3346 2808 dicitur
3378 2772 3392 2810 :
3422 2755 3474 2810 in

1940 2846 2130 2914 quibus
2162 2860 2254 2911 per
2285 2845 2488 2913 singula
2520 2845 2774 2898 virtutum
2803 2855 3114 2913 quaeruntur
3141 2853 3420 2912 augmenta
3458 2861 3473 2898 :

1940 2947 1993 2990 et
2020 2935 2266 3004 impletur
2291 2934 2343 2988 in
2373 2935 2438 2988 iis
2463 2933 2589 2988 illud
2619 2934 2758 3004 quod
2782 2935 3037 3004 scriptum
3064 2943 3147 2988 est
3167 2935 3212 2967 '°
3239 2950 3253 2988 :
3281 2953 3300 2986 ‹
3325 2935 3486 2989 Ibunt

1941 3029 2005 3080 de
2034 3025 2235 3078 virtute
2282 3025 2334 3077 in
2367 3025 2638 3091 virtutem,
2668 3042 2686 3076 ι
2722 3039 2995 3094 usquequo
3041 3023 3383 3094 perveniatur
3409 3025 3474 3078 ad

1942 3115 2200 3177 ultimum,
2251 3113 2357 3168 imo
2399 3114 2463 3166 ad
2521 3128 2783 3167 summum
2832 3113 3051 3181 gradum
3095 3112 3370 3179 virtutum,
3423 3124 3478 3166 et

1943 3212 2242 3257 transeatur
2264 3201 2458 3256 ﬁumen
2491 3201 2605 3266 Dei,
2643 3215 2704 3254 ac
2731 3201 2988 3270 promissa
3025 3201 3342 3271 suscipiatur
3369 3202 3493 3256 ᾖξε-ν

1943 3293 2161 3346 reditas.

2010 3379 2062 3432 6.
2108 3378 2312 3447 Duplici
2377 3376 2540 3446 igitur
2601 3377 2931 3446 expositione
2976 3389 3206 3444 utentes,
3261 3397 3488 3437 omnem.

1941 3470 2082 3522 hunc
2124 3469 2214 3535 qui
2260 3466 2517 3520 ret-italus
2547 3473 2629 3520 est
2671 3467 3007 3522 considerare
3042 3469 3294 3523 debemus
3326 3471 3468 3526 ordi-

1943 3572 2062 3612 nem
2111 3558 2470 3620 niausionum.
2520 3565 2579 3612 ut
2621 3571 2682 3612 ex
2712 3565 2934 3626 utroque
2957 3560 3026 3613 sit
3051 3561 3240 3614 animae
3277 3570 3487 3618 nostrae-

1941 3646 2230 3714 profectus,
2261 3645 2664 3714 agnoscentibus
2685 3661 2752 3702 ex
2780 3646 2844 3701 iis
2864 3647 2946 3701 vel
2969 3647 3080 3702 haec
3103 3649 3233 3714 vita,
3261 3665 3379 3718 quas
3407 3666 3468 3704 ex

1939 3736 2290 3790 conversione
2335 3735 2537 3790 erroris
2581 3734 2749 3802 legem
2797 3735 2887 3790 Dei
2934 3738 3198 3805 sequitur,
3243 3739 3472 3806 qualiter

1940 3825 2023 3894 agi
2071 3824 2283 3888 debeat,
2330 3823 2411 3878 vel
2461 3821 2652 3876 futura:
2696 3823 2804 3890 spei
2852 3839 2968 3890 quae
2990 3839 3054 3876 ex
3083 3824 3473 3880 resurrectione

1941 3913 2286 3983 promittitur,
2324 3921 2522 3980 quanta
2565 3911 2634 3965 sit
2672 3914 3013 3979 exspectatio.
3055 3911 3144 3966 Sic
3172 3911 3312 3966 enim
3345 3921 3470 3981 puto

1938 4005 2077 4073 quod
2105 4003 2169 4056 iis
2189 4018 2308 4070 qua:
2335 4001 2600 4071 leguntur,
2635 4001 2790 4069 digna
2816 4003 2983 4055 sancti
3007 4001 3237 4071 Spiritus
3267 4001 3472 4071 legibus

1940 4091 2282 4161 intelligentia
2313 4093 2586 4145 doceatur.
2627 4088 2760 4143 Nam
2787 4093 2924 4145 scire
2951 4091 3003 4142 in
3032 4090 3241 4145 deserto
3265 4091 3358 4145 illo
3377 4095 3470 4163 qui

1939 4187 2110 4240 dictus
2140 4185 2208 4238 sit
2237 4183 2385 4238 locus
2421 4183 2529 4248 ille,
2564 4183 2673 4246 ubi,
2711 4183 2855 4237 verbi
2883 4183 3074 4252 gratia,
3103 4182 3475 4252 applicuerunt

1941 4286 2066 4328 tunc
2099 4282 2442 4328 transeuntes
2468 4272 2558 4326 ﬁlii
2591 4270 2771 4337 Israel,
2805 4273 2928 4340 quid
2971 4272 3097 4326 mihi
3121 4273 3365 4329 utilitatis
3390 4276 3467 4328 af—

310 4366 495 4437 377
524 4365 584 4418 5.
616 4362 906 4416 Ponuntur
927 4368 1108 4414 autem
1135 4370 1187 4414 et
1214 4362 1424 4414 nomina
1456 4363 1836 4421 mansionibus.
1871 4355 1914 4406 D
1945 4363 2065 4428 fert,
2093 4373 2182 4416 aut
2206 4363 2330 4430 quid
2361 4361 2658 4430 legentibus
2685 4376 2749 4415 ex
2783 4360 2882 4414 hoc
2908 4360 3196 4428 profectus,
3222 4370 3275 4416 et
3298 4361 3466 4432 legem

231 4458 446 4525 Neque
477 4453 637 4509 enim
684 4450 1014 4504 conveniens
1041 4449 1338 4512 videbatur,
1390 4462 1444 4502 ut
1487 4452 1662 4507 omnis
1690 4454 1838 4509 locus

227 4549 338 4618 qui
375 4547 484 4600 sub
509 4541 683 4606 caelo,
712 4541 827 4593 sive
851 4539 1138 4605 montium,
1168 4539 1277 4593 sive
1302 4540 1539 4607 collium,
1568 4541 1677 4596 sive
1700 4558 1840 4597 cam-

231 4651 449 4706 porum
501 4631 830 4688 nominibns
858 4637 1104 4682 uteretur
1134 4645 1146 4680 :
1197 4627 1283 4680 illa
1311 4642 1438 4682 vero
1463 4631 1705 4686 ascensio
1733 4648 1836 4701 qua

230 4730 436 4783 anima
465 4722 736 4780 ascendit
759 4720 826 4773 ad
858 4733 1086 4786 regnum
1114 4717 1227 4782 Dei,
1262 4720 1591 4772 mansionum
1617 4735 1834 4776 suarum

231 4818 476 4872 nomina
507 4828 623 4867 non
657 4809 906 4864 haberet.
932 4805 1106 4858 llabet
1132 4806 1340 4858 nomina
1367 4806 1696 4862 mansionum
1725 4825 1838 4880 my-

232 4909 402 4965 sticis
427 4911 630 4976 aptata
657 4897 966 4957 vocabulis,
999 4893 1161 4946 habet
1185 4903 1238 4948 et
1272 4895 1617 4949 deducentem
1644 4913 1702 4954 se
1731 4915 1833 4953 non

312 5049 358 5080 ⁸⁷
395 5047 566 5099 Deut.
607 5056 727 5099 vtlt,
755 5038 811 5090 Ξ.
852 5037 910 5088 5.
991 5031 1039 5064 ⁸⁸
1074 5032 1236 5084 Εκοιῑ.
1264 5049 1348 5097 XV,
1381 5035 1428 5087 Ι.

313 5181 433 5245 (68)
481 5177 667 5230 Codex
720 5164 1140 5245 EbelCBllSiS,.
1181 5183 1199 5215 ι
1224 5166 1426 5245 prima,
1461 5175 1826 5245 e_t_secuuda_,

234 5231 515 5303 et‘tertia
574 5241 906 5297 mansione.
937 5252 958 5284 ι
1030 5231 1428 5304 (ἶριιθιὸςιιιειί
1464 5231 1829 5304 Theoderici,

242 5299 419 5384 {post
445 5299 730 5384 primatu,
779 5315 842 5358 et
889 5299 1221 5384 secundam,
1263 5310 1316 5384 et
1343 5302 1556 5384 tertiam
1593 5299 1835 5360 mansio?

239 5367 427 5442 ﬁght,
454 5367 536 5436 ..η
593 5367 761 5432 “bris
822 5379 1002 5442 antea
1050 5367 1209 5420 editis
1231 5368 1566 5442 desideratur
1596 5390 1614 5423 ι
1639 5384 1790 5442 post.
1814 5393 1832 5425 ι

471 5433 609 5505 Mss.
660 5463 681 5494 σ
706 5435 1196 5496 ὴοιιοτίῐίοδῑιιε.»
1231 5433 1373 5488 Libb.
1407 5436 1544 5504 editi,
1584 5433 1837 5510 «ἀιοτίη,

230 5533 411 5663 δ’ἐξῗὺ
437 5539 643 5642 ’Codex
692 5575 758 5630 δ,
814 5563 1168 5624 Theodorici
1209 5566 1364 5620 solum
1409 5569 1566 5638 habet,
1599 5593 1615 5625 ο
1641 5577 1715 5631 in
1751 5578 1838 5631 de-

1947 4451 2034 4504 Dci
2078 4450 2161 4503 die
2197 4463 2261 4503 ac
2290 4459 2446 4503 nocte
2472 4449 2846 4503 meditantibus
2871 4447 3212 4502 conferatur?
3239 4450 3468 4502 maxime

1942 4553 2060 4593 cum
2085 4537 2360 4592 videamus
2395 4546 2594 4591 tantam
2627 4537 2790 4591 fuisse
2815 4552 2996 4590 curam
3024 4537 3243 4592 Domino
3264 4541 3328 4593 de
3350 4540 3466 4593 istis

1941 4625 2306 4680 mansionibus
2330 4627 2738 4694 perscribendis,
2784 4637 2840 4680 ut
2862 4627 3148 4696 descriptio
3171 4642 3354 4683 earum
3378 4644 3464 4684 se-

1941 4715 2113 4771 cundo
2148 4715 2256 4783 jam
2301 4715 2418 4770 loco
2444 4717 2634 4770 divinis
2667 4717 2872 4787 legibus
2904 4717 3191 4772 inderetur.
3226 4718 3464 4774 Comme-

1940 4812 2143 4860 morata
2190 4813 2311 4860 sunt
2350 4806 2491 4858 enim
2538 4807 2748 4860 nomina
2796 4805 2914 4867 ista,
2960 4805 3081 4859 licet
3121 4807 3172 4862 in
3198 4806 3462 4860 nonnullis

1941 4898 2235 4963 immutata,
2279 4897 2388 4967 jam
2416 4906 2540 4954 tunc
2578 4913 2698 4954 cum
2733 4913 2826 4966 per
2849 4898 2961 4952 loca
2989 4899 3196 4970 singula
3227 4899 3462 4953 elevasse

1501 5034 1546 5065 ⁸⁹
1564 5033 1703 5094 Psal.
1725 5051 1926 5101 vavu,
1955 5035 2041 5088 M.
2115 5034 2160 5066 '°
2182 5032 2317 5088 Psal.
2345 5049 2558 5098 uxxrv,
2587 5034 2639 5088 7.

1943 5178 2105 5222 serto.
2138 5168 2192 5223 Si
2228 5169 2502 5236 pervenire
2542 5170 2621 5222 vis
2658 5169 2722 5237 ad
2767 5170 3206 5237 repromissiones
3230 5170 3456 5233 patrum.

1937 5246 2135 5291 sortem
2159 5246 2300 5288 tuam
2329 5253 2431 5289 non
2458 5237 2654 5291 habeas
2684 5236 2735 5289 in
2774 5236 2936 5290 terra.
2961 5255 2978 5286 ›

2006 5305 2131 5377 (ᾙ)Δ
2155 5303 2221 5357 Et
2270 5305 2762 5377 resurrectionis};
2791 5305 3010 5377 mortuis
3057 5301 3455 5377 sacramentum.

1939 5370 2027 5427 Sic
2049 5373 2206 5427 habet
2228 5373 2395 5426 codex
2428 5372 2836 5425 S.Theodorici.
2869 5371 3011 5423 Libri
3059 5370 3208 5428 editi,
3243 5379 3262 5410 ι
3287 5375 3349 5413 ex
3378 5375 3462 5410 re-

1939 5442 2282 5496 surrectionis
2306 5457 2369 5495 ex
2398 5441 2619 5493 mortuis
2647 5448 2996 5491 sacramento.
3022 5455 3040 5487 ι

2009 5492 2773 5589 (ﬁl—Codex.S..:l‘heodorici,
2817 5521 2834 5554 ‹
2858 5513 2916 5556 ut
2953 5520 3046 5572 per
3081 5492 3319 5565 singulas
3344 5525 3391 5545 ..
3413 5530 3426 5543 .
3453 5530 3463 5545 .

1941 5575 2264 5634 illuminetur
2301 5575 2540 5643 amplius.
2567 5591 2584 5624 ι
