3822 6236
1396 337 1457 390 IN
1492 336 1812 392 NUMEROS
1837 336 2112 394 HOMILIA
2145 334 2352 390 XXVII.
3355 338 3454 391 τω

115 379 162 422 τῇ
168 343 242 422 ’1
272 388 408 422 “mu:

121 382 137 395 .
168 382 231 422 ν
394 388 408 399 ,
1492 382 1810 392 ...μη-,ην
1839 382 2112 394 --ν..--..---
2149 382 2352 390 .---.---
3363 382 3449 391 η-

121 382 538 548 ἱαιῦἒέὶὲῖἓὶ
1055 462 1080 496 δ
1154 449 1290 514 Quae
1313 458 1395 503 est
1433 465 1624 504 manus
1656 451 1830 506 excel-
1856 456 1900 509 Α
1931 447 2112 501 rantis:
2134 455 2398 502 conantur
2419 450 2651 514 operari.
2677 447 2858 516 Neque
2876 449 3018 504 enim
3034 448 3146 502 sine
3173 445 3304 515 ipsis
3323 462 3455 502 οοη..

159 499 737 614 ξλρδὶὲηἶὶεξὶὶῐιὶ
770 511 968 576 dicit‘
1012 545 1032 584 :
1090 550 1113 584 ι
1145 535 1426 590 Exaltetur
1451 551 1640 591 manus
1675 546 1827 591 tua.»
1931 543 2224 589 summatur
2244 527 2403 588 omne
2445 544 2742 602 peccatum.
2791 535 2920 591 Nam
2965 552 3084 591 cum
3136 536 3450 590 adulterium

191 593 302 693 ξηὶ
334 599 450 645 “δ“
477 598 571 693 ξε)
613 593 956 667 humanum
988 631 1146 687 opus
1177 639 1278 678 nec
1319 632 1608 689 terrenum,
1635 625 1725 679 sed
1755 626 1834 678 di-
1931 627 2050 692 quis
2073 623 2381 688 committit,
2410 593 2513 676 non
2546 634 2627 676 est
2649 622 2834 690 utique
2879 625 2996 678 sine
3039 624 3274 678 daemone
3301 640 3316 677 :
3369 624 3452 677 vel

224 699 439 772 Nam.
478 685 564 745 ibi
588 704 800 752 manus
845 707 1088 764 excelsa
1135 715 1461 769 nominatur.
1500 715 1602 769 Per
1646 730 1832 770 manus

264 799 477 859 namque
498 801 640 857 opus
663 789 932 865 intelligi,
962 813 1119 870 saepe
1146 803 1253 870 iam
1289 804 1483 858 dictum
1507 813 1606 858 est.
1639 805 1691 856 In
1719 820 1833 857 ma-

270 906 341 942 nu
362 897 481 954 ergo
502 883 744 950 excelsa,
769 884 830 938 in
867 901 1174 958 conspectu
1206 895 1438 946 omnium
1468 892 1832 963 Egyptiorum

276 975 494 1047 proiecti
525 984 672 1030 sunt.
724 994 743 1028 ι
790 977 861 1031 Et
895 977 1175 1049 IEgyptii,
1219 982 1385 1049 inquit
1432 984 1474 1047 ³,
1511 982 1834 1050 sepeliebant

278 1072 514 1116 mortuos
566 1075 735 1127 suos;
766 1080 784 1112 ο
835 1064 1086 1118 viventes
1121 1079 1317 1120 autem.
1349 1068 1704 1134 sequebantur
1731 1066 1835 1118 Do-

275 1151 480 1205 minum
515 1150 688 1204 Deum
737 1163 923 1205 suum.
962 1152 1093 1207 Post
1143 1154 1255 1208 haec
1302 1155 1536 1208 dicitur’
1573 1155 1693 1220 quia
1738 1172 1756 1204 ι
1782 1162 1836 1208 et

265 1241 326 1293 in
361 1240 459 1294 diis
483 1253 684 1295 eorum
730 1239 863 1295 fecit
896 1241 1154 1295 Dominus
1182 1243 1493 1296 vindictam.
1520 1261 1538 1294 ι
1570 1243 1672 1296 Sed
1702 1251 1754 1296 et
1782 1243 1831 1295 in

269 1326 458 1381 Exodo
505 1328 587 1381 ita
615 1328 755 1384 dicit
787 1346 804 1383 :
842 1347 862 1380 ‹
889 1328 956 1382 Ει
987 1329 1037 1381 in
1069 1330 1317 1384 omnibus
1339 1329 1443 1382 diis
1465 1329 1831 1399 Aigyptiorum

261 1416 431 1476 faciet
460 1417 737 1472 Dominus
782 1418 1107 1472 vindictam.
1137 1437 1156 1470 ι
1200 1418 1298 1472 llic
1342 1427 1516 1472 autem
1548 1420 1674 1472 dicit
1710 1420 1831 1487 quia

257 1505 395 1558 fecit
424 1504 478 1558 in
502 1519 606 1560 eos
638 1506 904 1560 Dominus
937 1506 1246 1561 vindictam.
1290 1524 1308 1556 ι
1337 1506 1472 1561 Sunt
1493 1507 1706 1575 quidam
1743 1508 1829 1575 qui

253 1593 518 1646 dicuntur
554 1593 635 1648 dii
664 1594 784 1648 sive
814 1595 865 1646 in
895 1593 1052 1655 caelo,
1084 1595 1196 1648 sive
1227 1596 1278 1646 in
1313 1603 1472 1656 terra.
1501 1613 1519 1646 ›
1553 1595 1834 1662 Apostolus

255 1681 346 1732 ait
375 1681 413 1737 ⁸.
457 1681 574 1736 Sed
604 1690 663 1735 et
685 1683 743 1737 in
775 1683 1004 1743 Psalmis
1030 1683 1226 1738 dicitur
1247 1684 1267 1714 ⁸
1303 1700 1315 1734 :
1347 1700 1364 1731 ι
1387 1681 1581 1737 Omnes
1607 1684 1674 1736 dii
1702 1698 1830 1750 gen-

252 1771 417 1835 tium,
433 1771 741 1824 daemonia.
769 1790 789 1824 ι
823 1771 936 1825 Non
960 1787 1088 1838 ergo
1119 1771 1423 1836 simulacra,
1447 1772 1540 1825 sed
1566 1773 1826 1828 daemones

249 1856 357 1922 qui
401 1858 737 1911 simulacris
787 1859 1046 1924 assident,
1099 1859 1227 1912 deos
1272 1860 1398 1912 dicit
1442 1861 1495 1912 in
1527 1875 1661 1928 quos
1701 1861 1827 1916 fecit

250 1947 531 2000 Dominus
565 1949 894 2002 vindictam.
937 1949 1038 2001 Sed
1068 1948 1226 2001 velim
1256 1949 1527 2016 requirere
1564 1951 1826 2017 quomodo

249 2037 406 2089 Deus
433 2035 748 2088 vindictam
777 2037 939 2089 faciat
973 2037 1023 2088 in
1050 2037 1335 2101 dzemones,
1364 2052 1482 2090 cum
1507 2038 1686 2104 utique
1711 2039 1827 2091 vin-

243 2122 418 2176 dictae
448 2123 574 2177 dies
617 2131 678 2176 et
719 2123 912 2190 judicii
959 2124 1192 2177 nondum
1248 2124 1520 2178 advenerit
1555 2124 1686 2194 (74).
1722 2125 1824 2178 Sed

245 2212 404 2266 hanc
441 2227 552 2281 ego
598 2220 737 2280 puto
771 2211 825 2262 in
857 2212 1122 2265 daemones
1151 2211 1265 2266 ﬁeri
1296 2204 1601 2276 vindictam,
1639 2228 1756 2266 cum
1782 2212 1825 2266 is

240 2301 347 2367 qui
383 2301 456 2354 ab
514 2300 631 2353 illis
683 2300 946 2367 deceptus
999 2299 1173 2352 fuerat
1221 2308 1278 2352 ut
1330 2299 1465 2352 idola
1491 2298 1704 2362 coleret,
1733 2313 1827 2367 per

241 2389 488 2444 verbum
529 2387 752 2441 Domini
804 2400 1096 2440 conversus
1148 2385 1426 2438 Dominum
1465 2384 1626 2450 colit;
1659 2393 1712 2438 et
1758 2399 1826 2439 ex

242 2481 376 2545 ipso
404 2490 586 2548 opere
617 2473 1021 2540 conversionis,
1053 2472 1106 2526 in
1137 2488 1256 2526 eum
1286 2473 1514 2526 vindicta
1558 2474 1648 2540 qui
1673 2473 1828 2527 dece-

243 2565 436 2639 perat,
487 2571 682 2623 datur.
711 2590 718 2595 ·
747 2566 1010 2620 Similiter
1036 2567 1079 2618 si
1111 2566 1158 2619 is
1185 2565 1272 2633 qui
1315 2581 1344 2618 a
1380 2565 1710 2619 daemonibus
1735 2567 1827 2619 de-

241 2668 448 2726 ceptus
478 2657 668 2710 fuerat
698 2656 766 2709 ad
792 2655 1184 2718 fornicandum,
1210 2663 1547 2708 convertatur
1570 2653 1638 2707 ad
1668 2655 1825 2722 pudi-

246 2748 470 2809 citiam,
507 2745 711 2812 diligat
737 2747 1060 2807 castitatem,
1102 2757 1312 2797 errasse
1337 2757 1395 2796 se
1417 2742 1625 2806 deﬂeat,
1649 2743 1823 2811 paeni-

246 2834 446 2888 tentiae
471 2833 652 2901 ipsius
681 2831 939 2900 lacrymis
970 2832 1144 2884 utitur
1169 2839 1224 2885 et
1269 2832 1567 2885 incenditur
1595 2833 1822 2898 daemon,

246 2930 304 2977 et
345 2923 437 2977 sic
470 2921 721 2976 vindicta
762 2921 922 2974 datur
967 2920 1018 2973 in
1048 2920 1377 2988 deceptionis
1400 2930 1687 2976 auctorem.
1736 2922 1824 2976 Si-

250 3014 470 3067 militer
513 3013 688 3067 etiam
739 3011 784 3064 si
819 3011 941 3078 quis
969 3012 1032 3064 de
1063 2999 1308 3080 superbia
1353 3013 1416 3065 ad
1445 3012 1822 3078 humilitatem,

246 3106 315 3158 de
346 3102 680 3174 profusione
709 3100 778 3155 ad
802 3099 1184 3166 pareimoniam
1214 3100 1414 3164 redeat,
1444 3116 1539 3170 per
1570 3102 1679 3154 haec
1708 3103 1818 3155 sin-

249 3195 376 3261 gula
412 3195 725 3257 daemones,
779 3193 871 3260 qui
920 3207 977 3246 se
1001 3192 1053 3244 in
1091 3193 1204 3246 haec
1229 3193 1561 3261 deceperant,
1598 3192 1827 3260 ﬂagellat

249 3290 305 3336 et
355 3283 598 3336 cruciat.
656 3281 890 3346 Quantis
933 3295 1026 3335 eos
1075 3283 1275 3349 putatis
1321 3281 1405 3350 agi
1451 3281 1746 3343 tormentis,
1779 3280 1825 3334 si

250 3387 417 3439 quem
443 3373 698 3436 videant,
748 3371 1044 3424 secundum
1077 3371 1297 3424 verbum
1338 3371 1562 3432 Domini,
1597 3362 1825 3423 vendere

249 3461 439 3514 omnia
471 3475 575 3514 sua
626 3475 754 3528 quae
786 3459 1044 3529 possidet,
1066 3463 1120 3511 et
1157 3459 1283 3512 dare
1307 3459 1624 3527 pauperibus
1653 3469 1705 3513 et
1730 3459 1827 3513 tol-

251 3550 367 3605 lere
397 3561 632 3603 crucem
665 3563 850 3614 suam,
877 3555 928 3600 el
952 3548 1102 3615 sequi
1131 3546 1428 3601 Christum!
1459 3547 1628 3616 Super
1648 3550 1824 3603 omnia

251 3655 387 3692 vero
421 3641 509 3693 eis
543 3648 635 3692 est
660 3647 1056 3692 tormentorum
1087 3653 1305 3706 genera,
1350 3650 1404 3694 et
1448 3655 1608 3707 super
1637 3654 1826 3695 omnes

251 3739 470 3796 penes,
521 3727 574 3781 si
623 3741 796 3798 quem
832 3727 1049 3780 videant
1094 3728 1253 3780 verbo
1283 3727 1374 3780 Dei
1417 3742 1631 3794 operam
1677 3729 1820 3794 dare,

251 3816 552 3869 scientiam
583 3817 795 3868 divina:
822 3813 954 3879 legis
975 3823 1028 3867 et
1051 3816 1294 3884 mySteria
1320 3815 1712 3884 Scripturarum
1742 3818 1824 3870 in-

252 3904 418 3957 tentis
460 3904 680 3959 studiis
710 3901 1106 3969 perquirentem
1139 3921 1152 3957 :
1185 3903 1234 3956 in
1286 3903 1384 3957 hoc
1429 3919 1610 3957 eorum
1651 3907 1825 3961 omnis

247 3990 460 4044 ﬂamma
492 3999 616 4051 est,
651 3991 712 4041 in
735 3989 844 4043 isto
881 4000 1110 4042 uruntur
1141 3990 1405 4055 incendio,
1432 3992 1684 4058 quoniam
1709 3993 1828 4060 qui-

251 4079 370 4130 dem
421 4077 775 4147 ignoran‘tia:
821 4075 1054 4128 tenebris
1111 4076 1369 4128 humanas
1415 4074 1825 4129 obscuraverant

249 4179 479 4232 mentes,
509 4177 578 4221 et
632 4167 757 4219 haec
781 4164 1151 4226 obtinuerant,
1178 4173 1234 4216 ut
1271 4163 1410 4218 Deus
1434 4166 1644 4233 quidem
1676 4165 1822 4232 igno-

246 4264 476 4322 raretur,
505 4255 588 4309 ad
623 4256 780 4322 ipsos
819 4266 944 4306 vero
977 4253 1138 4304 divini
1173 4253 1346 4306 cultus
1370 4254 1542 4306 studia
1569 4255 1822 4308 transfer-

1849 3063 1892 3120 Ο

1931 727 2048 766 cum
2076 713 2152 764 ira
2177 713 2520 766 immoderata
2549 723 2814 781 raptatur,
2837 715 2920 766 vel
2947 729 3066 767 cum
3093 714 3272 780 diripit
3317 713 3450 766 alie-

1931 813 1994 851 na
2027 807 2118 853 :et
2139 801 2227 867 qui
2273 800 2465 854 sedens
2513 801 2769 854 adversus
2816 799 3111 869 proximum
3159 813 3310 852 suum
3359 799 3454 851 de-

1935 889 2116 952 trahit,
2142 899 2192 942 et
2214 890 2493 943 adversum
2523 889 2688 942 ﬁlium
2726 889 2910 942 matris
2964 902 3073 942 sua:
3110 887 3258 954 ponit
3300 900 3452 939 scan-

1931 976 2129 1040 dalum,
2154 993 2256 1032 non
2284 987 2365 1032 est
2412 977 2528 1032 sine
2576 979 2832 1032 daemone.
2866 977 2930 1030 Et
2976 975 3094 1030 ideo
3150 973 3453 1030 omnimodo

1933 1066 2194 1130 agendum
2222 1074 2304 1118 est
2335 1065 2505 1131 nobis,
2555 1081 2621 1120 ne
2663 1066 2800 1120 forte
2841 1065 3202 1134 Egyptiornm
3257 1063 3453 1131 primo-

1931 1152 2127 1220 genita,
2155 1151 2236 1205 vel
2264 1154 2390 1207 deos
2413 1169 2596 1207 eorum
2622 1169 2756 1221 quos
2804 1153 3053 1206 Dominus
3089 1149 3352 1218 percussit
3396 1156 3450 1201 et

1930 1242 2204 1304 exstinxit,
2231 1243 2608 1297 resuscitemus
2633 1244 2682 1296 in
2715 1241 2884 1306 nobis,
2908 1242 2950 1295 si
2979 1242 3057 1294 eis
3099 1239 3265 1294 locum
3293 1237 3452 1290 dede-

1931 1328 2094 1382 rimus
2114 1331 2366 1398 operandi
2396 1331 2446 1383 in
2478 1331 2627 1386 nobis
2653 1345 2714 1384 ea
2739 1345 2855 1399 qua:
2879 1330 2989 1384 odit
3011 1330 3168 1382 Deus.
3193 1325 3247 1378 Si
3273 1334 3449 1378 autem

1931 1418 1997 1470 ab
2024 1418 2107 1471 his
2140 1419 2388 1473 omnibus
2410 1421 2776 1474 contineamus
2809 1434 2926 1484 nos,
2955 1433 3019 1472 eo
3048 1416 3203 1470 modo
3238 1429 3341 1482 quo
3365 1429 3452 1466 su-

1930 1506 2106 1572 Perills
2137 1506 2386 1572 diximus,
2441 1508 2582 1561 dedit
2624 1509 2910 1562 vindictam
2954 1507 3005 1560 in
3058 1504 3303 1559 omnibus
3349 1500 3450 1555 diis

1931 1593 2322 1665 Egyptiorum,
2351 1611 2640 1666 poenasque
2681 1613 2746 1650 ex
2795 1605 2972 1651 nostra
3009 1593 3372 1648 emendatione
3396 1600 3450 1645 et

1931 1687 2280 1740 conversione
2309 1687 2577 1742 daemones
2603 1687 2917 1754 suscipiunt.

1858 1759 1898 1812 Β
1994 1771 2044 1827 9.
2085 1775 2440 1844 Exeuntergo
2471 1793 2535 1830 ex
2570 1775 2801 1845 Egypto
2837 1776 2930 1830 ﬁlii
2967 1774 3152 1837 Israel,
3197 1781 3249 1826 et
3287 1769 3450 1838 proli-

1925 1861 2182 1918 ciscentes
2219 1879 2286 1920 ex
2314 1865 2565 1920 Ramesse
2606 1867 2824 1919 veniunt
2870 1866 2922 1918 in
2972 1863 3224 1918 Sochoth.
3266 1857 3450 1912 Profe-

1925 1953 2117 2009 ctionis
2147 1956 2235 2010 hic
2259 1957 2410 2022 ordo,
2440 1966 2491 2010 et
2512 1956 2780 2010 distinctio
2808 1956 3162 2017 mansionum,
3180 1951 3331 2004 valde
3349 1962 3445 2002 ne.

1922 2041 2154 2094 cessaria
2181 2050 2236 2096 et
2260 2043 2588 2097 observanda
2615 2051 2695 2096 est
2721 2043 2787 2095 iis
2813 2043 2903 2110 qni
2937 2049 3228 2109 sequuntur
3257 2037 3445 2098 Deum,

1920 2135 1976 2179 et
2001 2127 2066 2180 de
2090 2128 2347 2182 virtutum
2371 2129 2700 2197 profectibus
2731 2130 2989 2197 cogitant.
3015 2129 3087 2180 De
3117 2140 3221 2194 quo
3263 2123 3450 2179 ordine

1924 2213 2136 2267 memini
2166 2215 2303 2282 quod
2324 2215 2433 2282 jam
2458 2224 2509 2268 et
2538 2215 2590 2269 in
2616 2217 2757 2280 aliis,
2782 2231 2900 2271 cum
2925 2214 3290 2269 acdilicatiunis
3320 2227 3448 2265 cau-

1921 2314 1978 2354 sa
2002 2302 2178 2372 aliqua
2203 2305 2557 2372 loqueremur,
2597 2321 2711 2374 qua:
2749 2306 3001 2360 Dominus
3037 2306 3162 2359 dare
3202 2304 3451 2369 dignatus

1927 2396 2027 2454 est,
2060 2392 2324 2458 prosecuti
2363 2406 2565 2446 sumus.
2619 2392 2723 2446 Sed
2764 2401 2818 2446 et
2841 2407 2978 2445 nunc
3029 2391 3208 2460 paucis
3257 2389 3446 2443 iterum

1922 2479 2204 2532 orantibus
2241 2481 2394 2534 vobis
2443 2481 2918 2535 commonebimus.
2975 2480 3061 2533 Fit
3115 2493 3241 2547 ergo
3277 2475 3447 2545 prima

1924 2566 2182 2633 profectio
2205 2582 2270 2622 ex
2304 2569 2577 2634 Ramesse,
2605 2580 2658 2623 et
2688 2570 2800 2624 sive
2836 2573 2900 2624 de
2929 2570 3032 2623 hoc
3061 2569 3254 2623 mundo
3271 2567 3445 2620 anima

1924 2656 2265 2723 proficiscens
2301 2660 2364 2711 ad
2384 2659 2612 2713 futurum
2636 2658 2881 2713 sacculum
2909 2659 3101 2727 pergit,
3129 2657 3241 2712 sive
3270 2655 3336 2709 ab
3364 2671 3454 2709 er-

1925 2745 2130 2799 roribus
2161 2746 2279 2799 vitae
2308 2748 2371 2799 ad
2399 2747 2538 2801 viam
2579 2749 2796 2801 virtutis
2821 2757 2886 2801 et.
2918 2748 3198 2816 agnitionis
3223 2760 3447 2800 conver-

1926 2831 2071 2892 titur.
2095 2847 2158 2885 er
2189 2833 2440 2888 Ramesse
2473 2835 2846 2902 proficiscitur.
2897 2833 3148 2888 Ramesse
3205 2833 3346 2886 enim
3392 2833 3445 2884 in

1923 2930 2102 2975 nostra
2131 2922 2304 2992 lingua
2327 2925 2517 2978 dicitur
2539 2926 2815 2978 commotio
2847 2924 3078 2986 turbida,
3107 2921 3190 2975 vel
3220 2937 3444 2974 commo-

1924 3011 1994 3063 tio
2015 3011 2163 3066 tinea.-
2189 3014 2319 3082 (75).
2346 3012 2400 3068 In
2427 3029 2528 3082 quo
2556 3015 2742 3083 utique
2773 3014 3090 3075 ostenditur,
3113 3010 3251 3080 quod
3269 3010 3446 3065 omnia

1926 3101 1976 3153 in
2014 3100 2113 3154 hoc
2138 3105 2332 3156 mundo
2358 3103 2410 3156 in
2445 3103 2890 3157 commotionibus
2941 3111 2996 3156 et
3040 3099 3451 3170 perturbationi-

1924 3186 2020 3240 bus
2044 3189 2211 3256 posita
2236 3200 2378 3253 sunt,
2407 3201 2460 3244 et
2483 3191 2534 3244 in
2574 3190 2874 3259 corruptela
2905 3207 2919 3242 :
2967 3191 3068 3244 hoc
3117 3191 3256 3243 enim
3307 3190 3446 3242 tinea

1924 3275 2137 3329 indicat.
2176 3276 2230 3329 ln
2276 3278 2468 3345 quibus
2510 3292 2612 3331 non
2655 3288 2864 3346 Oportet
2912 3279 3143 3332 residere
3193 3277 3444 3340 animam,

1923 3364 2014 3416 sed
2044 3364 2340 3430 proficisci,"
2358 3375 2410 3418 et
2434 3367 2617 3420 venire
2645 3369 2695 3418 in
2720 3367 2972 3420 Sochoth.
3006 3366 3242 3420 Sochoth
3269 3375 3445 3419 autem

1925 3451 2662 3520 interpretatur.tabernacula
2689 3455 2822 3527 (76).
2851 3455 3016 3523 Igitur
3039 3455 3240 3522 primus
3257 3456 3448 3509 animae

1923 3542 2190 3608 profectus
2212 3553 2294 3597 est
2316 3553 2371 3597 ut
2398 3543 2671 3597 auferatur
2690 3560 2717 3596 a
2746 3543 3101 3598 commotione
3131 3550 3361 3604 terrena,
3391 3550 3445 3596 et

1923 3631 2174 3685 sciatsibi
2210 3639 2459 3701 tanquam
2490 3633 2848 3702 peregrinanti
2871 3633 2923 3686 in
2955 3632 3310 3686 tabernaculis
3349 3631 3446 3683 ha-

1922 3721 2214 3786 bitandum,
2237 3737 2344 3790 quo
2368 3723 2512 3776 velut
2540 3723 2592 3776 in
2649 3723 2920 3789 procinctu
2973 3723 3142 3792 posita
3196 3722 3446 3775 adversus

1924 3807 2232 3862 insidiantes
2274 3811 2516 3874 expedita
2575 3825 2859 3864 occurrere
2929 3809 3096 3878 possit
3148 3817 3201 3862 et
3255 3808 3441 3861 libera.

1921 3899 2046 3954 Inde
2062 3900 2169 3969 jam
2201 3901 2286 3953 ubi
2314 3915 2371 3954 se
2401 3901 2562 3953 sentit
2586 3913 2705 3952 esse
2752 3907 3121 3966 prmparatam,
3156 3895 3448 3965 proﬁcisci-

1922 3995 2008 4041 tur
2039 4003 2102 4043 ex
2134 3987 2364 4042 Sochoth
2405 3998 2459 4042 et
2484 3989 2715 4057 applicat
2742 3989 2791 4041 in
2826 3987 3055 4043 Buthan.
3099 3988 3301 4041 Buthan
3324 4003 3446 4040 cott-

1919 4075 2065 4129 vallis
2089 4077 2380 4144 appellatur
2411 4078 2541 4147 (77).
2575 4078 2840 4132 Virtutum
2872 4078 3104 4130 diximus
3127 4079 3180 4130 in
3207 4077 3288 4130 his
3327 4089 3447 4130 esse

1920 4165 2236 4232 profectum.
2302 4166 2484 4221 Virtus
2534 4182 2638 4222 non
2699 4165 2801 4219 nisi
2841 4167 3114 4220 exercitiis
3165 4175 3220 4221 et
3269 4166 3444 4218 labore

1921 4254 2272 4320 conquiritur.
2306 4268 2402 4308 nec
2434 4263 2640 4307 tantum
2674 4255 2724 4307 in
2752 4255 3042 4323 prosperis,
3089 4263 3342 4322 quantum
3390 4254 3444 4306 in

247 4355 443 4405 rentur.
473 4349 633 4412 Quae
664 4351 826 4411 putas
849 4341 900 4393 in
927 4340 1044 4394 illos
1071 4340 1303 4394 vindicta
1329 4341 1504 4405 datur,
1531 4356 1647 4409 quae
1669 4341 1822 4394 infer-
1851 4355 1894 4410 ῃ
1924 4340 2158 4393 adversis
2184 4341 2454 4408 probatur.
2489 4341 2708 4394 Venitur
2734 4341 2798 4393 ad
2853 4341 3166 4395 convallem.
3216 4340 3268 4393 In
3317 4353 3444 4394 con-

247 4444 335 4489 tur
353 4436 426 4491 eis
448 4439 706 4492 ﬂamma
730 4444 1153 4498 paenarum,cum
1179 4430 1360 4483 vident
1383 4431 1492 4482 haec
1509 4431 1704 4486 lumine
1725 4447 1817 4486 ve-

247 4525 414 4580 ritatis
434 4521 700 4597 aperiri,
727 4529 782 4572 et
801 4518 1004 4572 fraudis
1017 4533 1126 4572 suae
1146 4517 1367 4572 nebulas
1392 4533 1487 4585 per
1501 4520 1815 4587 agnitionem

245 4612 377 4682 legis
403 4615 625 4670 divinae
652 4609 922 4662 reserari?
947 4607 1228 4661 Possident
1253 4606 1394 4659 enim
1414 4616 1636 4660 cunctos
1660 4608 1748 4676 qui
1766 4608 1816 4662 in

246 4701 564 4770 ignorantia
604 4699 804 4751 vivunt
833 4715 848 4750 :
885 4707 940 4750 et
967 4711 1069 4751 non
1089 4695 1265 4749 solum
1299 4693 1419 4747 illos
1443 4696 1530 4762 qui
1558 4696 1728 4750 adhuc
1764 4696 1814 4750 in

247 4793 561 4854 ignorantia
599 4795 756 4852 sunt,
797 4786 889 4839 sed
915 4786 1160 4853 ingerunt
1185 4796 1245 4834 se
1277 4795 1417 4848 saepe
1441 4783 1600 4835 etiam
1631 4785 1694 4838 iis
1726 4785 1815 4853 qui

247 4878 406 4950 379
422 4885 793 4950 agnoverunt
816 4875 997 4934 Deum,
1027 4880 1081 4924 et
1106 4883 1299 4923 rursus
1331 4869 1380 4921 in
1406 4869 1470 4923 iis
1490 4884 1644 4938 opera
1671 4873 1816 4940 igno-

1923 4424 2142 4480 vallibus
2191 4435 2367 4480 autem
2411 4438 2466 4481 et
2509 4429 2560 4481 in
2615 4429 2952 4484 inferioribus
3002 4429 3131 4484 locis
3177 4436 3465 4481 certamen.

1923 4513 2150 4567 habetur
2183 4515 2436 4570 adversus
2474 4515 2738 4570 diabolum
2790 4528 2845 4572 et
2874 4519 3170 4572 contrarias
3214 4527 3448 4585 potesta-

1923 4613 2021 4658 tes.
2049 4605 2103 4659 ln
2129 4606 2356 4659 convalli
2377 4621 2506 4676 ergo
2537 4622 2668 4674 agon
2689 4610 2950 4676 gerendus
2970 4620 3070 4672 est,
3106 4619 3160 4663 et
3203 4611 3259 4663 in
3312 4623 3444 4664 con-

1924 4695 2045 4748 valli
2077 4697 2410 4764 pugnandum
2440 4707 2541 4751 est.
2571 4697 2805 4766 Denique
2829 4710 2883 4752 et
2908 4699 3173 4754 Abraham
3205 4699 3258 4752 in
3309 4697 3444 4751 valle

1921 4783 2217 4837 Salinarum
2245 4785 2491 4853 pugnavit
2537 4786 2816 4839 adversum
2868 4787 3125 4840 barbaros
3182 4800 3357 4854 rcges,
3388 4792 3443 4838 ct

1921 4871 1990 4927 ibi
2023 4873 2295 4926 victoriam
2322 4884 2636 4939 consecutus
2665 4885 2746 4927 est
2771 4875 2812 4928 ⁸.
2843 4875 3125 4930 Descendit
3171 4889 3298 4942 ergo
3331 4876 3441 4926 via-

316 4991 333 5022 ι
359 4989 500 5044 Ρετιι,
533 5003 601 5050 x,
632 4985 722 5038 12.
798 4988 818 5018 ’
840 4981 993 5036 Num.
1019 4994 1219 5041 χχχιιι,
1246 4977 1302 5033 4.
1376 4977 1403 5008 ⁸-
1423 4978 1547 5032 ibid.
1596 4980 1616 5010 ⁸
1641 4981 1800 5036 lCor.

1925 5023 1940 5048 ,
1968 4982 2019 5038 5.
2071 4985 2091 5015 '
2115 4983 2252 5038 Psal.
2279 4985 2492 5049 xcvr,.5.
2567 4986 2586 5018 ‘
2606 4985 2740 5041 Gen.
2770 5001 2878 5040 xxv.

317 5097 424 5167 (Ἡ)
453 5095 575 5167 Sed
619 5092 770 5145 velim
796 5087 1357 5167 requirereﬂuomodo
1379 5087 1812 5167 Deusvindiclatn

256 5153 492 5229 (aciat'irr
524 5163 819 5220 dwmones,
856 5153 1189 5229 cumulique”
1210 5153 1453 5229 uindicta:
1476 5156 1582 5208 dies
1603 5169 1648 5229 et
1665 5158 1815 5224 judi-

257 5219 320 5284 cii
362 5232 606 5286 nondum
649 5219 928 5278 advenerit.
972 5219 1099 5276 Vide
1144 5219 1587 5286 Origenianorum
1638 5219 1730 5278 lib.
1758 5243 1817 5291 ιι,

256 5309 434 5367 quaest.
464 5301 526 5359 5,
564 5311 718 5349 num.
745 5293 834 5344 22.

323 5388 428 5458 (ἷ5)
464 5382 869 5458 Παπιεεδερηῑιη
900 5382 949 5430 in
973 5387 1142 5458 nosqu
1164 5372 1573 5458 lingua}!in
1591 5394 1819 5431 τοηηηο·

261 5440 342 5505 ἥθ’
372 5440 617 5509 turbida.
668 5448 743 5501 vel
787 5449 1042 5516 commotio
1088 5440 1583 5516 Iinem.JNin.ip.-..n
1631 5461 1658 5494 η
1699 5456 1819 5507 Da“

265 5539 284 5571 ι
312 5518 669 5574 commoveri,
708 5515 980 5580 percelli.»
1009 5521 1059 5562 et
1097 5516 1179 5563 DD
1208 5519 1234 5580 Α(
1267 5512 1437 5568 tinea.
1467 5512 1648 5562 Malia.
1686 5532 1705 5561 ι

325 5589 437 5660 (76)
471 5578 717 5642 Sor/tom
740 5591 893 5632 utilem
917 5578 1288 5640 irtlcrprelallll‘
1313 5579 1689 5632 tabernacula.
1709 5581 1819 5636 Rat-

1918 5094 2004 5147 dix
2039 5103 2119 5148 est
2140 5104 2252 5174 ‘po
2293 5115 2312 5148 ι
2343 5097 2492 5161 texit,
2551 5099 2788 5162 obtexit,
2847 5117 2866 5150 ι
2916 5099 3053 5153 unde
3090 5110 3198 5158 mo
3237 5115 3256 5149 ι
3285 5107 3442 5166 tugu-

1917 5186 2077 5251 rium,
2101 5186 2514 5252 tabernaculum,
2545 5205 2562 5238 ι
2594 5197 2646 5240 et
2675 5190 2726 5240 in
2758 5187 2944 5254 plurali
2978 5196 3112 5246 nuo
3145 5206 3162 5238 ι
3195 5187 3441 5241 taberna-

1917 5255 2322 5390 cu‘(iizifliulhan
2344 5321 2590 5390 convallis
2614 5321 2920 5390 appellatur.
2943 5315 3035 5390 _l_n_
3059 5319 3279 5390 Hebr-ato
3307 5319 3439 5390 legi-

1921 5386 2006 5441 tur
2045 5400 2206 5448 ante:
2256 5407 2275 5440 ι
2311 5391 2362 5442 in
2388 5389 2595 5442 Etham.
2629 5386 2854 5455 rr’Apud
2901 5386 3057 5455 LXX,
3081 5388 3271 5455 legitur
3319 5386 3442 5455 βου-

1921 5455 2216 5578 θᾴῖμμιοά,
2267 5471 2363 5512 cur
2399 5475 2415 5506 ι
2453 5454 2711 5510 convallis
2747 5452 2765 5503 ι
2809 5452 3060 5520 appellari
3103 5452 3289 5522 possit,
3320 5452 3434 5512 ’non

1921 5539 2088 5579 vneo.
