3822 6244
1844 297 2161 356 ORIGENIS

393 345 491 400 ’191

395 465 486 514 tor
511 455 599 510 hic
629 462 811 506 noster
835 450 899 504 ad
930 465 1023 504 eos
1055 447 1139 515 qui
1182 445 1234 498 in
1265 436 1546 511 profundis
1595 438 1718 485 sunt
1771 434 1823 480 ct
1882 421 1933 472 in
1963 421 2009 476 Α

400 547 544 608 imis,
569 560 672 599 non
705 554 761 595 ut
784 542 855 594 ibi
881 542 1205 599 demoretur,
1224 535 1314 587 sed
1345 540 1401 583 ut
1426 529 1493 581 ibi
1518 523 1790 578 victoriam
1809 529 1936 569 con-

401 617 672 702 sequatur.
709 629 936 684 Profecti
972 636 1095 679 sunt
1119 635 1292 677 autem
1327 636 1389 672 ex
1419 617 1643 675 Buthan,
1684 619 1736 662 et
1765 605 1934 702 appli-

405 691 628 776 cuerunt
655 720 720 772 ad
749 734 808 772 os
839 715 1001 770 lroth.
1035 713 1176 767 troth
1211 712 1349 763 vicus
1392 708 1770 770 interpretatur
1801 691 1935 762 (78).

401 809 639 863 Nondum
701 806 841 860 enim
901 803 1117 857 venitur
1177 801 1242 853 ad
1294 797 1599 852 civitatem,
1661 801 1759 840 nec
1816 795 1935 850 (iure

402 898 636 967 perfecta
691 905 814 950 sunt
863 895 970 962 jam
1027 899 1308 950 tenentur,
1363 885 1452 938 sed
1500 879 1707 933 interim
1763 873 1974 942 primo

401 965 561 1056 parva
591 998 814 1053 quaeque
838 982 1134 1050 capiuntur.
1201 975 1296 1029 Hic
1326 981 1402 1028 est
1450 971 1591 1024 enim
1641 965 1934 1035 prolectus,

401 1084 459 1128 ιιι
488 1075 717 1141 aparvis
749 1073 813 1126 ad
868 1086 1052 1137 magna
1098 1068 1362 1122 veniatur.
1414 1063 1635 1117 Venitur
1682 1070 1814 1125 ergo
1861 1051 1928 1104 ad

399 1163 560 1227 lroth,
592 1164 689 1217 hoc
723 1171 806 1216 est
849 1161 914 1212 ad
969 1160 1260 1226 ingressum
1317 1154 1542 1222 primum
1602 1149 1726 1210 vici,
1795 1142 1935 1212 quod

400 1253 712 1307 cstinitium
749 1248 1171 1302 conversationis
1195 1285 1210 1307 ,
1266 1253 1316 1298 et
1355 1240 1686 1294 abstinentiae
1735 1235 1936 1288 medio-

401 1341 529 1393 cris.
574 1338 879 1391 Periculosa
934 1348 1016 1389 est
1072 1346 1298 1400 namque
1332 1332 1381 1382 in
1435 1328 1603 1382 initiis
1633 1324 1850 1394 grandis
1883 1329 1936 1373 et

401 1429 748 1483 immoderata
772 1428 1112 1479 abstinentia.
1160 1423 1302 1475 lroth
1330 1427 1502 1473 autem
1531 1417 1642 1468 haec
1662 1413 1830 1480 posita
1855 1418 1938 1462 est

398 1527 583 1572 contra
611 1517 957 1586 Beelsephon,
980 1525 1034 1570 et
1055 1525 1239 1569 contra
1266 1511 1580 1582 Magdalum.
1607 1507 1932 1574 Beelscphon

401 1609 785 1676 interpretatur
839 1606 1071 1660 ascensio
1132 1603 1370 1670 specut'tv,
1429 1601 1540 1654 sive
1587 1597 1748 1650 turris
1801 1593 1933 1665 (79).

397 1697 442 1749 A
498 1697 676 1764 parvis
737 1708 866 1761 ergo
925 1691 1231 1746 ascenditur
1290 1688 1353 1740 ad
1421 1699 1647 1751 magna,
1699 1692 1753 1734 et
1796 1696 1934 1749 nou-
1968 1728 2009 1781 Β

399 1789 520 1839 (Ιιιιιι
553 1785 604 1836 in
636 1784 745 1851 ipsa
772 1783 1007 1850 specula,
1034 1779 1126 1834 sed
1169 1787 1352 1833 contra
1403 1775 1669 1843 speculam
1691 1812 1705 1835 ,
1743 1771 1795 1823 id
1849 1778 1933 1821 est

399 1877 452 1930 in
481 1883 762 1942 conspectu
796 1871 1021 1940 specula:
1049 1870 1214 1938 posita
1242 1876 1346 1922 est.
1377 1863 1654 1934 Speculari
1678 1862 1819 1915 enim
1859 1861 1934 1912 iu—

398 1965 548 2032 cipit,
582 1973 634 2016 et
661 1963 971 2030 prospicere
1017 1974 1163 2027 spem
1216 1956 1442 2010 futuram
1494 1962 1546 2007 et
1597 1950 1934 2004 altitudinem

399 2052 729 2121 profectuum
767 2047 1138 2117 contemplari,
1163 2055 1216 2099 et
1251 2044 1498 2113 paulatim
1549 2041 1761 2104 crescit,
1806 2040 1932 2092 dum

401 2144 518 2208 plus
553 2156 646 2210 spe
697 2141 930 2193 nutritur
967 2153 1124 2206 quam
1172 2136 1440 2188 laboribus
1485 2132 1755 2200 fatigatur.
1806 2129 1936 2194 Quae

399 2233 576 2294 statio,
606 2231 718 2284 sive
739 2229 943 2283 mansio
972 2236 1155 2282 contra
1187 2225 1481 2295 Magdalum
1537 2233 1639 2283 est,
1693 2222 1932 2274 nomium

401 2323 450 2374 in
491 2322 605 2389 ipso
662 2319 923 2386 Magdalo.
981 2317 1275 2385 Magi'alum
1346 2315 1488 2368 enim
1551 2312 1936 2380 magniﬁcentia

399 2410 598 2464 dicitur
633 2408 766 2476 (80).
797 2408 1009 2461 Habens
1033 2421 1161 2473 ergo
1190 2407 1240 2458 in
1268 2414 1554 2472 conspectu
1585 2413 1638 2454 et
1666 2404 1938 2455 ascensiu-

399 2513 516 2553 nem
548 2497 796 2564 specalm,
825 2507 877 2551 et
915 2495 1360 2564 magniﬁcentiam
1403 2508 1580 2546 rerum
1611 2491 1933 2551 futurarum,

399 2583 618 2650 spebus,
642 2593 700 2637 ut
733 2584 996 2644 diximus,
1032 2581 1334 2648 ingentibus
1376 2580 1616 2648 pascitur
1663 2586 1717 2632 et
1767 2578 1939 2630 nutri-

400 2683 504 2727 tur.
537 2673 592 2725 ln
620 2671 1032 2741 profectionibus
1061 2671 1202 2723 etiim
1233 2679 1349 2736 est,
1383 2685 1488 2724 non
1523 2669 1573 2722 in
1607 2667 1939 2737 perfectione

392 2763 501 2828 jam
538 2762 728 2830 posita.
1651 2806 1654 2809 _

465 2849 550 2902 lt).
574 2847 699 2902 Post
732 2849 842 2901 lucc
868 2846 1278 2914 proficiscuntur
1301 2846 1364 2898 de
1393 2845 1562 2909 lroth,
1581 2855 1635 2900 et
1659 2855 1939 2899 transeunt

399 2954 490 3007 per
523 2938 752 2992 medium
796 2937 957 2989 maris
983 2935 1170 3001 Rubri,
1203 2945 1256 2990 et
1277 2935 1647 3003 applicuerunt
1680 2938 1746 2990 ad
1785 2952 1935 2990 ama-

398 3025 674 3080 ritudines.
705 3023 946 3076 Diximus
972 3031 1176 3090 tempus
1197 3021 1555 3089 protectuum,
1583 3029 1791 3088 tempus
1822 3035 1939 3074 esse
1967 3051 2012 3108 ε

399 3112 966 3184 pcriculorum.Quam
1022 3111 1241 3165 molesta
1277 3109 1501 3163 tentatio
1551 3110 1782 3162 transire
1843 3126 1941 3178 per

407 3205 640 3258 medium
673 3219 841 3259 mare.
874 3203 1052 3256 videre
1083 3201 1272 3256 ﬂuctus
1295 3202 1345 3254 in
1369 3201 1634 3252 cumulum
1675 3215 1937 3263 crescere,

401 3293 588 3348 audire
615 3295 877 3348 undarum
911 3291 1290 3346 insanientium
1334 3304 1495 3344 voces
1523 3298 1593 3352 ,ει
1630 3290 1889 3357 strepitus
1922 3307 1936 3343 :

398 3384 492 3439 sed
520 3393 696 3438 tamen
733 3384 774 3437 si
803 3383 1044 3452 sequaris
1084 3381 1322 3451 Moysen,
1358 3381 1408 3433 id
1469 3388 1553 3433 est
1605 3378 1774 3448 legem
1820 3380 1938 3446 Dei,

401 3488 554 3540 aqua:
585 3474 675 3526 tibi
705 3488 888 3526 murus
915 3475 1134 3526 dextera
1186 3473 1421 3539 lmvaqne
1461 3473 1608 3534 fient,
1643 3481 1696 3525 et
1727 3472 1831 3526 iter
1859 3475 1941 3524 in-

403 3563 584 3616 venies
611 3576 708 3630 per
733 3564 932 3615 siccum
969 3563 1020 3614 in
1055 3560 1229 3615 medio
1265 3559 1420 3613 mari.
1452 3559 1556 3614 Sed
1600 3571 1654 3614 et
1686 3559 1810 3614 illud
1840 3561 1940 3613 iter

400 3653 617 3707 cceleste
652 3651 794 3720 quod
825 3666 982 3720 agere
1014 3651 1238 3704 dicimus
1256 3649 1510 3713 animam,
1541 3658 1716 3719 potest
1744 3650 1857 3703 tieri
1884 3658 1942 3701 ut

404 3739 598 3794 habeat
627 3739 826 3809 aliquid
858 3753 1116 3806 aquarum
1139 3775 1154 3802 ,
1183 3747 1357 3806 potest
1401 3737 1516 3792 ﬁeri
1549 3746 1606 3792 ut
1661 3739 1731 3793 ibi
1788 3739 1938 3792 inve-

402 3830 620 3883 niantur
646 3830 798 3882 nmiae
825 3847 838 3893 ;
866 3839 949 3884 est
979 3831 1120 3884 enim
1156 3829 1228 3883 ibi
1268 3844 1394 3898 pars
1443 3829 1618 3898 aliqua
1656 3845 1938 3898 aquarum,

399 3927 452 3968 et
475 3931 601 3984 pars
647 3916 822 3985 aliqua
874 3918 974 3971 sub
1020 3917 1186 3979 caelo;
1230 3926 1284 3969 et
1339 3931 1436 3970 nos
1479 3917 1692 3970 interim
1751 3919 1938 3970 harum

403 4017 522 4070 qua:
577 4003 674 4057 sub
726 4003 864 4057 cmlo
929 4013 1050 4056 sunt
1113 4018 1366 4071 aquarmu
1422 4005 1591 4059 undas
1645 4004 1941 4074 ﬂuctusque

405 4091 718 4157 perferimus
754 4109 770 4147 :
810 4094 949 4146 Deus
1003 4093 1200 4144 viderit
1229 4093 1270 4145 si
1323 4092 1425 4146 illa:
1472 4095 1665 4161 quieta!
1727 4103 1847 4146 sunt
1887 4104 1942 4147 et

405 4179 650 4244 placida,
686 4194 785 4234 nec
818 4181 1084 4249 aliquibus
1113 4181 1283 4234 ventis
1323 4179 1576 4236 ﬂantibus
1614 4182 1936 4236 excitantur.

406 4266 508 4320 Sed
544 4283 642 4322 nos
668 4270 904 4334 interim,
939 4285 1060 4324 cum
1089 4272 1391 4326 venerimus
1431 4272 1495 4325 ad
1523 4272 1802 4324 transitum
1831 4290 1941 4324 ma-

3531 257 3620 310 799.

2033 415 2280 483 iacentes
2320 407 2386 461 ad
2419 407 2576 459 littus
2605 397 2817 454 maris.
2864 392 3012 446 Cum
3067 391 3271 483 autem.
3307 375 3492 483 videris
3527 391 3622 483 ,ωε

2029 467 2297 570 iacentes,
2337 504 2392 550 tu
2421 505 2664 560 exsurge
2693 497 2753 541 et
2810 490 2990 537 canta
3029 477 3086 530 in
3123 471 3358 528 canticis
3406 467 3618 526 Domino,

2035 559 2085 647 et
2117 580 2366 644 collauda
2403 597 2529 637 eum
2572 559 2669 649 qui
2705 587 2923 645 equum
2962 577 3022 622 et
3058 575 3408 619 ascensorem
3441 559 3622 612 demer-

2035 685 2105 734 sit
2138 681 2190 732 in
2227 677 2476 730 Rubrum
2521 683 2701 725 mare.
2752 663 3173 733 Applicuerunt
3194 668 3325 721 ergo
3350 651 3410 702 ad
3461 651 3625 703 amari-

2037 770 2273 822 tudines.
2310 765 2556 818 Audiens
2605 755 3040 812 amaritudines
3084 762 3194 800 non
3240 755 3627 812 pavescas,ne-

2035 873 2142 928 que
2173 855 2460 926 terrearis.
2499 850 2747 904 «Omnis
2795 845 2956 899 enim
2999 838 3251 892 eruditio
3297 833 3377 928 ἐπεὶ
3428 845 3626 898 praesens

2037 915 2143 998 non
2180 920 2399 996 videtur
2426 936 2607 990 dulcis
2645 945 2776 987 esse
2800 969 2816 994 ,
2851 927 2958 981 sed
3015 934 3235 974 amara.
3295 915 3480 968 Postea
3525 928 3630 968 vero

2036 1035 2275 1088 fruct-um
2308 1027 2691 1082 dulcissimum
2749 1031 2808 1075 et
2854 1013 3295 1088 pacatissitnum
3357 1006 3632 1058 exercitatis

2037 1139 2135 1192 per
2166 1121 2526 1187 semetipsum
2561 1114 2749 1168 reddit
2772 1108 3029 1179 justitiaa
3055 1105 3099 1163 ⁷,
3144 1121 3164 1153 ι
3196 1102 3342 1153 sicut
3379 1095 3632 1164 Apostolus

2037 1188 2220 1270 docet.
2255 1209 2502 1278 Denique
2531 1215 2590 1261 et
2639 1216 2845 1270 azyma
2905 1211 3043 1252 cum
3111 1188 3477 1246 amaritudine
3517 1188 3634 1238 vesci

2039 1302 2476 1372 przecipiuntur:
2512 1310 2616 1350 nec
2645 1302 2737 1349 est
2780 1287 3068 1361 possibile
3119 1279 3414 1352 pervenire
3447 1278 3506 1329 ad
3545 1287 3631 1328 ter-

2040 1410 2153 1447 ram
2187 1387 2654 1458 repromissionis,
2686 1385 2794 1437 nisi
2847 1395 2955 1450 per
2990 1374 3404 1432 amaritudines
3431 1380 3637 1423 transea-

2038 1495 2178 1532 mus.
2232 1457 2388 1532 Sicut
2447 1474 2596 1528 enim
2671 1470 2887 1525 medici
2957 1463 3371 1518 amaritudines
3415 1457 3634 1526 quasdam

2037 1565 2453 1624 medicamentis
2481 1564 2742 1616 inserunt
2775 1558 2996 1612 salutis
3025 1559 3330 1623 prospectu
3373 1559 3426 1603 et
3469 1549 3635 1602 sanita-

2041 1661 2111 1714 tis
2131 1657 2504 1728 languentium
2540 1693 2556 1718 ,
2597 1654 2676 1706 ita
2703 1661 2762 1705 et
2814 1649 3031 1702 salutis
3075 1651 3374 1714 prospectu
3423 1640 3635 1693 medicus

2041 1748 2347 1800 animarum
2375 1735 2701 1798 nostrarum
2743 1735 3185 1792 amaritudines
3219 1747 3320 1788 nos
3353 1730 3471 1784 vita:
3510 1729 3640 1793 hujus

2041 1837 2210 1890 voluit
2243 1835 2354 1903 pati
2399 1834 2454 1888 in
2515 1829 2760 1886 diversis
2811 1824 3280 1883 tentationibus,
3332 1821 3502 1874 sciens
3539 1819 3636 1884 quia

2044 1927 2168 1981 linis
2195 1927 2354 1996 hujus
2378 1921 2779 1978 amaritudinis
2825 1919 3048 1973 autimas
3081 1926 3295 1971 nostra:
3344 1913 3637 1967 dulcedinem

2043 2018 2234 2072 salutis
2263 2015 2514 2083 acquirat
2552 2028 2567 2064 :
2601 2013 2754 2066 sicut
2789 2019 2853 2066 et
2907 2007 3250 2064 econtrario
3280 2004 3405 2058 linis
3443 2002 3640 2055 dulcedi-

2044 2110 2126 2161 nis
2155 2121 2276 2176 quaa
2300 2114 2385 2160 est
2418 2105 2472 2157 in
2499 2103 2796 2172 voluptate
2840 2111 3163 2168 corporea,
3206 2104 3268 2149 ut
3305 2092 3481 2147 divitis
3525 2091 3640 2146 illius

2043 2195 2293 2265 exempla
2331 2196 2664 2258 docuerunt,
2698 2203 2984 2244 amarum
3015 2188 3193 2241 finem
3231 2181 3410 2239 reddit
3434 2183 3483 2236 in
3509 2181 3643 2234 infer-

2044 2303 2169 2342 ιιιιιιι
2216 2299 2523 2354 poenarum.
2557 2282 2640 2336 Τιι
2681 2296 2824 2348 ergo
2875 2279 2980 2348 qui
3025 2279 3139 2332 iter
3187 2275 3407 2330 virtutis
3451 2272 3638 2337 incedis,

2044 2396 2147 2432 non
2191 2378 2430 2445 refugias
2462 2374 2748 2442 applicare
2772 2371 2848 2424 ad
2893 2369 3339 2424 amaritudines.
3365 2365 3643 2420 Froticiscc-

2044 2472 2118 2524 ris
2146 2470 2291 2520 enim
2324 2477 2377 2520 et
2400 2467 2547 2528 inde,
2580 2467 2732 2519 sicut
2756 2473 2817 2516 et
2853 2463 2960 2516 filii
2991 2459 3195 2516 Israel.

2113 2566 2199 2619 ll.
2232 2583 2250 2614 ‹
2284 2561 2523 2617 Profecti
2560 2569 2714 2623 sunt,
2751 2558 2958 2627 inquit
2987 2557 3035 2622 ',
3065 2558 3137 2611 de
3193 2553 3562 2616 amaritudine,
3599 2557 3643 2602 et

2044 2663 2310 2709 venerunt
2336 2654 2390 2706 in
2415 2650 2618 2704 llelim.
2655 2667 2675 2700 ι
2717 2648 2920 2702 l-lelim
2950 2656 3071 2712 est,
3105 2646 3200 2700 ubi
3236 2654 3364 2700 sunt
3400 2642 3641 2698 duodecim

2043 2747 2220 2800 fontes
2245 2756 2533 2812 aquarum,
2572 2749 2630 2794 et
2661 2740 3052 2808 septuaginta
3076 2737 3204 2791 duae
3233 2737 3453 2791 arbores
3473 2734 3644 2802 palma-

2044 2852 2185 2890 rum.
2212 2835 2373 2888 Vides
2403 2841 2524 2900 post
2566 2831 3032 2896 amaritudines,
3066 2839 3198 2898 post
3219 2828 3525 2900 asperitates
3549 2835 3645 2877 ten-

2045 2927 2332 2988 tationum,
2370 2939 2534 2991 quam
2573 2931 2626 2977 te
2678 2935 2922 2976 amoena
2987 2922 3317 2990 suscipiunt
3378 2919 3506 2972 loca.
3548 2914 3641 2967 Non

2046 3017 2288 3070 venisses
2317 3017 2383 3069 ad
2409 3014 2645 3082 palmas,
2685 3015 2793 3068 nisi
2833 3013 3237 3068 tentationum
3295 3006 3643 3064 amaritudines

2047 3106 2358 3169 pertulisses
2385 3145 2400 3170 ,
2436 3118 2536 3158 nec
2567 3105 2836 3158 venisses
2867 3105 2945 3157 ad
3004 3103 3365 3157 dulcedinem
3427 3098 3643 3154 fontium.

2046 3197 2149 3250 nisi
2178 3197 2326 3265 prius
2359 3209 2481 3263 quae
2509 3194 2695 3248 tristia
2736 3192 2986 3247 fuerant
3018 3202 3079 3247 et
3106 3207 3308 3262 aspera
3329 3198 3639 3259 superasses:

2046 3301 2150 3341 non
2179 3284 2410 3354 quoiam
2443 3283 2571 3336 ﬁnis
2603 3286 2678 3336 sit
2745 3283 2802 3335 in
2858 3284 2956 3337 his
3012 3284 3267 3343 itineris,
3330 3291 3385 3336 et
3421 3274 3641 3346 perfectio

2047 3384 2364 3429 cunctorum
2400 3388 2414 3437 ;
2473 3371 2570 3424 sed
2641 3370 3028 3439 dispensator
3070 3372 3388 3425 animarum
3435 3369 3556 3421 Deus
3595 3361 3639 3416 ia

2049 3466 2160 3532 ipso
2197 3463 2393 3515 itinere
2423 3461 2719 3516 interserit
2759 3460 3079 3516 laboribus
3103 3465 3277 3518 etiam
3315 3460 3543 3530 quaedam
3573 3460 3635 3507 rc-

2047 3552 2285 3621 frigeria,
2313 3550 2514 3617 quibus
2531 3548 2712 3602 refota
2744 3550 2949 3604 anima
2981 3561 3043 3605 et
3078 3560 3359 3620 reparata,
3385 3541 3638 3618 promptior

2048 3641 2320 3695 redeatad
2355 3638 2599 3717 reliquos
2631 3630 2892 3694 labores.
2937 3641 3133 3695 llelim
3181 3652 3366 3694 autem
3416 3639 3642 3703 interpre-

2049 3739 2189 3781 tatur
2214 3728 2403 3781 arietes
2437 3727 2575 3796 (81).
2606 3727 2836 3780 Arietes
2876 3729 3066 3783 duces
3101 3739 3235 3782 sunt
3293 3743 3525 3800 gregum.
3559 3719 3640 3787 Qui

2045 3827 2170 3871 sunt
2198 3831 2327 3884 ergo
2365 3817 2533 3869 duces
2590 3813 2784 3880 gregis
2816 3813 3049 3870 Christi
3079 3856 3095 3880 ,
3151 3817 3258 3870 nisi
3293 3812 3528 3884 apostoli,
3567 3809 3638 3874 «ιιιί

2047 3918 2174 3962 sunt
2204 3917 2260 3960 et
2295 3905 2580 3959 duodecim
2616 3903 2808 3958 fontes
2835 3905 2864 3958 ?
2919 3905 3140 3960 Verum
3176 3907 3433 3976 quoniam
3462 3917 3550 3955 non
3570 3913 3639 3951 sc-

2048 4000 2156 4051 lum
2191 3997 2309 4050 illos
2332 3995 2622 4048 duodecim
2649 3995 2828 4063 elegit
2865 3997 3158 4050 Dominus
3202 4007 3261 4052 et
3307 3997 3538 4050 Salvator
3563 4003 3639 4040 no-

2047 4097 2177 4153 ster,
2205 4087 2297 4139 sed
2325 4095 2380 4138 et
2403 4085 2540 4138 alios
2562 4087 2936 4153 septuaginta
2970 4089 3147 4152 duos,
3186 4088 3394 4141 idcirco
3441 4097 3535 4136 non
3569 4092 3638 4129 sn-

2048 4179 2155 4230 lum
2187 4175 2474 4229 duodecim
2503 4174 2714 4236 fontes,
2743 4179 2846 4230 sed
2891 4189 2951 4232 et
2979 4181 3347 4248 septuaginta
3383 4176 3491 4228 dure
3514 4169 3640 4223 arbo-

2050 4281 2136 4319 res
2164 4265 2478 4318 scribuntur
2509 4279 2631 4317 esse
2665 4266 3031 4333 palmarum,
3062 4279 3122 4322 et
3161 4269 3266 4337 ipsi
3291 4267 3428 4320 enim
3451 4256 3637 4330 apostoli

406 4357 504 4420 ris,
529 4357 739 4410 etiamsi
785 4359 1054 4413 videamus
1089 4361 1415 4414 Pharaonem
1448 4371 1500 4414 et
1531 4361 1809 4431 Egyptios
1863 4364 1942 4415 iu-
1974 4375 2018 4429 ι)
2049 4356 2418 4419 nominantur,
2445 4357 2590 4409 sicut
2622 4365 2682 4410 et
2732 4358 2862 4424 ipse
2925 4358 3154 4422 Paulus
3201 4360 3405 4424 dicit’,
3453 4368 3557 4409 cum
3590 4353 3640 4401 de

407 4455 714 4514 sequentes,
749 4447 877 4500 nihil
909 4450 1253 4516 trepidamus,
1289 4453 1466 4506 nullus
1496 4454 1560 4506 de
1616 4453 1698 4506 his
1745 4463 1941 4515 metus,

406 4535 553 4589 nulla
586 4534 811 4588 formido
835 4536 922 4589 sit.
947 4537 1240 4593 Credamus
1263 4550 1464 4594 tantum
1490 4544 1543 4596 in
1573 4557 1732 4594 unum
1760 4558 1940 4595 verum

407 4626 600 4688 Deum,
631 4633 682 4678 et
712 4639 868 4691 quem
900 4626 1043 4677 misit
1083 4627 1273 4681 Filium
1329 4645 1482 4682 suum
1533 4629 1712 4684 Jesum
1781 4631 1944 4700 380

407 4712 699 4768 Christum.
735 4713 882 4778 Quod
905 4723 956 4766 et
985 4716 1027 4768 si
1054 4717 1260 4770 dicatur
1282 4720 1501 4788 populus
1526 4720 1632 4774 Deo
1653 4722 1943 4775 credidisse

409 4812 463 4856 et
489 4803 689 4856 famqu
723 4805 836 4871 ejus
866 4805 1051 4874 Moysi,
1078 4809 1347 4862 credimus
1397 4821 1448 4862 et
1508 4825 1604 4862 nos
1649 4814 1940 4864 secundmn

412 4895 512 4946 hoc
541 4894 700 4946 etiam
738 4891 926 4962 Moysi,
967 4895 1015 4946 id
1069 4906 1149 4949 est
1228 4897 1328 4966 legi
1391 4897 1483 4951 Dei
1534 4907 1585 4949 et
1643 4899 1942 4964 prophetis.

411 4984 678 5038 Constans
701 4998 827 5049 ergo
852 4995 988 5046 esto,
1011 4995 1063 5037 et
1098 4987 1252 5052 paulo
1285 4996 1403 5054 post
1432 4986 1633 5038 videbis
1669 4984 1946 5053 Egyptios

482 5075 505 5107 τ
545 5075 704 5130 Hebr.
734 5089 828 5138 xu,
861 5075 944 5129 Η.
1036 5078 1059 5109 ⁸
1098 5077 1250 5131 Num.
1278 5093 1472 5141 xxxiii,
1502 5076 1555 5130 9.
1613 5076 1634 5106 '
1664 5075 1684 5126 ι
1709 5077 1828 5130 Cor.
1856 5095 1944 5134 xv.

486 5185 598 5251 (78)
639 5183 665 5237 Ι
675 5185 783 5236 roth
808 5184 948 5239 vicus
973 5185 1356 5251 interpretatur.
1385 5185 1439 5238 lu
1474 5184 1697 5238 Hebrteo
1725 5183 1958 5240 habetur

415 5263 558 5314 mm
590 5271 607 5304 ι
645 5254 850 5312 lliroth.
893 5273 912 5304 ι
944 5257 1079 5322 apud
1108 5255 1267 5314 LXX,
1314 5251 1675 5323 Εἰρὼθησιςιιιι
1717 5266 1853 5323 _ver_o
1909 5258 1953 5308 si

420 5323 654 5383 litteran
691 5334 925 5376 mutatur
952 5319 1002 5376 in
1035 5333 1072 5386 ν
1097 5335 1150 5377 et
1193 5319 1484 5375 masculina
1517 5319 1682 5372 forma
1716 5319 1766 5370 in
1805 5319 1958 5374 femi-

421 5391 792 5459 ninam,lr_'0th
834 5388 1018 5445 deduci
1075 5392 1270 5459 poterit
1331 5392 1394 5441 ah
1434 5398 1534 5451 1'?
1581 5387 1718 5459 quod
1767 5388 1958 5459 plurali

422 5470 643 5580 ginem
673 5457 845 5512 Judic.
876 5476 927 5524 κ,
959 5462 1012 5525 4,
1039 5456 1310 5529 significat
1341 5459 1542 5519 «villas,
1570 5457 1764 5518 vit-08,»
1793 5456 1958 5508 ὲπαύ-

485 5539 496 5569 ι

493 5588 598 5648 (79)
647 5590 953 5657 Beelrephon
1012 5597 1380 5649 iutervretatur
1427 5593 1653 5646 ascensio
1701 5592 1946 5652 speculan

2051 4449 2450 4501 resurrectione
2475 4446 2797 4502 Salvatoris
2838 4462 3194 4517 exponeret.
3243 4451 3426 4510 Visus,
3482 4442 3639 4510 inquit.

2051 4546 2133 4591 est
2158 4537 2266 4590 illis
2290 4537 2564 4602 undecim,
2596 4537 2805 4590 deinde
2842 4543 3119 4606 apparuit
3154 4550 3210 4596 et
3249 4539 3491 4595 omnibus
3536 4546 3639 4598 apo-

2050 4627 2225 4679 stolis.
2278 4625 2333 4678 ln
2393 4641 2502 4693 quo
2555 4629 2807 4680 ostendit
2863 4645 2997 4683 esse
3060 4642 3119 4685 et
3186 4632 3325 4684 alios
3387 4622 3637 4695 apostolos.

2049 4718 2290 4784 exceptis
2317 4716 2424 4771 illis
2452 4717 2778 4770 duodecim.
2829 4721 2964 4774 llzcc
3000 4731 3055 4776 te
3083 4738 3220 4792 ergo
3249 4720 3521 4777 ammuitas
3545 4717 3638 4781 posl

2052 4809 2492 4872 amaritudinem,
2527 4811 2647 4862 haec
2674 4818 2730 4863 te
2770 4813 3006 4882 requies
3036 4825 3165 4882 post
3191 4815 3455 4875 laborem,
3478 4811 3573 4860 It:th
3600 4814 3638 4850 Ic

2053 4898 2226 4967 gratia
2275 4908 2398 4968 post
2427 4906 2782 4954 tentamenta
2839 4903 3142 4971 suscipiet.
3182 4922 3201 4955 ι
3261 4899 3486 4958 Profecti
3518 4904 3634 4950 sunt.

2055 4989 2323 5057 inquit”,
2362 4990 2430 5044 de
2477 4989 2697 5058 Helim,
2743 5003 2806 5048 et
2868 4995 3272 5063 applicuerunt
3319 4995 3468 5062 juxta
3515 4999 3637 5042 mare

2024 5086 2067 5116 '°
2089 5081 2268 5155 Num.
2287 5099 2482 5146 xxxiii,
2507 5082 2598 5135 ιι).

2178 5199 2368 5311 ιξηνὶεο
2396 5195 2478 5248 ΑΙ)
2504 5178 2618 5259 τὼν
2647 5182 2667 5247 ά
2695 5197 2974 5264 ascendit,
3011 5216 3033 5251 ι
3077 5208 3140 5254 et
3167 5210 3291 5264 nar
3331 5192 3634 5267 «speculam!

2127 5331 2242 5404 (80)
2283 5331 2334 5384 Μ
2343 5333 2600 5404 agdalum
2627 5337 2777 5391 enim
2804 5335 3218 5404 magniﬁcentia
3243 5339 3454 5391 dicitur.
3490 5327 3630 5386 Radix

2053 5403 2260 5495 051513:
2286 5443 2321 5495 ί
2350 5441 2608 5495 maguum
2645 5444 2800 5493 esse,
2831 5427 2908 5480 vel
2953 5426 3102 5479 fieri.
3137 5445 3156 5478 ι

2128 5479 2259 5559 (8ιῇ⁷
2279 5492 2322 5545 ﬂ
2335 5479 2473 5549 eliui’
2501 5479 2703 5549 uiuent—
2717 5479 3120 5564 ‘ivruerpretatur
3179 5499 3389 5552 arietes.
3420 5479 3508 5553 5m
3531 5509 3547 5542 ι
3584 5501 3630 5542 a-

2055 5577 2189 5633 ries.
2235 5601 2256 5634 »
2300 5583 2504 5644 Plural.
2535 5573 2714 5650 D’S’te
2750 5612 2768 5644 ι
2812 5590 3025 5647 arietes.
3067 5592 3088 5637 ἡ
