3822 6228
185 263 333 436 4έῖ

1436 350 1505 404 IN
1545 351 1872 406 NUMEROS
1904 351 2178 434 "omni
2208 347 2424 405 XXVII.

3421 356 3522 411 794

217 441 523 542 ρὶᾧτὶὶῑῖὶ·
553 454 576 491 ν
612 432 866 542 θὶδξεγηὶ
909 451 1058 518 quia
1091 455 1217 524 jam
1253 476 1364 516 non
1420 467 1618 518 intrant
1651 467 1702 519 in
1731 479 1878 520 mare
1906 471 1951 537 Α
1977 479 2300 535 unaquaque
2373 460 2418 514 si
2471 476 2575 531 qua
2635 480 2698 519 ex
2745 469 3015 520 nominmn
3068 469 3519 536 contemplatione

248 532 725 622 ﬁttbttttnﬁemel
755 539 992 595 tantum
1023 546 1250 604 sulﬁcit
1299 552 1554 618 intrasse,
1587 556 1740 608 modo
1764 553 1872 620 jam

283 629 734 711 applicantjuxta
765 643 951 696 mare,
983 645 1050 688 ut
1101 637 1338 694 videant
1375 644 1586 711 quidem
1622 657 1791 705 mare,
1823 652 1875 695 et

292 731 476 791 nudas
514 725 627 794 eius
673 719 991 792 aspiciant,
1047 741 1404 798 nequaquam
1463 741 1638 785 tamen
1699 739 1876 784 motus

302 828 481 893 ipsius
499 832 552 877 et
573 822 802 888 impetus
829 816 1267 886 pertimescant.
1304 839 1322 872 ι
1356 821 1417 881 Et
1443 821 1664 890 profecti
1692 834 1816 878 sunt
1845 839 1874 878 a

301 911 496 965 Rubro
531 907 686 969 mari,
713 913 768 959 et
828 903 1220 972 applicuerunt
1286 908 1341 960 in
1375 909 1587 963 deserto
1635 909 1728 963 Sin
1761 911 1816 961 ι’.
1850 929 1869 962 ι

300 1001 402 1055 Sin
443 996 1046 1062 rnbusiuterpretatur,
1095 995 1213 1049 sive
1257 1000 1470 1050 tentatio
1504 997 1638 1067 (82).
1687 999 1875 1067 Incipit

293 1103 437 1152 ergo
474 1088 573 1140 tibi
596 1086 707 1153 jam
741 1083 988 1137 arridere
1017 1085 1287 1138 bonorum
1321 1100 1462 1154 spes.
1512 1087 1638 1152 Qua:
1666 1097 1746 1142 est
1775 1104 1873 1140 au-

293 1184 410 1227 tem
454 1176 726 1228 bonorum
755 1173 928 1238 spes?
965 1174 1040 1225 De
1069 1174 1208 1225 rubo
1235 1175 1481 1241 apparuit
1518 1176 1792 1237 Dominus,
1818 1183 1870 1228 et

285 1277 573 1330 respousa
597 1261 742 1314 dedit
779 1260 972 1329 Moysi,
1000 1270 1054 1313 et
1104 1261 1301 1315 dehinc
1348 1261 1555 1317 initium
1600 1263 1868 1316 visitatio-

285 1352 385 1406 nis
419 1351 635 1404 factum
666 1365 695 1403 ι
727 1350 964 1405 Domino
990 1351 1057 1404 ad
1091 1351 1232 1405 lilios
1270 1361 1352 1406 est
1381 1351 1564 1406 Israel.
1613 1352 1716 1406 Sed
1771 1367 1875 1407 non

278 1442 478 1496 otiose
506 1441 608 1495 Sin
645 1441 812 1495 etiam
845 1442 1061 1494 tentatio
1107 1441 1509 1511 interpretatur.
1541 1445 1690 1499 Solet
1730 1444 1874 1499 enim

279 1532 348 1583 in
384 1531 705 1582 visionibus
723 1542 848 1582 esse
889 1529 1136 1582 tentatio.
1166 1529 1297 1583 Nam
1351 1546 1726 1601 nonnunquam
1778 1548 1874 1586 an-

278 1619 454 1686 gelus
479 1618 801 1686 iniquitatis
849 1618 1200 1686 transﬁgurat
1227 1635 1288 1674 se
1339 1620 1392 1672 in
1418 1622 1657 1689 angelum
1711 1622 1867 1675 lucis.

277 1711 359 1763 Et
387 1710 516 1762 ideo
561 1710 876 1762 cavendum
926 1717 1027 1772 est,
1077 1717 1132 1762 et
1185 1709 1409 1764 sollicite
1459 1713 1719 1780 agendum
1750 1753 1763 1774 ,
1814 1723 1871 1766 ut

1974 561 2349 621 suggeruntur,
2377 553 2587 618 aperire
2627 570 2640 605 :
2681 555 2908 608 strictim
2956 565 3144 610 tamen.
3180 568 3234 610 et
3279 559 3519 612 breviter

1971 654 2372 710 percurremus,
2403 648 2462 692 ut
2491 654 2595 694 non
2631 650 2736 694 tam
2785 642 2994 709 plenam
3034 644 3185 697 vobis
3218 647 3518 713 expositio-

1973 747 2116 797 nem,
2143 732 2264 800 quia
2290 729 2509 784 minime
2539 731 2590 784 id
2627 741 2834 798 tempus
2858 733 3118 799 indulget,
3160 737 3250 786 sed
3279 737 3516 789 occasiu-

1975 836 2069 874 nes
2094 823 2145 874 in
2175 821 2255 875 eis
2287 821 2650 887 intelligentiae
2688 823 3039 889 praebeamus.
3095 823 3516 879 Proﬁciseuntur

1973 909 2129 978 381
2156 923 2283 979 ergo
2313 923 2377 962 ex
2407 908 2673 976 Raphaca.
2697 918 2749 962 et
2781 909 2998 962 veniunt
3051 910 3100 961 in
3139 909 3321 963 l‘Ialus.
3356 911 3515 964 l-lalas

1975 1001 2176 1053 labores
2207 1001 2626 1068 interpretantur
2663 999 2796 1067 (85).
2832 997 2940 1052 Nec
2984 1000 3196 1052 mireris
3236 1001 3279 1053 si
3317 1001 3518 1053 sanita-

1977 1098 2082 1142 tem
2113 1096 2406 1155 sequuntnr
2438 1087 2667 1142 labores.
2702 1086 2986 1156 Propterea
3015 1087 3154 1140 enim
3186 1097 3239 1140 et
3263 1088 3516 1154 adipisci-

1976 1186 2064 1230 tur
2091 1191 2118 1228 a
2156 1177 2380 1230 Domino
2411 1176 2588 1228 anima
2614 1177 2924 1238 sanitatem,
2960 1185 3017 1228 ut
3043 1176 3255 1230 labores
3289 1177 3519 1230 delecta-

1975 1264 2152 1319 biliter
2187 1273 2239 1317 et
2282 1278 2384 1317 non
2421 1263 2586 1316 invita
2615 1263 2887 1330 suscipiat.
2930 1263 3134 1317 Dicitur
3159 1264 3300 1316 enim
3337 1265 3384 1318 ei
3426 1265 3514 1321 “:

1979 1371 1999 1404 ι
2054 1354 2288 1407 Labores
2340 1353 2604 1406 fructuum
2651 1363 2862 1405 tuorum
2910 1353 3274 1414 manducabis,
3332 1354 3515 1406 beatus

1975 1456 2053 1506 es,
2087 1452 2139 1495 et
2178 1444 2309 1496 bene
2343 1443 2434 1496 tibi
2463 1442 2587 1496 erit.
2633 1461 2650 1492 ›
2687 1443 2814 1494 Post
2853 1443 2965 1494 bazc
2992 1442 3210 1494 veniunt
3237 1443 3286 1495 in
3314 1441 3513 1509 Raphi-

1975 1532 2086 1583 din.
2118 1530 2502 1600 Interpretatur
2524 1541 2698 1584 autem
2740 1531 3000 1598 Ilapbidin
3025 1531 3142 1582 laus
3160 1532 3354 1598 judicii
3381 1533 3515 1601 (86).

1974 1619 2277 1674 Justissime
2301 1621 2416 1674 laus
2449 1621 2686 1689 sequitur
2715 1629 2830 1688 post
2864 1620 3073 1673 labores
3107 1639 3121 1674 :
3155 1622 3304 1689 cujus
3338 1632 3512 1674 tamen

1979 1711 2050 1763 rei
2087 1710 2241 1763 laus?
2275 1708 2488 1773 Judicii,
2515 1711 2703 1776 inquit.
2739 1710 2825 1764 Fit
2858 1725 2984 1778 ergo
3027 1710 3184 1764 laude
3213 1713 3367 1779 digna
3397 1712 3515 1763 ani-

278 1801 546 1852 scienter
580 1799 874 1853 discernas
911 1797 1177 1852 visionum
1210 1814 1394 1867 genus,
1434 1800 1572 1854 sicut
1608 1811 1658 1854 et
1712 1801 1868 1855 Iesus
1906 1799 1947 1851 Β
1980 1815 2062 1852 ma
2085 1815 2200 1865 quae
2233 1810 2375 1853 recte
2399 1799 2624 1865 judicat,
2661 1810 2801 1854 recte
2841 1800 3114 1863 discernit,
3165 1801 3214 1852 id
3266 1811 3348 1854 est
3395 1817 3515 1870 qua:

273 1889 470 1952 Nave,
495 1903 623 1942 cum
659 1889 929 1943 visionem
951 1889 1177 1951 videret,
1201 1889 1374 1942 sciens
1403 1905 1520 1944 esse
1555 1891 1605 1944 in
1635 1896 1734 1946 hoc
1759 1901 1876 1947 ten-

272 1979 596 2040 tationem,
623 1979 816 2031 statim
847 1978 1166 2045 requiritab
1197 1993 1261 2032 eo
1285 1979 1374 2046 qui
1399 1981 1644 2046 apparuit
1684 1990 1736 2035 et
1783 1984 1866 2035 di-

269 2069 365 2121 cit
393 2069 442 2099 "
477 2086 492 2120 :
539 2087 559 2118 ‹
601 2067 808 2121 Noster
840 2081 919 2131 es,
957 2082 1023 2118 an
1055 2068 1481 2123 adversariorum
1509 2070 1531 2121 ?
1564 2087 1582 2120 ι
1635 2069 1711 2123 Ita
1745 2086 1872 2139 ergo

267 2167 334 2211 et
364 2156 680 2224 proﬁciens
717 2155 900 2208 anima
932 2154 1021 2206 ubi
1069 2155 1134 2206 ad
1169 2155 1218 2207 id
1273 2157 1480 2210 venerit
1509 2157 1617 2226 (85)
1665 2168 1722 2210 ut
1767 2159 1873 2226 jam

267 2244 532 2312 incipiat
555 2243 951 2295 discretionem
982 2241 1180 2294 habere
1203 2241 1492 2308 visionum,
1521 2245 1644 2299 inde
1679 2247 1874 2314 proba-

269 2334 447 2387 bitur
511 2330 792 2399 spiritalis
839 2345 1009 2392 esse,
1055 2331 1096 2381 si
1146 2330 1248 2383 scit
1299 2333 1479 2384 omnia
1539 2333 1863 2387 discernere.

268 2421 508 2474 Idcirco
533 2419 784 2484 denique
812 2427 865 2470 et
903 2417 1044 2469 inter
1083 2416 1218 2468 dona
1265 2417 1553 2482 spiritalia,
1605 2435 1766 2472 unum
1811 2435 1874 2472 ex

268 2512 458 2563 donis
485 2508 672 2562 sancti
703 2507 945 2574 Spiritus
973 2520 1092 2560 esse
1125 2514 1453 2559 memoratur
1478 2508 1729 2562 discretio
1770 2510 1875 2577 spi-

271 2601 323 2653 ti
336 2610 528 2653 tuum.

357 2709 463 2761 12.
497 2725 515 2758 ι
555 2707 800 2760 Profecti
831 2721 962 2761 vero
988 2722 1050 2761 ex
1080 2706 1296 2762 deserto
1351 2706 1467 2769 Sin,
1508 2716 1769 2760 venerunt
1823 2707 1873 2760 in

275 2797 561 2865 Raphaca
593 2796 664 2846 ⁸³.
704 2814 723 2846 ι
781 2794 1037 2862 Raphaca
1083 2797 1463 2864 interpretatur
1503 2797 1698 2847 sanitas
1742 2796 1871 2864 (84).

279 2887 469 2941 Vides
493 2886 756 2938 ordinem
785 2883 1150 2952 prol‘ectuum,
1177 2884 1441 2950 quomodo
1468 2883 1556 2935 ubi
1608 2883 1718 2949 jam
1768 2885 1875 2951 spi-

277 2978 485 3030 ritalis
511 2974 753 3028 eﬂieitur
791 2973 994 3030 anima.
1047 2981 1102 3026 et
1149 2973 1526 3026 discretionem
1577 2971 1872 3024 caelestium

274 3067 532 3134 coeperit
567 3062 779 3116 habere
823 3063 1134 3126 visionum,
1180 3062 1426 3128 pervenit
1469 3059 1532 3112 ad
1568 3060 1870 3121 sanitatem,

275 3165 338 3206 ut
368 3153 588 3206 merito
615 3151 767 3204 dicat
794 3149 838 3181 “
870 3167 884 3202 :
923 3168 941 3200 α
988 3149 1272 3202 Benedicat
1305 3147 1479 3200 anima
1527 3161 1638 3199 mea
1693 3146 1872 3199 Domi-

274 3264 453 3311 num,
485 3257 542 3298 et
568 3244 758 3296 omnia
790 3243 1045 3296 interiora
1077 3257 1189 3294 mea
1215 3255 1406 3293 nomen
1431 3249 1671 3292 sanctum
1697 3239 1862 3306 ejus»

273 3337 471 3400 Quem
516 3332 812 3385 Dominum
843 3331 866 3382 τ
895 3348 914 3380 s
945 3329 1044 3394 Qui
1083 3340 1258 3389 sanat,
1305 3328 1501 3395 inquit,
1529 3341 1714 3380 omnes
1758 3325 1871 3377 lan—

274 3436 495 3488 priores
514 3431 665 3481 tuos,
692 3419 787 3485 qui
821 3418 1036 3472 redimit
1064 3418 1128 3470 de
1160 3417 1378 3470 interitu
1407 3416 1566 3468 vitam
1599 3424 1742 3468 tuam
1770 3415 1864 3466 ι’.»

275 3510 440 3566 Sunt
467 3511 616 3563 enim
650 3507 810 3561 multi
843 3508 1127 3575 languores
1155 3508 1366 3559 animm.
1387 3505 1622 3557 Avaritia
1649 3503 1872 3572 languor

273 3602 404 3665 cjus
445 3606 553 3658 est,
580 3605 640 3649 et
663 3594 889 3662 quidem
921 3595 1205 3662 pessimus.
1235 3593 1518 3660 Superbia,
1542 3593 1642 3656 ira,
1666 3593 1873 3660 jactan-

276 3687 381 3746 tia,
435 3684 707 3748 formido,
770 3681 1156 3743 inconstantia,
1203 3680 1632 3748 pusillanimitas,
1667 3689 1723 3732 et
1778 3682 1870 3732 bu-

275 3789 406 3824 rum
435 3772 671 3826 similia.
704 3769 936 3834 Quando
965 3783 1069 3830 me,
1097 3769 1314 3821 Domine
1337 3765 1484 3831 Jesu,
1507 3768 1572 3821 ab
1597 3769 1676 3821 bis
1697 3768 1872 3822 omni-

274 3863 386 3916 bus
415 3861 789 3930 languoribus
816 3857 1033 3911 curabis
1059 3858 1082 3910 ?
1105 3858 1327 3922 Quando
1375 3857 1616 3920 sanabis,
1669 3867 1726 3909 ut
1775 3871 1872 3924 ego

272 3953 464 4004 dicam
492 3969 508 4003 ε
555 3967 575 4000 s
623 3947 898 4009 Benedic,
929 3948 1104 4000 anima
1137 3962 1277 4010 mea,
1305 3947 1584 3999 Dominum
1609 3947 1697 4013 qui
1721 3955 1874 3999 sanat

272 4057 477 4097 Omnes
505 4041 823 4110 Ianguores
859 4047 998 4102 tuos,
1038 4056 1057 4088 ι
1087 4047 1142 4088 ut
1177 4038 1373 4105 possim
1415 4045 1468 4090 et
1496 4051 1594 4105 ego
1640 4037 1868 4090 mansio.

271 4147 347 4184 ne
375 4154 402 4176 τι
437 4130 630 4184 facere
662 4130 720 4181 in
747 4126 1024 4194 Rapbaea,
1055 4128 1197 4194 quod
1223 4135 1305 4180 est
1353 4127 1592 4179 sanitas?
1635 4123 1868 4194 Longum

268 4231 360 4273 est
386 4221 436 4274 si
479 4221 738 4275 velimus
781 4217 865 4271 ire
909 4231 1006 4285 per
1055 4217 1290 4285 singulas
1341 4216 1664 4280 mansiones,
1707 4226 1760 4267 et
1807 4228 1871 4266 ex

346 4379 395 4410 "
425 4379 587 4436 Num.
639 4392 822 4440 xxxii,
864 4376 949 4428 ll.
1028 4373 1201 4428 “Jos.
1227 4389 1277 4440 v,
1307 4374 1392 4426 1⁷5.

344 4536 593 4618 (ξὲ)8έη
625 4536 796 4586 rubus
819 4533 1216 4618 interptzetatur,
1260 4530 1649 4618 siveteiimti‘o."
1673 4531 1857 4582 Ilubus
1892 4537 1931 4587 D

263 4598 487 4672 quidem
546 4621 581 4656 a
628 4614 765 4663 tuo,
825 4601 1055 4672 tentatio
1098 4611 1271 4672 autem
1323 4614 1348 4650 a
1377 4605 1476 4656 no:
1509 4616 1525 4647 ι
1559 4598 1784 4662 tollere,
1837 4618 1854 4648 ι

262 4669 424 4742 (illud
446 4676 488 4727 in
519 4676 660 4742 Pili.
693 4669 974 4742 signiﬁcat
1013 4686 1030 4716 ι
1067 4669 1360 4742 lettlavil._t

338 4741 457 4810 (85)
484 4744 559 4796 Ρι
578 4734 816 4810 oﬁeiens
845 4737 1030 4786 anima
1057 4734 1140 4785 ubi
1166 4738 1229 4810 ait
1260 4736 1333 4810 _id
1376 4736 1587 4810 venerit.
1638 4735 1726 4789 Sic
1767 4736 1867 4810 ba-

260 4811 404 4862 bent
433 4804 563 4866 mss.
603 4804 765 4860 Libri
797 4817 932 4856 vero
960 4811 1120 4854 antea
1135 4804 1296 4866 'cditi,
1335 4821 1352 4853 ι
1389 4805 1734 4870 proﬁciscens
1753 4804 1866 4855 ani-

259 4895 352 4930 ma
387 4881 467 4929 ubi
503 4874 845 4933 aIIVtrnerit.
886 4889 908 4920 ι

330 4944 450 5016 (84)
469 4945 755 5016 Bap/mea
785 4943 1169 5016 interpretatur
1189 4940 1489 5016 sanitas._ln
1516 4939 1754 5016 _l_I_ebr_:go
1794 4939 1866 4992 Ie-

253 5005 649 5078 gititr'hot'lie
686 5017 848 5088 apri
880 5022 902 5055 ι
941 5005 1178 5069 Dopbca.
1217 5023 1235 5055 ι
1267 5009 1417 5075 Apud
1471 5007 1611 5060 LXX
1670 5008 1866 5074 Ῥαφα-

254 5104 360 5160 κά,
390 5111 602 5167 nempe
631 5096 820 5150 Ilescb
840 5105 944 5167 pro
973 5089 1158 5167 D_aletb
1191 5091 1457 5167 legebant.
1480 5095 1553 5167 Si
1579 5105 1753 5167 autem
1779 5110 1865 5147 so—

255 5170 367 5218 Iins
402 5159 533 5221 seni.
556 5159 1158 5233 litteraruntltabetur
1183 5163 1334 5233 _ratio
1357 5201 1370 5220 .
1426 5163 1671 5233 Iiaphaca
1713 5163 1868 5214 inter-

260 5239 462 5302 pret-iri
489 5239 684 5302 potest
705 5249 725 5278 ‹
753 5227 1250 5281 εθηίιίιεηεινθὼο
1278 5238 1393 5288 διε-π
1419 5249 1434 5281 ι
1467 5227 1680 5284 sanavit
1711 5266 1726 5291 ,
1774 5248 1869 5283 cu.

287 5315 459 5352 εηηι.»

258 5318 659 5435 ΐδῖἕέἶιιαίιιε
693 5367 932 5435 labores
987 5356 1406 5435 interpretantur.
1450 5365 1609 5417 Forte
1756 5349 1866 5428 vi)”

262 5453 284 5484 s
305 5425 644 5494 molestavit,
684 5425 1118 5498 mo'esleilt‘sit.
1149 5443 1165 5473 ι
1193 5425 1300 5498 Nec
1323 5432 1490 5484 obstat
1514 5432 1656 5498 quod
1689 5433 1737 5484 in
1757 5425 1862 5485 lle-

246 5503 397 5553 ὺηεο
420 5486 600 5560 lialus
630 5486 762 5550 ἰιοιι
793 5503 906 5556 per
932 5486 1116 5542 Tsade
1145 5495 1234 5544 sed
1263 5511 1349 5560 per
1379 5486 1548 5552 Scbin-
1584 5501 1859 5552 scribitur.

235 5567 578 5642 Plerumque
603 5561 1429 5642 eniutxctffffflymologistte
1446 5569 1507 5620 ad
1531 5567 1702 5620 solum
1728 5569 1866 5624 litte-

229 5620 668 5696 nmna's‘onum
705 5620 1128 5678 attendebant.’
1288 5620 1316 5631 ‘
1453 5645 1463 5655 ι

1469 4375 1510 4404 ¹³
1535 4373 1685 4425 Nam.
1714 4383 1903 4442 xvxtt‘t,
1935 4371 2016 4427 l2.

1981 1890 2290 1956 spiritaliter
2335 1889 2586 1954 dijudicat
2632 1891 2830 1952 omnia,
2860 1899 2913 1943 et
2945 1890 3059 1958 ipsa
3084 1905 3111 1942 a
3143 1891 3351 1944 nemine
3382 1892 3517 1958 diju-

1979 1979 2210 2030 dicatur.
2272 1977 2398 2031 Post
2453 1978 2564 2033 haec
2605 1981 2914 2047 pervenitur
2966 1980 3017 2032 in
3067 1980 3333 2032 desertum
3367 1981 3512 2034 Sina.

1981 2067 2106 2120 Sina
2137 2068 2247 2134 ipse
2285 2067 2497 2135 quidem
2529 2069 2675 2123 locus
2698 2079 2778 2123 est
2806 2070 3026 2133 deserti,
3051 2086 3206 2137 quem
3234 2086 3391 2140 supra
3421 2071 3514 2125 Sin

1980 2157 2289 2210 memoravit
2328 2173 2343 2208 :
2394 2157 2486 2210 sed
2537 2157 2622 2209 bic
2666 2159 2832 2225 magis
2873 2159 3020 2212 locus
3072 2159 3286 2222 montis,
3325 2160 3414 2227 qui
3462 2161 3514 2212 in

1979 2251 2094 2320 ipso
2126 2251 2336 2304 deserto
2375 2259 2474 2309 est.
2500 2249 2794 2318 appellatur
2832 2269 2846 2303 :
2884 2251 2972 2318 qui
3026 2252 3183 2304 etiam
3217 2252 3326 2318 ipse
3356 2267 3511 2304 voca-

1979 2339 2100 2393 bulo
2150 2338 2344 2392 deserti
2387 2337 2511 2390 Sina
2563 2340 2884 2389 nominatur.
2913 2337 3191 2404 Postquam
3223 2351 3350 2402 ergo
3401 2336 3516 2387 lau-

1976 2427 2168 2481 dabilis
2222 2427 2403 2494 iudicii
2467 2425 2606 2478 facta
2635 2435 2716 2478 est
2769 2426 2964 2488 anima,
3017 2432 3070 2476 et
3114 2435 3310 2476 rectum
3353 2425 3512 2490 cmpit

1977 2518 2175 2571 habere
2224 2517 2500 2583 judicium,
2559 2524 2682 2567 tunc
2724 2515 2772 2568 ei
2825 2514 2982 2566 datur
3029 2515 3112 2567 lex
3161 2530 3188 2566 a
3226 2513 3352 2575 Deo,
3393 2529 3512 2566 cum

1973 2623 2145 2673 capax
2224 2620 2342 2659 esse
2409 2604 2631 2671 cceperit
2701 2615 3029 2657 secretorum
3097 2603 3392 2656 divinorum
3463 2613 3514 2654 et

1973 2697 2263 2750 caelestium
2307 2694 2587 2746 visionum.
2631 2692 2755 2746 Inde
2812 2693 3020 2745 venitur
3066 2692 3132 2744 ad
3177 2700 3514 2745 monumenta

1973 2786 2434 2853 concupiscentia}.
2496 2781 2631 2846 Quid
2699 2790 2781 2834 est
2858 2789 3191 2833 monumenta
3262 2781 3515 2846 concupi-

1973 2874 2222 2929 scentia?
2271 2875 2398 2926 Sine
2458 2874 2618 2928 dubio
2664 2873 2750 2926 ubi
2804 2872 3025 2938 sepulta:
3076 2878 3199 2924 sunt
3245 2877 3301 2922 et
3355 2870 3516 2922 obru-

1975 2975 2039 3018 ta:
2083 2965 2558 3032 “concupiscentiae,
2617 2965 2703 3017 ubi
2757 2963 3015 3016 exstincta
3077 2969 3160 3014 est
3201 2959 3374 3012 omnis
3418 2974 3514 3011 cn-

1975 3053 2187 3120 piditas,
2242 3067 2338 3105 nec
2389 3052 2523 3104 ultra
2562 3050 2893 3118 concupiscit
2941 3064 3067 3103 caro
3110 3049 3364 3100 adversus
3405 3047 3514 3113 spi-

1971 3142 2160 3204 ritum,
2228 3141 2541 3194 mortilicata
2605 3142 2811 3194 scilicet
2875 3148 3041 3193 morte
3101 3137 3320 3190 Christi.
3389 3135 3516 3188 P0>l

1972 3233 2084 3285 haec
2121 3232 2328 3285 venitur
2373 3233 2424 3283 in
2460 3232 2706 3289 Ascrotb,
2757 3230 2895 3297 quod
2947 3229 3322 3295 interpretatur
3377 3228 3514 3278 atria

1970 3323 2224 3387 perfecta,
2274 3320 2359 3373 vel
2415 3321 2672 3372 beatitudo
2727 3321 2858 3387 (87).
2903 3319 3113 3371 Intuere
3179 3315 3512 3385 diligentius.

1969 3411 2144 3463 omnis
2178 3413 2365 3475 viator,
2427 3411 2546 3478 quis
2588 3413 2657 3464 sit
2698 3411 2829 3462 ordo
2874 3409 3247 3476 profectuum:
3307 3415 3515 3474 postea-

1971 3513 2129 3568 quam
2158 3499 2430 3567 sepelieris
2465 3507 2518 3552 et
2552 3500 2705 3551 morti
2731 3497 3008 3551 tradideris
3057 3495 3513 3562 concupiscentias

1973 3589 2182 3650 carnis,
2225 3589 2404 3642 venies
2457 3589 2522 3641 ad
2573 3588 2948 3657 amplitudines
2999 3585 3277 3646 atriorum,
3335 3584 3515 3636 venies

1973 3682 2038 3734 ad
2092 3680 2489 3735 beatitudinem.
2542 3678 2700 3732 Beata
2747 3691 2975 3745 namque
3029 3684 3115 3729 est
3159 3674 3337 3727 anima
3394 3686 3510 3739 quae

1974 3771 2132 3824 nullis
2165 3770 2272 3838 jam
2311 3769 2453 3822 vitiis
2502 3768 2677 3821 carnis
2736 3775 2968 3835 urgetur.
3024 3763 3152 3817 Inde
3199 3762 3406 3815 venitur
3455 3760 3509 3812 in

1977 3861 2203 3913 Ratbma
2256 3858 2366 3912 sive
2409 3857 2659 3910 Pbaram.
2706 3854 2934 3908 Ratlnna
2978 3855 3104 3906 visio
3149 3859 3508 3904 consummata

1975 3949 2371 4016 interpretatur,
2423 3945 2648 3999 Pbaram
2694 3959 2819 3998 vero
2863 3942 3060 3997 visibile
3093 3959 3150 3994 os
3180 3941 3313 4009 (88).
3337 3940 3514 4004 Quid?

1976 4036 2076 4090 nisi
2122 4037 2190 4089 ita
2231 4043 2439 4090 crescat
2478 4035 2675 4094 anima,
2717 4041 2772 4085 ut
2807 4045 2923 4085 cum
2979 4030 3192 4084 desierit
3240 4027 3504 4081 molestiis

1977 4127 2154 4180 carnis
2184 4125 2636 4195 urgeri,‘visioncs
2685 4125 2880 4177 habeat
2919 4128 3333 4184 consummatas,
3385 4133 3513 4186 per-

1978 4212 2280 4280 fectamque
2312 4225 2488 4266 rerum
2523 4210 2696 4278 capiat
2730 4208 3148 4278 intelligentiam,
3179 4221 3368 4262 causas
3391 4205 3502 4261 sci-

2613 4371 2652 4401 η
2679 4349 2805 4423 ibid.
2832 4371 2884 4423 5.

2093 4371 2135 4402 “
2156 4369 2296 4424 Psal.
2338 4385 2453 4436 cut,
2483 4371 2533 4423 I.
2613 4371 2652 4401 “’
2679 4370 2805 4423 ibid.
2832 4371 2884 4423 '5.
2961 4371 3004 4400 ¹⁶
3034 4367 3173 4433 Psal,
3200 4383 3418 4432 cxxvttt,
3450 4368 3509 4422 2.

2029 4528 2136 4596 (86)
2182 4529 2558 4592 Interpretatur
2609 4537 2780 4580 autem
2830 4525 3085 4596 Raphidin
3138 4525 3252 4578 laus
3289 4526 3506 4592 judirii.

1968 4595 2128 4650 Forte
2165 4614 2190 4647 a
2230 4605 2349 4655 κει-π
2385 4615 2403 4645 ι
2440 4596 2676 4656 sanavit,
2710 4605 2927 4648 sanatus
2964 4595 3078 4659 fuit,
3116 4614 3134 4646 ι
3168 4607 3219 4648 et
3260 4603 3336 4678 ττι
3373 4613 3390 4644 ε
3417 4597 3504 4661 ju-

1969 4687 2193 4754 dicavit;
2227 4704 2245 4736 ι
2272 4686 2391 4752 quia
2417 4700 2603 4753 nempe
2635 4699 2818 4739 sanum
2859 4682 3116 4751 judicium
3163 4684 3308 4737 omni
3348 4683 3504 4736 laude

1969 4758 2182 4824 dignum
2215 4765 2314 4806 est.

2038 4820 2154 4890 (87)
2184 4823 2395 4874 Aseroth
2433 4821 2568 4889 quod
2595 4823 2960 4890 interpretatur
3000 4821 3134 4872 atria
3161 4819 3387 4890 perfecta
3429 4820 3506 4890 rei

1969 4887 2250 4944 beatitudo.
2284 4900 2398 4950 "mn
2441 4887 2459 4940 ἀ
2502 4893 2690 4942 atrium
2722 4909 2738 4939 t
2777 4900 2876 4942 est.
2906 4889 3103 4944 Plural.
3141 4891 3295 4941 form.
3322 4887 3501 4940 femini.

1966 4971 2146 5019 magn
2184 4977 2201 5008 ‹
2238 4962 2394 5021 atria,
2423 4957 2575 5014 villae.
2618 4977 2634 5008 ι
2673 4958 2769 5022 Qui
2819 4967 2992 5009 autem
3043 4957 3265 5009 Aseroth
3322 4972 3339 5004 ‹
3377 4956 3503 5007 bea-

1974 5031 2246 5081 titudinem
2274 5047 2290 5077 ι
2326 5028 2654 5093 interpretati
2679 5035 2822 5083 sunt.
2854 5029 2952 5077 boc
2979 5040 3167 5076 nomen
3192 5025 3502 5093 (lerivarunt

1971 5100 2037 5150 ab
2080 5107 2172 5155 tri:
2204 5099 2343 5164 quod
2404 5092 2627 5163 in’piln-l
2673 5094 2956 5162 signiﬁcat,
2995 5110 3012 5142 ε
3044 5095 3238 5155 beavit,
3292 5092 3504 5142 beatum

1971 5168 2107 5218 (Bell.
2155 5184 2172 5215 θ

2039 5235 2149 5302 (88)
2180 5231 2403 5302 Rathma
2426 5231 2551 5302 visio
2575 5237 2926 5302 consummata
2957 5229 3342 5302 interpretatur}
3365 5222 3504 5275 Pha.

1975 5293 2085 5354 rain
2134 5293 2250 5354 'vero
2315 5301 2509 5352 uisibile
2561 5313 2634 5349 os.
2682 5295 2735 5347 In
2792 5297 2939 5348 libris
2995 5304 3148 5346 antea
3201 5293 3356 5344 editis
3403 5306 3500 5356 pro

1979 5387 1997 5420 ι
2041 5370 2263 5423 Ilatbma
2313 5386 2329 5417 ι
2373 5368 2566 5433 legitur
2610 5383 2627 5414 ι
2687 5364 3049 5433 Ratbanim,r
3101 5362 3190 5412 sed
3224 5361 3273 5411 in
3316 5362 3499 5411 codice

1973 5439 2267 5492 Turoneusi
2303 5454 2320 5485 ‹
2353 5431 2578 5486 Rathma
2611 5453 2624 5483 :
2657 5452 2674 5482 ι
2705 5431 2843 5498 quod
2875 5449 2892 5479 ι
2923 5432 3053 5481 visio
3082 5437 3444 5498 consummata
3473 5444 3494 5476 ι

1975 5508 2074 5558 dici
2115 5513 2352 5574 potesta
2387 5514 2518 5574 nx:
2555 5517 2573 5549 ι
2603 5494 2752 5556 vidit,
2785 5519 2800 5546 ι
2821 5510 2872 5547 et
2897 5507 3087 5574 apri”:
3120 5494 3341 5574 absolvi,
3379 5507 3499 5556 pcr-

1977 5576 2081 5627 lici.
2117 5561 2137 5624 ἶ
2169 5573 2422 5625 Similiter
2461 5570 2686 5618 Pbaram
2739 5581 2756 5612 ι
2798 5578 2857 5616 os
2905 5562 3106 5615 visibile
3151 5579 3168 5609 ι
3212 5561 3414 5613 dicetur
3465 5578 3494 5615 a

1975 5651 2050 5701 re
2095 5643 2231 5712 quod
2262 5647 2338 5691 est
2372 5655 2389 5683 ε
2422 5651 2500 5697 os,
2537 5635 2664 5697 oris,
2701 5650 2718 5681 ι
2764 5642 2818 5684 et
2857 5648 2883 5684 a
2923 5643 3038 5692 nx")
3073 5648 3092 5679 οι.
3124 5629 3267 5692 vidit,
3299 5647 3316 5678 ι
3349 5629 3430 5681 vel
3465 5643 3499 5683 tt
