3822 6226
374 317 478 368 795

375 432 498 482 licet
545 419 924 478 incarnationis
964 416 1124 472 Verbi

377 519 494 588 ejus
547 514 784 568 rationes
831 508 1038 578 plenius
1089 505 1352 572 altiusque
1380 494 1745 567 cognoscens?
1781 491 1917 544 Hinc

374 580 484 673 iam
517 603 731 656 venitur
754 600 806 652 in
833 595 1255 662 Remonphares,
1283 589 1422 657 quod
1452 588 1504 640 in
1531 592 1710 638 nostra
1735 580 1915 646 lingua

381 694 580 748 excelsa
604 690 866 745 intercisio
889 687 1083 739 dicitur
1105 681 1238 751 (89),
1271 681 1371 733 hoc
1409 687 1513 740 est,

384 797 501 835 rum
527 790 578 834 et
599 777 891 832 cmlestium
934 787 1112 826 rerum
1142 786 1170 822 a
1197 767 1420 822 terrenis
1447 774 1500 818 et
1528 761 1727 816 intimis
1769 770 1921 823 sepa-

390 871 526 923 ratio
554 869 625 921 sit
664 876 717 921 et
748 864 1020 918 discretio.
1061 861 1344 913 Crescente
1383 865 1609 921 namque
1652 846 1920 902 intellectu

383 960 594 1019 animae,
624 965 678 1010 et
703 955 890 1008 notitia
922 954 970 1006 ei
1009 951 1337 1004 excelsorum
1371 943 1658 1014 praabetur,
1693 950 1745 992 et
1780 935 1923 1003 judi-

381 1051 522 1104 cium
554 1049 732 1109 datur,
755 1059 861 1112 quo
900 1044 1034 1096 sciat
1063 1056 1090 1093 a
1121 1035 1496 1106 temporalibus
1523 1042 1718 1084 interna
1757 1029 1924 1079 inter-

388 1138 584 1200 cidere,
613 1145 667 1187 et
711 1150 739 1187 a
772 1132 1041 1202 perpetuis
1082 1129 1279 1182 caduca
1325 1137 1592 1192 separare.
1639 1120 1767 1172 Post
1813 1118 1926 1170 haec

391 1225 603 1278 venitur
635 1221 837 1284 Lebna,
892 1219 1030 1287 quod
1087 1219 1464 1282 interpretatur
1502 1209 1759 1263 dealbatio
1790 1205 1923 1274 (90).

391 1314 517 1367 Scio
549 1313 602 1365 in
631 1311 746 1364 aliis
777 1309 1163 1364 dealbationem
1189 1303 1521 1372 culpabiliter
1546 1299 1688 1368 poni,
1714 1307 1770 1350 ut
1803 1311 1924 1349 cum

393 1404 587 1458 dicitur
611 1401 786 1469 paries
819 1399 1110 1460 dealbatus,
1139 1404 1192 1449 et
1222 1400 1560 1447 monumenta
1593 1386 1832 1443 dealbata
1861 1385 1923 1437 ".

395 1490 498 1543 Sed
524 1490 610 1543 hic
636 1487 902 1541 dealbatio
938 1487 1020 1537 illa
1043 1493 1147 1548 est,
1177 1485 1242 1536 de
1261 1474 1366 1550 qua
1395 1481 1521 1534 dicit
1547 1479 1811 1546 Propheta
1844 1475 1887 1506 ¹⁸
1911 1491 1926 1527 :

398 1599 416 1630 ι
452 1578 679 1633 Lavabis
701 1593 804 1639 me,
836 1585 890 1630 et
923 1590 1080 1641 super
1112 1574 1284 1627 nivem
1337 1570 1640 1624 dealhabor.
1687 1585 1705 1617 ι
1741 1566 1804 1618 Ει
1832 1567 1932 1619 ite-

396 1686 510 1723 rum
562 1669 722 1722 lsaias
770 1668 810 1699 ¹⁹
855 1684 869 1719 :
909 1684 926 1715 ι
967 1664 1025 1718 Si
1064 1664 1260 1717 fuerint
1320 1668 1534 1728 peccata
1582 1666 1758 1712 vestra
1791 1657 1930 1709 sicut

395 1760 738 1827 phmnicium,
771 1766 828 1810 ut
859 1758 1029 1809 nivem
1062 1754 1336 1816 dealbabo,
1381 1760 1434 1805 et
1486 1759 1544 1802 ut
1596 1749 1767 1801 lanam
1799 1762 1929 1800 can-

394 1851 513 1903 dida
561 1849 672 1918 (91)
722 1846 960 1900 efficiam.
1016 1863 1033 1894 ι
1083 1843 1211 1896 ltcm
1266 1842 1318 1894 in
1377 1840 1654 1893 Psalmo'°
1691 1855 1704 1890 :
1745 1854 1763 1886 ι
1804 1835 1933 1888 Nive

395 1940 780 1993 dealbabuntur
823 1939 874 1990 in
922 1936 1154 1988 Selmon.
1193 1952 1211 1984 ι
1250 1934 1312 1986 Et
1343 1931 1545 1985 Vetusti
1592 1929 1795 1982 dierum
1848 1941 1934 1980 ca-

397 2027 505 2094 pilli
529 2026 775 2079 dicuntur
814 2038 933 2077 esse
954 2021 1188 2083 candidi,
1222 2021 1272 2072 id
1305 2027 1406 2081 est,
1435 2017 1539 2070 albi
1564 2017 1701 2070 sicut
1725 2013 1931 2067 lana“.

399 2115 490 2168 Sic
527 2114 686 2182 igitur
715 2111 978 2165 dealbatio
1012 2111 1122 2162 haec
1175 2122 1240 2160 ex
1283 2105 1748 2174 splendoreverre
1798 2101 1935 2153 lucis

399 2204 579 2256 venire
620 2200 958 2268 intelligenda
987 2205 1088 2260 est,
1124 2205 1179 2250 et
1218 2211 1283 2248 ex
1319 2195 1584 2248 visionum
1637 2192 1935 2245 caelestium

400 2292 639 2347 claritate
662 2289 1000 2344 descendere.
1022 2287 1147 2340 Post
1171 2287 1281 2338 haec
1313 2284 1518 2336 mansio
1545 2283 1602 2334 lit
1634 2282 1686 2334 in
1715 2281 1883 2334 Ressa
1919 2297 1933 2332 :

398 2380 538 2448 quod
573 2379 708 2444 apud
763 2391 856 2430 nos
889 2376 988 2430 dici
1021 2383 1195 2442 potest
1245 2373 1459 2426 visibilis
1501 2372 1613 2424 sive
1655 2370 1937 2422 laudabilis

402 2471 618 2524 tentatio
653 2469 783 2539 (92).
817 2467 954 2531 Quid
988 2475 1070 2519 est
1102 2465 1219 2526 hoc,
1262 2463 1399 2531 quod
1436 2459 1675 2530 quamvis
1709 2459 1939 2528 grandes

405 2567 600 2618 habeat
631 2561 805 2614 anima
845 2558 1133 2627 profectus,
1179 2564 1353 2608 tamen
1405 2553 1721 2606 tentationes
1767 2550 1834 2604 ab
1877 2551 1940 2604 ea

405 2667 509 2708 non
551 2649 899 2707 auferuntur?
933 2646 1084 2702 Unde
1111 2655 1329 2712 apparet
1353 2643 1500 2710 quia,
1537 2642 1680 2696 velut
1702 2640 1941 2695 custodia

404 2743 642 2809 iiiiaedam
699 2748 755 2793 et
794 2738 1088 2800 munimen,
1120 2734 1168 2789 ei
1231 2731 1551 2786 tentationes
1597 2729 1939 2784 adhibentur.

408 2829 560 2884 Sicut
595 2828 732 2883 enim
761 2841 886 2881 caro
914 2827 956 2880 si
993 2824 1105 2878 sale
1152 2837 1257 2876 non
1307 2829 1652 2888 aSpergatur,
1695 2817 1942 2885 quamvis

406 2920 476 2973 sit
505 2934 691 2986 magna
720 2927 772 2972 et
800 2916 1086 2986 praecipua,
1107 2913 1466 2978 corrumpitur
1505 2924 1521 2963 :
1561 2911 1632 2963 ita
1669 2919 1725 2962 et
1765 2909 1944 2962 anima

410 3009 511 3063 nisi
556 3009 939 3062 tentationibus
980 3005 1207 3061 assiduis
1257 3001 1649 3072 quodammodo
1699 2999 1941 3062 saliatur,
1968 3009 2011 3066 ο

409 3099 661 3153 continuo
728 3097 1009 3151 resolvitur
1066 3109 1130 3148 ac
1183 3093 1466 3148 relaxatur.
1533 3089 1684 3144 Unde
1731 3097 1942 3142 constat

410 3194 622 3253 propter
665 3188 764 3240 hoc
815 3187 1012 3240 dictum
1059 3199 1198 3248 esse,
1237 3183 1374 3251 quod
1419 3194 1574 3233 omne
1612 3177 1940 3232 sacrificium

409 3278 522 3330 sale
549 3276 764 3329 salietur
786 3279 853 3329 “.
881 3274 1007 3328 lnde
1034 3274 1262 3340 denique
1286 3281 1368 3324 est
1388 3270 1528 3336 quod
1553 3277 1607 3321 et
1634 3265 1830 3320 Paulus
1864 3265 1946 3318 dio

411 3365 626 3419 cebat"
662 3382 676 3417 :
713 3383 731 3415 ι
770 3365 834 3417 Ει
865 3379 926 3417 ex
958 3361 1278 3416 sublimitate
1313 3357 1695 3411 revelationum
1739 3370 1806 3407 ne
1852 3368 1948 3406 ex-

415 3455 587 3516 tollar,
612 3454 766 3507 datus
786 3461 867 3507 est
895 3453 1020 3505 mihi
1063 3449 1309 3504 stimulus
1350 3445 1529 3501 carnis
1553 3457 1684 3497 mea:
1725 3441 1946 3512 angelus

414 3544 644 3604 Salsum,
685 3543 773 3610 qui
807 3557 888 3594 me
913 3541 1227 3608 colaphizet.
1254 3558 1272 3590 ι
1300 3537 1420 3590 llaec
1449 3550 1575 3604 ergo
1599 3543 1680 3588 est
1703 3533 1946 3597 visibilis,

413 3633 497 3686 vel
527 3630 802 3685 laudabilis
834 3631 1071 3684 tentatio.
1103 3629 1175 3681 Ex
1209 3629 1308 3680 hac
1331 3626 1541 3679 venitur
1567 3623 1631 3675 ad
1662 3621 1948 3685 Macelath,

415 3726 555 3791 quod
612 3731 692 3775 est
735 3722 1072 3790 principatus,
1115 3717 1196 3771 vel
1236 3718 1379 3785 uirga
1427 3714 1565 3785 (93).
1601 3713 1676 3767 Ex
1726 3721 1953 3779 utroque

488 3859 528 3889 ¹⁷
554 3856 742 3909 Matth.
779 3871 934 3919 XXIII,
955 3853 1044 3906 ‘27.
1138 3850 1180 3882 ¹⁸
1201 3848 1340 3903 Psal.
1372 3846 1569 3919 Lt,__7.__
1602 3846 1652 3919 ζ’
1679 3843 1779 3897 Isa.
1811 3843 1961 3919 1,18.

418 3926 531 3984 "\ll
556 3926 678 3978 Cor.
716 3939 810 3988 xu,
842 3925 893 3977 7.
924 3914 932 3919 ⁷
969 3923 1013 3952 ’⁸
1043 3920 1159 3974 Gal.
1192 3933 1264 3983 vi,
1293 3919 1377 3970 M.
1453 3916 1498 3947 "
1531 3914 1570 3966 ll
1593 3915 1715 3966 Cor.
1743 3927 1822 3976 nt,
1845 3915 1897 3964 ti.

419 4047 526 4095 cm
560 4054 578 4086 ‹
616 4034 778 4087 altum
824 4047 971 4091 esse,
1004 4049 1021 4080 ι
1057 4030 1305 4098 quoniam
1336 4025 1475 4095 quod
1509 4023 1800 4087 excelsum,
1831 4034 1956 4075 con-

422 4108 659 4170 spicuum
694 4110 777 4154 est
813 4111 866 4155 et
891 4100 1116 4152 visibile.

494 4171 603 4239 (89)
641 4165 1183 4239 Remonpltares,quod
1227 4163 1280 4214 in
1318 4174 1492 4239 nostra
1543 4159 1720 4227 lingua
1751 4158 1952 4239 excelsi:

426 4230 707 4308 intercisia
741 4230 949 4308 dicitur.
998 4230 1186 4292 Αέιτπ
1233 4249 1253 4282 r
1291 4230 1454 4284 altum
1497 4244 1634 4292 esse,
1671 4247 1689 4278 ι
1736 4237 1790 4282 et
1831 4234 1953 4308 γῆξ)

432 4327 450 4357 ι
495 4310 650 4370 rupit,
681 4305 924 4370 disrupit.
965 4322 984 4354 ι

499 4361 610 4443 (99)
639 4361 1003 4438 ἰεὸηαξᾳιιοά
1043 4373 1411 4437 interpretatur
1455 4363 1736 4420 dealbatio.
1787 4361 1959 4417 Radix

430 4471 512 4516 est
547 4445 638 4543 μ’)
661 4477 702 4543 7c
733 4458 1024 4518 albescere,
1049 4457 1324 4543 dealbare:
1343 4473 1362 4506 ι

433 4613 464 4664 d
503 4530 616 4626 (9'1)
657 4541 808 4604 Mss.,
849 4556 868 4590 ι
933 4538 1178 4592 candida.
1229 4555 1248 4587 ι
1303 4535 1456 4590 Libh.
1498 4531 1651 4596 editi,
1711 4547 1730 4581 ι
1779 4530 1968 4584 candi-

473 4627 576 4664 am.
629 4628 647 4660 ι

473 4627 576 4666 am.
629 4628 647 4660 ι

506 4680 617 4746 (92)
670 4677 852 4746 Ressa,
900 4673 1035 4737 quod
1075 4672 1224 4746 apud
1267 4688 1360 4724 nos
1406 4671 1508 4723 dici
1542 4675 1713 4746 potest
1754 4665 1969 4746 visibilis

436 4739 540 4801 sive
583 4739 859 4798 laudabilis
909 4739 1144 4794 tentatio.
1187 4741 1230 4792 Α
1277 4751 1396 4797 mn
1449 4758 1467 4789 ι
1507 4739 1656 4800 vidit,
1691 4755 1711 4788 ι
1769 4745 1826 4789 et
1867 4745 1969 4792 ΠΟ]

435 4816 574 4885 quod
602 4813 798 4885 in_l_‘ih.
817 4818 999 4885 sonat,
1029 4826 1047 4858 ι
1091 4811 1332 4885 tentavit,
1361 4806 1624 4885 probavit.
1670 4823 1691 4857 ι

509 4884 616 4952 (9⁸5)
659 4880 940 4952 Macelatli.
989 4877 1124 4952 quod
1177 4889 1247 4932 est
1277 4871 1621 4952 principatus
1670 4871 1748 4952 uel
1801 4871 1968 4938 uirga.

435 4935 675 5037 Hp‘ﬁrest
705 4968 725 5000 ι
760 4935 1198 5014 ὶιεριιιιιε,’νὶι·εει.
1237 4935 1334 4999 »ιιι
1380 4935 1597 4996 Hebraeo
1640 4948 1814 4991 autem
1867 4935 1971 4990 rion

442 5018 633 5100 iégiiur
665 5049 685 5082 ι
716 5030 993 5088 Macelath,
1029 5046 1049 5080 ι
1083 5029 1176 5082 sed
1214 5047 1232 5079 ι
1261 5023 1581 5084 Chehelath,
1623 5037 1642 5071 ι
1669 5018 1810 5087 quod
1835 5018 1972 5071 verti

441 5111 612 5171 potest
662 5119 696 5171 ε
721 5100 1071 5171 congregatio.
1107 5116 1127 5148 ι

511 5170 621 5238 (94)
657 5154 885 5235 δερήαῗ,
913 5154 1069 5234 “quod
1119 5163 1418 5219 tubicinatio
1471 5154 1778 5225 appellatur.
1822 5161 1975 5213 ηεπιι

443 5248 520 5290 est
551 5259 567 5287 ι
610 5239 852 5296 buccina,
876 5239 1022 5289 tuba.
1058 5252 1076 5286 ι

514 5288 636 5374 (95)
655 5288 976 5374 Chiaradqth,
1009 5301 1146 5370 quod
1178 5301 1234 5354 in
1264 5305 1437 5351 nostra
1461 5294 1640 5374 lingua
1663 5298 1835 5374 stipat
1850 5288 1975 5374 idp:

448 5367 568 5425 usus
595 5367 822 5441 effectus.
849 5367 1030 5424 Haeret
1050 5385 1204 5437 aqua.
1239 5376 1350 5441 ηπ
1391 5367 1586 5441 citima
1624 5371 1726 5441 quo
1751 5369 1975 5441 omnino

450 5423 795 5492 deriva'iidniii
811 5423 1028 5492 videtur
1049 5423 1236 5491 nomen
1259 5423 1266 5427 7
1287 5423 1608 5491 Charadath,
1643 5423 1786 5478 nihil
1831 5423 1973 5476 aliud

453 5515 621 5572 Sonat,
655 5523 832 5572 quam,
864 5525 882 5556 ι
919 5508 1152 5568 tremuit,
1173 5503 1438 5572 sollicitus
1465 5498 1582 5572 fuit.

523 5559 631 5639 (9'6)
661 5559 933 5638 Maceloth,
954 5574 1087 5640 quod
1120 5559 1478 5640 interpretatur
1505 5566 1566 5619 ab
1595 5562 1758 5618 initio.
1789 5559 1974 5628 Suspi-

1960 1702 2002 1755 B

1785 274 2102 337 ORIGENiS

1168 413 1296 476 Dei,
1347 406 1908 478 dispensatiouumque
1937 401 1979 452 A
2013 403 2140 444 vero
2181 391 2424 456 potestas
2473 375 2723 433 indicari
2759 373 3028 476 videtur,
3063 375 3125 421 et
3158 365 3303 469 quod
3349 365 3511 468 anima

1989 4289 2103 4372 Dn

3515 251 3604 306 798

2020 491 2189 547 usque
2215 471 2545 542 profecerit,
2576 476 2639 522 ut
2673 465 3014 550 dominetur
3043 457 3296 528 corpori,
3331 465 3388 510 et
3434 457 3534 525 ipsa
3563 458 3606 510 in

2019 569 2148 622 illud
2176 567 2385 634 virgam
2431 548 2736 629 potestaiis
2783 555 3058 610 obtineat
3090 566 3108 615 ;
3171 548 3284 602 imo
3322 562 3425 602 non
3462 548 3607 602 solum

1561 676 1648 728 ubi
1703 637 1918 737 magna-
2018 654 2256 724 corpori,
2307 652 2404 706 sed
2457 659 2516 704 et
2557 648 2827 702 universo
2866 640 3145 703 wnundo,
3189 653 3317 693 cum
3370 637 3490 691 dicit
3521 640 3607 692 ’δε

2027 767 2045 799 ι
2083 747 2210 800 Mihi
2239 754 2423 798 autem
2454 741 2701 796 mundus
2738 737 3063 793 cruciﬁxus
3094 738 3203 795 est,
3247 739 3306 785 et
3359 744 3453 799 ego
3483 747 3610 783 mun-

2023 839 2116 891 do.
2149 855 2169 887 ›
2207 834 2342 887 lnde
2373 833 2597 886 venitur
2626 830 2683 882 in
2720 836 2983 882 montem
3022 822 3265 890 Sephar,
3294 821 3430 889 quod
3455 822 3612 873 tubici-

2025 926 2171 978 natio
2202 922 2511 992 appellatur
2540 918 2683 989 (94).
2720 917 2885 971 Tuba
2915 916 3148 982 signum
3183 911 3311 966 belli
3350 920 3451 965 est.
3475 910 3614 980 Igitur

2025 1015 2115 1068 ubi
2151 1028 2213 1065 se
2247 1012 2416 1065 tantis
2449 1026 2516 1064 ac
2546 1010 2752 1062 talibus
2785 1005 3108 1060 virtutibus
3154 1003 3336 1056 anima
3363 1001 3515 1053 sentit
3545 1015 3616 1054 ar-

2027 1113 2255 1166 matam,
2288 1100 2608 1156 necessario
2641 1097 2908 1167 procedit
2945 1095 3019 1148 ad
3055 1092 3288 1157 bellum,
3321 1090 3457 1160 quod
3489 1091 3615 1145 estei

2027 1193 2292 1245 adversus
2348 1190 2727 1256 principatus,
2781 1195 2844 1240 et
2890 1191 3236 1252 potestates,
3285 1190 3341 1234 et
3372 1181 3614 1233 adversum

2027 1279 2215 1332 mundi
2251 1286 2538 1331 rectores:
2570 1274 2658 1328 vel
2690 1284 2850 1328 certe
2885 1271 3026 1324 tuba
3060 1270 3219 1324 canit
3246 1270 3302 1322 in
3345 1269 3501 1322 verbo
3523 1260 3617 1331 Dei,

2031 1368 2432 1436 praedicationis
2459 1366 2679 1420 scilicet
2705 1375 2759 1419 et
2789 1363 3103 1424 doctrinm,
3134 1370 3197 1415 ut
3227 1361 3324 1414 det
3355 1359 3620 1428 significan-

2034 1469 2140 1512 tem
2177 1472 2371 1511 vocem
2407 1471 2506 1526 per
2537 1457 2753 1518 tubam,
2804 1461 2872 1506 ut
2910 1452 3012 1520 qui
3053 1449 3326 1512 audierit,
3359 1461 3620 1518 praeparare

2032 1565 2090 1603 se
2124 1548 2296 1617 possit
2322 1549 2389 1600 ad
2419 1545 2643 1600 bellum.
2674 1545 2814 1598 Post
2841 1544 2974 1596 hinc
2999 1541 3232 1596 venitur
3259 1555 3422 1607 super
3447 1539 3618 1593 Chara-

2034 1639 2187 1702 dath,
2220 1637 2362 1705 quod
2413 1637 2466 1690 in
2519 1645 2714 1690 nostra
2758 1633 2946 1703 382
2993 1632 3189 1700 lingua
3237 1639 3397 1684 sonat
3437 1630 3620 1684 idenm

2033 1729 2249 1794 e/fectus
2267 1727 2380 1796 (95)
2410 1743 2424 1779 :
2454 1725 2708 1793 profecto
2735 1733 2796 1776 ut
2823 1733 2888 1776 et
2918 1723 3044 1790 ipse
3070 1719 3219 1774 dicat
3244 1722 3315 1787 ",
3343 1721 3464 1789 quia
3495 1739 3512 1771 ι
3534 1721 3625 1773 ido-

2034 1837 2167 1876 neos
2205 1837 2304 1876 nos
2360 1821 2494 1874 fecit
2535 1819 2839 1873 ministros
2877 1815 3018 1869 novi
3083 1815 3420 1870 testamenti.
3473 1831 3490 1865 ι
3522 1813 3625 1866 lude

2034 1911 2243 1964 mansio
2269 1911 2502 1964 habetur
2523 1908 2668 1975 apud
2709 1905 3034 1973 Maceloth,
3068 1905 3224 1974 quod
3275 1905 3625 1972 interpretatur

2035 2001 2098 2052 ab
2125 2001 2278 2054 initio
2305 1998 2442 2068 (96).
2466 1996 2910 2064 Contemplatur
2939 2010 3194 2064 namque
3214 1994 3307 2062 qui
3339 1992 3405 2045 ad
3425 2000 3625 2046 contem-

2035 2090 2329 2158 plationem
2356 2088 2548 2148 tendit,
2581 2086 2806 2140 initium
2850 2101 3076 2147 rerum,
3113 2085 3227 2139 imo
3271 2083 3445 2151 potius
3470 2091 3626 2134 cuncta

2037 2181 2100 2231 ad
2135 2193 2259 2232 eum
2286 2177 2476 2241 refert,
2511 2177 2604 2244 qui
2643 2184 2770 2231 erat
2831 2175 2894 2230 in
2947 2175 3258 2243 principio,
3308 2177 3406 2226 nec
3447 2171 3506 2224 ab
3547 2170 3626 2222 isto

2041 2268 2192 2320 initio
2224 2266 2515 2334 aliquando
2565 2264 2838 2318 discedit.
2897 2264 3040 2318 Post
3091 2264 3215 2318 haec
3247 2261 3308 2315 iit
3354 2259 3545 2313 mansio
3587 2259 3626 2309 in

2037 2357 2229 2420 Caath,
2271 2355 2414 2423 quod
2441 2363 2528 2408 est
2560 2353 2928 2420 conﬁrmatio
2967 2353 3058 2405 vel
3103 2350 3371 2420 patientia
3404 2348 3526 2417 (97).
3549 2344 3630 2398 Ne.

2037 2461 2196 2502 cesse
2230 2454 2315 2499 est
2351 2443 2498 2498 enim
2548 2457 2679 2496 eum
2709 2443 2812 2510 qui
2847 2443 2978 2496 vult
3007 2442 3183 2494 etiam
3219 2439 3346 2494 aiiis
3394 2438 3629 2506 prodesse.

2040 2536 2208 2590 multa
2237 2535 2370 2604 pati,
2393 2542 2450 2586 et
2480 2541 2681 2586 cuncta
2709 2530 2873 2585 ferre
2907 2531 3221 2600 patienter,
3251 2529 3392 2584 sicut
3413 2527 3476 2581 de
3494 2523 3630 2578 Paulo

2040 2627 2241 2680 dictum
2265 2634 2348 2680 est
2363 2625 2411 2657 "
2440 2642 2455 2678 :
2487 2641 2508 2674 ι
2540 2623 2655 2690 Ego
2682 2622 2842 2676 enim
2865 2621 3178 2676 ostendam
3205 2620 3260 2674 ei
3284 2628 3476 2689 quanta
3496 2630 3626 2683 opor-

2043 2726 2154 2771 teat
2187 2730 2308 2770 eum
2358 2729 2459 2782 pro
2492 2713 2720 2768 nomine
2768 2713 2900 2780 pati
2969 2725 3127 2765 meo.
3195 2730 3215 2763 ι
3265 2709 3393 2763 inde
3448 2705 3626 2759 venitur

2042 2807 2255 2870 Thara,
2314 2806 2460 2874 quod
2514 2805 2662 2872 apud
2727 2818 2842 2857 nos
2899 2801 3248 2871 intelligitur
3293 2795 3623 2863 contemplatio

2041 2899 2266 2966 stuporis
2291 2897 2428 2967 (98).
2460 2895 2580 2949 Non
2609 2908 2931 2963 possumus
2996 2896 3057 2949 in
3106 2893 3306 2947 Latina
3339 2893 3503 2960 lingua
3549 2903 3634 2940 uno

2044 3005 2295 3046 sermone
2314 2989 2626 3057 exprimere
2650 2985 2900 3062 verbum
2921 2987 3218 3050 Gracum,
3239 2985 3380 3056 quod
3395 2983 3463 3038 illi
3479 2983 3634 3035 Excru-

2050 3098 2133 3133 σιν
2160 3088 2377 3142 vocant,
2408 3079 2461 3131 id
2492 3085 2602 3143 est,
2635 3091 2767 3129 cum
2797 3091 2913 3144 pro
2942 3077 3196 3142 alicujus
3232 3089 3436 3144 magna:
3461 3074 3526 3128 rei
3555 3072 3632 3124 ad-

2050 3168 2338 3223 miratione
2363 3165 2708 3232 obstupescit
2740 3165 3004 3220 animus.
3061 3164 3185 3220 Hoc
3228 3172 3314 3219 est
3365 3176 3482 3231 ergo
3518 3157 3631 3230 quod

2049 3259 2178 3312 dicit
2201 3254 2588 3323 contemplatio
2622 3256 2911 3322 stuporis,
2960 3271 3096 3309 cum
3153 3255 3209 3308 in
3263 3252 3520 3322 agnitione
3547 3262 3634 3301 ina-

2049 3363 2151 3416 gna
2162 3364 2274 3400 rum
2293 3357 2350 3401 et
2374 3344 2786 3400 admirabilium
2813 3362 3018 3401 rerum
3045 3360 3210 3401 mens
3239 3344 3458 3398 attonita
3475 3347 3632 3409 stupet.

2052 3439 2178 3492 Post
2210 3437 2324 3490 haec
2372 3435 2591 3489 venitur
2629 3440 2699 3488 ad
2743 3435 3053 3499 Matheca,
3098 3438 3249 3506 quod
3297 3435 3634 3500 interpretatur

2053 3542 2191 3580 mors
2220 3542 2352 3579 nova
2380 3524 2516 3593 (99).
2542 3524 2678 3589 Quae
2704 3535 2797 3580 est
2827 3542 2986 3581 nova
3016 3527 3212 3580 mors?
3234 3524 3443 3593 quando
3460 3520 3634 3575 Christo

2057 3615 2444 3671 cominorimur
2473 3625 2533 3669 ut
2559 3624 2620 3669 et
2649 3617 3044 3672 convivamus
3071 3619 3150 3672 ei.
3185 3618 3313 3672 Inde
3344 3616 3539 3670 Asenna
3567 3623 3636 3661 ve-

2059 3709 2223 3770 nitur,
2255 3707 2397 3774 quod
2428 3721 2488 3758 os
2523 3705 2613 3760 vel
2652 3722 2784 3760 ossa
2818 3707 3164 3777 signiﬁcare
3204 3707 3405 3763 dicitur
3435 3704 3521 3774 (ί).
3550 3699 3636 3752 Vir-

2049 3840 2094 3871 "
2117 3838 2259 3892 Psal.
2287 3852 2478 3899 vaiit,
2504 3835 2594 3890 16.
2708 3838 2754 3868 υ
2796 3837 3064 3901 Dan.vii,
3100 3841 3158 3894 9.
3239 3841 3284 3871 “
3307 3839 3469 3893 Levit.
3493 3851 3541 3901 ιι,
3569 3833 3632 3886 l3.

2708 3838 2754 3868 υ
2796 3837 3064 3905 Dan.vii,
3100 3841 3158 3894 9.

1994 3909 2040 3940 "
2069 3909 2188 3962 Act.
2227 3923 2302 3970 ix,
2333 3907 2419 3959 16.

2058 4033 2156 4113 cpr
2207 4014 2642 4113 elvmolugistam
2694 4031 2802 4085 pro
2855 4005 3087 4108 rbi-ipa
3136 4040 3157 4073 ι
3201 4020 3492 4076 Macheloth
3529 4037 3545 4069 ι
3581 4018 3635 4070 ie-

2057 4103 2199 4172 gisse
2239 4084 2446 4160 τπίπιηει
2479 4101 2626 4166 quod
2666 4084 2828 4156 recte
2877 4084 3028 4158 verii
3069 4115 3256 4172 potest
3299 4123 3320 4155 ο
3353 4106 3417 4157 ab
3441 4102 3585 4156 initio.
3616 4118 3631 4149 ι

2056 4168 2208 4240 sim
2249 4183 2391 4251 eltjm
2417 4190 2502 4234 est
2541 4200 2561 4232 ι
2607 4183 2990 4251 principium.
3017 4168 3266 4240 initium.
3304 4205 3322 4236 ι

2131 4251 2240 4328 (97)
2289 4248 2484 4328 Quota,
2517 4248 2661 4319 quad
2702 4263 2782 4304 est
2801 4248 3189 4328 Eonﬁrrnatio
3212 4255 3304 4328 uel
3323 4250 3634 4328 patieutiazdn

2111 4318 2537 4398 ebrzco'legitur'
2565 4329 2696 4377 nm
2754 4338 2775 4371 ι
2810 4318 3107 4398 Tachath.
3143 4318 3348 4398 ιριιιιέΙ
3389 4318 3636 4398 [lidiu-

2064 4387 2220 4439 ταάθ.
2261 4387 2522 4438 Nimirum
2580 4401 2680 4452 pro
2729 4397 2913 4449 ﬁrm:
2975 4409 2997 4442 ‹
3053 4393 3108 4444 in
3179 4387 3468 4446 Tachathi
3523 4388 3638 4454 lege-

2066 4465 2193 4534 runt
2233 4465 2391 4513 mn:
2430 4455 2716 4534 thad0._
2752 4458 3356 4534 Qtiocnnque_auteiii
3390 4455 3634 4534 modode-

2067 4533 2245 4602 833‘".
2275 4539 2378 4602 ιιριι
2413 4524 2570 4602 video
2603 4524 2758 4602 u‘nde
2812 4530 2944 4580 erui
3005 4524 3243 4602 possit}
3282 4525 3584 4581 conﬁrmatio
3617 4539 3631 4570 ι

2068 4591 2154 4644 vel
2183 4610 2201 4641 ι
2234 4592 2511 4658 patientia.
2552 4610 2571 4643 ι
2610 4591 2906 4648 Caeterum
2954 4591 3067 4649 vox
3111 4615 3130 4648 ‹
3171 4598 3342 4652 Caath
3378 4614 3395 4646 i
3429 4601 3637 4656 corrupta

2068 4668 2272 4778 (istast
2315 4659 2529 4728 legend.
2585 4679 2603 4710 ι
2643 4661 2892 4717 Cataath
2941 4685 2962 4716 ι
3013 4681 3145 4720 cum
3217 4663 3358 4719 LXX
3415 4666 3637 4728 interpre-

2097 4743 2233 4780 IDUS.

2141 4796 2254 4873 (98)
2287 4795 2486 4874 Tliara,
2532 4797 2680 4875 quod
2735 4803 2890 4864 apud
2949 4803 3420 4875 nos‘intelt'igitur
3450 4808 3639 4875 contriu—

2071 4864 2233 4934 piatio
2260 4865 2514 4932 stuporis.
2543 4864 2777 4934 Aliquot
2819 4885 2962 4924 mss.
2989 4871 3223 4934 habent,
3280 4864 3302 4920 ἱ
3355 4866 3638 4932 contempla-

2072 4933 2147 5010 tio
2182 4939 2436 5010 stupetis;
2475 4951 2495 4984 ι
2531 4933 2773 5010 a_verbo
2812 4946 2930 4998 ἿῚΠ
2968 4958 2986 4990 ι
3024 4933 3353 5008 exploravit,
3382 4958 3400 4989 ι
3431 4949 3478 4990 et
3509 4937 3638 4986 inter-

2067 5003 2302 5067 iectione
2333 5011 2453 5059 nnis
2493 5020 2511 5053 ι
2545 5003 2649 5058 alii
2686 5023 2706 5055 ›

2143 5068 2255 5136 (99)
2313 5069 2599 5150 ῌιαιιιεςςιλ
2658 5075 3276 5150 q-itodhi'ruerpretatur
3311 5089 3453 5150 _mors
3514 5082 3635 5150 noua.

2075 5135 2218 5210 tum
2253 5135 2782 5210 quidemrHebraice
2815 5135 3033 5198 dicitur
3063 5154 3206 5210 rm,
3232 5145 3323 5197 sed
3353 5155 3548 5209 prorsus
3572 5148 3638 5186 me

2072 5204 2208 5256 latet
2257 5204 2530 5274 quomodo
2581 5225 2652 5263 ex
2716 5227 2860 5266 voce
2911 5204 3398 5274 Hebraica'nanb
3455 5225 3472 5256 ι
3523 5216 3638 5255 mors

2075 5286 2228 5359 nova
2253 5295 2270 5328 ι
2307 5279 2424 5330 erui
2449 5289 2639 5345 queat.
2669 5280 2901 5347 Melius,
2939 5285 2993 5336 ni
3022 5281 3207 5344 fallor,
3237 5279 3475 5359 a'verbo_
3498 5280 3633 5359 Rm,

2084 5371 2101 5404 ‘
2143 5356 2326 5434 μιξιεθ,
2389 5374 2565 5434 suave
2613 5379 2782 5429 esse,
2846 5384 2865 5416 ι
2927 5369 3382 5434 interpretaretur
3434 5355 3633 5409 Ma'theca

2082 5441 2100 5474 ι
2126 5425 2359 5484 dulcedo
2381 5429 2520 5495 eius.
2546 5449 2566 5484 ι

2121 5495 2228 5574 ,(ι)
2267 5491 2480 5574 Asenita
2535 5504 2780 5569 uenitur,
2815 5505 2955 5574 quod
3012 5517 3070 5574 οξ
3106 5501 3195 5574 Δι’ςι
3231 5515 3346 5574 {ma
3382 5491 3634 5574 είθτξίβξδη

2078 5558 2300 5620 dicitur.
2333 5569 2519 5627 Codex
2574 5558 2780 5634 Sancti
2802 5558 3117 5632 Theudorici
3165 5569 3343 5628 habet,
3379 5583 3396 5616 ι
3427 5558 3486 5616 ad
3522 5558 3626 5614 Scu-
