3822 6230
1471 330 1536 386 ΙΝ
1575 331 1898 386 NUMEROS
1934 330 2210 386 HOMILIA
2247 329 2454 384 XXVII.

221 406 1015 532 ξῇξκξῖξ-ξίξιῆἆυὶῆο
1045 454 1105 500 et
1146 449 1316 504 robur
1356 451 1626 520 patientia:
1673 451 1908 505 declara-
1937 457 1982 511 Α
2010 451 2126 504 silia
2155 451 2274 514 viri,
2305 449 2443 503 sicut
2467 456 2520 504 et
2549 449 2633 502 ille
2655 448 2740 517 qui
2771 447 2978 502 dicebat
3009 447 3054 477 ’θ
3098 463 3110 495 :
3143 463 3159 494 ι
3202 442 3332 498 Cum
3364 451 3542 496 autem

83 376 194 476 :94

75 531 159 584 tua
223 505 448 608 'Jj‘f“
486 505 649 568 mne
677 517 982 585 habetur
1020 539 1250 593 mansio
1277 505 1417 606 apud
1452 541 1737 603 Mesoroth,
1759 541 1899 608 quod

78 595 533 723 ιιιίὲνεέξξὶξ
579 618 883 723 imitatur
938 627 1252 682 excludant
1297 630 1395 700 (2).
1445 629 1572 696 Quae
1622 595 1903 683 excludens

78 694 300 786 “9‘74
334 696 528 786 .-διελεῖ
578 694 782 756 dubio
871 713 1182 783 malignas
1237 694 1601 786 suggestiones
1651 716 1898 771 contrarii

285 779 456 883 “1“?
485 779 562 883 tif
592 779 1104 883 fogitationibus
1143 805 1276 858 suis.
1431 807 1573 859 enim
1606 817 1660 860 et
1685 809 1893 874 sapien-

137 873 234 982 s?“
349 863 455 982 De:
496 873 652 980 dicit
689 882 744 914 “
791 902 811 939 :
859 906 882 939 ε
926 889 996 944 Si
1053 895 1278 962 Spiritus
1315 904 1624 963 potestatem
1656 898 1900 953 habentis

208 964 581 1064 :wgudcrit
607 987 795 1040 super
836 988 920 1042 te,
950 983 1140 1038 locum
1168 994 1315 1039 tuum
1346 1002 1412 1040 ne
1451 989 1702 1043 dimittas.
1746 1009 1764 1041 ι
1802 989 1902 1044 Te-

240 1058 493 1143 ;‘<’t‘\ls
513 1072 604 1118 est
633 1080 779 1136 ergo
808 1070 1012 1136 locus,
1034 1083 1090 1128 et
1121 1076 1479 1132 excludendus
1527 1089 1606 1134 est
1651 1081 1900 1134 adversa-

283 1173 438 1221 ‘xss.
458 1169 531 1210 ne
550 1156 818 1214 inveniat
849 1162 1048 1218 locum
1074 1167 1128 1218 in
1155 1170 1316 1223 corde
1349 1179 1548 1233 nostro,
1582 1171 1721 1225 sicut
1753 1172 1894 1240 Apo-

301 1253 482 1307 stolus
510 1248 644 1303 dicit
667 1250 718 1282 ⁸⁸
747 1269 764 1304 :
798 1270 819 1303 ι
853 1253 1044 1307 Nolite
1074 1254 1248 1310 locum
1289 1258 1417 1311 dare
1443 1259 1674 1313 diabolo.
1724 1279 1742 1311 ι
1777 1252 1900 1314 Post

310 1344 441 1398 haec
485 1341 710 1395 Banaim
763 1346 1016 1411 venitur,
1072 1348 1214 1416 quod
1272 1348 1436 1415 fontes
1486 1348 1769 1417 signiﬁcat,
1817 1349 1898 1402 vel

309 1434 685 1486 tractationes
717 1431 822 1502 ('5),
870 1435 928 1486 id
971 1444 1090 1499 est,
1147 1436 1236 1488 ubi
1282 1436 1574 1489 divinorum
1617 1439 1895 1491 verborum

308 1523 504 1576 fontes
534 1523 721 1575 haurit
749 1538 1040 1592 usquequo
1070 1525 1277 1579 excolet
1307 1539 1401 1579 eos
1437 1525 1682 1579 bibendo.
1726 1527 1896 1581 Exco-

296 1613 388 1664 iat
418 1619 603 1666 autem
628 1613 838 1666 dicitur
870 1615 960 1667 hic
986 1630 1016 1667 a
1045 1615 1294 1679 colando,
1337 1630 1438 1669 non
1465 1631 1494 1668 a
1517 1617 1758 1672 colendo.
1791 1619 1897 1672 Ex-

295 1701 465 1756 colat
496 1716 634 1771 ergo
657 1702 889 1756 verbum
924 1703 1014 1756 Dei
1049 1705 1187 1771 quis,
1209 1719 1330 1759 cum
1362 1719 1428 1758 ne
1473 1707 1747 1761 minimum
1779 1709 1896 1772 qui-

3445 321 3545 376 708

2009 543 2179 594 factus
2205 554 2319 592 sum
2351 540 2452 602 vir,
2491 553 2607 605 qua:
2633 536 2838 604 parvuli
2867 544 3022 588 erant
3064 533 3304 602 deposui.
3345 549 3366 583 ι
3404 530 3544 584 Sunt

2011 645 2138 699 ergo
2167 644 2357 698 magna
2379 627 2598 683 consilia
2628 627 2754 692 viri,
2777 627 2914 680 sicut
2946 636 2998 676 et
3025 625 3111 678 ille
3133 623 3208 676 ait
3239 623 3286 654 ³⁸
3311 644 3324 676 ;
3353 640 3372 672 ε
3396 621 3546 687 Aqua

2006 719 2130 782 alta,
2168 718 2444 773 consilium
2469 719 2519 770 in
2543 717 2704 771 corde
2738 715 2859 768 viri.
2897 732 2914 764 ι
2954 712 3084 764 llinc
3112 712 3306 764 iterum
3334 710 3548 764 venitur

2008 806 2122 860 Sin.
2144 807 2334 860 lterum
2361 808 2573 860 tentatio
2595 814 2677 859 est
2699 805 2813 858 Sin.
2843 801 3079 854 Diximus
3104 800 3246 852 enim
3283 799 3408 866 quia
3441 813 3539 850 nec

2005 897 2160 950 aliter
2190 896 2398 964 expedit
2424 897 2522 949 iter
2544 896 2684 948 istud
2722 893 2968 947 incedere
2997 908 3013 945 :
3043 891 3200 954 sicut,
3227 888 3376 941 verbi
3419 901 3542 954 gra-

2005 986 2097 1048 tia,
2132 986 2176 1039 si
2204 985 2323 1052 quis
2351 985 2558 1037 aurifex
2595 998 2685 1036 vas
2724 979 3084 1036 necessarium
3121 977 3295 1032 facere
3337 975 3542 1037 volens,

2005 1076 2308 1145 frequenter
2332 1077 2459 1129 illud
2508 1076 2614 1144 igni
2653 1075 2952 1134 admoveat,
2996 1070 3303 1137 frequenter
3339 1065 3544 1120 maileis

2002 1167 2212 1230 snbdat,
2255 1167 2476 1219 rasoriis
2516 1180 2653 1232 saepe
2695 1163 3036 1231 perstringat,
3069 1168 3126 1212 ut
3169 1167 3222 1213 et
3265 1159 3544 1226 purgatius

2004 1257 2115 1321 tiat,
2145 1268 2199 1312 et
2235 1261 2300 1312 ad
2333 1259 2474 1311 illam
2527 1257 2790 1326 speciem,
2821 1269 2978 1323 quam
3025 1253 3282 1321 prospicit
3331 1251 3542 1311 artifex,

2007 1359 2166 1417 atque
2188 1349 2253 1402 ad
2278 1349 2418 1401 illam
2449 1346 2895 1415 pulchritudinem
2929 1343 3240 1396 deducatur.
3277 1341 3403 1395 Post
3429 1342 3544 1393 haec

2002 1437 2302 1505 applicatur
2356 1437 2423 1487 ad
2479 1433 2868 1496 Pharancades,
2900 1433 3040 1499 quod
3074 1441 3154 1484 est
3198 1430 3544 1498 fructi/icatio

2000 1534 2186 1580 sancta
2214 1525 2312 1593 (8).
2343 1524 2504 1577 Vides
2539 1523 2660 1576 inde
2682 1537 2786 1590 quo
2818 1523 3051 1582 venitur,
3087 1519 3236 1572 vides
3267 1519 3392 1586 quia
3425 1527 3545 1572 ten-

2003 1615 2258 1669 tationum
2325 1611 2502 1667 sulcos
2553 1609 2896 1666 fructiﬁcatiu
2945 1616 3129 1662 sancta
3181 1607 3541 1675 subsequitur.

1999 1703 2124 1758 lude
2173 1703 2466 1772 applicatur
2513 1703 2564 1755 in
2608 1709 2840 1754 montem
2886 1699 2979 1761 0r,
3036 1695 3178 1766 quod
3224 1697 3545 1764 interpreta-

288 1790 444 1840 r’em
498 1788 826 1840 mandatum
868 1789 1208 1854 praeterierit,
1244 1789 1349 1842 imo
1381 1805 1499 1844 cum
1544 1806 1608 1845 ne
1646 1792 1748 1844 iota
1780 1792 1898 1858 qui-
1927 1781 1970 1835 Β
1999 1805 2085 1849 tur
2112 1803 2389 1847 montanus
2418 1792 2520 1859 (9).
2553 1791 2710 1847 Venit
2755 1789 2896 1844 enim
2945 1789 3011 1840 ad
3061 1795 3292 1839 montem
3335 1785 3449 1848 Dei,
3485 1793 3544 1838 ut

283 1877 441 1930 dcm
472 1892 675 1939 unum,
702 1877 789 1929 vel
819 1892 957 1930 unus
988 1891 1124 1944 apex
1165 1877 1232 1931 de
1278 1879 1441 1932 verbo
1469 1877 1560 1932 Dei
1601 1879 1898 1932 intellectus

278 1970 559 2022 habetur
589 1967 837 2021 otiosus.
878 1965 1004 2020 Post
1042 1967 1154 2020 haec
1180 1968 1394 2020 venitur
1422 1968 1474 2019 in
1511 1967 1733 2037 Galgad,
1757 1967 1896 2035 quod

277 2057 728 2124 interpretatur
759 2065 1134 2109 tentamentum
1157 2057 1269 2109 sive
1291 2058 1601 2124 constipatio
1638 2057 1734 2126 (4).
1762 2056 1890 2111 For-

273 2145 495 2198 titudo
536 2144 826 2212 quaedam,
857 2151 916 2195 ut
951 2143 1124 2208 video,
1151 2151 1202 2196 et
1235 2145 1507 2197 munimen
1553 2153 1636 2198 est
1685 2145 1894 2212 animae,

269 2243 754 2288 tentamentum.
805 2232 884 2286 Ita
927 2233 1068 2286 enim
1125 2231 1408 2286 virtutibus
1454 2233 1795 2296 admiscetur,
1840 2241 1898 2287 nt

263 2324 575 2378 videatur
625 2323 840 2390 absque
879 2322 960 2374 his
1005 2322 1176 2374 virtus
1227 2334 1325 2376 nec
1368 2321 1560 2376 decora
1609 2336 1754 2384 esse,
1799 2336 1898 2376 nec

266 2412 497 2478 plena.
536 2410 608 2463 Et
633 2410 762 2463 ideo
787 2405 1192 2476 proficientibus
1230 2407 1295 2460 ad
1322 2408 1592 2470 virtutem,
1653 2419 1706 2463 et
1742 2408 1897 2464 varia:

262 2509 335 2554 et
414 2500 756 2567 frequentes
810 2499 1120 2550 mansioiies
1189 2497 1240 2550 in
1311 2498 1685 2551 tentationibns
1744 2499 1892 2552 ﬁunt.

263 2591 457 2655 Quas
483 2604 617 2642 cum
640 2587 956 2650 transieris,
990 2586 1287 2654 applicabis
1322 2585 1376 2638 in
1409 2585 1675 2640 Tabatha.
1721 2587 1899 2641 Taba-

268 2681 390 2730 tha
439 2679 853 2745 interpretatur
884 2677 1016 2727 bona
1053 2674 1150 2744 (5).
1177 2673 1256 2727 Ad
1305 2675 1446 2729 bona
1491 2687 1617 2744 ergo
1659 2691 1762 2728 non
1797 2677 1895 2730 nisi

270 2780 430 2836 post
467 2774 952 2822 tentamentorum
984 2765 1348 2834 experimenta
1386 2767 1615 2822 venitur.
1645 2766 1769 2821 Inde
1803 2782 1897 2836 ap-

268 2863 650 2930 plicuerunt,
712 2856 912 2926 inquit,
965 2856 1016 2909 in
1073 2855 1306 2920 Ebrona,
1366 2857 1507 2924 quod
1556 2865 1640 2910 est
1698 2857 1894 2910 transi-

273 2966 387 3005 tus
463 2949 572 3025 (6),
628 2947 993 3001 Transeunda
1047 2961 1279 3014 namque
1333 2955 1454 3000 sunt
1505 2947 1716 3009 omnia;
1766 2947 1890 3014 quia

266 3033 640 3098 ctiamsiiad
690 3040 839 3092 bona
892 3037 1098 3099 venias,
1146 3045 1357 3106 Oportet
1399 3046 1449 3089 te
1477 3044 1531 3090 et
1568 3036 1634 3089 ad
1675 3037 1892 3090 meliora

1995 1893 2048 1938 et
2079 1885 2190 1951 ipse
2236 1883 2330 1936 [lat
2383 1896 2534 1935 mons
2580 1882 2734 1944 uber,
2777 1889 2834 1933 et
2875 1891 3026 1931 mons
3070 1876 3402 1944 coagulatus,
3455 1875 3540 1929 vel

1995 1973 2060 2025 ab
2102 1986 2165 2026 eo
2199 1971 2339 2040 quod
2367 1984 2577 2039 semper
2622 1971 2674 2023 in
2720 1978 2900 2024 monte
2930 1969 3020 2022 Dei
3073 1968 3292 2032 habitet,
3337 1973 3544 2020 monta-

1995 2075 2094 2114 nns
2152 2059 2376 2112 dicatur.
2443 2057 2796 2125 Subsequitur
2845 2064 2963 2124 post
3011 2057 3124 2109 hare
3179 2055 3386 2109 mansio
3421 2053 3543 2108 Sel-

1995 2163 2153 2202 mona
2186 2165 2201 2201 :
2231 2150 2372 2217 quod
2401 2149 2784 2215 interpretatur
2810 2146 2993 2198 umbra
3015 2146 3269 2214 portioni:
3294 2143 3430 2212 (10).
3467 2142 3536 2196 ll-

1996 2238 2097 2289 lam
2123 2248 2246 2306 puto
2269 2238 2511 2289 umbram
2539 2236 2639 2290 dici
2661 2237 2726 2289 de
2746 2251 2848 2302 qua
2873 2245 2927 2289 et
2949 2237 3204 2302 propheta
3222 2234 3432 2288 dicebat
3449 2233 3491 2265 ³¹
3517 2247 3534 2286 :

1994 2325 2150 2395 383
2173 2343 2192 2375 σ
2223 2325 2455 2392 Spiritus
2495 2324 2665 2378 vultus
2689 2325 2852 2377 nostri
2883 2324 3128 2377 Christus
3160 2323 3431 2385 Dominus,
3450 2323 3537 2375 cui

1999 2417 2260 2468 diximus:
2286 2418 2337 2469 lu
2367 2415 2557 2468 umbra
2585 2413 2696 2482 ejus
2723 2414 2965 2467 vivemus
3011 2414 3062 2466 in
3089 2413 3353 2479 gentibus.
3375 2433 3396 2463 ι
3425 2410 3530 2466 Sed

1994 2514 2047 2560 et
2095 2505 2181 2558 illa
2218 2503 2408 2558 similis
2455 2504 2581 2557 huic
2607 2504 2792 2557 umbra
2831 2510 2911 2556 est
2935 2541 2950 2568 ,
2976 2502 3042 2556 de
3085 2516 3187 2571 qua
3215 2501 3414 2555 dicitur
3443 2502 3525 2554 “z

2001 2609 2020 2642 ι
2057 2591 2293 2660 Spiritus
2320 2591 2529 2647 Domini
2578 2590 2918 2646 obumbrabit
2953 2589 3067 2644 tibi.
3095 2608 3115 2642 ι
3171 2589 3367 2644 Umbra
3417 2603 3544 2658 ergo

1994 2681 2255 2751 portionis
2310 2690 2534 2745 nostra,
2559 2694 2678 2748 qua:
2715 2680 2868 2734 nobis
2891 2679 3212 2748 opacitatem
3239 2687 3455 2746 praestat
3477 2679 3545 2732 ab

1993 2770 2141 2824 omni
2187 2779 2321 2824 aestu
2373 2769 2745 2832 tentationum,
2780 2767 3024 2824 Christus
3067 2777 3168 2830 est,
3212 2776 3267 2820 et
3311 2766 3546 2834 Spiritus

1993 2868 2229 2914 sanctus.
2268 2859 2406 2914 llinc
2431 2861 2539 2926 jam
2573 2858 2788 2913 venitur
2836 2857 2902 2912 ad
2939 2857 3145 2911 Phinon
3172 2895 3187 2920 ,
3214 2855 3355 2924 quod
3382 2856 3544 2909 inter-

1996 2950 2190 3015 pretari
2221 2959 2467 3018 putamus
2506 2950 2610 3002 oris
2651 2948 3030 3016 parsimoniam
3073 2944 3210 3016 (ll).
3262 2945 3364 3011 Qui
3399 2944 3542 2998 enim

1998 3038 2193 3092 intueri
2222 3039 2457 3107 potuerit
2487 3039 2802 3109 mysterium
2829 3037 2895 3091 de
2918 3036 3136 3090 Christo
3162 3044 3215 3090 et
3241 3036 3306 3089 de
3335 3034 3540 3103 Spiritu

271 3133 579 3195 transire,
599 3141 897 3196 usquequo
948 3128 1011 3178 ad
1044 3126 1172 3178 illud
1219 3127 1415 3179 bonum
1453 3123 1654 3186 venias,
1705 3125 1758 3177 in
1788 3139 1894 3192 quo
1920 3101 1961 3156 θ
2001 3138 2202 3190 sancto,
2236 3138 2289 3182 et
2319 3129 2362 3182 si
2393 3129 2606 3194 viderit,
2635 3129 2750 3182 sive
2778 3127 3009 3182 audierit
3039 3141 3101 3181 ea
3131 3142 3248 3196 qua:
3280 3141 3384 3180 non
3415 3124 3544 3202 licet

270 3235 528 3288 semper
563 3217 783 3272 debeas
818 3228 1153 3283 permanere.
1189 3212 1315 3266 Post
1346 3214 1459 3266 haec
1487 3212 1796 3280 pervenitur
1831 3213 1894 3266 ad

268 3307 718 3377 Gasiongabcr,
755 3305 900 3372 quod
932 3305 1315 3371 interpretatur
1335 3302 1560 3355 consilia
1585 3303 1680 3354 viri
1711 3302 1810 3372 (7).
1836 3302 1892 3356 Si

274 3403 430 3470 quis
456 3401 621 3454 desiit
649 3411 799 3466 puer
830 3406 951 3449 esse
984 3392 1249 3456 sensibus,
1288 3393 1390 3445 iste
1415 3391 1658 3460 pervenit
1679 3391 1744 3444 ad
1766 3405 1894 3445 con-

355 3574 418 3606 "
455 3574 605 3628 licel.
646 3587 708 3634 λ,
750 3569 801 3622 4.
903 3567 948 3598 ’⁸
985 3568 1176 3635 Ephes.
1223 3578 1296 3628 tv,
1329 3563 1420 3616 27.

275 3762 455 3800 nam.
486 3763 504 3796 ι
560 3741 754 3794 Hebr.
799 3747 1012 3796 nmen
1056 3754 1072 3785 ι
1115 3733 1473 3787 tlhasmonah.
1499 3751 1518 3784 ι
1553 3731 1691 3785 LXX
1734 3736 1894 3790 inter-

270 3824 482 3883 preies
513 3807 836 3883 Σελμων-ᾷ.
872 3806 983 3883 Ego
1018 3819 1111 3883 pro
1161 3805 1392 3883 Asenna,
1443 3801 1718 3883 legendum
1767 3813 1892 3869 puto

276 3868 299 3935 ἱ
335 3868 667 3935 Αεεηιοηεξ
708 3894 730 3926 ι
770 3868 1179 3941 Etymologistes
1203 3879 1381 3941 autem
1405 3871 1544 3923 nulla
1569 3868 1884 3941 litterarum,

267 3953 382 4004 sed
418 3951 604 4004 solius
646 3944 776 3998 soni
815 3938 992 3994 habita
1039 3941 1240 3992 ratione
1269 3939 1533 3992 Asemona
1580 3938 1891 4001 interpreta-

269 4031 377 4073 tus
416 4018 596 4071 fnerit
631 4034 653 4065 ι
685 4028 776 4072 os,
810 4029 828 4060 ι
871 4011 953 4062 vel
981 4027 999 4059 t
1037 4022 1179 4060 ossa.
1213 4025 1232 4058 ι
1278 4015 1400 4068 Dm!
1450 4020 1636 4073 nempe
1673 4005 1891 4057 Hebrai-

268 4105 365 4140 re.
400 4098 612 4138 nostra
648 4083 837 4145 lingua
869 4088 947 4130 est
978 4095 997 4127 ‹
1023 4091 1104 4136 os,
1132 4076 1304 4145 ossis,
1327 4093 1344 4124 ›
1384 4074 1572 4126 Verum
1601 4089 1699 4126 vox
1731 4073 1888 4145 llebr.

265 4164 500 4218 nam
556 4141 789 4208 rectius
858 4146 1210 4225 deduceretur
1262 4144 1328 4196 ab
1377 4151 1538 4227 patrm
1583 4156 1688 4210 quo
1736 4141 1893 4208 signi-

267 4214 510 4282 ﬁcatur,
561 4241 585 4271 ‹
636 4230 894 4280 magnas,
919 4214 1135 4281 primas.
1180 4230 1199 4261 ι

353 4261 1400 4356 Ἶξὶρηὶῇεανε
1440 4286 1656 4356 putatur
1713 4278 1887 4356 exclu-
1929 4261 1970 4313 ί)

269 4347 452 4414 dens;
489 4361 606 4413 Sic
668 4353 875 4407 habent
919 4347 1050 4400 inss.
1105 4348 1246 4400 Libri
1296 4356 1470 4398 autem
1519 4348 1668 4407 editi,
1723 4364 1741 4396 t
1784 4347 1896 4399 Me-

270 4429 496 4484 Salotb.
561 4446 585 4478 ι
639 4422 818 4475 Radix
851 4417 1115 4470 Mcsoroth
1165 4424 1231 4484 ut
1269 4415 1599 4484 significetur
1639 4433 1657 4464 ι
1715 4417 1899 4468 exclu-

271 4482 511 4560 ξιεηεη
573 4492 701 4546 erit.
748 4486 1034 4560 quaquod
1089 4485 1145 4560 in
1194 4482 1367 4560 lliphil
1407 4483 1720 4560 signill_cat_r
1755 4500 1900 4560 arno-

271 4569 390 4626 vit,
444 4551 739 4622 removit,
781 4575 800 4608 ›
841 4551 945 4608 etc.
995 4552 1146 4616 Quod
1194 4553 1236 4604 si
1287 4561 1531 4604 servatur
1575 4551 1731 4626 lectio
1770 4553 1898 4606 libb.

271 4623 462 4707 antea
506 4650 809 4705 editorum
841 4660 860 4693 ι
892 4641 1176 4705 Mesaloth,
1218 4657 1238 4691 ι
1266 4638 1418 4692 radix
1445 4639 1546 4691 erit
1587 4623 1687 4698 n51
1717 4657 1732 4691 ι
1762 4656 1899 4709 pm-

271 4734 397 4781 ter.
440 4723 578 4783 nisi,
615 4722 878 4783 exrepto.
903 4729 922 4761 ι

360 4777 454 4854 ('5)
481 4777 1009 4854 Βιίηαὶιξι-ὺεηὶηινη
1024 4777 1161 4844 quod
1204 4777 1660 4854 fontesﬁsigniﬁcat
1703 4777 1895 4854 tte-lex-

278 4846 631 4913 σοιἠίὶοηεε.
704 4849 858 4903 Unus
912 4847 1079 4898 codex
1127 4861 1225 4913 ms.
1279 4862 1298 4894 ο
1354 4846 1624 4913 Baneaim.
1681 4863 1700 4895 ι
1745 4846 1897 4901 Alius

285 4912 310 4974 '.
349 4923 725 4978 Vuuacham.
761 4935 780 4967 ι
847 4915 1000 4967 Alius
1051 4931 1071 4962 ι
1110 4912 1402 4965 Vanacain.
1444 4913 1500 4964 lu
1547 4912 1766 4966 Hebraeo
1811 4923 1898 4972 9:3

277 5003 424 5082 τρισίν
478 5011 498 5042 ι
531 4993 678 5044 bene
709 4983 992 5082 inachan‘,‘
1025 4999 1043 5032 ι
1078 4982 1215 5048 apud
1253 4979 1390 5032 LXX
1424 4981 1642 5082 Bai/aia.
1665 4981 1893 5082 IBa‘naitn

284 5068 441 5135 vero
471 5087 531 5130 ut
585 5071 924 5144 signiﬁcet}
967 5068 1164 5130 fontes,
1212 5087 1231 5118 ι
1266 5078 1529 5144 utcunque
1565 5071 1896 5144 derivabitur

286 5152 365 5204 ab
407 5155 506 5230 τη
555 5136 671 5213 qua
717 5140 1063 5207 signiﬁcatur
1104 5154 1122 5185 ‹
1171 5136 1352 5189 oculus
1388 5156 1406 5188 ι
1443 5136 1497 5192 et
1531 5140 1894 5212 metaphorice

292 5257 324 5294 σ
359 5223 685 5310 βωμία
711 5237 790 5310 ,τη
820 5239 935 5310 αντ)
965 5223 1340 5310 ἓῖὲῗῖίῖῗέξνῖἐ
1368 5226 1522 5310 (“ius
1563 5245 1582 5275 ι

371 5305 463 5373 (et)
501 5292 931 5373 Gatgadiquod
973 5292 1341 5373 interpretatur
1341 5302 1763 5373 '“tentameutunt,
1790 5299 1892 5352 sive

288 5358 665 5437 const'ipatio.
701 5358 1012 5437 Sic'nhabet
1033 5373 1131 5437 ms_.
1161 5358 1316 5437 codex
1341 5358 1770 5437 [tironensis.l_n_
1792 5380 1890 5437 an-

293 5425 580 5496 {auertitis
602 5449 722 5500 pro!
742 5448 775 5500 r4
793 5425 1039 5492 Galgaal.
1065 5443 1082 5472 ι
1111 5425 1288 5500 legitur
1311 5443 1328 5474 ι
1353 5426 1562 5500 Galgat,
1589 5431 1722 5494 apud
1750 5431 1886 5500 LXX

289 5492 546 5575 ξ’ξιδγάδ,
578 5492 637 5557 in
674 5498 924 5575 Hebraeo
964 5492 1196 5575 “Ital
1216 5492 1508 5575 Anon‘vidén
1528 5492 1794 5575 quomodo
1823 5515 1889 5555 ex

290 5561 442 5632 his;
497 5561 926 5626 tentamentum
965 5577 982 5608 ι
1019 5561 1126 5610 sive
1159 5573 1177 5604 ι
1207 5561 1524 5630 constipatio
1548 5561 1579 5616 ἐ
1620 5567 1730 5619 erui
1764 5582 1890 5636 pos.

1494 3563 1537 3594 ²⁹
1571 3558 1733 3612 lCor.
1765 3576 1880 3626 ml,
1913 3563 1996 3616 Η.

2003 3217 2306 3272 hominibus
2365 3217 2548 3285 loqui,
2591 3219 2895 3272 necessario
2945 3218 3164 3273 habebit
3211 3219 3322 3271 oris
3370 3215 3546 3286 parci-

2009 3307 2272 3370 moniam,
2319 3307 2494 3360 sciens
2531 3307 2755 3374 quibus,
2779 3308 2862 3360 vel
2898 3309 3142 3374 quando,
3175 3307 3256 3360 vel
3278 3306 3544 3375 quomodo

2004 3397 2069 3448 de
2099 3395 2368 3464 mysteriis
2394 3396 2587 3450 divinis
2621 3404 2865 3465 oporteat
2900 3397 3064 3465 loqui.
3096 3397 3223 3451 Post
3257 3397 3370 3452 haec
3398 3398 3547 3452 veni-

2073 3563 2115 3595 ³ο
2153 3565 2304 3619 Prov.
2341 3581 2430 3630 xx,
2454 3567 2505 3621 5.
2583 3569 2622 3599 ³¹
2657 3568 2856 3623 Thren.
2884 3583 2956 3632 tv,
2985 3567 3073 3620 9.6.
3151 3568 3192 3597 "
3226 3567 3353 3621 Luc.
3387 3584 3420 3631 ι,
3451 3571 3540 3624 55.

2070 3733 2383 3804 (5)1‘abatha
2416 3735 2786 3804 interpretatur
2807 3735 2959 3790 bona.
2985 3735 3030 3788 Α
3061 3736 3235 3790 radice
3261 3743 3368 3793 21‘:
3399 3751 3418 3786 t
3444 3736 3543 3788 bo-

1999 3817 2408 3952 nnii‘ififtfrona,
2442 3873 2578 3940 quod
2633 3882 2706 3925 ett
2758 3873 3027 3926 transitus.
3087 3872 3255 3926 Radix
3301 3880 3383 3925 est
3425 3881 3542 3935 Ὧν

2001 3948 2541 4078 ῗῗῧηὲἓξὲοζιςηὸεν,
2575 4009 2730 4078 quod
2757 4010 3130 4078 interpretatur
3170 4008 3389 4062 consilia
3419 4011 3536 4064 viri.

1998 4073 2087 4129 Sic
2140 4077 2302 4130 habet
2349 4073 2512 4130 codex
2574 4073 2932 4130 Ebroicensis.
2989 4073 3133 4129 L'ibri
3191 4091 3318 4130 vero
3375 4089 3536 4131 antea

1996 4147 2142 4204 editi,
2187 4163 2205 4195 ι
2263 4145 2634 4212 Gasiongabis.
2691 4163 2708 4196 ι
2764 4144 2904 4198 LXX
2971 4145 3285 4208 interpretes
3337 4145 3540 4199 Γεσιὼν

2002 4213 2195 4283 Γάϐερ,
2232 4213 2482 4267 Hebrzeus
2534 4223 2708 4268 textus
2760 4223 2866 4273 an:
2888 4221 3010 4293 ΡΠ
3043 4232 3060 4262 t
3103 4213 3480 4283 Hcsiongaber.
3513 4234 3532 4266 ι

1999 4301 2379 4368 Interpretatur
2403 4311 2576 4354 autem
2605 4304 2705 4354 hoc
2727 4319 2916 4354 nomen
2944 4320 2961 4350 ι
3007 4302 3229 4356 consilia
3261 4303 3356 4355 viri
3401 4323 3418 4354 ι
3466 4305 3534 4359 ab

2003 4379 2116 4433 my
2138 4371 2275 4438 quod
2311 4380 2411 4432 est,
2446 4388 2463 4420 t
2487 4371 2785 4428 consilium.
2808 4389 2826 4420 ο
2849 4380 2903 4422 et
2923 4381 3050 4431 '13:,
3073 4372 3210 4437 quod
3239 4381 3322 4426 est
3346 4390 3366 4424 ί
3388 4376 3488 4427 vir.
3515 4393 3532 4424 ι

2071 4437 2566 4508 (8)“ΡΙιαταηεα‹1εε.
2601 4441 2738 4508 quod
2765 4449 2837 4491 est
2877 4438 3210 4506 fructi/icatio
3244 4452 3446 4495 sancta.
3492 4445 3535 4494 Α

2000 4517 2117 4627 Frag?
2147 4525 2166 4556 ‹
2199 4507 2428 4562 fructum
2453 4507 2639 4571 edidit,
2673 4527 2692 4558 ι
2731 4518 2784 4560 et
2820 4517 2943 4592 tznp
2988 4527 3008 4556 ι
3037 4517 3276 4562 sanctum
3306 4525 3424 4564 esse
3455 4511 3535 4564 vei

2020 4592 2136 4627 teri.
2183 4595 2201 4626 ι
2476 4623 2479 4626 .

2020 4592 2136 4628 ten.
2183 4595 2201 4626 ι
2476 4623 2479 4626 .

2071 4645 2144 4713 (9)
2191 4643 2286 4707 Or,
2329 4645 2466 4712 quod
2504 4645 2874 4710 interpretatur
2909 4653 3202 4699 montanus.
3253 4644 3424 4698 Radix
3452 4659 3533 4700 est

1997 4725 2115 4770 ἰε-τι
2152 4730 2170 4762 ‹
2197 4727 2367 4777 mons,
2419 4735 2437 4767 ι
2465 4715 2602 4767 unde
2635 4723 2710 4767 ’τι
2750 4730 2768 4762 t
2802 4727 2972 4775 mons,
2994 4724 3238 4766 montana
3271 4715 3402 4767 loca.
3439 4734 3458 4766 ι

2068 4781 2176 4850 (ltl)
2201 4781 2465 4842 Selmona,
2487 4781 2622 4847 quod
2659 4781 3024 4847 interpretatur
3050 4782 3231 4833 umbra
3256 4783 3528 4849 partionis.

1995 4872 2038 4923 Α
2059 4855 2160 4928 ⁸753
2189 4889 2206 4920 ι
2235 4870 2534 4923 obumbrari
2559 4853 2722 4925 itit“)?
2741 4885 2758 4916 ι
2775 4869 2982 4927 umbra.
3001 4886 3018 4915 ι
3036 4865 3123 4919 cui
3138 4865 3182 4918 si
3196 4868 3531 4931 additurmu

2001 4957 2019 4989 ‹
2055 4942 2246 5020 portio.
2280 4958 2298 4990 ι
2323 4937 2568 4992 Selmona
2619 4948 2763 4992 recte
2802 4939 3241 5007 interpretabitur
3271 4959 3289 4986 ι
3342 4943 3526 4993 umbra

1996 5019 2428 5143 miltigngliiiton,
2467 5074 2604 5140 quod
2637 5073 2963 5143 interpretari
2994 5084 3235 5139 putamus
3264 5071 3366 5123 oris
3403 5087 3529 5143 par-

1993 5138 2285 5197 cimonium.
2322 5143 2410 5196 Sic
2440 5138 2598 5195 habet
2629 5143 2789 5194 codex
2824 5138 3152 5192 Turonensis
3177 5153 3229 5190 et
3263 5138 3530 5190 consentit

1992 5229 2108 5266 cum
2141 5211 2357 5265 Hebraeo
2399 5220 2542 5263 textu
2570 5211 2618 5262 in
2651 5225 2754 5275 quo
2781 5210 2974 5277 legitur
3013 5215 3142 5294 με.
3181 5207 3323 5259 Libri
3369 5215 3524 5256 antea

1991 5302 2115 5354 editi
2142 5301 2332 5354 habent
2367 5319 2384 5349 ι
2413 5301 2564 5362 Fino,
2593 5319 2611 5350 ι
2644 5298 2784 5350 LXX
2822 5290 3138 5363 interpretes
3171 5293 3326 5346 Φινὼ.
3359 5290 3519 5344 Puta-

1991 5371 2079 5422 hnt
2118 5381 2292 5422 autem
2321 5368 2580 5434 Origenes
2611 5369 2810 5419 l‘hinon
2842 5364 3183 5434 interpretari
3219 5380 3238 5410 ι
3266 5363 3373 5434 oris
3401 5375 3526 5427 par-

1991 5439 2270 5492 cimoniatn
2299 5456 2316 5487 ι
2349 5452 2376 5487 a
2407 5430 2482 5494 ﬁn
2509 5435 2644 5502 quod
2671 5443 2803 5502 est}
2831 5447 2909 5495 os,
2936 5433 3086 5490 oris,»
3117 5440 3176 5502 et
3195 5445 3223 5481 a
3250 5430 3412 5502 verbo
3438 5433 3526 5483 rm

1989 5509 2126 5573 quod
2165 5514 2282 5566 est,
2326 5521 2342 5552 ι
2367 5499 2649 5573 oppressit.
2678 5519 2695 5550 ι
2748 5501 2934 5569 Magna
2979 5507 3058 5552 est
3095 5499 3234 5551 enim
3282 5499 3390 5550 oris
3427 5509 3525 5561 0p.

1994 5572 2158 5642 pressi
2205 5572 2542 5642 parcintonia.
