3822 6192
369 291 469 348 799

369 419 455 461 tur
477 406 672 468 Obotb,
704 406 858 474 cujus
885 403 1112 456 nominis
1145 401 1389 470 quamvis
1414 413 1516 450 non
1544 392 1904 448 invenerimus
1933 390 1976 442 Α

371 496 861 563 interpretationem
895 492 1025 560 (12),
1063 502 1235 543 tamen
1265 503 1369 541 non
1401 488 1737 547 dubitamus,
1765 482 1903 533 sicut

365 595 418 636 et
449 585 499 635 in
528 585 735 635 cmteris
764 583 1032 644 omnibus,
1063 580 1222 631 etiam
1255 578 1305 629 in
1343 577 1443 629 hoc
1473 574 1688 626 nomine
1720 583 1905 622 conse-

366 672 637 738 quentiam
666 670 996 738 profectutnn
1023 665 1346 720 conservari.
1375 663 1626 730 Sequitur
1648 667 1764 726 post
1793 659 1904 709 ba-c

367 761 575 813 mansio
627 775 744 825 qua:
793 757 1086 825 appellatur
1134 755 1229 808 Gai
1271 792 1286 816 ,
1334 753 1474 820 quod
1530 750 1906 815 interpretatur

367 849 527 902 chaos
560 847 693 917 (15).
740 847 1031 915 Appropiat
1076 843 1219 897 enim
1272 858 1366 911 per
1395 844 1489 894 bos
1528 838 1798 908 profectus
1841 836 1906 888 ad

369 940 518 989 sinus
539 936 787 998 Abrabzn,
813 935 903 1001 qui
926 935 1052 987 dicit
1078 934 1141 984 ad
1164 946 1257 984 eos
1276 930 1366 998 qui
1385 930 1434 982 in
1456 926 1732 980 tormentis
1759 932 1904 987 sunt,

369 1028 491 1090 quia
525 1044 543 1076 ι
575 1026 715 1077 inter
740 1040 833 1079 vos
862 1034 912 1076 et
941 1037 1033 1076 nos
1061 1023 1226 1075 chaos
1253 1036 1501 1088 magnum
1531 1017 1905 1071 confirmatum

368 1124 450 1166 est
475 1114 540 1178 ³³,
577 1131 596 1164 ι
639 1122 695 1167 ιιι
722 1123 774 1168 et
804 1114 917 1180 ipse
946 1113 995 1164 in
1031 1112 1238 1166 sinibus
1265 1112 1399 1176 ejus,
1426 1109 1564 1162 sicut
1595 1106 1782 1159 beatus
1809 1103 1910 1156 La-

369 1221 548 1270 zarus,
585 1206 903 1274 requiescat.
944 1204 1068 1258 Inde
1118 1205 1307 1258 iterum
1349 1203 1560 1256 venitur
1608 1199 1901 1265 Dibongad,

369 1298 507 1363 quod
560 1295 863 1363 signiﬁcare
916 1293 1082 1346 fertur
1128 1293 1385 1360 apiarium
1445 1291 1810 1344 tentationum.
1865 1292 1909 1344 Ο

373 1387 561 1437 miram
595 1385 784 1437 divina:
813 1383 1152 1452 providentia:
1179 1381 1437 1435 cautelam
1462 1380 1473 1432 !
1507 1380 1642 1433 Ecce
1660 1379 1765 1446 jam
1795 1381 1910 1433 via-

373 1484 454 1526 tor
497 1475 583 1526 bie
615 1473 829 1525 itineris
869 1472 1136 1534 cmlestis,
1181 1484 1401 1524 summa
1433 1469 1750 1536 perfectioni
1784 1485 1907 1537 pro-

373 1563 544 1614 ximus
572 1561 630 1612 fit.
669 1561 1007 1614 successione
1043 1561 1319 1622 virtutum,
1353 1570 1407 1611 et
1439 1569 1611 1612 tamen
1648 1561 1694 1613 ei
1729 1569 1907 1612 tenta-

373 1658 545 1705 menta
578 1664 680 1703 non
718 1651 928 1714 desunt,
975 1649 1069 1702 sed
1118 1650 1236 1701 novi
1283 1649 1493 1715 generis
1529 1649 1688 1701 audio
1735 1656 1914 1703 tenta-

373 1749 570 1792 menta.
598 1739 893 1808 Apiarium,
924 1739 1116 1806 inquit,
1155 1738 1536 1793 tentationum.
1565 1740 1696 1808 Apis
1738 1740 1914 1793 lamia-

373 1829 478 1883 bile
501 1830 700 1882 animal
743 1831 793 1881 in
831 1828 1122 1897 Scripturis
1155 1829 1382 1896 positum
1409 1839 1508 1895 est,
1549 1846 1614 1884 ex
1652 1829 1802 1898 cujus
1839 1831 1915 1884 la-

371 1918 590 1971 boribus
631 1934 783 1988 reges
812 1929 864 1971 ct
893 1919 1184 1972 mediocres
1224 1919 1287 1969 ad
1331 1919 1612 1972 sanitatem
1645 1930 1868 1974 utuntur
1897 1937 1911 1985 ;

372 1995 511 2074 quod
542 2016 684 2061 recte
713 2009 778 2061 de
806 2007 981 2061 verbis
1021 2008 1398 2075 prophetarum
1429 2018 1482 2060 et
1511 2009 1872 2076 apostolorum
1897 2051 1913 2076 ,

372 2106 534 2163 atque
563 2096 800 2150 omnium
833 2099 919 2163 qui
957 2113 1104 2152 sacra
1134 2098 1399 2150 volumina
1432 2100 1913 2167 conscripserunt,

372 2186 665 2253 accipitur;
708 2195 760 2239 et
791 2186 932 2240 istud
962 2201 1081 2240 esse
1131 2189 1388 2254 apiarium
1415 2229 1429 2253 ,
1465 2189 1516 2240 id
1550 2199 1667 2249 est.
1699 2204 1914 2243 omnem

374 2293 653 2332 numerum
700 2279 1096 2348 Scripturarum
1141 2281 1436 2334 divinarum
1468 2283 1781 2350 dignissime
1834 2285 1917 2337 in—

376 2368 538 2438 telligi
581 2378 728 2436 puto.
779 2369 869 2422 Est
908 2385 1039 2438 ergo
1080 2369 1144 2422 iis
1177 2371 1265 2437 qui
1297 2371 1361 2423 ad
1397 2371 1775 2438 perfectionem
1803 2383 1918 2428 ten-

373 2459 525 2521 dunt,
559 2460 718 2512 etiam
752 2459 806 2513 in
837 2461 936 2513 boc
962 2459 1197 2527 apiario,
1228 2461 1281 2513 id
1307 2462 1463 2514 estin
1488 2461 1663 2515 verbis
1689 2465 1918 2531 prophe-

375 2547 495 2600 ticis
530 2556 583 2600 et
617 2549 926 2616 apostolicis
951 2587 965 2612 ,
1001 2549 1257 2602 nonnulla
1309 2553 1553 2604 tentatio.
1605 2553 1691 2608 Vis
1734 2557 1916 2610 videre

372 2635 496 2702 quia
525 2636 594 2689 sit
623 2637 674 2688 in
712 2637 793 2690 bis
823 2639 1045 2692 tentatio
1074 2654 1176 2692 non
1206 2640 1461 2694 minima?
1486 2642 1540 2694 In
1577 2642 1679 2696 boc
1709 2645 1916 2712 apiario

371 2724 628 2790 scriptum
665 2725 910 2780 invenio:
954 2745 973 2778 ι
1005 2729 1134 2782 Vide
1157 2767 1172 2793 ,
1207 2729 1381 2797 inquit
1429 2729 1507 2794 “,
1538 2746 1604 2784 ne
1649 2733 1916 2801 aspiciens

373 2812 538 2866 solem
565 2823 619 2867 et
643 2814 845 2879 lunam,
882 2817 1075 2871 adores
1103 2832 1162 2870 ea
1202 2834 1320 2885 qua:
1350 2822 1702 2887 sequestravit
1733 2821 1914 2876 Domi-

376 2917 476 2956 nrrs
523 2902 663 2957 Deus
709 2913 832 2959 tuus
863 2908 1126 2974 gentibus.
1159 2928 1177 2960 ι
1235 2911 1395 2965 Vides
1433 2927 1551 2979 qua:
1601 2913 1822 2967 tentatio
1851 2914 1917 2968 de

375 2991 584 3059 apiario
607 2993 710 3046 isto
735 2997 1016 3061 procedit?
1041 2997 1103 3049 Et
1121 2999 1310 3051 iterum
1334 3015 1454 3052 cum
1478 3002 1603 3056 dicit
1623 3003 1701 3057 "z
1739 3020 1756 3052 ι
1781 3003 1915 3058 Deos
1944 3009 1985 3065 C

375 3095 476 3132 non
495 3081 795 3136 maledices.
825 3101 843 3134 ι
875 3084 937 3136 Ει
957 3085 1146 3139 iterum
1175 3087 1226 3139 in
1251 3087 1378 3141 Novi
1403 3091 1735 3145 Testameuti
1765 3095 1911 3160 apia-

375 3168 456 3221 rio
480 3169 566 3223 ubi
593 3169 816 3238 legimus
846 3172 922 3224 “z
957 3191 974 3223 ι
1007 3173 1143 3238 Quid
1171 3191 1254 3230 me
1278 3179 1438 3233 vultis
1461 3181 1706 3234 occidere
1739 3183 1912 3247 bomi-

375 3273 496 3312 nem
529 3260 619 3326 qui
650 3261 922 3314 veritatem
961 3263 1166 3320 loeutus
1195 3282 1311 3320 sum
1341 3269 1527 3323 vobis?
1556 3289 1577 3322 ι
1615 3271 1678 3324 Ει
1718 3271 1910 3326 iterum

377 3349 429 3400 in
463 3348 582 3402 aliis
622 3349 733 3416 ipse
766 3351 1020 3406 Dominus
1051 3355 1178 3408 dicit
1211 3357 1284 3409 '7:
1322 3376 1339 3408 ι
1361 3358 1648 3422 Propterea
1680 3361 1729 3414 in
1760 3377 1915 3430 para-

376 3436 516 3491 bolis
542 3438 728 3507 loquor
751 3441 848 3502 eis,
882 3452 938 3494 ut
968 3443 1201 3499 videntes
1225 3462 1329 3501 non
1355 3449 1586 3514 videant,
1614 3460 1666 3504 et
1697 3453 1916 3506 audien-

379 3535 458 3577 tes
511 3540 612 3578 non
665 3526 982 3597 intelligant,
1014 3547 1078 3584 ne
1129 3531 1262 3586 forte
1312 3546 1709 3600 convertantur,
1744 3551 1796 3594 et
1826 3556 1913 3595 Sa-

377 3630 496 3668 nem
523 3629 634 3670 eos.
661 3635 680 3668 ι
719 3615 822 3670 Sed
852 3630 905 3672 et
933 3635 1052 3674 cum
1081 3623 1364 3690 Apostolus
1394 3627 1522 3679 dicit
1546 3627 1616 3681 ³⁸;
1668 3647 1685 3679 ι
1715 3630 1768 3681 In
1798 3631 1917 3697 qui-

377 3702 477 3756 bus
496 3703 630 3757 Deus
647 3705 799 3770 hujus
816 3709 991 3760 sa'culi
1011 3712 1299 3764 exczecavit
1317 3723 1522 3768 mentes
1543 3715 1836 3772 infidelium
1857 3738 1870 3784 ;
1893 3739 1911 3772 ι

362 3784 434 3843 et
460 3793 626 3845 multa
653 3795 951 3860 bujusmodi
974 3799 1023 3851 in
1051 3800 1150 3853 boc
1164 3801 1342 3856 divino
1361 3804 1568 3871 apiario
1592 3814 1915 3863 tentamenta

380 3883 635 3949 reperies,
666 3885 730 3938 ad
760 3901 878 3952 qua:
915 3902 1136 3944 necesse
1168 3900 1251 3944 est
1277 3893 1460 3947 venire
1483 3910 1919 3968 unumquemque

381 3982 710 4039 sanctorum,
752 3984 809 4027 ut
834 3978 992 4030 etiam
1023 3993 1117 4046 per
1149 3981 1282 4044 bzec,
1309 3997 1467 4050 quam
1504 3986 1735 4052 perfecte
1757 3999 1807 4043 et
1833 3991 1918 4058 pie

382 4063 448 4112 de
477 4061 580 4114 Deo
607 4064 826 4128 sentiat,
855 4080 1199 4136 agnoscatur.
1235 4071 1362 4126 Post
1411 4075 1525 4129 haec
1566 4075 1676 4142 jam
1704 4082 1919 4135 venitur

383 4147 603 4238 Delmon
640 4151 994 4219 Deblathaim,
1024 4161 1161 4226 quod
1190 4161 1575 4230 interpretatur
1600 4179 1918 4238 contemptus

381 4235 571 4298 ﬁcuum
593 4239 725 4308 (14),
767 4243 818 4296 id
849 4255 934 4298 est
959 4248 1048 4300 ubi
1095 4261 1508 4305 contenmuntur
1537 4264 1590 4309 et
1624 4235 1918 4326 despiciun-

387 4332 473 4376 tur
521 4329 728 4392 penitus
779 4341 1007 4393 terrena.
1044 4337 1154 4392 Nisi
1201 4342 1343 4394 enim
1393 4355 1572 4412 spreta
1619 4345 1818 4403 fuerint
1862 4361 1918 4404 et
1952 4333 1993 4385 Ῑ)

383 4425 685 4483 contempta
723 4434 783 4472 ea
825 4437 942 4490 qua:
979 4427 1245 4484 delectare
1274 4432 1523 4488 videntur
1553 4436 1603 4488 in
1637 4439 1817 4500 terris.
1853 4445 1918 4497 ad

383 4502 619 4555 rmlestia
644 4509 871 4562 transire
900 4527 998 4565 non
1019 4530 1316 4580 possumus.
1347 4521 1600 4589 Sequitur
1622 4527 1765 4580 enim
1795 4539 1915 4595 post

386 4593 496 4644 base
527 4595 732 4647 mansio
759 4598 972 4651 Abarim
1005 4615 1187 4656 contra
1218 4608 1399 4661 Nabau
1419 4649 1432 4672 ,
1458 4613 1596 4678 quod
1620 4625 1701 4666 est
1728 4593 1922 4672 transi-

385 4692 486 4735 tus.
544 4683 721 4737 Nabau
761 4701 884 4741 vero
922 4691 1175 4748 abscessit)
1223 4699 1604 4768 interpretatur
1647 4705 1779 4773 (l5).
1821 4708 1917 4763 Ubi

388 4823 391 4826 ’
454 4822 498 4853 ³³
534 4821 641 4875 Luc
695 4840 801 4883 xvr.
839 4825 926 4878 26.

383 4892 427 4925 ³⁸
459 4890 497 4942 ΙΙ
529 4893 649 4945 Cor.
699 4908 770 4954 Iv,
803 4895 859 4950 4.

1944 1695 1986 1748 Β

1002 4829 1044 4859 ³⁸
1074 4833 1221 4886 Deut.
1261 4851 1330 4892 tv.
1379 4837 1462 4889 19.

931 4898 973 4929 ³³
1011 4898 1141 4952 Gen.
1172 4919 1222 4967 v,
1248 4903 1335 4956 24.

455 5007 563 5081 (l2)
605 5007 788 5070 Obmh,
819 5011 968 5081 cujus
1007 5015 1227 5067 nominis
1263 5017 1495 5081 quamvis
1523 5033 1625 5070 non
1663 5018 1916 5075 inveneri-

385 5093 497 5129 mus
523 5079 1128 5158 interpretationemmlc.
1151 5079 1281 5140 me
1301 5084 1444 5136 reddi
1471 5094 1645 5152 potest
1680 5103 1698 5136 ι
1719 5087 1918 5158 Pytho-

388 5159 482 5198 nes
505 5163 522 5196 ι
559 5143 642 5196 vel
677 5162 695 5195 ι
722 5155 888 5201 utres.
914 5167 931 5199 ι
964 5143 1131 5203 Radix
1171 5161 1250 5204 est
1281 5159 1399 5209 nm.

458 5231 568 5303 (15)
599 5231 722 5296 Gai,
749 5236 882 5303 quod
909 5237 1272 5303 interpretatur
1296 5239 1470 5290 chaos.
1499 5237 1553 5291 In
1582 5239 1732 5294 libris
1759 5255 1917 5300 antea

391 5302 547 5374 editis
585 5315 680 5374 pro
736 5302 875 5374 (Gai
905 5323 941 5374 ξ
966 5302 1157 5374 legitur
1201 5324 1219 5356 ι
1246 5304 1361 5374 Gai,
1395 5326 1413 5357 ι
1451 5309 1541 5360 sed
1583 5311 1721 5374 apud
1777 5311 1919 5367 LXX

390 5367 574 5425 Fai,et
606 5369 872 5438 ingcodice
904 5367 1194 5427 Turonensi
1231 5393 1250 5426 ι
1275 5373 1394 5438 Gai,
1426 5394 1444 5426 ι
1479 5376 1532 5427 in
1569 5367 1786 5432 lieliraeo
1827 5397 1922 5433 au-

397 5442 499 5514 tem
539 5439 640 5514 ιη.
670 5436 836 5514 ηπόίκ
864 5450 1088 5514 εει-διν,
1107 5445 1245 5514 quod
1281 5436 1554 5514 est-Mich.
1583 5461 1620 5506 ι,
1646 5444 1698 5508 6,
1730 5464 1750 5497 ι
1779 5464 1925 5503 acer-

398 5504 800 5624 ;gamlus,
833 5527 852 5559 ι
887 5510 970 5565 vel
999 5504 1316 5568 rd’eéolatio.
1344 5531 1361 5564 ι
1400 5513 1548 5570 Unde
1573 5504 1627 5568 et
1659 5504 1867 5572 (chaos
1900 5537 1917 5569 ι

1777 267 2087 326 ORIGENIS

1540 4836 1582 4867 ⁸⁸
1609 4837 1774 4897 Exod.
1832 4862 1961 4912 xxn,
2011 4849 2099 4902 ξε.

3533 241 3624 295 suo

2007 383 2146 435 enim
2182 395 2278 448 per
2313 379 2412 432 bas
2441 390 2640 429 omnes
2681 375 2961 427 virtutes
3015 367 3129 421 iter
3171 359 3347 430 egerit
3375 358 3556 423 ιιιιῖιιιθι
3582 369 3629 412 ει

2005 474 2068 526 ad
2102 483 2377 525 summum
2405 467 2785 538 perfectionis
2814 457 3190 517 ascenderit,
3229 451 3420 538 transit
3443 451 3543 518 jam
3562 451 3627 538 de

2005 561 2222 623 szeculo,
2253 568 2311 613 et
2335 537 2620 612 abscedit:
2667 555 2829 608 sicut
2859 550 3158 616 scriptum
3187 551 3275 597 est
3305 539 3372 593 de
3399 537 3536 592 Enoc
3559 537 3626 590 υς

2011 663 2029 695 ι
2059 645 2122 697 Ει
2149 661 2253 698 non
2282 643 2693 704 inveniebatur,
2725 639 2873 707 quia
2903 632 3427 689 transtulerateum
3447 627 3585 678 Deus.
3609 645 3625 674 ι

2006 739 2156 804 Quod
2191 737 2293 789 etsi
2335 737 2590 789 videatur
2615 748 2750 787 esse
2779 730 2989 785 adhuc
3022 728 3079 779 in
3115 721 3323 777 saeculo
3352 719 3442 788 qui
3471 717 3632 820 hujus-

2008 831 2150 885 modi
2187 837 2305 891 est,
2333 837 2387 881 et
2413 829 2469 878 in
2495 838 2666 879 carne
2695 822 2988 876 habitare
3009 856 3028 880 ,
3057 824 3249 868 tamen
3281 827 3388 864 non
3423 823 3631 862 mveme-

2008 931 2113 973 tur.
2151 919 2208 972 ln
2242 934 2350 986 quo
2384 932 2494 969 non
2527 912 2905 969 invenietur?
2946 909 3009 962 In
3050 905 3212 960 nullo
3239 913 3366 956 actu
3394 899 3635 965 surculari,

2011 1014 2064 1065 in
2107 1011 2254 1064 nulla
2292 1026 2351 1064 re
2379 1008 2611 1072 carnali,
2651 1007 2709 1059 in
2746 1003 2915 1057 nullo
2951 999 3254 1067 colloquio
3289 993 3538 1047 vanitatis
3566 994 3635 1045 in-

2011 1105 2247 1157 venitur.
2286 1099 2594 1154 Traustulit
2623 1098 2782 1152 enim
2824 1109 2969 1149 eum
3023 1092 3184 1145 Deus
3213 1087 3284 1141 ab
3321 1087 3388 1139 iis
3411 1125 3427 1150 ,
3458 1094 3509 1138 et
3537 1099 3640 1138 esse

2012 1193 2244 1246 fecit'in
2293 1190 2518 1256 regione
2564 1187 2870 1240 virtutum.
2916 1181 3152 1236 Ultima
3212 1176 3428 1230 mansio
3470 1183 3548 1228 est
3587 1176 3647 1227 ab

2011 1282 2299 1336 occidente
2333 1278 2495 1331 Moab
2515 1277 2672 1346 juxta
2699 1273 3061 1328 Jordancm.
3100 1266 3305 1322 Omnis
3329 1278 3550 1332 namque
3568 1262 3641 1317 hic

2011 1386 2203 1426 cursus
2233 1375 2524 1438 propterea
2564 1366 2753 1433 agitur
2775 1403 2790 1425 ,
2826 1371 2890 1416 et
2942 1365 3265 1428 propterea
3297 1354 3531 1408 curritur
3553 1391 3567 1415 ,
3597 1363 3644 1402 ut

2013 1461 2363 1530 perveniatur
2399 1459 2466 1512 ad
2508 1457 2714 1511 ﬂumen
2766 1453 2872 1508 Dei
2912 1492 2931 1516 ,
2971 1460 3041 1503 ut
3086 1445 3340 1518 proximi
3380 1442 3642 1496 efﬁciamur

2013 1552 2228 1606 ﬂuctuis
2252 1549 2556 1618 sapientiai,
2582 1554 2640 1600 et
2668 1545 2936 1613 rigemur
2959 1539 3140 1593 undis
3173 1533 3426 1591 scientia:
3446 1532 3642 1631 div-inre:

2016 1651 2073 1694 ut
2119 1642 2198 1695 sic
2233 1654 2329 1708 per
2359 1638 2544 1692 omnia
2583 1632 2880 1705 purificati
2906 1669 2924 1695 ,
2965 1638 3192 1684 terram
3230 1632 3644 1690 repromissionis

2019 1743 2328 1784 mereamur
2359 1727 2589 1780 intrare.
2622 1723 2756 1777 "me
2784 1719 3038 1775 interim
3072 1717 3150 1772 de
3177 1711 3494 1768 lsraeliticis
3514 1725 3646 1763 man-

2017 1820 2262 1873 sionibus
2313 1817 2617 1872 secundum
2690 1826 2876 1865 unum
2948 1805 3294 1876 exponendi
3351 1801 3555 1856 modum
3601 1800 3645 1852 in

2019 1919 2334 1962 transcursu
2366 1907 2751 1978 perstringere
2772 1939 2790 1967 ,
2823 1909 3014 1970 atque
3047 1899 3108 1953 in
3147 1894 3399 1951 medium
3432 1891 3647 1962 proferre

2016 2000 2308 2068 potuimus.

2085 2108 2172 2160 l5.
2212 2107 2410 2160 Verum
2453 2121 2523 2160 ne
2563 2103 2896 2171 lmjusmodi
2934 2101 3262 2172 expositio,
3301 2118 3424 2174 qua:
3448 2119 3535 2173 per
3562 2101 3646 2155 He—

2015 2192 2280 2251 braeorum
2312 2197 2552 2265 linguam
2581 2205 2637 2248 et
2675 2195 2988 2247 nominum
3016 2194 3443 2262 signiﬁcantias
3479 2193 3648 2253 currit,

2018 2290 2391 2356 ignorantibus
2459 2287 2661 2357 linguae
2723 2287 2886 2341 illius
2943 2288 3375 2356 proprietatem
3428 2284 3645 2340 aﬂectata

2016 2376 2263 2429 videatur
2309 2384 2364 2429 et
2408 2375 2684 2428 violenter
2731 2384 2977 2428 extorta
3007 2416 3025 2441 ,
3081 2375 3357 2430 dabimus
3407 2374 3560 2428 etiam
3601 2372 3646 2424 in

2018 2475 2199 2528 nostra
2235 2466 2414 2534 lingua
2446 2465 2913 2527 similitudinem,
2963 2482 3088 2534 qua
3127 2465 3538 2536 coosequentiae
3565 2466 3646 2518 Ιιιιο

2011 2558 2100 2625 jus
2120 2557 2256 2611 ratio
2277 2565 2543 2624 patescat.
2578 2554 2638 2608 In
2665 2555 2962 2610 litterario
2996 2556 3168 2622 ludo,
3202 2557 3298 2610 ubi
3326 2555 3477 2626 pueri
3500 2554 3646 2624 prima

2017 2649 2282 2700 elementa
2309 2644 2619 2712 suscipiunt
2649 2687 2665 2711 ,
2719 2645 3071 2700 abecedarii
3109 2647 3383 2701 dicuntur
3409 2647 3608 2716 quidam
3629 2684 3645 2706 .

2018 2737 2110 2790 alii
2140 2735 2444 2804 syllabarii,
2480 2734 2574 2786 alii
2621 2737 2973 2802 nominarii,
3007 2737 3119 2791 alii
3157 2737 3283 2806 jam
3316 2737 3649 2792 calculatores

2017 2823 2354 2892 appellantur
2384 2837 2398 2874 :
2437 2831 2494 2876 et
2529 2837 2660 2876 cum
2706 2824 3092 2879 audierimus
3132 2826 3258 2881 hac
3309 2826 3522 2886 nomina
3547 2867 3562 2890 ,
3591 2840 3644 2880 ex

2019 2914 2149 2982 ipsis
2171 2913 2260 2980 qui
2296 2912 2406 2966 sint
2440 2913 2493 2964 in
2522 2914 2716 2979 pueris
2745 2914 3062 2982 profectus
3097 2919 3478 2987 agnoscimus.
3506 2918 3647 2970 Simi-

2020 3004 2141 3056 liter
2175 3013 2229 3055 et
2264 3002 2317 3056 in
2354 3002 2682 3056 liberalibus
2713 3005 2970 3071 studiis,
3003 3021 3146 3060 cum
3181 3020 3282 3062 aut
3318 3009 3495 3063 locum
3525 3010 3643 3062 reci-

2021 3105 2154 3156 tare,
2183 3104 2275 3146 aut
2305 3093 2727 3157 allocutionem,
2759 3095 2851 3147 vel
2886 3095 3157 3164 laudem,
3191 3100 3444 3168 aliasque
3465 3115 3552 3166 per
3573 3115 3645 3153 or-

2018 3184 2196 3237 dinem
2252 3184 2512 3236 materias
2563 3183 2963 3251 audierimus,
3019 3204 3094 3243 ex
3155 3193 3409 3247 materiae
3455 3193 3645 3246 nomine

2018 3272 2320 3344 profectum
2353 3274 2728 3327 adolescentis
2781 3277 3185 3337 advertimus.
3229 3283 3507 3348 Quomodo
3536 3296 3645 3348 ergo

2019 3373 2071 3418 et
2102 3366 2209 3431 per’
2238 3362 2350 3415 haec
2389 3375 2513 3428 quae
2544 3361 2805 3417 locorum
2865 3369 3040 3432 quasi
3082 3372 3456 3424 materiarum
3497 3370 3642 3424 nomi-

2021 3469 2088 3505 na
2118 3459 2522 3514 memorantur,
2558 3466 2670 3504 non
2709 3456 3035 3510 credamus
3080 3457 3138 3511 in
3170 3459 3385 3514 divinis
3407 3459 3638 3514 eruditio-

2023 3543 2178 3594 nibus
2200 3538 2473 3608 profectus
2505 3540 2742 3594 indicari
2777 3558 2956 3611 posse
2990 3548 3386 3605 discentium?
3414 3549 3570 3622 385
3590 3549 3640 3602 Et

2022 3631 2162 3685 sicut
2207 3629 2320 3683 illic
2353 3629 2585 3697 singulis
2616 3631 2956 3702 quibusque
3002 3639 3243 3695 dicendi
3297 3644 3533 3696 materiis
3562 3643 3641 3693 im-

2024 3727 2321 3784 morantes,
2361 3720 2519 3786 quasi
2553 3721 2895 3779 mansiones
2944 3729 3003 3782 in
3033 3731 3123 3786 eis
3175 3734 3450 3801 quasdam
3489 3733 3644 3787 facere

1949 3864 1957 3870 _
2023 3811 2292 3874 videntur,
2331 3820 2387 3864 et
2419 3813 2486 3866 de
2521 3829 2631 3866 una
2665 3817 2737 3870 ad
2777 3819 2960 3875 aliam
2989 3863 3004 3886 ,
3044 3839 3112 3878 ac
3166 3827 3242 3880 de
3280 3826 3390 3879 alia
3441 3827 3557 3880 item
3587 3828 3639 3877 ad

2025 3902 2185 3955 aliam
2230 3900 2546 3970 proficisci:
2589 3905 2664 3958 ita
2695 3909 2879 3962 etiam
2918 3912 3016 3965 hic
3065 3916 3431 3970 mansionum
3472 3927 3638 3968 nomen

2024 4000 2077 4044 et
2125 3991 2387 4059 profectio
2418 3993 2483 4046 ab
2520 4008 2630 4046 una
2669 3997 2740 4049 ad
2771 3998 2950 4054 aliam
2977 4043 2993 4067 ,
3029 4003 3192 4058 etab
3233 4005 3343 4058 alia
3379 4007 3562 4060 iterum
3587 4004 3640 4054 ad

2025 4078 2207 4143 aliam,
2237 4091 2336 4132 cur
2358 4093 2465 4133 non
2493 4080 2814 4147 profectum
2852 4092 3070 4145 mentis
3101 4092 3368 4148 indicare
3394 4094 3638 4152 credatur.

2023 4179 2072 4221 et
2100 4170 2434 4223 incrementa
2462 4171 2792 4238 significare
2817 4178 3103 4234 virtutum
3123 4184 3150 4236 ?
3175 4183 3336 4239 Illam
3359 4201 3482 4241 vero
3501 4187 3640 4239 aliam

2023 4261 2380 4330 expositionis
2412 4271 2624 4330 partem
2672 4271 3067 4332 prudentibus
3108 4276 3435 4347 quibusque
3463 4293 3523 4331 ex
3552 4278 3637 4330 ista

2026 4348 2417 4417 conjiciendam
2451 4359 2507 4404 et
2539 4356 3050 4424 contemplandam
3102 4362 3392 4434 relinquo.
3435 4365 3637 4433 Sapien-

2029 4440 2170 4493 tibus
2219 4438 2362 4492 enim
2409 4437 2608 4493 sufﬁcit
2655 4447 3035 4503 occasionem
3093 4453 3370 4508 dedisse:
3406 4456 3524 4524 quia
3554 4466 3637 4504 nec

2025 4527 2238 4595 expedit
2271 4536 2331 4579 ut
2364 4527 2677 4582 auditorum
2714 4547 2927 4590 sensus
2963 4540 3194 4606 penitus
3223 4539 3640 4597 remaneatotio-

2025 4631 2116 4668 sus
2145 4627 2200 4669 et
2233 4617 2406 4684 piger.
2452 4617 2530 4670 Ex
2569 4619 2775 4673 borum
2825 4639 2967 4693 ergo
3012 4629 3325 4685 collatione
3360 4633 3518 4686 etiam
3563 4628 3636 4682 illa

2027 4709 2316 4762 meditetur
2341 4748 2358 4773 ,
2392 4711 2503 4765 imo
2535 4721 2593 4766 et
2625 4715 2846 4786 aliquid
2886 4725 3284 4793 perspicacius
3331 4741 3398 4781 ac
3432 4725 3639 4781 divinius

2207 4847 2438 4903 "Joan.
2471 4866 2592 4914 vin.
2651 4854 2749 4908 40.
2836 4857 2884 4888 ³⁷
2927 4859 3121 4916 Matth.
3179 4879 3309 4929 xm,
3366 4864 3433 4917 15
3481 4871 3531 4916 et
3563 4860 3634 4916 l5.

2100 5023 2213 5095 (l4)
2250 5023 2472 5102 Gelmon
2523 5024 2897 5102 Deplathaim,
2923 5035 3069 5102 quod
3102 5033 3495 5101 interpretatur
3527 5050 3635 5087 ton-

2027 5104 2251 5160 temptus
2305 5095 2530 5160 ﬁcuum.
2569 5096 2774 5153 Melius
2794 5095 3166 5156 redderetur:
3200 5117 3220 5150 ‹
3248 5095 3540 5159 occultatio
3583 5104 3635 5156 li-

2025 5198 2184 5236 cnnm
2216 5201 2268 5265 in
2291 5183 2359 5236 ab
2401 5168 2523 5250 ὢν
2577 5204 2597 5238 ι
2644 5190 2953 5258 latitavut,n
3009 5201 3066 5246 et
3109 5206 3137 5244 a
3179 5174 3299 5256 ’πιτ
3347 5214 3366 5246 ι
3392 5196 3626 5265 palatha.

2027 5266 2203 5303 massa
2239 5251 2465 5308 iicmtm.
2495 5274 2516 5308 ι

2099 5318 2213 5397 (l5)
2263 5321 2487 5397 Abarim
2530 5337 2724 5382 contra
2772 5327 3012 5396 Nabau,
3045 5329 3188 5397 quod
3229 5343 3312 5384 est
3345 5334 3625 5388 transitus:

2030 5385 2236 5468 .It’abau.
2260 5405 2384 5444 rero
2405 5393 2674 5452 abscessio
2707 5385 3106 5466 interpretatur.
3137 5399 3386 5468 Abarim
3417 5419 3437 5451 ι
3462 5385 3628 5453 trans;

2030 5464 2136 5534 itus
2161 5474 2179 5504 ι
2223 5464 2631 5534 interpretatur
2671 5471 2743 5523 ab
2761 5464 2880 5534 ἰἍῄ
2929 5467 3201 5530 «transiit,
3229 5488 3250 5521 ι
3285 5468 3471 5524 Nabau
3510 5482 3628 5522 vero

2037 5538 2055 5568 ¹
2086 5523 2400 5604 θψθθβδδίοξ
2431 5552 2452 5586 ο
2497 5537 2542 5590 si
2569 5545 2660 5598 Ta:
2688 5523 2990 5599 deducatur
3018 5553 3043 5592 a
3065 5523 3208 5596 mai
3241 5523 3450 5604 venit,r
3483 5539 3618 5600 item,

2037 5607 2055 5638 ι
2088 5591 2282 5662 abivit,
2329 5591 2634 5663 recessit:
