3822 6232
197 343 292 401 a7
325 322 340 373 '
1374 341 1440 396 IN
1475 341 1798 399 NUMEROS
1833 341 2112 396 IIOMlLlA
2149 339 2385 396 xxvm.
3378 339 3480 398 θος

203 437 689 541 watempletur:
737 459 756 492 ι
791 443 916 498 Non
953 451 1096 503 enim
1128 453 1192 504 ad
1230 469 1552 514 mensuram
1584 463 1673 515 dat
1712 463 1845 514 Deus

1951 461 2144 513 buntur
2177 462 2228 514 in
2260 459 2373 527 lege
2398 495 2412 521 ,
2451 454 2670 508 umbras
2699 467 2818 511 esse
2855 461 3150 513 futurorum
3177 457 3475 517 bonorum,

212 530 607 622 gpifiluulwi
637 551 655 582 ³
683 537 786 622 γεθά
817 540 952 604 Quia
983 541 1242 599 Dominus
1269 558 1357 601 est
1379 553 1614 617 spiritus,
1647 553 1842 604 idcirco
1947 550 2228 616 omnisque
2258 546 2538 600 haereditas
2566 552 2720 595 terrae
2743 543 2900 608 illius,
2929 561 3043 614 qua:
3068 547 3121 598 in
3155 543 3330 597 Judzea
3369 553 3478 597 ter-

224 617 396 688 g‘tbi
432 617 582 683 vult,
614 621 792 688 spirat
833 627 908 691 δι,
943 646 965 679 ι
1013 639 1065 683 et
1097 640 1356 698 Optamus
1389 647 1448 690 ut
1493 639 1652 691 etiam
1693 640 1842 694 vobis

240 711 478 785 “pint,
503 725 610 779 quo
641 713 880 769 meliora
909 719 1136 786 horum,
1160 732 1329 792 atque
1359 728 1550 781 altiora
1583 729 1633 780 in
1667 727 1842 780 verbis

250 800 472 864 “omini
497 803 767 864 sentiatis.
794 806 906 860 iter
935 821 1158 878 agentes
1191 827 1288 879 per
1317 814 1430 868 hare
1463 830 1580 882 qua:
1620 831 1716 884 pro
1749 830 1842 867 no-

273 907 390 950 stra
424 891 798 947 mediocritate
824 895 1222 968 descripsimus
1251 919 1266 966 ;
1292 911 1350 956 ut
1377 912 1431 956 et
1456 904 1506 956 in
1533 903 1617 956 illa
1645 903 1724 955 via
1751 919 1841 956 su-

285 983 491 1052 periore
521 990 575 1036 et
602 983 938 1050 excelsiore,
964 989 1126 1041 etiam
1157 1005 1258 1044 nos
1279 991 1552 1045 vobiscum
1583 993 1844 1060 possimus

281 1073 575 1137 incedere;
605 1073 910 1130 deducente
946 1093 1048 1131 nos
1095 1079 1210 1147 ipso
1249 1081 1474 1135 Domino
1503 1091 1685 1134 nostro
1711 1079 1836 1134 Jesu

275 1163 530 1226 Christo,
561 1163 650 1231 qui
684 1173 766 1217 est
803 1166 889 1218 via
917 1206 930 1230 ,
962 1179 1019 1221 et
1046 1170 1245 1222 veritas
1264 1209 1279 1232 ,
1315 1178 1369 1223 et
1399 1171 1504 1223 vita
1526 1208 1541 1232 ,
1571 1185 1844 1238 usquequo

279 1253 670 1321 perveniamus
690 1253 756 1306 ad
778 1254 1020 1321 Patrem,
1047 1271 1168 1309 cum
1193 1258 1470 1311 tradiderit
1496 1271 1711 1326 regnum
1737 1261 1842 1312 Deo

278 1353 337 1397 et
388 1341 585 1408 Patri,
623 1352 678 1398 et
728 1345 1026 1413 subiecerit
1059 1345 1109 1398 ei
1157 1361 1367 1400 omnem
1400 1349 1752 1414 principatum
1791 1355 1845 1399 et

277 1441 638 1500 potestatem.
667 1431 774 1500 Ipsi
807 1433 977 1501 gloria
1003 1442 1058 1488 et
1081 1435 1360 1501 imperium
1387 1436 1436 1490 in
1463 1435 1652 1489 smcula
1679 1450 1843 1490 saecu-

273 1519 476 1574 lorum.
518 1521 720 1575 Amen.

804 1609 1086 1666 IIOMILIA
1136 1609 1364 1666 XXVIII.

270 1696 412 1762 ρυω
461 1701 530 1752 sit
583 1711 743 1753 terrm
803 1712 1001 1755 sanctw
1051 1689 1370 1763 descriptio,
1411 1703 1844 1769 terminorumque

492 1769 613 1836 ejus
639 1780 688 1822 et
713 1770 902 1836 ﬁnium
928 1785 1054 1838 quos
1078 1769 1326 1822 Dominus
1347 1771 1635 1837 descripsit.

346 1870 399 1922 1.
452 1870 661 1924 Ultima
696 1871 750 1923 in
785 1869 922 1924 libro
953 1870 1300 1925 Numerorum
1338 1869 1557 1922 historia
1593 1869 1842 1930 refertur,

270 1958 326 2010 in
359 1973 470 2026 qua
506 1959 778 2013 Dominus
797 1959 950 2027 jubet
979 1959 1142 2028 Moysi
1173 1969 1432 2028 prarccpta
1466 1960 1589 2012 dare
1624 1959 1743 2012 filiis
1771 1960 1846 2010 ls-

272 2048 388 2102 rael
416 2088 432 2115 ,
470 2059 530 2102 ut
577 2065 711 2102 cum
756 2050 983 2119 ingressi
1021 2050 1214 2103 fuerint
1249 2059 1443 2103 terram
1478 2059 1714 2102 sanctam
1759 2063 1845 2100 ca-

271 2153 410 2208 pere
448 2139 839 2193 luereditatem
889 2138 1024 2204 ejus,
1052 2139 1225 2193 sciant
1252 2153 1384 2206 quos
1412 2138 1462 2191 in
1497 2153 1555 2191 ea
1594 2141 1846 2192 terminos

273 2228 473 2282 ίίιιῑιηη
501 2244 734 2281 suorum
766 2228 998 2282 debeant
1017 2228 1324 2280 observare.
1349 2227 1411 2279 Et
1431 2235 1544 2293 post
1561 2227 1669 2280 haec
1684 2228 1843 2278 etiam

187 2315 196 2322 ’
271 2317 395 2385 ipso
430 2315 676 2370 Domino
718 2315 829 2384 (l6)
866 2315 1201 2369 deseribente
1236 2315 1468 2369 dicitur:
1511 2317 1573 2367 ail
1609 2316 1843 2368 Africum

270 2407 528 2475 quidem,
559 2407 670 2459 hoc
700 2416 805 2466 est,
835 2406 897 2457 ad
922 2405 1249 2459 occidentem
1289 2405 1428 2458 illius
1457 2406 1556 2458 lori
1590 2408 1846 2461 terminus

269 2494 645 2557 observetur,
667 2502 723 2543 et
753 2492 897 2544 illius
921 2492 986 2544 ad
1008 2491 1295 2552 orientem,
1326 2498 1381 2542 et
1408 2492 1484 2543 sic
1507 2505 1601 2558 per
1622 2501 1846 2557 quatuor

273 2581 407 2634 caeli
435 2581 634 2650 plagas
669 2580 886 2631 nomina
923 2579 1162 2646 quaedam
1197 2579 1448 2631 Dominus
1479 2580 1587 2645 ipse
1608 2578 1846 2647 designat

272 2683 400 2736 qua:
437 2669 494 2721 in
525 2667 720 2720 Judaea
757 2667 856 2719 ista
890 2674 1103 2734 terrena
1151 2666 1374 2733 populus
1409 2666 1500 2720 Dei
1539 2667 1726 2720 debeat
1753 2682 1847 2719 cu-

272 2757 513 2812 stodire.
553 2755 701 2808 Dicit
734 2768 865 2821 ergo
897 2755 948 2807 in
976 2755 1041 2807 iis
1072 2754 1366 2822 simplicior
1395 2755 1618 2822 quisque
1643 2757 1847 2809 audito-

275 2861 402 2898 rum
426 2886 443 2909 ,
472 2847 608 2914 quia
659 2854 886 2912 possunt
929 2843 1042 2897 haec
1091 2842 1390 2897 necessaria
1418 2844 1585 2897 videri
1614 2853 1667 2897 et
1701 2844 1844 2897 utilia

272 2935 447 2987 etiam
475 2934 786 2987 secandum
829 2932 1083 2995 litteram,
1110 2945 1205 2998 pro
1229 2946 1292 2984 eo
1317 2940 1373 2983 nt
1399 2946 1551 2986 nemo
1578 2942 1847 3001 transgre-

270 3024 464 3077 diatur
488 3022 769 3076 terminos
796 3037 890 3088 per
922 3029 1244 3089 praeceptum
1271 3020 1480 3073 Domini
1505 3022 1844 3088 constitutos,

270 3124 327 3168 et
364 3115 513 3169 ﬁnes
544 3111 780 3166 alterius
813 3112 987 3165 tribus
1023 3111 1127 3163 alia
1160 3111 1356 3164 violare
1392 3124 1496 3164 non
1533 3111 1749 3164 audeat.
1780 3110 1847 3162 Et

271 3206 404 3274 quid
443 3205 748 3266 faciemus,
780 3217 902 3256 cum
935 3202 986 3254 in
1021 3201 1178 3255 terris
1215 3200 1330 3254 istis
1357 3215 1458 3252 non
1489 3199 1658 3253 solum
1691 3199 1844 3252 iuva-

272 3294 442 3347 dendi
471 3291 712 3345 alterius
739 3291 873 3342 fines
892 3287 1089 3342 Judaeis
1107 3327 1124 3351 ,
1150 3289 1241 3342 sed
1263 3287 1704 3355 qualitercunque
1726 3301 1845 3354 pos-

273 3383 500 3438 sidendi
541 3379 779 3434 facultas
807 3378 950 3430 nulla
981 3375 1338 3429 remanserit?
1373 3374 1583 3444 Profugi
1615 3388 1845 3442 namque

272 3473 344 3525 ab
376 3487 480 3534 ea,
514 3479 572 3524 et
614 3475 867 3522 extorres
891 3465 1172 3525 exsulant.
1206 3474 1259 3518 et
1291 3463 1424 3518 ﬁnes
1461 3479 1564 3517 non
1595 3478 1726 3531 quos
1759 3463 1846 3516 lex

269 3560 464 3614 divina
513 3559 755 3618 statuit,
809 3569 951 3608 nunc
995 3553 1326 3622 possidentes
1369 3552 1672 3606 custodiunt
1700 3590 1716 3616 ,
1753 3551 1846 3604 sed

267 3662 420 3714 quos
450 3647 732 3700 victorum
756 3643 879 3711 jura
909 3643 1248 3694 mandarunt.
1286 3639 1443 3704 Quid,
1476 3639 1713 3706 inquam,
1747 3653 1845 3692 nos

270 3737 552 3791 faciemus
577 3733 673 3802 qui
707 3731 822 3784 haec
845 3729 900 3782 in
924 3728 1164 3783 Ecclesia
1188 3728 1447 3797 legimus?
1480 3726 1534 3780 Si
1557 3728 1844 3780 secundum

266 3824 600 3880 Judaaorum
629 3835 850 3875 sensum
893 3820 1152 3888 legamus,
1184 3817 1447 3886 superﬂua
1480 3817 1632 3870 nobis
1665 3817 1846 3884 profe-

266 3924 363 3969 cto
398 3913 749 3967 videbuntur
793 3917 849 3962 et
893 3907 1090 3960 inania.
1131 3906 1236 3960 Sed
1274 3913 1329 3959 et
1360 3919 1462 3974 ego
1503 3904 1596 3972 qui
1643 3903 1758 3973 lego
1783 3905 1848 3959 de

268 4003 550 4072 sapientia
583 4000 852 4066 scriptum
880 3997 958 4051 "z
993 4014 1012 4047 ι
1042 3996 1134 4048 Exi
1170 4004 1288 4062 post
1311 4008 1426 4047 eam
1451 3993 1588 4048 sicut
1615 3995 1847 4062 vestiga-

270 4103 388 4156 tor,
420 4111 442 4144 ι
492 4089 623 4144 volo
649 4088 801 4141 exire
842 4094 960 4155 post
1001 4099 1143 4146 eam,
1187 4092 1244 4138 et
1270 4083 1394 4151 quia
1438 4082 1494 4135 in
1543 4083 1700 4136 rebus
1729 4097 1847 4136 eam

269 4181 681 4250 corporalibus
715 4191 821 4230 non
851 4174 1086 4238 invenio,
1119 4173 1324 4241 insequi
1354 4171 1470 4240 ejus
1501 4171 1720 4238 vestigia
1755 4186 1850 4224 cu-

270 4272 368 4339 pio
396 4309 415 4334 ,
448 4279 506 4323 et
551 4266 892 4334 investigare
925 4278 1032 4330 quo
1063 4273 1148 4317 eat
1173 4301 1188 4327 ,
1229 4275 1292 4315 ac
1320 4261 1498 4314 videre
1548 4259 1846 4314 intellectus

1947 651 2002 689 ra
2032 646 2211 691 saneta
2237 646 2290 690 et
2317 644 2456 689 terra
2485 635 2623 688 bona
2651 634 2966 700 appellatur,
3001 637 3176 703 imago
3209 634 3278 687 sit
3305 635 3478 688 bono-

1949 740 2063 777 rum
2091 726 2415 778 ctelestinm;
2447 738 2672 790 quorum
2709 725 2852 788 haec,
2897 734 2955 778 ut
2984 725 3234 786 diximus,
3267 738 3384 791 quae
3420 720 3473 775 In

1948 815 2104 867 terris
2132 817 2266 869 bona
2311 821 2693 878 memorantur,
2728 814 2968 866 umbram
3007 824 3166 882 atque
3193 813 3475 883 imaginem

1948 909 2180 954 teneant.

2012 991 2067 1042 Ξ.
2094 990 2197 1045 Sed
2229 1001 2282 1044 ut
2318 994 2587 1061 paululum
2619 1003 2674 1047 et
2704 1007 2855 1047 mens
2892 1003 3087 1053 sermo,
3120 999 3174 1042 et
3196 997 3367 1040 vestra
3399 987 3478 1039 in-

1949 1081 2231 1149 telligentia
2279 1084 2632 1148 sulilimetnr,
2668 1094 2826 1151 atque
2871 1085 3165 1148 ingressum
3195 1077 3476 1144 quemdam

1945 1169 2011 1221 ad
2050 1185 2111 1221 ca
2153 1184 2272 1236 qute
2309 1171 2536 1224 dicimus
2578 1169 2898 1225 advertenda
2925 1166 3228 1233 concipiat,
3268 1175 3480 1216 utanmr

1947 1257 2122 1324 aliqua
2146 1257 2518 1313 similitudine.
2551 1259 2716 1313 Nemo
2744 1258 2946 1312 dubitat
2977 1255 3114 1322 quod
3143 1253 3195 1305 in
3222 1261 3362 1304 terra
3386 1249 3479 1303 Ju-

1949 1347 2059 1400 dzea
2089 1347 2262 1400 omnis
2289 1347 2466 1412 locus,
2503 1350 2677 1402 omnis
2709 1363 2882 1409 mons,
2905 1344 3080 1398 omnis
3107 1343 3294 1396 civitas
3321 1348 3374 1394 et
3402 1340 3480 1390 vi-

1945 1450 2060 1500 cus,
2090 1437 2253 1488 certis
2275 1437 2572 1505 quibusque
2595 1436 2864 1490 vocabulis
2893 1435 3199 1500 designetur
3223 1448 3237 1483 :
3273 1443 3368 1482 nec
3395 1437 3478 1480 est

1950 1523 2093 1578 ullus
2122 1525 2338 1577 omnino
2370 1526 2486 1580 sine
2520 1527 2735 1579 nomine
2778 1524 2962 1583 locus,
2994 1521 3086 1575 sed
3117 1517 3344 1587 propriis
3367 1517 3485 1570 sin-

1947 1613 2065 1682 gula
2127 1629 2348 1682 quaeque
2395 1615 2838 1684 appellationibus
2885 1612 3276 1680 designantur:
3329 1606 3476 1661 verbi

1947 1701 2132 1768 gratia,
2153 1704 2348 1770 quibus
2379 1713 2470 1756 aut
2494 1703 2776 1758 Chananzei
2814 1703 2862 1754 in
2895 1700 3006 1754 suis
3043 1699 3190 1760 locis,
3222 1704 3312 1750 aut
3340 1693 3478 1748 Phe-

1873 1777 1916 1831 Β
1947 1790 2092 1842 τεθειξὶ
2120 1790 2464 1844 nihilominus
2489 1791 2540 1844 in
2572 1791 2703 1852 suis,
2741 1787 3164 1854 Amorrliaeique,
3202 1794 3290 1837 aut
3315 1780 3478 1843 Eva‘i,

1942 1877 2023 1930 vel
2053 1879 2212 1932 etiam
2268 1877 2472 1932 Hebraei
2505 1880 2864 1932 nominarunt.
2913 1875 2988 1928 Ita
3029 1889 3154 1942 ergo
3189 1869 3478 1924 secundum

1942 1965 2260 2018 sententiam
2298 1963 2465 2030 Pauli,
2529 1981 2630 2034 qna
2679 1967 2914 2018 umbram
2953 1972 3006 2016 et
3061 1959 3332 2026 exemplar
3365 1970 3478 2011 cte-

1943 2051 2152 2106 lcstinm
2181 2055 2308 2107 dicit
2338 2069 2454 2108 esse
2487 2063 2716 2114 terrena,
2753 2053 2978 2104 fortasse
3008 2060 3059 2103 ct
3088 2050 3138 2102 in
3168 2046 3480 2101 coelestibus

1945 2143 2250 2210 regionibus
2277 2152 2427 2196 erunt
2483 2141 2717 2196 locorum
2749 2139 3060 2192 differentia:
3092 2153 3193 2189 non
3224 2136 3478 2188 minima'.

1944 2231 2144 2284 Videtis
2168 2232 2380 2298 quibus,
2409 2231 2490 2282 vel
2513 2246 2735 2297 quorum
2761 2227 3220 2296 appellationibus,
3249 2223 3481 2276 vocabu-

1945 2319 2116 2388 lisque
2155 2321 2450 2383 tlistinctte,
2491 2328 2545 2370 et
2593 2321 2804 2372 nomina
2851 2331 2953 2370 non
2990 2315 3156 2367 solum
3207 2313 3478 2380 plagarum

1945 2408 2064 2460 (ιωιί
2105 2446 2120 2469 ,
2177 2409 2269 2462 sed
2322 2410 2480 2460 etiam
2538 2408 2774 2460 onminm
2823 2405 3096 2458 stellarum
3142 2403 3482 2467 siderumque

1946 2498 2176 2563 signata.
2226 2515 2244 2546 ε
2274 2496 2372 2562 Qui
2403 2497 2548 2550 enim
2580 2495 2702 2548 fecit
2747 2493 3135 2546 multitudinem
3164 2489 3436 2544 stellarum
3457 2529 3474 2553 ,

1947 2593 2003 2637 ut
2032 2585 2105 2636 ait
2133 2584 2390 2652 Pr0pheta
2421 2585 2490 2650 “,
2514 2583 2760 2636 omnibus
2787 2582 2865 2634 eis
2895 2581 3103 2635 nomina
3136 2587 3308 2632 vocat.
3343 2596 3361 2628 ι
3405 2579 3480 2630 De

1945 2674 2138 2741 quibus
2168 2674 2381 2741 quidem
2433 2674 2735 2726 nominibus
2777 2672 3001 2738 plurima
3036 2671 3089 2723 in
3144 2669 3342 2722 libellis
3387 2666 3477 2729 qui

1947 2763 2278 2831 appellantur
2309 2763 2490 2816 Enoch
2524 2759 2658 2831 (l7),
2692 2769 2897 2814 secreta
2925 2759 3265 2811 continentur
3307 2767 3360 2809 et
3389 2772 3480 2806 ar-

1948 2863 2114 2913 cana;
2148 2848 2240 2902 sed
2265 2848 2390 2916 quia
2437 2847 2600 2900 libelli
2649 2846 2746 2913 ipsi
2786 2860 2894 2897 non
2928 2844 3176 2896 videntur
3206 2843 3340 2909 apud
3377 2839 3481 2892 lle-

1947 2937 2118 2991 braeos
2162 2937 2215 2990 in
2247 2935 2557 2989 auctoritate
2586 2935 2812 2996 haberi,
2847 2933 3056 2986 interim
3087 2945 3225 2984 nunc
3265 2945 3327 2984 ea
3363 2943 3482 2996 qiue

1951 3025 2026 3080 ibi
2056 3025 2404 3079 nominantur
2428 3061 2442 3085 ,
2484 3023 2548 3075 ad
2586 3020 2884 3088 exemplum
2926 3033 3116 3073 vocare
3153 3016 3477 3074 differamus.

1948 3115 2040 3170 sed
2061 3128 2125 3167 ex
2158 3114 2242 3167 his
2270 3127 2385 3180 quae
2413 3113 2674 3166 habemus
2701 3112 2752 3163 in
2781 3110 3048 3172 manibus,
3077 3111 3139 3162 de
3166 3107 3356 3175 quibus
3385 3109 3478 3160 du-

1945 3204 2103 3258 hilari
2134 3217 2238 3255 non
2277 3209 2486 3270 potest,
2526 3215 2704 3254 rerum
2744 3212 3123 3267 prosequamur
3150 3196 3479 3263 indaginem.

1943 3292 2273 3347 Describitur
2284 3305 2410 3358 ergo
2427 3289 2604 3344 verbis
2621 3289 2711 3341 Dei
2731 3289 2780 3340 in
2799 3289 2912 3356 lege
2925 3287 3096 3339 divina
3113 3295 3252 3339 terra
3265 3283 3482 3347 Judmae,

1945 3390 1999 3435 et
2021 3383 2132 3434 haec
2165 3381 2352 3434 referri
2370 3379 2564 3432 debere
2579 3378 2848 3431 diciturad
2867 3378 3142 3443 imaginem
3162 3375 3480 3430 caelestium.

1945 3470 2104 3539 385
2133 3471 2186 3522 ln
2220 3469 2370 3523 ccelis
2403 3476 2580 3521 autem
2616 3467 2886 3520 evidenter
2927 3479 3045 3517 esse
3083 3463 3370 3517 Jerusalem
3412 3463 3484 3515 ci-

1951 3559 2091 3612 vitas
2115 3557 2488 3626 pronuntiatur
2508 3555 2574 3608 ab
2602 3553 2876 3621 Apostolo,
2900 3561 2955 3604 et
2985 3566 3136 3605 mons
3159 3551 3306 3604 Sion.
3334 3551 3481 3605 Con-

1949 3658 2178 3712 sequens
2214 3643 2374 3710 igitur
2403 3650 2486 3695 est
2513 3649 2572 3694 ut
2605 3641 2742 3693 sicut
2763 3647 2888 3692 sunt
2909 3638 3067 3691 etiam
3103 3636 3217 3689 alia:
3239 3638 3484 3692 civitates

1947 3734 2088 3788 circa
2117 3729 2407 3784 Jerusalem
2434 3739 2702 3782 terrenam
2731 3727 2870 3788 siue,
2915 3735 2970 3778 et
3015 3725 3138 3787 vici,
3171 3731 3227 3778 et
3248 3725 3472 3776 diversae

1945 3838 2169 3895 qumque
2221 3823 2467 3891 regiones
2511 3837 2524 3874 :
2567 3821 2636 3872 ita
2678 3827 2732 3872 et
2783 3817 2868 3870 illa
2911 3814 3144 3868 cmlestis
3185 3811 3478 3866 Jerusalem

1948 3914 2240 3970 secundum
2271 3911 2552 3981 imaginem
2583 3918 2914 3962 lerrenornm
2941 3906 3134 3958 habeat
3158 3904 3304 3958 circa
3339 3917 3396 3957 se
3428 3913 3483 3955 et

1947 4004 2083 4059 alias
2111 4001 2378 4062 civitates,
2423 4012 2486 4050 ac
2516 3998 2684 4059 vicos,
2727 3995 3076 4060 diversasque
3119 3992 3386 4060 regiones,
3423 3993 3480 4042 in

1947 4091 2138 4160 quibus
2165 4085 2388 4156 populus
2421 4085 2508 4138 Dei
2557 4092 2611 4137 et
2653 4095 2809 4134 verus
2838 4079 3020 4141 Israel,
3063 4092 3155 4147 per
3186 4077 3362 4130 Jesnm
3387 4090 3480 4129 ve-

1948 4195 2086 4242 rum,
2118 4178 2269 4245 cujus
2295 4175 2382 4230 ille
2409 4172 2563 4228 Jesus
2591 4170 2734 4225 Nave
2757 4169 2962 4224 ferebat
3006 4167 3317 4235 imaginem,
3364 4163 3482 4218 col~

1949 4268 2203 4322 locandus
2249 4273 2330 4318 est
2380 4263 2716 4332 quandoque,
2779 4267 2832 4312 et
2898 4257 3260 4310 ltzereditatem
3322 4253 3482 4307 sortis

271 4376 440 4414 melis
469 4359 537 4412 ad
566 4372 696 4426 quae
724 4369 808 4408 ³1³⁸
837 4352 1032 4406 cubilia
1055 4352 1347 4420 Ρθτῑτδιιθιο
1383 4349 1516 4402 Puto
1542 4350 1681 4402 enim
1705 4349 1842 4417 quod
1875 4381 1920 4434 ι)
1953 4356 2360 4416 distributione,
2411 4353 2463 4405 id
2509 4360 2591 4405 est
2637 4349 2945 4402 meritorum
2995 4343 3444 4414 contemplatione
3465 4381 3482 4405 ,

266 4451 317 4504 si
349 4449 657 4517 diligenter
685 4459 808 4498 eam
840 4441 990 4510 sequi
1020 4450 1264 4508 potuero,
1294 4449 1348 4492 et
1379 4439 1703 4506 investigare
1731 4438 1847 4491 vias

269 4542 398 4611 ejus
419 4581 436 4605 ,
465 4537 624 4592 dabit
655 4533 790 4587 mihi
837 4532 1044 4599 aliquas
1075 4529 1392 4583 occasiones
1419 4542 1484 4582 ex
1522 4526 1848 4595 Scripturis.

271 4631 558 4702 quomodo
598 4626 769 4682 etiam
815 4623 879 4675 de
919 4622 1001 4674 his
1039 4619 1171 4673 locis
1212 4617 1479 4684 explicare
1518 4617 1806 4671 debeamus
1833 4654 1849 4680 ,

273 4727 322 4778 si
376 4721 663 4777 credimus
697 4714 767 4766 iis
798 4724 918 4779 qua:
957 4707 1152 4760 Paulus
1192 4706 1244 4757 in
1297 4705 1549 4773 mysterio
1580 4705 1812 4773 loquitur
1835 4743 1850 4768 ,

271 4813 434 4882 quod
461 4824 553 4880 qut
588 4821 692 4877 per
721 4803 890 4871 legem
912 4797 1241 4859 deserviunt,
1278 4813 1296 4845 ι
1325 4795 1523 4848 umbra:
1550 4803 1605 4850 et
1633 4795 1852 4864 imagini

275 4900 610 4957 deserviunt
640 4891 946 4948 caelestium
977 4887 1042 4939 “.
1081 4904 1101 4937 ι
1149 4885 1216 4937 Ει
1266 4883 1310 4935 si
1349 4885 1637 4936 secundmn
1686 4883 1851 4952 ipsius

279 4988 644 5044 nihilominus
680 4977 1010 5034 sententiam
1043 4974 1154 5036 lex,
1181 4971 1338 5038 cujus
1367 4985 1489 5038 pars
1526 4981 1608 5025 est
1636 4973 1748 5026 haec
1778 4972 1851 5026 le-

279 5081 398 5133 ctio
431 5091 593 5147 quam
624 5073 893 5130 habemus
924 5067 978 5120 in
1017 5063 1294 5124 manibus,
1325 5063 1562 5115 umbram
1591 5063 1750 5118 habet
1776 5064 1852 5115 fu-

284 5181 531 5224 turorum
554 5169 826 5223 bonorum
845 5159 910 5225 “,
929 5166 1269 5220 consequens
1292 5151 1496 5205 videtur
1521 5161 1572 5206 et
1599 5168 1849 5208 necessa-

284 5262 437 5314 rium
461 5297 475 5321 ,
507 5257 690 5311 omnia
735 5265 854 5319 quae
879 5244 1034 5316 quasi
1077 5243 1145 5295 de
1192 5241 1353 5293 rebus
1384 5244 1607 5294 terrenis
1653 5245 1850 5298 deseri-

1949 4457 2220 4515 capturus.
2270 4443 2361 4498 Sic
2402 4456 2529 4512 ergo
2567 4454 2706 4493 nunc
2747 4439 2999 4492 Dominus
3045 4436 3174 4491 dicit
3219 4435 3271 4488 in
3307 4434 3484 4487 distri-

1950 4537 2168 4591 butione
2199 4545 2370 4594 teme,
2407 4531 2556 4585 verbi
2594 4529 2790 4597 gratia,
2831 4525 3087 4579 terminos
3136 4524 3306 4578 tribus
3341 4521 3484 4574 illius

1950 4638 2068 4680 esse
2095 4625 2248 4687 istos,
2276 4631 2330 4676 et
2365 4619 2588 4674 alterius
2621 4618 2796 4672 alios:
2830 4630 2896 4668 ne
2920 4615 3080 4681 forte,
3106 4612 3354 4683 quoniam
3395 4609 3487 4662 di-

1952 4727 2104 4767 versa
2136 4720 2288 4768 erunt
2325 4710 2512 4764 merita
2539 4721 2726 4762 eorum
2755 4705 2847 4775 qui
2887 4705 3252 4758 [nereditatem
3291 4713 3483 4753 consc-

1953 4803 2126 4861 cuturi
2164 4810 2287 4856 sunt
2330 4799 2474 4868 regni
2527 4797 2810 4857 ctelorum,
2863 4793 3065 4847 idcirco
3111 4791 3270 4846 etiam
3316 4789 3368 4841 in
3418 4787 3484 4840 iis

1953 4893 2200 4946 tribubus
2225 4890 2571 4943 observanter
2602 4882 3020 4949 dirimijnbetur
3065 4879 3166 4932 ista
3210 4875 3484 4930 distinctio

1957 4981 2326 5041 tet-minorum,
2367 4985 2426 5029 ut
2449 4975 2679 5028 sciamus
2709 4973 2803 5026 has
2831 4984 2950 5023 esse
2991 4968 3302 5022 meritorum
3331 4963 3478 5015 dide-
3545 5018 3548 5020 γ

1953 5069 2150 5124 rentias
2190 5065 2552 5122 observandas
2593 5062 2644 5116 in
2681 5073 3017 5128 unoquoque.
3070 5053 3225 5107 Verbi
3270 5051 3440 5118 gratia
3467 5086 3483 5111 ,

1953 5160 2041 5227 qui
2067 5160 2136 5212 ita
2165 5155 2494 5224 negligenter
2516 5151 2711 5204 vixerit
2753 5161 2809 5202 ut
2857 5162 2951 5215 pro
2995 5145 3095 5199 fide
3123 5140 3340 5227 quidem
3381 5151 3479 5227 sua

1958 5225 2224 5304 mereatur
2247 5244 2430 5300 haberi
2459 5243 2597 5296 inter
2629 5240 2765 5292 ﬁlios
2799 5233 2983 5299 Israel,
3023 5244 3118 5297 pro
3164 5225 3486 5292 negligentia

364 5393 412 5424 ιο
448 5392 599 5449 ιοειη,
639 5391 697 5452 5,
723 5389 812 5442 54,
891 5383 934 5413 ⁸⁸
969 5376 1102 5431 ibid.
1131 5374 1186 5427 4.
1264 5371 1308 5404 δ’
1349 5373 1510 5427 Eccli.
1541 5377 1758 5442 xlv,23.
1833 5379 1845 5408 '

1952 5381 2061 5436 ebr.
2097 5393 2216 5442 vm,
2246 5376 2298 5429 5.
2374 5374 2419 5406 ⁸⁸
2459 5372 2615 5426 lIebr.
2649 5386 2701 5430 x,
2738 5371 2786 5422 l.
2861 5365 2904 5394 "
2941 5359 3071 5412 Psal.
3099 5370 3298 5413 cxcvit,
3325 5351 3380 5403 ι.

368 5530 472 5600 ωδ)
514 5535 664 5599 Mss,
719 5547 740 5582 ι
773 5528 836 5582 Et
881 5511 1374 5600 pqslhf‘ffﬁiffl‘l.
1403 5516 1520 5600 ipso
1549 5516 1790 5572 Domino.
1821 5537 1839 5569 ι

284 5578 672 5672 “ob:
701 5578 756 5655 εἰ
773 5578 908 5664 ῖνὸεὶ
929 5587 1045 5652 jam
1079 5583 1192 5646 ipso
1221 5578 1471 5635 Domino.
1507 5601 1528 5634 ι

2027 5519 2136 5586 (I7)
2177 5512 2452 5586 Intibellis
2486 5509 2574 5577 qui
2603 5494 3175 5586 alipellanlttr'ﬂEngfh,
3208 5502 3320 5547 etc.
3362 5485 3508 5541 Vide

1953 5559 2589 5641 noiasladvlibvrv'eoritra
2615 5559 2840 5634 Cémtm,
2868 5577 3013 5622 unm.
3047 5559 3136 5613 54.
