  <div class='ocr_page' id='page_1' title='image "/cluster/home/n/w/nwhite01/storage/ocr_20150623/12 (Origen; pt. 2)/nyp.33433081862272/409.png"; bbox 0 0 3822 6206; ppageno 0'>
   <div class='ocr_carea' id='block_1_1' title="bbox 413 326 512 378">
    <p class='ocr_par' dir='ltr' id='par_1_1' title="bbox 413 326 512 378">
     <span class='ocr_line' id='line_1_1' title="bbox 413 326 512 378; baseline 0 0"><span class='ocrx_word' id='word_1_1' title='bbox 413 326 512 378; x_wconf 77' lang='lat'><strong>805</strong></span> 
     </span>
    </p>
   </div>
   <div class='ocr_carea' id='block_1_2' title="bbox 1771 293 3606 370">
    <p class='ocr_par' dir='ltr' id='par_1_2' title="bbox 1771 293 3606 370">
     <span class='ocr_line' id='line_1_2' title="bbox 1771 293 3606 370; baseline -0.012 0"><span class='ocrx_word' id='word_1_2' title='bbox 1771 317 1858 370; x_wconf 80' lang='lat' dir='ltr'><strong>EX</strong></span> <span class='ocrx_word' id='word_1_3' title='bbox 1885 311 2178 369; x_wconf 79' lang='lat' dir='ltr'><strong>ORIGENE</strong></span> <span class='ocrx_word' id='word_1_4' title='bbox 3520 293 3606 348; x_wconf 68' lang='lat'><strong>805</strong></span> 
     </span>
    </p>
   </div>
   <div class='ocr_carea' id='block_1_3' title="bbox 413 412 3611 506">
    <p class='ocr_par' dir='ltr' id='par_1_3' title="bbox 413 412 3611 506">
     <span class='ocr_line' id='line_1_3' title="bbox 413 412 3611 506; baseline -0.008 -13"><span class='ocrx_word' id='word_1_5' title='bbox 413 454 534 493; x_wconf 80' lang='lat' dir='ltr'><strong>vero</strong></span> <span class='ocrx_word' id='word_1_6' title='bbox 566 439 687 491; x_wconf 69' lang='lat' dir='ltr'><strong>vita:</strong></span> <span class='ocrx_word' id='word_1_7' title='bbox 726 445 1109 506; x_wconf 81' lang='lat' dir='ltr'><strong>gestorumque</strong></span> <span class='ocrx_word' id='word_1_8' title='bbox 1149 438 1351 490; x_wconf 76' lang='lat' dir='ltr'><strong>desidia</strong></span> <span class='ocrx_word' id='word_1_9' title='bbox 1389 438 1440 489; x_wconf 90' lang='lat' dir='ltr'><strong>in</strong></span> <span class='ocrx_word' id='word_1_10' title='bbox 1470 438 1608 490; x_wconf 91' lang='lat' dir='ltr'><strong>tribu</strong></span> <span class='ocrx_word' id='word_1_11' title='bbox 1637 438 1820 489; x_wconf 79' lang='lat' dir='ltr'><strong>Ruben</strong></span> <span class='ocrx_word' id='word_1_12' title='bbox 1858 443 1951 486; x_wconf 91' lang='lat' dir='ltr'><strong>aut</strong></span> <span class='ocrx_word' id='word_1_13' title='bbox 1979 435 2024 489; x_wconf 78' lang='grc' dir='ltr'><strong>Α</strong></span> <span class='ocrx_word' id='word_1_14' title='bbox 2055 427 2292 487; x_wconf 91' lang='lat' dir='ltr'><strong>torridis,</strong></span> <span class='ocrx_word' id='word_1_15' title='bbox 2330 433 2422 478; x_wconf 88' lang='lat' dir='ltr'><strong>aut</strong></span> <span class='ocrx_word' id='word_1_16' title='bbox 2453 425 2665 493; x_wconf 80' lang='lat' dir='ltr'><strong>frigore</strong></span> <span class='ocrx_word' id='word_1_17' title='bbox 2700 423 2956 493; x_wconf 75' lang='lat' dir='ltr'><strong>geluque</strong></span> <span class='ocrx_word' id='word_1_18' title='bbox 3001 414 3360 506; x_wconf 75' lang='lat' dir='ltr'><strong>torpentibus,</strong></span> <span class='ocrx_word' id='word_1_19' title='bbox 3385 412 3459 506; x_wconf 78' lang='lat' dir='ltr'><strong>vel</strong></span> <span class='ocrx_word' id='word_1_20' title='bbox 3488 421 3611 506; x_wconf 77' lang='lat' dir='ltr'><strong>certe</strong></span> 
     </span>
    </p>
   </div>
   <div class='ocr_carea' id='block_1_4' title="bbox 409 526 1942 593">
    <p class='ocr_par' dir='ltr' id='par_1_4' title="bbox 409 526 1942 593">
     <span class='ocr_line' id='line_1_4' title="bbox 409 526 1942 593; baseline -0.003 -14"><span class='ocrx_word' id='word_1_21' title='bbox 409 530 538 590; x_wconf 86' lang='lat' dir='ltr'><strong>Gad,</strong></span> <span class='ocrx_word' id='word_1_22' title='bbox 566 537 656 579; x_wconf 89' lang='lat' dir='ltr'><strong>attt</strong></span> <span class='ocrx_word' id='word_1_23' title='bbox 680 527 900 579; x_wconf 88' lang='lat' dir='ltr'><strong>dimidia</strong></span> <span class='ocrx_word' id='word_1_24' title='bbox 929 527 1066 579; x_wconf 92' lang='lat' dir='ltr'><strong>tribu</strong></span> <span class='ocrx_word' id='word_1_25' title='bbox 1099 526 1342 587; x_wconf 84' lang='lat' dir='ltr'><strong>Manasse</strong></span> <span class='ocrx_word' id='word_1_26' title='bbox 1375 526 1562 579; x_wconf 94' lang='lat' dir='ltr'><strong>debeat</strong></span> <span class='ocrx_word' id='word_1_27' title='bbox 1586 526 1847 593; x_wconf 89' lang='lat' dir='ltr'><strong>reputari,</strong></span> <span class='ocrx_word' id='word_1_28' title='bbox 1887 534 1942 576; x_wconf 89' lang='lat' dir='ltr'><strong>et</strong></span> 
     </span>
    </p>
   </div>
   <div class='ocr_carea' id='block_1_5' title="bbox 408 615 1942 678">
    <p class='ocr_par' dir='ltr' id='par_1_5' title="bbox 408 615 1942 678">
     <span class='ocr_line' id='line_1_5' title="bbox 408 615 1942 678; baseline -0.004 -8"><span class='ocrx_word' id='word_1_29' title='bbox 408 631 512 671; x_wconf 89' lang='lat' dir='ltr'><strong>non</strong></span> <span class='ocrx_word' id='word_1_30' title='bbox 551 617 689 670; x_wconf 90' lang='lat' dir='ltr'><strong>intra</strong></span> <span class='ocrx_word' id='word_1_31' title='bbox 713 615 1020 676; x_wconf 67' lang='lat' dir='ltr'><strong>Iordanem,</strong></span> <span class='ocrx_word' id='word_1_32' title='bbox 1049 616 1141 667; x_wconf 89' lang='lat' dir='ltr'><strong>sed</strong></span> <span class='ocrx_word' id='word_1_33' title='bbox 1170 624 1318 668; x_wconf 81' lang='lat' dir='ltr'><strong>extra</strong></span> <span class='ocrx_word' id='word_1_34' title='bbox 1347 630 1490 678; x_wconf 87' lang='lat' dir='ltr'><strong>eum,</strong></span> <span class='ocrx_word' id='word_1_35' title='bbox 1529 623 1724 674; x_wconf 82' lang='lat' dir='ltr'><strong>sortem</strong></span> <span class='ocrx_word' id='word_1_36' title='bbox 1769 615 1942 665; x_wconf 80' lang='lat' dir='ltr'><strong>haere-</strong></span> 
     </span>
    </p>
   </div>
   <div class='ocr_carea' id='block_1_6' title="bbox 408 704 1942 772">
    <p class='ocr_par' dir='ltr' id='par_1_6' title="bbox 408 704 1942 772">
     <span class='ocr_line' id='line_1_6' title="bbox 408 704 1942 772; baseline -0.003 -12"><span class='ocrx_word' id='word_1_37' title='bbox 408 706 592 760; x_wconf 88' lang='lat' dir='ltr'><strong>ditatis</strong></span> <span class='ocrx_word' id='word_1_38' title='bbox 642 707 907 772; x_wconf 88' lang='lat' dir='ltr'><strong>accipere.</strong></span> <span class='ocrx_word' id='word_1_39' title='bbox 957 704 1111 758; x_wconf 82' lang='lat' dir='ltr'><strong>Alius</strong></span> <span class='ocrx_word' id='word_1_40' title='bbox 1154 721 1280 758; x_wconf 90' lang='lat' dir='ltr'><strong>vero</strong></span> <span class='ocrx_word' id='word_1_41' title='bbox 1339 705 1429 772; x_wconf 88' lang='lat' dir='ltr'><strong>qui</strong></span> <span class='ocrx_word' id='word_1_42' title='bbox 1474 720 1532 759; x_wconf 90' lang='lat' dir='ltr'><strong>se</strong></span> <span class='ocrx_word' id='word_1_43' title='bbox 1576 704 1942 758; x_wconf 85' lang='lat' dir='ltr'><strong>emendatione</strong></span> 
     </span>
    </p>
   </div>
   <div class='ocr_carea' id='block_1_7' title="bbox 407 794 1943 862">
    <p class='ocr_par' dir='ltr' id='par_1_7' title="bbox 407 794 1943 862">
     <span class='ocr_line' id='line_1_7' title="bbox 407 794 1943 862; baseline -0.001 -14"><span class='ocrx_word' id='word_1_44' title='bbox 407 797 534 850; x_wconf 74' lang='lat' dir='ltr'><strong>vitae</strong></span> <span class='ocrx_word' id='word_1_45' title='bbox 557 804 611 850; x_wconf 91' lang='lat' dir='ltr'><strong>et</strong></span> <span class='ocrx_word' id='word_1_46' title='bbox 637 797 1040 851; x_wconf 83' lang='lat' dir='ltr'><strong>conversatione</strong></span> <span class='ocrx_word' id='word_1_47' title='bbox 1065 796 1323 862; x_wconf 84' lang='lat' dir='ltr'><strong>propositi</strong></span> <span class='ocrx_word' id='word_1_48' title='bbox 1352 795 1510 849; x_wconf 87' lang='lat' dir='ltr'><strong>talem</strong></span> <span class='ocrx_word' id='word_1_49' title='bbox 1536 794 1849 856; x_wconf 87' lang='lat' dir='ltr'><strong>reddiderit,</strong></span> <span class='ocrx_word' id='word_1_50' title='bbox 1885 803 1943 847; x_wconf 89' lang='lat' dir='ltr'><strong>ut</strong></span> 
     </span>
    </p>
   </div>
   <div class='ocr_carea' id='block_1_8' title="bbox 406 882 1940 949">
    <p class='ocr_par' dir='ltr' id='par_1_8' title="bbox 406 882 1940 949">
     <span class='ocr_line' id='line_1_8' title="bbox 406 882 1940 949; baseline -0.003 -12"><span class='ocrx_word' id='word_1_51' title='bbox 406 885 695 937; x_wconf 83' lang='lat' dir='ltr'><strong>secundum</strong></span> <span class='ocrx_word' id='word_1_52' title='bbox 743 899 873 949; x_wconf 85' lang='lat' dir='ltr'><strong>quas</strong></span> <span class='ocrx_word' id='word_1_53' title='bbox 913 883 1060 936; x_wconf 88' lang='lat' dir='ltr'><strong>solus</strong></span> <span class='ocrx_word' id='word_1_54' title='bbox 1099 883 1240 936; x_wconf 92' lang='lat' dir='ltr'><strong>Deus</strong></span> <span class='ocrx_word' id='word_1_55' title='bbox 1287 883 1429 935; x_wconf 88' lang='lat' dir='ltr'><strong>novit</strong></span> <span class='ocrx_word' id='word_1_56' title='bbox 1471 884 1727 946; x_wconf 83' lang='lat' dir='ltr'><strong>rationes,</strong></span> <span class='ocrx_word' id='word_1_57' title='bbox 1771 892 1862 935; x_wconf 88' lang='lat' dir='ltr'><strong>aut</strong></span> <span class='ocrx_word' id='word_1_58' title='bbox 1890 882 1940 933; x_wconf 91' lang='lat' dir='ltr'><strong>in</strong></span> 
     </span>
    </p>
   </div>
   <div class='ocr_carea' id='block_1_9' title="bbox 407 970 1939 1039">
    <p class='ocr_par' dir='ltr' id='par_1_9' title="bbox 407 970 1939 1039">
     <span class='ocr_line' id='line_1_9' title="bbox 407 970 1939 1039; baseline -0.002 -14"><span class='ocrx_word' id='word_1_59' title='bbox 407 973 547 1025; x_wconf 85' lang='lat' dir='ltr'><strong>tribu</strong></span> <span class='ocrx_word' id='word_1_60' title='bbox 593 970 746 1037; x_wconf 85' lang='lat' dir='ltr'><strong>Juda,</strong></span> <span class='ocrx_word' id='word_1_61' title='bbox 802 973 1083 1024; x_wconf 90' lang='lat' dir='ltr'><strong>autetiam</strong></span> <span class='ocrx_word' id='word_1_62' title='bbox 1126 972 1176 1024; x_wconf 90' lang='lat' dir='ltr'><strong>in</strong></span> <span class='ocrx_word' id='word_1_63' title='bbox 1225 973 1337 1038; x_wconf 90' lang='lat' dir='ltr'><strong>ipsa</strong></span> <span class='ocrx_word' id='word_1_64' title='bbox 1367 972 1507 1024; x_wconf 91' lang='lat' dir='ltr'><strong>tribu</strong></span> <span class='ocrx_word' id='word_1_65' title='bbox 1536 971 1828 1039; x_wconf 86' lang='lat' dir='ltr'><strong>Benjamin,</strong></span> <span class='ocrx_word' id='word_1_66' title='bbox 1888 972 1939 1036; x_wconf 88' lang='lat' dir='ltr'><strong>in</strong></span> 
     </span>
    </p>
   </div>
   <div class='ocr_carea' id='block_1_10' title="bbox 405 1059 1942 1129">
    <p class='ocr_par' dir='ltr' id='par_1_10' title="bbox 405 1059 1942 1129">
     <span class='ocr_line' id='line_1_10' title="bbox 405 1059 1942 1129; baseline -0.001 -16"><span class='ocrx_word' id='word_1_67' title='bbox 405 1077 506 1129; x_wconf 82' lang='lat' dir='ltr'><strong>qua</strong></span> <span class='ocrx_word' id='word_1_68' title='bbox 555 1061 667 1129; x_wconf 88' lang='lat' dir='ltr'><strong>ipsa</strong></span> <span class='ocrx_word' id='word_1_69' title='bbox 705 1059 1086 1117; x_wconf 65' lang='lat' dir='ltr'><strong>Jerusalemet</strong></span> <span class='ocrx_word' id='word_1_70' title='bbox 1129 1061 1380 1129; x_wconf 87' lang='lat' dir='ltr'><strong>templum</strong></span> <span class='ocrx_word' id='word_1_71' title='bbox 1427 1061 1517 1114; x_wconf 87' lang='lat' dir='ltr'><strong>Dei</strong></span> <span class='ocrx_word' id='word_1_72' title='bbox 1565 1071 1726 1127; x_wconf 89' lang='lat' dir='ltr'><strong>atque</strong></span> <span class='ocrx_word' id='word_1_73' title='bbox 1774 1059 1942 1112; x_wconf 88' lang='lat' dir='ltr'><strong>altare</strong></span> 
     </span>
    </p>
   </div>
   <div class='ocr_carea' id='block_1_11' title="bbox 404 1152 1941 1221">
    <p class='ocr_par' dir='ltr' id='par_1_11' title="bbox 404 1152 1941 1221">
     <span class='ocr_line' id='line_1_11' title="bbox 404 1152 1941 1221; baseline -0.001 -18"><span class='ocrx_word' id='word_1_74' title='bbox 404 1153 665 1216; x_wconf 82' lang='lat' dir='ltr'><strong>consistit,</strong></span> <span class='ocrx_word' id='word_1_75' title='bbox 713 1154 900 1206; x_wconf 87' lang='lat' dir='ltr'><strong>debeat</strong></span> <span class='ocrx_word' id='word_1_76' title='bbox 946 1153 1177 1221; x_wconf 89' lang='lat' dir='ltr'><strong>reputari</strong></span> <span class='ocrx_word' id='word_1_77' title='bbox 1209 1169 1220 1204; x_wconf 94' lang='lat'>:</span> <span class='ocrx_word' id='word_1_78' title='bbox 1254 1163 1307 1204; x_wconf 92' lang='lat' dir='ltr'><strong>et</strong></span> <span class='ocrx_word' id='word_1_79' title='bbox 1340 1152 1476 1206; x_wconf 87' lang='lat' dir='ltr'><strong>alius</strong></span> <span class='ocrx_word' id='word_1_80' title='bbox 1525 1152 1579 1204; x_wconf 90' lang='lat' dir='ltr'><strong>in</strong></span> <span class='ocrx_word' id='word_1_81' title='bbox 1629 1152 1753 1214; x_wconf 90' lang='lat' dir='ltr'><strong>alia,</strong></span> <span class='ocrx_word' id='word_1_82' title='bbox 1782 1163 1941 1219; x_wconf 88' lang='lat' dir='ltr'><strong>atque</strong></span> 
     </span>
    </p>
   </div>
   <div class='ocr_carea' id='block_1_12' title="bbox 405 1241 1940 1312">
    <p class='ocr_par' dir='ltr' id='par_1_12' title="bbox 405 1241 1940 1312">
     <span class='ocr_line' id='line_1_12' title="bbox 405 1241 1940 1312; baseline 0 -17"><span class='ocrx_word' id='word_1_83' title='bbox 405 1243 542 1296; x_wconf 88' lang='lat' dir='ltr'><strong>alius</strong></span> <span class='ocrx_word' id='word_1_84' title='bbox 571 1241 623 1296; x_wconf 88' lang='lat' dir='ltr'><strong>in</strong></span> <span class='ocrx_word' id='word_1_85' title='bbox 653 1242 777 1296; x_wconf 87' lang='lat' dir='ltr'><strong>alia.</strong></span> <span class='ocrx_word' id='word_1_86' title='bbox 811 1244 872 1296; x_wconf 88' lang='lat' dir='ltr'><strong>Et</strong></span> <span class='ocrx_word' id='word_1_87' title='bbox 915 1245 1012 1296; x_wconf 93' lang='lat' dir='ltr'><strong>hoc</strong></span> <span class='ocrx_word' id='word_1_88' title='bbox 1037 1245 1194 1296; x_wconf 85' lang='lat' dir='ltr'><strong>modo</strong></span> <span class='ocrx_word' id='word_1_89' title='bbox 1227 1245 1340 1296; x_wconf 64' lang='lat' dir='ltr'><strong>haec</strong></span> <span class='ocrx_word' id='word_1_90' title='bbox 1365 1259 1481 1312; x_wconf 67' lang='lat' dir='ltr'><strong>(ltlzl‘:</strong></span> <span class='ocrx_word' id='word_1_91' title='bbox 1527 1259 1668 1296; x_wconf 91' lang='lat' dir='ltr'><strong>nunc</strong></span> <span class='ocrx_word' id='word_1_92' title='bbox 1705 1243 1754 1294; x_wconf 90' lang='lat' dir='ltr'><strong>in</strong></span> <span class='ocrx_word' id='word_1_93' title='bbox 1803 1243 1940 1296; x_wconf 89' lang='lat' dir='ltr'><strong>libro</strong></span> 
     </span>
    </p>
   </div>
   <div class='ocr_carea' id='block_1_13' title="bbox 406 1332 1939 1402">
    <p class='ocr_par' dir='ltr' id='par_1_13' title="bbox 406 1332 1939 1402">
     <span class='ocr_line' id='line_1_13' title="bbox 406 1332 1939 1402; baseline -0.001 -17"><span class='ocrx_word' id='word_1_94' title='bbox 406 1332 753 1388; x_wconf 80' lang='lat' dir='ltr'><strong>Numerorum</strong></span> <span class='ocrx_word' id='word_1_95' title='bbox 771 1335 966 1402; x_wconf 89' lang='lat' dir='ltr'><strong>scripta</strong></span> <span class='ocrx_word' id='word_1_96' title='bbox 993 1333 1315 1396; x_wconf 89' lang='lat' dir='ltr'><strong>referuntur,</strong></span> <span class='ocrx_word' id='word_1_97' title='bbox 1338 1335 1674 1387; x_wconf 86' lang='lat' dir='ltr'><strong>adumbratio</strong></span> <span class='ocrx_word' id='word_1_98' title='bbox 1696 1335 1939 1402; x_wconf 59' lang='lat' dir='ltr'><strong>quaedam</strong></span> 
     </span>
    </p>
   </div>
   <div class='ocr_carea' id='block_1_14' title="bbox 407 1421 1943 1488">
    <p class='ocr_par' dir='ltr' id='par_1_14' title="bbox 407 1421 1943 1488">
     <span class='ocr_line' id='line_1_14' title="bbox 407 1421 1943 1488; baseline -0.001 -13"><span class='ocrx_word' id='word_1_99' title='bbox 407 1422 516 1475; x_wconf 86' lang='lat' dir='ltr'><strong>sint</strong></span> <span class='ocrx_word' id='word_1_100' title='bbox 557 1421 746 1476; x_wconf 67' lang='lat' dir='ltr'><strong>futura:</strong></span> <span class='ocrx_word' id='word_1_101' title='bbox 769 1423 927 1475; x_wconf 81' lang='lat' dir='ltr'><strong>sortis</strong></span> <span class='ocrx_word' id='word_1_102' title='bbox 958 1424 1010 1474; x_wconf 90' lang='lat' dir='ltr'><strong>in</strong></span> <span class='ocrx_word' id='word_1_103' title='bbox 1047 1421 1218 1485; x_wconf 75' lang='lat' dir='ltr'><strong>cmlis,</strong></span> <span class='ocrx_word' id='word_1_104' title='bbox 1241 1438 1422 1474; x_wconf 90' lang='lat' dir='ltr'><strong>eorum</strong></span> <span class='ocrx_word' id='word_1_105' title='bbox 1448 1422 1702 1473; x_wconf 85' lang='lat' dir='ltr'><strong>duntaxat</strong></span> <span class='ocrx_word' id='word_1_106' title='bbox 1727 1422 1813 1488; x_wconf 88' lang='lat' dir='ltr'><strong>qui</strong></span> <span class='ocrx_word' id='word_1_107' title='bbox 1848 1434 1943 1487; x_wconf 87' lang='lat' dir='ltr'><strong>per</strong></span> 
     </span>
    </p>
   </div>
   <div class='ocr_carea' id='block_1_15' title="bbox 404 1511 1939 1567">
    <p class='ocr_par' dir='ltr' id='par_1_15' title="bbox 404 1511 1939 1567">
     <span class='ocr_line' id='line_1_15' title="bbox 404 1511 1939 1567; baseline -0.001 -3"><span class='ocrx_word' id='word_1_108' title='bbox 404 1511 582 1566; x_wconf 80' lang='lat' dir='ltr'><strong>Jesum</strong></span> <span class='ocrx_word' id='word_1_109' title='bbox 629 1514 908 1567; x_wconf 89' lang='lat' dir='ltr'><strong>Dominum</strong></span> <span class='ocrx_word' id='word_1_110' title='bbox 951 1528 1013 1566; x_wconf 92' lang='lat' dir='ltr'><strong>ac</strong></span> <span class='ocrx_word' id='word_1_111' title='bbox 1051 1513 1384 1566; x_wconf 87' lang='lat' dir='ltr'><strong>Salvatorem</strong></span> <span class='ocrx_word' id='word_1_112' title='bbox 1422 1521 1666 1563; x_wconf 90' lang='lat' dir='ltr'><strong>nostrum</strong></span> <span class='ocrx_word' id='word_1_113' title='bbox 1711 1511 1939 1563; x_wconf 69' lang='lat' dir='ltr'><strong>Incredi-</strong></span> 
     </span>
    </p>
   </div>
   <div class='ocr_carea' id='block_1_16' title="bbox 405 1597 1939 1670">
    <p class='ocr_par' dir='ltr' id='par_1_16' title="bbox 405 1597 1939 1670">
     <span class='ocr_line' id='line_1_16' title="bbox 405 1597 1939 1670; baseline -0.001 -16"><span class='ocrx_word' id='word_1_114' title='bbox 405 1610 588 1667; x_wconf 88' lang='lat' dir='ltr'><strong>tatem,</strong></span> <span class='ocrx_word' id='word_1_115' title='bbox 635 1613 692 1654; x_wconf 89' lang='lat' dir='ltr'><strong>ut</strong></span> <span class='ocrx_word' id='word_1_116' title='bbox 731 1603 987 1664; x_wconf 82' lang='lat' dir='ltr'><strong>diximus,</strong></span> <span class='ocrx_word' id='word_1_117' title='bbox 1045 1604 1254 1670; x_wconf 89' lang='lat' dir='ltr'><strong>capient</strong></span> <span class='ocrx_word' id='word_1_118' title='bbox 1297 1604 1443 1670; x_wconf 83' lang='lat' dir='ltr'><strong>regni</strong></span> <span class='ocrx_word' id='word_1_119' title='bbox 1493 1598 1777 1652; x_wconf 62' lang='lat' dir='ltr'><strong>caelorum.</strong></span> <span class='ocrx_word' id='word_1_120' title='bbox 1828 1597 1939 1662; x_wconf 90' lang='lat' dir='ltr'><strong>lbi,</strong></span> 
     </span>
    </p>
   </div>
   <div class='ocr_carea' id='block_1_17' title="bbox 403 1688 1937 1760">
    <p class='ocr_par' dir='ltr' id='par_1_17' title="bbox 403 1688 1937 1760">
     <span class='ocr_line' id='line_1_17' title="bbox 403 1688 1937 1760; baseline -0.001 -17"><span class='ocrx_word' id='word_1_121' title='bbox 403 1693 587 1754; x_wconf 87' lang='lat' dir='ltr'><strong>credo,</strong></span> <span class='ocrx_word' id='word_1_122' title='bbox 617 1691 900 1760; x_wconf 81' lang='lat' dir='ltr'><strong>diligenter</strong></span> <span class='ocrx_word' id='word_1_123' title='bbox 931 1693 1355 1746; x_wconf 89' lang='lat' dir='ltr'><strong>observabuntur</strong></span> <span class='ocrx_word' id='word_1_124' title='bbox 1381 1690 1546 1745; x_wconf 91' lang='lat' dir='ltr'><strong>etiam</strong></span> <span class='ocrx_word' id='word_1_125' title='bbox 1572 1691 1674 1743; x_wconf 89' lang='lat' dir='ltr'><strong>ista</strong></span> <span class='ocrx_word' id='word_1_126' title='bbox 1699 1703 1818 1757; x_wconf 72' lang='lat' dir='ltr'><strong>qua:</strong></span> <span class='ocrx_word' id='word_1_127' title='bbox 1849 1688 1937 1742; x_wconf 90' lang='lat' dir='ltr'><strong>hic</strong></span> 
     </span>
    </p>
   </div>
   <div class='ocr_carea' id='block_1_18' title="bbox 2049 497 3608 580">
    <p class='ocr_par' dir='ltr' id='par_1_18' title="bbox 2049 497 3608 580">
     <span class='ocr_line' id='line_1_18' title="bbox 2049 497 3608 580; baseline -0.012 -12"><span class='ocrx_word' id='word_1_128' title='bbox 2049 516 2136 568; x_wconf 88' lang='lat' dir='ltr'><strong>ubi</strong></span> <span class='ocrx_word' id='word_1_129' title='bbox 2184 513 2339 567; x_wconf 70' lang='lat' dir='ltr'><strong>nulla:</strong></span> <span class='ocrx_word' id='word_1_130' title='bbox 2381 513 2555 580; x_wconf 81' lang='lat' dir='ltr'><strong>leges,</strong></span> <span class='ocrx_word' id='word_1_131' title='bbox 2610 513 2709 564; x_wconf 81' lang='lat' dir='ltr'><strong>sed</strong></span> <span class='ocrx_word' id='word_1_132' title='bbox 2770 506 3045 561; x_wconf 85' lang='lat' dir='ltr'><strong>immanis</strong></span> <span class='ocrx_word' id='word_1_133' title='bbox 3085 513 3137 554; x_wconf 91' lang='lat' dir='ltr'><strong>et</strong></span> <span class='ocrx_word' id='word_1_134' title='bbox 3179 517 3316 554; x_wconf 85' lang='lat' dir='ltr'><strong>saeva</strong></span> <span class='ocrx_word' id='word_1_135' title='bbox 3349 497 3608 553; x_wconf 79' lang='lat' dir='ltr'><strong>barbaries.</strong></span> 
     </span>
    </p>
   </div>
   <div class='ocr_carea' id='block_1_19' title="bbox 2049 591 3610 670">
    <p class='ocr_par' dir='ltr' id='par_1_19' title="bbox 2049 591 3610 670">
     <span class='ocr_line' id='line_1_19' title="bbox 2049 591 3610 670; baseline -0.012 -10"><span class='ocrx_word' id='word_1_136' title='bbox 2049 606 2138 660; x_wconf 93' lang='lat' dir='ltr'><strong>ubi</strong></span> <span class='ocrx_word' id='word_1_137' title='bbox 2173 605 2308 659; x_wconf 89' lang='lat' dir='ltr'><strong>bella</strong></span> <span class='ocrx_word' id='word_1_138' title='bbox 2341 618 2562 670; x_wconf 84' lang='lat' dir='ltr'><strong>semper</strong></span> <span class='ocrx_word' id='word_1_139' title='bbox 2609 610 2667 654; x_wconf 91' lang='lat' dir='ltr'><strong>et</strong></span> <span class='ocrx_word' id='word_1_140' title='bbox 2718 610 3020 665; x_wconf 84' lang='lat' dir='ltr'><strong>nunquam</strong></span> <span class='ocrx_word' id='word_1_141' title='bbox 3065 593 3244 660; x_wconf 84' lang='lat' dir='ltr'><strong>quies,</strong></span> <span class='ocrx_word' id='word_1_142' title='bbox 3292 600 3347 643; x_wconf 91' lang='lat' dir='ltr'><strong>et</strong></span> <span class='ocrx_word' id='word_1_143' title='bbox 3386 591 3490 643; x_wconf 76' lang='lat' dir='ltr'><strong>lure</strong></span> <span class='ocrx_word' id='word_1_144' title='bbox 3525 604 3610 641; x_wconf 91' lang='lat' dir='ltr'><strong>nou</strong></span> 
     </span>
    </p>
   </div>
   <div class='ocr_carea' id='block_1_20' title="bbox 2049 677 3613 759">
    <p class='ocr_par' dir='ltr' id='par_1_20' title="bbox 2049 677 3613 759">
     <span class='ocr_line' id='line_1_20' title="bbox 2049 677 3613 759; baseline -0.013 -11"><span class='ocrx_word' id='word_1_145' title='bbox 2049 696 2162 748; x_wconf 90' lang='lat' dir='ltr'><strong>sine</strong></span> <span class='ocrx_word' id='word_1_146' title='bbox 2192 693 2395 748; x_wconf 90' lang='lat' dir='ltr'><strong>occulta</strong></span> <span class='ocrx_word' id='word_1_147' title='bbox 2432 692 2676 759; x_wconf 91' lang='lat' dir='ltr'><strong>quadam</strong></span> <span class='ocrx_word' id='word_1_148' title='bbox 2718 688 2822 740; x_wconf 90' lang='lat' dir='ltr'><strong>Dei</strong></span> <span class='ocrx_word' id='word_1_149' title='bbox 2863 681 3308 752; x_wconf 84' lang='lat' dir='ltr'><strong>dispensatione,</strong></span> <span class='ocrx_word' id='word_1_150' title='bbox 3353 688 3404 730; x_wconf 90' lang='lat' dir='ltr'><strong>et</strong></span> <span class='ocrx_word' id='word_1_151' title='bbox 3443 677 3613 745; x_wconf 79' lang='lat' dir='ltr'><strong>judicio</strong></span> 
     </span>
    </p>
   </div>
   <div class='ocr_carea' id='block_1_21' title="bbox 2047 769 3614 851">
    <p class='ocr_par' dir='ltr' id='par_1_21' title="bbox 2047 769 3614 851">
     <span class='ocr_line' id='line_1_21' title="bbox 2047 769 3614 851; baseline -0.011 -11"><span class='ocrx_word' id='word_1_152' title='bbox 2047 785 2182 851; x_wconf 85' lang='lat' dir='ltr'><strong>ejus,</strong></span> <span class='ocrx_word' id='word_1_153' title='bbox 2234 793 2286 837; x_wconf 89' lang='lat' dir='ltr'><strong>ct</strong></span> <span class='ocrx_word' id='word_1_154' title='bbox 2322 783 2540 850; x_wconf 76' lang='lat' dir='ltr'><strong>iustitia</strong></span> <span class='ocrx_word' id='word_1_155' title='bbox 2585 778 2900 844; x_wconf 88' lang='lat' dir='ltr'><strong>unicuique</strong></span> <span class='ocrx_word' id='word_1_156' title='bbox 2957 776 3373 828; x_wconf 68' lang='lat' dir='ltr'><strong>decernuntur:</strong></span> <span class='ocrx_word' id='word_1_157' title='bbox 3404 771 3470 824; x_wconf 90' lang='lat' dir='ltr'><strong>ita</strong></span> <span class='ocrx_word' id='word_1_158' title='bbox 3505 769 3614 822; x_wconf 88' lang='lat' dir='ltr'><strong>etin</strong></span> 
     </span>
    </p>
   </div>
   <div class='ocr_carea' id='block_1_22' title="bbox 2051 857 3618 936">
    <p class='ocr_par' dir='ltr' id='par_1_22' title="bbox 2051 857 3618 936">
     <span class='ocr_line' id='line_1_22' title="bbox 2051 857 3618 936; baseline -0.013 -8"><span class='ocrx_word' id='word_1_159' title='bbox 2051 876 2157 928; x_wconf 86' lang='lat' dir='ltr'><strong>illis</strong></span> <span class='ocrx_word' id='word_1_160' title='bbox 2185 875 2318 926; x_wconf 91' lang='lat' dir='ltr'><strong>locis</strong></span> <span class='ocrx_word' id='word_1_161' title='bbox 2345 873 2450 925; x_wconf 87' lang='lat' dir='ltr'><strong>erit</strong></span> <span class='ocrx_word' id='word_1_162' title='bbox 2479 871 2688 936; x_wconf 87' lang='lat' dir='ltr'><strong>aliquid</strong></span> <span class='ocrx_word' id='word_1_163' title='bbox 2718 868 2861 931; x_wconf 87' lang='lat' dir='ltr'><strong>tale,</strong></span> <span class='ocrx_word' id='word_1_164' title='bbox 2886 874 2944 916; x_wconf 90' lang='lat' dir='ltr'><strong>ut</strong></span> <span class='ocrx_word' id='word_1_165' title='bbox 2977 864 3032 914; x_wconf 91' lang='lat' dir='ltr'><strong>in</strong></span> <span class='ocrx_word' id='word_1_166' title='bbox 3054 862 3208 914; x_wconf 89' lang='lat' dir='ltr'><strong>nullo</strong></span> <span class='ocrx_word' id='word_1_167' title='bbox 3235 873 3450 928; x_wconf 89' lang='lat' dir='ltr'><strong>prorsus</strong></span> <span class='ocrx_word' id='word_1_168' title='bbox 3471 857 3618 911; x_wconf 88' lang='lat' dir='ltr'><strong>inanis</strong></span> 
     </span>
    </p>
   </div>
   <div class='ocr_carea' id='block_1_23' title="bbox 2049 949 3618 1018">
    <p class='ocr_par' dir='ltr' id='par_1_23' title="bbox 2049 949 3618 1018">
     <span class='ocr_line' id='line_1_23' title="bbox 2049 949 3618 1018; baseline -0.011 -1"><span class='ocrx_word' id='word_1_169' title='bbox 2049 965 2313 1018; x_wconf 82' lang='lat' dir='ltr'><strong>habeatur</strong></span> <span class='ocrx_word' id='word_1_170' title='bbox 2363 964 2418 1016; x_wconf 87' lang='lat' dir='ltr'><strong>in</strong></span> <span class='ocrx_word' id='word_1_171' title='bbox 2469 963 2634 1014; x_wconf 88' lang='lat' dir='ltr'><strong>terris</strong></span> <span class='ocrx_word' id='word_1_172' title='bbox 2663 957 2872 1012; x_wconf 86' lang='lat' dir='ltr'><strong>umbra</strong></span> <span class='ocrx_word' id='word_1_173' title='bbox 2908 952 3256 1009; x_wconf 61' lang='lat' dir='ltr'><strong>caelestium.</strong></span> <span class='ocrx_word' id='word_1_174' title='bbox 3303 949 3550 1016; x_wconf 84' lang='lat' dir='ltr'><strong>Eritergo</strong></span> <span class='ocrx_word' id='word_1_175' title='bbox 3578 960 3618 1002; x_wconf 78' lang='lat' dir='ltr'><strong>et</strong></span> 
     </span>
    </p>
   </div>
   <div class='ocr_carea' id='block_1_24' title="bbox 2049 1039 3619 1118">
    <p class='ocr_par' dir='ltr' id='par_1_24' title="bbox 2049 1039 3619 1118">
     <span class='ocr_line' id='line_1_24' title="bbox 2049 1039 3619 1118; baseline -0.01 -10"><span class='ocrx_word' id='word_1_176' title='bbox 2049 1055 2146 1117; x_wconf 90' lang='lat' dir='ltr'><strong>ibi,</strong></span> <span class='ocrx_word' id='word_1_177' title='bbox 2178 1065 2236 1106; x_wconf 95' lang='lat' dir='ltr'><strong>ut</strong></span> <span class='ocrx_word' id='word_1_178' title='bbox 2263 1053 2526 1116; x_wconf 79' lang='lat' dir='ltr'><strong>diximus,</strong></span> <span class='ocrx_word' id='word_1_179' title='bbox 2574 1050 2765 1118; x_wconf 83' lang='lat' dir='ltr'><strong>aliqua</strong></span> <span class='ocrx_word' id='word_1_180' title='bbox 2803 1047 3010 1100; x_wconf 85' lang='lat' dir='ltr'><strong>civitas</strong></span> <span class='ocrx_word' id='word_1_181' title='bbox 3056 1041 3287 1109; x_wconf 88' lang='lat' dir='ltr'><strong>refugii,</strong></span> <span class='ocrx_word' id='word_1_182' title='bbox 3321 1049 3375 1092; x_wconf 91' lang='lat' dir='ltr'><strong>et</strong></span> <span class='ocrx_word' id='word_1_183' title='bbox 3407 1040 3503 1091; x_wconf 89' lang='lat' dir='ltr'><strong>erit</strong></span> <span class='ocrx_word' id='word_1_184' title='bbox 3534 1039 3619 1092; x_wconf 86' lang='lat' dir='ltr'><strong>alia</strong></span> 
     </span>
    </p>
   </div>
   <div class='ocr_carea' id='block_1_25' title="bbox 2047 1129 3620 1203">
    <p class='ocr_par' dir='ltr' id='par_1_25' title="bbox 2047 1129 3620 1203">
     <span class='ocr_line' id='line_1_25' title="bbox 2047 1129 3620 1203; baseline -0.009 -5"><span class='ocrx_word' id='word_1_185' title='bbox 2047 1144 2102 1198; x_wconf 90' lang='lat' dir='ltr'><strong>in</strong></span> <span class='ocrx_word' id='word_1_186' title='bbox 2131 1145 2368 1203; x_wconf 89' lang='lat' dir='ltr'><strong>deserto,</strong></span> <span class='ocrx_word' id='word_1_187' title='bbox 2396 1143 2535 1194; x_wconf 76' lang='lat' dir='ltr'><strong>sicut</strong></span> <span class='ocrx_word' id='word_1_188' title='bbox 2558 1139 2766 1193; x_wconf 83' lang='lat' dir='ltr'><strong>Bossor</strong></span> <span class='ocrx_word' id='word_1_189' title='bbox 2795 1137 2853 1191; x_wconf 93' lang='lat' dir='ltr'><strong>in</strong></span> <span class='ocrx_word' id='word_1_190' title='bbox 2875 1132 3224 1189; x_wconf 65' lang='lat' dir='ltr'><strong>haereditate</strong></span> <span class='ocrx_word' id='word_1_191' title='bbox 3250 1129 3435 1184; x_wconf 74' lang='lat' dir='ltr'><strong>Ruben</strong></span> <span class='ocrx_word' id='word_1_192' title='bbox 3459 1129 3620 1184; x_wconf 88' lang='lat' dir='ltr'><strong>civitas</strong></span> 
     </span>
    </p>
   </div>
   <div class='ocr_carea' id='block_1_26' title="bbox 2047 1231 2759 1288">
    <p class='ocr_par' dir='ltr' id='par_1_26' title="bbox 2047 1231 2759 1288">
     <span class='ocr_line' id='line_1_26' title="bbox 2047 1231 2759 1288; baseline -0.013 0"><span class='ocrx_word' id='word_1_193' title='bbox 2047 1248 2168 1288; x_wconf 88' lang='lat' dir='ltr'><strong>esse</strong></span> <span class='ocrx_word' id='word_1_194' title='bbox 2194 1232 2394 1285; x_wconf 91' lang='lat' dir='ltr'><strong>dicitur</strong></span> <span class='ocrx_word' id='word_1_195' title='bbox 2425 1231 2479 1284; x_wconf 90' lang='lat' dir='ltr'><strong>in</strong></span> <span class='ocrx_word' id='word_1_196' title='bbox 2513 1231 2759 1284; x_wconf 88' lang='lat' dir='ltr'><strong>deserto.</strong></span> 
     </span>
    </p>
   </div>
   <div class='ocr_carea' id='block_1_27' title="bbox 2146 1308 3623 1379">
    <p class='ocr_par' dir='ltr' id='par_1_27' title="bbox 2146 1308 3623 1379">
     <span class='ocr_line' id='line_1_27' title="bbox 2146 1308 3623 1379; baseline -0.008 -5"><span class='ocrx_word' id='word_1_197' title='bbox 2146 1322 2204 1374; x_wconf 73' lang='grc'><strong>4.</strong></span> <span class='ocrx_word' id='word_1_198' title='bbox 2276 1320 2384 1373; x_wconf 87' lang='lat' dir='ltr'><strong>Sed</strong></span> <span class='ocrx_word' id='word_1_199' title='bbox 2424 1327 2480 1373; x_wconf 84' lang='lat' dir='ltr'><strong>et.</strong></span> <span class='ocrx_word' id='word_1_200' title='bbox 2523 1318 2615 1371; x_wconf 87' lang='lat' dir='ltr'><strong>illa</strong></span> <span class='ocrx_word' id='word_1_201' title='bbox 2677 1315 3061 1370; x_wconf 79' lang='lat' dir='ltr'><strong>nihilominus</strong></span> <span class='ocrx_word' id='word_1_202' title='bbox 3112 1308 3498 1379; x_wconf 84' lang='lat' dir='ltr'><strong>consequentia</strong></span> <span class='ocrx_word' id='word_1_203' title='bbox 3549 1324 3623 1362; x_wconf 88' lang='lat' dir='ltr'><strong>ca-</strong></span> 
     </span>
    </p>
   </div>
   <div class='ocr_carea' id='block_1_28' title="bbox 2047 1397 3624 1478">
    <p class='ocr_par' dir='ltr' id='par_1_28' title="bbox 2047 1397 3624 1478">
     <span class='ocr_line' id='line_1_28' title="bbox 2047 1397 3624 1478; baseline -0.009 -15"><span class='ocrx_word' id='word_1_204' title='bbox 2047 1410 2244 1478; x_wconf 89' lang='lat' dir='ltr'><strong>pienda</strong></span> <span class='ocrx_word' id='word_1_205' title='bbox 2293 1417 2425 1462; x_wconf 89' lang='lat' dir='ltr'><strong>est:</strong></span> <span class='ocrx_word' id='word_1_206' title='bbox 2465 1407 2592 1474; x_wconf 90' lang='lat' dir='ltr'><strong>quia</strong></span> <span class='ocrx_word' id='word_1_207' title='bbox 2654 1407 2804 1459; x_wconf 89' lang='lat' dir='ltr'><strong>sicut</strong></span> <span class='ocrx_word' id='word_1_208' title='bbox 2866 1423 2887 1455; x_wconf 73' lang='grc' dir='ltr'><strong>ι</strong></span> <span class='ocrx_word' id='word_1_209' title='bbox 2935 1418 3070 1458; x_wconf 91' lang='lat' dir='ltr'><strong>cum</strong></span> <span class='ocrx_word' id='word_1_210' title='bbox 3124 1401 3462 1468; x_wconf 83' lang='lat' dir='ltr'><strong>diSpergeret</strong></span> <span class='ocrx_word' id='word_1_211' title='bbox 3510 1397 3624 1450; x_wconf 89' lang='lat' dir='ltr'><strong>Deus</strong></span> 
     </span>
    </p>
   </div>
   <div class='ocr_carea' id='block_1_29' title="bbox 2049 1490 3626 1564">
    <p class='ocr_par' dir='ltr' id='par_1_29' title="bbox 2049 1490 3626 1564">
     <span class='ocr_line' id='line_1_29' title="bbox 2049 1490 3626 1564; baseline -0.007 -13"><span class='ocrx_word' id='word_1_212' title='bbox 2049 1499 2190 1551; x_wconf 84' lang='lat' dir='ltr'><strong>filios</strong></span> <span class='ocrx_word' id='word_1_213' title='bbox 2245 1498 2441 1561; x_wconf 82' lang='lat' dir='ltr'><strong>Adam,</strong></span> <span class='ocrx_word' id='word_1_214' title='bbox 2474 1497 2668 1550; x_wconf 89' lang='lat' dir='ltr'><strong>statuit</strong></span> <span class='ocrx_word' id='word_1_215' title='bbox 2709 1495 2856 1550; x_wconf 87' lang='lat' dir='ltr'><strong>lines</strong></span> <span class='ocrx_word' id='word_1_216' title='bbox 2906 1493 3167 1562; x_wconf 87' lang='lat' dir='ltr'><strong>gentium</strong></span> <span class='ocrx_word' id='word_1_217' title='bbox 3218 1490 3506 1564; x_wconf 81' lang='lat' dir='ltr'><strong>secundum</strong></span> <span class='ocrx_word' id='word_1_218' title='bbox 3545 1504 3626 1540; x_wconf 88' lang='lat' dir='ltr'><strong>uu-</strong></span> 
     </span>
    </p>
   </div>
   <div class='ocr_carea' id='block_1_30' title="bbox 2049 1578 3624 1656">
    <p class='ocr_par' dir='ltr' id='par_1_30' title="bbox 2049 1578 3624 1656">
     <span class='ocr_line' id='line_1_30' title="bbox 2049 1578 3624 1656; baseline -0.008 -16"><span class='ocrx_word' id='word_1_219' title='bbox 2049 1603 2258 1641; x_wconf 90' lang='lat' dir='ltr'><strong>mcrum</strong></span> <span class='ocrx_word' id='word_1_220' title='bbox 2279 1587 2596 1656; x_wconf 83' lang='lat' dir='ltr'><strong>angelorum</strong></span> <span class='ocrx_word' id='word_1_221' title='bbox 2616 1584 2737 1650; x_wconf 88' lang='lat' dir='ltr'><strong>Dei,</strong></span> <span class='ocrx_word' id='word_1_222' title='bbox 2769 1602 2790 1636; x_wconf 81' lang='grc'><strong>»</strong></span> <span class='ocrx_word' id='word_1_223' title='bbox 2811 1584 2925 1647; x_wconf 84' lang='lat' dir='ltr'><strong>vel,</strong></span> <span class='ocrx_word' id='word_1_224' title='bbox 2946 1592 3012 1636; x_wconf 93' lang='lat' dir='ltr'><strong>ut</strong></span> <span class='ocrx_word' id='word_1_225' title='bbox 3038 1583 3095 1635; x_wconf 93' lang='lat' dir='ltr'><strong>in</strong></span> <span class='ocrx_word' id='word_1_226' title='bbox 3118 1581 3245 1634; x_wconf 90' lang='lat' dir='ltr'><strong>aliis</strong></span> <span class='ocrx_word' id='word_1_227' title='bbox 3264 1578 3624 1645; x_wconf 89' lang='lat' dir='ltr'><strong>exemplaribus</strong></span> 
     </span>
    </p>
   </div>
   <div class='ocr_carea' id='block_1_31' title="bbox 2049 1665 3616 1746">
    <p class='ocr_par' dir='ltr' id='par_1_31' title="bbox 2049 1665 3616 1746">
     <span class='ocr_line' id='line_1_31' title="bbox 2049 1665 3616 1746; baseline -0.01 -16"><span class='ocrx_word' id='word_1_228' title='bbox 2049 1679 2300 1746; x_wconf 77' lang='lat' dir='ltr'><strong>legimus,</strong></span> <span class='ocrx_word' id='word_1_229' title='bbox 2339 1677 2689 1729; x_wconf 69' lang='lat' dir='ltr'><strong>«secundum</strong></span> <span class='ocrx_word' id='word_1_230' title='bbox 2719 1687 3025 1728; x_wconf 87' lang='lat' dir='ltr'><strong>numerum</strong></span> <span class='ocrx_word' id='word_1_231' title='bbox 3056 1671 3299 1723; x_wconf 65' lang='lat' dir='ltr'><strong>filiorum</strong></span> <span class='ocrx_word' id='word_1_232' title='bbox 3330 1665 3486 1721; x_wconf 88' lang='lat' dir='ltr'><strong>Israel</strong></span> <span class='ocrx_word' id='word_1_233' title='bbox 3507 1665 3578 1729; x_wconf 63' lang='grc' dir='ltr'>ιτς</span> <span class='ocrx_word' id='word_1_234' title='bbox 3604 1684 3616 1715; x_wconf 84' lang='grc' dir='ltr'><strong>ι</strong></span> 
     </span>
    </p>
   </div>
   <div class='ocr_carea' id='block_1_32' title="bbox 404 1748 3618 1850">
    <p class='ocr_par' dir='ltr' id='par_1_32' title="bbox 404 1748 3618 1850">
     <span class='ocr_line' id='line_1_32' title="bbox 404 1748 3618 1850; baseline -0.004 -31"><span class='ocrx_word' id='word_1_235' title='bbox 404 1748 794 1835; x_wconf 58' lang='grc' dir='ltr'><strong>θάυίηὺηιηῖυιι</strong></span> <span class='ocrx_word' id='word_1_236' title='bbox 821 1782 1095 1850; x_wconf 60' lang='lat' dir='ltr'><strong>privilegia</strong></span> <span class='ocrx_word' id='word_1_237' title='bbox 1125 1782 1485 1842; x_wconf 55' lang='lat' dir='ltr'><strong>sacerdotum,</strong></span> <span class='ocrx_word' id='word_1_238' title='bbox 1523 1748 1730 1848; x_wconf 49' lang='lat' dir='ltr'><strong>quibus&#39;</strong></span> <span class='ocrx_word' id='word_1_239' title='bbox 1757 1779 1931 1832; x_wconf 70' lang='lat' dir='ltr'><strong>vicina</strong></span> <span class='ocrx_word' id='word_1_240' title='bbox 1971 1748 2014 1801; x_wconf 75' lang='grc' dir='ltr'>Β</span> <span class='ocrx_word' id='word_1_241' title='bbox 2043 1769 2094 1820; x_wconf 93' lang='lat' dir='ltr'><strong>in</strong></span> <span class='ocrx_word' id='word_1_242' title='bbox 2133 1767 2288 1820; x_wconf 91' lang='lat' dir='ltr'><strong>initio</strong></span> <span class='ocrx_word' id='word_1_243' title='bbox 2319 1768 2506 1820; x_wconf 88' lang='lat' dir='ltr'><strong>mundi</strong></span> <span class='ocrx_word' id='word_1_244' title='bbox 2555 1768 2632 1822; x_wconf 90' lang='lat' dir='ltr'><strong>ita</strong></span> <span class='ocrx_word' id='word_1_245' title='bbox 2667 1765 2916 1834; x_wconf 88' lang='lat' dir='ltr'><strong>dispersi</strong></span> <span class='ocrx_word' id='word_1_246' title='bbox 2971 1772 3107 1816; x_wconf 91' lang='lat' dir='ltr'><strong>sunt</strong></span> <span class='ocrx_word' id='word_1_247' title='bbox 3149 1761 3246 1814; x_wconf 87' lang='lat' dir='ltr'><strong>lilii</strong></span> <span class='ocrx_word' id='word_1_248' title='bbox 3290 1759 3431 1812; x_wconf 91' lang='lat' dir='ltr'><strong>illius</strong></span> <span class='ocrx_word' id='word_1_249' title='bbox 3457 1757 3618 1818; x_wconf 79' lang='lat' dir='ltr'><strong>Adam,</strong></span> 
     </span>
    </p>
   </div>
   <div class='ocr_carea' id='block_1_33' title="bbox 403 1868 1934 1939">
    <p class='ocr_par' dir='ltr' id='par_1_33' title="bbox 403 1868 1934 1939">
     <span class='ocr_line' id='line_1_33' title="bbox 403 1868 1934 1939; baseline -0.001 -17"><span class='ocrx_word' id='word_1_250' title='bbox 403 1884 626 1939; x_wconf 63' lang='lat' dir='ltr'><strong>quaeque</strong></span> <span class='ocrx_word' id='word_1_251' title='bbox 675 1871 897 1924; x_wconf 88' lang='lat' dir='ltr'><strong>urbibus</strong></span> <span class='ocrx_word' id='word_1_252' title='bbox 933 1871 1066 1931; x_wconf 89' lang='lat' dir='ltr'><strong>loca,</strong></span> <span class='ocrx_word' id='word_1_253' title='bbox 1092 1880 1148 1923; x_wconf 89' lang='lat' dir='ltr'><strong>et</strong></span> <span class='ocrx_word' id='word_1_254' title='bbox 1189 1870 1318 1935; x_wconf 89' lang='lat' dir='ltr'><strong>ipsis</strong></span> <span class='ocrx_word' id='word_1_255' title='bbox 1349 1869 1614 1921; x_wconf 61' lang='lat' dir='ltr'><strong>manibus</strong></span> <span class='ocrx_word' id='word_1_256' title='bbox 1637 1868 1817 1936; x_wconf 83' lang='lat' dir='ltr'><strong>juncta</strong></span> <span class='ocrx_word' id='word_1_257' title='bbox 1845 1883 1934 1921; x_wconf 90' lang='lat' dir='ltr'><strong>se-</strong></span> 
     </span>
    </p>
   </div>
   <div class='ocr_carea' id='block_1_34' title="bbox 405 1956 1933 2026">
    <p class='ocr_par' dir='ltr' id='par_1_34' title="bbox 405 1956 1933 2026">
     <span class='ocr_line' id='line_1_34' title="bbox 405 1956 1933 2026; baseline -0.001 -17"><span class='ocrx_word' id='word_1_258' title='bbox 405 1958 609 2026; x_wconf 73' lang='lat' dir='ltr'><strong>gregari</strong></span> <span class='ocrx_word' id='word_1_259' title='bbox 642 1959 966 2012; x_wconf 89' lang='lat' dir='ltr'><strong>mandantur</strong></span> <span class='ocrx_word' id='word_1_260' title='bbox 992 1974 1020 2011; x_wconf 92' lang='lat' dir='ltr'><strong>a</strong></span> <span class='ocrx_word' id='word_1_261' title='bbox 1049 1958 1169 2010; x_wconf 85' lang='lat' dir='ltr'><strong>[iliis</strong></span> <span class='ocrx_word' id='word_1_262' title='bbox 1195 1957 1380 2010; x_wconf 84' lang='lat' dir='ltr'><strong>Israel.</strong></span> <span class='ocrx_word' id='word_1_263' title='bbox 1409 1957 1510 2018; x_wconf 90' lang='lat' dir='ltr'><strong>lbi,</strong></span> <span class='ocrx_word' id='word_1_264' title='bbox 1535 1959 1714 2016; x_wconf 84' lang='lat' dir='ltr'><strong>credo,</strong></span> <span class='ocrx_word' id='word_1_265' title='bbox 1761 1965 1814 2008; x_wconf 91' lang='lat' dir='ltr'><strong>et</strong></span> <span class='ocrx_word' id='word_1_266' title='bbox 1851 1956 1933 2010; x_wconf 85' lang='lat' dir='ltr'><strong>ci-</strong></span> 
     </span>
    </p>
   </div>
   <div class='ocr_carea' id='block_1_35' title="bbox 402 2041 1932 2111">
    <p class='ocr_par' dir='ltr' id='par_1_35' title="bbox 402 2041 1932 2111">
     <span class='ocr_line' id='line_1_35' title="bbox 402 2041 1932 2111; baseline -0.001 -16"><span class='ocrx_word' id='word_1_267' title='bbox 402 2044 737 2097; x_wconf 78' lang='lat' dir='ltr'><strong>vitatesistae</strong></span> <span class='ocrx_word' id='word_1_268' title='bbox 765 2054 942 2106; x_wconf 92' lang='lat' dir='ltr'><strong>erunt,</strong></span> <span class='ocrx_word' id='word_1_269' title='bbox 985 2059 1206 2111; x_wconf 87' lang='lat' dir='ltr'><strong>quarum</strong></span> <span class='ocrx_word' id='word_1_270' title='bbox 1253 2044 1341 2096; x_wconf 91' lang='lat' dir='ltr'><strong>hic</strong></span> <span class='ocrx_word' id='word_1_271' title='bbox 1387 2044 1552 2111; x_wconf 81' lang='lat' dir='ltr'><strong>ﬁgura</strong></span> <span class='ocrx_word' id='word_1_272' title='bbox 1585 2041 1932 2104; x_wconf 70' lang='lat' dir='ltr'><strong>describitur,</strong></span> 
     </span>
    </p>
   </div>
   <div class='ocr_carea' id='block_1_36' title="bbox 402 2129 1936 2200">
    <p class='ocr_par' dir='ltr' id='par_1_36' title="bbox 402 2129 1936 2200">
     <span class='ocr_line' id='line_1_36' title="bbox 402 2129 1936 2200; baseline 0.002 -20"><span class='ocrx_word' id='word_1_273' title='bbox 402 2147 536 2200; x_wconf 83' lang='lat' dir='ltr'><strong>quas</strong></span> <span class='ocrx_word' id='word_1_274' title='bbox 579 2133 767 2199; x_wconf 87' lang='lat' dir='ltr'><strong>refugii</strong></span> <span class='ocrx_word' id='word_1_275' title='bbox 815 2132 1052 2184; x_wconf 82' lang='lat' dir='ltr'><strong>nominat</strong></span> <span class='ocrx_word' id='word_1_276' title='bbox 1077 2132 1344 2191; x_wconf 87' lang='lat' dir='ltr'><strong>civitates,</strong></span> <span class='ocrx_word' id='word_1_277' title='bbox 1373 2132 1438 2182; x_wconf 90' lang='lat' dir='ltr'><strong>ad</strong></span> <span class='ocrx_word' id='word_1_278' title='bbox 1471 2145 1604 2197; x_wconf 89' lang='lat' dir='ltr'><strong>quas</strong></span> <span class='ocrx_word' id='word_1_279' title='bbox 1627 2129 1936 2198; x_wconf 87' lang='lat' dir='ltr'><strong>confugiant</strong></span> 
     </span>
    </p>
   </div>
   <div class='ocr_carea' id='block_1_37' title="bbox 403 2221 1936 2288">
    <p class='ocr_par' dir='ltr' id='par_1_37' title="bbox 403 2221 1936 2288">
     <span class='ocr_line' id='line_1_37' title="bbox 403 2221 1936 2288; baseline 0.001 -15"><span class='ocrx_word' id='word_1_280' title='bbox 403 2236 506 2274; x_wconf 91' lang='lat' dir='ltr'><strong>non</strong></span> <span class='ocrx_word' id='word_1_281' title='bbox 530 2235 713 2275; x_wconf 89' lang='lat' dir='ltr'><strong>omnes</strong></span> <span class='ocrx_word' id='word_1_282' title='bbox 741 2221 1044 2284; x_wconf 69' lang='lat' dir='ltr'><strong>homicidae,</strong></span> <span class='ocrx_word' id='word_1_283' title='bbox 1093 2221 1188 2274; x_wconf 88' lang='lat' dir='ltr'><strong>sed</strong></span> <span class='ocrx_word' id='word_1_284' title='bbox 1236 2221 1328 2288; x_wconf 89' lang='lat' dir='ltr'><strong>qui</strong></span> <span class='ocrx_word' id='word_1_285' title='bbox 1359 2222 1662 2288; x_wconf 89' lang='lat' dir='ltr'><strong>ignoranter</strong></span> <span class='ocrx_word' id='word_1_286' title='bbox 1707 2222 1936 2274; x_wconf 79' lang='lat' dir='ltr'><strong>homici-</strong></span> 
     </span>
    </p>
   </div>
   <div class='ocr_carea' id='block_1_38' title="bbox 402 2309 1937 2377">
    <p class='ocr_par' dir='ltr' id='par_1_38' title="bbox 402 2309 1937 2377">
     <span class='ocr_line' id='line_1_38' title="bbox 402 2309 1937 2377; baseline 0.001 -16"><span class='ocrx_word' id='word_1_287' title='bbox 402 2309 546 2362; x_wconf 87' lang='lat' dir='ltr'><strong>dium</strong></span> <span class='ocrx_word' id='word_1_288' title='bbox 579 2311 983 2363; x_wconf 87' lang='lat' dir='ltr'><strong>commiseruut.</strong></span> <span class='ocrx_word' id='word_1_289' title='bbox 1009 2309 1144 2362; x_wconf 89' lang='lat' dir='ltr'><strong>Sunt</strong></span> <span class='ocrx_word' id='word_1_290' title='bbox 1167 2310 1308 2362; x_wconf 86' lang='lat' dir='ltr'><strong>enim</strong></span> <span class='ocrx_word' id='word_1_291' title='bbox 1334 2309 1582 2363; x_wconf 86' lang='lat' dir='ltr'><strong>fortassis</strong></span> <span class='ocrx_word' id='word_1_292' title='bbox 1611 2309 1785 2377; x_wconf 89' lang='lat' dir='ltr'><strong>aliqua</strong></span> <span class='ocrx_word' id='word_1_293' title='bbox 1813 2323 1937 2375; x_wconf 84' lang='lat' dir='ltr'><strong>pec-</strong></span> 
     </span>
    </p>
   </div>
   <div class='ocr_carea' id='block_1_39' title="bbox 401 2398 1932 2466">
    <p class='ocr_par' dir='ltr' id='par_1_39' title="bbox 401 2398 1932 2466">
     <span class='ocr_line' id='line_1_39' title="bbox 401 2398 1932 2466; baseline -0.001 -15"><span class='ocrx_word' id='word_1_294' title='bbox 401 2405 543 2459; x_wconf 88' lang='lat' dir='ltr'><strong>cata,</strong></span> <span class='ocrx_word' id='word_1_295' title='bbox 575 2412 693 2466; x_wconf 73' lang='lat' dir='ltr'><strong>qua:</strong></span> <span class='ocrx_word' id='word_1_296' title='bbox 721 2400 763 2452; x_wconf 89' lang='lat' dir='ltr'><strong>si</strong></span> <span class='ocrx_word' id='word_1_297' title='bbox 797 2399 1067 2466; x_wconf 81' lang='lat' dir='ltr'><strong>proposito</strong></span> <span class='ocrx_word' id='word_1_298' title='bbox 1109 2413 1173 2452; x_wconf 91' lang='lat' dir='ltr'><strong>ac</strong></span> <span class='ocrx_word' id='word_1_299' title='bbox 1211 2401 1486 2451; x_wconf 77' lang='lat' dir='ltr'><strong>voluntate</strong></span> <span class='ocrx_word' id='word_1_300' title='bbox 1533 2398 1932 2460; x_wconf 88' lang='lat' dir='ltr'><strong>committimus,</strong></span> 
     </span>
    </p>
   </div>
   <div class='ocr_carea' id='block_1_40' title="bbox 401 2486 1935 2554">
    <p class='ocr_par' dir='ltr' id='par_1_40' title="bbox 401 2486 1935 2554">
     <span class='ocr_line' id='line_1_40' title="bbox 401 2486 1935 2554; baseline -0.001 -14"><span class='ocrx_word' id='word_1_301' title='bbox 401 2487 691 2540; x_wconf 84' lang='lat' dir='ltr'><strong>homicidas</strong></span> <span class='ocrx_word' id='word_1_302' title='bbox 737 2503 832 2541; x_wconf 89' lang='lat' dir='ltr'><strong>nos</strong></span> <span class='ocrx_word' id='word_1_303' title='bbox 870 2486 1065 2539; x_wconf 85' lang='lat' dir='ltr'><strong>faciunt</strong></span> <span class='ocrx_word' id='word_1_304' title='bbox 1093 2502 1108 2551; x_wconf 90' lang='lat'><strong>;</strong></span> <span class='ocrx_word' id='word_1_305' title='bbox 1134 2495 1188 2541; x_wconf 89' lang='lat' dir='ltr'><strong>et</strong></span> <span class='ocrx_word' id='word_1_306' title='bbox 1219 2498 1346 2540; x_wconf 90' lang='lat' dir='ltr'><strong>sunt</strong></span> <span class='ocrx_word' id='word_1_307' title='bbox 1392 2486 1496 2538; x_wconf 87' lang='lat' dir='ltr'><strong>alia</strong></span> <span class='ocrx_word' id='word_1_308' title='bbox 1543 2501 1665 2554; x_wconf 65' lang='lat' dir='ltr'><strong>qua}</strong></span> <span class='ocrx_word' id='word_1_309' title='bbox 1704 2486 1748 2539; x_wconf 90' lang='lat' dir='ltr'><strong>si</strong></span> <span class='ocrx_word' id='word_1_310' title='bbox 1787 2487 1935 2554; x_wconf 87' lang='lat' dir='ltr'><strong>igno-</strong></span> 
     </span>
    </p>
   </div>
   <div class='ocr_carea' id='block_1_41' title="bbox 402 2575 1934 2642">
    <p class='ocr_par' dir='ltr' id='par_1_41' title="bbox 402 2575 1934 2642">
     <span class='ocr_line' id='line_1_41' title="bbox 402 2575 1934 2642; baseline 0 -14"><span class='ocrx_word' id='word_1_311' title='bbox 402 2585 582 2628; x_wconf 89' lang='lat' dir='ltr'><strong>ranter</strong></span> <span class='ocrx_word' id='word_1_312' title='bbox 605 2577 949 2638; x_wconf 88' lang='lat' dir='ltr'><strong>admittimus,</strong></span> <span class='ocrx_word' id='word_1_313' title='bbox 979 2575 1283 2629; x_wconf 88' lang='lat' dir='ltr'><strong>decernitur</strong></span> <span class='ocrx_word' id='word_1_314' title='bbox 1308 2576 1482 2636; x_wconf 87' lang='lat' dir='ltr'><strong>nobis,</strong></span> <span class='ocrx_word' id='word_1_315' title='bbox 1508 2576 1692 2637; x_wconf 89' lang='lat' dir='ltr'><strong>credo,</strong></span> <span class='ocrx_word' id='word_1_316' title='bbox 1718 2584 1772 2628; x_wconf 90' lang='lat' dir='ltr'><strong>et</strong></span> <span class='ocrx_word' id='word_1_317' title='bbox 1795 2589 1934 2642; x_wconf 72' lang='lat' dir='ltr'><strong>prte-</strong></span> 
     </span>
    </p>
   </div>
   <div class='ocr_carea' id='block_1_42' title="bbox 403 2663 1934 2733">
    <p class='ocr_par' dir='ltr' id='par_1_42' title="bbox 403 2663 1934 2733">
     <span class='ocr_line' id='line_1_42' title="bbox 403 2663 1934 2733; baseline 0.002 -18"><span class='ocrx_word' id='word_1_318' title='bbox 403 2672 614 2730; x_wconf 86' lang='lat' dir='ltr'><strong>paratur</strong></span> <span class='ocrx_word' id='word_1_319' title='bbox 633 2679 699 2717; x_wconf 87' lang='lat' dir='ltr'><strong>ex</strong></span> <span class='ocrx_word' id='word_1_320' title='bbox 726 2676 989 2732; x_wconf 68' lang='lat' dir='ltr'><strong>praecepto</strong></span> <span class='ocrx_word' id='word_1_321' title='bbox 1027 2663 1117 2718; x_wconf 92' lang='lat' dir='ltr'><strong>Dei</strong></span> <span class='ocrx_word' id='word_1_322' title='bbox 1161 2665 1351 2733; x_wconf 85' lang='lat' dir='ltr'><strong>aliquis</strong></span> <span class='ocrx_word' id='word_1_323' title='bbox 1395 2664 1562 2727; x_wconf 86' lang='lat' dir='ltr'><strong>locus,</strong></span> <span class='ocrx_word' id='word_1_324' title='bbox 1595 2664 1682 2717; x_wconf 91' lang='lat' dir='ltr'><strong>ubi</strong></span> <span class='ocrx_word' id='word_1_325' title='bbox 1710 2664 1778 2718; x_wconf 89' lang='lat' dir='ltr'><strong>ad</strong></span> <span class='ocrx_word' id='word_1_326' title='bbox 1817 2679 1934 2718; x_wconf 86' lang='lat' dir='ltr'><strong>cer-</strong></span> 
     </span>
    </p>
   </div>
   <div class='ocr_carea' id='block_1_43' title="bbox 402 2749 1932 2820">
    <p class='ocr_par' dir='ltr' id='par_1_43' title="bbox 402 2749 1932 2820">
     <span class='ocr_line' id='line_1_43' title="bbox 402 2749 1932 2820; baseline 0.001 -19"><span class='ocrx_word' id='word_1_327' title='bbox 402 2761 511 2803; x_wconf 88' lang='lat' dir='ltr'><strong>tum</strong></span> <span class='ocrx_word' id='word_1_328' title='bbox 532 2761 740 2818; x_wconf 87' lang='lat' dir='ltr'><strong>tempus</strong></span> <span class='ocrx_word' id='word_1_329' title='bbox 759 2753 1002 2806; x_wconf 85' lang='lat' dir='ltr'><strong>habitare</strong></span> <span class='ocrx_word' id='word_1_330' title='bbox 1020 2753 1382 2815; x_wconf 87' lang='lat' dir='ltr'><strong>debeamus,si</strong></span> <span class='ocrx_word' id='word_1_331' title='bbox 1403 2752 1490 2820; x_wconf 88' lang='lat' dir='ltr'><strong>qui</strong></span> <span class='ocrx_word' id='word_1_332' title='bbox 1513 2766 1614 2804; x_wconf 93' lang='lat' dir='ltr'><strong>non</strong></span> <span class='ocrx_word' id='word_1_333' title='bbox 1637 2749 1932 2804; x_wconf 87' lang='lat' dir='ltr'><strong>voluntaria</strong></span> 
     </span>
    </p>
   </div>
   <div class='ocr_carea' id='block_1_44' title="bbox 401 2840 1934 2903">
    <p class='ocr_par' dir='ltr' id='par_1_44' title="bbox 401 2840 1934 2903">
     <span class='ocr_line' id='line_1_44' title="bbox 401 2840 1934 2903; baseline 0.002 -13"><span class='ocrx_word' id='word_1_334' title='bbox 401 2848 618 2903; x_wconf 86' lang='lat' dir='ltr'><strong>peccata</strong></span> <span class='ocrx_word' id='word_1_335' title='bbox 641 2841 1045 2903; x_wconf 88' lang='lat' dir='ltr'><strong>commisimus;</strong></span> <span class='ocrx_word' id='word_1_336' title='bbox 1085 2842 1126 2894; x_wconf 91' lang='lat' dir='ltr'><strong>si</strong></span> <span class='ocrx_word' id='word_1_337' title='bbox 1154 2849 1327 2893; x_wconf 85' lang='lat' dir='ltr'><strong>tamen</strong></span> <span class='ocrx_word' id='word_1_338' title='bbox 1369 2840 1544 2893; x_wconf 89' lang='lat' dir='ltr'><strong>mundi</strong></span> <span class='ocrx_word' id='word_1_339' title='bbox 1596 2840 1934 2893; x_wconf 86' lang='lat' dir='ltr'><strong>inveniamur</strong></span> 
     </span>
    </p>
   </div>
   <div class='ocr_carea' id='block_1_45' title="bbox 398 2928 1930 2997">
    <p class='ocr_par' dir='ltr' id='par_1_45' title="bbox 398 2928 1930 2997">
     <span class='ocr_line' id='line_1_45' title="bbox 398 2928 1930 2997; baseline 0.001 -17"><span class='ocrx_word' id='word_1_340' title='bbox 398 2936 455 2980; x_wconf 86' lang='lat' dir='ltr'><strong>et</strong></span> <span class='ocrx_word' id='word_1_341' title='bbox 497 2928 653 2981; x_wconf 90' lang='lat' dir='ltr'><strong>alieni</strong></span> <span class='ocrx_word' id='word_1_342' title='bbox 696 2929 763 2982; x_wconf 90' lang='lat' dir='ltr'><strong>ab</strong></span> <span class='ocrx_word' id='word_1_343' title='bbox 804 2930 867 2983; x_wconf 91' lang='lat' dir='ltr'><strong>iis</strong></span> <span class='ocrx_word' id='word_1_344' title='bbox 913 2929 1146 2997; x_wconf 90' lang='lat' dir='ltr'><strong>peccatis</strong></span> <span class='ocrx_word' id='word_1_345' title='bbox 1189 2944 1306 2996; x_wconf 70' lang='lat' dir='ltr'><strong>qua:</strong></span> <span class='ocrx_word' id='word_1_346' title='bbox 1352 2930 1622 2982; x_wconf 85' lang='lat' dir='ltr'><strong>voluntate</strong></span> <span class='ocrx_word' id='word_1_347' title='bbox 1650 2930 1930 2983; x_wconf 88' lang='lat' dir='ltr'><strong>connnissa</strong></span> 
     </span>
    </p>
   </div>
   <div class='ocr_carea' id='block_1_46' title="bbox 401 3020 1930 3088">
    <p class='ocr_par' dir='ltr' id='par_1_46' title="bbox 401 3020 1930 3088">
     <span class='ocr_line' id='line_1_46' title="bbox 401 3020 1930 3088; baseline 0.005 -18"><span class='ocrx_word' id='word_1_348' title='bbox 401 3026 545 3071; x_wconf 86' lang='lat' dir='ltr'><strong>sunt.</strong></span> <span class='ocrx_word' id='word_1_349' title='bbox 581 3020 643 3071; x_wconf 86' lang='lat' dir='ltr'><strong>Et</strong></span> <span class='ocrx_word' id='word_1_350' title='bbox 681 3020 749 3073; x_wconf 90' lang='lat' dir='ltr'><strong>ob</strong></span> <span class='ocrx_word' id='word_1_351' title='bbox 787 3023 887 3074; x_wconf 90' lang='lat' dir='ltr'><strong>hoc</strong></span> <span class='ocrx_word' id='word_1_352' title='bbox 923 3030 1278 3073; x_wconf 88' lang='lat' dir='ltr'><strong>secernuntur</strong></span> <span class='ocrx_word' id='word_1_353' title='bbox 1306 3023 1544 3088; x_wconf 65' lang='lat' dir='ltr'><strong>quaedam</strong></span> <span class='ocrx_word' id='word_1_354' title='bbox 1577 3021 1822 3076; x_wconf 86' lang='lat' dir='ltr'><strong>civitates</strong></span> <span class='ocrx_word' id='word_1_355' title='bbox 1864 3026 1930 3077; x_wconf 92' lang='lat' dir='ltr'><strong>ad</strong></span> 
     </span>
    </p>
   </div>
   <div class='ocr_carea' id='block_1_47' title="bbox 406 3106 1933 3180">
    <p class='ocr_par' dir='ltr' id='par_1_47' title="bbox 406 3106 1933 3180">
     <span class='ocr_line' id='line_1_47' title="bbox 406 3106 1933 3180; baseline 0.005 -21"><span class='ocrx_word' id='word_1_356' title='bbox 406 3106 689 3175; x_wconf 84' lang='lat' dir='ltr'><strong>refugium.</strong></span> <span class='ocrx_word' id='word_1_357' title='bbox 754 3109 975 3162; x_wconf 83' lang='lat' dir='ltr'><strong>Videtur</strong></span> <span class='ocrx_word' id='word_1_358' title='bbox 1036 3110 1352 3176; x_wconf 87' lang='lat' dir='ltr'><strong>quibusdam</strong></span> <span class='ocrx_word' id='word_1_359' title='bbox 1399 3111 1539 3177; x_wconf 91' lang='lat' dir='ltr'><strong>quod</strong></span> <span class='ocrx_word' id='word_1_360' title='bbox 1604 3110 1933 3180; x_wconf 87' lang='lat' dir='ltr'><strong>singulorum</strong></span> 
     </span>
    </p>
   </div>
   <div class='ocr_carea' id='block_1_48' title="bbox 399 3199 1934 3267">
    <p class='ocr_par' dir='ltr' id='par_1_48' title="bbox 399 3199 1934 3267">
     <span class='ocr_line' id='line_1_48' title="bbox 399 3199 1934 3267; baseline 0.004 -18"><span class='ocrx_word' id='word_1_361' title='bbox 399 3213 612 3265; x_wconf 87' lang='lat' dir='ltr'><strong>quoque</strong></span> <span class='ocrx_word' id='word_1_362' title='bbox 661 3199 893 3252; x_wconf 89' lang='lat' dir='ltr'><strong>sidermn</strong></span> <span class='ocrx_word' id='word_1_363' title='bbox 941 3201 1130 3267; x_wconf 88' lang='lat' dir='ltr'><strong>positio</strong></span> <span class='ocrx_word' id='word_1_364' title='bbox 1169 3209 1218 3253; x_wconf 92' lang='lat' dir='ltr'><strong>et</strong></span> <span class='ocrx_word' id='word_1_365' title='bbox 1274 3209 1444 3253; x_wconf 70' lang='lat' dir='ltr'><strong>cretus</strong></span> <span class='ocrx_word' id='word_1_366' title='bbox 1492 3201 1682 3255; x_wconf 82' lang='lat' dir='ltr'><strong>civitas</strong></span> <span class='ocrx_word' id='word_1_367' title='bbox 1711 3202 1813 3255; x_wconf 89' lang='lat' dir='ltr'><strong>dici</strong></span> <span class='ocrx_word' id='word_1_368' title='bbox 1852 3204 1934 3256; x_wconf 89' lang='lat' dir='ltr'><strong>vel</strong></span> 
     </span>
    </p>
   </div>
   <div class='ocr_carea' id='block_1_49' title="bbox 400 3287 1934 3359">
    <p class='ocr_par' dir='ltr' id='par_1_49' title="bbox 400 3287 1934 3359">
     <span class='ocr_line' id='line_1_49' title="bbox 400 3287 1934 3359; baseline 0.005 -18"><span class='ocrx_word' id='word_1_369' title='bbox 400 3287 581 3341; x_wconf 90' lang='lat' dir='ltr'><strong>haberi</strong></span> <span class='ocrx_word' id='word_1_370' title='bbox 616 3290 783 3356; x_wconf 91' lang='lat' dir='ltr'><strong>possit</strong></span> <span class='ocrx_word' id='word_1_371' title='bbox 833 3291 883 3341; x_wconf 92' lang='lat' dir='ltr'><strong>in</strong></span> <span class='ocrx_word' id='word_1_372' title='bbox 930 3291 1104 3346; x_wconf 75' lang='lat' dir='ltr'><strong>cado:</strong></span> <span class='ocrx_word' id='word_1_373' title='bbox 1135 3292 1276 3358; x_wconf 86' lang='lat' dir='ltr'><strong>quod</strong></span> <span class='ocrx_word' id='word_1_374' title='bbox 1315 3305 1415 3358; x_wconf 88' lang='lat' dir='ltr'><strong>ego</strong></span> <span class='ocrx_word' id='word_1_375' title='bbox 1456 3292 1670 3359; x_wconf 90' lang='lat' dir='ltr'><strong>quidem</strong></span> <span class='ocrx_word' id='word_1_376' title='bbox 1715 3293 1934 3348; x_wconf 84' lang='lat' dir='ltr'><strong>definire</strong></span> 
     </span>
    </p>
   </div>
   <div class='ocr_carea' id='block_1_50' title="bbox 400 3376 1934 3450">
    <p class='ocr_par' dir='ltr' id='par_1_50' title="bbox 400 3376 1934 3450">
     <span class='ocr_line' id='line_1_50' title="bbox 400 3376 1934 3450; baseline 0.007 -22"><span class='ocrx_word' id='word_1_377' title='bbox 400 3390 502 3428; x_wconf 92' lang='lat' dir='ltr'><strong>non</strong></span> <span class='ocrx_word' id='word_1_378' title='bbox 543 3376 732 3431; x_wconf 91' lang='lat' dir='ltr'><strong>audeo.</strong></span> <span class='ocrx_word' id='word_1_379' title='bbox 759 3377 926 3432; x_wconf 78' lang='lat' dir='ltr'><strong>\‘ideo</strong></span> <span class='ocrx_word' id='word_1_380' title='bbox 955 3381 1096 3432; x_wconf 90' lang='lat' dir='ltr'><strong>enim</strong></span> <span class='ocrx_word' id='word_1_381' title='bbox 1143 3394 1354 3432; x_wconf 90' lang='lat' dir='ltr'><strong>omnem</strong></span> <span class='ocrx_word' id='word_1_382' title='bbox 1391 3389 1698 3433; x_wconf 89' lang='lat' dir='ltr'><strong>creaturam</strong></span> <span class='ocrx_word' id='word_1_383' title='bbox 1742 3382 1793 3434; x_wconf 91' lang='lat' dir='ltr'><strong>in</strong></span> <span class='ocrx_word' id='word_1_384' title='bbox 1841 3397 1934 3450; x_wconf 89' lang='lat' dir='ltr'><strong>spe</strong></span> 
     </span>
    </p>
   </div>
   <div class='ocr_carea' id='block_1_51' title="bbox 399 3463 1928 3535">
    <p class='ocr_par' dir='ltr' id='par_1_51' title="bbox 399 3463 1928 3535">
     <span class='ocr_line' id='line_1_51' title="bbox 399 3463 1928 3535; baseline 0.005 -19"><span class='ocrx_word' id='word_1_385' title='bbox 399 3463 611 3534; x_wconf 81' lang='lat' dir='ltr'><strong>quidem</strong></span> <span class='ocrx_word' id='word_1_386' title='bbox 641 3475 853 3534; x_wconf 87' lang='lat' dir='ltr'><strong>propter</strong></span> <span class='ocrx_word' id='word_1_387' title='bbox 886 3481 1006 3520; x_wconf 89' lang='lat' dir='ltr'><strong>eum</strong></span> <span class='ocrx_word' id='word_1_388' title='bbox 1053 3469 1142 3535; x_wconf 91' lang='lat' dir='ltr'><strong>qui</strong></span> <span class='ocrx_word' id='word_1_389' title='bbox 1185 3466 1415 3534; x_wconf 86' lang='lat' dir='ltr'><strong>subjecit</strong></span> <span class='ocrx_word' id='word_1_390' title='bbox 1457 3482 1578 3521; x_wconf 85' lang='lat' dir='ltr'><strong>esse</strong></span> <span class='ocrx_word' id='word_1_391' title='bbox 1623 3468 1928 3535; x_wconf 77' lang='lat' dir='ltr'><strong>subiectam,</strong></span> 
     </span>
    </p>
   </div>
   <div class='ocr_carea' id='block_1_52' title="bbox 398 3555 1928 3623">
    <p class='ocr_par' dir='ltr' id='par_1_52' title="bbox 398 3555 1928 3623">
     <span class='ocr_line' id='line_1_52' title="bbox 398 3555 1928 3623; baseline 0.005 -17"><span class='ocrx_word' id='word_1_392' title='bbox 398 3561 708 3620; x_wconf 82' lang='lat' dir='ltr'><strong>exspectare</strong></span> <span class='ocrx_word' id='word_1_393' title='bbox 753 3564 927 3608; x_wconf 89' lang='lat' dir='ltr'><strong>tamen</strong></span> <span class='ocrx_word' id='word_1_394' title='bbox 963 3555 1261 3609; x_wconf 90' lang='lat' dir='ltr'><strong>libertatem</strong></span> <span class='ocrx_word' id='word_1_395' title='bbox 1303 3556 1356 3608; x_wconf 92' lang='lat' dir='ltr'><strong>in</strong></span> <span class='ocrx_word' id='word_1_396' title='bbox 1395 3557 1757 3623; x_wconf 86' lang='lat' dir='ltr'><strong>redemptione</strong></span> <span class='ocrx_word' id='word_1_397' title='bbox 1793 3559 1928 3613; x_wconf 83' lang='lat' dir='ltr'><strong>filio-</strong></span> 
     </span>
    </p>
   </div>
   <div class='ocr_carea' id='block_1_53' title="bbox 403 3641 1931 3714">
    <p class='ocr_par' dir='ltr' id='par_1_53' title="bbox 403 3641 1931 3714">
     <span class='ocr_line' id='line_1_53' title="bbox 403 3641 1931 3714; baseline 0.005 -20"><span class='ocrx_word' id='word_1_398' title='bbox 403 3657 519 3698; x_wconf 93' lang='lat' dir='ltr'><strong>rum</strong></span> <span class='ocrx_word' id='word_1_399' title='bbox 563 3641 655 3696; x_wconf 88' lang='lat' dir='ltr'><strong>Dei</strong></span> <span class='ocrx_word' id='word_1_400' title='bbox 683 3644 797 3697; x_wconf 90' lang='lat' dir='ltr'><strong>sine</strong></span> <span class='ocrx_word' id='word_1_401' title='bbox 843 3645 1022 3710; x_wconf 91' lang='lat' dir='ltr'><strong>dubio,</strong></span> <span class='ocrx_word' id='word_1_402' title='bbox 1051 3655 1104 3700; x_wconf 89' lang='lat' dir='ltr'><strong>et</strong></span> <span class='ocrx_word' id='word_1_403' title='bbox 1135 3645 1442 3714; x_wconf 71' lang='lat' dir='ltr'><strong>praeclarius</strong></span> <span class='ocrx_word' id='word_1_404' title='bbox 1469 3645 1669 3714; x_wconf 89' lang='lat' dir='ltr'><strong>aliquid</strong></span> <span class='ocrx_word' id='word_1_405' title='bbox 1712 3657 1802 3701; x_wconf 89' lang='lat' dir='ltr'><strong>aut</strong></span> <span class='ocrx_word' id='word_1_406' title='bbox 1839 3663 1931 3703; x_wconf 62' lang='lat' dir='ltr'><strong>suo</strong></span> 
     </span>
    </p>
   </div>
   <div class='ocr_carea' id='block_1_54' title="bbox 397 3733 966 3801">
    <p class='ocr_par' dir='ltr' id='par_1_54' title="bbox 397 3733 966 3801">
     <span class='ocr_line' id='line_1_54' title="bbox 397 3733 966 3801; baseline -0.002 -14"><span class='ocrx_word' id='word_1_407' title='bbox 397 3733 611 3787; x_wconf 87' lang='lat' dir='ltr'><strong>blimius</strong></span> <span class='ocrx_word' id='word_1_408' title='bbox 637 3733 875 3801; x_wconf 86' lang='lat' dir='ltr'><strong>opperiri</strong></span> <span class='ocrx_word' id='word_1_409' title='bbox 900 3733 966 3786; x_wconf 74' lang='lat'><strong>“.</strong></span> 
     </span>
    </p>
   </div>
   <div class='ocr_carea' id='block_1_55' title="bbox 465 3820 1933 3889">
    <p class='ocr_par' dir='ltr' id='par_1_55' title="bbox 465 3820 1933 3889">
     <span class='ocr_line' id='line_1_55' title="bbox 465 3820 1933 3889; baseline 0.004 -17"><span class='ocrx_word' id='word_1_410' title='bbox 465 3821 517 3873; x_wconf 82' lang='grc'><strong>5.</strong></span> <span class='ocrx_word' id='word_1_411' title='bbox 561 3820 616 3873; x_wconf 89' lang='lat' dir='ltr'><strong>Si</strong></span> <span class='ocrx_word' id='word_1_412' title='bbox 643 3835 790 3889; x_wconf 85' lang='lat' dir='ltr'><strong>ergo,</strong></span> <span class='ocrx_word' id='word_1_413' title='bbox 820 3831 878 3874; x_wconf 94' lang='lat' dir='ltr'><strong>ut</strong></span> <span class='ocrx_word' id='word_1_414' title='bbox 918 3821 1170 3885; x_wconf 82' lang='lat' dir='ltr'><strong>diximus,</strong></span> <span class='ocrx_word' id='word_1_415' title='bbox 1196 3821 1443 3876; x_wconf 91' lang='lat' dir='ltr'><strong>umbram</strong></span> <span class='ocrx_word' id='word_1_416' title='bbox 1473 3822 1636 3878; x_wconf 89' lang='lat' dir='ltr'><strong>habet</strong></span> <span class='ocrx_word' id='word_1_417' title='bbox 1663 3823 1746 3877; x_wconf 87' lang='lat' dir='ltr'><strong>lex</strong></span> <span class='ocrx_word' id='word_1_418' title='bbox 1788 3824 1933 3878; x_wconf 85' lang='lat' dir='ltr'><strong>futu-</strong></span> 
     </span>
    </p>
   </div>
   <div class='ocr_carea' id='block_1_56' title="bbox 399 3913 1933 3981">
    <p class='ocr_par' dir='ltr' id='par_1_56' title="bbox 399 3913 1933 3981">
     <span class='ocr_line' id='line_1_56' title="bbox 399 3913 1933 3981; baseline 0.004 -17"><span class='ocrx_word' id='word_1_419' title='bbox 399 3927 577 3967; x_wconf 88' lang='lat' dir='ltr'><strong>rorum</strong></span> <span class='ocrx_word' id='word_1_420' title='bbox 601 3913 879 3976; x_wconf 90' lang='lat' dir='ltr'><strong>honorum,</strong></span> <span class='ocrx_word' id='word_1_421' title='bbox 909 3922 964 3967; x_wconf 87' lang='lat' dir='ltr'><strong>et</strong></span> <span class='ocrx_word' id='word_1_422' title='bbox 988 3913 1275 3981; x_wconf 73' lang='lat' dir='ltr'><strong>exemplari</strong></span> <span class='ocrx_word' id='word_1_423' title='bbox 1305 3923 1358 3967; x_wconf 86' lang='lat' dir='ltr'><strong>et</strong></span> <span class='ocrx_word' id='word_1_424' title='bbox 1395 3916 1596 3968; x_wconf 63' lang='lat' dir='ltr'><strong>umbrae</strong></span> <span class='ocrx_word' id='word_1_425' title='bbox 1623 3917 1933 3970; x_wconf 89' lang='lat' dir='ltr'><strong>deserviunt</strong></span> 
     </span>
    </p>
   </div>
   <div class='ocr_carea' id='block_1_57' title="bbox 397 4002 1934 4074">
    <p class='ocr_par' dir='ltr' id='par_1_57' title="bbox 397 4002 1934 4074">
     <span class='ocr_line' id='line_1_57' title="bbox 397 4002 1934 4074; baseline 0.003 -20"><span class='ocrx_word' id='word_1_426' title='bbox 397 4002 690 4057; x_wconf 72' lang='lat' dir='ltr'><strong>cmlestium</strong></span> <span class='ocrx_word' id='word_1_427' title='bbox 734 4003 825 4072; x_wconf 89' lang='lat' dir='ltr'><strong>qui</strong></span> <span class='ocrx_word' id='word_1_428' title='bbox 881 4003 934 4056; x_wconf 92' lang='lat' dir='ltr'><strong>in</strong></span> <span class='ocrx_word' id='word_1_429' title='bbox 983 4002 1097 4071; x_wconf 86' lang='lat' dir='ltr'><strong>lege</strong></span> <span class='ocrx_word' id='word_1_430' title='bbox 1148 4004 1490 4067; x_wconf 87' lang='lat' dir='ltr'><strong>deserviunt,</strong></span> <span class='ocrx_word' id='word_1_431' title='bbox 1542 4013 1593 4058; x_wconf 90' lang='lat' dir='ltr'><strong>et</strong></span> <span class='ocrx_word' id='word_1_432' title='bbox 1648 4021 1789 4059; x_wconf 92' lang='lat' dir='ltr'><strong>nunc</strong></span> <span class='ocrx_word' id='word_1_433' title='bbox 1839 4021 1934 4074; x_wconf 88' lang='lat' dir='ltr'><strong>per</strong></span> 
     </span>
    </p>
   </div>
   <div class='ocr_carea' id='block_1_58' title="bbox 401 4090 1931 4158">
    <p class='ocr_par' dir='ltr' id='par_1_58' title="bbox 401 4090 1931 4158">
     <span class='ocr_line' id='line_1_58' title="bbox 401 4090 1931 4158; baseline 0.005 -18"><span class='ocrx_word' id='word_1_434' title='bbox 401 4090 668 4155; x_wconf 90' lang='lat' dir='ltr'><strong>speculum</strong></span> <span class='ocrx_word' id='word_1_435' title='bbox 711 4100 764 4143; x_wconf 90' lang='lat' dir='ltr'><strong>et</strong></span> <span class='ocrx_word' id='word_1_436' title='bbox 809 4091 860 4142; x_wconf 92' lang='lat' dir='ltr'><strong>in</strong></span> <span class='ocrx_word' id='word_1_437' title='bbox 904 4091 1206 4158; x_wconf 64' lang='lat' dir='ltr'><strong>aenigmate,</strong></span> <span class='ocrx_word' id='word_1_438' title='bbox 1236 4101 1360 4144; x_wconf 89' lang='lat' dir='ltr'><strong>tunc</strong></span> <span class='ocrx_word' id='word_1_439' title='bbox 1386 4101 1561 4146; x_wconf 88' lang='lat' dir='ltr'><strong>autem</strong></span> <span class='ocrx_word' id='word_1_440' title='bbox 1601 4092 1736 4146; x_wconf 84' lang='lat' dir='ltr'><strong>facie</strong></span> <span class='ocrx_word' id='word_1_441' title='bbox 1759 4093 1823 4145; x_wconf 90' lang='lat' dir='ltr'><strong>ad</strong></span> <span class='ocrx_word' id='word_1_442' title='bbox 1852 4092 1931 4147; x_wconf 83' lang='lat' dir='ltr'><strong>fa-</strong></span> 
     </span>
    </p>
   </div>
   <div class='ocr_carea' id='block_1_59' title="bbox 400 4176 1934 4247">
    <p class='ocr_par' dir='ltr' id='par_1_59' title="bbox 400 4176 1934 4247">
     <span class='ocr_line' id='line_1_59' title="bbox 400 4176 1934 4247; baseline 0.005 -19"><span class='ocrx_word' id='word_1_443' title='bbox 400 4177 536 4229; x_wconf 82' lang='lat' dir='ltr'><strong>ciem</strong></span> <span class='ocrx_word' id='word_1_444' title='bbox 565 4176 850 4230; x_wconf 90' lang='lat' dir='ltr'><strong>habebitur</strong></span> <span class='ocrx_word' id='word_1_445' title='bbox 886 4193 1062 4231; x_wconf 89' lang='lat' dir='ltr'><strong>rerum</strong></span> <span class='ocrx_word' id='word_1_446' title='bbox 1087 4179 1487 4246; x_wconf 88' lang='lat' dir='ltr'><strong>contemplatio,</strong></span> <span class='ocrx_word' id='word_1_447' title='bbox 1518 4181 1678 4233; x_wconf 90' lang='lat' dir='ltr'><strong>credo</strong></span> <span class='ocrx_word' id='word_1_448' title='bbox 1709 4182 1849 4247; x_wconf 88' lang='lat' dir='ltr'><strong>quod</strong></span> <span class='ocrx_word' id='word_1_449' title='bbox 1879 4192 1934 4235; x_wconf 89' lang='lat' dir='ltr'><strong>et</strong></span> 
     </span>
    </p>
   </div>
   <div class='ocr_carea' id='block_1_60' title="bbox 403 4268 1933 4342">
    <p class='ocr_par' dir='ltr' id='par_1_60' title="bbox 403 4268 1933 4342">
     <span class='ocr_line' id='line_1_60' title="bbox 403 4268 1933 4342; baseline 0.007 -24"><span class='ocrx_word' id='word_1_450' title='bbox 403 4279 542 4318; x_wconf 80' lang='lat' dir='ltr'><strong>nunc</strong></span> <span class='ocrx_word' id='word_1_451' title='bbox 568 4268 1019 4320; x_wconf 87' lang='lat' dir='ltr'><strong>conversationem</strong></span> <span class='ocrx_word' id='word_1_452' title='bbox 1064 4269 1290 4322; x_wconf 88' lang='lat' dir='ltr'><strong>dicimur</strong></span> <span class='ocrx_word' id='word_1_453' title='bbox 1331 4271 1528 4326; x_wconf 86' lang='lat' dir='ltr'><strong>habere</strong></span> <span class='ocrx_word' id='word_1_454' title='bbox 1567 4273 1618 4324; x_wconf 92' lang='lat' dir='ltr'><strong>in</strong></span> <span class='ocrx_word' id='word_1_455' title='bbox 1652 4272 1805 4326; x_wconf 78' lang='lat' dir='ltr'><strong>ccelis</strong></span> <span class='ocrx_word' id='word_1_456' title='bbox 1839 4288 1933 4342; x_wconf 90' lang='lat' dir='ltr'><strong>per</strong></span> 
     </span>
    </p>
   </div>
   <div class='ocr_carea' id='block_1_61' title="bbox 401 4349 3417 4438">
    <p class='ocr_par' dir='ltr' id='par_1_61' title="bbox 401 4349 3417 4438">
     <span class='ocr_line' id='line_1_61' title="bbox 401 4349 3417 4438; baseline 0.004 -31"><span class='ocrx_word' id='word_1_457' title='bbox 401 4354 698 4420; x_wconf 80' lang='lat' dir='ltr'><strong>speculum,</strong></span> <span class='ocrx_word' id='word_1_458' title='bbox 750 4367 804 4408; x_wconf 92' lang='lat' dir='ltr'><strong>et</strong></span> <span class='ocrx_word' id='word_1_459' title='bbox 847 4357 900 4408; x_wconf 94' lang='lat' dir='ltr'><strong>in</strong></span> <span class='ocrx_word' id='word_1_460' title='bbox 941 4358 1237 4424; x_wconf 62' lang='lat' dir='ltr'><strong>arnigmate,</strong></span> <span class='ocrx_word' id='word_1_461' title='bbox 1295 4367 1421 4412; x_wconf 92' lang='lat' dir='ltr'><strong>tunc</strong></span> <span class='ocrx_word' id='word_1_462' title='bbox 1465 4369 1641 4414; x_wconf 89' lang='lat' dir='ltr'><strong>autem</strong></span> <span class='ocrx_word' id='word_1_463' title='bbox 1685 4361 1822 4416; x_wconf 90' lang='lat' dir='ltr'><strong>facie</strong></span> <span class='ocrx_word' id='word_1_464' title='bbox 1865 4363 1931 4415; x_wconf 89' lang='lat' dir='ltr'><strong>ad</strong></span> <span class='ocrx_word' id='word_1_465' title='bbox 1966 4387 2006 4438; x_wconf 81' lang='grc' dir='ltr'>ι)</span> <span class='ocrx_word' id='word_1_466' title='bbox 2041 4349 2178 4402; x_wconf 67' lang='lat'><strong>“&quot;03</strong></span> <span class='ocrx_word' id='word_1_467' title='bbox 2217 4349 2495 4402; x_wconf 66' lang='lat' dir='ltr'><strong>&quot;OViSSillli</strong></span> <span class='ocrx_word' id='word_1_468' title='bbox 2542 4352 2772 4408; x_wconf 65' lang='lat' dir='ltr'><strong>Adam:</strong></span> <span class='ocrx_word' id='word_1_469' title='bbox 2819 4373 2934 4412; x_wconf 84' lang='grc' dir='ltr'>ιιοη</span> <span class='ocrx_word' id='word_1_470' title='bbox 2987 4362 3077 4414; x_wconf 88' lang='lat' dir='ltr'><strong>cui</strong></span> <span class='ocrx_word' id='word_1_471' title='bbox 3135 4363 3290 4417; x_wconf 80' lang='lat' dir='ltr'><strong>dicat</strong></span> <span class='ocrx_word' id='word_1_472' title='bbox 3318 4363 3362 4395; x_wconf 84' lang='grc'><strong>⁸¹</strong></span> <span class='ocrx_word' id='word_1_473' title='bbox 3404 4380 3417 4416; x_wconf 90' lang='lat'><strong>:</strong></span> 
     </span>
    </p>
   </div>
   <div class='ocr_carea' id='block_1_62' title="bbox 401 4443 1933 4506">
    <p class='ocr_par' dir='ltr' id='par_1_62' title="bbox 401 4443 1933 4506">
     <span class='ocr_line' id='line_1_62' title="bbox 401 4443 1933 4506; baseline 0.005 -9"><span class='ocrx_word' id='word_1_474' title='bbox 401 4444 614 4506; x_wconf 60' lang='lat' dir='ltr'><strong>faciem,</strong></span> <span class='ocrx_word' id='word_1_475' title='bbox 662 4443 819 4496; x_wconf 87' lang='lat' dir='ltr'><strong>talem</strong></span> <span class='ocrx_word' id='word_1_476' title='bbox 857 4449 1314 4501; x_wconf 87' lang='lat' dir='ltr'><strong>conversationem</strong></span> <span class='ocrx_word' id='word_1_477' title='bbox 1359 4450 1689 4503; x_wconf 89' lang='lat' dir='ltr'><strong>merebimur</strong></span> <span class='ocrx_word' id='word_1_478' title='bbox 1735 4451 1933 4506; x_wconf 87' lang='lat' dir='ltr'><strong>habere</strong></span> 
     </span>
    </p>
   </div>
   <div class='ocr_carea' id='block_1_63' title="bbox 403 4531 1928 4608">
    <p class='ocr_par' dir='ltr' id='par_1_63' title="bbox 403 4531 1928 4608">
     <span class='ocr_line' id='line_1_63' title="bbox 403 4531 1928 4608; baseline 0.007 -24"><span class='ocrx_word' id='word_1_479' title='bbox 403 4533 454 4585; x_wconf 82' lang='lat' dir='ltr'><strong>iu</strong></span> <span class='ocrx_word' id='word_1_480' title='bbox 481 4531 651 4585; x_wconf 72' lang='lat' dir='ltr'><strong>cmlis.</strong></span> <span class='ocrx_word' id='word_1_481' title='bbox 683 4531 737 4582; x_wconf 90' lang='lat' dir='ltr'><strong>Si</strong></span> <span class='ocrx_word' id='word_1_482' title='bbox 763 4546 888 4599; x_wconf 83' lang='lat' dir='ltr'><strong>ergo</strong></span> <span class='ocrx_word' id='word_1_483' title='bbox 911 4546 1004 4600; x_wconf 85' lang='lat' dir='ltr'><strong>per</strong></span> <span class='ocrx_word' id='word_1_484' title='bbox 1031 4537 1468 4602; x_wconf 88' lang='lat' dir='ltr'><strong>consequentiam</strong></span> <span class='ocrx_word' id='word_1_485' title='bbox 1506 4553 1683 4592; x_wconf 89' lang='lat' dir='ltr'><strong>rerum</strong></span> <span class='ocrx_word' id='word_1_486' title='bbox 1718 4549 1770 4593; x_wconf 86' lang='lat' dir='ltr'><strong>et</strong></span> <span class='ocrx_word' id='word_1_487' title='bbox 1803 4556 1928 4608; x_wconf 85' lang='lat' dir='ltr'><strong>pro-</strong></span> 
     </span>
    </p>
   </div>
   <div class='ocr_carea' id='block_1_64' title="bbox 402 4619 1928 4695">
    <p class='ocr_par' dir='ltr' id='par_1_64' title="bbox 402 4619 1928 4695">
     <span class='ocr_line' id='line_1_64' title="bbox 402 4619 1928 4695; baseline 0.005 -22"><span class='ocrx_word' id='word_1_488' title='bbox 402 4620 711 4674; x_wconf 74' lang='lat' dir='ltr'><strong>missionum</strong></span> <span class='ocrx_word' id='word_1_489' title='bbox 745 4619 896 4671; x_wconf 81' lang='lat' dir='ltr'><strong>ﬁdem</strong></span> <span class='ocrx_word' id='word_1_490' title='bbox 923 4634 1020 4674; x_wconf 91' lang='lat' dir='ltr'><strong>nos</strong></span> <span class='ocrx_word' id='word_1_491' title='bbox 1041 4622 1316 4677; x_wconf 91' lang='lat' dir='ltr'><strong>transferri</strong></span> <span class='ocrx_word' id='word_1_492' title='bbox 1343 4627 1407 4678; x_wconf 88' lang='lat' dir='ltr'><strong>de</strong></span> <span class='ocrx_word' id='word_1_493' title='bbox 1433 4626 1593 4679; x_wconf 89' lang='lat' dir='ltr'><strong>terris</strong></span> <span class='ocrx_word' id='word_1_494' title='bbox 1621 4638 1834 4695; x_wconf 89' lang='lat' dir='ltr'><strong>oportet</strong></span> <span class='ocrx_word' id='word_1_495' title='bbox 1865 4631 1928 4681; x_wconf 90' lang='lat' dir='ltr'><strong>ad</strong></span> 
     </span>
    </p>
   </div>
   <div class='ocr_carea' id='block_1_65' title="bbox 401 4708 1930 4777">
    <p class='ocr_par' dir='ltr' id='par_1_65' title="bbox 401 4708 1930 4777">
     <span class='ocr_line' id='line_1_65' title="bbox 401 4708 1930 4777; baseline 0.006 -16"><span class='ocrx_word' id='word_1_496' title='bbox 401 4709 613 4772; x_wconf 67' lang='lat' dir='ltr'><strong>celum,</strong></span> <span class='ocrx_word' id='word_1_497' title='bbox 659 4718 784 4775; x_wconf 93' lang='lat' dir='ltr'><strong>puto</strong></span> <span class='ocrx_word' id='word_1_498' title='bbox 810 4708 950 4775; x_wconf 91' lang='lat' dir='ltr'><strong>quod</strong></span> <span class='ocrx_word' id='word_1_499' title='bbox 997 4709 1049 4762; x_wconf 91' lang='lat' dir='ltr'><strong>in</strong></span> <span class='ocrx_word' id='word_1_500' title='bbox 1081 4710 1209 4777; x_wconf 90' lang='lat' dir='ltr'><strong>ipsis</strong></span> <span class='ocrx_word' id='word_1_501' title='bbox 1250 4711 1559 4772; x_wconf 73' lang='lat' dir='ltr'><strong>crelestibus</strong></span> <span class='ocrx_word' id='word_1_502' title='bbox 1600 4712 1731 4766; x_wconf 90' lang='lat' dir='ltr'><strong>locis</strong></span> <span class='ocrx_word' id='word_1_503' title='bbox 1772 4715 1930 4770; x_wconf 78' lang='lat' dir='ltr'><strong>Jesus</strong></span> 
     </span>
    </p>
   </div>
   <div class='ocr_carea' id='block_1_66' title="bbox 404 4790 1930 4867">
    <p class='ocr_par' dir='ltr' id='par_1_66' title="bbox 404 4790 1930 4867">
     <span class='ocr_line' id='line_1_66' title="bbox 404 4790 1930 4867; baseline 0.003 -16"><span class='ocrx_word' id='word_1_504' title='bbox 404 4798 656 4851; x_wconf 80' lang='lat' dir='ltr'><strong>Dominus</strong></span> <span class='ocrx_word' id='word_1_505' title='bbox 683 4806 864 4851; x_wconf 90' lang='lat' dir='ltr'><strong>uoster</strong></span> <span class='ocrx_word' id='word_1_506' title='bbox 896 4813 997 4851; x_wconf 92' lang='lat' dir='ltr'><strong>non</strong></span> <span class='ocrx_word' id='word_1_507' title='bbox 1024 4790 1224 4867; x_wconf 88' lang='lat' dir='ltr'><strong>absque</strong></span> <span class='ocrx_word' id='word_1_508' title='bbox 1247 4801 1553 4854; x_wconf 89' lang='lat' dir='ltr'><strong>meritorum</strong></span> <span class='ocrx_word' id='word_1_509' title='bbox 1579 4811 1724 4855; x_wconf 90' lang='lat' dir='ltr'><strong>sorte</strong></span> <span class='ocrx_word' id='word_1_510' title='bbox 1744 4819 1930 4856; x_wconf 83' lang='lat' dir='ltr'><strong>unum-</strong></span> 
     </span>
    </p>
   </div>
   <div class='ocr_carea' id='block_1_67' title="bbox 400 4887 1930 4957">
    <p class='ocr_par' dir='ltr' id='par_1_67' title="bbox 400 4887 1930 4957">
     <span class='ocr_line' id='line_1_67' title="bbox 400 4887 1930 4957; baseline 0.008 -20"><span class='ocrx_word' id='word_1_511' title='bbox 400 4901 664 4954; x_wconf 80' lang='lat' dir='ltr'><strong>quemque</strong></span> <span class='ocrx_word' id='word_1_512' title='bbox 698 4887 753 4940; x_wconf 88' lang='lat' dir='ltr'><strong>iu</strong></span> <span class='ocrx_word' id='word_1_513' title='bbox 795 4887 880 4940; x_wconf 88' lang='lat' dir='ltr'><strong>illa</strong></span> <span class='ocrx_word' id='word_1_514' title='bbox 919 4888 997 4941; x_wconf 92' lang='lat' dir='ltr'><strong>vel</strong></span> <span class='ocrx_word' id='word_1_515' title='bbox 1042 4889 1124 4941; x_wconf 88' lang='lat' dir='ltr'><strong>illa</strong></span> <span class='ocrx_word' id='word_1_516' title='bbox 1153 4890 1276 4944; x_wconf 72' lang='grc' dir='ltr'><strong>εωιί</strong></span> <span class='ocrx_word' id='word_1_517' title='bbox 1306 4899 1458 4957; x_wconf 89' lang='lat' dir='ltr'><strong>parte</strong></span> <span class='ocrx_word' id='word_1_518' title='bbox 1502 4899 1557 4942; x_wconf 84' lang='lat' dir='ltr'><strong>et</strong></span> <span class='ocrx_word' id='word_1_519' title='bbox 1601 4891 1930 4950; x_wconf 89' lang='lat' dir='ltr'><strong>habitatione</strong></span> 
     </span>
    </p>
   </div>
   <div class='ocr_carea' id='block_1_68' title="bbox 402 4977 1928 5048">
    <p class='ocr_par' dir='ltr' id='par_1_68' title="bbox 402 4977 1928 5048">
     <span class='ocr_line' id='line_1_68' title="bbox 402 4977 1928 5048; baseline 0.007 -22"><span class='ocrx_word' id='word_1_520' title='bbox 402 4978 706 5030; x_wconf 86' lang='lat' dir='ltr'><strong>constituat.</strong></span> <span class='ocrx_word' id='word_1_521' title='bbox 735 4977 839 5031; x_wconf 89' lang='lat' dir='ltr'><strong>Sed</strong></span> <span class='ocrx_word' id='word_1_522' title='bbox 863 4979 1000 5032; x_wconf 88' lang='lat' dir='ltr'><strong>sicut</strong></span> <span class='ocrx_word' id='word_1_523' title='bbox 1023 4979 1180 5032; x_wconf 90' lang='lat' dir='ltr'><strong>multa</strong></span> <span class='ocrx_word' id='word_1_524' title='bbox 1205 4988 1286 5032; x_wconf 89' lang='lat' dir='ltr'><strong>est</strong></span> <span class='ocrx_word' id='word_1_525' title='bbox 1322 4978 1621 5032; x_wconf 78' lang='lat' dir='ltr'><strong>dill&#39;erentia</strong></span> <span class='ocrx_word' id='word_1_526' title='bbox 1665 4981 1716 5032; x_wconf 90' lang='lat' dir='ltr'><strong>in</strong></span> <span class='ocrx_word' id='word_1_527' title='bbox 1746 4986 1928 5048; x_wconf 88' lang='lat' dir='ltr'><strong>terris,</strong></span> 
     </span>
    </p>
   </div>
   <div class='ocr_carea' id='block_1_69' title="bbox 403 5065 1928 5137">
    <p class='ocr_par' dir='ltr' id='par_1_69' title="bbox 403 5065 1928 5137">
     <span class='ocr_line' id='line_1_69' title="bbox 403 5065 1928 5137; baseline 0.007 -21"><span class='ocrx_word' id='word_1_528' title='bbox 403 5065 546 5118; x_wconf 89' lang='lat' dir='ltr'><strong>verbi</strong></span> <span class='ocrx_word' id='word_1_529' title='bbox 579 5069 766 5133; x_wconf 83' lang='lat' dir='ltr'><strong>gratia,</strong></span> <span class='ocrx_word' id='word_1_530' title='bbox 803 5069 1047 5122; x_wconf 88' lang='lat' dir='ltr'><strong>habitare</strong></span> <span class='ocrx_word' id='word_1_531' title='bbox 1073 5069 1125 5121; x_wconf 90' lang='lat' dir='ltr'><strong>in</strong></span> <span class='ocrx_word' id='word_1_532' title='bbox 1147 5069 1280 5122; x_wconf 89' lang='lat' dir='ltr'><strong>locis</strong></span> <span class='ocrx_word' id='word_1_533' title='bbox 1315 5068 1558 5122; x_wconf 83' lang='lat' dir='ltr'><strong>fecundis</strong></span> <span class='ocrx_word' id='word_1_534' title='bbox 1604 5076 1656 5121; x_wconf 91' lang='lat' dir='ltr'><strong>et</strong></span> <span class='ocrx_word' id='word_1_535' title='bbox 1695 5071 1928 5137; x_wconf 81' lang='lat' dir='ltr'><strong>copiosis</strong></span> 
     </span>
    </p>
   </div>
   <div class='ocr_carea' id='block_1_70' title="bbox 401 5155 1927 5219">
    <p class='ocr_par' dir='ltr' id='par_1_70' title="bbox 401 5155 1927 5219">
     <span class='ocr_line' id='line_1_70' title="bbox 401 5155 1927 5219; baseline 0.005 -13"><span class='ocrx_word' id='word_1_536' title='bbox 401 5169 463 5208; x_wconf 88' lang='lat' dir='ltr'><strong>ac</strong></span> <span class='ocrx_word' id='word_1_537' title='bbox 489 5157 639 5209; x_wconf 90' lang='lat' dir='ltr'><strong>bouis</strong></span> <span class='ocrx_word' id='word_1_538' title='bbox 665 5158 908 5212; x_wconf 90' lang='lat' dir='ltr'><strong>omnibus</strong></span> <span class='ocrx_word' id='word_1_539' title='bbox 930 5157 1348 5219; x_wconf 89' lang='lat' dir='ltr'><strong>abundantibus,</strong></span> <span class='ocrx_word' id='word_1_540' title='bbox 1392 5155 1480 5206; x_wconf 91' lang='lat' dir='ltr'><strong>ubi</strong></span> <span class='ocrx_word' id='word_1_541' title='bbox 1523 5164 1577 5208; x_wconf 89' lang='lat' dir='ltr'><strong>et</strong></span> <span class='ocrx_word' id='word_1_542' title='bbox 1613 5157 1752 5210; x_wconf 89' lang='lat' dir='ltr'><strong>aeris</strong></span> <span class='ocrx_word' id='word_1_543' title='bbox 1795 5170 1927 5214; x_wconf 88' lang='lat' dir='ltr'><strong>tem-</strong></span> 
     </span>
    </p>
   </div>
   <div class='ocr_carea' id='block_1_71' title="bbox 400 5241 1924 5309">
    <p class='ocr_par' dir='ltr' id='par_1_71' title="bbox 400 5241 1924 5309">
     <span class='ocr_line' id='line_1_71' title="bbox 400 5241 1924 5309; baseline 0.007 -17"><span class='ocrx_word' id='word_1_544' title='bbox 400 5243 596 5309; x_wconf 86' lang='lat' dir='ltr'><strong>peries,</strong></span> <span class='ocrx_word' id='word_1_545' title='bbox 625 5250 679 5294; x_wconf 91' lang='lat' dir='ltr'><strong>et</strong></span> <span class='ocrx_word' id='word_1_546' title='bbox 703 5244 932 5297; x_wconf 90' lang='lat' dir='ltr'><strong>eruditio</strong></span> <span class='ocrx_word' id='word_1_547' title='bbox 967 5245 1258 5305; x_wconf 87' lang='lat' dir='ltr'><strong>hominum,</strong></span> <span class='ocrx_word' id='word_1_548' title='bbox 1299 5257 1361 5295; x_wconf 92' lang='lat' dir='ltr'><strong>ac</strong></span> <span class='ocrx_word' id='word_1_549' title='bbox 1399 5241 1638 5295; x_wconf 90' lang='lat' dir='ltr'><strong>liberalia</strong></span> <span class='ocrx_word' id='word_1_550' title='bbox 1685 5246 1924 5302; x_wconf 90' lang='lat' dir='ltr'><strong>instituta</strong></span> 
     </span>
    </p>
   </div>
   <div class='ocr_carea' id='block_1_72' title="bbox 404 5329 1925 5399">
    <p class='ocr_par' dir='ltr' id='par_1_72' title="bbox 404 5329 1925 5399">
     <span class='ocr_line' id='line_1_72' title="bbox 404 5329 1925 5399; baseline 0.008 -22"><span class='ocrx_word' id='word_1_551' title='bbox 404 5341 506 5378; x_wconf 89' lang='lat' dir='ltr'><strong>non</strong></span> <span class='ocrx_word' id='word_1_552' title='bbox 532 5330 752 5383; x_wconf 84' lang='lat' dir='ltr'><strong>desunt:</strong></span> <span class='ocrx_word' id='word_1_553' title='bbox 778 5340 830 5385; x_wconf 91' lang='lat' dir='ltr'><strong>et</strong></span> <span class='ocrx_word' id='word_1_554' title='bbox 851 5333 1006 5399; x_wconf 85' lang='lat' dir='ltr'><strong>longe</strong></span> <span class='ocrx_word' id='word_1_555' title='bbox 1031 5332 1173 5385; x_wconf 90' lang='lat' dir='ltr'><strong>aliud</strong></span> <span class='ocrx_word' id='word_1_556' title='bbox 1204 5341 1284 5385; x_wconf 92' lang='lat' dir='ltr'><strong>est</strong></span> <span class='ocrx_word' id='word_1_557' title='bbox 1309 5329 1568 5393; x_wconf 88' lang='lat' dir='ltr'><strong>habitare,</strong></span> <span class='ocrx_word' id='word_1_558' title='bbox 1602 5340 1690 5385; x_wconf 91' lang='lat' dir='ltr'><strong>aut</strong></span> <span class='ocrx_word' id='word_1_559' title='bbox 1716 5331 1768 5385; x_wconf 92' lang='lat' dir='ltr'><strong>in</strong></span> <span class='ocrx_word' id='word_1_560' title='bbox 1794 5333 1925 5389; x_wconf 90' lang='lat' dir='ltr'><strong>locis</strong></span> 
     </span>
    </p>
   </div>
   <div class='ocr_carea' id='block_1_73' title="bbox 406 5413 1920 5490">
    <p class='ocr_par' dir='ltr' id='par_1_73' title="bbox 406 5413 1920 5490">
     <span class='ocr_line' id='line_1_73' title="bbox 406 5413 1920 5490; baseline 0.009 -25"><span class='ocrx_word' id='word_1_561' title='bbox 406 5413 717 5482; x_wconf 84' lang='lat' dir='ltr'><strong>infecundis,</strong></span> <span class='ocrx_word' id='word_1_562' title='bbox 761 5432 814 5474; x_wconf 91' lang='lat' dir='ltr'><strong>et</strong></span> <span class='ocrx_word' id='word_1_563' title='bbox 851 5438 1024 5476; x_wconf 88' lang='lat' dir='ltr'><strong>rerum</strong></span> <span class='ocrx_word' id='word_1_564' title='bbox 1057 5422 1280 5490; x_wconf 87' lang='lat' dir='ltr'><strong>penuria</strong></span> <span class='ocrx_word' id='word_1_565' title='bbox 1333 5421 1611 5488; x_wconf 87' lang='lat' dir='ltr'><strong>squalidis,</strong></span> <span class='ocrx_word' id='word_1_566' title='bbox 1661 5431 1752 5476; x_wconf 89' lang='lat' dir='ltr'><strong>aut</strong></span> <span class='ocrx_word' id='word_1_567' title='bbox 1790 5434 1920 5477; x_wconf 71' lang='lat' dir='ltr'><strong>aestu</strong></span> 
     </span>
    </p>
   </div>
   <div class='ocr_carea' id='block_1_74' title="bbox 477 5525 1544 5597">
    <p class='ocr_par' dir='ltr' id='par_1_74' title="bbox 477 5525 1544 5597">
     <span class='ocr_line' id='line_1_74' title="bbox 477 5525 1544 5597; baseline -0.007 -4"><span class='ocrx_word' id='word_1_568' title='bbox 477 5525 704 5597; x_wconf 44' lang='lat' dir='ltr'><strong>3.0m.</strong></span> <span class='ocrx_word' id='word_1_569' title='bbox 741 5547 851 5593; x_wconf 80' lang='lat' dir='ltr'><strong>Vttt.</strong></span> <span class='ocrx_word' id='word_1_570' title='bbox 888 5537 974 5589; x_wconf 75' lang='lat'><strong>‘25.</strong></span> <span class='ocrx_word' id='word_1_571' title='bbox 1047 5537 1089 5567; x_wconf 76' lang='grc'><strong>⁸⁷</strong></span> <span class='ocrx_word' id='word_1_572' title='bbox 1126 5537 1277 5589; x_wconf 89' lang='lat' dir='ltr'><strong>Deut.</strong></span> <span class='ocrx_word' id='word_1_573' title='bbox 1309 5537 1544 5597; x_wconf 78' lang='lat' dir='ltr'><strong>xxxu,8.</strong></span> 
     </span>
    </p>
   </div>
   <div class='ocr_carea' id='block_1_75' title="bbox 498 5581 1293 5658">
    <p class='ocr_par' dir='ltr' id='par_1_75' title="bbox 498 5581 1293 5658">
     <span class='ocr_line' id='line_1_75' title="bbox 498 5581 1293 5658; baseline 0.016 -17"><span class='ocrx_word' id='word_1_574' title='bbox 498 5581 730 5648; x_wconf 76' lang='lat' dir='ltr'><strong>ibid-t7.</strong></span> <span class='ocrx_word' id='word_1_575' title='bbox 757 5581 851 5631; x_wconf 60' lang='grc' dir='ltr'><strong><em>Ἥ</em></strong></span> <span class='ocrx_word' id='word_1_576' title='bbox 868 5581 1293 5658; x_wconf 36' lang='lat' dir='ltr'><strong>transﬁxae</strong></span> 
     </span>
    </p>
   </div>
   <div class='ocr_carea' id='block_1_76' title="bbox 2042 1849 3622 1920">
    <p class='ocr_par' dir='ltr' id='par_1_76' title="bbox 2042 1849 3622 1920">
     <span class='ocr_line' id='line_1_76' title="bbox 2042 1849 3622 1920; baseline -0.006 -11"><span class='ocrx_word' id='word_1_577' title='bbox 2042 1857 2184 1909; x_wconf 88' lang='lat' dir='ltr'><strong>sicut</strong></span> <span class='ocrx_word' id='word_1_578' title='bbox 2221 1855 2306 1907; x_wconf 90' lang='lat' dir='ltr'><strong>vel</strong></span> <span class='ocrx_word' id='word_1_579' title='bbox 2354 1854 2572 1907; x_wconf 90' lang='lat' dir='ltr'><strong>illorum</strong></span> <span class='ocrx_word' id='word_1_580' title='bbox 2599 1855 2828 1918; x_wconf 88' lang='lat' dir='ltr'><strong>merita,</strong></span> <span class='ocrx_word' id='word_1_581' title='bbox 2884 1851 2972 1906; x_wconf 88' lang='lat' dir='ltr'><strong>vel</strong></span> <span class='ocrx_word' id='word_1_582' title='bbox 2999 1851 3183 1920; x_wconf 90' lang='lat' dir='ltr'><strong>ipsius</strong></span> <span class='ocrx_word' id='word_1_583' title='bbox 3220 1849 3390 1901; x_wconf 82' lang='lat' dir='ltr'><strong>Adam</strong></span> <span class='ocrx_word' id='word_1_584' title='bbox 3414 1855 3622 1902; x_wconf 85' lang='lat' dir='ltr'><strong>contem-</strong></span> 
     </span>
    </p>
   </div>
   <div class='ocr_carea' id='block_1_77' title="bbox 2039 1921 3622 2011">
    <p class='ocr_par' dir='ltr' id='par_1_77' title="bbox 2039 1921 3622 2011">
     <span class='ocr_line' id='line_1_77' title="bbox 2039 1921 3622 2011; baseline -0.005 -15"><span class='ocrx_word' id='word_1_585' title='bbox 2039 1943 2208 2011; x_wconf 84' lang='lat' dir='ltr'><strong>platio</strong></span> <span class='ocrx_word' id='word_1_586' title='bbox 2250 1944 2613 2010; x_wconf 86' lang='lat' dir='ltr'><strong>postulabat:</strong></span> <span class='ocrx_word' id='word_1_587' title='bbox 2647 1942 2783 2009; x_wconf 89' lang='lat' dir='ltr'><strong>quid</strong></span> <span class='ocrx_word' id='word_1_588' title='bbox 2815 1940 3079 1996; x_wconf 87' lang='lat' dir='ltr'><strong>dicemus</strong></span> <span class='ocrx_word' id='word_1_589' title='bbox 3106 1921 3376 1999; x_wconf 52' lang='lat' dir='ltr'><strong>futurum,</strong></span> <span class='ocrx_word' id='word_1_590' title='bbox 3410 1951 3518 1990; x_wconf 87' lang='lat' dir='ltr'><strong>cum</strong></span> <span class='ocrx_word' id='word_1_591' title='bbox 3545 1949 3622 1988; x_wconf 89' lang='lat' dir='ltr'><strong>no-</strong></span> 
     </span>
    </p>
   </div>
   <div class='ocr_carea' id='block_1_78' title="bbox 2041 2025 3619 2099">
    <p class='ocr_par' dir='ltr' id='par_1_78' title="bbox 2041 2025 3619 2099">
     <span class='ocr_line' id='line_1_78' title="bbox 2041 2025 3619 2099; baseline -0.007 -12"><span class='ocrx_word' id='word_1_592' title='bbox 2041 2035 2253 2089; x_wconf 88' lang='lat' dir='ltr'><strong>vissimi</strong></span> <span class='ocrx_word' id='word_1_593' title='bbox 2280 2035 2453 2085; x_wconf 86' lang='lat' dir='ltr'><strong>Adam</strong></span> <span class='ocrx_word' id='word_1_594' title='bbox 2482 2031 2600 2099; x_wconf 89' lang='lat' dir='ltr'><strong>(qui</strong></span> <span class='ocrx_word' id='word_1_595' title='bbox 2631 2046 2741 2084; x_wconf 92' lang='lat' dir='ltr'><strong>non</strong></span> <span class='ocrx_word' id='word_1_596' title='bbox 2775 2031 2834 2084; x_wconf 89' lang='lat' dir='ltr'><strong>in</strong></span> <span class='ocrx_word' id='word_1_597' title='bbox 2859 2031 3120 2084; x_wconf 88' lang='lat' dir='ltr'><strong>animam</strong></span> <span class='ocrx_word' id='word_1_598' title='bbox 3154 2029 3449 2090; x_wconf 82' lang='lat' dir='ltr'><strong>viventem,</strong></span> <span class='ocrx_word' id='word_1_599' title='bbox 3475 2025 3555 2079; x_wconf 87' lang='lat' dir='ltr'><strong>sed</strong></span> <span class='ocrx_word' id='word_1_600' title='bbox 3578 2025 3619 2077; x_wconf 90' lang='lat' dir='ltr'><strong>in</strong></span> 
     </span>
    </p>
   </div>
   <div class='ocr_carea' id='block_1_79' title="bbox 2041 2113 3622 2189">
    <p class='ocr_par' dir='ltr' id='par_1_79' title="bbox 2041 2113 3622 2189">
     <span class='ocr_line' id='line_1_79' title="bbox 2041 2113 3622 2189; baseline -0.006 -15"><span class='ocrx_word' id='word_1_601' title='bbox 2041 2122 2290 2189; x_wconf 88' lang='lat' dir='ltr'><strong>spiritum</strong></span> <span class='ocrx_word' id='word_1_602' title='bbox 2328 2119 2704 2171; x_wconf 81' lang='lat' dir='ltr'><strong>vivificantem</strong></span> <span class='ocrx_word' id='word_1_603' title='bbox 2758 2116 2951 2170; x_wconf 88' lang='lat' dir='ltr'><strong>factus</strong></span> <span class='ocrx_word' id='word_1_604' title='bbox 2998 2125 3090 2171; x_wconf 88' lang='lat' dir='ltr'><strong>est</strong></span> <span class='ocrx_word' id='word_1_605' title='bbox 3132 2116 3204 2184; x_wconf 71' lang='lat'><strong>&quot;)</strong></span> <span class='ocrx_word' id='word_1_606' title='bbox 3257 2115 3476 2183; x_wconf 64' lang='lat' dir='ltr'><strong>coeperit</strong></span> <span class='ocrx_word' id='word_1_607' title='bbox 3510 2113 3622 2165; x_wconf 82' lang='lat' dir='ltr'><strong>filios</strong></span> 
     </span>
    </p>
   </div>
   <div class='ocr_carea' id='block_1_80' title="bbox 2043 2207 3620 2279">
    <p class='ocr_par' dir='ltr' id='par_1_80' title="bbox 2043 2207 3620 2279">
     <span class='ocr_line' id='line_1_80' title="bbox 2043 2207 3620 2279; baseline -0.006 -14"><span class='ocrx_word' id='word_1_608' title='bbox 2043 2228 2148 2265; x_wconf 92' lang='lat' dir='ltr'><strong>non</strong></span> <span class='ocrx_word' id='word_1_609' title='bbox 2183 2213 2520 2279; x_wconf 80' lang='lat' dir='ltr'><strong>dispergere,</strong></span> <span class='ocrx_word' id='word_1_610' title='bbox 2547 2209 2648 2262; x_wconf 89' lang='lat' dir='ltr'><strong>sed</strong></span> <span class='ocrx_word' id='word_1_611' title='bbox 2671 2208 3015 2276; x_wconf 88' lang='lat' dir='ltr'><strong>dispensare</strong></span> <span class='ocrx_word' id='word_1_612' title='bbox 3040 2207 3236 2261; x_wconf 88' lang='lat' dir='ltr'><strong>divina</strong></span> <span class='ocrx_word' id='word_1_613' title='bbox 3267 2207 3513 2275; x_wconf 85' lang='lat' dir='ltr'><strong>dignatio,</strong></span> <span class='ocrx_word' id='word_1_614' title='bbox 3537 2219 3620 2256; x_wconf 90' lang='lat' dir='ltr'><strong>non</strong></span> 
     </span>
    </p>
   </div>
   <div class='ocr_carea' id='block_1_81' title="bbox 2039 2294 3685 2366">
    <p class='ocr_par' dir='ltr' id='par_1_81' title="bbox 2039 2294 3685 2366">
     <span class='ocr_line' id='line_1_81' title="bbox 2039 2294 3685 2366; baseline -0.005 -13"><span class='ocrx_word' id='word_1_615' title='bbox 2039 2301 2093 2353; x_wconf 91' lang='lat' dir='ltr'><strong>in</strong></span> <span class='ocrx_word' id='word_1_616' title='bbox 2131 2302 2306 2366; x_wconf 90' lang='lat' dir='ltr'><strong>initio,</strong></span> <span class='ocrx_word' id='word_1_617' title='bbox 2333 2301 2428 2354; x_wconf 88' lang='lat' dir='ltr'><strong>sed</strong></span> <span class='ocrx_word' id='word_1_618' title='bbox 2457 2301 2508 2353; x_wconf 92' lang='lat' dir='ltr'><strong>in</strong></span> <span class='ocrx_word' id='word_1_619' title='bbox 2539 2297 2647 2351; x_wconf 78' lang='lat' dir='ltr'><strong>line</strong></span> <span class='ocrx_word' id='word_1_620' title='bbox 2681 2297 2879 2351; x_wconf 91' lang='lat' dir='ltr'><strong>mundi</strong></span> <span class='ocrx_word' id='word_1_621' title='bbox 2911 2312 2927 2362; x_wconf 88' lang='lat'><strong>;</strong></span> <span class='ocrx_word' id='word_1_622' title='bbox 2959 2307 3021 2351; x_wconf 91' lang='lat' dir='ltr'><strong>et</strong></span> <span class='ocrx_word' id='word_1_623' title='bbox 3057 2312 3170 2350; x_wconf 88' lang='lat' dir='ltr'><strong>non</strong></span> <span class='ocrx_word' id='word_1_624' title='bbox 3217 2305 3280 2349; x_wconf 88' lang='lat' dir='ltr'><strong>ut</strong></span> <span class='ocrx_word' id='word_1_625' title='bbox 3317 2297 3434 2349; x_wconf 90' lang='lat' dir='ltr'><strong>illos</strong></span> <span class='ocrx_word' id='word_1_626' title='bbox 3467 2296 3544 2362; x_wconf 90' lang='lat' dir='ltr'><strong>qui</strong></span> <span class='ocrx_word' id='word_1_627' title='bbox 3578 2297 3620 2345; x_wconf 90' lang='lat' dir='ltr'><strong>in</strong></span> <span class='ocrx_word' id='word_1_628' title='bbox 3678 2294 3685 2302; x_wconf 84' lang='lat'>&#39;</span> 
     </span>
    </p>
   </div>
   <div class='ocr_carea' id='block_1_82' title="bbox 2037 2383 3622 2451">
    <p class='ocr_par' dir='ltr' id='par_1_82' title="bbox 2037 2383 3622 2451">
     <span class='ocr_line' id='line_1_82' title="bbox 2037 2383 3622 2451; baseline -0.004 -12"><span class='ocrx_word' id='word_1_629' title='bbox 2037 2389 2211 2440; x_wconf 80' lang='lat' dir='ltr'><strong>Adam</strong></span> <span class='ocrx_word' id='word_1_630' title='bbox 2233 2402 2424 2442; x_wconf 84' lang='lat' dir='ltr'><strong>omnes</strong></span> <span class='ocrx_word' id='word_1_631' title='bbox 2453 2387 2652 2439; x_wconf 91' lang='lat' dir='ltr'><strong>mortui</strong></span> <span class='ocrx_word' id='word_1_632' title='bbox 2681 2396 2840 2448; x_wconf 90' lang='lat' dir='ltr'><strong>sunt,</strong></span> <span class='ocrx_word' id='word_1_633' title='bbox 2881 2387 2986 2438; x_wconf 91' lang='lat' dir='ltr'><strong>sed</strong></span> <span class='ocrx_word' id='word_1_634' title='bbox 3021 2394 3083 2438; x_wconf 91' lang='lat' dir='ltr'><strong>ut</strong></span> <span class='ocrx_word' id='word_1_635' title='bbox 3110 2399 3209 2438; x_wconf 90' lang='lat' dir='ltr'><strong>eos</strong></span> <span class='ocrx_word' id='word_1_636' title='bbox 3252 2384 3344 2451; x_wconf 89' lang='lat' dir='ltr'><strong>qui</strong></span> <span class='ocrx_word' id='word_1_637' title='bbox 3371 2384 3420 2434; x_wconf 93' lang='lat' dir='ltr'><strong>in</strong></span> <span class='ocrx_word' id='word_1_638' title='bbox 3443 2383 3622 2436; x_wconf 87' lang='lat' dir='ltr'><strong>Christo</strong></span> 
     </span>
    </p>
   </div>
   <div class='ocr_carea' id='block_1_83' title="bbox 2039 2472 3620 2540">
    <p class='ocr_par' dir='ltr' id='par_1_83' title="bbox 2039 2472 3620 2540">
     <span class='ocr_line' id='line_1_83' title="bbox 2039 2472 3620 2540; baseline -0.004 -10"><span class='ocrx_word' id='word_1_639' title='bbox 2039 2492 2230 2531; x_wconf 89' lang='lat' dir='ltr'><strong>omnes</strong></span> <span class='ocrx_word' id='word_1_640' title='bbox 2275 2476 2535 2530; x_wconf 85' lang='lat' dir='ltr'><strong>vivificati</strong></span> <span class='ocrx_word' id='word_1_641' title='bbox 2589 2486 2722 2528; x_wconf 90' lang='lat' dir='ltr'><strong>sunt</strong></span> <span class='ocrx_word' id='word_1_642' title='bbox 2745 2474 2844 2528; x_wconf 63' lang='lat'><strong>‘9?</strong></span> <span class='ocrx_word' id='word_1_643' title='bbox 2877 2473 3023 2529; x_wconf 89' lang='lat' dir='ltr'><strong>Sine</strong></span> <span class='ocrx_word' id='word_1_644' title='bbox 3045 2473 3222 2528; x_wconf 84' lang='lat' dir='ltr'><strong>dubio</strong></span> <span class='ocrx_word' id='word_1_645' title='bbox 3260 2475 3367 2528; x_wconf 88' lang='lat' dir='ltr'><strong>erit</strong></span> <span class='ocrx_word' id='word_1_646' title='bbox 3408 2472 3620 2540; x_wconf 56' lang='lat' dir='ltr'><strong>quadam</strong></span> 
     </span>
    </p>
   </div>
   <div class='ocr_carea' id='block_1_84' title="bbox 2039 2564 3622 2632">
    <p class='ocr_par' dir='ltr' id='par_1_84' title="bbox 2039 2564 3622 2632">
     <span class='ocr_line' id='line_1_84' title="bbox 2039 2564 3622 2632; baseline -0.005 -13"><span class='ocrx_word' id='word_1_647' title='bbox 2039 2568 2233 2620; x_wconf 86' lang='lat' dir='ltr'><strong>divisio</strong></span> <span class='ocrx_word' id='word_1_648' title='bbox 2281 2575 2335 2620; x_wconf 93' lang='lat' dir='ltr'><strong>et</strong></span> <span class='ocrx_word' id='word_1_649' title='bbox 2384 2565 2701 2620; x_wconf 89' lang='lat' dir='ltr'><strong>distributio</strong></span> <span class='ocrx_word' id='word_1_650' title='bbox 2753 2565 2929 2631; x_wconf 87' lang='lat' dir='ltr'><strong>talis,</strong></span> <span class='ocrx_word' id='word_1_651' title='bbox 2987 2579 3119 2632; x_wconf 70' lang='lat' dir='ltr'><strong>qua:</strong></span> <span class='ocrx_word' id='word_1_652' title='bbox 3169 2579 3277 2617; x_wconf 92' lang='lat' dir='ltr'><strong>non</strong></span> <span class='ocrx_word' id='word_1_653' title='bbox 3335 2564 3492 2616; x_wconf 87' lang='lat' dir='ltr'><strong>solum</strong></span> <span class='ocrx_word' id='word_1_654' title='bbox 3545 2576 3622 2629; x_wconf 88' lang='lat' dir='ltr'><strong>pro</strong></span> 
     </span>
    </p>
   </div>
   <div class='ocr_carea' id='block_1_85' title="bbox 2041 2655 3622 2724">
    <p class='ocr_par' dir='ltr' id='par_1_85' title="bbox 2041 2655 3622 2724">
     <span class='ocr_line' id='line_1_85' title="bbox 2041 2655 3622 2724; baseline -0.003 -16"><span class='ocrx_word' id='word_1_655' title='bbox 2041 2657 2249 2710; x_wconf 89' lang='lat' dir='ltr'><strong>meritis</strong></span> <span class='ocrx_word' id='word_1_656' title='bbox 2280 2671 2469 2710; x_wconf 91' lang='lat' dir='ltr'><strong>eorum</strong></span> <span class='ocrx_word' id='word_1_657' title='bbox 2505 2657 2601 2724; x_wconf 91' lang='lat' dir='ltr'><strong>qui</strong></span> <span class='ocrx_word' id='word_1_658' title='bbox 2635 2656 3080 2724; x_wconf 87' lang='lat' dir='ltr'><strong>dispensantur,</strong></span> <span class='ocrx_word' id='word_1_659' title='bbox 3110 2655 3210 2708; x_wconf 91' lang='lat' dir='ltr'><strong>sed</strong></span> <span class='ocrx_word' id='word_1_660' title='bbox 3255 2665 3311 2709; x_wconf 89' lang='lat' dir='ltr'><strong>et</strong></span> <span class='ocrx_word' id='word_1_661' title='bbox 3347 2670 3441 2722; x_wconf 91' lang='lat' dir='ltr'><strong>pro</strong></span> <span class='ocrx_word' id='word_1_662' title='bbox 3471 2657 3622 2708; x_wconf 87' lang='lat' dir='ltr'><strong>novis-</strong></span> 
     </span>
    </p>
   </div>
   <div class='ocr_carea' id='block_1_86' title="bbox 2039 2745 3620 2811">
    <p class='ocr_par' dir='ltr' id='par_1_86' title="bbox 2039 2745 3620 2811">
     <span class='ocr_line' id='line_1_86' title="bbox 2039 2745 3620 2811; baseline -0.003 -15"><span class='ocrx_word' id='word_1_663' title='bbox 2039 2745 2160 2797; x_wconf 86' lang='lat' dir='ltr'><strong>simi</strong></span> <span class='ocrx_word' id='word_1_664' title='bbox 2179 2745 2372 2808; x_wconf 82' lang='lat' dir='ltr'><strong>Adam,</strong></span> <span class='ocrx_word' id='word_1_665' title='bbox 2401 2745 2452 2796; x_wconf 91' lang='lat' dir='ltr'><strong>in</strong></span> <span class='ocrx_word' id='word_1_666' title='bbox 2481 2759 2589 2811; x_wconf 94' lang='lat' dir='ltr'><strong>quo</strong></span> <span class='ocrx_word' id='word_1_667' title='bbox 2605 2758 2808 2798; x_wconf 88' lang='lat' dir='ltr'><strong>omnes</strong></span> <span class='ocrx_word' id='word_1_668' title='bbox 2834 2745 3174 2799; x_wconf 83' lang='lat' dir='ltr'><strong>vivificandi</strong></span> <span class='ocrx_word' id='word_1_669' title='bbox 3207 2745 3473 2804; x_wconf 89' lang='lat' dir='ltr'><strong>dicuntur,</strong></span> <span class='ocrx_word' id='word_1_670' title='bbox 3509 2755 3620 2793; x_wconf 86' lang='lat' dir='ltr'><strong>con-</strong></span> 
     </span>
    </p>
   </div>
   <div class='ocr_carea' id='block_1_87' title="bbox 2041 2829 3621 2904">
    <p class='ocr_par' dir='ltr' id='par_1_87' title="bbox 2041 2829 3621 2904">
     <span class='ocr_line' id='line_1_87' title="bbox 2041 2829 3621 2904; baseline -0.003 -20"><span class='ocrx_word' id='word_1_671' title='bbox 2041 2835 2397 2902; x_wconf 81' lang='lat' dir='ltr'><strong>templatione</strong></span> <span class='ocrx_word' id='word_1_672' title='bbox 2437 2833 2723 2902; x_wconf 83' lang='lat' dir='ltr'><strong>pensanda</strong></span> <span class='ocrx_word' id='word_1_673' title='bbox 2763 2835 2861 2887; x_wconf 91' lang='lat' dir='ltr'><strong>sit.</strong></span> <span class='ocrx_word' id='word_1_674' title='bbox 2917 2834 3036 2890; x_wconf 88' lang='lat' dir='ltr'><strong>Sed</strong></span> <span class='ocrx_word' id='word_1_675' title='bbox 3085 2835 3221 2904; x_wconf 87' lang='lat' dir='ltr'><strong>quis</strong></span> <span class='ocrx_word' id='word_1_676' title='bbox 3263 2841 3494 2888; x_wconf 88' lang='lat' dir='ltr'><strong>nostrum</strong></span> <span class='ocrx_word' id='word_1_677' title='bbox 3519 2829 3621 2882; x_wconf 85' lang='lat' dir='ltr'><strong>talis</strong></span> 
     </span>
    </p>
   </div>
   <div class='ocr_carea' id='block_1_88' title="bbox 2039 2921 3617 2990">
    <p class='ocr_par' dir='ltr' id='par_1_88' title="bbox 2039 2921 3617 2990">
     <span class='ocr_line' id='line_1_88' title="bbox 2039 2921 3617 2990; baseline -0.004 -12"><span class='ocrx_word' id='word_1_678' title='bbox 2039 2934 2142 2988; x_wconf 89' lang='lat' dir='ltr'><strong>est,</strong></span> <span class='ocrx_word' id='word_1_679' title='bbox 2188 2933 2246 2977; x_wconf 90' lang='lat' dir='ltr'><strong>ut</strong></span> <span class='ocrx_word' id='word_1_680' title='bbox 2283 2925 2349 2978; x_wconf 93' lang='lat' dir='ltr'><strong>ad</strong></span> <span class='ocrx_word' id='word_1_681' title='bbox 2401 2922 2719 2990; x_wconf 87' lang='lat' dir='ltr'><strong>hujusmodi</strong></span> <span class='ocrx_word' id='word_1_682' title='bbox 2763 2925 3271 2989; x_wconf 88' lang='lat' dir='ltr'><strong>distributionem,</strong></span> <span class='ocrx_word' id='word_1_683' title='bbox 3315 2935 3369 2978; x_wconf 89' lang='lat' dir='ltr'><strong>et</strong></span> <span class='ocrx_word' id='word_1_684' title='bbox 3405 2923 3466 2977; x_wconf 90' lang='lat' dir='ltr'><strong>ad</strong></span> <span class='ocrx_word' id='word_1_685' title='bbox 3499 2921 3617 2974; x_wconf 86' lang='lat' dir='ltr'><strong>illam</strong></span> 
     </span>
    </p>
   </div>
   <div class='ocr_carea' id='block_1_89' title="bbox 2040 3011 3617 3077">
    <p class='ocr_par' dir='ltr' id='par_1_89' title="bbox 2040 3011 3617 3077">
     <span class='ocr_line' id='line_1_89' title="bbox 2040 3011 3617 3077; baseline -0.003 -11"><span class='ocrx_word' id='word_1_686' title='bbox 2040 3014 2277 3067; x_wconf 69' lang='lat' dir='ltr'><strong>caelestis</strong></span> <span class='ocrx_word' id='word_1_687' title='bbox 2306 3014 2649 3068; x_wconf 68' lang='lat' dir='ltr'><strong>haereditatis</strong></span> <span class='ocrx_word' id='word_1_688' title='bbox 2675 3023 2898 3068; x_wconf 90' lang='lat' dir='ltr'><strong>sortem</strong></span> <span class='ocrx_word' id='word_1_689' title='bbox 2927 3017 3138 3070; x_wconf 89' lang='lat' dir='ltr'><strong>venire</strong></span> <span class='ocrx_word' id='word_1_690' title='bbox 3180 3011 3617 3077; x_wconf 78' lang='lat' dir='ltr'><strong>mereaturiQuis</strong></span> 
     </span>
    </p>
   </div>
   <div class='ocr_carea' id='block_1_90' title="bbox 2039 3104 3620 3171">
    <p class='ocr_par' dir='ltr' id='par_1_90' title="bbox 2039 3104 3620 3171">
     <span class='ocr_line' id='line_1_90' title="bbox 2039 3104 3620 3171; baseline -0.003 -15"><span class='ocrx_word' id='word_1_691' title='bbox 2039 3104 2112 3156; x_wconf 90' lang='lat' dir='ltr'><strong>ita</strong></span> <span class='ocrx_word' id='word_1_692' title='bbox 2157 3104 2349 3156; x_wconf 88' lang='lat' dir='ltr'><strong>beatus</strong></span> <span class='ocrx_word' id='word_1_693' title='bbox 2374 3104 2500 3166; x_wconf 89' lang='lat' dir='ltr'><strong>erit,</strong></span> <span class='ocrx_word' id='word_1_694' title='bbox 2529 3104 2692 3171; x_wconf 89' lang='lat' dir='ltr'><strong>cujus</strong></span> <span class='ocrx_word' id='word_1_695' title='bbox 2728 3119 2860 3158; x_wconf 91' lang='lat' dir='ltr'><strong>sors</strong></span> <span class='ocrx_word' id='word_1_696' title='bbox 2900 3105 2958 3157; x_wconf 90' lang='lat' dir='ltr'><strong>in</strong></span> <span class='ocrx_word' id='word_1_697' title='bbox 3006 3105 3326 3160; x_wconf 84' lang='lat' dir='ltr'><strong>Jerusalem</strong></span> <span class='ocrx_word' id='word_1_698' title='bbox 3358 3105 3544 3166; x_wconf 84' lang='lat' dir='ltr'><strong>veniat,</strong></span> <span class='ocrx_word' id='word_1_699' title='bbox 3573 3107 3620 3153; x_wconf 86' lang='lat' dir='ltr'><strong>ut</strong></span> 
     </span>
    </p>
   </div>
   <div class='ocr_carea' id='block_1_91' title="bbox 2038 3191 3618 3264">
    <p class='ocr_par' dir='ltr' id='par_1_91' title="bbox 2038 3191 3618 3264">
     <span class='ocr_line' id='line_1_91' title="bbox 2038 3191 3618 3264; baseline -0.001 -19"><span class='ocrx_word' id='word_1_700' title='bbox 2038 3193 2107 3245; x_wconf 89' lang='lat' dir='ltr'><strong>sit</strong></span> <span class='ocrx_word' id='word_1_701' title='bbox 2138 3192 2207 3244; x_wconf 92' lang='lat' dir='ltr'><strong>ibi</strong></span> <span class='ocrx_word' id='word_1_702' title='bbox 2237 3192 2322 3244; x_wconf 77' lang='lat' dir='ltr'><strong>tibi</strong></span> <span class='ocrx_word' id='word_1_703' title='bbox 2350 3191 2611 3258; x_wconf 90' lang='lat' dir='ltr'><strong>templum</strong></span> <span class='ocrx_word' id='word_1_704' title='bbox 2640 3193 2739 3245; x_wconf 90' lang='lat' dir='ltr'><strong>Dei</strong></span> <span class='ocrx_word' id='word_1_705' title='bbox 2773 3202 2890 3256; x_wconf 88' lang='lat' dir='ltr'><strong>est,</strong></span> <span class='ocrx_word' id='word_1_706' title='bbox 2920 3196 3044 3248; x_wconf 87' lang='lat' dir='ltr'><strong>imo</strong></span> <span class='ocrx_word' id='word_1_707' title='bbox 3067 3206 3131 3247; x_wconf 91' lang='lat' dir='ltr'><strong>ut</strong></span> <span class='ocrx_word' id='word_1_708' title='bbox 3164 3195 3283 3264; x_wconf 88' lang='lat' dir='ltr'><strong>ipse</strong></span> <span class='ocrx_word' id='word_1_709' title='bbox 3308 3194 3379 3248; x_wconf 83' lang='lat' dir='ltr'><strong>sit</strong></span> <span class='ocrx_word' id='word_1_710' title='bbox 3403 3192 3487 3248; x_wconf 88' lang='lat' dir='ltr'><strong>Dei</strong></span> <span class='ocrx_word' id='word_1_711' title='bbox 3513 3201 3618 3247; x_wconf 82' lang='lat' dir='ltr'><strong>tetu-</strong></span> 
     </span>
    </p>
   </div>
   <div class='ocr_carea' id='block_1_92' title="bbox 2039 3280 3615 3350">
    <p class='ocr_par' dir='ltr' id='par_1_92' title="bbox 2039 3280 3615 3350">
     <span class='ocr_line' id='line_1_92' title="bbox 2039 3280 3615 3350; baseline 0.005 -18"><span class='ocrx_word' id='word_1_712' title='bbox 2039 3280 2227 3348; x_wconf 78' lang='lat' dir='ltr'><strong>plum?</strong></span> <span class='ocrx_word' id='word_1_713' title='bbox 2254 3280 2386 3345; x_wconf 81' lang='lat' dir='ltr'><strong>Quis</strong></span> <span class='ocrx_word' id='word_1_714' title='bbox 2439 3283 2513 3333; x_wconf 91' lang='lat' dir='ltr'><strong>lta</strong></span> <span class='ocrx_word' id='word_1_715' title='bbox 2560 3282 2762 3335; x_wconf 88' lang='lat' dir='ltr'><strong>beatus</strong></span> <span class='ocrx_word' id='word_1_716' title='bbox 2796 3293 2888 3336; x_wconf 91' lang='lat' dir='ltr'><strong>est</strong></span> <span class='ocrx_word' id='word_1_717' title='bbox 2933 3295 3002 3337; x_wconf 91' lang='lat' dir='ltr'><strong>ut</strong></span> <span class='ocrx_word' id='word_1_718' title='bbox 3050 3285 3129 3338; x_wconf 92' lang='lat' dir='ltr'><strong>ibi</strong></span> <span class='ocrx_word' id='word_1_719' title='bbox 3174 3285 3293 3339; x_wconf 89' lang='lat' dir='ltr'><strong>dies</strong></span> <span class='ocrx_word' id='word_1_720' title='bbox 3319 3285 3476 3339; x_wconf 87' lang='lat' dir='ltr'><strong>festos</strong></span> <span class='ocrx_word' id='word_1_721' title='bbox 3497 3291 3615 3350; x_wconf 83' lang='lat' dir='ltr'><strong>agat.</strong></span> 
     </span>
    </p>
   </div>
   <div class='ocr_carea' id='block_1_93' title="bbox 2038 3369 3616 3446">
    <p class='ocr_par' dir='ltr' id='par_1_93' title="bbox 2038 3369 3616 3446">
     <span class='ocr_line' id='line_1_93' title="bbox 2038 3369 3616 3446; baseline 0.002 -24"><span class='ocrx_word' id='word_1_722' title='bbox 2038 3369 2127 3422; x_wconf 92' lang='lat' dir='ltr'><strong>ubi</strong></span> <span class='ocrx_word' id='word_1_723' title='bbox 2161 3371 2329 3422; x_wconf 88' lang='lat' dir='ltr'><strong>altare</strong></span> <span class='ocrx_word' id='word_1_724' title='bbox 2373 3369 2618 3424; x_wconf 87' lang='lat' dir='ltr'><strong>divinum</strong></span> <span class='ocrx_word' id='word_1_725' title='bbox 2651 3375 2951 3440; x_wconf 85' lang='lat' dir='ltr'><strong>perpetuis</strong></span> <span class='ocrx_word' id='word_1_726' title='bbox 2994 3374 3177 3446; x_wconf 75' lang='lat'><strong>386</strong></span> <span class='ocrx_word' id='word_1_727' title='bbox 3221 3375 3429 3444; x_wconf 81' lang='lat' dir='ltr'><strong>ignibus</strong></span> <span class='ocrx_word' id='word_1_728' title='bbox 3464 3371 3616 3426; x_wconf 80' lang='lat' dir='ltr'><strong>adole-</strong></span> 
     </span>
    </p>
   </div>
   <div class='ocr_carea' id='block_1_94' title="bbox 2040 3457 3616 3532">
    <p class='ocr_par' dir='ltr' id='par_1_94' title="bbox 2040 3457 3616 3532">
     <span class='ocr_line' id='line_1_94' title="bbox 2040 3457 3616 3532; baseline 0 -21"><span class='ocrx_word' id='word_1_729' title='bbox 2040 3457 2167 3511; x_wconf 79' lang='lat' dir='ltr'><strong>tur?</strong></span> <span class='ocrx_word' id='word_1_730' title='bbox 2207 3458 2337 3523; x_wconf 81' lang='lat' dir='ltr'><strong>Quis</strong></span> <span class='ocrx_word' id='word_1_731' title='bbox 2364 3458 2437 3511; x_wconf 90' lang='lat' dir='ltr'><strong>ita</strong></span> <span class='ocrx_word' id='word_1_732' title='bbox 2470 3460 2667 3514; x_wconf 89' lang='lat' dir='ltr'><strong>beatus</strong></span> <span class='ocrx_word' id='word_1_733' title='bbox 2716 3471 2824 3532; x_wconf 78' lang='lat' dir='ltr'><strong>est,</strong></span> <span class='ocrx_word' id='word_1_734' title='bbox 2857 3463 2955 3530; x_wconf 89' lang='lat' dir='ltr'><strong>qui</strong></span> <span class='ocrx_word' id='word_1_735' title='bbox 3005 3465 3356 3519; x_wconf 82' lang='lat' dir='ltr'><strong>sacrificium</strong></span> <span class='ocrx_word' id='word_1_736' title='bbox 3389 3476 3549 3525; x_wconf 88' lang='lat' dir='ltr'><strong>suum,</strong></span> <span class='ocrx_word' id='word_1_737' title='bbox 3573 3470 3616 3513; x_wconf 88' lang='lat' dir='ltr'><strong>et</strong></span> 
     </span>
    </p>
   </div>
   <div class='ocr_carea' id='block_1_95' title="bbox 2039 3549 3616 3624">
    <p class='ocr_par' dir='ltr' id='par_1_95' title="bbox 2039 3549 3616 3624">
     <span class='ocr_line' id='line_1_95' title="bbox 2039 3549 3616 3624; baseline 0.002 -24"><span class='ocrx_word' id='word_1_738' title='bbox 2039 3549 2322 3601; x_wconf 90' lang='lat' dir='ltr'><strong>incensum</strong></span> <span class='ocrx_word' id='word_1_739' title='bbox 2372 3549 2668 3603; x_wconf 89' lang='lat' dir='ltr'><strong>suavitatis</strong></span> <span class='ocrx_word' id='word_1_740' title='bbox 2711 3565 2888 3617; x_wconf 88' lang='lat' dir='ltr'><strong>supra</strong></span> <span class='ocrx_word' id='word_1_741' title='bbox 2931 3553 3097 3607; x_wconf 88' lang='lat' dir='ltr'><strong>illum</strong></span> <span class='ocrx_word' id='word_1_742' title='bbox 3131 3555 3318 3624; x_wconf 84' lang='lat' dir='ltr'><strong>ignem</strong></span> <span class='ocrx_word' id='word_1_743' title='bbox 3359 3561 3526 3623; x_wconf 88' lang='lat' dir='ltr'><strong>ponat,</strong></span> <span class='ocrx_word' id='word_1_744' title='bbox 3565 3551 3616 3604; x_wconf 87' lang='lat' dir='ltr'><strong>de</strong></span> 
     </span>
    </p>
   </div>
   <div class='ocr_carea' id='block_1_96' title="bbox 2037 3635 3614 3710">
    <p class='ocr_par' dir='ltr' id='par_1_96' title="bbox 2037 3635 3614 3710">
     <span class='ocr_line' id='line_1_96' title="bbox 2037 3635 3614 3710; baseline 0.003 -26"><span class='ocrx_word' id='word_1_745' title='bbox 2037 3649 2142 3702; x_wconf 90' lang='lat' dir='ltr'><strong>quo</strong></span> <span class='ocrx_word' id='word_1_746' title='bbox 2175 3636 2388 3688; x_wconf 90' lang='lat' dir='ltr'><strong>dicebat</strong></span> <span class='ocrx_word' id='word_1_747' title='bbox 2429 3635 2690 3690; x_wconf 87' lang='lat' dir='ltr'><strong>Salvator</strong></span> <span class='ocrx_word' id='word_1_748' title='bbox 2730 3638 2780 3669; x_wconf 78' lang='grc' dir='ltr'><strong>⁸ο</strong></span> <span class='ocrx_word' id='word_1_749' title='bbox 2812 3657 2828 3692; x_wconf 88' lang='lat'><strong>:</strong></span> <span class='ocrx_word' id='word_1_750' title='bbox 2865 3658 2886 3691; x_wconf 82' lang='lat' dir='ltr'><strong>r</strong></span> <span class='ocrx_word' id='word_1_751' title='bbox 2921 3641 3120 3710; x_wconf 89' lang='lat' dir='ltr'><strong>Ignem</strong></span> <span class='ocrx_word' id='word_1_752' title='bbox 3168 3643 3293 3696; x_wconf 90' lang='lat' dir='ltr'><strong>veni</strong></span> <span class='ocrx_word' id='word_1_753' title='bbox 3345 3643 3540 3695; x_wconf 88' lang='lat' dir='ltr'><strong>mittere</strong></span> <span class='ocrx_word' id='word_1_754' title='bbox 3573 3637 3614 3690; x_wconf 90' lang='lat' dir='ltr'><strong>in</strong></span> 
     </span>
    </p>
   </div>
   <div class='ocr_carea' id='block_1_97' title="bbox 2040 3721 3616 3800">
    <p class='ocr_par' dir='ltr' id='par_1_97' title="bbox 2040 3721 3616 3800">
     <span class='ocr_line' id='line_1_97' title="bbox 2040 3721 3616 3800; baseline 0.003 -28"><span class='ocrx_word' id='word_1_755' title='bbox 2040 3722 2275 3776; x_wconf 84' lang='lat' dir='ltr'><strong>terram?</strong></span> <span class='ocrx_word' id='word_1_756' title='bbox 2307 3739 2326 3774; x_wconf 79' lang='grc' dir='ltr'><strong>ι</strong></span> <span class='ocrx_word' id='word_1_757' title='bbox 2365 3721 2500 3788; x_wconf 84' lang='lat' dir='ltr'><strong>Quis</strong></span> <span class='ocrx_word' id='word_1_758' title='bbox 2526 3723 2600 3776; x_wconf 91' lang='lat' dir='ltr'><strong>ita</strong></span> <span class='ocrx_word' id='word_1_759' title='bbox 2636 3725 2843 3781; x_wconf 89' lang='lat' dir='ltr'><strong>beatus</strong></span> <span class='ocrx_word' id='word_1_760' title='bbox 2874 3731 3101 3800; x_wconf 83' lang='lat' dir='ltr'><strong>est,qui</strong></span> <span class='ocrx_word' id='word_1_761' title='bbox 3157 3732 3234 3785; x_wconf 89' lang='lat' dir='ltr'><strong>ibi</strong></span> <span class='ocrx_word' id='word_1_762' title='bbox 3281 3744 3487 3799; x_wconf 86' lang='lat' dir='ltr'><strong>semper</strong></span> <span class='ocrx_word' id='word_1_763' title='bbox 3515 3739 3616 3796; x_wconf 82' lang='lat' dir='ltr'><strong>agat</strong></span> 
     </span>
    </p>
   </div>
   <div class='ocr_carea' id='block_1_98' title="bbox 2038 3811 3613 3888">
    <p class='ocr_par' dir='ltr' id='par_1_98' title="bbox 2038 3811 3613 3888">
     <span class='ocr_line' id='line_1_98' title="bbox 2038 3811 3613 3888; baseline 0.001 -22"><span class='ocrx_word' id='word_1_764' title='bbox 2038 3811 2243 3866; x_wconf 82' lang='lat' dir='ltr'><strong>Pascha</strong></span> <span class='ocrx_word' id='word_1_765' title='bbox 2281 3812 2336 3865; x_wconf 92' lang='lat' dir='ltr'><strong>in</strong></span> <span class='ocrx_word' id='word_1_766' title='bbox 2381 3813 2506 3866; x_wconf 89' lang='lat' dir='ltr'><strong>loco</strong></span> <span class='ocrx_word' id='word_1_767' title='bbox 2558 3828 2729 3882; x_wconf 89' lang='lat' dir='ltr'><strong>quem</strong></span> <span class='ocrx_word' id='word_1_768' title='bbox 2787 3817 2968 3888; x_wconf 85' lang='lat' dir='ltr'><strong>elegit</strong></span> <span class='ocrx_word' id='word_1_769' title='bbox 3014 3821 3297 3877; x_wconf 86' lang='lat' dir='ltr'><strong>Dominus</strong></span> <span class='ocrx_word' id='word_1_770' title='bbox 3347 3819 3515 3875; x_wconf 73' lang='lat' dir='ltr'><strong>suus?</strong></span> <span class='ocrx_word' id='word_1_771' title='bbox 3553 3816 3613 3870; x_wconf 86' lang='lat' dir='ltr'><strong>lbi</strong></span> 
     </span>
    </p>
   </div>
   <div class='ocr_carea' id='block_1_99' title="bbox 2037 3900 3612 3982">
    <p class='ocr_par' dir='ltr' id='par_1_99' title="bbox 2037 3900 3612 3982">
     <span class='ocr_line' id='line_1_99' title="bbox 2037 3900 3612 3982; baseline 0.004 -29"><span class='ocrx_word' id='word_1_772' title='bbox 2037 3900 2383 3956; x_wconf 86' lang='lat' dir='ltr'><strong>Pentecostes</strong></span> <span class='ocrx_word' id='word_1_773' title='bbox 2408 3903 2553 3956; x_wconf 88' lang='lat' dir='ltr'><strong>diem</strong></span> <span class='ocrx_word' id='word_1_774' title='bbox 2584 3915 2772 3973; x_wconf 83' lang='lat' dir='ltr'><strong>gerat,</strong></span> <span class='ocrx_word' id='word_1_775' title='bbox 2801 3918 2860 3962; x_wconf 90' lang='lat' dir='ltr'><strong>et</strong></span> <span class='ocrx_word' id='word_1_776' title='bbox 2896 3909 3274 3968; x_wconf 85' lang='lat' dir='ltr'><strong>festivitatem</strong></span> <span class='ocrx_word' id='word_1_777' title='bbox 3322 3908 3612 3982; x_wconf 87' lang='lat' dir='ltr'><strong>repropitia-</strong></span> 
     </span>
    </p>
   </div>
   <div class='ocr_carea' id='block_1_100' title="bbox 2041 3990 3607 4069">
    <p class='ocr_par' dir='ltr' id='par_1_100' title="bbox 2041 3990 3607 4069">
     <span class='ocr_line' id='line_1_100' title="bbox 2041 3990 3607 4069; baseline 0.008 -26"><span class='ocrx_word' id='word_1_778' title='bbox 2041 3990 2219 4054; x_wconf 87' lang='lat' dir='ltr'><strong>tionis,</strong></span> <span class='ocrx_word' id='word_1_779' title='bbox 2247 3999 2302 4044; x_wconf 92' lang='lat' dir='ltr'><strong>et</strong></span> <span class='ocrx_word' id='word_1_780' title='bbox 2329 3993 2824 4051; x_wconf 87' lang='lat' dir='ltr'><strong>tabernaculorum</strong></span> <span class='ocrx_word' id='word_1_781' title='bbox 2879 4001 3332 4068; x_wconf 83' lang='lat' dir='ltr'><strong>solemnitatem,</strong></span> <span class='ocrx_word' id='word_1_782' title='bbox 3378 4017 3477 4056; x_wconf 90' lang='lat' dir='ltr'><strong>non</strong></span> <span class='ocrx_word' id='word_1_783' title='bbox 3517 4001 3607 4069; x_wconf 79' lang='lat' dir='ltr'><strong>iam</strong></span> 
     </span>
    </p>
   </div>
   <div class='ocr_carea' id='block_1_101' title="bbox 2035 4081 3614 4160">
    <p class='ocr_par' dir='ltr' id='par_1_101' title="bbox 2035 4081 3614 4160">
     <span class='ocr_line' id='line_1_101' title="bbox 2035 4081 3614 4160; baseline 0.004 -27"><span class='ocrx_word' id='word_1_784' title='bbox 2035 4093 2134 4146; x_wconf 88' lang='lat' dir='ltr'><strong>per</strong></span> <span class='ocrx_word' id='word_1_785' title='bbox 2181 4081 2453 4144; x_wconf 89' lang='lat' dir='ltr'><strong>umbram,</strong></span> <span class='ocrx_word' id='word_1_786' title='bbox 2509 4083 2607 4135; x_wconf 88' lang='lat' dir='ltr'><strong>sed</strong></span> <span class='ocrx_word' id='word_1_787' title='bbox 2662 4097 2764 4151; x_wconf 88' lang='lat' dir='ltr'><strong>per</strong></span> <span class='ocrx_word' id='word_1_788' title='bbox 2808 4087 2997 4156; x_wconf 87' lang='lat' dir='ltr'><strong>ipsam</strong></span> <span class='ocrx_word' id='word_1_789' title='bbox 3049 4095 3300 4160; x_wconf 88' lang='lat' dir='ltr'><strong>speciem</strong></span> <span class='ocrx_word' id='word_1_790' title='bbox 3363 4101 3614 4156; x_wconf 87' lang='lat' dir='ltr'><strong>rerumque</strong></span> 
     </span>
    </p>
   </div>
   <div class='ocr_carea' id='block_1_102' title="bbox 2037 4169 3612 4248">
    <p class='ocr_par' dir='ltr' id='par_1_102' title="bbox 2037 4169 3612 4248">
     <span class='ocr_line' id='line_1_102' title="bbox 2037 4169 3612 4248; baseline 0.005 -26"><span class='ocrx_word' id='word_1_791' title='bbox 2037 4170 2360 4223; x_wconf 81' lang='lat' dir='ltr'><strong>veritatem?</strong></span> <span class='ocrx_word' id='word_1_792' title='bbox 2407 4169 2544 4235; x_wconf 85' lang='lat' dir='ltr'><strong>Quis</strong></span> <span class='ocrx_word' id='word_1_793' title='bbox 2594 4182 2858 4229; x_wconf 89' lang='lat' dir='ltr'><strong>nostrum</strong></span> <span class='ocrx_word' id='word_1_794' title='bbox 2913 4179 3126 4248; x_wconf 88' lang='lat' dir='ltr'><strong>dignus</strong></span> <span class='ocrx_word' id='word_1_795' title='bbox 3193 4183 3480 4237; x_wconf 83' lang='lat' dir='ltr'><strong>habebitur</strong></span> <span class='ocrx_word' id='word_1_796' title='bbox 3524 4191 3612 4233; x_wconf 87' lang='lat' dir='ltr'><strong>tam</strong></span> 
     </span>
    </p>
   </div>
   <div class='ocr_carea' id='block_1_103' title="bbox 2039 4259 3611 4338">
    <p class='ocr_par' dir='ltr' id='par_1_103' title="bbox 2039 4259 3611 4338">
     <span class='ocr_line' id='line_1_103' title="bbox 2039 4259 3611 4338; baseline 0.006 -26"><span class='ocrx_word' id='word_1_797' title='bbox 2039 4260 2210 4312; x_wconf 72' lang='lat' dir='ltr'><strong>beatae</strong></span> <span class='ocrx_word' id='word_1_798' title='bbox 2245 4259 2412 4313; x_wconf 90' lang='lat' dir='ltr'><strong>sortis</strong></span> <span class='ocrx_word' id='word_1_799' title='bbox 2451 4259 2752 4329; x_wconf 90' lang='lat' dir='ltr'><strong>electione,</strong></span> <span class='ocrx_word' id='word_1_800' title='bbox 2785 4280 2921 4320; x_wconf 90' lang='lat' dir='ltr'><strong>cum</strong></span> <span class='ocrx_word' id='word_1_801' title='bbox 2951 4269 3102 4325; x_wconf 86' lang='lat' dir='ltr'><strong>Deus</strong></span> <span class='ocrx_word' id='word_1_802' title='bbox 3129 4273 3378 4327; x_wconf 90' lang='lat' dir='ltr'><strong>dividere</strong></span> <span class='ocrx_word' id='word_1_803' title='bbox 3418 4269 3611 4338; x_wconf 66' lang='lat' dir='ltr'><strong>coeperit</strong></span> 
     </span>
    </p>
   </div>
   <div class='ocr_carea' id='block_1_104' title="bbox 3466 4358 3615 4412">
    <p class='ocr_par' dir='ltr' id='par_1_104' title="bbox 3466 4358 3615 4412">
     <span class='ocr_line' id='line_1_104' title="bbox 3466 4358 3615 4412; baseline -0.013 0"><span class='ocrx_word' id='word_1_804' title='bbox 3466 4379 3484 4412; x_wconf 81' lang='grc' dir='ltr'><strong>ι</strong></span> <span class='ocrx_word' id='word_1_805' title='bbox 3514 4358 3615 4412; x_wconf 70' lang='lat' dir='ltr'><strong>[iris</strong></span> 
     </span>
    </p>
   </div>
   <div class='ocr_carea' id='block_1_105' title="bbox 2035 4437 3614 4515">
    <p class='ocr_par' dir='ltr' id='par_1_105' title="bbox 2035 4437 3614 4515">
     <span class='ocr_line' id='line_1_105' title="bbox 2035 4437 3614 4515; baseline 0.006 -23"><span class='ocrx_word' id='word_1_806' title='bbox 2035 4452 2198 4506; x_wconf 91' lang='lat' dir='ltr'><strong>super</strong></span> <span class='ocrx_word' id='word_1_807' title='bbox 2240 4437 2482 4506; x_wconf 92' lang='lat' dir='ltr'><strong>quinque</strong></span> <span class='ocrx_word' id='word_1_808' title='bbox 2529 4441 2795 4499; x_wconf 87' lang='lat' dir='ltr'><strong>civitates</strong></span> <span class='ocrx_word' id='word_1_809' title='bbox 2844 4455 3189 4515; x_wconf 87' lang='lat' dir='ltr'><strong>potestatem</strong></span> <span class='ocrx_word' id='word_1_810' title='bbox 3228 4451 3454 4514; x_wconf 89' lang='lat' dir='ltr'><strong>habens,</strong></span> <span class='ocrx_word' id='word_1_811' title='bbox 3485 4467 3503 4500; x_wconf 76' lang='grc' dir='ltr'><strong>ι</strong></span> <span class='ocrx_word' id='word_1_812' title='bbox 3537 4455 3614 4500; x_wconf 85' lang='lat' dir='ltr'><strong>aut</strong></span> 
     </span>
    </p>
   </div>
   <div class='ocr_carea' id='block_1_106' title="bbox 2037 4528 3614 4608">
    <p class='ocr_par' dir='ltr' id='par_1_106' title="bbox 2037 4528 3614 4608">
     <span class='ocr_line' id='line_1_106' title="bbox 2037 4528 3614 4608; baseline 0.008 -28"><span class='ocrx_word' id='word_1_813' title='bbox 2037 4529 2122 4581; x_wconf 92' lang='lat' dir='ltr'><strong>cui</strong></span> <span class='ocrx_word' id='word_1_814' title='bbox 2173 4529 2320 4580; x_wconf 86' lang='lat' dir='ltr'><strong>dicat</strong></span> <span class='ocrx_word' id='word_1_815' title='bbox 2353 4528 2400 4560; x_wconf 79' lang='lat'>&quot;</span> <span class='ocrx_word' id='word_1_816' title='bbox 2437 4547 2452 4581; x_wconf 89' lang='lat'><strong>:</strong></span> <span class='ocrx_word' id='word_1_817' title='bbox 2491 4547 2510 4580; x_wconf 78' lang='grc' dir='ltr'><strong>ι</strong></span> <span class='ocrx_word' id='word_1_818' title='bbox 2558 4532 2682 4586; x_wconf 78' lang='lat' dir='ltr'><strong>Eris</strong></span> <span class='ocrx_word' id='word_1_819' title='bbox 2725 4551 2902 4606; x_wconf 89' lang='lat' dir='ltr'><strong>super</strong></span> <span class='ocrx_word' id='word_1_820' title='bbox 2943 4540 3141 4595; x_wconf 85' lang='lat' dir='ltr'><strong>decem</strong></span> <span class='ocrx_word' id='word_1_821' title='bbox 3196 4544 3444 4596; x_wconf 84' lang='lat' dir='ltr'><strong>civitates</strong></span> <span class='ocrx_word' id='word_1_822' title='bbox 3485 4547 3614 4608; x_wconf 81' lang='lat' dir='ltr'><strong>pote-</strong></span> 
     </span>
    </p>
   </div>
   <div class='ocr_carea' id='block_1_107' title="bbox 2033 4616 3613 4693">
    <p class='ocr_par' dir='ltr' id='par_1_107' title="bbox 2033 4616 3613 4693">
     <span class='ocr_line' id='line_1_107' title="bbox 2033 4616 3613 4693; baseline 0.008 -24"><span class='ocrx_word' id='word_1_823' title='bbox 2033 4623 2228 4669; x_wconf 85' lang='lat' dir='ltr'><strong>statem</strong></span> <span class='ocrx_word' id='word_1_824' title='bbox 2263 4616 2495 4685; x_wconf 87' lang='lat' dir='ltr'><strong>habens,</strong></span> <span class='ocrx_word' id='word_1_825' title='bbox 2540 4636 2560 4669; x_wconf 77' lang='grc' dir='ltr'><strong>ι</strong></span> <span class='ocrx_word' id='word_1_826' title='bbox 2617 4635 2722 4676; x_wconf 91' lang='lat' dir='ltr'><strong>nec</strong></span> <span class='ocrx_word' id='word_1_827' title='bbox 2768 4627 2866 4680; x_wconf 88' lang='lat' dir='ltr'><strong>cui</strong></span> <span class='ocrx_word' id='word_1_828' title='bbox 2899 4628 3160 4684; x_wconf 78' lang='lat' dir='ltr'><strong>dicat”:</strong></span> <span class='ocrx_word' id='word_1_829' title='bbox 3199 4649 3220 4682; x_wconf 78' lang='grc' dir='ltr'><strong>ι</strong></span> <span class='ocrx_word' id='word_1_830' title='bbox 3257 4631 3402 4684; x_wconf 90' lang='lat' dir='ltr'><strong>lntra</strong></span> <span class='ocrx_word' id='word_1_831' title='bbox 3430 4631 3476 4682; x_wconf 91' lang='lat' dir='ltr'><strong>in</strong></span> <span class='ocrx_word' id='word_1_832' title='bbox 3505 4639 3613 4693; x_wconf 76' lang='lat' dir='ltr'><strong>gau-</strong></span> 
     </span>
    </p>
   </div>
   <div class='ocr_carea' id='block_1_108' title="bbox 2032 4705 3614 4776">
    <p class='ocr_par' dir='ltr' id='par_1_108' title="bbox 2032 4705 3614 4776">
     <span class='ocr_line' id='line_1_108' title="bbox 2032 4705 3614 4776; baseline 0.007 -18"><span class='ocrx_word' id='word_1_833' title='bbox 2032 4705 2178 4759; x_wconf 89' lang='lat' dir='ltr'><strong>dium</strong></span> <span class='ocrx_word' id='word_1_834' title='bbox 2225 4708 2440 4761; x_wconf 92' lang='lat' dir='ltr'><strong>Domini</strong></span> <span class='ocrx_word' id='word_1_835' title='bbox 2497 4711 2575 4763; x_wconf 91' lang='lat' dir='ltr'><strong>tui</strong></span> <span class='ocrx_word' id='word_1_836' title='bbox 2613 4727 2629 4776; x_wconf 89' lang='lat'><strong>;</strong></span> <span class='ocrx_word' id='word_1_837' title='bbox 2673 4730 2694 4764; x_wconf 75' lang='grc' dir='ltr'><strong>ι</strong></span> <span class='ocrx_word' id='word_1_838' title='bbox 2733 4718 2837 4770; x_wconf 88' lang='lat' dir='ltr'><strong>sed</strong></span> <span class='ocrx_word' id='word_1_839' title='bbox 2870 4719 2962 4773; x_wconf 93' lang='lat' dir='ltr'><strong>cui</strong></span> <span class='ocrx_word' id='word_1_840' title='bbox 2993 4721 3145 4775; x_wconf 90' lang='lat' dir='ltr'><strong>dicat</strong></span> <span class='ocrx_word' id='word_1_841' title='bbox 3166 4721 3216 4753; x_wconf 75' lang='lat'><strong>“</strong></span> <span class='ocrx_word' id='word_1_842' title='bbox 3244 4740 3262 4775; x_wconf 87' lang='lat'><strong><em>:</em></strong></span> <span class='ocrx_word' id='word_1_843' title='bbox 3299 4739 3320 4772; x_wconf 77' lang='grc' dir='ltr'><strong>ι</strong></span> <span class='ocrx_word' id='word_1_844' title='bbox 3349 4721 3528 4775; x_wconf 87' lang='lat' dir='ltr'><strong>Sedete</strong></span> <span class='ocrx_word' id='word_1_845' title='bbox 3567 4725 3614 4768; x_wconf 86' lang='lat' dir='ltr'><strong>et</strong></span> 
     </span>
    </p>
   </div>
   <div class='ocr_carea' id='block_1_109' title="bbox 2035 4804 3610 4878">
    <p class='ocr_par' dir='ltr' id='par_1_109' title="bbox 2035 4804 3610 4878">
     <span class='ocr_line' id='line_1_109' title="bbox 2035 4804 3610 4878; baseline 0.008 -32"><span class='ocrx_word' id='word_1_846' title='bbox 2035 4811 2132 4849; x_wconf 91' lang='lat' dir='ltr'><strong>vos</strong></span> <span class='ocrx_word' id='word_1_847' title='bbox 2155 4811 2363 4850; x_wconf 88' lang='lat' dir='ltr'><strong>mecum</strong></span> <span class='ocrx_word' id='word_1_848' title='bbox 2406 4814 2573 4866; x_wconf 85' lang='lat' dir='ltr'><strong>super</strong></span> <span class='ocrx_word' id='word_1_849' title='bbox 2601 4804 2902 4862; x_wconf 89' lang='lat' dir='ltr'><strong>duodecim</strong></span> <span class='ocrx_word' id='word_1_850' title='bbox 2939 4812 3200 4876; x_wconf 88' lang='lat' dir='ltr'><strong>thronos,</strong></span> <span class='ocrx_word' id='word_1_851' title='bbox 3242 4812 3537 4878; x_wconf 72' lang='lat' dir='ltr'><strong>iudicantes</strong></span> <span class='ocrx_word' id='word_1_852' title='bbox 3567 4815 3610 4858; x_wconf 86' lang='lat' dir='ltr'><strong>et</strong></span> 
     </span>
    </p>
   </div>
   <div class='ocr_carea' id='block_1_110' title="bbox 2037 4888 3606 4968">
    <p class='ocr_par' dir='ltr' id='par_1_110' title="bbox 2037 4888 3606 4968">
     <span class='ocr_line' id='line_1_110' title="bbox 2037 4888 3606 4968; baseline 0.01 -31"><span class='ocrx_word' id='word_1_853' title='bbox 2037 4901 2134 4939; x_wconf 87' lang='lat' dir='ltr'><strong>vos</strong></span> <span class='ocrx_word' id='word_1_854' title='bbox 2167 4888 2454 4942; x_wconf 89' lang='lat' dir='ltr'><strong>duodecim</strong></span> <span class='ocrx_word' id='word_1_855' title='bbox 2485 4893 2673 4949; x_wconf 90' lang='lat' dir='ltr'><strong>tribus</strong></span> <span class='ocrx_word' id='word_1_856' title='bbox 2703 4895 2885 4954; x_wconf 82' lang='lat' dir='ltr'><strong>Israel</strong></span> <span class='ocrx_word' id='word_1_857' title='bbox 2921 4919 2938 4968; x_wconf 90' lang='lat'><strong>;</strong></span> <span class='ocrx_word' id='word_1_858' title='bbox 2979 4921 2998 4954; x_wconf 78' lang='grc' dir='ltr'><strong>ι</strong></span> <span class='ocrx_word' id='word_1_859' title='bbox 3037 4905 3102 4956; x_wconf 89' lang='lat' dir='ltr'><strong>de</strong></span> <span class='ocrx_word' id='word_1_860' title='bbox 3135 4904 3340 4967; x_wconf 90' lang='lat' dir='ltr'><strong>quibus</strong></span> <span class='ocrx_word' id='word_1_861' title='bbox 3374 4903 3508 4956; x_wconf 87' lang='lat' dir='ltr'><strong>dicat</strong></span> <span class='ocrx_word' id='word_1_862' title='bbox 3531 4897 3606 4948; x_wconf 85' lang='lat'><strong>”:</strong></span> 
     </span>
    </p>
   </div>
   <div class='ocr_carea' id='block_1_111' title="bbox 2042 4977 3603 5060">
    <p class='ocr_par' dir='ltr' id='par_1_111' title="bbox 2042 4977 3603 5060">
     <span class='ocr_line' id='line_1_111' title="bbox 2042 4977 3603 5060; baseline 0.01 -32"><span class='ocrx_word' id='word_1_863' title='bbox 2042 4996 2061 5028; x_wconf 76' lang='grc' dir='ltr'><strong>ι</strong></span> <span class='ocrx_word' id='word_1_864' title='bbox 2091 4977 2274 5041; x_wconf 89' lang='lat' dir='ltr'><strong>Pater,</strong></span> <span class='ocrx_word' id='word_1_865' title='bbox 2296 4983 2421 5035; x_wconf 88' lang='lat' dir='ltr'><strong>volo</strong></span> <span class='ocrx_word' id='word_1_866' title='bbox 2451 4986 2629 5040; x_wconf 90' lang='lat' dir='ltr'><strong>utubi</strong></span> <span class='ocrx_word' id='word_1_867' title='bbox 2654 5002 2761 5056; x_wconf 83' lang='lat' dir='ltr'><strong>ego</strong></span> <span class='ocrx_word' id='word_1_868' title='bbox 2788 5006 2938 5058; x_wconf 89' lang='lat' dir='ltr'><strong>sum,</strong></span> <span class='ocrx_word' id='word_1_869' title='bbox 2969 5003 3025 5046; x_wconf 90' lang='lat' dir='ltr'><strong>et</strong></span> <span class='ocrx_word' id='word_1_870' title='bbox 3049 4993 3154 5060; x_wconf 89' lang='lat' dir='ltr'><strong>ipsi</strong></span> <span class='ocrx_word' id='word_1_871' title='bbox 3191 4993 3306 5046; x_wconf 86' lang='lat' dir='ltr'><strong>sint</strong></span> <span class='ocrx_word' id='word_1_872' title='bbox 3335 5005 3552 5044; x_wconf 90' lang='lat' dir='ltr'><strong>mecum.</strong></span> <span class='ocrx_word' id='word_1_873' title='bbox 3585 5003 3603 5036; x_wconf 77' lang='grc' dir='ltr'><strong>ι</strong></span> 
     </span>
    </p>
   </div>
   <div class='ocr_carea' id='block_1_112' title="bbox 2041 5068 3601 5155">
    <p class='ocr_par' dir='ltr' id='par_1_112' title="bbox 2041 5068 3601 5155">
     <span class='ocr_line' id='line_1_112' title="bbox 2041 5068 3601 5155; baseline 0.013 -37"><span class='ocrx_word' id='word_1_874' title='bbox 2041 5068 2175 5121; x_wconf 86' lang='lat' dir='ltr'><strong>Volo</strong></span> <span class='ocrx_word' id='word_1_875' title='bbox 2209 5071 2381 5125; x_wconf 90' lang='lat' dir='ltr'><strong>etiam</strong></span> <span class='ocrx_word' id='word_1_876' title='bbox 2409 5075 2546 5130; x_wconf 89' lang='lat' dir='ltr'><strong>istos</strong></span> <span class='ocrx_word' id='word_1_877' title='bbox 2573 5093 2698 5133; x_wconf 90' lang='lat' dir='ltr'><strong>esse</strong></span> <span class='ocrx_word' id='word_1_878' title='bbox 2728 5097 2917 5151; x_wconf 85' lang='lat' dir='ltr'><strong>rcges,</strong></span> <span class='ocrx_word' id='word_1_879' title='bbox 2944 5092 3004 5136; x_wconf 95' lang='lat' dir='ltr'><strong>ut</strong></span> <span class='ocrx_word' id='word_1_880' title='bbox 3027 5098 3129 5155; x_wconf 84' lang='lat' dir='ltr'><strong>ego</strong></span> <span class='ocrx_word' id='word_1_881' title='bbox 3155 5085 3264 5138; x_wconf 90' lang='lat' dir='ltr'><strong>sim</strong></span> <span class='ocrx_word' id='word_1_882' title='bbox 3300 5097 3392 5137; x_wconf 89' lang='lat' dir='ltr'><strong>rex</strong></span> <span class='ocrx_word' id='word_1_883' title='bbox 3421 5092 3601 5148; x_wconf 58' lang='lat' dir='ltr'><strong>regum.</strong></span> 
     </span>
    </p>
   </div>
   <div class='ocr_carea' id='block_1_113' title="bbox 2036 5157 3602 5240">
    <p class='ocr_par' dir='ltr' id='par_1_113' title="bbox 2036 5157 3602 5240">
     <span class='ocr_line' id='line_1_113' title="bbox 2036 5157 3602 5240; baseline 0.007 -28"><span class='ocrx_word' id='word_1_884' title='bbox 2036 5157 2169 5212; x_wconf 84' lang='lat' dir='ltr'><strong>Volo</strong></span> <span class='ocrx_word' id='word_1_885' title='bbox 2197 5170 2254 5213; x_wconf 90' lang='lat' dir='ltr'><strong>et</strong></span> <span class='ocrx_word' id='word_1_886' title='bbox 2286 5162 2426 5218; x_wconf 91' lang='lat' dir='ltr'><strong>istos</strong></span> <span class='ocrx_word' id='word_1_887' title='bbox 2460 5167 2670 5223; x_wconf 89' lang='lat' dir='ltr'><strong>habere</strong></span> <span class='ocrx_word' id='word_1_888' title='bbox 2719 5173 3274 5240; x_wconf 84' lang='lat' dir='ltr'><strong>dominationem,ut</strong></span> <span class='ocrx_word' id='word_1_889' title='bbox 3307 5181 3360 5226; x_wconf 86' lang='lat' dir='ltr'><strong>et</strong></span> <span class='ocrx_word' id='word_1_890' title='bbox 3396 5185 3490 5239; x_wconf 86' lang='lat' dir='ltr'><strong>ego</strong></span> <span class='ocrx_word' id='word_1_891' title='bbox 3515 5167 3602 5220; x_wconf 86' lang='lat' dir='ltr'><strong>sim</strong></span> 
     </span>
    </p>
   </div>
   <div class='ocr_carea' id='block_1_114' title="bbox 2036 5246 3600 5332">
    <p class='ocr_par' dir='ltr' id='par_1_114' title="bbox 2036 5246 3600 5332">
     <span class='ocr_line' id='line_1_114' title="bbox 2036 5246 3600 5332; baseline 0.008 -35"><span class='ocrx_word' id='word_1_892' title='bbox 2036 5246 2302 5304; x_wconf 88' lang='lat' dir='ltr'><strong>Dominus</strong></span> <span class='ocrx_word' id='word_1_893' title='bbox 2351 5254 2794 5316; x_wconf 86' lang='lat' dir='ltr'><strong>dominantium.</strong></span> <span class='ocrx_word' id='word_1_894' title='bbox 2836 5261 2990 5319; x_wconf 87' lang='lat' dir='ltr'><strong>Beati</strong></span> <span class='ocrx_word' id='word_1_895' title='bbox 3033 5263 3120 5332; x_wconf 91' lang='lat' dir='ltr'><strong>qui</strong></span> <span class='ocrx_word' id='word_1_896' title='bbox 3165 5265 3234 5316; x_wconf 82' lang='lat' dir='ltr'><strong>ad</strong></span> <span class='ocrx_word' id='word_1_897' title='bbox 3275 5263 3411 5316; x_wconf 89' lang='lat' dir='ltr'><strong>hanc</strong></span> <span class='ocrx_word' id='word_1_898' title='bbox 3438 5268 3600 5327; x_wconf 81' lang='lat' dir='ltr'><strong>perve-</strong></span> 
     </span>
    </p>
   </div>
   <div class='ocr_carea' id='block_1_115' title="bbox 2035 5335 3598 5420">
    <p class='ocr_par' dir='ltr' id='par_1_115' title="bbox 2035 5335 3598 5420">
     <span class='ocr_line' id='line_1_115' title="bbox 2035 5335 3598 5420; baseline 0.006 -36"><span class='ocrx_word' id='word_1_899' title='bbox 2035 5335 2187 5387; x_wconf 84' lang='lat' dir='ltr'><strong>nient</strong></span> <span class='ocrx_word' id='word_1_900' title='bbox 2221 5339 2590 5404; x_wconf 89' lang='lat' dir='ltr'><strong>beatitudinis</strong></span> <span class='ocrx_word' id='word_1_901' title='bbox 2619 5365 2920 5410; x_wconf 89' lang='lat' dir='ltr'><strong>summam.</strong></span> <span class='ocrx_word' id='word_1_902' title='bbox 2956 5353 3098 5405; x_wconf 90' lang='lat' dir='ltr'><strong>Beati</strong></span> <span class='ocrx_word' id='word_1_903' title='bbox 3147 5351 3243 5420; x_wconf 88' lang='lat' dir='ltr'><strong>qui</strong></span> <span class='ocrx_word' id='word_1_904' title='bbox 3271 5353 3335 5402; x_wconf 89' lang='lat' dir='ltr'><strong>ad</strong></span> <span class='ocrx_word' id='word_1_905' title='bbox 3369 5350 3464 5402; x_wconf 90' lang='lat' dir='ltr'><strong>ista</strong></span> <span class='ocrx_word' id='word_1_906' title='bbox 3488 5359 3598 5397; x_wconf 90' lang='lat' dir='ltr'><strong>cou-</strong></span> 
     </span>
    </p>
   </div>
   <div class='ocr_carea' id='block_1_116' title="bbox 2031 5429 3596 5519">
    <p class='ocr_par' dir='ltr' id='par_1_116' title="bbox 2031 5429 3596 5519">
     <span class='ocr_line' id='line_1_116' title="bbox 2031 5429 3596 5519; baseline 0.006 -46"><span class='ocrx_word' id='word_1_907' title='bbox 2031 5429 2310 5487; x_wconf 88' lang='lat' dir='ltr'><strong>sceudere</strong></span> <span class='ocrx_word' id='word_1_908' title='bbox 2339 5450 2607 5506; x_wconf 86' lang='lat' dir='ltr'><strong>poterunt</strong></span> <span class='ocrx_word' id='word_1_909' title='bbox 2630 5443 2854 5519; x_wconf 83' lang='lat' dir='ltr'><strong>fastigia</strong></span> <span class='ocrx_word' id='word_1_910' title='bbox 2877 5445 3206 5510; x_wconf 73' lang='lat' dir='ltr'><strong>meritorum,</strong></span> <span class='ocrx_word' id='word_1_911' title='bbox 3226 5450 3280 5495; x_wconf 90' lang='lat' dir='ltr'><strong>ct</strong></span> <span class='ocrx_word' id='word_1_912' title='bbox 3309 5435 3596 5493; x_wconf 85' lang='lat' dir='ltr'><strong>benedictus</strong></span> 
     </span>
    </p>
   </div>
   <div class='ocr_carea' id='block_1_117' title="bbox 1372 5535 1933 5689">
    <p class='ocr_par' dir='ltr' id='par_1_117' title="bbox 1372 5535 1933 5668">
     <span class='ocr_line' id='line_1_117' title="bbox 1372 5535 1890 5597; baseline 0.006 -10"><span class='ocrx_word' id='word_1_913' title='bbox 1372 5537 1544 5597; x_wconf 60' lang='lat' dir='ltr'><strong>stt,8.</strong></span> <span class='ocrx_word' id='word_1_914' title='bbox 1621 5535 1666 5567; x_wconf 74' lang='lat'>&quot;</span> <span class='ocrx_word' id='word_1_915' title='bbox 1707 5535 1722 5586; x_wconf 92' lang='grc'><strong>1</strong></span> <span class='ocrx_word' id='word_1_916' title='bbox 1769 5537 1890 5591; x_wconf 90' lang='lat' dir='ltr'><strong>Cor.</strong></span> 
     </span>
     <span class='ocr_line' id='line_1_118' title="bbox 1372 5605 1933 5668; baseline 0.011 -13"><span class='ocrx_word' id='word_1_917' title='bbox 1372 5605 1418 5634; x_wconf 75' lang='lat'>&quot;</span> <span class='ocrx_word' id='word_1_918' title='bbox 1441 5605 1622 5657; x_wconf 80' lang='lat' dir='ltr'><strong>Matth.</strong></span> <span class='ocrx_word' id='word_1_919' title='bbox 1643 5607 1851 5668; x_wconf 70' lang='lat' dir='ltr'><strong>xtx,28.</strong></span> <span class='ocrx_word' id='word_1_920' title='bbox 1923 5608 1933 5636; x_wconf 88' lang='lat'>‘</span> 
     </span>
    </p>
   </div>
   <div class='ocr_carea' id='block_1_118' title="bbox 2042 5535 3590 5689">
    <p class='ocr_par' dir='ltr' id='par_1_118' title="bbox 2042 5539 3590 5689">
     <span class='ocr_line' id='line_1_119' title="bbox 2063 5539 3590 5627; baseline 0.004 -36"><span class='ocrx_word' id='word_1_921' title='bbox 2063 5539 2154 5596; x_wconf 72' lang='grc'><strong>45.</strong></span> <span class='ocrx_word' id='word_1_922' title='bbox 2235 5548 2282 5581; x_wconf 69' lang='grc'><strong>⁸⁸</strong></span> <span class='ocrx_word' id='word_1_923' title='bbox 2320 5555 2468 5617; x_wconf 69' lang='lat' dir='ltr'><strong>ibid.</strong></span> <span class='ocrx_word' id='word_1_924' title='bbox 2498 5567 2591 5623; x_wconf 60' lang='lat'><strong>93,</strong></span> <span class='ocrx_word' id='word_1_925' title='bbox 2664 5567 2712 5599; x_wconf 69' lang='lat'><strong>5°</strong></span> <span class='ocrx_word' id='word_1_926' title='bbox 2741 5568 2876 5626; x_wconf 77' lang='lat' dir='ltr'><strong>Luc,</strong></span> <span class='ocrx_word' id='word_1_927' title='bbox 2894 5578 2987 5627; x_wconf 76' lang='lat' dir='ltr'><strong>xu,</strong></span> <span class='ocrx_word' id='word_1_928' title='bbox 3009 5558 3090 5612; x_wconf 67' lang='grc'><strong>49.</strong></span> <span class='ocrx_word' id='word_1_929' title='bbox 3151 5555 3197 5588; x_wconf 80' lang='grc'>⁸¹</span> <span class='ocrx_word' id='word_1_930' title='bbox 3223 5555 3354 5609; x_wconf 88' lang='lat' dir='ltr'><strong>Luc.</strong></span> <span class='ocrx_word' id='word_1_931' title='bbox 3387 5565 3492 5613; x_wconf 73' lang='grc' dir='ltr'>ιιι,</span> <span class='ocrx_word' id='word_1_932' title='bbox 3518 5544 3590 5598; x_wconf 76' lang='grc'><strong>19.</strong></span> 
     </span>
     <span class='ocr_line' id='line_1_120' title="bbox 2042 5625 2462 5689; baseline 0.029 -29"><span class='ocrx_word' id='word_1_933' title='bbox 2042 5625 2148 5662; x_wconf 71' lang='lat' dir='ltr'><strong>tan.</strong></span> <span class='ocrx_word' id='word_1_934' title='bbox 2185 5630 2332 5689; x_wconf 76' lang='lat' dir='ltr'><strong>tht,</strong></span> <span class='ocrx_word' id='word_1_935' title='bbox 2359 5627 2462 5688; x_wconf 67' lang='grc'><strong>24,</strong></span> 
     </span>
    </p>
   </div>
  </div>
