3822 6198
432 305 533 361 ϐυτ

429 419 755 494 promissum
787 421 889 474 est.
920 411 1202 472 obtinent;
1232 405 1501 474 digniores
1536 401 1738 456 tardius
1777 411 1965 452 conse-

430 491 689 578 quantur.
726 504 800 556 llli
841 501 982 556 enim
1021 514 1051 552 a
1085 498 1263 566 Moyse
1304 494 1458 563 primi
1492 491 1847 544 liacreditatetn
1875 498 1964 537 ac-

432 571 707 665 ceperunt,
744 593 797 646 bi
826 605 954 644 vero
977 604 1006 642 a
1034 587 1158 642 Jesu
1207 595 1411 652 postea.
1447 578 1583 645 Quin
1616 590 1671 631 et
1702 577 1766 630 de
1795 571 1966 627 omni-

432 663 533 743 bus
556 684 713 751 iustis
746 681 962 741 dicitur,
987 691 1091 731 non
1118 676 1182 728 de
1205 669 1550 742 quibuslibet.
1576 666 1706 719 Nam
1737 672 1794 716 ut
1819 663 1957 751 Apo-

435 748 607 830 stolus
634 773 712 824 ait
741 769 786 801 ‘°
816 785 830 820 :
865 784 885 818 ι
914 765 975 819 Hi
1001 777 1188 819 omnes
1225 756 1532 814 testimonio
1570 753 1689 806 ﬁdei
1716 748 1923 818 probati
1948 786 1963 810 ,

436 879 542 919 non
575 866 898 928 acceperunt
953 850 1453 919 repromissionem,
1507 845 1616 897 Deo
1662 855 1758 908 pro
1815 839 1967 891 nobis

436 951 624 1006 melius
654 948 853 1015 aliquid
892 942 1225 1013 providente,
1261 946 1318 991 ut
1349 950 1451 990 non
1493 934 1607 988 sine
1649 929 1802 984 nobis
1835 942 1965 981 con-

436 1049 799 1098 summareutu
809 1053 852 1091 Γ.
886 1055 905 1088 ι

512 1218 696 1273 Vocem
719 1216 986 1271 verborum
1023 1225 1178 1282 quam
1204 1225 1292 1263 vos
1326 1206 1545 1261 audistis
1583 1203 1649 1260 θ’.
1680 1201 1796 1256 Non
1827 1196 1967 1268 quod

437 1307 664 1361 visibilis
695 1321 791 1358 vox
823 1304 1002 1365 fuerit,
1031 1308 1118 1352 aut
1147 1308 1336 1352 natura
1370 1310 1551 1349 vocem
1575 1292 1770 1346 habent
1795 1290 1966 1349 Deus;

439 1399 541 1453 hoc
568 1395 707 1449 enim
746 1391 1053 1458 composita:
1083 1397 1225 1443 esset
1257 1395 1460 1439 natura:
1509 1401 1523 1435 :
1567 1381 1660 1435 sed
1701 1377 1841 1447 quod
1883 1386 1969 1428 tu-

438 1487 626 1541 barum
653 1481 879 1545 sonitus,
904 1486 958 1531 et
982 1491 1162 1542 voces,
1181 1484 1239 1528 ut
1257 1475 1368 1541 ipse
1396 1470 1546 1524 novit
1567 1469 1727 1525 Deus.
1749 1464 1972 1516 ederen-

440 1584 527 1627 tur
550 1586 618 1625 ex
651 1569 927 1625 sensilium
956 1567 1363 1625 elementorum,
1405 1557 1545 1628 ignis
1575 1566 1765 1623 nempe
1798 1561 1854 1605 et
1883 1564 1973 1603 ca-

412 1662 637 1730 liginis,
680 1657 1031 1713 connexione.
1069 1653 1423 1718 Quamobrem
1481 1655 1537 1701 et
1585 1642 1800 1697 auditur
1843 1651 1969 1701 vox,

1781 279 1870 334 EX
1909 273 2200 333 OBlCE‘NE

1992 400 2040 457 Α
2067 391 2247 460 τάχιον
2275 390 2335 442 ἐν
2364 390 2432 459 τῇ
2461 383 2787 453 ἐπαγγελίᾳ
2814 380 3113 450 γίνονταισ
3147 376 3199 428 οἱ
3228 371 3288 426 δὲ
3308 366 3653 460 ἐπιεικέστεροι.

2064 457 2278 550 βρᾶδιον
2304 457 2822 545 ἀπολαμϐάνουσιν.
2861 471 2933 526 Ol
2969 468 3079 534 μὲν
3124 463 3237 535 γὰρ
3282 460 3386 550 ὑπὸ
3415 457 3653 550 Dimissis)?

2064 546 2268 638 πρῶτοι
2320 565 2581 634 εἰλήφασι
2630 561 2734 632 τὴν
2780 554 3207 630 κληρονομίαν·
3244 552 3296 604 οἱ
3348 549 3403 602 δέ
3451 548 3543 602 ὑπὸ
3578 546 3652 598 τοῦ

2079 656 2257 727 Ἰησοῦ
2286 654 2537 723 ὕστερον.
2590 649 2762 703 Ἀλλὰ
2792 650 2892 701 καὶ
2932 645 3076 715 περὶ
3113 643 3338 696 πάντων
3365 639 3565 705 δικαίων
3590 639 3655 693 λέ-

2063 764 2240 816 γεται,
2275 745 2337 799 ού
2366 744 2478 797 τῶν
2506 743 2815 812 τυχόντωνο
2845 739 2927 801 ὡς
2952 737 3072 806 γὰρ
3098 734 3131 786 6
3167 730 3483 794 ’Δπόστολός
3501 747 3649 801 φησιν·

2051 859 2088 892 τι
2116 834 2275 893 Οὗτοι
2309 836 2515 898 πάντες
2572 831 3038 905 μαρτυρηθέντες
3076 826 3172 880 διὰ
3203 826 3308 894 τῆς
3345 824 3558 884 πίστεως
3578 822 3653 875 οὐκ

2065 930 2401 999 ἐκομίσαντο
2435 927 2535 997 τὴν
2591 922 2982 991 ἐπαγγελίαν,
3027 917 3128 970 τοῦ
3189 915 3330 967 Θεοῦ
3366 913 3487 984 περὶ
3532 912 3655 983 ἡμῶν

2067 1019 2319 1090 κρεῖττόν
2346 1034 2401 1069 τι
2428 1012 2925 1087 προϐλεψαμένου,
2958 1009 3056 1062 ἴνα
3088 1006 3169 1077 μὴ
3197 1006 3369 1075 χωρὶς
3408 1002 3552 1074 ἡμῶν
3588 1019 3656 1055 τε·

2069 1106 2394 1163 λειωθῶσιν.
2424 1125 2443 1157 ι

2139 1195 2356 1262 Φωνὴν
2392 1191 2684 1263 ῥημάτων
2740 1190 2828 1257 ἦν
2875 1186 3064 1258 ὑμεῖς
3111 1185 3454 1252 ἠκούσατε,
3491 1181 3574 1233 καὶ
3603 1182 3654 1233 τὰ

2070 1286 2215 1355 ἑξῆς.
2253 1286 2368 1354 Οὐχ
2396 1286 2480 1337 ὅτι
2526 1282 2702 1353 ὁρατὴ
2751 1283 2789 1351 ἡ
2841 1278 3005 1348 φωνὴ
3028 1317 3044 1341 ,
3079 1275 3195 1328 οὐδ’
3223 1275 3307 1326 ὅτι
3339 1272 3490 1341 φύσει
3512 1272 3656 1342 φωνὴν

2070 1375 2185 1445 ἔχει
2220 1377 2250 1426 6
2279 1374 2436 1437 Θεόςο
2468 1372 2630 1425 τοῦτο
2658 1370 2776 1441 γὰρ
2806 1368 2907 1422 καὶ
2949 1365 3225 1420 συνθέτου
3259 1362 3468 1431 φύσεως
3496 1361 3553 1415 ἂν
3572 1364 3654 1429 είή⁸

2072 1466 2185 1518 ἀλλ’
2206 1463 2398 1534 ἐπειδὴ
2430 1462 2526 1517 καὶ
2551 1463 2609 1515 αἱ
2648 1460 2993 1526 σάλπιγγες,
3013 1456 3116 1511 καὶ
3139 1457 3199 1508 αί
3231 1454 3428 1523 φωναὶ,
3443 1453 3511 1517 ὡς
3531 1453 3657 1516 αὐτὸς

2072 1551 2213 1608 οἶδεν
2242 1555 2270 1605 ὁ
2300 1552 2455 1614 Θεὸς,
2484 1548 2852 1602 ἐπετελοῦντο
2880 1549 2951 1600 ἐκ
2976 1545 3086 1615 τῆς
3110 1543 3226 1597 τῶν
3257 1543 3534 1614 ὁρωμένων
3559 1559 3656 1594 owe

2075 1645 2258 1715 εχείας
2298 1639 2818 1714 δημιουργούμεναι
2861 1635 3185 1704 στοιχείων·
3226 1631 3324 1685 τοῦ
3358 1631 3518 1703 πυρὸς
3548 1630 3658 1698 λέγω

438 1709 507 1805 εἴ
538 1765 640 1802 nou
689 1747 941 1826 videtur;
986 1754 1041 1796 at.
1088 1755 1215 1795 vero
1264 1738 1353 1793 ubi
1392 1735 1486 1791 Dei
1533 1731 1771 1804 prodigia
1815 1728 1970 1793 liuut,

2098 1735 2167 1788 ιαὶ
2215 1732 2309 1787 τοῦ
2358 1731 2583 1800 γνόφου·
2642 1727 2795 1780 ὥστε
2830 1728 2934 1781 καὶ
2965 1723 3245 1777 ἀκούεται
3289 1723 3458 1793 φωνὴ,
3482 1722 3562 1774 καὶ
3582 1723 3657 1788 οὐχ

439 1840 601 1895 etiam
634 1852 735 1891 vox
766 1836 995 1888 videtur.

508 2013 575 2067 Et
594 2013 790 2083 juravil
816 2009 952 2081 quod
981 2008 1099 2061 non’
1130 2017 1387 2059 transeam
1425 2001 1706 2056 Iordanem
1736 1997 1872 2050 hunc
1906 1997 1972 2049 ⁸⁸.

445 2107 576 2161 Cum
612 2103 818 2172 Moyses
840 2116 943 2155 non
974 2098 1317 2169 gloriﬁcasset
1348 2094 1511 2148 Deum
1543 2107 1724 2146 coram
1761 2088 1973 2158 populo,

443 2213 545 2250 non
573 2195 890 2265 permissum
925 2198 1008 2244 est
1033 2197 1092 2241 ut
1123 2187 1259 2241 ultra
1292 2184 1700 2253 progrederetur
1726 2195 1844 2233 cum
1874 2178 1969 2232 eis.

440 2283 519 2337 Ne
545 2284 686 2336 enim
725 2294 880 2348 quem
925 2268 1103 2331 vivum
1150 2273 1419 2338 colebant,
1447 2269 1737 2324 honoribus
1783 2268 1977 2321 divinis

443 2380 708 2423 mortuum
763 2366 1074 2427 adicerent,
1122 2352 1192 2416 ab
1239 2359 1410 2416 oculis
1456 2358 1692 2411 omnium
1751 2354 1978 2409 removit
2016 2390 2020 2395 ρ

442 2457 582 2511 Deus
605 2454 904 2522 sepulcrum
933 2451 1067 2518 ejus.

512 2546 781 2600 Contestor
815 2544 954 2596 vobis
997 2541 1150 2595 hodie
1193 2539 1374 2592 caelum
1426 2547 1474 2591 et
1525 2544 1711 2590 terram
1744 2535 1809 2588 ⁸³.
1839 2535 1978 2590 Deus

444 2638 525 2691 sui
557 2637 870 2689 adoratores
898 2647 1002 2685 nou
1037 2629 1354 2698 permittens
1381 2642 1499 2680 cum
1535 2625 1863 2680 daemonibus
1885 2640 1977 2680 so-

444 2728 696 2782 cietatem
725 2724 942 2788 habere,
974 2726 1080 2775 imo
1109 2734 1200 2773 eos
1223 2719 1313 2787 qui
1343 2716 1509 2771 semel
1544 2731 1665 2770 eum
1711 2731 1976 2784 cognove-

446 2825 593 2879 runt,
610 2815 804 2884 iubens
833 2812 901 2865 ab
922 2810 1069 2867 oumi
1098 2825 1220 2878 erga
1252 2808 1372 2863 illos
1402 2805 1590 2861 all'ectu
1613 2821 1732 2861 esse
1758 2807 1974 2874 liberos,
2000 2847 2016 2864 .

446 2904 604 2959 simul
637 2902 701 2956 ad
731 2899 1123 2955 aemulationem
1146 2911 1239 2951 eos
1269 2909 1567 2964 provocans
1588 2909 1650 2947 ex
1681 2896 1979 2951 defectione

2076 1827 2291 1896 ὁρᾶται·
2327 1822 2444 1876 ἀλλ’
2485 1816 2579 1874 οῦν
2600 1820 2699 1873 ἐπὶ
2728 1817 2845 1871 τῶν
2865 1815 2969 1869 τοῦ
3005 1813 3155 1868 Θεοῦ
3190 1813 3479 1883 θαυμάτων
3531 1812 3657 1880 καὶὴ

2076 1913 2226 1984 φωνὴ
2250 1915 2463 1983 ὁρᾶται.

2144 2004 2254 2057 Καὶ
2282 2001 2522 2072 ὤμοσεν
2550 2001 2656 2053 Ira
2675 1999 2768 2070 μὴ
2790 1999 2988 2055 διαδῶ
3003 2000 3122 2054 τὸν
3148 1995 3453 2066 Ἰορδάνην
3464 1991 3653 2047 τοῦτον.

2075 2090 2336 2158 Μωῦσῆς,
2371 2088 2447 2158 μὴ
2467 2085 2703 2151 δοξάσας
2730 2089 2830 2141 τὸν
2858 2088 3003 2142 Θεὸν
3030 2089 3133 2142 ἐπὶ
3161 2086 3260 2140 τοῦ
3285 2085 3435 2149 λαοῦ,
3455 2080 3655 2147 ἐκωλύθη

2077 2179 2367 2247 παρελθεῖν
2396 2179 2513 2248 μετ’
2539 2177 2749 2244 αὐτῶν,
2790 2179 2887 2232 ἵνα
2950 2177 3032 2249 μὴ
3064 2179 3128 2231 ὃν
3165 2177 3372 2246 ἐτίμων
3409 2174 3582 2237 ζῶντα,
3612 2172 3656 2220 ἐν

2078 2266 2215 2321 θεῶν
2260 2266 2585 2337 θεραπείαις
2627 2267 2958 2337 τιμήσωσιν
3016 2267 3353 2321 ἀπελθόντα.
3398 2262 3558 2333 Διὸδὴ
3584 2261 3656 2313 καὶ

2077 2356 2437 2420 ἀποθανόντος
2468 2355 2655 2425 ἀφανῆ
2695 2356 2792 2409 τὸν
2826 2357 3014 2426 τάφον
3040 2357 3329 2427 ἐποίησεν.

2147 2549 2620 2618 Διαμαρτύρομαι
2630 2548 2782 2616 ὑμῖν
2800 2547 3097 2616 σήμερον
3119 2548 3235 2600 τόν
3247 2563 3312 2600 τε
3324 2544 3561 2614 οὐρανὸν
3577 2541 3663 2595 xal'

2075 2638 2192 2707 τὴν
2218 2637 2355 2707 γῆν.
2398 2639 2456 2691 ’0
2490 2638 2625 2701 Θεὸς
2647 2638 2783 2699 τοὺς
2799 2638 2980 2691 αὑτὸν
3010 2636 3458 2709 προσκυνοῦντας
3476 2636 3529 2687 οὐ
3554 2649 3656 2699 ουτ-

2076 2726 2269 2797 χωρῶν
2304 2725 2524 2795 δαίμοσι
2558 2725 2949 2779 συνάπτεσθαι
2970 2765 2990 2792 ,
3027 2726 3177 2780 ἀλλὰ
3208 2726 3338 2788 τοὺς
3358 2724 3495 2787 ἅπαξ
3523 2722 3654 2774 αὐτὸν

2078 2815 2383 2884 ἐγνωκότας
2399 2814 2556 2877 ἐκτὸς
2587 2811 2734 2870 εἷναι
2761 2815 3024 2871 κελεύων
3040 2816 3151 2887 τῆς
3180 2816 3319 2887 πρὸς
3334 2814 3550 2876 ἐκείνους
3564 2811 3654 2865 δια-

2079 2905 2300 2967 θέσεως,
2333 2903 2424 2957 καὶ
2464 2903 2806 2974 παραζηλῶν
2849 2908 2911 2960 ἐν
2939 2910 3018 2979 τῇ
3048 2907 3367 2976 ἀποστασία
3394 2905 3494 2959 τῶν
3518 2902 3652 2963 λαῶν.

446 2992 715 3061 gentium,
756 2988 964 3042 futuras
999 2987 1079 3040 eis
1110 2986 1342 3039 minatur
1373 2998 1554 3051 poenas
1607 2985 1675 3038 ob
1724 2999 1977 3054 perversa

2098 2994 2177 3057 τὰς
2223 2991 2521 3064 μελλούσας
2578 2993 2772 3058 αὐτοῖς
2833 2996 3113 3066 προλέγει
3157 2997 3423 3068 τιμωρίας
3461 2994 3537 3048 διὰ
3577 2993 3656 3061 τὴν

448 3096 631 3134 eorum
660 3078 903 3132 consilia.

516 3168 565 3222 E
615 3169 766 3222 domo
817 3167 1076 3221 seruitutis
1110 3166 1174 3219 “.
1220 3167 1352 3221 Vere
1402 3166 1541 3220 enim
1582 3180 1667 3220 res
1710 3180 1984 3234 corporea:

448 3269 505 3315 et.
538 3257 860 3321 materiales,
894 3257 1083 3311 domus
1115 3264 1240 3311 sunt
1268 3255 1560 3320 servitutis,
1590 3256 1731 3310 sicut
1765 3266 1983 3311 contra-

451 3348 563 3412 τίω,
606 3347 794 3400 domus
826 3354 952 3400 sunt
977 3345 1256 3401 libertatis.

530 3434 630 3489 Vos
653 3436 786 3488 enim
810 3435 931 3488 estis
960 3432 1260 3503 paucissimi
1280 3450 1389 3502 pra:
1411 3433 1646 3488 omnibus
1666 3434 1897 3504 gentibus
1917 3435 1985 3490 “.

452 3525 680 3581 Pulchre
736 3526 801 3580 iis
859 3524 953 3594 qui
1011 3540 1041 3578 a
1093 3535 1244 3593 parte
1303 3525 1396 3579 Dei
1440 3535 1599 3588 sunt,
1630 3526 1829 3579 dictum
1855 3536 1982 3580 est:

457 3635 479 3670 ι
511 3616 825 3672 Paucissimi
864 3616 997 3671 estis
1048 3629 1160 3684 pra:
1212 3616 1457 3669 omnibus
1511 3616 1799 3684 gentibus;
1836 3634 1855 3667 ι
1901 3617 1985 3670 cui

453 3705 609 3760 aliine
646 3716 727 3759 est
754 3706 892 3758 istud
921 3704 1011 3757 “z
1064 3722 1083 3755 ι
1116 3703 1273 3758 Pauci
1328 3713 1454 3757 sunt
1494 3705 1582 3771 qui
1630 3703 1931 3768 salvantur;
1963 3725 1982 3756 ι

453 3805 508 3850 et
545 3795 588 3828 "
613 3812 627 3849 :
657 3813 676 3846 ι
709 3792 1026 3849 Coutendite
1057 3794 1256 3847 intrare
1295 3806 1388 3862 per
1417 3804 1693 3862 augustam
1720 3805 1983 3863 portam.»

450 3960 451 3963 η
523 3885 688 3955 388
722 3884 860 3949 Quia
892 3899 992 3935 non
1032 3883 1088 3937 in
1124 3898 1256 3950 pane
1289 3884 1397 3936 solo
1437 3884 1556 3937 vivit
1601 3872 1772 3948 homo,
1807 3885 1896 3937 sed
1929 3886 1992 3937 de

457 3977 595 4027 omni
626 3976 772 4028 verba
797 3976 933 4043 quod
962 3975 1190 4043 procedit
1211 3990 1300 4040 per
1321 3962 1377 4027 os
1406 3973 1497 4026 Dei
1526 3974 1592 4025 ⁵⁸.
1623 3973 1829 4027 Rursus
1857 3975 1993 4029 dici-

458 4074 544 4117 tur
579 4077 770 4114 manna
801 4062 967 4115 fuisse
995 4061 1237 4123 verbum,
1276 4059 1398 4112 licet
1425 4059 1476 4112 in
1510 4059 1692 4113 Exodo
1715 4058 1868 4127 panis
1893 4075 1992 4114 uo-

460 4152 714 4205 minetur.
749 4168 768 4202 ι
803 4151 911 4203 lste
940 4151 1103 4213 enim,
1134 4150 1308 4217 inquit
1329 4149 1398 4212 θ’,
1429 4157 1512 4203 est
1543 4149 1693 4217 panis
1722 4163 1878 4215 quem
1905 4150 1995 4204 de-

2082 3084 2343 3154 πονηρίαν
2364 3083 2474 3136 τῶν
2505 3084 2983 3154 ἐπιτηδευμάτων
3019 3087 3236 3140 αὐτῶν.

2150 3175 2256 3237 Ἐξ
2287 3174 2458 3228 οἴκου
2488 3174 2802 3240 δουλείας.
2857 3177 2978 3229 Καὶ
3014 3178 3133 3248 γὰρ
3166 3176 3384 3247 ἀληθῶς
3411 3175 3474 3229 τὰ
3507 3189 3655 3242 σωμα-

2082 3266 2210 3322 τικὰ
2261 3265 2566 3337 πράγματα
2624 3265 2724 3317 καὶ
2774 3265 2985 3330 ύλικᾶ,
3047 3263 3207 3330 οἶκός
3255 3270 3372 3320 ἐστι
3418 3263 3653 3325 δουλείας,

2084 3355 2272 3426 ὥσπερ
2304 3355 2368 3407 ἐκ
2394 3353 2503 3407 τῶν
2528 3354 2797 3408 ἐναντίων
2833 3356 2996 3419 οῐκός
3029 3359 3188 3410 ἐστιν
3221 3356 3532 3427 ἐλευθερίας.

2167 3440 2362 3509 Ὑμεῖς
2392 3439 2505 3510 γάρ
2540 3440 2685 3494 ἐστε
2730 3443 3064 3512 delt-pacta
3104 3445 3270 3513 παρὰ
3293 3443 3480 3497 πάντα
3504 3442 3563 3494 τὰ
3582 3439 3653 3492 £5-

2086 3548 2184 3597 νη.
2213 3529 2411 3592 Καλῶς
2442 3532 2558 3594 τοῖς
2607 3531 2722 3584 ἀπὸ
2765 3533 2876 3602 τῆς
2926 3535 3164 3604 μερίδος
3215 3534 3456 3605 εἴρηταιθ
3505 3548 3523 3582 ι
3548 3528 3653 3581 Ὀλι-

2085 3618 2266 3686 γοστοί
2296 3621 2420 3671 ἐστε
2451 3618 2609 3688 παρὰ
2637 3619 2829 3673 πάντα
2865 3622 2939 3676 τὰ
2991 3623 3154 3695 ἔθνη.
3179 3642 3200 3676 ι
3235 3621 3568 3690 Συγγενῶςτε
3592 3616 3653 3676 τὸν

2093 3727 2112 3759 ι
2155 3707 2354 3775 Ὀλίγοι
2379 3710 2429 3760 οί
2461 3707 2770 3779 σωζόμενοι
2790 3750 2807 3774 ,
2850 3730 2873 3762 s
2903 3712 3009 3764 καὶ
3026 3716 3116 3777 τὸ,
3145 3731 3166 3765 ι
3217 3708 3549 3781 Ἀγωνίζεσθε
3568 3706 3655 3757 εἱσ-

2090 3796 2263 3849 ελθεῖν
2290 3796 2378 3849 διὰ
2407 3798 2509 3867 τῆς
2555 3799 2757 3868 στενῆς
2788 3799 3004 3872 πύλης.
3026 3820 3047 3854 ι

2162 3888 2290 3940 Ὀτι
2317 3888 2427 3941 οὐκ
2447 3887 2541 3940 ἐπ’
2562 3886 2725 3954 ἄρτῳ
2734 3891 2917 3958 μόνῳ
2948 3890 3201 3958 ζήσεται
3222 3890 3535 3959 ἄνθρωπος’
3548 3882 3654 3940 ἀλλ’

2092 3975 2192 4028 ἐπὶ
2229 3975 2405 4028 παντὶ
2430 3973 2656 4042 ῥήματι
2675 4015 2691 4039 ,
2729 3978 2837 4030 καὶ
2868 3983 2942 4031 τὰ
2967 3979 3127 4047 ἑξῆς.
3162 3979 3332 4032 Πάλιν
3358 3995 3414 4030 τε
3442 3972 3503 4028 αὖ
3525 3967 3655 4026 ὅτιτὸ

2096 4067 2271 4136 μάννα
2300 4065 2457 4132 λόγος
2484 4062 2575 4135 ἦν»
2616 4065 2666 4117 εἰ
2701 4068 2802 4118 καὶ
2852 4069 3027 4139 ἄρτος
3052 4069 3315 4141 δηλοῦται
3347 4070 3403 4119 ἐν
3437 4068 3494 4134 τῇ
3545 4061 3656 4125 Ἐξό-

2092 4154 2186 4223 δῳ.
2225 4171 2245 4206 σ
2280 4144 2450 4215 Οὗτος
2477 4153 2609 4224 γὰρ,
2644 4156 2859 4223 φησὶν,
2904 4160 2935 4210 6
2970 4159 3146 4229 ἄρτος
3195 4158 3256 4211 ὃν
3301 4157 3461 4211 ἔδωκε
3496 4151 3655 4221 Κύριος

461 4240 540 4294 dit
565 4240 821 4293 Dominus
850 4239 1003 4293 vobis
1038 4239 1104 4292 ad
1142 4239 1426 4293 edendum.
1473 4238 1584 4293 Hoc
1636 4248 1722 4293 est
1774 4240 1994 4293 verbum

2098 4245 2225 4314 ὑμῖν
2253 4247 2469 4313 φαγεῖν.
2508 4245 2685 4298 Τοῦτο
2722 4248 2790 4300 τὸ
2838 4252 3004 4321 ῥῆμα
3057 4251 3089 4304 δ
3140 4249 3397 4315 συνέταξε
3430 4245 3651 4314 Κύριος.»

462 4328 605 4395 quod
631 4327 904 4380 constituit
932 4327 1206 4381 Dominus.
1239 4345 1258 4378 ι
1294 4327 1583 4397 Propterea
1610 4342 1800 4382 manna
1835 4346 1855 4379 ι
1890 4329 1992 4381 mi-

2098 4332 2196 4384 Διὰ
2214 4332 2371 4385 τοῦτο
2397 4332 2455 4384 δέ
2475 4332 2538 4384 τὸ
2578 4335 2763 4403 μάννα
2810 4354 2831 4387 s
2856 4318 3064 4391 λεπτὸν
3097 4334 3171 4409 ἦν
3210 4339 3342 4391 ὡσεὶ
3373 4335 3535 4405 κόριον
3564 4329 3655 4380 λευο

465 4424 649 4471 nutum
688 4423 805 4469 erat
841 4424 1094 4484 tauquam
1126 4417 1465 4470 coriandrum
1500 4417 1710 4485 album,
1746 4427 1996 4487 tanquam

463 4504 585 4574 gelu
613 4518 774 4572 super
800 4512 993 4555 terram
1019 4504 1064 4534 "°
1090 4522 1104 4557 :
1133 4522 1152 4556 ι
1183 4507 1610 4576 quandoquidem
1648 4508 1867 4564 verbum
1896 4525 1999 4566 cu-

460 4594 552 4664 jus
580 4591 876 4662 symbolum
921 4601 1039 4645 erat
1071 4608 1264 4648 manna
1296 4596 1456 4661 istud,
1495 4598 1756 4652 minutum
1784 4607 1870 4653 est
1901 4615 1998 4658 sua

468 4691 677 4748 natura,
694 4690 746 4736 et
769 4689 1053 4750 penetrans
1076 4682 1141 4735 ad
1163 4697 1348 4739 omnes
1372 4688 1590 4756 spiritus
1620 4688 1995 4760 intelligentes,

469 4775 717 4838 mundos,
751 4774 1007 4827 minutos.
1032 4771 1127 4826 Est
1155 4774 1313 4828 etiam
1342 4779 1606 4846 sapientia
1649 4779 1871 4847 spiritus
1915 4783 2002 4836 in-

468 4863 735 4934 telligens,
767 4870 1019 4924 sanctus,
1056 4862 1391 4932 unigenitus,
1433 4866 1794 4932 multifarius,
1830 4871 2007 4925 minu-

474 4964 580 5017 tus,
610 4960 716 5006 etc.
743 4951 872 5004 Erat
897 4960 1073 5004 autem
1096 4952 1233 5006 sicut
1263 4955 1599 5008 coriandrum
1636 4956 1838 5010 album.
1869 4956 2005 5013 Tra-

472 5039 605 5095 dunt
632 5036 902 5093 coriandri
935 5046 1175 5091 naturam
1203 5041 1413 5108 penitus
1445 5040 1633 5094 semini
1658 5043 2002 5107 respondere,

472 5126 545 5183 ita
574 5136 633 5180 ut
663 5126 706 5181 si
741 5125 1044 5179 succidatur
1090 5127 1251 5181 etiam
1298 5127 1563 5181 coriandri
1615 5142 1793 5181 semen
1817 5167 1834 5192 ,
1893 5131 2000 5185 vim

475 5230 623 5269 suam
658 5229 764 5269 non
803 5215 1028 5278 amittat,
1063 5223 1315 5285 tauquam
1360 5217 1582 5270 sementi
1635 5216 1859 5284 amplius
1894 5235 1999 5274 nou

477 5304 740 5356 idoneam.
788 5300 1099 5371 Huiusmodi
1142 5306 1357 5360 omnino
1398 5306 1614 5358 verbum
1665 5314 1788 5369 est,
1849 5307 2001 5375 cujus

551 5496 596 5527 "
622 5497 992 5573 ﬂfbr._n_,39.
1029 5571 1043 5573 _
1066 5504 1107 5573 ξι
1141 5505 1291 5559 Deut.
1325 5520 1398 5567 tv,
1431 5504 1514 5557 12.
1588 5502 1639 5573 ’ξ
1665 5502 1922 5573 ibigl._2l.

2098 5512 2211 5566 bid.
2234 5516 2331 5573 26.
2413 5524 2467 5557 ιι

486 5563 709 5625 xttt,23.
781 5567 824 5598 "
853 5569 980 5624 ibid.
1020 5571 1110 5624 24.

2098 4422 2215 4485 κὸν,
2249 4422 2381 4473 ὡσεὶ
2410 4422 2585 4489 πάγος
2613 4424 2712 4476 ἐπὶ
2763 4427 2872 4496 τῆς
2915 4428 3048 4497 γῆς·
3079 4447 3102 4482 s
3137 4427 3435 4496 ἐπειδήπερ
3473 4424 3500 4474 6
3535 4418 3656 4481 λόῖος

2101 4505 2163 4563 οὗ
2197 4508 2464 4579 σύμϐολον
2504 4505 2574 4580 ἧν
2622 4511 2687 4564 τὸ
2730 4515 2919 4583 μάννα
2972 4519 3157 4570 ἐκεῖνο
3182 4555 3199 4580 ,
3251 4513 3442 4569 λεπτόν
3482 4512 3580 4563 ἐστι
3604 4504 3654 4570 τῇ

2105 4596 2265 4649 αὐτοῦ
2303 4596 2500 4666 φύσει,
2555 4599 2653 4651 καὶ
2696 4600 2898 4670 διῆκον
2946 4604 3039 4658 διὰ
3095 4606 3322 4659 πάντων
3381 4596 3655 4665 πνευμάτων

2103 4685 2336 4756 νοερῶν,
2370 4686 2652 4758 καθαρῶν,
2686 4689 3074 4754 λεπτοτάτων.
3110 4697 3271 4748 Ἐστι
3289 4694 3345 4746 δὲ
3372 4691 3456 4746 καὶ
3479 4689 3508 4758 ἠ
3533 4681 3655 4750 σοφία

2104 4774 2322 4843 πνεῦμα
2352 4776 2562 4847 νοερὸν,
2580 4778 2761 4847 ἅγιον,
2794 4784 3116 4852 μονογενὲς,
3138 4782 3460 4854 πολυμερὲς,
3484 4772 3655 4829 λεπτὸν,

2105 4865 2200 4916 καί
2226 4863 2297 4916 τὰ
2322 4864 2472 4934 έξῆςο
2504 4863 2619 4921 Ἦν
2658 4869 2717 4922 δέ
2769 4874 2871 4927 καὶ
2919 4875 3058 4927 ὡσεὶ
3103 4875 3291 4945 κόριον
3316 4870 3445 4942 πρὸς
3471 4867 3526 4919 τὸ
3548 4859 3655 4917 εἶναι

2104 4949 2316 5002 λευκόν.
2354 4953 2495 5006 Φασὶ
2540 4955 2600 5009 δέ
2628 4959 2733 5028 τὴν
2763 4962 2863 5015 τοῦ
2892 4963 3086 5035 κορίου
3130 4962 3293 5033 φύσιν
3327 4961 3448 5028 ὃλην
3471 4955 3530 5008 δι’
3549 4951 3654 5004 ὅλων

2105 5041 2263 5110 λόγον
2279 5042 2426 5113 ἔχειν
2454 5047 2806 5122 σπέρματος,
2825 5055 2905 5119 ὡς
2927 5056 3062 5127 μηδὲ
3091 5057 3154 5110 ἐν
3166 5055 3250 5125 τῷ
3271 5042 3655 5107 κατακόπτεσθαι

2108 5133 2169 5186 τὸ
2192 5134 2285 5187 τοῦ
2311 5137 2504 5207 κορίου
2537 5144 2794 5216 σπέρμα,
2827 5147 3249 5218 ἐξαφανίζεσθαι
3274 5142 3434 5201 αὐτοῦ
3469 5141 3555 5202 τὴν
3584 5132 3655 5184 δῦ·

2107 5239 2289 5292 ναμιν,
2316 5224 2393 5288 ὡς
2419 5228 2524 5283 οὐκ
2545 5232 2633 5286 ἔτι
2651 5234 2968 5307 δυναμένην
2997 5236 3337 5309 σπείρεσθαι.
3365 5233 3408 5284 Τ
3408 5227 3587 5285 οιοῦτος
3608 5219 3653 5272 δι

2106 5313 2172 5366 δι’
2206 5315 2329 5369 ὅλου
2352 5320 2383 5372 6
2410 5320 2616 5395 λόγος’
2647 5332 2746 5388 καὶ
2770 5335 2879 5389 πᾶν
2918 5333 3099 5405 μόριον
3133 5332 3301 5385 αὐτοῦ
3342 5318 3653 5397 γεωργεῖσθαι

2503 5529 2679 5592 Deut.
2708 5552 2788 5603 νι,
2822 5538 2906 5594 15.
2977 5533 3018 5566 ⁸⁸
3056 5529 3214 5588 Deut.
3246 5534 3342 5595 vn,
3360 5528 3411 5580 7.
3484 5523 3524 5556 ⁸⁵
3546 5519 3649 5573 Luc.

1209 5574 1254 5604 "
1284 5574 1431 5626 Deut.
1468 5587 1582 5636 vui,
1608 5571 1663 5625 ⁸5.
1738 5571 1781 5604 ⁸⁸
1804 5571 1974 5633 Exod.
2007 5591 2117 5639 XVI.
2147 5583 2239 5643 15.
2267 5571 2357 5640 ιθ.
