3822 6238
51 69 222 131 -—/

169 363 209 412 ιγ
226 288 315 393 ᾦ
1521 323 1824 382 SELECTA
1852 323 1923 379 IN
1949 319 2341 379 nummos.
3421 327 3524 382 sto

200 414 581 518 ﬁgurate»
815 430 931 486 καὶ
974 434 1189 510 ἀγαθῇ,
1227 441 1474 494 τουτέστι
1503 442 1697 512 ψυχῆς.
1731 443 1885 496 Ἐστι

1986 442 2161 497 omnis
2193 436 2452 512 particula
2482 441 2548 495 ad
2583 452 2736 498 terra!
2758 427 2971 501 cultum
3005 453 3193 501 natura
3228 455 3348 515 apta
3389 458 3473 503 est
3501 488 3517 516 ,

225 505 274 601 ξςὶ
296 505 385 575 »εδ
406 509 620 604 -μάτννα
644 516 896 580 λευκόν.
927 528 1062 592 Φῶς
1090 505 1200 601 γάρ
1239 533 1268 585 6
1293 532 1449 600 λόγος
1478 505 1841 604 καὶΙλαμπρὸν
1863 573 1878 599 ,

1988 536 2030 589 si
2074 533 2353 586 mandetur
2396 531 2686 585 commoda
2732 541 2786 586 et
2831 535 2982 588 bona:
3034 543 3227 600 terrae,
3268 537 3367 591 hoc
3418 549 3521 603 est,

253 626 344 681 καὶ
380 603 536 657 ’κατὰ
560 605 739 662 τοῦτο
762 611 982 670 λευκὸν
998 658 1015 683 ,
1042 619 1124 689 τῷ
1145 621 1306 674 αὐτὸν
1329 621 1557 675 συνιέντι
1579 622 1672 674 καὶ
1695 603 1883 693 τρεφο-

1987 622 2199 677 atiimte.
2236 621 2327 675 Est
2353 618 2516 674 etiam
2552 635 2745 674 manna
2772 623 2967 675 album.
2995 624 3195 677 Lumen
3225 626 3366 679 enim
3401 640 3524 679 ver-

283 713 422 782 μνῳ
459 696 554 751 ὐπ’
600 700 807 758 αὐτοῦ.
864 708 1036 762 Ἐστι
1086 710 1144 762 δὲ
1181 711 1274 764 καὶ
1330 712 1462 764 ὡσεὶ
1503 711 1707 775 πάγος·
1762 730 1884 768 συν-

1986 712 2109 766 bum
2123 721 2226 772 est,
2241 710 2398 778 idque
2417 707 2772 777 splendidum,
2790 724 2851 763 ac
2865 710 3087 777 proinde
3111 726 3321 778 quoque
3345 712 3520 766 album

305 788 670 861 επραμμένος
719 793 838 865 γὰρ
858 835 875 859 ,
927 799 1027 851 καὶ
1071 799 1304 869 οὐδαμοῦ
1346 801 1576 864 πλαδῶν,
1599 802 1716 854 οὐδὲ
1742 802 1882 873 διερ-

1986 802 2033 855 ei
2066 800 2153 869 qui
2183 800 2354 869 ipsum
2391 798 2660 866 intelligit,
2688 800 2754 852 ab
2781 813 2950 866 eoque
2975 800 3226 852 nutritur.
3247 801 3338 853 Est
3361 802 3520 854 etiam

308 881 539 957 ρυηκὼς,
562 883 705 939 ἀλλὰ
729 886 962 955 πάγιος,
983 888 1020 942 ἃ
1048 889 1114 959 δὴ
1136 890 1362 960 οὐρανοῦ
1392 890 1566 959 λόγος,
1593 893 1685 945 καὶ
1703 893 1881 960 ἀπαγ-

1989 899 2237 957 tanquam
2280 887 2419 957 gelu.
2460 887 2779 942 Contortum
2827 888 2969 941 enim
3000 896 3082 941 est
3111 898 3165 940 et
3208 890 3520 949 neutiquam

307 975 513 1045 γέλλων
540 976 674 1049 ἡμῖν
702 977 775 1031 τὰ
807 979 1063 1049 οὐράνια.

1986 975 2260 1031 ﬂaccidum
2301 991 2472 1045 neque
2516 975 2740 1039 ﬂuxum,
2790 980 2882 1030 sed
2934 987 3261 1030 concretum.
3293 977 3524 1033 Cmieste

1986 1069 2181 1137 quippe
2218 1069 2436 1122 verbum
2465 1074 2661 1132 est,.ac
2696 1066 2849 1120 nobis
2875 1067 3112 1121 coelestia
3144 1070 3449 1123 annuntiat.

380 1158 450 1212 ὀ
475 1158 586 1226 γὰρ
614 1159 835 1226 Κύριος
866 1161 900 1213 ό
923 1162 1070 1225 Θεός
1104 1175 1219 1213 σου
1240 1161 1523 1229 εἰσαγάγῃ
1554 1176 1626 1215 σε
1657 1164 1742 1226 εὶς
1769 1160 1881 1230 γῆν

2058 1158 2307 1211 Dominus
2353 1160 2488 1211 enim
2542 1157 2679 1211 Deus
2730 1167 2849 1212 tuus
2897 1158 3108 1211 inducet
3152 1167 3200 1210 te
3228 1160 3281 1211 in
3327 1168 3523 1212 terram

287 1246 540 1314 ἀγαθὴν
580 1246 684 1298 καὶ
730 1247 1000 1311 πολλήν.
1053 1249 1211 1317 Ἡμῖν
1263 1250 1291 1301 6
1332 1249 1562 1318 Χριστὸς
1609 1250 1668 1300 οὐ
1709 1249 1880 1303 ταῦτα

1986 1247 2170 1300 bonam
2217 1255 2267 1299 et
2326 1246 2541 1299 multum
2568 1248 2635 1300 '“.
2668 1247 2833 1302 Nobis
2884 1249 3129 1303 Christus
3168 1263 3272 1302 non
3307 1263 3368 1302 se
3408 1251 3523 1304 haec

286 1338 493 1390 δώσειν
527 1337 826 1405 ὑπέσχετο,
855 1336 993 1389 ἀλλὰ
1029 1337 1269 1407 οὐρανῶν
1311 1338 1581 1406 βασιλείαν
1603 1377 1618 1401 ,
1664 1341 1752 1392 καὶ
1778 1341 1880 1409 γῆν

1986 1336 2232 1387 daturum
2272 1336 2537 1403 promisit,
2567 1337 2660 1389 sed
2694 1336 2945 1390 caelorum
2977 1352 3219 1405 regnum,
3245 1346 3298 1392 et
3324 1347 3517 1391 terram

281 1425 517 1494 ἀγαθὴν
551 1427 651 1477 καὶ
680 1425 875 1488 ἀΐδιον,
900 1421 970 1494 ἦς
994 1424 1288 1494 χείμαρρος
1313 1426 1341 1476 ὁ
1369 1427 1616 1497 Χριστὸς,
1649 1429 1879 1491 ποτίζων

1986 1425 2178 1504 bonam
2202 1432 2257 1478 et
2279 1434 2556 1490 aeternam,
2584 1427 2738 1494 cujus
2767 1435 2977 1481 torrens
3004 1427 3253 1482 Christus
3278 1428 3393 1496 ipse
3417 1437 3520 1496 est,

282 1517 408 1576 τοῖς
440 1515 548 1584 τῆς
576 1513 777 1582 σοφίας
815 1514 1071 1583 νάμασιν.
1114 1514 1525 1584 Ἐκπορεύονται
1571 1516 1626 1568 δὲ
1667 1517 1716 1569 οί
1772 1518 1880 1586 χεί-

1986 1521 2174 1577 potans
2225 1514 2500 1582 sapientiae
2538 1529 2646 1569 suze
2682 1515 2918 1570 fluentis.
2960 1515 3222 1571 Caeterum
3255 1527 3518 1573 torrentes

280 1606 504 1674 μαρῤοι
537 1604 635 1656 διὰ
668 1603 782 1656 τῶν
826 1604 1022 1656 πεδίων
1049 1605 1142 1656 καὶ
1186 1604 1452 1657 ταπεινῶν
1498 1607 1587 1658 καὶ
1644 1606 1878 1675 γονίμων

1986 1613 2079 1665 per
2106 1602 2399 1670 explicatos
2428 1606 2703 1659 hominum
2741 1606 3135 1661 submissorum
3160 1607 3520 1676 fertiliumque

275 1692 391 1744 ἀνθ
403 1690 641 1762 ρώπων,
671 1694 769 1745 καὶ
793 1692 882 1744 διὰ
905 1692 1012 1745 τῶν
1048 1692 1265 1761 ὑψηλῶν
1296 1694 1482 1763 ὀρέων,
1524 1693 1630 1747 τῶν
1678 1697 1880 1748 ἀνατει-

1986 1702 2202 1759 campos
2236 1699 2675 1760 erumpunt,’nec
2709 1710 2813 1748 non
2843 1710 2938 1763 per
2960 1704 3168 1750 montes
3192 1698 3519 1753 sublimitate

272 1782 543 1852 νομένων
571 1782 669 1835 διὰ
696 1782 760 1834 τὸ
782 1780 915 1850 ὕψος
941 1782 1039 1851 τῆς
1068 1782 1296 1852 θεωρίας
1315 1784 1393 1845 εἰς
1420 1782 1694 1853 οὐρανούς.
1735 1785 1880 1838 Ἐκεῖ

1986 1781 2444 1850 contemplationis
2484 1784 2550 1851 ad
2601 1784 2767 1839 caelos
2832 1800 2998 1853 usque
3047 1786 3236 1841 elatos.
3277 1788 3389 1842 Illic
3437 1802 3521 1843 est

274 1872 309 1922 6
330 1871 491 1932 σίτος
510 1873 542 1924 6
566 1869 849 1939 στηρίζων
883 1870 1108 1940 καρδίαν
1131 1870 1435 1941 ἀνθρώπου,
1458 1872 1550 1925 καὶ
1574 1872 1732 1943 κριθὴ
1755 1875 1876 1937 τούς

1986 1869 2308 1926 frumentum
2354 1874 2492 1941 quod
2549 1874 2819 1928 inferioris
2849 1877 3014 1930 sortis
3048 1878 3291 1931 homines
3327 1881 3515 1932 nutrit.

271 1960 736 2031 ὑποδεεστέρους
763 1961 1054 2031 τρέφουσα.
1102 1962 1243 2013 Ἐκεῖ
1274 1962 1306 2029 ἡ
1343 1962 1562 2032 ἀληθινὴ
1586 1963 1822 2032 ἄμπελος
1848 1965 1875 2014 6

1986 1958 2090 2014 |Ilic
2140 1976 2260 2015 vera
2307 1964 2428 2016 vitis
2471 1972 2552 2017 est
2589 1962 2850 2020 Christus.
2884 1967 2999 2021 Illic
3037 1977 3118 2021 est
3162 1969 3360 2032 oleum,
3393 1985 3518 2023 san-

269 2052 557 2122 Χριστός.
601 2052 754 2105 Ἐκεῖ
779 2051 840 2103 τὸ
867 2051 1045 2104 ἔλαιον
1068 2052 1128 2104 τὸ
1165 2051 1404 2104 λιπαῖνον
1438 2053 1543 2106 τῶν
1574 2054 1734 2106 ὁσίων
1780 2055 1875 2117 τὰς

1986 2061 2185 2104 ctornm
2219 2053 2554 2123 impinguans
2588 2055 2784 2121 capita.
2814 2055 2893 2109 Ita
2926 2071 3139 2124 quoque
3165 2057 3363 2113 ﬂuenta
3392 2070 3517 2114 sunt

268 2143 567 2212 κεφαλάς.
618 2142 855 2212 Ὁμοίως
907 2143 1004 2195 καὶ
1049 2143 1196 2212 ῥοαὶ,
1230 2142 1290 2193 τὸ
1318 2142 1485 2209 γλυκύ
1527 2145 1622 2212 μὲν
1670 2144 1874 2198 ἔνδοθεν

1986 2139 2314 2218 dulcedinem
2350 2141 2489 2193 intra
2539 2156 2600 2196 se
2646 2142 2898 2207 ferentia,
2923 2145 3121 2212 politiae
3150 2162 3278 2202 vero
3306 2150 3519 2202 acerbis

272 2234 591 2305 φέρουσαι,
622 2233 731 2301 τῆς
771 2231 1045 2294 πολιτείας
1082 2230 1138 2283 δὲ
1162 2232 1224 2283 τὸ
1251 2231 1516 2301 αὐστηρὸν
1550 2232 1745 2297 ἔξωθεν
1791 2235 1876 2287 ὲν-

1986 2236 2145 2281 tatem
2198 2226 2500 2283 forinsecus
2548 2230 3004 2285 circumlabentia.
3059 2233 3168 2287 lllic
3218 2234 3349 2290 ficus
3393 2253 3516 2305 quae

268 2324 625 2393 δυσ-ἀμεναι.
677 2322 828 2375 Ἐκεῖ
853 2323 885 2390 ἡ
915 2321 1073 2390 συκῆ,
1098 2321 1194 2390 οὐχ
1220 2322 1252 2389 ὴ
1276 2320 1520 2392 ἄκαρπος
1549 2323 1638 2374 καὶ
1661 2322 1874 2389 φύλλοις

1986 2331 2170 2386 ηιοεηι
2200 2318 2443 2372 ubertate
2487 2320 2711 2387 spiritus
2743 2320 3054 2381 suavitatem
3089 2323 3277 2391 gignit,
3318 2340 3420 2377 non
3452 2342 3514 2380 ea

272 2414 551 2484 κομῶσα,
585 2412 708 2465 ἀλλ’
739 2415 774 2481 ἡ
806 2410 1104 2464 πλουτοῦσα
1135 2410 1228 2463 τοῦ
1260 2410 1558 2480 πνεύματος
1609 2411 1702 2481 τὴν
1748 2413 1873 2480 γλυ-

1986 2421 2108 2460 vero
2136 2422 2253 2473 qua:
2277 2408 2478 2462 sterilis
2508 2418 2611 2474 est,
2662 2424 2725 2462 ac
2753 2409 2897 2463 foliis
2932 2410 3105 2463 solum
3130 2421 3374 2466 ornatur.
3404 2414 3516 2467 Illic

271 2505 530 2575 κύτητα.
577 2503 732 2554 Ἐκεῖ
761 2504 789 2553 6
820 2501 1135 2570 γλυκασμρς
1158 2499 1252 2553 τοῦ
1286 2500 1560 2575 φάρυγγος
1586 2500 1678 2552 τοῦ
1700 2501 1871 2571 Σωτῆ-

1986 2496 2199 2551 dulcedo
2235 2496 2468 2551 faucium
2513 2498 2810 2553 Salvatoris
2839 2502 3163 2567 desiderata,
3202 2512 3255 2556 et
3283 2503 3421 2557 labia
3454 2506 3516 2557 il-

276 2611 380 2664 ρος
420 2574 457 2646 6
486 2590 870 2660 ἐπιθυμητὸς,
914 2591 1006 2642 καὶ
1038 2588 1106 2641 τὰ
1134 2589 1282 2660 χείλη
1322 2574 1427 2658 τῆς
1462 2592 1519 2641 ὲν
1554 2589 1630 2659 τῷ
1673 2590 1873 2660 ᾅσματι

1986 2584 2079 2638 lius
2103 2586 2168 2639 de
2193 2601 2294 2654 qua
2336 2588 2387 2639 in
2435 2589 2680 2649 cantico,
2707 2604 2914 2656 sponsae
2940 2593 3042 2645 mel
3081 2592 3361 2646 stillantia.
3402 2593 3513 2648 Illic

272 2684 517 2753 νύμφης
550 2681 752 2751 κηρίον
780 2679 1152 2742 ἀποστάζοντα
1171 2719 1185 2743 ,
1217 2680 1307 2733 καὶ
1328 2680 1378 2731 οί
1406 2678 1540 2732 λίθοι
1566 2680 1614 2732 οἱ
1636 2679 1798 2747 ἇγιοι,
1821 2681 1871 2734 oi

1986 2675 2182 2737 lapides
2203 2676 2397 2742 sancti,
2419 2690 2579 2745 super
2604 2684 2747 2730 terra
2775 2680 2997 2734 volutati
3022 2692 3077 2734 et
3099 2683 3164 2735 ad
3193 2682 3516 2737 tentationes

276 2774 379 2825 ἐπὶ
407 2774 519 2841 τῆς
541 2772 655 2840 γῆς
690 2769 1035 2830 κυλισθέντες
1062 2769 1195 2838 πρὸς
1222 2772 1553 2839 πειρασμούς
1587 2769 1870 2835 ἁνένδοτοι,

1986 2763 2213 2832 infracti,
2248 2778 2303 2821 et
2351 2766 2481 2821 ferri
2526 2777 2770 2822 naturam
2826 2771 3117 2825 imitantes.
3160 2772 3271 2826 Illic
3299 2775 3511 2827 metalla

278 2863 382 2913 καὶ
409 2860 587 2929 φύσιν
616 2859 844 2929 σιδήρου
869 2855 1319 2926 ἀπομιμούμενοι.
1358 2857 1500 2908 Ἑκεί
1538 2856 1608 2910 τὰ
1642 2857 1873 2926 μέταλλα

1986 2855 2121 2918 eris,
2151 2869 2220 2909 ex
2251 2871 2357 2924 quo
2381 2868 2712 2911 armaturam
2748 2860 3082 2928 spiritualem
3120 2865 3380 2917 certaturi
3430 2865 3516 2918 in-

276 2951 378 3003 τοῦ
452 2949 671 3019 χαλκοῦ
690 2989 707 3013 ,
759 2947 819 3012 ἐξ
866 2943 928 3000 οὐ
963 2946 1060 3016 τὴν
1105 2946 1298 3016 νοητὴν
1359 2947 1649 3000 πανοπλίαν
1709 2960 1870 3002 κατε-

1986 2953 2305 3001 struxerunt.
2357 2945 2556 3000 Horum
2603 2956 2762 3014 caput
2807 2958 2923 3012 est.
2954 2950 3120 3006 Deum
3152 2953 3516 3009 indesinenter

279 3042 593 3095 σκεύασαν.
631 3039 745 3093 Καὶ
766 3039 829 3091 τὸ
853 3037 1054 3092 τούτων
1088 3037 1375 3106 κεφάλαιον
1402 3037 1689 3100 ἀπαύστως
1724 3038 1872 3090 εὐλο-
1902 3105 1907 3111 Α

1986 3032 2225 3088 laudibus
2254 3035 2547 3111 celebrare.
3460 3040 3467 3049 ’

277 3133 403 3199 γεῖν
438 3132 541 3184 τὸν
569 3130 732 3183 Θεόν.
1166 3100 1177 3106 ⁷
1895 3100 1938 3156 C
2318 3106 2323 3111 ’
2964 3173 2969 3178 .

350 3210 488 3272 ’Τοῦ
525 3216 744 3271 αὐτοῦ.
781 3216 895 3268 Οὐκ
917 3214 1031 3267 ἔστι
1055 3253 1070 3277 ,
1110 3213 1279 3284 φησὶ,
1318 3212 1471 3284 πηλῷ
1504 3214 1597 3266 καὶ
1629 3213 1869 3285 πλινθείᾳ

2042 3208 2313 3275 Ejusdem.
2341 3208 2455 3263 Non
2482 3218 2587 3274 est,
2613 3211 2786 3279 inquit
2812 3250 2851 3285 ,‘
2876 3212 2983 3266 illic
3017 3214 3069 3265 in
3116 3215 3228 3267 luto
3254 3223 3307 3267 et
3333 3216 3514 3271 lateri-

284 3309 561 3381 μοχθεῖν,
606 3307 708 3360 καὶ
750 3305 1114 3374 ταλαιπωρεῖν
1137 3343 1153 3368 ,
1191 3303 1326 3356 ἀλλὰ
1362 3304 1538 3368 λίθους
1590 3303 1730 3373 ἔχειν
1777 3306 1869 3359 καὶ

1986 3296 2072 3349 bus
2107 3296 2280 3360 labor,
2314 3312 2487 3366 neque
2517 3300 2751 3364 miseria,
2786 3303 2879 3353 sed
2916 3301 3117 3368 lapides
3147 3302 3353 3357 aﬂ‘atim
3386 3315 3514 3359 sunt

280 3402 520 3462 τούτους
568 3396 949 3467 ἰταμωτάτους
969 3433 984 3456 ,
1016 3397 1112 3449 καὶ
1138 3394 1211 3466 μὴ
1247 3395 1440 3465 ῥαδίως
1472 3395 1865 3465 διαλυομένους,

1986 3385 2067 3452 qui
2099 3397 2290 3453 sponte
2332 3399 2392 3439 se
2421 3386 2675 3451 offerunt,
2707 3402 2880 3456 neque
2922 3387 3080 3443 facile
3111 3391 3510 3458 dissolvuntur,

278 3495 360 3557 ὡς
385 3494 492 3547 καὶ
517 3490 862 3558 οἰκοδομίαις
892 3488 1142 3558 ἐξαρκεῖν
1170 3489 1262 3541 καὶ
1290 3488 1382 3541 ἐπὶ
1415 3487 1547 3540 πολὺ
1578 3488 1864 3557 διαμένειν.

1986 3474 2046 3525 ita
2084 3484 2140 3526 ut
2181 3481 2237 3527 et
2280 3474 2519 3529 mdiﬁciis
2547 3474 2831 3539 sufficiant,
2868 3489 2920 3529 et
2950 3478 3016 3530 ad
3051 3478 3271 3532 multum
3307 3489 3514 3550 tempus

280 3583 483 3636 Ταῦτα
516 3582 575 3633 δὲ
610 3579 774 3647 λέγει.
821 3578 918 3648 τὴν
969 3578 1201 3631 διάνοιαν
1237 3576 1412 3629 αὐτῶν
1450 3578 1742 3647 ἀποστῆναι
1770 3576 1869 3646 τῆς

1986 3564 2283 3630 perdurent.
2320 3563 2444 3618 Haec
2466 3573 2644 3618 autem
2671 3565 2822 3628 dicit,
2866 3574 2927 3618 ut
2961 3580 3148 3620 eorum
3180 3577 3412 3623 mentem
3444 3572 3509 3623 ab

276 3673 579 3741 Δίγύπτου
613 3668 959 3738 βουλόμενος.
984 3666 1081 3719 Διὰ
1104 3666 1210 3737 γὰρ
1233 3665 1325 3718 τοῦ
1350 3667 1540 3728 εἰπεῖν,
1566 3685 1583 3716 ι
1605 3666 1863 3735 ἀγαθὴν,›

1986 3653 2200 3722 Egypto
2229 3662 2454 3708 avertat.
2484 3655 2617 3709 Cum
2652 3657 2794 3710 enim
2837 3658 2932 3721 ait,
2965 3675 2984 3709 ι
3019 3659 3293 3724 ὺοιιεηι,ἰ
3320 3660 3512 3715 fertili-

276 3765 341 3816 τὸ
368 3764 611 3832 γόνιμον
643 3759 833 3822 ἔδειξε
866 3758 952 3811 διὰ
979 3758 1034 3809 δὲ
1062 3757 1175 3820 τοῦ,
1209 3774 1228 3807 t
1251 3756 1464 3823 πολλὴν,
1495 3776 1513 3807 ι
1547 3757 1608 3808 τὸ
1647 3755 1868 3824 μέγεθος

1986 3755 2134 3798 {atem
2166 3745 2331 3815 389
2375 3748 2626 3801 ostendit.
2674 3748 2807 3802 Cum
2853 3763 2982 3803 vero
3025 3750 3121 3814 ait,
3149 3768 3168 3801 Ι
3194 3752 3413 3805 multam
3434 3791 3452 3819 ,
3482 3771 3505 3806 ι

280 3858 379 3909 καὶ
408 3855 477 3906 τὸ
504 3853 738 3912 πλάτος.
774 3867 793 3899 ‹
827 3840 901 3900 Οὐ
928 3846 1215 3917 χείμαρροι
1240 3845 1445 3899 ὑδάτων
1482 3843 1653 3914 (τοῦτο
1676 3846 1780 3896 οὐκ
1810 3847 1866 3897 ὲν

1986 3834 2392 3898 nagnitudinem
2423 3846 2478 3890 et
2516 3837 2850 3890 latitudinem
2900 3838 3181 3893 indicavit.
3216 3857 3236 3891 ι
3270 3840 3369 3896 Ubi
3402 3852 3511 3897 tor-

276 3942 606 4014 Αἰγύπτῳ),
639 3939 739 3993 καὶ
764 3938 938 4006 πηγαὶ
967 3935 1235 3989 ἀϐύσσων·
1269 3954 1287 3987 ι
1323 3935 1460 4003 ὅπερ
1485 3934 1754 4003 ἐξαίρετον
1800 3937 1863 4004 τῇ

1986 3933 2154 3978 rentes
2200 3939 2458 3993 aquarum
2513 3926 2635 3994 (hoc
2681 3928 2873 3981 nonin
2923 3928 3177 4000 Egypto)
3232 3942 3286 3986 et
3332 3933 3511 3988 fontes

277 4040 353 4106 γῇ
403 4037 512 4105 τῆς
557 4027 915 4097 ἐπαγγελίας.
967 4024 1277 4097 Προσέθηκε
1344 4024 1401 4075 δὲ
1444 4024 1533 4075 καὶ
1594 4041 1611 4073 ι
1639 4022 1725 4075 διὰ
1761 4024 1867 4076 τῶν

1986 4014 2324 4083 ibyssorum,
2358 4035 2378 4067 ι
2428 4018 2569 4085 quod
2619 4026 2778 4072 terra:
2821 4021 3188 4086 promissionis
3236 4024 3511 4090 peculiare

274 4104 484 4197 ὁρέων·
514 4145 537 4176 ι
575 4123 719 4192 ὅπερ
756 4121 824 4189 τῇ
858 4116 1114 4185 Αἰγύπτῳ
1141 4117 1202 4168 οὐ
1234 4113 1539 4184 πρόσεστιν,
1584 4112 1696 4165 ἀλλ’
1747 4111 1866 4164 οὐδὲ

1986 4113 2073 4156 ast.
2121 4104 2344 4175 Addidit
2373 4107 2555 4173 etiam,
2595 4127 2613 4159 c
2650 4124 2743 4173 per
2792 4121 3019 4176 montes,
3050 4129 3069 4165 r
3120 4112 3314 4180 quibus
3363 4125 3511 4168 caret

276 4188 563 4286 ἀ-μπέλοις
589 4188 765 4280 κομᾷ,
798 4206 920 4260 οὐδὲ
949 4205 1206 4274 ἀφθονίαν
1237 4203 1347 4273 ἔχει
1373 4201 1570 4255 ἐλαίου·
1605 4202 1638 4271 ἡ
1674 4202 1732 4254 δὲ
1772 4200 1868 4270 τῆς

1986 4188 2256 4259 Εεγριυε,
2281 4208 2399 4261 qua:
2428 4209 2524 4250 nec
2562 4198 3004 4267 vineis'abundat,
3033 4215 3133 4256 nec
3172 4201 3276 4257 olei
3299 4206 3507 4272 c0piam

276 4285 633 4372 ἐπαγγελίας
660 4300 734 4369 γῆ
773 4296 951 4350 πάντα
987 4293 1274 4355 πλουσίως.

1986 4285 2164 4349 habet;
2199 4294 2338 4338 terra
2386 4296 2563 4340 autem
2604 4287 2966 4354 promissionis
3015 4287 3249 4341 omnium
3287 4290 3497 4341 abunde

1975 4374 2140 4429 ferax.
2811 4398 2831 4420 -
2910 4383 2944 4406 '

351 4480 641 4547 Πρόσεχε
668 4469 927 4536 σεαυτῷ,
947 4469 1033 4537 μὴ
1055 4466 1308 4533 ἐπιλάϐῃ
1332 4464 1545 4532 Κυρίου
1590 4462 1694 4516 τοῦ
1720 4465 1866 4518 Θεοῦ
1898 4426 1907 4481 1

2044 4465 2259 4517 Attende
2288 4460 2420 4529 'tibi,
2466 4482 2528 4518 ne
2571 4468 2879 4522 obliviscaris
2924 4470 3127 4523 Domini
3172 4471 3267 4524 Dei
3315 4474 3391 4525 tui
3433 4474 3498 4524 "'.

275 4587 434 4625 σου.
460 4568 623 4624 Μετὰ
671 4564 771 4634 τὴν
821 4563 927 4615 τῶν
962 4560 1175 4629 ἀγαθῶν
1218 4556 1542 4625 ἐπαγγελίαν
1587 4556 1665 4616 είς
1709 4555 1868 4624 νῆψιν

1986 4553 2106 4607 Ροει
2145 4553 2402 4607 bonorum
2448 4556 2845 4622 promissionem
2866 4596 2880 4617 .
2918 4560 2982 4612 ad
3021 4560 3359 4615 sobrietatem
3409 4579 3501 4616 eos

276 4662 494 4723 αὐτοὺς
539 4655 910 4721 διανίστησιν,
954 4649 1046 4703 τοῦ
1087 4649 1373 4719 εὐεργέτου
1417 4645 1741 4714 μεμνῆσθαι,
1774 4647 1869 4698 καὶ

1986 4652 2217 4707 revocat,
2257 4652 2317 4696 ut
2364 4644 2714 4700 benefactoris
2755 4649 3126 4714 meminerint,
3178 4666 3352 4719 neque
3392 4668 3501 4721 prae

280 4757 365 4825 μὴ
398 4751 712 4824 ἐξυϐρίζειν
739 4746 818 4817 τῷ
847 4745 1011 4815 κόρῳ,
1045 4742 1176 4812 μηδὲ
1206 4741 1547 4809 περιφρονεῖν
1575 4738 1667 4789 τοῦ
1699 4738 1868 4791 ταῦτα

1986 4732 2218 4786 satietate
2252 4732 2595 4799 insolescant,
2644 4751 2817 4805 neque
2862 4749 3204 4793 contemnant
3245 4755 3365 4794 eum
3411 4741 3500 4809 qui

273 4821 709 4916 δωρησαμένου,
737 4838 833 4892 καὶ
852 4837 933 4889 ὅτι
960 4837 1024 4886 ὲκ
1044 4833 1140 4901 τῆς
1163 4832 1219 4883 ἐν
1246 4827 1501 4897 Αἰγύπτῳ
1528 4826 1763 4897 δουλείας
1790 4829 1869 4889 είς

1986 4821 2058 4875 eis
2083 4822 2196 4875 haec
2224 4823 2362 4876 bona
2388 4824 2552 4886 dedit,
2582 4836 2635 4879 et
2657 4826 2722 4881 ab
2748 4826 2955 4897 Egypti
2983 4829 3238 4884 servitute
3263 4832 3315 4883 in
3344 4831 3499 4884 liber-

277 4938 611 5010 ἑλευθερίαν
638 4934 840 4994 αὐτοὺς
866 4928 1241 4999 μετεκόμισεν.
1312 5008 1331 5010 ξ
1457 5007 1480 5010 _
1701 5008 1707 5010 Δ

1986 4920 2139 4965 tatem
2166 4928 2258 4967 eos
2290 4916 2571 4970 transtulit.

364 5027 455 5079 Οὐ
496 5005 786 5088 ποιήσεις
824 5017 1011 5080 οὕτως
1044 5013 1237 5080 Κυρίῳ
1261 5008 1341 5073 τῷ
1369 5007 1488 5072 Θεῷ
1520 5022 1657 5063 σου.
1681 5008 1868 5061 Aleti-

2049 5005 2165 5059 Non
2197 5008 2353 5075 [acies
2389 5009 2462 5061 sic
2508 5007 2719 5061 Domino
2760 5011 2865 5063 Deo
2894 5019 2980 5063 tuo
3009 5012 3072 5063 ⁷³.
3102 5011 3283 5079 Carpit
3309 5014 3500 5066 crude-

280 5137 383 5172 ται
413 5117 476 5168 τὸ
500 5114 651 5167 θύειν
697 5110 769 5163 τὰ
808 5104 1016 5161 ἑαυτῶν
1056 5103 1220 5157 τέκνα
1265 5101 1389 5161 τοὺς
1427 5097 1739 5167 ἀνθρώπους
1761 5103 1871 5163 τοῖς

1986 5105 2120 5163 lem,
2176 5101 2516 5153 inhumanum
2578 5112 2732 5161 atque
2796 5103 3173 5155 exsecrandum
3226 5103 3499 5156 hominum
3558 5098 3575 5135 ξ’

284 5208 447 5267 (tot;
472 5203 581 5256 τῶν
608 5198 803 5260 ἐθνῶν,
835 5196 911 5257 ὡς
940 5192 1090 5262 ὠμὸν
1128 5192 1220 5243 καὶ
1243 5186 1623 5257 ἀπάνθρωπον·
1648 5187 1720 5250 ὡς
1752 5186 1867 5255 βδε-

1986 5199 2175 5241 morem
2209 5184 2297 5253 qui
2348 5184 2594 5252 proprios
2626 5183 2826 5236 liberos
2852 5182 2953 5235 diis
2996 5178 3226 5267 gentium
3267 5172 3511 5267 immola-

282 5261 514 5348 λυκτόν.
539 5291 651 5342 Καὶ
675 5286 804 5347 τοὺς
836 5282 1097 5348 λέγοντας
1124 5279 1285 5332 θύσαι
1315 5276 1451 5334 θεοῖς
1473 5272 1575 5325 τῶν
1614 5276 1778 5329 ἐθνῶν
1809 5278 1866 5329 οὐ

1986 5279 2122 5332 bant.
2152 5274 2336 5344 Neque
2367 5274 2538 5329 solum
2574 5274 2806 5342 fugiendi
2838 5279 2959 5325 sunt
2987 5267 3075 5335 qui
3108 5266 3295 5317 dicunt
3321 5278 3379 5317 se
3408 5261 3513 5348 diis

512 5346 958 5454 ἀποστρέφεσθαι
991 5374 1091 5437 δεῖ,
1124 5371 1258 5424 ἀλλὰ
1305 5368 1398 5420 καὶ
1434 5368 1526 5436 τὴν
1573 5368 1738 5437 ἀκοὴν
1762 5372 1872 5431 τοῖς

1986 5365 2209 5432 gentium
2240 5363 2536 5427 immolare,
2559 5366 2650 5416 sed
2684 5375 2851 5429 neque
2879 5356 3022 5410 auris
3043 5366 3226 5408 eorum
3248 5346 3515 5406 sermoni-

290 5457 483 5545 λόγοις
502 5473 680 5527 αὐτῶν
702 5470 782 5540 μὴ
804 5465 1057 5532 ὑπέχειν.

1986 5459 2073 5510 bus
2097 5457 2398 5525 praebenda.

353 5652 403 5679 η
439 5655 589 5713 θείη.
624 5664 747 5708 Vm,
787 5645 846 5697 7,
927 5640 978 5670 τ’
1008 5637 1160 5689 Deut.
1190 5650 1270 5695 ιιι,
1310 5631 1395 5686 Η.
1468 5631 1511 5662 ⁷³
1550 5630 1701 5686 Deut.
1735 5648 1830 5695 κη,
1855 5633 1907 5688 4.

603 5745 902 5804 ΡΑτιιοι..
952 5730 1070 5787 Gn.
1104 5727 1229 5784 ΧΠ.

3144 5708 3226 5762 26
