3822 6200
342 314 437 370 8i!

417 431 590 498 Neque
616 425 829 495 adjicies
873 421 939 474 ad
981 418 1134 480 illud,
1171 428 1329 482 neque
1373 410 1575 478 auferes
1616 410 1677 460 ab
1713 426 1771 460 eo
1802 409 1868 459 ⁷⁵.
1902 411 1945 461 Α

349 521 602 576 lininines
627 515 717 583 qui
745 520 987 580 peccant,
1017 505 1307 575 generatim
1334 499 1609 568 dupliciter
1635 502 1872 564 peccant,

345 611 423 665 Vel
441 604 877 674 transgrediendo
906 597 1176 658 mandata,

346 703 487 754 enim
522 714 623 750 non
655 709 717 747 ex
748 689 1028 756 disciplina
1060 686 1309 743 vivimus,
1360 691 1528 745 neque
1557 687 1881 744 cognoscen-

350 802 429 843 tes
463 785 679 855 iustitiae
710 792 989 834 mensuras
1017 775 1280 833 fallimur;
1314 770 1439 821 item
1470 765 1685 832 quando
1725 776 1881 828 regu-

1677 290 1767 345 EX
1802 282 2092 344 ORIGENE

3446 248 3540 302 ill!

2043 399 2153 451 06‘
2185 388 2555 460 προσθήσεις
2600 382 2698 437 ἐπ’
2756 376 2947 439 αὐτὸ,
2999 368 3142 426 οὐδὲ
3186 360 3409 434 ἀφελεῖς
3456 346 3538 413 ἀπ’

1978 488 2183 543 αὑτοῦ.
2224 453 2304 536 ,Οἱ
2375 453 2654 548 ἄνθρωποι
2722 466 3151 540 ἁμαρτάνοντες
3199 453 3387 524 γενικῷ
3427 453 3543 516 λόγῳ

1205 593 1286 645 vel
1309 589 1630 645 cvacuando.
1661 585 1878 651 Quando
1979 581 2140 650 διχῶς
2162 574 2591 647 ἁμαρτάνουσιν,
2617 569 2654 639 ἢ

1982 635 2388 727 ὑποκενοῠντες.
2425 663 2594 714 Ὅταν
2634 635 2755 726 γὰρ
2803 651 2884 722 μὴ
2936 647 3045 701 ἀπὸ
3099 641 3395 709 ἐπιστήμης

1980 757 2275 827 τευόμεθα,
2317 724 2449 823 μηδὲ
2475 724 2861 818 γινώσκοντες
2886 738 2960 791 τὰ
2993 736 3167 806 μέτρα
3185 731 3293 817 ,τῆς
3319 724 3551 781 δικαιοσύ-

2709 567 2825 618 ὑπε
2836 559 3154 632 ρ6αίνοντες
3179 551 3275 614 τὰς
3309 545 3547 616 ὲντολάςῆ

351 817 429 843 lca
463 817 679 855 μιθιιιιω
710 817 989 834 summu-nu
1017 817 1237 827 ...υ-η.--
1267 817 1280 833 ,
1488 817 1502 832 ι
1787 817 1815 828 υ

350 880 452 931 lam
506 871 949 942 transgrediuntur,
990 863 1189 934 opinati
1239 859 1431 913 melius
1463 855 1586 924 quid
1635 865 1810 921 agere,
1852 864 1881 901 a

2031 868 2080 920 γς
2109 817 2608 916 σφαλλόμεθα,καὶ
2637 835 2758 889 ἔσθ’
2800 833 2894 884 ὅτε
2929 822 3344 895 ὑπερϐαίνοντες
3365 817 3446 869 τὸν
3469 832 3555 868 κα-

2031 940 2039 942 ‘
2384 932 2395 942 ’
2528 929 2554 940 ~
2724 925 2799 942 κνη
2849 936 2897 942 --
2949 917 3203 942 -.-ιτ-..λη
3259 908 3555 942 ξνη;....ρη,,ςυ

351 980 511 1037 scopo
544 964 878 1018 aberramus.

422 1142 689 1211 Ejusdem.
731 1135 828 1203 Qui
863 1133 1024 1201 igitur
1068 1143 1168 1182 non
1202 1124 1382 1180 omnia
1424 1120 1647 1181 faciunt,
1681 1115 1763 1171 vel
1796 1113 1886 1183 qui

355 1234 579 1300 amplius
611 1227 832 1287 faciunt,
864 1223 1032 1289 legem
1060 1214 1541 1280 transgrediuntur.

425 1295 587 1375 Omne
612 1330 763 1385 pecus
790 1312 1030 1381 diﬁissam
1056 1305 1248 1358 habens
1274 1303 1544 1370 ungulam,
1568 1307 1613 1350 et
1641 1295 1888 1348 reducens

1984 940 2131 1002 νόνα,
2161 932 2435 1005 φαντασίᾳ
2463 929 2559 982 τοῦ
2612 925 2802 979 ποιεῖν
2846 936 2902 972 τι

1986 1029 2077 1083 τοῦ
2105 1023 2491 1095 προκειμένου.

2949 917 3224 987 κρεῖττον,
3259 908 3555 975 ὲκπίπτομεν

2063 1087 2175 1171 T06
2220 1087 2429 1167 αὐτοῦ.
2487 1110 2551 1161 υἱ
2609 1100 2709 1158 οὖν
2767 1104 2847 1174 μὴ
2893 1099 3182 1158 ποιοῦντες
3230 1092 3415 1153 πάντα,
3458 1087 3561 1158 ἢοί

1990 1207 2169 1261 πλεῖόν
2194 1223 2246 1257 τι
2277 1201 2577 1262 ποιοῦντες,
2613 1196 2963 1266 παράνομοι.

2062 1294 2189 1348 Πᾶν
2216 1290 2439 1357 κτῆνος
2477 1284 2793 1352 διχηλοῦν
2824 1281 3059 1348 ὁπλὴν,
3111 1277 3209 1330 καὶ
3234 1271 3449 1340 ἀνάγον
3478 1286 3565 1336 uno

355 1364 750 1464 ruminatiimem
776 1364 1086 1456 "."Diliissa
1121 1393 1336 1462 ungula,
1367 1390 1629 1458 signiﬁcat
1652 1386 1754 1438 iter
1785 1397 1891 1451 quo

2031 1387 2305 1454 vmo‘yér.
2338 1382 2412 1434 Τὸ
2461 1380 2559 1450 μὲν
2607 1376 2859 1447 διχηλεῖν
2886 1374 2982 1428 ἐπὶ
3023 1372 3127 1439 τῆς
3162 1368 3347 1436 ὁπλῆς,
3371 1364 3460 1432 τὴν
3490 1378 3567 1414 ιω·

355 1502 418 1554 ad
445 1497 706 1567 quaslibet
750 1494 914 1545 bonas
942 1485 1248 1554 disciplinas
1294 1479 1650 1550 pervenimus.
1708 1474 1893 1526 Rumi-

355 1604 488 1643 nare
515 1592 799 1640 autemest
845 1592 1057 1632 sursum
1107 1575 1463 1638 deorsumque
1506 1579 1707 1636 ponere
1748 1565 1894 1617 Scri-

1997 1451 2144 1549 ρείαν
2168 1451 2293 1529 καθ’
2320 1473 2387 1543 ἣν
2422 1470 2559 1541 πρὸς
2586 1470 2701 1521 πᾶν
2729 1466 2921 1519 ὁτιοῦν
2944 1460 3227 1533 ἐρχόμεθα
3249 1457 3355 1510 τῶν
3382 1451 3568 1521 ἀγαθῶν

1998 1547 2426 1635 σπουδασμάτων
2453 1562 2777 1631 ὲμφάνειεψ
2800 1556 2904 1610 eas
2938 1550 3312 1625 μηρυκισμὸς,
3333 1550 3391 1599 τὸ
3416 1547 3572 1599 ἄνωτε

356 1688 527 1747 pturre
571 1672 825 1728 divinitus
871 1666 1141 1743 inspirata:
1188 1662 1373 1723 Verba,
1403 1667 1455 1712 et
1486 1656 1647 1709 veluti
1694 1654 1888 1707 iterum
1929 1723 1932 1733 Ἰ

2031 1660 2087 1711 αὶ
2112 1634 2262 1710 κάτω
2296 1654 2472 1707 ποιεῖν
2501 1653 2603 1721 τῆς
2655 1647 3041 1702 θεοπνεύστου
3091 1642 3315 1713 Γραφῆς
3358 1639 3469 1698 τοὺς
3504 1634 3575 1686 λό-

358 1722 525 1747 l""""
958 1722 970 1733 ι
1362 1722 1365 1723 ,

358 1766 606 1820 mandere
633 1770 687 1815 et
725 1740 1099 1812 comminuere
1144 1745 1664 1820 perscrutationibus
1690 1742 1894 1796 occulta
1929 1723 1932 1733 ‘

2031 1766 2152 1813 ους,
2177 1747 2268 1799 καὶ
2293 1741 2404 1798 οἷον
2438 1739 2841 1811 ἀναμασᾶσθαι
2873 1737 2972 1789 καὶ
3008 1730 3428 1788 καταλεπτύνειν
3451 1725 3576 1798 ὲρεύο

358 1857 707 1909 theoremata.

431 1944 620 1999 Omnia
644 1941 828 2010 quibus
853 1946 968 1990 sunt
991 1936 1044 1988 in
1067 1933 1137 1988 eis
1162 1928 1397 2000 pennula:
1421 1935 1469 1980 et
1494 1938 1740 1994 squama’,
1760 1934 1900 1974 com-

359 2035 520 2089 edetis
553 2032 620 2085 ⁷⁸.
660 2026 925 2089 Volatilia,
968 2024 1194 2091 opinor,
1243 2029 1573 2086 quaecunque
1611 2023 1758 2082 patos
1799 2011 1898 2063 ha-

362 2128 487 2181 bent
537 2123 672 2176 infra
716 2133 882 2189 genua
912 2129 1072 2184 supra
1119 2112 1301 2180 pedes,
1337 2107 1450 2162 vult
1494 2119 1611 2159 esse
1661 2100 1898 2163 munda;

364 2224 691 2282 quaecunque
720 2217 896 2261 autem
929 2219 1030 2257 non
1055 2202 1269 2262 habent,
1306 2211 1424 2252 esse
1454 2193 1746 2248 immunda.

384 2280 395 2295 Γ
432 2300 789 2354 Festivitalem
816 2291 1262 2347 tabernaculorum
1289 2286 1446 2356 facies
1469 2284 1561 2337 tibi
1583 2292 1767 2351 septem
1795 2280 1904 2331 die-

364 2393 457 2445 bus
479 2391 544 2442 '7.
582 2387 879 2440 Invenimus
903 2383 955 2436 in
984 2377 1277 2447 Scripturis
1301 2388 1492 2428 nomen
1522 2368 1824 2424 festivitatis
1851 2374 1906 2420 et

367 2476 742 2540 solemnitatis,
775 2482 833 2526 ut
860 2486 982 2526 cum
1022 2471 1279 2537 propheta
1312 2461 1512 2519 dicit"
1550 2478 1563 2513 :
1595 2477 1613 2510 ι
1649 2458 1785 2523 Quid
1825 2455 1905 2508 fa-

365 2570 517 2625 cietis
546 2569 598 2620 in
635 2567 718 2620 die
742 2559 1120 2621 solemnitatis,
1150 2568 1203 2610 ct
1231 2557 1280 2608 in
1320 2554 1406 2608 die
1454 2549 1765 2605 festivitatis
1802 2545 1905 2599 Do-

367 2660 533 2715 mini?
583 2676 600 2709 ι
647 2653 997 2722 Quaerendum
1038 2659 1121 2704 est
1173 2647 1463 2702 discrimen
1512 2639 1812 2695 festivitatis
1854 2644 1908 2692 et

368 2751 742 2807 solemnitatis.
764 2744 949 2800 Omnis
972 2744 1178 2809 itaque,
1211 2747 1269 2792 ut
1303 2739 1374 2791 ita
1402 2735 1598 2797 dicam,
1629 2731 1740 2785 dies
1773 2728 1909 2783 hilao

372 2843 445 2896 ris
467 2841 519 2894 in
548 2853 650 2907 qua
678 2836 874 2891 eximia
912 2832 1152 2903 quzedam
1188 2825 1566 2898 praecipiuntur
1592 2834 1708 2889 qua:
1733 2820 1784 2872 in
1807 2831 1909 2872 caa-

371 2933 502 2987 teris
532 2946 638 2984 non
669 2930 824 2992 fiunt,
851 2925 1118 2980 festivitas
1156 2929 1399 2974 vocatur.
1449 2916 1562 2968 Non
1591 2912 1767 2966 omnis
1814 2924 1910 2961 au-

373 3033 477 3078 tem
514 3020 775 3075 festivitas
800 3026 881 3071 est
911 3012 1244 3070 solemnitas,
1276 3009 1367 3063 sed
1391 3022 1509 3061 cum
1547 3005 1698 3074 juxta
1734 3001 1894 3054 nomi-
1939 3043 1980 3099 Ο

374 3112 456 3165 nis
492 3106 860 3179 etymologiam
910 3103 1260 3169 undequaque
1303 3095 1623 3151 conveniunt
1676 3090 1911 3153 Hebraei,

375 3201 448 3253 ita
479 3190 711 3263 ut’juxta
763 3193 889 3248 illud
935 3190 1243 3246 solemnitas
1273 3187 1344 3241 sit
1386 3183 1674 3243 festivitas,
1724 3188 1777 3233 at
1808 3193 1915 3233 non

274 3290 279 3293 ’
375 3289 492 3341 vice
513 3300 665 3339 versa
698 3283 961 3337 festivitas
989 3279 1208 3333 omnino
1256 3276 1325 3329 sit
1372 3273 1533 3343 390
1579 3268 1915 3324 solemnitas.

376 3376 617 3446 Exempli
665 3389 825 3428 causa
881 3373 1103 3427 sabbata
1168 3376 1223 3421 et
1279 3365 1544 3419 novilunia
1604 3357 1918 3413 festivitates

378 3478 535 3531 sunt;
568 3478 748 3534 azyma
772 3476 899 3515 vero
927 3460 1117 3514 etdies
1149 3454 1597 3510 hebdomadarum
1635 3463 1696 3501 ac
1734 3460 1918 3500 sceno—

379 3557 565 3626 pegize,
619 3568 723 3608 non
765 3551 938 3607 solum
972 3548 1295 3603 festivitates
1320 3550 1465 3606 sunt,
1497 3538 1589 3594 sed
1637 3539 1800 3590 etiam
1834 3549 1921 3588 so-

379 3645 707 3707 lemnitates,
760 3641 975 3710 quando
1004 3649 1161 3692 omne
1196 3632 1545 3688 masculinum
1577 3627 1794 3698 jubetur
1821 3639 1918 3693 ap-

381 3748 572 3804 parere
594 3733 650 3787 in
682 3736 966 3799 conspectu
1019 3724 1228 3781 Domini
1274 3722 1356 3777 sui
1384 3721 1438 3775 in
1467 3721 1587 3772 loco
1624 3729 1781 3784 quem
1806 3714 1919 3768 ele-

383 3826 540 3894 gerit.

456 3911 578 3965 Non
621 3909 896 3964 dimovebis
943 3907 1070 3976 ﬁnes
1115 3902 1339 3974 proximi
1365 3902 1431 3954 τ’.
1481 3899 1763 3955 Proximus
1784 3907 1923 3964 swpe

387 4004 559 4057 omnis
587 4002 744 4056 homo
780 3998 996 4054 dicitur.

457 4094 726 4161 Ejusdem.
763 4091 943 4159 Neque
972 4088 1112 4143 enim
1138 4093 1351 4154 oportet
1379 4082 1585 4137 vicinos
1613 4092 1734 4134 sese
1783 4075 1923 4129 invi-

390 4200 505 4240 cem
556 4183 830 4246 fraudare,
883 4192 1057 4248 neque
1110 4172 1484 4245 transponendi
1534 4179 1658 4225 sunt
1712 4164 1923 4221 termini

391 4287 527 4344 quos
559 4271 776 4340 pulchre
802 4278 980 4338 patres
1008 4274 1316 4337 posuerunt.
1347 4262 1482 4317 Hinc
1525 4262 1669 4316 enim
1694 4255 1927 4311 nascitur

2002 1854 2120 1900 ναις
2150 1835 2216 1889 τὰ
2245 1830 2606 1902 κεκρυμμένα
2638 1827 2755 1880 τῶν
2781 1825 3196 1897 θεωρημάτων.

2068 1926 2270 1980 Πάντα
2310 1922 2429 1975 ὅσα
2466 1919 2644 1973 ἐστὶν
2687 1919 2764 1991 ἐν
2790 1915 3012 1980 αὐτοῖς
3055 1913 3345 1981 πτερύγια
3383 1908 3471 1963 καί
3500 1910 3579 1961 .18-

2005 2018 2194 2082 πίδες,
2222 2015 2504 2083 φάγεσθε.
2531 2010 2657 2064 Τῶν
2686 2009 2920 2078 πτηνῶν
2956 2001 3120 2076 οἶμαι
3159 2006 3261 2057 ὅσα
3304 2002 3398 2072 μὲν
3431 1999 3580 2053 σκόλο-

2006 2124 2113 2168 πας
2156 2105 2267 2174 ἔχει
2320 2099 2626 2170 κατωτέρω
2670 2098 2786 2151 τῶν
2824 2097 3089 2165 γονάτων
3135 2094 3276 2165 ὑπὲρ
3313 2092 3407 2154 τὰς
3431 2090 3582 2161 βάσεις

2006 2197 2221 2267 καθαρὰ
2261 2191 2397 2247 εἶναι
2433 2192 2712 2262 βούλεταιο
2739 2191 2847 2243 ὅσα
2878 2190 2942 2242 δὲ
2977 2190 3079 2259 μὴ,
3107 2186 3405 2257 ἀκάθαρτα.
3553 2233 3562 2243 ,

2088 2286 2330 2353 Ἐορτὴν
2345 2282 2597 2349 σκηνῶν
2623 2281 2919 2347 ποιήσεις
2945 2276 3195 2343 σεαυτῷ
3214 2277 3361 2331 ἑπτὰ
3380 2272 3581 2343 ἡμέρας.

2007 2378 2347 2447 Εὐρίσκομεν
2375 2376 2433 2426 ὲν
2470 2376 2594 2435 ταῖς
2624 2373 2885 2439 Γραφαῖς
2914 2371 2982 2423 τὸ
3002 2371 3183 2439 ὄνομα
3206 2369 3306 2437 τῆς
3327 2364 3585 2437 ὲορτῆςκαὶ

2006 2470 2104 2539 τῆς
2131 2464 2511 2536 πανηγύρεως,
2539 2461 2737 2532 ὥσπερ
2759 2460 2937 2531 »παρὰ
2979 2459 3063 2529 τῷ
3105 2458 3356 2528 προφήτῃ
3381 2455 3583 2522 λέγοντι·

2016 2579 2034 2611 ι
2070 2558 2134 2610 Τί
2161 2557 2416 2625 ποιήσετε
2453 2556 2511 2605 ὲν
2560 2552 2754 2623 ἡμέρᾳ
2797 2550 3181 2622 πανηγύρεως
3218 2550 3312 2602 καὶ
3348 2548 3401 2599 ὲν
3438 2544 3588 2615 ἡμέρᾳ

2011 2648 2205 2720 ἑορτῆς
2230 2645 2473 2716 Κυρίου;
2509 2662 2529 2694 s
2563 2642 2849 2714 Ζητητέον
2879 2641 2989 2712 τὴν
3022 2638 3289 2710 διαφορὰν
3321 2634 3496 2708 ἑορτῆς
3514 2633 3589 2687 καὶ

2012 2729 2392 2802 πανηγύρεως.
2434 2728 2596 2779 Πᾶσα
2642 2726 2747 2796 μὲν
2792 2721 2917 2788 οὖν,
2952 2726 3024 2778 ἵν’
3056 2725 3236 2787 οὕτως
3274 2723 3422 2782 εῐπω,
3461 2719 3589 2788 ἱλαρὰ

2013 2824 2213 2894 ἡμέρα,
2259 2821 2316 2873 ὲν
2466 2817 2891 2887 προστέτακται
2934 2817 3019 2879 ὡς
3066 2816 3300 2886 nam
3342 2811 3458 2866 τάδε
3494 2811 3589 2863 τινὰ

2014 2907 2165 2976 παρὰ
2205 2906 2303 2969 τὰς
2346 2906 2540 2969 λοιπὰς
2567 2909 2749 2958 ποιεῖν
2788 2905 3090 2977 ἐξαίρετα,
3138 2904 3299 2976 ἑορτὴ
3352 2900 3589 2956 καλεῖταὶ’

2013 2998 2073 3050 οὐ
2104 2999 2253 3050 πᾶσα
2279 2997 2335 3049 δέ
2366 2999 2481 3049 ἐστι
2511 2998 2852 3067 πανήγυρις,
2893 2995 3047 3049 ἀλλὰ
3082 2994 3227 3048 κατᾶ
3252 2994 3312 3046 τὸ
3334 2993 3501 3062 ὖνομα,
3522 2990 3592 3042 ὅτε

2017 3088 2109 3139 ἐπὶ
2130 3087 2192 3139 τὸ
2235 3087 2366 3139 αὐτὸ
2400 3086 2856 3156 συναθροίζονται
2900 3088 2956 3139 οἱ
3005 3085 3346 3156 πανταχόθεν
3375 3082 3592 3152 Ἑϐραῖοι,

2018 3176 2156 3229 ὥστε
2195 3176 2336 3229 κατὰ
2367 3176 2527 3229 τοῦτο
2559 3176 2660 3247 τὴν
2708 3176 2816 3245 μὲν
2861 3178 3188 3248 πανήγυριν
3237 3171 3374 3230 εἶναι
3413 3170 3591 3243 ἑορτὴν.

2019 3272 2199 3326 οὐκέτι
2231 3272 2287 3323 δὲ
2319 3271 2536 3333 πάντως
2567 3269 2669 3342 τὴν
2699 3270 2911 3340 ἑορτὴν
2955 3272 3308 3340 πανήγυριν·
3355 3262 3456 3319 οἷον
3490 3263 3596 3316 σάϐ-

2022 3363 2158 3415 ϐατα
2191 3360 2285 3414 καὶ
2321 3361 2632 3430 νεομηνίαι,
2659 3361 2859 3430 ἑορταί
2900 3362 3099 3413 sicui"
3131 3360 3318 3429 ἄζυμα
3357 3358 3411 3411 δὲ
3438 3355 3519 3409 καὶ
3550 3351 3595 3405 al

2022 3452 2221 3522 ἡμέραι
2262 3449 2372 3503 τῶν
2406 3449 2723 3519 ἑϐδομάδων
2751 3451 2857 3503 καὶ
2885 3450 3272 3522 σκηνοπηγίαι
3297 3450 3357 3501 οὐ
3388 3447 3526 3517 μόνον
3554 3444 3597 3496 αἱ

2023 3542 2225 3611 ἑορταὶ,
2253 3538 2389 3592 ἀλλὰ
2430 3540 2523 3592 κα)⁸
2547 3539 2932 3609 πανηγύρεις,
2969 3542 3064 3594 ὅτε
3107 3539 3493 3612 προστέτακται
3515 3535 3600 3586 πᾶν

2024 3626 2305 3698 ἀρσενικὸν
2331 3625 2618 3694 φαίνεσθαι
2647 3626 2898 3681 ἐνώπιον
2924 3628 3147 3700 Κυρίου
3174 3627 3410 3686 τοῦΘεοῦ
3439 3642 3519 3678 σου
3537 3625 3600 3685 εἰς

2024 3718 2112 3770 τὸν
2153 3717 2314 3770 τόπον
2342 3716 2402 3769 ὃν
2431 3715 2497 3769 ἂν
2525 3715 2850 3787 ἐκλέξηται.
2896 3750 2898 3753 -

2100 3897 2182 3949 Οὐ
2229 3895 2661 3965 μετακινήσεις
2693 3896 2835 3964 ὅρια
2882 3900 2994 3953 τοῦ
3036 3900 3320 3968 πλησίον
3339 3912 3464 3951 σου.
3488 3892 3604 3962 Πλη-

2030 3984 2141 4038 σίον
2168 3985 2434 4056 πολλαχοῦ
2463 3986 2905 4057 πᾶς’ᾶνθρωπος
2937 3989 3189 4060 εἴρηται.

2103 4076 2213 4129 Τοῦ
2250 4076 2457 4130 αὐτοῦ.
2481 4076 2624 4129 (lbra
2661 4077 2778 4147 γὰρ
2808 4080 2897 4133 δεῖ
2922 4083 3056 4144 τοὺς
3093 4080 3269 4144 πέλας
3289 4076 3605 4134 πλεονεκτεῖν,

2028 4165 2149 4218 οὐδὲ
2187 4167 2314 4229 τοὺς
2354 4167 2464 4220 τῶν
2498 4168 2762 4239 πατέρων
2798 4171 2967 4242 ὄρους
3017 4172 3101 4236 ὡς
3153 4172 3339 4236 καλῶς
3380 4167 3608 4237 παγέντας

2031 4254 2445 4324 παρακελεύειν.
2507 4255 2686 4309 Τοῦτο
2728 4259 2847 4330 γὰρ
2880 4262 3061 4315 αἴτιον
3107 4261 3296 4331 πάσης
3335 4256 3608 4326 συγχύσεως

393 4361 566 4417 onmis
584 4356 845 4423 confusio,
871 4359 992 4411 dum
1011 4354 1330 4409 contermini
1359 4350 1604 4421 iniuriam
1629 4348 1928 4418 patiuntur,

2033 4343 2203 4409 ἔσται,
2241 4345 2352 4397 τῶν
2407 4346 2507 4416 μὲν
2539 4348 2909 4418 ὁμορούντων
2944 4352 3023 4415 ὡς
3060 4351 3453 4421 ἀδικουμένων,
3482 4360 3609 4415 περι·

394 4459 451 4504 et
495 4445 787 4501 contemtui
844 4446 1107 4499 habentur
1152 4446 1244 4513 qui
1292 4443 1553 4497 terminos
1616 4440 1928 4506 posuerunt.

395 4537 704 4594 Proximum
743 4535 958 4603 quidam
987 4534 1254 4603 appellant
1279 4548 1491 4586 omnem
1535 4529 1827 4584 hominem.

468 4625 525 4680 Si
565 4633 735 4677 autem
778 4624 1019 4676 institerit
1065 4624 1210 4676 testis
1257 4624 1486 4691 injustas
1537 4628 1716 4672 contra
1763 4612 1932 4667 homi-

399 4732 513 4770 nem
535 4713 599 4766 ⁸⁰.
628 4711 752 4765 Haec
780 4711 990 4780 quidem
1022 4711 1106 4764 lex
1136 4710 1201 4764 ad
1243 4712 1481 4764 infirmos
1502 4707 1803 4767 Israelitas;
1834 4705 1939 4757 Do-

401 4806 575 4861 minus
623 4811 799 4855 antetn
856 4801 944 4869 qui
1006 4801 1117 4855 haec
1171 4800 1448 4870 praecepit,
1496 4793 1773 4862 discipulis
1823 4791 1935 4847 suis

402 4899 477 4951 ait
505 4894 588 4946 “z
626 4909 645 4943 ι
682 4891 917 4945 Audistis
940 4886 1076 4961 quia
1128 4891 1326 4945 dictum
1373 4895 1456 4943 est
1512 4901 1527 4937 :
1573 4883 1791 4940 Oculum
1839 4895 1935 4951 pro

402 4984 579 5048 oculo,
610 5001 628 5034 ι
660 4991 713 5037 et
743 4990 953 5040 extera.
984 5000 1003 5034 ι
1049 4981 1162 5052 Ego
1184 4990 1359 5035 autem
1389 4978 1510 5032 dico
1534 4974 1687 5028 vobis
1716 4986 1821 5025 non
1850 4986 1936 5025 re-

400 5077 590 5131 sistere
613 5072 801 5127 malo.»

475 5163 746 5233 Ejusdem.
772 5159 894 5215 llrec
923 5162 1138 5230 quidem
1176 5160 1231 5212 in
1266 5153 1605 5213 sensibilibus
1626 5141 1679 5204 et
1717 5155 1942 5205 munda-

406 5254 488 5307 nis
538 5253 709 5305 locum
747 5252 973 5317 habent;
1017 5250 1082 5305 ad
1135 5255 1353 5318 peccata
1398 5257 1526 5297 vero
1585 5250 1765 5294 nostra
1800 5241 1940 5309 quod

409 5343 618 5402 attinet,
648 5342 784 5395 Deus
811 5340 954 5394 nullo
978 5348 1112 5395 teste
1139 5338 1357 5407 indiget.
1383 5334 1499 5403 Ipse
1536 5331 1680 5386 enim
1703 5332 1938 5385 omnium

414 5430 679 5496 inspector
704 5442 784 5485 est
809 5443 861 5485 et
889 5433 1074 5501 judex.

420 5563 700 5657 “ﬁnem.
734 5581 828 5626 xu,
856 5567 944 5620 5‘2.
1016 5564 1212 5617 "ibid.
1254 5576 1362 5625 xtv,
1407 5560 1460 5613 6.
1539 5560 1583 5591 ⁷⁸
1612 5556 1741 5613 ibid.
1765 5555 1818 5611 9.

540 5640 620 5657 η...
699 5648 781 5657 .....
849 5636 904 5657 Il!
1003 5634 1042 5657 ιι
1074 5633 1232 5657 ιι..ιι1.
1285 5648 1311 5657 ..
1367 5629 1432 5657 σο

498 5629 645 5682 Deut.
698 5648 808 5695 xix,
842 5636 925 5687 ‘16.
1003 5634 1044 5666 ⁸¹
1070 5633 1258 5686 Matth.
1285 5648 1337 5697 v,
1367 5629 1454 5683 38.

1920 5553 1965 5586 "
2001 5552 2168 5620 Deut.
2224 5588 2351 5647 ενι,
2389 5584 2497 5654 ιδ,

2036 4435 2421 4505 φρονουμένων
2462 4437 2520 4489 δὲ
2556 4436 2672 4491 τῶν
2724 4441 3067 4511 ὁρισάντων.
3128 4442 3363 4513 Πλησίον
3403 4439 3457 4492 δέ
3497 4448 3613 4493 τινες

2035 4527 2211 4580 πάντα
2232 4524 2524 4596 ἄνθρωπον
2549 4527 2834 4597 λέγουσιν.

2120 4615 2254 4669 Ἐὰν
2287 4615 2358 4669 δὲ
2384 4618 2664 4687 καταστῇ
2697 4620 2947 4689 μάρτυς
2974 4621 3189 4689 ἄδικος
3240 4622 3388 4676 κατὰ
3425 4613 3611 4683 ἀνθρώ-

2039 4718 2175 4758 που.
2197 4702 2385 4758 Ταῦτα
2427 4708 2525 4777 μὲν
2554 4710 2584 4761 6
2609 4708 2779 4779 νόμος
2826 4711 2968 4783 πρὸς
2992 4711 3251 4776 ἀσθενεῖς
3281 4712 3404 4773 τοὺς
3439 4709 3613 4776 Ἰσραη-

2037 4794 2189 4855 λίτας
2207 4810 2221 4824 ⁸
2250 4796 2280 4847 6
2302 4794 2363 4846 δὲ
2394 4797 2604 4868 Κύριος
2643 4801 2672 4852 6
2709 4801 2893 4853 ταῦτα
2917 4802 3296 4872 νομοθετήσας
3319 4802 3423 4862 τοῖς
3451 4788 3610 4849 ἑαυτυῦ

2044 4885 2309 4955 μαθηταῖς
2337 4903 2531 4959 φησιν’
2573 4909 2593 4944 ι
2637 4891 2945 4947 Ἠκούσατε
2987 4894 3325 4969 arrepens“,
3353 4882 3609 4959 Ὀφθαλμὸν

2042 4973 2162 5026 ἀντὶ
2196 4975 2514 5050 ὀφθαλμοῦ,
2552 5004 2571 5037 ι
2592 4984 2687 5038 καὶ
2713 4982 2782 5037 τὰ
2826 4981 2978 5056 ἑξῆς⁸
3011 5003 3031 5035 ι
3086 4983 3231 5051 Ἐγὼ
3257 4983 3313 5035 δὲ
3336 4981 3467 5048 λέγω
3486 4976 3607 5045 ὐμῖνο

2047 5065 2121 5135 μὴ
2146 5067 2481 5142 ἀντιστῆναι
2501 5077 2583 5150 τῷ
2611 5076 2855 5150 πονηρῷ.
2899 5093 2918 5125 ι

2122 5156 2233 5210 Τοῦ
2259 5163 2486 5235 αὐτοῦ.
2510 5171 2702 5227 Ταῦτα
2738 5169 2832 5241 μὲν
2865 5165 2955 5219 ὲπὶ
2974 5162 3238 5233 αἰσθητοῦ
3268 5162 3360 5215 καὶ
3382 5158 3479 5212 τῶν
3491 5151 3605 5207 κατά

2044 5246 2275 5318 κόσμον,
2333 5256 2439 5313 ἐπὶ
2494 5263 2556 5318 δὲ
2620 5264 2725 5320 τῶν
2778 5253 3180 5333 ἡμαρτημένων
3227 5254 3371 5323 ἡμῖν,
3428 5242 3601 5302 οὐδενὸς

2043 5335 2220 5498 isfrui.
2265 5344 2436 5418 Θεὸς.
2475 5358 2655 5428 Αὐτὸς
2699 5358 2807 5432 γὰρ
2832 5350 3063 5413 ἐπόπτης
3102 5345 3353 5398 ἁπάντων
3384 5340 3469 5394 καὶ
3506 5348 3598 5402 “9"

2121 5446 2174 5493 ς’
2970 5454 2979 5459 ’

2047 5442 2150 5493 της
2157 5468 2174 5484 ο
2970 5454 2979 5459 ~

2616 5601 2666 5636 ⁷⁸
2704 5597 2826 5659 Ose.
2866 5596 2941 5645 ις,
2982 5567 3035 5622 5-
3136 5568 3182 5599 “
3206 5566 3355 5619 Deut.
3398 5571 3497 5616 nx.
3532 5546 3602 5604 ιι.
