3822 6220
330 265 427 325 821

1491 253 1791 329 summa
1819 273 1885 327 IN
1912 272 2128 335 JESUM
2152 274 2353 329 NAVE.

3421 266 3522 322 822

326 377 486 446 δάνης
524 376 625 446 τῆς
684 377 928 449 Ἰεριχὼ,
983 381 1116 435 ἀλλὰ
1147 382 1233 436 διὰ
1270 385 1366 454 τὴν
1400 385 1508 438 τῶν
1540 387 1877 440 κατασκόπωι

1997 396 2077 440 est
2106 385 2342 449 Iericho,
2382 383 2474 438 sed
2524 393 2736 451 propter
2779 380 3174 450 exploratorum
3217 387 3523 434 accuratam

327 465 518 535 ἀκριϐῆ
552 465 824 528 ἐξέτασιν.
865 489 886 520 ‹
935 472 1234 541 Ἐζήτησαν
1276 473 1402 542 γὰρ,
1434 476 1615 545 φησὶν,
1639 478 1686 528 οἱ
1726 493 1892 529 κατα-

324 550 603 613 διώκοντες
639 553 827 616 πάσας
849 556 952 618 τὰς
981 557 1148 620 ὁδοὺς,
1180 560 1271 610 καὶ
1296 561 1392 628 οὐχ
1420 556 1593 628 εὖρον.
1631 580 1651 613 t

398 639 667 706 Τετράκις
683 643 890 708 μύριοι
913 644 1168 703 εὔζωνοι.
1222 648 1555 717 Σημειωτέον
1608 651 1687 703 ὅτι
1723 654 1754 720 ἠ
1808 669 1891 704 τε-

323 728 472 800 τρὰς,
498 728 605 780 εἴτε
658 731 933 800 μονάδων,
989 735 1096 786 εἴτε
1149 736 1523 800 ἐκατοντὰδων,
1572 739 1678 790 εἴτε
1707 741 1889 810 ἐτέρου

325 819 558 882 πλείονος
581 820 850 889 ἀριθμοῦ,
880 824 979 874 ἐπὶ
1008 822 1293 886 κακώσεως
1321 829 1508 878 κεῖται.

390 1005 654 1071 Ποίησόν
675 1019 777 1057 σοι
797 1008 1101 1074 μαχαίρας
1120 991 1394 1075 πετρίνας
1414 1009 1481 1061 ἐκ
1497 1008 1709 1076 πέτρας
1723 1012 1891 1078 ἀκρο-

324 1094 519 1160 τόμου.
545 1092 826 1159 Ζητητὲον
876 1094 970 1146 διὰ.
993 1096 1046 1147 τι
1091 1097 1150 1148 οὐ
1174 1098 1620 1169 περιετμήθησαν
1651 1101 1699 1151 οἱ
1744 1103 1799 1152 ἐν
1823 1103 1887 1171 τῇ

324 1182 505 1250 ἐρήμῳ
550 1181 882 1249 τεχθέντες⁶
939 1184 973 1254 ἢ
1023 1184 1109 1237 διὰ
1152 1185 1203 1237 τί
1233 1186 1309 1255 τῷ
1359 1188 1614 1258 Σαϐϐάτῳ
1658 1207 1739 1252 τις
1762 1189 1889 1253 ξύλα

324 1268 570 1333 συλλέξας
598 1270 694 1321 ἐπὶ
749 1273 1039 1336 Μωῦσέως
1091 1276 1153 1327 ἐκ
1185 1277 1595 1347 προστάγματος
1635 1279 1767 1332 Θεοῦ
1812 1280 1890 1333 λι-

324 1356 599 1420 θόλευστος
624 1358 844 1425 γέγονε.
896 1362 1162 1417 Τοσοῦτον
1196 1364 1252 1416 δὲ
1285 1365 1481 1435 πλῆθος
1526 1368 1890 1439 ἀπερίτμητον

327 1445 626 1514 μεμενηκὸς
648 1448 708 1498 ὲν
734 1449 806 1516 τῇ
859 1450 1056 1519 ἐρήμῳ
1094 1452 1213 1504 οὐδὲ
1262 1453 1534 1524 ἐμέμφθη,
1582 1456 1753 1508 καίτοι
1795 1458 1886 1510 τοῦ

324 1534 449 1587 Θεοῦ
471 1535 571 1604 μὲν
584 1536 1024 1607 ἀποφηναμένου
1042 1541 1471 1612 ἐξολοθρεύεσθαι
1492 1544 1586 1614 τὴν
1600 1546 1771 1616 ψυχὴν
1791 1549 1887 1618 τὴν

325 1623 395 1692 μὴ
444 1626 864 1696 περιτμημένην
912 1630 980 1697 τῇ
1028 1631 1208 1700 ἡμέρᾳ
1251 1635 1314 1702 τῇ
1363 1633 1539 1703 ὀγδόῃ,
1601 1635 1778 1687 οὐκέτι
1831 1636 1885 1688 δὲ

324 1712 412 1764 ἐπὶ
445 1712 548 1764 τῶν
578 1714 1045 1783 παραϐαινόντων
1090 1719 1149 1771 τὺ
1174 1720 1442 1774 Σάϐϐατον
1484 1721 1639 1776 τοῦτο
1659 1724 1887 1794 ὡρίσαν-
1916 1703 1957 1757 Β

321 1815 422 1861 τος.
454 1801 590 1870 Ἤδη
622 1803 725 1872 μὲν
748 1799 846 1857 οὖν
881 1806 983 1858 καὶ
1007 1807 1224 1860 αὐτόθεν
1236 1809 1482 1881 εὔδηλον,
1511 1813 1590 1864 ὃτι
1622 1815 1884 1885 περιτομὴ

325 1888 407 1941 καὶ
427 1889 697 1944 Σάϐϐατον
725 1893 830 1945 οὐκ
853 1894 1003 1947 αὐτὰ
1026 1896 1146 1948 καθ’
1172 1898 1336 1951 ἑαυτὰ
1368 1900 1524 1963 καλὰ,
1542 1901 1674 1954 ἀλλὰ
1701 1903 1884 1974 ἐπειδὴ

323 1979 450 2048 πρὸς
480 1981 668 2050 καιρὸν
688 1984 1123 2063 ἐχρησεμευσεν.
1162 1988 1353 2039 Ἰστέον
1376 1988 1430 2041 δὲ
1451 1990 1529 2042 ὅτι
1556 1991 1776 2065 σημείου
1792 1994 1887 2060 χά-

326 2084 401 2138 ριν
425 2069 510 2123 διὰ
529 2071 630 2141 τῆς
662 2076 984 2145 περιτομῆς
1009 2076 1265 2150 ἐϐουλήθη
1299 2079 1668 2151 γνωρίζεσθαι,
1688 2085 1777 2136 καὶ
1790 2085 1887 2137 οὐκ

325 2157 707 2228 ἀνασχομένους
722 2162 835 2214 ἀπὸ
853 2163 1095 2226 πίστεως
1112 2164 1413 2232 φαίνεσθαι,
1424 2167 1499 2230 ὡς
1513 2168 1751 2239 πρόϐατα
1764 2170 1885 2223 ἄλο-

324 2261 388 2311 γα
410 2246 482 2315 τῷ
518 2250 753 2321 καυτῆρι
776 2252 884 2304 κᾶν
908 2252 1181 2323 πλανηθῇ,
1207 2255 1391 2323 ραδίαν
1433 2256 1543 2325 ἔχει
1568 2258 1662 2327 τὴν
1694 2258 1883 2311 ἑαυτοῦ

326 2332 561 2405 εὕρεσιν⁸
620 2338 765 2391 οὕτω
785 2341 923 2404 τοὺς
976 2342 1252 2407 Ἰουδαίους
1300 2346 1748 2415 ἐπιμιγνυμένους
1776 2352 1885 2412 τοῖς

326 2424 515 2479 [Ἰνεσιν
539 2429 646 2482 ἀπὸ
673 2430 776 2499 τῆς
797 2434 1107 2502 περιτομῆς
1134 2436 1395 2503 φανεροὺς
1427 2432 1561 2490 εἶναι
1592 2437 1882 2507 βουληθείς.

327 2516 425 2567 Καὶ
452 2519 634 2571 τούτου
668 2520 958 2585 ἀπόδειξις
987 2522 1046 2573 τὸ
1076 2524 1132 2574 ἐν
1166 2525 1263 2593 μὲν
1299 2528 1361 2595 τῇ
1388 2527 1640 2597 Αἰγύπτῳ
1672 2530 1885 2599 περιτέ-

331 2605 536 2670 μνεσθαι
568 2608 765 2671 αὐτοὺς
788 2647 805 2672 ,
844 2611 906 2662 ὲν
935 2609 990 2662 δὲ
1016 2613 1079 2681 τῇ
1111 2612 1296 2682 ἐρήμῳ
1317 2652 1332 2676 ,
1363 2614 1543 2685 ἐπειδὴ
1579 2616 1723 2685 μόνοι
1750 2614 1885 2688 ἦσαν

329 2694 412 2746 καὶ
438 2696 741 2762 Αἰγυπτίων
785 2703 1188 2770 κεχωρισμένοι
1226 2703 1317 2754 καὶ
1358 2703 1464 2755 τῶν
1510 2704 1681 2759 ἄλλων
1720 2706 1885 2761 ἐθνῶν

328 2783 423 2835 τῶν
453 2786 588 2838 κατὰ
620 2788 1000 2859 Παλαιστίνην
1020 2828 1035 2854 ,
1066 2792 1463 2863 ἀπεριτμήτους
1499 2799 1882 2867 μεμενηκέναι.

333 2875 449 2960 ’ρτε
475 2877 530 2929 δὲ
561 2879 934 2948 παρελθόντες
955 2880 1043 2933 τὸν
1078 2881 1339 2953 Ἰορδάνην
1387 2884 1604 2953 ἔμελλον
1647 2889 1702 2940 ἐν
1738 2890 1884 2960 μέσῳ

329 2957 451 3016 εἶναι
477 2966 581 3019 τῶν
603 2967 796 3032 ἐθνῶν,
815 2966 984 3033 αὖθις
1007 2972 1444 3043 προσετάχθησαν
1462 2957 1877 3048 περιτμηθῆναι..

330 3052 510 3125 Διόπερ
539 3057 602 3109 ἐκ
647 3058 912 3129 δευτέρου
943 3055 1114 3121 εἶπεν,
1147 3061 1225 3112 ὅτι
1256 3063 1354 3114 οὐκ
1390 3064 1755 3138 όκταημέρους
1786 3084 1880 3120 πε·-

333 3141 686 3211 ριετέμνοντο,
713 3146 830 3199 ἀλλ’
863 3146 1223 3216 ἀνδροθέντας
1249 3150 1369 3219 ήδη,
1404 3150 1497 3206 καὶ
1533 3153 1667 3223 πρὸς
1705 3155 1880 3225 γῆράς

329 3245 466 3293 τινας
488 3235 825 3299 νενευκότας.
863 3236 934 3287 Ἤ
961 3235 1016 3287 δέ
1039 3237 1260 3308 πετρίνη
1297 3239 1536 3312 μάχαιρα
1566 3241 1654 3295 τὸν
1680 3245 1878 3313 Κύριον

331 3318 446 3385 ἡμῖν
474 3321 617 3392 δηλοῖ
635 3324 726 3378 τὸν
749 3324 849 3394 τὴν
876 3324 1074 3395 νοητὴν
1105 3325 1256 3380 δόντα
1286 3331 1415 3398 ἡμῖν
1443 3331 1755 3401 περιτομὴν,
1782 3333 1878 3403 τὴν

332 3413 402 3489 si;
432 3413 547 3466 νοῦν
571 3418 664 3470 καὶ
689 3419 948 3489 καρδίαν.
984 3421 1081 3472 Διὰ
1111 3421 1264 3474 τοῦτο
1305 3422 1411 3493 γὰρ
1443 3426 1536 3476 καὶ
1566 3426 1592 3476 ὁ
1631 3426 1879 3479 ’Δπόστο-

331 3498 411 3561 λος
433 3504 557 3571 ἡμῖν
592 3504 746 3574 ἔλεγε
790 3511 1096 3581 περιτομὴν
1129 3511 1218 3564 τοῦ
1261 3511 1523 3585 Χριστοῦ,
1570 3516 1668 3568 οὐκ
1715 3517 1772 3568 ὲν
1811 3521 1875 3589 τῇ

332 3594 605 3653 ἀπεκδύσει
626 3600 725 3669 τῆς
753 3601 965 3672 σαρκὸς
991 3603 1164 3672 ἡμῶν.
1432 3650 1439 3653 .
1595 3612 1650 3627 “'

406 3685 543 3753 Ἐγὼ
578 3689 1056 3758 ἀρχιστράτηγος
1072 3690 1178 3757 τῆς
1200 3690 1500 3760 δυνάμεως
1515 3694 1751 3761 Κυρίου,
1764 3696 1879 3749 νῦν

335 3776 703 3845 culpari-frore].
748 3779 1075 3848 Μεμνῆσθαι
1113 3781 1191 3833 δεῖ
1216 3781 1295 3834 ὅτι
1338 3782 1497 3850 ἡνίκα
1523 3782 1877 3855 ἐμοσχοποίη-

335 3878 438 3923 σαν,
458 3866 486 3916 ό
514 3866 641 3929 Θεὸς
671 3867 749 3937 τῷ
774 3869 1003 3921 Μωῦσεῖ
1027 3876 1291 3941 φησιν,ὅτι
1310 3891 1329 3923 ι
1363 3871 1625 3939 *Ανάγαγε
1638 3870 1726 3924 τὸν
1752 3872 1877 3926 λαὸν

332 3950 521 4015 τοῦτον,
545 3956 605 4006 οὐ
632 3957 740 4026 γὰρ
772 3956 848 4025 μὴ
882 3957 1160 4010 συναναϐὦ
1182 3958 1265 4009 διὰ
1296 3959 1357 4010 τὸ
1381 3957 1470 4010 τὸν
1491 3958 1618 4012 λαὸν
1648 3961 1876 4032 σκληρο-

332 4042 579 4113 τράχηλον
607 4042 761 4099 εἶναι.
800 4046 912 4098 Καὶ
951 4046 1059 4099 ἰδοὺ
1100 4047 1376 4100 ἀποστελῶ
1399 4048 1489 4100 τὸν
1521 4050 1746 4117 ἄγγελόν
1776 4069 1876 4121 μου

335 4130 428 4199 πρὸ
467 4134 750 4203 προσώπου
788 4152 907 4188 σου.
952 4137 1189 4206 Πρόσεχε
1238 4132 1329 4190 οὖν
1372 4138 1615 4208 σεαυτῷ,
1656 4141 1748 4192 καὶ
1801 4142 1874 4213 μὴ

332 4219 543 4274 ὰπείθει.
587 4243 605 4273 ι
650 4223 709 4277 ’0
731 4225 789 4278 δὲ
822 4226 1061 4295 Μωῡσῆς
1093 4225 1227 4295 πρὸς
1254 4226 1413 4280 αὐτόν
1438 4244 1623 4296 φησιν·
1655 4248 1673 4281 ι
1704 4230 1765 4282 El
1798 4231 1873 4301 μὴ

1993 474 2478 543 investigationem.
2520 489 2538 520 ι
2576 470 2954 538 Exquisierunt
2984 469 3145 535 enim,
3172 468 3341 537 inquit
3370 466 3432 529 ‘°,
3484 466 3522 520 ii

1990 564 2077 632 qui
2103 560 2576 630 persequebantur,
2598 575 2782 614 omnes
2804 563 2991 622 vias,et
3014 576 3117 615 non
3141 561 3474 613 invenerunt.
3498 574 3518 609 ι

2060 650 2420 718 Quadraginta
2448 648 2586 701 mille
2613 649 2734 700 bene
2778 650 2996 701 accincti
3022 648 3085 702 ιτ.
3125 648 3521 703 Observandum

1989 750 2071 794 est
2138 738 2487 807 quaternione
2538 737 2650 790 sive
2694 737 2993 801 unitatum,
3066 739 3177 791 sive
3234 734 3523 789 centenarii

1990 838 2080 882 aut
2130 827 2352 881 alterius
2396 824 2615 894 majoris
2660 826 2888 889 numeri,
2933 824 3327 879 infestationem
3380 824 3522 879 desi-

1990 917 2158 984 gnari.

2058 994 2170 1057 Fac
2208 1006 2299 1058 tibi
2341 1003 2537 1057 cultros
2580 1007 2806 1072 petrinos
2830 1003 2893 1057 de
2925 1013 3068 1072 petra
3094 1014 3245 1056 acuta
3277 1003 3339 1057 η.
3372 1001 3526 1070 Qua:-

1990 1095 2209 1148 rentlum
2243 1104 2323 1148 est
2383 1109 2481 1148 cur
2507 1094 2807 1147 circumcisi
2852 1108 2953 1147 non
2979 1093 3176 1147 fuerint
3203 1094 3291 1161 qui
3341 1093 3391 1146 in
3428 1093 3532 1146 de—'

1987 1192 2133 1238 serto
2161 1184 2271 1235 nati
2300 1191 2445 1246 sunt,
2473 1193 2563 1237 aut
2588 1199 2683 1236 cur
2710 1184 2797 1251 qui
2824 1185 3036 1237 vivente
3066 1182 3244 1251 Moyse
3270 1182 3409 1251 ligna
3442 1183 3526 1235 die

1988 1271 2207 1327 Sabbati
2234 1274 2538 1344 collegerat,
2558 1275 2710 1343 jussu
2736 1274 2827 1329 Dei
2850 1274 3113 1342 lapidatus
3133 1275 3223 1337 sit,
3253 1283 3397 1326 tanta
3431 1288 3526 1326 au-

1990 1372 2091 1417 tem
2125 1364 2403 1417 multitudo
2457 1380 2573 1432 qua:
2629 1364 3005 1419 incircumcisa
3062 1372 3428 1433 permanserat
3472 1364 3523 1416 in

1986 1454 2215 1516 deserto,
2246 1469 2311 1507 ne
2341 1454 2618 1522 olijnrgata
2650 1454 2860 1522 quidem
2919 1453 3009 1516 sit,
3070 1453 3190 1507 licet
3226 1451 3366 1506 Deus
3417 1453 3527 1518 jam

1984 1545 2330 1599 exterminari
2378 1544 2714 1613 praecepisset
2736 1544 2964 1597 animam
2996 1558 3112 1612 quae
3161 1557 3262 1596 non
3298 1544 3528 1597 circum-

1986 1634 2253 1687 ciderctur
2303 1642 2490 1686 octava
2550 1632 2657 1697 die,
2700 1632 2872 1685 eidem
2931 1644 3058 1685 vero
3091 1645 3261 1700 poenae
3293 1632 3529 1683 nondum-

1985 1739 2075 1777 eos
2096 1723 2387 1777 addixisset
2412 1723 2503 1791 qui
2526 1722 2816 1775 Sabbatum
2844 1721 3367 1789 transgrederentur.
3392 1720 3526 1774 Hinc

1986 1815 2146 1883 igitur
2173 1812 2335 1880 liquet
2362 1808 2821 1867 circumcisionem
2869 1820 2923 1871 et
2952 1810 3238 1865 Sabbatum
3275 1826 3377 1863 non
3409 1824 3526 1863 esse

1985 1919 2079 1974 per
2129 1900 2189 1958 se
2236 1904 2391 1966 bona,
2418 1905 2509 1956 sed
2538 1903 2657 1957 ideo
2685 1904 2818 1956 bona
2850 1903 2976 1971 quia
3025 1903 3088 1957 ad
3138 1912 3344 1969 tempus
3378 1902 3523 1954 utilia

1986 1994 2219 2047 filerunt.
2254 1992 2538 2047 Sciendum
2571 2000 2654 2047 est
2688 2006 2811 2045 eum
2844 1993 2910 2044 ad
2936 1992 3105 2046 instar
3135 1992 3268 2061 signi
3293 1993 3525 2046 circum-

1983 2084 2183 2138 cisione
2224 2092 2277 2138 et
2308 2098 2409 2136 non
2452 2080 2563 2134 sola
2602 2082 2707 2135 fide
2750 2081 3146 2143 volnissejllos
3183 2079 3434 2142 discerni,
3469 2088 3527 2133 ut

1985 2173 2424 2238 quemadmodum
2449 2184 2641 2239 pecora
2665 2169 3056 2223 irrationabilia
3078 2170 3267 2237 quibus
3288 2170 3525 2223 canden-

1986 2261 2053 2314 tis
2105 2259 2231 2313 ferri
2281 2269 2404 2313 nota
2443 2261 2616 2312 inusta
2659 2265 2761 2323 est,
2814 2257 2987 2324 facile,
3031 2259 3238 2312 etiamsi
3302 2272 3522 2311 errave-

1984 2350 2109 2415 rint,
2139 2348 2296 2419 395
2322 2349 2675 2418 reperiuntur,
2706 2348 2775 2400 ita
2805 2346 2967 2401 Judaei
2997 2348 3242 2415 gentibus
3274 2348 3516 2415 permisti

1986 2441 2388 2515 circumcisione
2438 2439 2705 2495 manifesti
2745 2439 2953 2494 tierent.
3016 2438 3181 2508 Hujus
3233 2441 3309 2494 rei
3357 2456 3522 2510 argu-

1985 2540 2163 2586 mento
2196 2540 2276 2586 est
2306 2530 2443 2600 quod
2476 2531 2525 2584 in
2559 2529 2788 2601 Egypto
2816 2531 3026 2600 quidem
3060 2531 3522 2584 circumcisionem

1936 2686 1943 2693 .
1985 2623 2323 2688 acceperint,
2370 2624 2421 2673 in
2455 2621 2667 2674 deserto
2698 2635 2825 2676 vero
2865 2619 3112 2687 quoniam
3159 2619 3254 2673 soli
3287 2627 3437 2674 erant
3469 2629 3524 2672 et

1953 2708 2050 2762 ab
2092 2707 2361 2778 Egyptiis
2414 2708 2637 2774 aliisque
2703 2708 2999 2763 Palaestina:
3037 2708 3225 2762 vicinis
3277 2709 3525 2777 gentibus

1984 2798 2235 2865 separati,
2274 2796 2629 2851 incircumcisi
2657 2799 3066 2866 permanserint.
3087 2797 3309 2862 Quando
3339 2807 3517 2851 autem

1982 2884 2267 2940 Iordanem
2312 2887 2629 2953 transgressi
2674 2887 2724 2941 in
2779 2887 2955 2941 medio
2997 2887 3520 2956 gentiumyersaturi

1906 2997 1950 3055 ρ
1982 2981 2153 3039 erant,
2174 2988 2359 3028 rursus
2392 2974 2697 3028 circumcidi
2743 2973 3013 3038 iubentur.
3050 2974 3401 3039 Quamobrem
3439 2990 3523 3030 se—

1977 3066 2152 3118 cundo
2214 3063 2342 3117 dicit
2415 3079 2522 3117 non
2590 3063 2820 3118 infantes
2875 3066 3043 3118 solum
3112 3073 3234 3117 octo
3287 3064 3516 3127 dierum,

1976 3148 2069 3205 sed
2128 3151 2271 3205 viros
2332 3149 2598 3219 perfectos
2649 3159 2703 3204 et
2750 3151 3012 3217 quosdam
3074 3151 3235 3203 etiam
3303 3148 3370 3201 ad
3421 3163 3521 3202 se-

1979 3246 2240 3293 nectutem
2274 3244 2555 3307 vergentes
2593 3234 2933 3292 circumcisos
2982 3238 3162 3291 fuisse.
3206 3236 3390 3291 Culter
3419 3250 3513 3304 pe-

1979 3328 2150 3381 trinus
2180 3328 2457 3381 Dominum
2487 3328 2751 3397 significat
2777 3328 2867 3395 qui
2904 3326 3196 3396 spiritalem
3236 3327 3389 3380 nobis
3413 3327 3521 3379 cir-

1979 3419 2355 3473 cumcisionem
2403 3422 2594 3473 mentis
2643 3429 2697 3474 et
2763 3418 2939 3474 cordis
2999 3416 3162 3471 dedit.
3213 3415 3335 3470 Ideo
3376 3418 3520 3470 enim

1978 3506 2257 3574 Apostolus
2288 3507 2328 3539 ⁸³
2362 3522 2574 3575 quoque
2613 3505 3069 3561 circumcisionem
3102 3511 3255 3558 vocat
3296 3503 3519 3576 Christi,

1976 3608 2081 3647 non
2114 3595 2166 3646 in
2199 3595 2578 3663 exspoliatione
2609 3594 2787 3649 carnis
2818 3602 3031 3649 nostrae.

2047 3682 2157 3750 Ego
2202 3699 2315 3735 sum
2354 3684 2588 3751 princeps
2625 3683 2827 3735 militia:
2863 3683 3065 3736 virtutis
3097 3683 3342 3737 Domini:
3381 3699 3517 3736 nunc

1975 3771 2156 3824 adveni
2188 3772 2253 3825 ³ο.
2282 3769 2585 3825 Meminisse
2629 3778 2836 3838 oportet
2860 3808 2876 3830 ,
2921 3771 3131 3837 quando
3157 3769 3517 3824 conﬂaverunt

1976 3860 2198 3914 vitulum
2226 3899 2242 3926 ,
2274 3872 2397 3915 tunc
2425 3860 2589 3914 Deum
2638 3858 2804 3929 Moysi
2846 3859 3037 3913 dicere
3055 3859 3097 3891 “
3123 3873 3137 3912 :
3171 3878 3189 3911 ι
3220 3858 3395 3914 Deduc
3423 3873 3517 3927 po—

1974 3950 2152 4020 pulum
2181 3952 2360 4015 istum,
2387 3965 2490 4004 non
2512 3950 2650 4005 enim
2678 3949 2835 4016 simul
2864 3949 3169 4013 ascendam,
3199 3950 3321 4019 quia
3352 3965 3515 4020 popu-

1976 4041 2055 4095 lus
2079 4041 2210 4096 dura
2243 4040 2451 4096 cervice
2473 4050 2572 4095 est.
2600 4041 2660 4094 Et
2684 4055 2809 4095 ecce
2838 4041 3043 4095 mittam
3063 4040 3306 4109 angelum
3337 4055 3514 4095 meum

1974 4139 2096 4183 ante
2114 4130 2300 4184 faciem
2331 4139 2493 4184 tuam.
2516 4130 2743 4184 Attende
2770 4145 2897 4199 ergo
2926 4132 3040 4194 tibi,
3064 4145 3160 4185 nec
3184 4140 3298 4184 esto
3321 4131 3512 4185 inobe-

1974 4218 2146 4272 diens.
2196 4236 2215 4269 ι
2279 4217 2376 4273 Cui
2419 4218 2626 4290 Moyses
2676 4221 2956 4287 respondet
2991 4221 3034 4250 "
3076 4235 3090 4271 :
3134 4235 3154 4269 ι
3196 4218 3251 4271 Si
3303 4233 3406 4271 non
3457 4227 3513 4272 tu

335 4312 609 4384 συνανέρχῃ
647 4316 809 4384 ἡμῖν,
850 4317 924 4385 μή
975 4332 1042 4384 με
1086 4316 1361 4386 ἀναγάγῃς
1400 4317 1664 4373 ἐντεῦθεν.
1706 4338 1723 4370 ι
1762 4322 1873 4374 Καὶ

1985 4310 2085 4373 pse
2121 4305 2274 4358 simul
2315 4308 2523 4361 veneris
2549 4346 2564 4370 ,
2602 4321 2669 4360 ne
2721 4322 2802 4361 me
2854 4308 3048 4360 educas
3080 4306 3225 4360 hinc.
3253 4315 3277 4357 ἰ
3310 4305 3512 4372 Quibus

331 4398 472 4452 τοῦτο
492 4402 654 4455 εἰπὼν
684 4403 871 4456 ἔπεισε
894 4421 908 4435 ο
944 4404 1037 4456 καὶ
1060 4400 1127 4473 ἦν
1164 4405 1297 4473 μετὰ
1330 4405 1422 4458 τοῦ
1460 4407 1607 4472 λαοῦ,
1635 4408 1735 4470 ἕως
1771 4409 1868 4479 τῆς

331 4483 563 4557 τελευτῆς
603 4493 835 4561 Μωῦσῆ.
886 4495 1037 4546 Μετὰ
1086 4494 1141 4545 δὲ
1178 4495 1275 4563 τὴν
1325 4494 1507 4547 τούτου
1554 4496 1862 4564 ἁποϐίωσιν,

335 4572 559 4636 φαίνεται
609 4578 707 4646 μὲν
749 4581 844 4632 καὶ
891 4580 1191 4648 διαλέγεται
1232 4580 1308 4650 τῷ
1353 4581 1445 4633 τοῦ
1476 4581 1625 4652 Ναυῆ
1672 4583 1863 4653 Ἰησοῦ.

334 4659 472 4713 Μετὰ
490 4665 615 4729 γοῦν
644 4667 744 4737 τὴν
769 4669 1086 4723 ἐπιστασίαν
1114 4668 1205 4720 τοῦ
1231 4662 1357 4722 λαοῦ
1391 4671 1470 4733 εἰς
1498 4671 1589 4723 τὸν
1625 4672 1867 4744 μαθητὴν

335 4748 588 4815 Μωῦσέως
656 4756 840 4809 λοιπὸν
916 4757 1273 4825 παραδίδωσιν
1337 4760 1493 4811 αὐτὸν
1552 4759 1629 4829 τῷ
1710 4762 1866 4832 ἀρχι-

336 4843 602 4914 στρατήγῳ
642 4846 721 4915 τῷ
766 4848 1005 4916 Μιχαήλ.
1044 4841 1206 4910 Οὗτος
1244 4844 1309 4917 ἦν
1358 4850 1536 4919 ἄρχων
1576 4850 1668 4904 τοῦ
1700 4851 1862 4916 λαοῦ,

337 4928 402 4991 ὡς
433 4932 488 4984 ὲν
516 4934 591 5004 τῷ
625 4936 820 5007 Δανιὴλ
856 4937 1102 5005 φαίνεται
1137 4935 1304 5005 λέγων
1341 4939 1522 5008 ἔτερος
1558 4938 1800 5007 ἄγγελος.

396 5042 767 5113 Πορευόμενοι
791 5046 887 5100 καὶ
921 5045 1324 5113 σαλπίζοντες.
1350 5049 1516 5100 Αὐταὶ
1555 5051 1608 5100 αἱ
1638 5049 1864 5117 σάλπιγ-

346 5141 439 5193 rec,
465 5131 716 5201 σύμϐολόν
746 5138 849 5188 εἱσι
881 5135 991 5189 τῶν
1020 5136 1079 5186 ὲν
1103 5138 1166 5204 τῇ
1198 5137 1395 5208 ἐσχάτῃ
1415 5140 1613 5205 ἡμέρᾳ.
1648 5155 1665 5186 ι
1696 5138 1861 5201 Αὐτὸς

1972 4397 2128 4450 dictis
2175 4396 2222 4450 ei
2276 4396 2573 4463 persuasit,
2624 4404 2678 4449 et
2712 4409 2831 4449 cum
2881 4395 3072 4465 populo
3119 4395 3215 4451 l'uit
3247 4408 3412 4463 usque
3447 4395 3512 4448 ad

1970 4488 2173 4541 obitum
2204 4486 2421 4557 Moysis,
2446 4500 2550 4555 quo
2585 4496 2794 4540 mortuo
2824 4493 3042 4555 apparet
3061 4484 3183 4540 Jesu
3214 4484 3322 4537 lilio
3344 4482 3509 4548 Nave,

1970 4585 2022 4630 et
2062 4591 2182 4630 cum
2222 4591 2287 4631 eo
2315 4576 2656 4644 colloquitur.
2697 4578 2984 4646 Postquam
3033 4591 3163 4644 ergo
3193 4574 3417 4644 popuius
3453 4573 3508 4627 in

1972 4664 2168 4734 Moysis
2202 4665 2518 4734 distipulum
2564 4665 2750 4721 oculos
2786 4666 2991 4720 deﬁxos
3026 4664 3248 4728 habuit,
3293 4662 3509 4715 tradidit

1970 4752 2118 4806 illum
2148 4755 2287 4808 Deus
2314 4756 2538 4827 principi
2573 4757 2771 4811 militiae
2801 4771 2927 4819 suae,
2959 4754 3222 4812 Michaeli.
3260 4751 3357 4807 llic
3390 4759 3508 4805 erat

1970 4843 2213 4911 princeps
2242 4844 2450 4913 populi,
2485 4854 2542 4898 ut
2572 4846 2625 4900 in
2657 4845 2874 4900 Daniele
2905 4846 3116 4899 videtur
3150 4843 3330 4897 dicere
3355 4841 3510 4893 alter

1968 4936 2204 5002 angelus.

2037 5045 2365 5100 Ambulantes
2399 5062 2454 5099 et
2487 5046 2776 5115 clangentes
2803 5045 2864 5097 ’³.
2908 5042 3002 5096 Hm
3035 5041 3168 5095 tuba:
3208 5040 3507 5108 symbolum

1968 5146 2090 5188 sunt
2118 5150 2300 5189 eorum
2329 5151 2444 5204 quae
2476 5137 2525 5188 in
2554 5134 2839 5189 novissima
2869 5132 2956 5183 die
2979 5130 3283 5194 contingent
3308 5144 3321 5177 :
3354 5144 3373 5177 ι
3392 5127 3512 5194 Ipse

341 5216 450 5286 γὰρ,
489 5223 661 5291 φησὶν,
703 5227 734 5276 ό
763 5225 964 5295 Κύριος
1006 5226 1064 5275 ἐν
1096 5224 1437 5295 κελεύσματι,
1469 5226 1527 5275 ἐν
1556 5228 1700 5296 φωνῇ
1728 5229 1860 5299 ἁρχ-

1985 5226 2123 5289 :nitn,
2184 5225 2353 5293 inquit
2394 5224 2477 5287 “,
2525 5224 2778 5276 Dominus
2822 5217 2873 5268 in
2903 5218 3094 5280 jussu,
3144 5216 3194 5265 in
3242 5226 3377 5265 voce
3424 5229 3511 5266 ar-

342 5308 582 5375 αγγέλου,
624 5314 714 5367 καὶ
771 5315 827 5368 ἐν
871 5313 1134 5380 σάλπιγγι
1174 5314 1297 5369 Θεοῦ
1351 5312 1709 5382 καταϐήσεται
1762 5316 1855 5368 ἀπ’

1963 5314 2205 5387 changeli
2236 5326 2288 5371 et
2317 5316 2370 5370 in
2411 5315 2535 5370 tuba
2564 5314 2655 5368 Dei
2687 5306 2976 5364 descendet
3005 5305 3069 5356 de
3102 5303 3254 5355 coelo.
3292 5320 3311 5352 ι
3358 5302 3511 5366 Quod

403 5484 440 5562 εξ
461 5487 562 5543 ius,
587 5507 646 5556 ιι⁹
674 5531 689 5555 ,
721 5494 813 5549 2:5,
884 5494 938 5562 _"
965 5489 1080 5544 Jos.
1110 5493 1291 5562 rv,_l3.
1367 5495 1405 5525 ’⁸
1430 5492 1540 5548 Jos.
1576 5507 1625 5557 v,
1650 5493 1701 5550 2.
1778 5497 1877 5553 "C

1985 5514 2041 5552 is.
2073 5498 2236 5562 ιι,11.
2313 5498 2362 5530 "
2387 5494 2493 5550 Jos.
2531 5509 2578 5557 v,
2612 5492 2696 5544 lt.
2776 5485 2819 5515 ”
2844 5482 3017 5535 Exod.
3043 5496 3234 5539 nam.
3304 5482 3346 5513 “
3379 5483 3513 5538 Ibid.

344 5549 383 5584 ⁸³
407 5554 505 5610 Jos.
534 5572 597 5627 ιι,
624 5549 687 5616 θί
739 5565 783 5596 ’³
810 5564 830 5619 ι
858 5560 1057 5615 Thess.
1086 5549 1264 5624 “3’15.
1295 5589 1297 5591 ι
