3822 6220
473 273 576 329 sar
1906 253 2220 315 ORIGENIS
2717 316 2723 321 I
3611 230 3691 284 ω

478 390 621 454 «Τιι,
656 388 843 456 inquit,
873 386 1014 456 elige
1045 387 1135 447 tibi
1182 384 1326 439 viros
1369 391 1611 453 potentes
1656 396 1724 437 ex
1765 379 2012 436 onmibus
2041 380 2087 436 Α
2152 372 2239 462 73-
2300 368 2419 435 Οιιο
2469 360 2889 462 ῖεῑιιξτωηοιιξῆ
2934 355 3064 411 huic
3126 361 3324 408 cum”
3362 353 3693 462 Pm'flduflf

478 452 614 532 tiliis
641 452 874 535 Israel.»
931 452 1028 530 llic
1068 491 1195 545 ergo
1225 476 1311 529 ubi
1361 452 1591 543 primum
1622 474 1770 529 disco
1820 486 2011 525 nomen
2116 461 2321 551 Nempe
2360 472 2429 512 eo
2453 457 2601 551 quod
2645 456 2793 510 liber
2828 453 2932 507 hic
2969 466 3083 551 non
3117 461 3234 504 tam
3262 458 3412 551 gefa
3442 452 3579 549 nobis
3603 452 3693 551 (ιι)

472 566 625 633 desu,
654 569 722 622 ibi
753 570 1004 623 continuo
1034 534 1192 620 etiam
1226 565 1464 637 mysterii
1513 566 1666 620 video
1708 578 2016 618 sacrameu-
2119 550 2215 603 mli
2260 546 2407 601 Nave
2453 545 2686 637 ῖιιάίεέιο
2731 556 2917 637 qui?“
2973 536 3113 592 ’95“
3168 535 3278 637 οξεί
3333 534 3697 637 Βίξπιίηίηοδίί

476 666 587 710 mm
612 627 638 713 ἐ
667 657 814 711 duci;
837 658 978 711 enim
1003 627 1297 710 exercitu";
1319 652 1497 707 Jews,
2118 644 2465 696 sacramenta
2501 635 2789 704 depingat.
2837 630 2973 699 Ipse
3011 638 3104 683 est
3129 627 3282 681 enim
3320 627 3411 695 qui
3447 636 3555 712 post
3581 644 3697 681 mor-

545 749 599 801 2.
645 765 662 798 t
693 748 758 800 Et
794 746 991 800 factum
1026 758 1108 802 est
1143 761 1262 800 cum
1301 744 1579 799 extollere!
1626 760 1816 799 manus
1865 760 2014 811 snas,

2134 745 2227 785 ,em
2260 729 2432 797 Moysi
2464 724 2712 792 suscepit
2745 722 3072 791 imperium
3099 758 3116 783 ,
3157 718 3279 786 ipse
3334 725 3415 769 est
3456 717 3535 785 qui
3580 719 3697 774 ducit

478 836 840 891 invalescebat
891 837 1075 892 lsrael.
1132 837 1263 890 Cum
1315 846 1490 889 autem
1527 835 1781 903 dejiceret
1827 851 2019 891 manus

2134 820 2447 882 :xercitum,
2502 825 2561 869 et
2590 812 2854 881 conﬂigit
2886 811 3174 864 adversus
3217 809 3435 864 Amalec
3461 828 3475 863 :
3501 822 3549 864 et
3582 816 3693 880 quod

476 939 621 989 suas,
653 925 1007 979 invalescebat
1028 925 1244 979 Amalec
1265 926 1330 979 '°.
1361 945 1380 978 ι
1416 924 1564 979 Tunc
1589 900 2020 991 ergoinvalescit
2121 910 2192 963 ibi
2227 906 2668 962 adll'llbmbam"
2695 904 2816 970 (4⁵)
2870 902 2931 954 in
2965 908 3168 953 ¹⁸¹⁰¹¹¹⁸
3209 900 3456 953 ¹¹¹³¹¹ί¹¹¹¹⁵
3485 903 3692 965 θ¹¹θ¹¹⁵ί³ν

2119 998 2287 1065 affigit
2315 997 2468 1050 cruci
2500 1011 2614 1050 sua:
2648 994 2826 1063 398
2868 991 3245 1060 triumphans
3284 992 3622 1059 principatus,
3655 1005 3694 1048 et

2120 1098 2420 1158 potestates
2441 1086 2495 1140 in
2528 1085 2860 1152 semetipso.
2927 1081 3260 1136 Defunctus
3302 1091 3384 1135 est
3417 1082 3563 1151 igitur
3585 1082 3694 1154 Moy.

2119 1190 2247 1233 ses:
2274 1177 2516 1231 cessavit
2543 1176 2696 1230 enim
2728 1175 2848 1231 lex.
2908 1172 3205 1240 Quoniam
3253 1175 3341 1228 lex
3387 1184 3438 1228 et
3478 1177 3694 1245 propheta:

2120 1285 2293 1337 usque
2352 1269 2420 1321 ad
2456 1266 2728 1321 Joannem
2759 1264 2832 1317 ³⁸.
2859 1263 2964 1318 Vis
2980 1271 3180 1318 autem
3199 1263 3271 1318 de
3312 1264 3586 1333 Scripturis
3608 1283 3695 1333 pro-

2121 1355 2291 1409 feram
2348 1355 2708 1418 documenta,
2764 1355 2928 1423 quod
2989 1354 3086 1407 lex
3146 1354 3363 1422 Moyses
3415 1354 3691 1422 appellatur?

2118 1446 2260 1498 Audi
2303 1444 2434 1512 quid
2479 1445 2616 1499 dicit
2646 1446 2701 1498 in
2737 1443 3073 1512 Evangelio
3101 1442 3152 1473 ³⁸
3187 1460 3201 1495 :
3238 1461 3257 1492 ι
3289 1441 3491 1497 IIabent
3529 1442 3690 1512 Moysen

2120 1542 2174 1586 et
2200 1534 2517 1603 praphetas,
2539 1535 2775 1591 audiant
2808 1534 2967 1595 illos;
3008 1552 3030 1585 ι
3063 1531 3298 1603 Moysen
3327 1533 3501 1600 utique
3520 1533 3593 1586 hic
3608 1536 3692 1586 sine

2120 1620 2291 1676 dubio'
2306 1620 2481 1692 legem
2506 1623 2812 1676 nominans
2847 1621 3006 1690 (46).
3030 1621 3343 1675 Defunctus
3367 1631 3574 1690 estergo
3589 1621 3692 1690 Moy-

475 1014 629 1070 Jesus
653 1016 839 1085 magis.
888 1027 941 1070 et
969 1025 1093 1071 tunc
1133 1017 1321 1083 vincit,
1367 1015 1580 1084 quando
1610 1015 1822 1085 Moyses
1858 1016 2020 1082 erigit

477 1121 664 1158 manus
687 1121 831 1159 suas.
874 1106 1054 1160 Victus
1075 1114 1156 1160 est
1180 1116 1356 1159 autem
1381 1105 1605 1174 populus
1642 1105 1729 1159 ille
1757 1107 1823 1159 ab
1855 1107 2018 1159 Ama-

476 1192 556 1246 lcc
586 1193 717 1264 (59),
742 1195 990 1262 quoniam
1016 1195 1126 1264 jam
1150 1210 1255 1249 non
1280 1197 1516 1263 erigebat
1541 1213 1725 1251 manus
1747 1211 1893 1260 suas,
1923 1198 2017 1250 sed

474 1291 632 1335 erant
690 1284 936 1338 demissa:
988 1285 1237 1339 deorsum
1281 1303 1296 1338 :
1334 1286 1405 1339 illi
1452 1295 1577 1340 sunt
1626 1287 1766 1340 enim
1823 1286 2017 1354 quibus

476 1371 674 1424 dicitur
702 1372 742 1402 ³⁸
772 1387 787 1425 :
823 1390 840 1423 ι
866 1372 920 1426 Si
951 1375 1243 1428 crederetis
1273 1374 1474 1445 Moysi,
1513 1376 1807 1430 crederetis
1834 1375 2019 1443 utique

474 1469 527 1512 et
557 1462 704 1515 mihi.
733 1462 798 1516 Et
821 1478 947 1518 ecce
975 1478 1060 1517 me
1100 1465 1262 1519 vultis
1294 1466 1541 1527 occidere
1586 1469 1675 1533 qui
1706 1466 1876 1535 legem
1910 1481 2016 1519 non

478 1551 724 1605 facitis?»
760 1554 1014 1608 Cessante
1044 1569 1272 1624 namque
1300 1555 1415 1624 lege
1442 1556 1576 1624 apud
1606 1555 1724 1610 illos
1750 1566 1804 1610 et
1834 1556 2014 1623 operi-

474 1642 575 1696 bus
601 1641 764 1713 legis,
817 1644 939 1712 quia
981 1646 1105 1699 dum
1141 1660 1288 1700 suam
1321 1645 1582 1713 justitiam
1623 1653 1869 1713 quatrunt
1901 1652 2014 1698 sta-

478 1741 648 1797 tuere,
675 1731 896 1798 justitia:
915 1736 1008 1789 Dei
1036 1751 1138 1789 nou
1171 1747 1293 1789 sunt
1335 1734 1581 1802 subiecti,
1614 1735 1857 1788 demissae
1887 1728 2012 1788 sunt

457 1826 666 1877 'manus
693 1824 881 1895 Moysi,
915 1827 1134 1879 invaluit
1164 1826 1507 1880 incredulitas
1526 1866 1540 1890 ,
1588 1828 1818 1880 vincitur
1846 1840 2014 1893 popu-

475 1910 577 1965 lus.
606 1910 709 1966 Sed
744 1923 796 1967 et
821 1913 1026 1984 Nabad,
1061 1924 1109 1968 et
1136 1915 1310 1970 Abiud
1334 1954 1348 1978 ,
1377 1927 1429 1968 et
1456 1915 1673 1969 Eleazar
1702 1915 2012 1983 relinquun-

478 2009 565 2052 tur
605 2002 892 2068 incastris,
936 2015 990 2058 ut
1020 2005 1256 2072 judicent
1282 2005 1624 2074 populum".
1674 2004 2017 2072 Relinquitur

475 2090 635 2143 etiam
667 2091 851 2148 Jothor
875 2095 985 2165 (40)
1013 2103 1067 2148 et
1119 2095 1232 2163 ipse
1288 2103 1343 2146 ut
1376 2093 1577 2161 judicet
1612 2092 1857 2162 pepulum
1890 2109 2015 2149 cum

475 2182 554 2235 eis
578 2182 643 2240 ³³.
674 2183 830 2238 Jesus
876 2200 1003 2239 vero
1051 2202 1154 2240 non
1197 2186 1603 2254 derelinquitur,
1636 2189 1728 2240 sed
1771 2189 2016 2255 sequitur

476 2268 690 2339 Moysen
742 2271 797 2325 in
829 2280 1060 2328 montem
1103 2289 1222 2329 cum
1259 2278 1486 2344 quadam
1522 2277 1818 2344 adjectioue
1863 2278 2014 2332 verbi

477 2361 762 2426 mirabilis,
800 2364 853 2416 in
894 2379 958 2418 eo
990 2366 1129 2434 quod
1166 2367 1293 2420 dicit
1336 2367 1458 2436 quia
1508 2368 1788 2422 assistebat
1824 2366 2013 2438 Moysi.

477 2448 752 2514 Quomodo
779 2453 1105 2520 assistebat?
1127 2470 1232 2509 non
1263 2465 1320 2508 ut
1345 2457 1631 2520 secundus,
1660 2473 1765 2511 non
1794 2468 1854 2512 ut
1883 2458 2019 2512 infe-

478 2547 610 2621 rior,
647 2546 743 2598 sed
800 2553 857 2598 ut
896 2544 1106 2612 adjutor
1139 2555 1192 2600 et
1230 2558 1532 2617 protegens.
1580 2550 1683 2603 Sed
1722 2550 1848 2604 illud
1903 2551 2016 2619 (Η)

476 2636 633 2699 quale
660 2642 763 2698 est,
787 2634 925 2702 quod
953 2649 1074 2689 cum
1112 2635 1285 2702 primo
1311 2635 1612 2689 nominatus
1651 2645 1752 2699 est,
1802 2652 1906 2690 non
1933 2645 2018 2691 est

479 2723 766 2776 indicatum
822 2738 1011 2778 nomen
1044 2725 1209 2793 patris
1237 2725 1377 2794 ejus,
1423 2741 1598 2794 neque
1648 2727 1701 2779 in
1759 2727 2017 2792 secundo,

479 2827 654 2881 neque
697 2813 749 2866 in
789 2815 983 2880 tertio;
1038 2830 1158 2870 cum
1192 2830 1318 2870 vero
1357 2824 1506 2883 pater
1548 2815 1664 2883 ejus
1713 2821 2022 2871 nominatur

478 2902 645 2966 Nave,
674 2913 796 2956 tunc
830 2905 940 2972 ipse
974 2919 1078 2958 non
1109 2903 1284 2969 Iesus,
1312 2905 1404 2959 sed
1435 2905 1575 2959 Ause
1606 2904 1840 2960 dicitur?
1875 2905 2023 2961 Inter

479 3007 573 3045 cos
615 2992 756 3043 enim
797 2992 885 3058 qui
933 2990 1263 3059 exploratum
1305 2991 1413 3062 (42)
1455 2992 1602 3046 missi
1636 3002 1780 3058 sunt,
1820 3007 2017 3048 nomen
2049 3027 2095 3088 ο

481 3081 596 3149 ejus
618 3081 760 3133 Ause
792 3080 1043 3135 scribitur
1064 3117 1083 3135 .
1157 3081 1225 3137 Et
1252 3080 1518 3144 fortassis,
1543 3090 1599 3133 ut
1630 3082 1758 3134 mihi
1785 3083 2022 3149 videtur,

484 3183 582 3236 pro
615 3167 970 3235 exploratoris
994 3168 1167 3223 ollicio
1196 3183 1298 3222 non
1332 3168 1488 3223 Iesus
1507 3208 1522 3233 ,
1558 3169 1649 3223 sed
1676 3170 1822 3225 Ause
1852 3170 2026 3227 dictus

480 3266 584 3321 est,
618 3267 672 3311 et
695 3256 838 3317 Nave
868 3257 1004 3311 lilius
1039 3258 1360 3312 nominatur.
1393 3258 1523 3312 Cum
1549 3275 1673 3314 vero
1704 3260 1841 3316 redit
1865 3277 2026 3330 opere

483 3347 692 3414 expleto
713 3389 727 3414 ,
758 3356 812 3401 et
844 3348 1144 3415 perterritis
1182 3349 1429 3402 onmibus
1475 3349 1619 3404 solus
1654 3351 1899 3406 sublevat
1943 3351 2026 3404 Ia-

482 3452 633 3505 pos,
665 3437 1191 3506 desperationemque
1225 3438 1401 3507 populi
1441 3438 1588 3493 solus
1617 3441 1795 3509 erigit,
1828 3450 1953 3497 tunc
1993 3457 2024 3496 a

483 3525 663 3596 Moyse
717 3526 871 3582 Jesus
909 3530 1213 3582 nominatus
1250 3536 1331 3582 est
1359 3547 1372 3582 :
1400 3544 1498 3583 nec
1536 3528 1680 3583 Nave
1721 3531 1860 3583 lilius
1888 3529 2022 3584 dici-

484 3625 591 3682 tur,
616 3620 711 3672 sed
747 3617 833 3670 ille
859 3619 925 3671 ad
952 3635 1107 3685 quem
1132 3620 1341 3673 dixerat
1369 3608 1611 3688 Moyses:
1643 3638 1660 3670 ι
1694 3619 1841 3673 Educ
1874 3634 2027 3673 exer-

483 3705 672 3770 citum,
699 3715 752 3760 et
776 3708 1002 3777 conﬂige
1029 3722 1150 3763 cum
1174 3708 1445 3765 Amalec.»
1471 3708 1602 3761 Illud
1626 3709 1788 3763 etiam
1820 3708 2026 3763 intuen-

487 3802 584 3858 tes,
618 3797 1032 3863 magnitudinem
1066 3794 1180 3863 ejus
1207 3797 1547 3865 pervidemus
1571 3836 1587 3862 ,
1633 3798 1776 3866 quod
1818 3813 1937 3851 cum
1968 3799 2021 3851 in

486 3883 950 3952 transﬁguratione
970 3886 1146 3938 vultus
1171 3884 1369 3953 Moysei
1407 3884 1539 3955 (43),
1579 3886 1755 3939 omnis
1796 3885 2024 3939 ﬁliorum

484 3973 647 4025 Israel
672 3972 947 4028 hebetaret
979 3981 1247 4042 aspectus,
1283 3987 1381 4027 nec
1406 3973 1599 4041 aliquis
1624 3981 1802 4042 posset
1826 3974 2025 4029 intueri

486 4061 679 4115 faciem
715 4062 892 4115 vultus
920 4062 1054 4131 ejus,
1084 4060 1238 4116 Iesus
1266 4075 1369 4115 non
1399 4062 1568 4115 solum
1591 4061 1778 4115 faciem
1801 4071 2027 4117 contue-

486 4160 591 4212 tur,
625 4164 809 4203 verum
841 4151 1001 4205 etiam
1029 4150 1083 4204 in
1109 4150 1449 4204 interioribus
1478 4149 1801 4205 tabernaculi
1830 4161 2029 4221 myste-

489 4239 691 4292 riorum
726 4239 977 4294 conscius
1001 4249 1335 4308 perseverat.

557 4418 601 4451 ⁸ο
626 4419 925 4487 Exoil.xvn,
951 4419 1035 4474 Il.
1098 4420 1140 4452 ³¹
1164 4421 1319 4475 Joan.
1343 4436 1396 4485 v,
1425 4419 1513 4484 46,
1537 4428 1590 4474 et
1612 4435 1704 4485 vlt,
1735 4419 1814 4474 l9.
1871 4421 1915 4452 ³³
1945 4420 2022 4473 Ex

2134 4435 2324 4487 xxvm,
2347 4422 2403 4479 1.

488 4502 598 4551 xvt,
629 4486 719 4543 29.
794 4488 838 4518 ⁸⁸
866 4487 1018 4541 Rom.
1042 4503 1138 4554 vn,
1159 4489 1214 4555 2,
1235 4489 1287 4542 5.

2042 1698 2084 1752 Β
2112 1726 2199 1767 ses
2217 1712 2450 1766 famulus
2473 1713 2566 1768 Dei
2587 1732 2601 1769 :
2621 1714 2898 1769 defuncta
2925 1722 3020 1768 est
3040 1711 3196 1767 enim
3218 1711 3325 1776 lex,
3345 1723 3398 1767 et
3419 1713 3579 1782 legalia
3595 1729 3694 1781 pra.

2116 1812 2272 1868 cepta
2287 1801 2400 1867 jam
2416 1813 2664 1856 cessant.
2691 1803 2811 1856 Aut
2836 1803 2888 1856 si
2911 1817 3123 1870 parum
3150 1802 3271 1871 (47)
3307 1802 3400 1855 tibi
3422 1802 3692 1855 auctoritatis

2117 1890 2357 1957 videtur,
2375 1907 2500 1945 cum
2526 1907 2556 1944 a
2583 1884 2673 1945 uie
2702 1892 2813 1946 ista
2843 1891 3251 1959 proferuntur,
3270 1907 3488 1960 sequere
3503 1892 3688 1961 Apostoli

2117 1980 2521 2043 auctoritatem,
2571 1980 2822 2036 dicentis
2854 1983 2907 2013 ³⁸
2940 1983 3223 2052 quoniam
3271 2001 3291 2034 ι
3315 1984 3496 2037 mulier
3532 1984 3691 2038 vivente

2118 2066 2235 2120 viro
2252 2069 2469 2139 alligata
2487 2083 2573 2125 est
2593 2071 2726 2142 legi,
2749 2081 2813 2128 et
2839 2074 3113 2129 adultera
3134 2074 3499 2129 nominabitur
3513 2074 3551 2127 si
3571 2074 3691 2128 fuerit

2117 2172 2236 2211 cum
2256 2159 2362 2214 alio
2387 2161 2529 2227 viro;
2556 2163 2603 2216 si
2640 2179 2781 2219 vero
2818 2174 3099 2219 mortuus
3121 2165 3293 2220 fuerit
3322 2166 3404 2219 vir
3421 2165 3544 2234 ejus.
3561 2163 3691 2217 soluta

2074 2246 2097 2265 ’
2117 2256 2199 2299 est
2225 2262 2254 2299 a
2288 2249 2407 2319 lege
2430 2252 2558 2316 viri,
2592 2262 2650 2306 ut
2674 2253 2798 2320 jam
2838 2271 2958 2310 non
2986 2256 3066 2310 sit
3091 2255 3366 2319 adultera,
3385 2257 3425 2311 si
3451 2255 3585 2310 fuerit
3603 2268 3689 2309 cum

2119 2347 2224 2401 alio
2263 2346 2400 2397 viro.
2438 2364 2457 2397 ι
2506 2344 2808 2400 Mulierem
2866 2347 3001 2401 sine
3032 2348 3210 2402 dubio
3253 2349 3478 2402 animam
3509 2347 3693 2400 nominat

2119 2435 2252 2505 (48),
2305 2448 2425 2502 quae
2453 2435 2558 2488 sub
2588 2435 2768 2504 Moysi
2801 2435 2937 2505 lege
2963 2437 3299 2500 tenebatur,
3339 2437 3403 2492 de
3443 2452 3535 2506 qua
3556 2435 3687 2489 dicit:

2125 2525 2380 2579 «Vivente
2417 2525 2536 2578 viro
2580 2524 2825 2595 alligata
2863 2537 2959 2582 est
3005 2528 3143 2597 legi.
3176 2527 3255 2593 ,Si
3305 2540 3476 2581 autem
3503 2537 3691 2580 mortuus

2118 2615 2281 2670 fuerit
2312 2615 2393 2667 vir
2412 2614 2591 2682 ejus,»
2629 2617 2758 2671 sine
2790 2618 2983 2671 dubio
3016 2618 3136 2682 lex,
3156 2618 3454 2675 absolutam
3479 2618 3587 2673 dicit
3603 2631 3689 2671 eam

2121 2707 2354 2758 animam
2377 2720 2499 2774 quae
2526 2706 2841 2761 videbatur
2872 2723 3011 2764 esse
3053 2711 3330 2780 subjecta.
3376 2710 3561 2765 Idcirco
3596 2722 3688 2776 ergo

2119 2798 2290 2867 legem
2325 2811 2558 2852 necesse
2581 2806 2671 2852 cst
2696 2801 2881 2865 mori,
2915 2812 2983 2855 ut
3007 2805 3106 2871 qui
3130 2805 3364 2858 credunt
3397 2803 3445 2858 in
3464 2801 3570 2858 Jesu
3587 2801 3687 2871 (ιθ).

2120 2901 2465 2953 nequaquam
2507 2886 2775 2941 adulterii
2811 2892 3047 2946 crimen
3082 2893 3391 2947 incurrant.

2195 2978 2248 3030 4.
2289 2976 2450 3032 Jesus
2479 2977 2655 3046 igitur
2691 2979 2995 3039 Dominus
3022 2993 3082 3037 et
3117 2982 3375 3039 Salvator
3404 2997 3536 3038 meus
3555 2994 3691 3036 θυεερ·
3762 2976 3763 3046 ἰ

2127 3067 2206 3136 pit
2232 3067 2605 3136 principatum
2636 3086 2650 3121 :
2682 3079 2764 3135 et,
2808 3071 2867 3125 si
2923 3074 3183 3138 videtur,
3233 3074 3550 3128 conferamus
3580 3079 3689 3137 gesu
3762 3054 3763 3135 ἢ

2124 3158 2292 3229 Moysi
2321 3173 2447 3212 cum
2490 3160 2817 3229 principatu
2852 3163 3021 3219 Jesu.
3076 3166 3216 3219 Cum
3262 3165 3461 3235 Moyses
3495 3164 3691 3218 educeret
3762 3148 3763 3157 “

2122 3249 2383 3317 populum
2419 3250 2489 3302 de
2524 3258 2679 3303 terra
2719 3251 2975 3323 IEgypti
3000 3295 3017 3319 ,
3050 3256 3237 3310 nullus
3267 3259 3395 3310 ordo
3422 3256 3470 3308 in
3513 3252 3685 3322 populis.

2122 3337 2267 3390 nulla
2303 3338 2357 3390 in
2390 3338 2789 3395 sacerdotibus
2815 3344 3221 3399 observantia.
3250 3344 3684 3410 Transeuntaquant

2122 3431 2314 3493 maris,
2342 3443 2542 3496 aquam
2568 3430 2807 3497 salsam,
2848 3449 2961 3489 nec
2982 3416 3291 3505 quidquam
3310 3439 3361 3491 in
3382 3452 3437 3491 se
3454 3430 3684 3489 dulcedinis

2122 3520 2519 3583 continentem,
2549 3528 2605 3572 et
2633 3536 2847 3578 murus
2887 3537 3021 3579 erat
3066 3526 3153 3580 eis
3190 3542 3331 3595 aqua
3372 3526 3539 3579 dextra
3566 3522 3683 3576 bera-

2121 3624 2245 3678 que.
2283 3609 2410 3663 Haec
2453 3609 2681 3680 Moyseo
2732 3615 2893 3670 duce
2942 3627 3110 3685 gesta
3168 3617 3540 3687 cognoscimus.
3585 3612 3678 3664 Cum

2121 3714 2251 3753 vero
2303 3701 2568 3757 Dominus
2622 3719 2793 3761 meus
2866 3710 3037 3764 ducit
3099 3709 3425 3772 exercitum,
3473 3704 3683 3775 quam“

2121 3803 2243 3857 Quae
2291 3791 2460 3844 etiam
2513 3801 2646 3846 tunc
2699 3796 3223 3854 adumbrabantur
3283 3799 3392 3867 (50)
3452 3794 3679 3848 videamus.

2125 3879 2451 3935 Sacerdotes
2482 3887 2846 3952 praecedunt,
2880 3905 3024 3944 arca
3074 3890 3387 3946 testamenti
3416 3893 3618 3958 portatur
3645 3878 3681 3929 in

2125 3969 2368 4023 humeris
2395 3974 2787 4039 sacerdotum,
2817 3993 3116 4047 nusquam
3148 3981 3259 4046 jam
3292 3994 3460 4043 mare,
3487 3981 3682 4039 nusquam

2125 4055 2301 4112 salsus
2329 4057 2530 4115 ﬂuctus
2572 4058 2868 4132 Occurrit,
2907 4070 3013 4123 sed
3056 4071 3202 4124 duce
3231 4068 3446 4123 Domino
3470 4077 3568 4119 tneo
3590 4060 3681 4114 165'

2126 4148 2287 4202 venio
2346 4150 2413 4202 ad
2447 4149 2796 4219 Iordanem,
2862 4168 2925 4212 et
2980 4162 3151 4224 venio
3196 4178 3304 4216 ttou
3354 4153 3682 4230 perturbatione

2129 4238 2289 4307 fuste,
2324 4252 2506 4308 neque
2528 4245 2882 4310 perterritus
2909 4262 3099 4316 metu,
3118 4253 3219 4307 sed
3249 4251 3401 4304 venio
3427 4262 3529 4301 cum
3550 4250 3683 4295 sacer-

2479 4424 2523 4455 ³³
2547 4425 2727 4481 Exod.
2755 4444 2929 4487 xvttt.
3014 4438 3063 4471 ³⁸
3088 4433 3283 4490 Matth.
3305 4447 3378 4494 tt,
3402 4431 3475 4484 I5.
3538 4420 3680 4476 "LM-

564 4600 674 4685 (ἦρ)
717 4598 873 4685 Libb:
905 4613 1059 4685 antea
1087 4603 1297 4685 editi,_¢
1321 4605 1492 4685 victus
1518 4612 1697 4685 autem
1738 4613 1822 4656 est
1858 4616 2028 4670 popu-
2057 4606 2102 4661 D
2129 4601 2474 4685 libervtlo’s‘ue
2497 4608 2641 4685 apu‘d
2675 4608 2960 4667 Hebraeos
2988 4623 3079 4669 est
3108 4617 3482 4685 prophetarum
3514 4606 3681 4677 primus.

490 4669 582 4728 lus
604 4670 692 4723 ille
730 4669 796 4722 ab
844 4669 1079 4722 Amalec.
1108 4689 1127 4720 ι
1164 4670 1268 4740 Sed
1313 4673 1478 4740 codex
1524 4669 2026 4740 SangermauenSIs,

496 4762 516 4795 ι
548 4742 716 4793 victor
744 4744 826 4790 est
847 4746 1029 4804 autem,
1048 4737 1269 4804 populus
1293 4739 1379 4792 ille
1409 4737 1692 4793 Amalec.)

562 4808 677 4878 (40)
716 4805 866 4878 Mss,
921 4803 1282 4878 {relinquitur
1327 4808 1488 4878 etiam
1532 4807 1748 4878 dothor.
1785 4823 1804 4857 ι
1869 4805 2028 4861 Libb.

493 4873 654 4932 antea
681 4874 841 4939 editi,
877 4891 895 4924 ι
918 4873 1307 4941 derelinquitur
1338 4877 1497 4928 etiam
1524 4873 1729 4927 Jethro.
1767 4893 1784 4925 ι

564 4942 675 5013 (ll)
721 4943 875 5013 l_.jbb.
924 4941 1072 5013 editi,
1137 4943 1395 5011 «adjutor
1455 4953 1760 5012 protegens.
1819 4941 1926 4996 Sed
1983 4951 2037 4996 et

495 5007 694 5070 illud.)
731 5007 853 5065 Mss.
882 5019 937 5062 ut
966 5010 1014 5062 in
1047 5020 1226 5064 nostro
1250 5007 1414 5065 icxtu.

567 5080 679 5152 (42)
720 5078 1235 5152 Codex_Sang_et-m.,_
1261 5097 1279 5129 ‹
1304 5081 1392 5148 qui
1430 5077 1828 5145 exploratum.»
1874 5075 2030 5133 Libb.

495 5147 669 5210 editi,
709 5166 728 5198 ι
750 5148 838 5214 qui
859 5147 922 5200 ad
949 5147 1350 5215 explorandum.
1390 5165 1408 5196 ι

567 5216 679 5289 (45)
712 5212 860 5289 Idem
892 5212 1032 5289 m_s_.,_’
1052 5234 1070 5266 ι
1099 5213 1656 5289 iu_transligurationc
1676 5212 1855 5266 vultus
1889 5212 2037 5289 Moy-

501 5281 601 5340 sei'.
639 5281 671 5337 ι’
709 5284 863 5338 Libb.
897 5285 1062 5349 editi,
1114 5300 1133 5333 ι
1164 5284 1217 5336 in
1280 5281 1797 5350 transliguratiouem
1851 5281 2039 5350 vultus

502 5354 722 5422 Moysi.»
759 5352 923 5406 Codd.
954 5352 1214 5422 Gemetic.
1251 5360 1307 5422 et
1353 5349 1584 5422 Elimia,
1639 5367 1661 5422 ε
1689 5349 2056 5422 transfigura-.

508 5416 705 5473 tionem
740 5421 913 5473 vultus
965 5419 1127 5488 Moysi
1169 5421 1342 5473 omnis
1377 5418 1603 5473 ﬁliorum
1642 5416 1802 5470 Israel
1847 5417 2041 5473 vitaret

506 5498 765 5552 aspectus.
804 5505 824 5538 ι
1272 5514 1280 5522 ~

579 5553 686 5623 (ﬂ)
724 5553 876 5610 Liber
899 5557 980 5610 hic
1007 5573 1109 5611 non
1143 5564 1245 5611 tam
1271 5565 1411 5626 gesta
1449 5554 1621 5621 nobis,
1648 5563 1751 5610 etc.
1784 5552 1849 5607 Et
1892 5562 2039 5611 certe

2360 4670 2547 4749 Cnodex'
2581 4674 2925 4749 SAangerm"
2967 4700 2989 4734 Ι
3019 4670 3401 4739 θιίιῖιιιιῖηιηβ.
3428 4699 3446 4732 t
3514 4670 3528 4677 ’
3649 4739 3658 4749 ,

2226 4739 2318 4807 46)
2372 4739 2547 4813 codd.
2592 4739 2923 4813 Sau'germ.’
2974 4765 3031 4805 et
3089 4753 3461 4813 Ebroiceusis,
3509 4739 3681 4798 σηοιιιὶο

2129 4821 2292 4877 natis.
2329 4828 2348 4860 ι
2432 4810 2590 4864 Libb.
2623 4810 2789 4877 ediii,
2832 4834 2853 4867 ι
2885 4824 3175 4876 nominat.
3203 4842 3221 4873 ι

2203 4875 2325 5015 (υς
2362 4877 2493 4932 MSS-
2547 4897 2565 4929 ⁴
2595 4875 2824 4945 parum.
2850 4903 2870 4936 ι
2922 4888 3091 4942 Libh.
3118 4875 3278 4953 editi,
3313 4907 3332 4941 ί
3357 4902 3469 4941 non.
3496 4903 3513 4936 ι
3649 4945 3657 4953 Ι

2205 4946 2302 5013 (‘3
2382 4946 2536 5003 Ullus
2567 4948 2978 5015 Ebroicensis.
3008 4968 3066 5012 ct
3100 4960 3470 5015 Sangcrman"
3521 4961 3657 5003 tuom!

2205 4946 2325 5015 (48)
2382 4946 2536 5003 Unus
2567 4948 2978 5022 Ebroicensis,
3008 4968 3066 5012 et
3100 4946 3470 5029 Sangcrtnan.,
3521 4946 3681 5003 «uomi-

2134 5026 2294 5070 nans.
2325 5031 2344 5066 ι

2139 5149 2172 5162 __
2211 5082 2327 5151 (49)
2381 5084 2568 5141 Codex
2615 5087 3041 5149 Gemetieensis
3084 5111 3212 5150 cum
3265 5110 3368 5149 uno
3409 5078 3679 5162 Ebrqicengi.

2138 5157 2327 5233 itaque
2354 5168 2491 5233 ειπερ
2512 5174 2763 5233 _||eces_s_e
2797 5172 2886 5233 est
2916 5165 3030 5233 legi
3062 5168 3204 5220 tuori
3232 5175 3291 5219 ut
3316 5163 3400 5232 qui
3429 5157 3617 5216 credunt

2139 5215 2359 5298 {es—um.
2387 5215 2617 5298 t'Alter
2672 5215 3366 5298 Ebroicens'isftvidcwirc‘t)
3414 5215 3596 5284 necesse
3619 5224 3680 5271 αι

2141 5285 2571 5371 Μιξξὲςιιῄξιιριδί,
2598 5309 2762 5371 tietc.
2798 5285 3098 5371 sanigérin.
3123 5285 3271 5358 utﬁi‘n
3306 5285 3473 5355 nostro
3495 5300 3627 5371 text."-

2218 5358 2342 5441 (ξω)
2383 5358 2576 5422 Codex
2604 5358 2949 5441 _Sangcrm.:
3009 5390 3028 5422 α
3052 5389 3177 5439 quae
3211 5373 3368 5441 etiam
3397 5379 3508 5441 tunc
3531 5358 3679 5441 αιιιξξιξ·

2146 5424 2486 5490 Ιινὲὼιιίιιυιι.
2511 5455 2531 5489 ι
2601 5424 2723 5494 Duo
2750 5424 3172 5497 "Ebruicenses‘
3208 5424 3263 5493 et
3324 5424 3676 5494 Gemeticensls.

2154 5514 2329 5575 ἔφην
2361 5505 2477 5576 jam
2510 5517 2645 5567 tunc
2667 5511 3092 5568 obumbrantur.
3128 5529 3147 5562 ι
3187 5510 3338 5566 Libb.
3383 5503 3516 5566 editi,
3556 5502 3679 5563 “Iw

2147 5578 2273 5636 lant
2307 5584 2446 5637 tunc
2474 5581 2893 5642 adumbrautur.
2917 5595 2936 5630 ι
