3822 6226
1369 345 1436 399 ΙΝ
1463 344 1714 401 LIBRUM
1741 344 1904 401 JESU
1932 345 2111 400 NAVE
2138 346 2418 402 HOMILIA
2443 351 2483 404 l.

838 446 1077 499 menti
1113 451 1366 520 Domini,
1400 459 1450 510 in
1484 473 1583 526 qua
1615 459 1704 512 Dei
1736 461 1818 512 lex
1847 467 1899 514 et
1927 465 1972 515 Α
2001 459 2279 512 Dominum
2311 462 2673 530 suscepimus,
2710 461 2799 515 sed
2835 477 2861 513 a
2897 461 3054 516 Patre
3097 461 3426 531 profectum,
3476 475 3531 518 et

289 401 336 444 “5
356 407 593 464 arcani
635 423 824 480 testa

76 484 110 488 -π
367 487 380 499 .
871 484 1077 499 Ἴτ’-ι·
1113 484 1366 520 υυιυιιιι,
1401 484 1450 510 Ill
1484 484 1583 526 qua
1618 484 1704 512 Utzl
1737 484 1818 512 lt?!
1847 484 1898 514 Ut

651 523 1089 602 se"lantur,
1155 547 1463 600 cervicibus
1497 549 1605 602 suis
1639 551 1898 603 humeris-

185 551 276 632 I'
327 551 615 646 ouanti)
651 551 1089 638 vv.:,d"[“rs
1155 551 1463 600 cervicibus
1497 551 1605 602 suis
1639 551 1894 603 humeris-

257 587 352 722 θῶ
405 673 420 685 ,
582 685 600 698 .
621 610 708 652 us
850 649 868 662 -
957 618 1295 693 lngredior
1327 633 1608 690 Jordanem
1642 655 1742 690 non
1774 653 1894 691 cum

276 702 296 718 ι
378 675 656 722 Ξὶὶριὶιιη
728 701 852 722 θλ..
898 705 915 722 9
1121 717 1134 722 _

97 707 159 750 me
214 681 352 767 ’.θ
378 675 687 752 silentio,
728 701 855 752 sed
898 705 970 760 in
1042 675 1094 767 ᾗ

178 717 704 797 ,ι
728 717 855 752 δυο
900 721 970 760 In
1042 717 1320 774 tubarum
1350 725 1592 778 caulibus
1620 727 1896 796 mysticum

119 768 935 890 mg“;anm‘dt‘vinumftue
993 809 1371 872 canentibus,
1422 821 1478 865 ut
1531 813 1594 865 ad
1639 768 1894 881 piaedica-

137 858 624 971 θέξᾷᾆσίξὲξξὶὶω
680 877 995 940 caelestis
1058 858 1460 954 incedamjlbi
1504 858 1700 954 dictulin
1747 913 1826 956 est
1854 905 1897 936 ⁸⁸

189 950 285 971 υιιν
406 952 416 962 -
468 954 484 964 .
1336 950 1344 952 -
1413 950 1460 954 --
1510 950 1700 954 _---_--_
1752 950 1825 956 η-

189 995 302 1063 me
353 950 568 1063 d‘i‘f‘}
616 974 725 1063 cf"
771 982 948 1040 anna
989 979 1058 1033 in
1099 985 1239 1039 duas
1273 1000 1468 1055 partes,
1511 1001 1564 1044 et
1587 1007 1720 1046 unus
1747 1008 1898 1060 aqua:

197 1045 399 1130 (“‘95
419 1045 567 1158 Si“
609 1051 856 1158 Oramus
896 1079 1003 1121 est
1043 1086 1079 1124 a
1113 1075 1356 1141 dextris,
1411 1079 1545 1134 alius
1583 1097 1610 1132 a
1639 1045 1894 1138 sinisli‘is.

251 1423 352 1474 hic
395 1422 463 1473 ait
484 1421 535 1452 ”
572 1439 589 1474 :
652 1441 672 1473 ι
705 1424 1069 1498 Przeparate
1107 1437 1258 1490 vobis
1285 1438 1430 1490 cibos
1472 1439 1537 1490 ad
1580 1439 1754 1503 viam;
1787 1458 1804 1490 ι
1843 1450 1896 1494 et

253 1512 448 1576 hodie,
481 1512 530 1564 si
573 1516 822 1577 audias.
893 1522 1038 1576 dicit
1085 1527 1177 1577 tibi
1207 1524 1359 1579 Jesus
1394 1544 1407 1580 :
1443 1526 1498 1579 Si
1525 1530 1763 1594 sequeris
1791 1544 1893 1595 me,

233 1615 507 1671 pra'para
532 1603 716 1658 cibos
752 1607 831 1662 ad
864 1611 1020 1663 viam
1053 1613 1185 1682 (55).
1211 1614 1326 1667 Cibi
1349 1617 1543 1668 etenim
1569 1633 1728 1684 opera
1751 1631 1893 1682 sunt,

229 1708 382 1760 qua:
421 1707 506 1746 nos
537 1694 620 1746 ad
645 1695 930 1754 futuram
963 1705 1106 1757 viam
1141 1705 1275 1772 (54),
1301 1707 1442 1760 velut
1469 1707 1616 1762 ﬁdele
1644 1711 1892 1763 viaticum

212 1787 638 1840 comitantur.
680 1788 1020 1847 Videamus
1044 1806 1224 1848 tamen
1252 1798 1496 1860 quoniam
1527 1814 1626 1851 non
1648 1803 1893 1854 convenit

136 1932 149 1939 _
213 1875 653 1944 negligenter,
680 1889 750 1932 et
781 1884 954 1949 quasi
990 1885 1044 1935 in
1074 1886 1298 1938 transitu
1329 1885 1531 1940 litteras
1561 1888 1734 1955 legere
1761 1890 1891 1943 divi-

205 1979 382 2028 nas,
426 1965 572 2018 unde
613 1982 734 2022 eos
767 1970 941 2037 jubet
972 1973 1121 2025 cibos
1150 1988 1340 2040 parare
1367 1989 1470 2026 non
1500 1975 1753 2030 habentes
1780 1979 1890 2030 fru-

205 2062 532 2107 mentum.
586 2053 834 2109 Manna
870 2059 1072 2111 etenim
1123 2060 1274 2112 cibus
1317 2068 1430 2112 erat
1460 2061 1556 2114 eis.
1614 2060 1718 2115 Sed
1773 2079 1889 2116 cum

191 2142 359 2210 jam
414 2143 862 2197 transierimus
890 2145 1128 2199 ﬂuminis
1155 2147 1310 2215 hujus
1335 2148 1495 2216 ripas,
1523 2149 1713 2202 desinit
1741 2165 1890 2201 man-

203 2249 300 2285 na
364 2248 390 2287 :
440 2242 482 2287 ct
512 2234 680 2288 ideo
721 2236 777 2287 si
829 2249 940 2288 non
983 2237 1343 2304 unusquisque
1382 2239 1762 2306 praeparaverit
1791 2240 1888 2292 sibi

202 2324 452 2387 cibos,
486 2339 623 2377 non
679 2325 913 2391 poterit
947 2325 1099 2392 sequi
1133 2324 1310 2378 Jcsum
1361 2336 1557 2379 terram
1608 2328 1890 2394 repromis-

197 2411 446 2464 sionis
467 2412 846 2464 intrantem.
881 2412 1014 2466 Vide
1036 2423 1211 2473 autem
1251 2414 1361 2482 (55)
1395 2430 1530 2482 quos
1565 2416 1792 2479 primunt
1837 2417 1886 2468 in

200 2511 420 2554 terra
482 2503 984 2568 repromissionis
1037 2505 1211 2570 capiat
1262 2506 1464 2557 fructus
1512 2523 1524 2557 :
1570 2505 1752 2569 Tunc,
1809 2509 1890 2560 in-

198 2594 380 2658 quit
452 2592 510 2657 “,
573 2593 1084 2646 manducaverunt
1135 2594 1360 2660 primunt
1413 2594 1617 2648 fructus
1657 2595 1766 2663 (56)
1825 2597 1889 2651 de

205 2682 498 2749 regione
524 2683 908 2750 palmarum,
939 2693 990 2734 et
1018 2683 1471 2734 manducaverunt
1489 2685 1658 2752 primo
1679 2701 1884 2753 azyma.

207 2769 456 2824 Vides
483 2786 642 2839 ergo
680 2771 820 2838 quia
864 2771 1096 2838 primum
1152 2772 1306 2825 nobis
1344 2774 1525 2826 mundi
1582 2774 1736 2842 lmjus
1791 2776 1890 2828 iter

198 2860 572 2926 digressis,
643 2861 698 2913 si
773 2874 954 2926 regem
999 2859 1108 2928 (5’7)
1151 2875 1435 2927 sequamur
1460 2861 1660 2925 Jesum,
1713 2863 1884 2930 primo

199 2950 522 3000 occurrit
560 2949 777 3015 palma
809 2948 1069 3013 victoriae,
1105 2958 1155 3001 et
1189 2949 1394 3016 abjecto
1423 2949 1682 3002 fermento
1727 2950 1882 3002 mali-

3430 353 3531 407 830

2000 551 2063 601 de
2098 549 2404 604 caelestibus
2440 553 2752 604 venientem.

2066 637 2118 690 5.
2161 638 2264 691 Sed
2315 654 2412 692 nec
2463 640 2554 692 lini
2606 641 2888 708 stipulam,
2941 642 2990 692 in
3030 657 3128 707 qua
3168 641 3532 708 exploratores

1995 726 2418 790 delitescehant,
2490 746 2585 798 ego
2637 732 2834 798 absque
2891 732 3245 783 sacramentis
3304 732 3526 799 accipio.

1995 815 2181 867 Linum
2224 831 2452 884 namque
2496 828 2578 871 est
2621 819 2988 872 indumentum
3041 819 3388 881 sacerdotale,
3437 834 3530 886 per

1994 906 2134 972 quod
2157 906 2485 974 significatur
2510 908 2588 961 vel
2624 907 2687 961 iis
2727 909 2814 975 qui
2842 908 3098 961 invitandi
3129 917 3283 961 erant
3317 909 3526 962 culmen

1994 997 2323 1050 Sacerdotale
2347 996 2598 1056 delatum,
2634 999 2770 1050 sicut
2791 997 2977 1052 Petrus
3010 997 3282 1063 apostolus
3302 1000 3428 1052 dicit
3449 997 3525 1051 υτ

2004 1104 2021 1135 ι
2049 1086 2150 1138 Vos
2177 1095 2350 1137 autem
2387 1101 2516 1153 gens
2560 1097 2764 1148 sancta,
2821 1100 3043 1155 regnum
3095 1087 3466 1150 sacerdotale;
3505 1105 3525 1138 ›

1993 1173 2075 1225 vel
2107 1182 2250 1226 certe
2280 1173 2415 1239 quod
2447 1173 2497 1224 in
2544 1183 2877 1226 sacramento
2916 1173 3044 1241 legis
3065 1213 3078 1234 ,
3130 1174 3216 1226 ubi
3257 1175 3320 1226 de
3349 1189 3527 1227 sacer-

1993 1261 2203 1313 dotibus
2246 1262 2546 1323 adnotatur,
2601 1261 2773 1328 pepuli
2827 1262 2982 1328 hujus
3016 1263 3104 1328 qui
3166 1272 3245 1315 cst
3288 1277 3351 1316 cx
3399 1277 3527 1330 geu-

1997 1347 2176 1406 tibus,
2236 1347 2430 1400 latebat
2491 1349 2694 1400 occulta
2757 1349 2982 1401 vocatio.
3065 1348 3329 1402 Continuo
3396 1341 3525 1415 ergo

1995 1433 2302 1486 inimicitias
2330 1433 2560 1496 suscepit
2602 1432 2710 1500 (59)
2753 1433 3006 1485 meretrix
3047 1433 3304 1486 adversus
3351 1433 3526 1485 llieri-

1992 1522 2260 1574 chontiutn
2295 1535 2490 1586 regem.
2533 1519 2665 1584 Quid
2708 1521 2808 1573 nisi
2841 1522 2964 1587 quia
3006 1538 3024 1570 ι
3048 1536 3174 1573 caro
3203 1521 3529 1588 concupiscit

1993 1612 2154 1681 399
2187 1612 2439 1663 adversus
2471 1610 2736 1676 spiritum,
2765 1617 2818 1660 et
2846 1610 3068 1675 spiritus
3106 1609 3359 1665 adversus
3386 1625 3514 1662 car-

1993 1700 2205 1754 nem“?
2226 1719 2244 1751 ι
2277 1699 2340 1752 Ει
2381 1699 2574 1752 iterum
2603 1699 2677 1751 ait
2707 1697 2751 1728 "
2778 1713 2792 1749 :
2825 1714 2843 1747 ‹
2868 1697 2989 1750 Odit
3021 1713 3114 1750 vos
3149 1698 3232 1749 hic
3259 1699 3485 1752 mundus
3505 1736 3520 1760 ,

1993 1773 2114 1860 quia
2141 1804 2222 1842 me
2241 1789 2465 1857 priorem
2491 1797 2720 1840 vestrum
2751 1787 2872 1840 odio
2894 1786 3095 1839 habuit.
3125 1806 3142 1837 ι
3173 1787 3262 1840 Est
3285 1802 3410 1854 ergo
3436 1802 3527 1840 rex

1992 1881 2181 1948 aliquis
2222 1880 2468 1932 inimicus
2508 1877 2809 1930 meretricis
2851 1877 3118 1944 hujus,qui
3155 1887 3234 1928 est
3284 1878 3528 1944 princeps

1993 1970 2148 2036 hujus
2178 1971 2379 2034 mundi,
2410 1969 2497 2035 qui
2524 1967 2848 2034 insequitur,
2888 1977 2940 2018 et
2968 1983 3232 2034 occupare
3265 1969 3408 2034 cupit
3431 1981 3525 2020 ex-

1992 2061 2293 2129 ploratores
2331 2058 2480 2118 Jesu,
2509 2057 2598 2110 sed
2635 2071 2737 2108 non
2774 2063 2944 2121 potest
2979 2057 3220 2108 obtinere
3269 2056 3391 2123 quia
3433 2071 3526 2124 per

1993 2157 2198 2200 montes
2231 2148 2332 2200 iter
2354 2147 2593 2199 iaciunt:
2625 2159 2727 2196 non
2753 2145 3000 2197 incedunt
3029 2159 3121 2210 per
3156 2145 3395 2206 humilia,
3430 2157 3527 2197 nec

1992 2237 2217 2290 vallibus
2243 2231 2590 2298 delectantur,
2645 2233 2736 2287 sed
2765 2234 2984 2287 collinos
3014 2234 3262 2298 vertices,
3297 2243 3350 2286 et
3372 2247 3525 2285 mon-

1992 2327 2119 2379 tium
2167 2325 2374 2397 exclelsa
2425 2332 2748 2377 sectantur:
2789 2322 2908 2388 quia
2963 2321 3074 2374 haec
3108 2321 3359 2374 meretrix
3415 2319 3524 2389 (60)

1989 2417 2113 2469 dicit
2142 2414 2224 2466 διε
2259 2433 2276 2464 ι
2317 2414 2507 2467 Levavi
2573 2414 2757 2468 oeulos
2804 2427 2951 2464 meos
3003 2411 3067 2462 ad
3124 2420 3349 2470 montes,
3387 2408 3525 2461 unde

1991 2505 2447 2559 venietauxilinm
2481 2505 2625 2556 mihi.
2660 2523 2676 2555 ι
2717 2504 2828 2556 Non
2879 2509 3050 2570 potest
3087 2499 3209 2552 illuc
3241 2499 3527 2552 ascendere

1991 2596 2168 2648 mundi
2196 2595 2350 2662 hujus
2379 2595 2641 2661 princeps,
2671 2609 2769 2648 nec
2807 2603 2975 2662 potest
3001 2606 3094 2660 per
3115 2590 3384 2644 excelsum
3417 2589 3516 2641 iter

1989 2686 2050 2737 ad
2071 2683 2250 2738 Iesum
2280 2685 2388 2753 (6|)
2408 2685 2683 2752 pervenire
2708 2703 2720 2736 :
2750 2685 2987 2750 quinimo
3013 2691 3064 2734 et
3089 2681 3130 2734 si
3164 2696 3281 2743 cum
3313 2689 3519 2735 tcntans

1988 2773 2321 2826 collocaverit
2355 2771 2405 2825 in
2433 2772 2677 2834 excelsis,
2703 2773 2828 2825 dicit
2851 2773 2896 2825 ei
2924 2770 2968 2802 ⁸⁵
3000 2788 3014 2824 :
3056 2788 3072 2820 ι
3114 2769 3259 2822 Mitte
3291 2779 3339 2822 te
3363 2771 3519 2822 deor-

1989 2878 2138 2926 sum;
2171 2881 2188 2912 ι
2223 2862 2343 2927 quia
2368 2862 2583 2912 humilia
2618 2876 2826 2928 semper
2853 2860 3021 2929 diligit
3043 2867 3094 2912 et
3113 2859 3332 2921 caduca,
3360 2859 3411 2910 in
3439 2859 3524 2912 his

1990 2961 2196 3019 regnat,
2227 2951 2276 3002 in
2303 2951 2381 3002 his
2407 2949 2582 3002 sedem
2613 2964 2757 2999 suam
2786 2949 3029 3010 collocat,
3056 2949 3106 2998 in
3142 2949 3334 3015 quibus
3351 2948 3511 3000 etiam

202 3035 342 3086 the
388 3044 464 3087 et
493 3035 820 3102 nequitiae,
858 3050 1045 3103 azyma
1079 3036 1230 3089 nobis
1255 3037 1578 3090 sinceritatis
1604 3048 1655 3090 et
1683 3040 1879 3091 verita-
1908 3055 1950 3111 ο
1983 3055 2147 3110 usque
2176 3041 2238 3092 ad
2272 3038 2528 3092 infernum
2551 3037 2657 3105 (6:!)
2677 3039 2976 3091 descendat.
3005 3037 3210 3105 Moyses
3238 3053 3338 3090 non
3367 3037 3522 3100 dixit,

203 3125 314 3178 lis
347 3135 698 3192 parantur.
734 3123 908 3176 Mittit
939 3133 1112 3177 tamen
1137 3123 1288 3177 Jesns
1315 3135 1497 3178 noster
1523 3127 1884 3192 exploratores

203 3217 304 3266 ad
363 3211 868 3266 Hierichontiunt
908 3223 1121 3278 regem,
1165 3219 1219 3262 et
1253 3211 1481 3276 hospitio
1529 3210 1886 3277 suscipiuntur

206 3319 252 3356 ει
300 3303 704 3356 meretrice.
748 3298 857 3352 Sed
884 3297 973 3350 illa
1009 3298 1265 3350 meretrix
1294 3313 1408 3364 qua:
1443 3298 1508 3350 ab
1535 3297 1658 3352 Jcsu
1700 3299 1889 3352 missos

207 3392 535 3458 suscepit
568 3387 997 3455 exploratores,
1049 3395 1333 3452 propterea
1365 3386 1604 3452 suscepit
1645 3402 1708 3438 ne
1749 3385 1887 3437 ultra

211 3480 321 3531 sit
357 3479 714 3532 nteretrix.
757 3474 868 3528 Sed
898 3483 953 3526 et
977 3474 1394 3540 uniuscujusque
1434 3483 1674 3526 nostrum
1713 3474 1889 3525 anima

209 3569 566 3621 tueretrix
612 3565 747 3630 fuit,
799 3565 975 3618 donec
1010 3564 1064 3616 in
1097 3563 1377 3616 desideriis
1421 3573 1474 3616 et
1514 3563 1892 3631 cupiditatibus

211 3660 514 3710 viveret
577 3654 808 3710 carnis.
874 3653 1119 3718 Suscepit
1163 3667 1292 3704 vero
1337 3652 1695 3720 exploratores
1744 3651 1887 3715 Jesu,

207 3745 529 3810 angelos
577 3758 734 3810 quos
781 3742 930 3795 misit
959 3751 1085 3794 ante
1122 3741 1309 3794 facient
1336 3756 1488 3793 suam
1532 3750 1588 3792 ut
1625 3755 1891 3808 praepara-

213 3843 406 3884 rent
460 3835 622 3886 viam
662 3833 806 3900 ejus.
844 3832 992 3896 Quos
1039 3841 1214 3883 tamen
1242 3832 1284 3882 si
1323 3845 1387 3882 ex
1423 3829 1524 3883 ﬁde
1552 3834 1729 3882 anima
1761 3846 1889 3882 una-

211 3936 547 3988 quaeque
596 3920 874 3986 suscepit,
907 3935 1015 3973 non
1052 3920 1102 3970 in
1138 3919 1425 3972 humilibus
1455 3918 1608 3983 locis,
1641 3933 1810 3985 neque
1840 3919 1890 3971 in

210 4009 680 4062 inferioribus
717 4008 954 4062 collocat
981 4047 995 4072 ,
1027 4009 1120 4060 sed
1152 4009 1202 4059 in
1232 4007 1599 4074 superioribus
1639 4016 1692 4061 et
1718 4007 1895 4060 excel-

211 4101 325 4153 sis
388 4117 409 4152 :
467 4099 616 4166 quia
651 4113 758 4151 non
792 4100 863 4152 ab
892 4099 1189 4153 humilibus
1223 4100 1333 4169 (58)
1363 4109 1418 4152 et
1450 4098 1672 4152 terrenis
1722 4096 1894 4150 iesum

1147 4307 1190 4337 "
1214 4305 1324 4360 Jos.
1348 4322 1384 4369 t,
1422 4309 1504 4358 ll.
1579 4308 1621 4338 ⁸⁸
1647 4306 1756 4360 Jos.
1796 4323 1836 4367 v,

1147 4393 1180 4426 I.
1217 4390 1288 4438 tv,
1321 4376 1372 4427 6.
1447 4377 1492 4406 “
1520 4375 1630 4428 Jos.
1667 4391 1721 4438 x,
1753 4375 1836 4428 12.

765 4309 808 4338 ³⁸
839 4306 953 4359 Jos.
989 4323 1071 4361 ut.

903 4375 950 4405 ⁸⁵
987 4375 1180 4426 Matth.
1217 4390 1288 4440 tv,
1321 4376 1372 4427 6.

319 4311 385 4341 ³⁷
433 4307 581 4361 Jos.
612 4323 685 4360 tv.

214 4381 278 4409 δδ
331 4377 534 4430 Paul.
579 4390 727 4440 cxxt,
775 4377 826 4428 1.

251 4647 272 4660 ⁸
317 4577 492 4656 (51.)
537 4574 708 4655 Codd.
756 4576 1052 4642 Sangernt.
1097 4576 1504 4637 Gemeticensis,
1547 4586 1706 4660 atque
1748 4591 1884 4660 unus
1917 4582 1958 4634 ι)

216 4647 280 4699 Ε
316 4644 688 4721 ι⁷ινοίςειιεςὶεΡ
727 4662 744 4692 ι
775 4656 832 4696 et
866 4658 1009 4693 unus
1048 4657 1206 4708 aqua:
1249 4658 1449 4696 murus.
1485 4663 1502 4694 ι
1543 4644 1697 4698 Libb.
1735 4644 1885 4709 editi,

229 4735 258 4766 α
304 4726 378 4764 et
427 4728 518 4763 ex
559 4727 711 4777 aquts
754 4727 896 4763 IHIUS
932 4723 1152 4760 IHUI‘US.
1185 4727 1202 4758 ι

321 4780 494 4846 (52)
541 4779 722 4831 Codex
756 4781 1087 4844 Sangerm.,
1123 4787 1466 4844 «utrumque.
1490 4798 1508 4829 ›
1549 4780 1698 4833 Libb.
1740 4781 1889 4845 editi,

236 4869 264 4901 ι
313 4860 616 4912 utraque.
659 4865 678 4896 ι
1531 4876 1542 4888 .

325 4915 493 4980 (55)
550 4915 619 4967 Et
671 4915 856 4975 hodie,
914 4913 963 4963 si
1007 4910 1232 4980 audias,
1272 4913 1402 4980 dicit
1461 4915 1549 4966 tibi
1601 4914 1755 4968 Iesus
1789 4915 1892 4969 :Si

224 4978 527 5047 sequeris
559 5001 660 5046 me,
696 4995 966 5055 prgz'para
1004 4978 1161 5027 cibos
1212 4979 1280 5055 ad
1325 4981 1473 5034 viam.
1528 4983 1646 5036 Haec
1676 4998 1790 5055 quae
1837 4988 1888 5037 in

229 5060 451 5100 antea
485 5054 640 5108 editis
664 5051 883 5105 omissa
928 5059 1076 5097 sum
1105 5080 1123 5104 ,
1158 5051 1433 5099 restituunt
1459 5063 1643 5105 oumes
1673 5052 1882 5106 codices

211 5126 450 5254 Ὕῗὲῖῆ
490 5189 675 5245 Codd.
714 5185 1095 5254 διωθεῖ-ιη...
1120 5176 1322 5254 Gemet.
1357 5189 1408 5232 et
1443 5197 1578 5238 unus
1603 5185 1891 5239 Ebroicen-

177 5245 407 5314 “3.1.1.
434 5258 606 5314 ηοω.
651 5275 674 5306 ι
714 5245 896 5303 Libb.
943 5245 1136 5314 editi,
1168 5260 1187 5292 α
1221 5245 1390 5297 vitam.
1422 5265 1439 5296 ο

257 5299 408 5378 (ὥ)
714 5299 880 5370 inss.
959 5329 981 5359 ι
1027 5299 1176 5362 Vide
1235 5323 1472 5366 autem.»
1546 5319 1695 5373 Libb.
1745 5321 1894 5385 editi,

145 5387 168 5418 ι
216 5366 580 5422 γαύρηω.-
653 5409 673 5422 .

235 5378 605 5488 ίέίὲῗῆιῆὑε.
649 5409 673 5440 ι
1266 5447 1275 5457 .
1458 5451 1473 5463 ο
1510 5454 1522 5466 .
1881 5378 1892 5385 ’

235 5445 361 5555 {57)
407 5461 612 5520 Iidem
650 5466 808 5544 mss.
843 5445 1195 5544 «fructus.»
1222 5445 1360 5500 Libb.
1382 5451 1548 5514 editi,
1580 5455 1896 5536 rhoetum...

441 5531 646 5555 ,νηιη-
721 5519 1102 5555 ςλιιριΐιη.-
1172 5527 1190 5555 ι
1226 5529 1386 5555 regem
1450 5535 1469 5555 ι
1541 5521 1559 5555 1
1588 5522 1672 5555 mh
1749 5525 1875 5555 ml...

437 5519 651 5589 codex
719 5519 1105 5592 Sangarth
1172 5527 1408 5590 «regem.
1449 5535 1469 5566 ι
1541 5521 1691 5592 Libb.
1749 5525 1903 5591 editi,

133 5579 156 5613 ι
184 5564 974 5658 ςϐςιξοῖηΐξᾶοιῦῇῖάῗτω
1013 5564 1130 5628 tus.
1173 5595 1190 5625 α
1219 5564 1725 5642 prima

1579 4308 1621 4338 ⁸⁸
1647 4306 1756 4360 Jos.
1796 4323 1844 4367 v,
1891 4307 1973 4357 ll.
2045 4306 2084 4334 δ’
2120 4306 2138 4354 l
2171 4306 2230 4354 Pe

1579 4391 1630 4425 ns.
1667 4391 1721 4425 x.
1753 4375 1836 4425 12.
1912 4374 1952 4404 ⁵⁷
1988 4373 2116 4425 ibid.
2146 4373 2230 4424 14.

1995 3149 2012 3181 ι
2041 3138 2142 3183 stet
2169 3127 2266 3190 sol,
2307 3146 2323 3176 ι
2352 3142 2452 3179 nec
2471 3125 2714 3178 maximis
2747 3125 3023 3191 imperavit
3049 3125 3345 3187 elementis,
3383 3124 3522 3178 sicut

1989 3219 2139 3273 Jesus
2177 3216 2316 3269 fecit.
2356 3234 2373 3265 ι
2407 3216 2542 3273 Stet,
2577 3211 2829 3279 inquit“,
2856 3213 2931 3265 sol
2953 3227 3108 3280 supra
3144 3212 3362 3267 Gabaou
3388 3211 3522 3281 (63),

1991 3319 2043 3360 et
2073 3307 2194 3360 luna
2241 3319 2399 3372 super
2451 3303 2636 3354 vallem
2694 3303 2871 3363 Elom;
2908 3321 2925 3351 ι
2959 3311 3010 3353 et
3051 3311 3332 3368 propterea
3368 3302 3515 3354 addit

1997 3395 2270 3460 Scriptura
2326 3402 2379 3445 et
2414 3392 2540 3443 dicit
2569 3391 2632 3450 ⁸⁷,
2666 3390 2787 3457 quia
2826 3407 2843 3438 ι
2880 3405 3146 3456 nunquam
3193 3391 3269 3442 sic
3320 3391 3523 3443 audivit

1998 3482 2136 3535 Deus
2185 3481 2474 3532 homincin.
2522 3496 2540 3528 ι
2587 3477 2740 3530 Jcsus
2793 3491 2918 3542 ergo
2969 3492 3116 3530 meus
3162 3477 3326 3531 solent
3380 3487 3525 3531 stare

1995 3569 2117 3621 fecit
2156 3581 2258 3618 non
2301 3576 2424 3617 tunc
2475 3565 2667 3626 solum,
2713 3566 2804 3617 sed
2851 3565 3016 3617 multo
3063 3565 3228 3631 magis
3270 3566 3425 3618 modo
3472 3566 3525 3617 in

1995 3657 2218 3709 adventu
2241 3669 2356 3708 suo.
2396 3653 2638 3720 Denique
2673 3654 2794 3704 dunt
2821 3667 2916 3705 nos
2945 3651 3134 3704 bellum
3179 3653 3409 3719 gerimus
3435 3651 3528 3703 ad-

1995 3757 2182 3797 versus
2225 3743 2471 3796 inimicos
2514 3751 2742 3805 nostros,
2789 3750 2843 3794 et
2886 3741 3236 3794 colluctatnur
3272 3743 3528 3792 adversus

1995 3833 2323 3900 principatus
2356 3842 2409 3883 et
2439 3840 2750 3898 potestates,
2801 3839 2854 3882 et
2897 3838 3134 3884 rectores
3190 3829 3529 3881 tenebrarum

2000 3920 2212 3980 harum,
2253 3917 2513 3970 adversus
2549 3917 2806 3984 spiritalia
2842 3918 3092 3984 nequitia:
3127 3917 3176 3968 in
3201 3915 3526 3978 cmlestihs,

1998 4007 2076 4060 sol
2111 4005 2507 4072 nobisjustitizc
2545 4005 2912 4059 indesinenter
2953 4005 3179 4067 assistit,
3209 4018 3305 4058 nec
3336 4005 3528 4057 deserit

2002 4110 2257 4162 unquam,
2282 4108 2379 4147 nec
2406 4093 2624 4148 festinat
2652 4094 2992 4156 occumbere,
3020 4093 3140 4162 quia
3173 4092 3284 4160 ipse
3309 4093 3440 4145 dixit
3460 4090 3524 4142 ‘5;

2045 4304 2084 4334 δ’
2120 4303 2138 4354 l
2171 4303 2278 4355 Pet.
2320 4318 2380 4362 ll,
2419 4303 2469 4353 9.
2578 4301 2619 4331 ⁸³
2651 4300 2764 4354 Gal.
2802 4315 2854 4361 v,
2902 4301 2981 4352 l7.

2045 4373 2116 4425 id.
2146 4373 2230 4424 14.
2305 4373 2349 4410 νδ
2375 4369 2562 4422 Matth.
2601 4384 2788 4431 xxvttt,
2821 4369 2912 4420 20.

3071 4299 3113 4328 ³³
3144 4297 3295 4352 Joan.
3326 4314 3413 4362 xv,
3442 4298 3524 4354 18.

2058 4574 2170 4639 (58)
2231 4571 2400 4626 Codd.
2452 4570 2835 4625 Gemeticensis
2883 4579 2937 4639 et
2979 4566 3525 4639 unusHEbroicensis.

1999 4661 2017 4694 ι
2041 4635 2105 4694 ab
2141 4635 2448 4692 humilibus.
2477 4657 2495 4689 ›
2531 4639 2812 4704 Sangernt.
2850 4654 2867 4686 ι
2893 4637 2946 4690 in
2991 4637 3296 4689 humilibus.
3324 4654 3342 4684 ι
3377 4635 3529 4687 Libb.

1993 4711 2142 4771 editi,
2181 4726 2198 4756 ι
2227 4708 2615 4760 humilioribus.
2646 4724 2664 4755 ι
2708 4705 2906 4757 ibidem
2932 4719 3058 4758 tnss.
3101 4721 3118 4752 ι
3147 4704 3526 4771 suscepimus.»

1995 4779 2144 4830 Libb.
2168 4777 2314 4836 editi,
2359 4793 2376 4824 ‹
2405 4776 2742 4840 suscipimus.
2768 4792 2786 4822 ι

2064 4844 2174 4915 (59)
2245 4843 2424 4915 codex
2486 4840 2984 4915 Sangerntanensins,
3057 4841 3265 4915 «subit,
3306 4857 3323 4889 ι
3387 4853 3534 4915 linus

1993 4906 2371 4981 Eb‘roi'censis,
2392 4928 2414 4981 i_
2441 4906 2621 4963 sumit:
2649 4927 2666 4959 ι
2700 4908 2876 4981 Codex
2910 4908 3318 4981 Gemeticensis,
3353 4906 3532 4981 (Quod

1994 4997 2119 5050 ergo
2180 4979 2484 5031 inimicitias
2539 4977 2778 5044 suscepit
2833 4977 3086 5028 meretrix
3127 4975 3251 5043 quid
3305 4985 3386 5027 est
3430 4975 3528 5025 nisi
3583 5004 3594 5013 -

2025 5065 2107 5100 ιιιιι
2139 5062 2282 5098 caro.
2327 5065 2344 5097 ι

1987 5065 2391 5185 ᾳυὶἓοῖἃῗόἀέκ
2441 5113 2848 5176 Gemeticensis,
2897 5129 2916 5162 ι
2969 5113 3082 5164 haec
3127 5119 3307 5163 nostra
3358 5119 3530 5160 mere-

1997 5187 2122 5238 trix.
2159 5203 2176 5233 ι

2068 5253 2175 5319 (6i)
2226 5251 2386 5312 Idem,
2425 5268 2442 5300 ι
2478 5248 2860 5319 ρειζριοβιευιη
2890 5255 3122 5299 montem
3162 5241 3225 5294 ad
3265 5241 3470 5302 Jesum,
3499 5251 3525 5288 π

2000 5315 2180 5386 sit-que
2214 5320 2367 5370 habet
2394 5332 2528 5386 unus
2561 5315 2912 5386 Ebroicensis.

2072 5377 2179 5455 (62)
2218 5389 2396 5439 Codex
2429 5384 2830 5455 Getneticensis,
2861 5398 2880 5455 ς
2919 5378 2980 5429 ad
3017 5377 3299 5455 inferna.”

2075 5441 2184 5524 ((53,)
2224 5455 2397 5524 Codex
2431 5441 2943 5524 Sangerm‘anensis,
2973 5465 2989 5494 ι
3031 5459 3190 5511 supra
3213 5441 3451 5496 Gabaon.

2005 5517 2337 5584 Libbﬁediti,
2372 5540 2388 5572 ι
2422 5517 2580 5586 super
2604 5517 2841 5569 Gabaon.
2875 5531 2894 5562 ›
