3822 6226
195 274 301 329 855

195 493 336 539 rum,
391 474 534 528 misit
569 473 706 526 Deus
755 470 945 524 Filium
984 484 1134 524 suum
1176 476 1356 520 natum
1397 466 1504 537 (88)
1534 481 1594 518 ex
1624 480 1739 516 mu-

195 567 347 629 liere,
388 565 586 618 factum
622 561 718 615 sub
755 561 867 628 lege
895 561 962 612 ⁸⁷.
1000 578 1018 611 ι
1052 559 1153 612 Per
1183 559 1284 611 hoc
1313 571 1438 624 ergo
1472 555 1613 622 quod
1663 553 1742 604 fa-

195 665 313 709 ctus
340 662 420 708 est
451 655 549 706 sub
579 652 714 718 lege,
747 649 908 703 Mosei
944 649 1186 701 minister
1217 645 1435 701 ell‘cctus
1460 653 1565 698 est.
1606 643 1741 695 Dicit

194 754 371 796 antem
399 741 555 802 Deus,
582 750 638 792 ut
670 747 941 791 transeant
973 737 1083 807 (89)
1117 737 1166 790 in
1197 746 1410 795 terram,
1445 749 1546 787 non
1578 748 1739 800 quam

194 831 340 884 dedit
371 829 596 898 Moyses,
628 827 718 882 sed
757 845 775 877 ι
810 841 992 893 quam,
1044 826 1233 892 inquit,
1269 838 1367 890 ego
1400 824 1466 875 do
1517 821 1685 874 vobis.
1718 839 1737 872 ι

202 919 359 973 Vides
384 933 509 985 ergo
533 918 652 985 quia
682 915 859 969 Mosen
902 923 1108 967 mortuo
1136 914 1272 966 Deus
1309 914 1398 964 dat
1421 920 1617 963 terram
1643 923 1740 977 po-

197 1010 319 1078 pulo
347 1023 440 1076 per
466 1007 670 1062 .lesum.
695 1006 862 1071 Quam
899 1004 1134 1058 terram?
1159 1003 1307 1057 Illam
1332 1001 1446 1054 sine
1483 999 1644 1052 dubio
1678 1000 1744 1051 de

198 1113 298 1164 qua
321 1097 448 1149 dicit
483 1095 734 1150 Dominus
767 1095 851 1147 ⁸⁸ε
898 1112 915 1143 ι
964 1092 1109 1145 Beati
1161 1088 1448 1149 mansueti,
1482 1087 1607 1155 quia
1640 1087 1743 1155 ipsi

199 1187 507 1241 haereditate
538 1186 884 1254 possidebunt
907 1192 1124 1237 terram.
1164 1200 1184 1233 ι

265 1278 318 1330 5.
353 1295 371 1325 ι
406 1273 927 1340 Οιιιηθιιι,ἱιι‹ιιιὶι⁸⁹,
950 1272 1125 1325 locum
1159 1283 1530 1338 quemcunque
1552 1283 1745 1323 ascen-

198 1361 385 1414 deritis
403 1360 638 1428 vestigiis
655 1360 845 1425 pedum
867 1366 1185 1420 vestrorum,
1213 1358 1364 1410 vobis
1386 1357 1524 1410 dabo
1549 1371 1694 1409 eum.
1720 1374 1739 1405 ι

200 1452 327 1515 Quae
371 1460 495 1503 sunt
537 1449 648 1502 loca
707 1463 825 1516 qua)
879 1447 1213 1501 ascendimus
1266 1446 1505 1513 vestigiis
1551 1446 1745 1514 pedum

202 1537 550 1593 nostrorum?
570 1537 729 1604 Legis
751 1537 917 1589 littera
937 1536 1078 1588 humi
1097 1535 1265 1603 posita
1292 1543 1392 1595 est,
1423 1542 1475 1586 et
1497 1534 1748 1588 deorsum

195 1627 359 1693 jacet.
385 1626 654 1696 Nusquam
681 1640 808 1693 ergo
837 1624 1079 1679 ascendit
1108 1623 1200 1691 qui
1229 1623 1361 1691 legis
1392 1623 1625 1676 litteram
1655 1636 1745 1676 se-

1621 254 1938 317 ORIGENIS

195 390 364 445 Filius
399 386 513 439 Dei.
550 384 695 450 Quia-
719 399 738 433 ι
781 395 902 436 cum
950 378 1180 432 venisset
1224 375 1496 447 plenitudo
1532 386 1738 442 lempo—
1770 382 1809 434 Α
1840 378 1921 423 est
1971 365 2143 435 gloria
2173 372 2232 417 et
2276 359 2590 430 imperium

1839 455 2031 512 saecula
2063 453 2434 508 saeculorum.
2468 450 2695 502 Amen.

3513 236 3637 293 836

2638 366 2792 415 cum
2836 342 3129 416 Spiritu
3158 352 3370 399 sancto
3402 345 3539 421 (95}
3578 351 3641 408 in

2449 522 2773 606 llOtttLlA
2804 542 2923 597 tu.

1844 655 1917 707 De
1940 652 2150 706 duabus
2197 658 2247 703 et
2277 646 2438 702 semis
2475 641 2772 707 tribubus,
2806 635 2886 688 id
2938 640 3052 685 est
3082 630 3271 707 ’ἑᾷ-ὕει
3328 631 3570 699 Ruben,
3595 646 3653 691 et

1912 697 2465 779 iiiii'éidi'ci'sem
2504 711 2664 763 tribu
2707 705 3040 759 Manasse
3073 697 3225 768 (94),
3254 711 3317 754 et
3358 697 3569 757 novem
3598 719 3652 761 et

1915 791 2079 843 semis
2098 788 2370 840 tribubus.

1919 903 1969 954 l.
2007 900 2224 968 Moyses
2251 893 2650 949 haereditatem
2689 896 2891 941 terra:
2922 878 3284 935 distribuit
3317 892 3508 940 trans
3530 887 3657 942 lor.

2004 1008 2041 1042 n
2079 990 2295 1043 dnalms
2322 995 2378 1040 et
2410 982 2591 1036 semis
2626 978 2970 1037 tribubus,
3031 972 3110 1024 id
3144 981 3260 1039 est,
3307 977 3505 1031 tribui
3541 980 3657 1051 (95)

1845 1083 2064 1142 Ruben,
2113 1089 2169 1132 cl.
2217 1076 2381 1130 tribui
2427 1073 2588 1135 Gud,
2624 1078 2688 1124 et
2722 1064 3041 1120 dimidia:
3106 1063 3302 1118 tribui
3361 1065 3661 1125 Manasse.

1849 1172 2098 1239 Reliquis
2129 1184 2262 1224 vero
2297 1167 2584 1227 tribubus,
2629 1175 2752 1214 non
2806 1158 3144 1227 M0y508,
3183 1158 3300 1209 sed
3352 1156 3544 1215 Jesus
3577 1164 3661 1217 di-

1847 1263 1981 1314 vidit
2018 1269 2247 1313 terram.
2292 1257 2534 1310 Pactum
2575 1263 2786 1305 tamen
2846 1248 3130 1301 initum
3180 1255 3285 1299 est
3334 1264 3490 1303 cum
3553 1254 3662 1307 illis

1851 1350 2061 1404 dtzabns
2082 1358 2138 1402 et
2165 1347 2333 1401 semis
2365 1344 2635 1398 tribubus
2672 1354 2812 1409 qua:
2849 1346 3064 1390 trans
3105 1333 3466 1395 Jordanem
3501 1359 3659 1400 acre.

1850 1451 2044 1510 perant
2095 1450 2325 1500 terram,
2367 1443 2429 1487 ut
2477 1432 2713 1485 relictis
2753 1426 3185 1482 mulieribus
3210 1436 3282 1481 et
3327 1431 3661 1491 infantibus

1850 1530 1965 1585 suis
1989 1529 2040 1581 in
2065 1527 2157 1580 illa
2192 1536 2341 1579 terra
2378 1533 2539 1577 trans
2569 1519 2964 1584 Iordanem,
3009 1515 3155 1585 ipsi
3183 1532 3340 1574 cum
3378 1521 3661 1584 fratribus

1852 1620 1968 1674 suis
2025 1624 2275 1688 pugnent
2333 1627 2643 1682 usquequo
2689 1613 2904 1666 etiam
2982 1607 3133 1678 ipsi
3194 1624 3663 1683 consequantur

200 1717 403 1785 quitur.
434 1716 489 1769 Si
514 1693 648 1770 vero
681 1714 916 1782 potueris
945 1728 973 1765 a
1004 1712 1182 1766 littera
1218 1711 1509 1765 ascendere
1547 1713 1611 1764 ad
1640 1712 1749 1780 spi-
1780 1693 1824 1745 Β
1856 1712 2256 1765 Ιιαειεάἰιιιιεηι.
2285 1706 2555 1776 Oportuit
2584 1705 2782 1773 igitur
2814 1717 2947 1772 per
2988 1700 3275 1756 obitum
3316 1703 3540 1771 Musei,
3568 1710 3660 1779 qui

204 1807 385 1867 ritum,
428 1806 575 1859 etab
627 1804 850 1857 historia
900 1802 964 1854 ad
1003 1800 1329 1854 intellectum
1383 1801 1750 1852 conscendere

202 1896 499 1959 celsiorem,
554 1903 681 1947 tunc
732 1907 855 1946 vere
900 1890 1193 1945 ascendisti
1238 1888 1411 1942 locum
1447 1887 1649 1940 editum
1696 1897 1752 1939 et

204 1985 493 2050 excelsum,
524 1996 680 2052 quem
706 1997 735 2035 a
771 1981 880 2034 Deo
919 1981 973 2033 in
1023 1979 1332 2033 hatreditate
1361 1976 1644 2044 percipies.
1694 1976 1750 2029 Si

202 2076 341 2129 enim
367 2076 418 2128 in
449 2074 514 2127 iis
542 2088 659 2141 qua:
679 2072 873 2139 scripta
904 2078 1048 2134 sunt,
1080 2079 1232 2137 typos
1253 2066 1538 2134 intelligas,
1570 2074 1626 2118 et
1648 2066 1737 2117 ad-

204 2173 381 2218 vertas
413 2162 610 2216 formas
641 2176 759 2214 esse
800 2159 1120 2221 caelestium,
1170 2165 1224 2210 et
1263 2164 1439 2210 mente
1484 2170 1547 2208 ac
1589 2169 1750 2208 sensu

209 2272 228 2306 ι
275 2269 396 2322 qua:
438 2267 650 2306 sursum
697 2261 825 2305 sunt
874 2263 1110 2318 quaeras,
1158 2248 1245 2301 ubi
1291 2245 1537 2302 Christus
1582 2257 1664 2300 est
1697 2247 1750 2300 in

203 2343 420 2396 dextera
445 2343 531 2394 Dei
554 2344 742 2395 sedens
772 2340 846 2404 6‘l;
881 2357 900 2390 ι
934 2348 1057 2392 tunc
1085 2346 1140 2392 et
1171 2337 1317 2389 illum
1356 2337 1526 2390 locum
1548 2337 1598 2388 in
1635 2336 1751 2390 he-

206 2433 433 2486 reditate
495 2430 774 2499 percipies,
827 2428 1036 2481 dicente
1087 2425 1313 2479 Domino
1364 2433 1418 2478 et
1472 2423 1752 2478 Salvatore

204 2530 387 2574 nostro
417 2519 483 2581 οι,
512 2518 634 2587 quin
674 2535 692 2568 ι
738 2515 827 2568 ubi
869 2529 964 2581 ego
991 2528 1132 2576 sum,
1161 2513 1231 2565 ibi
1269 2513 1374 2565 erit
1411 2522 1466 2566 et
1497 2500 1744 2566 ministei'

206 2625 375 2664 meus.
417 2628 436 2661 ι
480 2608 536 2662 Si
584 2624 713 2677 ergo
760 2621 926 2674 usque
974 2604 1041 2656 ad
1082 2603 1353 2657 Christum
1394 2604 1667 2657 sedentem
1699 2604 1751 2656 in

206 2702 420 2754 dextera
451 2699 538 2752 Dei
566 2697 870 2767 perveneris
903 2695 1023 2758 ﬁde,
1056 2693 1184 2747 vitae
1206 2693 1437 2761 puritate
1471 2692 1605 2762 (90),
1646 2694 1754 2746 vitr-

206 2799 339 2853 tute,
367 2800 420 2844 et
453 2789 557 2842 illis
581 2788 819 2856 vestigiis
854 2787 1043 2855 pedum
1077 2793 1287 2836 tuorum
1332 2797 1451 2851 quae
1491 2782 1625 2835 lavit
1666 2782 1752 2836 Je-

208 2897 320 2943 sus,
351 2881 494 2934 illum
525 2881 698 2934 [ccum
741 2876 1047 2937 incesseris,
1095 2874 1241 2926 dabit
1278 2873 1371 2924 tibi
1405 2886 1527 2925 eum
1576 2870 1751 2925 Deus:

209 2978 264 3022 et
298 2976 423 3021 tunc
459 2982 562 3022 non
596 2966 767 3020 solum
794 2962 903 3033 (9|)
942 2964 1113 3016 haeres
1145 2959 1391 3014 eliicieris
1430 2959 1542 3025 Dei,
1578 2960 1668 3013 sed
1699 2969 1753 3013 et

211 3058 449 3113 cobaeres
478 3056 700 3111 Christi.

277 3147 330 3199 4.
371 3164 389 3196 ι
423 3147 597 3208 Sicut,
629 3143 800 3211 inquit
832 3144 896 3208 ⁶¹,
929 3141 1035 3194 dixi
1071 3134 1259 3211 Moysi,
1301 3154 1540 3199 eremum
1566 3148 1618 3191 et
1650 3139 1759 3190 An-

213 3236 483 3290 tilibanum
513 3236 652 3289 hunc
682 3248 846 3301 usque
883 3233 947 3285 ad
996 3231 1191 3285 ﬂumen
1246 3244 1520 3298 magnum,
1559 3227 1755 3282 ﬂumen

213 3324 556 3390 Euphratem,
604 3342 623 3374 ι
655 3337 892 3376 eremum
928 3321 1067 3374 Deus
1100 3318 1324 3396 subiecit
1370 3319 1490 3374 Jesu
1523 3318 1656 3389 (92),
1706 3320 1758 3371 id

210 3423 297 3467 est
327 3412 553 3476 deserta,
592 3412 655 3466 de
688 3412 878 3480 quibus
919 3410 1047 3463 dicit
1086 3408 1334 3478 propheta
1369 3408 1457 3461 ‘3:
1497 3426 1515 3458 ι
1554 3409 1758 3462 Laetare

214 3511 428 3551 eremus
463 3498 683 3562 sitiens;
721 3515 740 3548 ι
777 3506 830 3551 et
859 3515 875 3552 :
904 3514 922 3547 ι
959 3495 1107 3549 Multi
1152 3496 1244 3549 lilii
1289 3496 1538 3559 desertae,
1591 3497 1760 3565 magis

216 3602 372 3655 quam
408 3586 522 3655 cjus
549 3601 666 3655 quae
692 3587 854 3639 habet
884 3585 1076 3638 virum.
1106 3603 1125 3636 ι
1164 3585 1228 3639 Et
1254 3585 1446 3638 iterum
1484 3599 1588 3639 non
1628 3585 1762 3639 dixit

216 3677 499 3743 Libanum,
546 3677 638 3731 sed
691 3676 1080 3743 Antilibanum,
1116 3690 1273 3744 quem
1321 3691 1352 3727 a
1403 3676 1510 3728 Dco
1552 3676 1762 3742 accepit

214 3764 387 3819 Iesus.
424 3764 758 3818 Autilibanus
788 3775 968 3817 autem
999 3765 1193 3817 dicitur
1222 3765 1372 3832 quasi
1405 3780 1499 3832 pro
1537 3763 1759 3818 Libano.

217 3855 274 3908 Si
321 3868 448 3923 ergo
481 3854 662 3908 videas
694 3853 925 3922 priorem
972 3853 1222 3921 populum
1273 3853 1420 3906 illum
1468 3854 1756 3906 secundum

216 3958 429 3997 carnem
465 3942 653 4006 lsrael,
677 3944 767 4012 qui
801 3952 918 3996 erat
948 3958 1073 3997 vera
1115 3944 1252 3998 oliva
1275 3983 1290 4008 ,
1324 3944 1495 4012 ipsum
1530 3943 1761 4011 intellige

216 4032 378 4086 fuisse
413 4031 669 4085 Libanum
717 4045 899 4085 verum
923 4045 952 4083 θ
975 4032 1068 4086 sed
1112 4046 1232 4086 cum
1266 4032 1462 4085 videris
1492 4031 1613 4098 quia
1664 4045 1761 4097 pro

219 4122 585 4176 incredulitate
615 4136 710 4176 sua
755 4123 996 4176 aufertur
1026 4122 1093 4175 ab
1140 4136 1204 4176 eo
1244 4137 1488 4191 regnum,
1526 4133 1579 4176 et
1606 4125 1764 4177 datur

218 4211 359 4280 genti
406 4211 615 4264 facienti
667 4213 893 4266 fructum
934 4212 1096 4278 ejus:
1149 4211 1309 4265 istum
1354 4212 1608 4279 populum
1668 4214 1757 4280 qui

1853 1809 2070 1869 paetum
2091 1798 2236 1853 istud
2272 1798 2507 1858 inierat,
2544 1794 2759 1849 Jesum
2801 1791 3176 1861 promissa
3215 1792 3589 1861 deposcere.
3608 1810 3664 1853 et

1853 1903 2201 1944 commouere
2222 1902 2318 1941 eos
2341 1886 2628 1940 auxilium
2666 1882 3086 1953 pugnaturis
3131 1880 3458 1940 fratribus
3485 1888 3658 1945 ferre.

1854 1978 1982 2033 ﬂare
2022 1978 2243 2047 quidem
2295 1975 2553 2030 historiae
2589 1982 2805 2028 textus
2867 1978 3181 2025 enarrat
3223 1972 3397 2041 (96),
3458 1995 3657 2036 τοι-ιω,

1853 2069 1977 2138 quia
2005 2084 2103 2123 nos
2126 2065 2399 2133 fortejatn
2422 2062 2705 2119 conversi
2746 2062 2828 2115 ad
2876 2061 3273 2115 Dominum
3304 2081 3545 2134 sumus,
3562 2073 3661 2142 qui

1855 2157 2037 2213 aufert
2092 2157 2342 2212 velamen
2373 2170 2443 2209 ex
2477 2154 2748 2209 lectione
2779 2151 3073 2207 Veteris
3144 2153 3578 2226 Testamenti,
3603 2176 3660 2219 et

1855 2247 2216 2303 donatservis
2248 2247 2368 2300 suis
2409 2244 2810 2301 credentibus
2852 2242 2921 2297 in
2973 2257 3092 2308 se,
3143 2252 3227 2296 ut
3272 2252 3553 2307 revelata
3579 2254 3663 2309 ta-

1855 2340 1936 2393 cie
1969 2338 2193 2406 gloriam
2233 2335 2455 2389 Domini
2509 2332 2955 2397 speculentur,
3021 2332 3187 2387 hac
3254 2343 3479 2395 omnia
3536 2361 3663 2414 qua

1857 2428 2157 2497 ﬁguraliter
2187 2427 2296 2480 illis
2339 2425 2723 2485 accidebant,
2752 2434 3055 2492 propter
3101 2439 3237 2479 nos
3264 2433 3506 2501 scripta
3533 2452 3660 2494 esse

1855 2519 2173 2576 sentiamus.
2204 2536 2222 2567 ι
2244 2517 2300 2569 in
2321 2530 2467 2584 quos
2486 2513 2638 2568 fines
2664 2514 2998 2569 smeulorn
3012 2531 3085 2567 m
3120 2515 3615 2583 devenerunt".
3636 2551 3656 2583 ι

1854 2608 1921 2662 Et
1963 2608 2106 2671 ideo,
2149 2607 2298 2660 sicut
2338 2615 2473 2659 ante
2505 2604 2632 2670 jam
2663 2605 2995 2668 diximus,
3054 2612 3449 2670 ascendere
3482 2630 3664 2676 tente-

1856 2712 1976 2750 mus
2007 2711 2036 2749 a
2076 2695 2261 2748 littera
2299 2695 2367 2748 ad
2405 2694 2722 2762 spiritum,
2754 2709 2790 2747 a
2841 2695 3103 2764 ﬁguris
3139 2698 3231 2751 ad
3291 2708 3659 2781 veritatem;

1854 2786 2014 2857 402
2057 2795 2111 2840 et
2138 2785 2570 2839 consideremus
2622 2798 2811 2853 quam
2863 2785 3185 2839 formam
3218 2800 3497 2855 teneant
3538 2805 3660 2861 ista:

1855 2878 1972 2931 dua:
2004 2884 2059 2928 et
2085 2876 2255 2929 semis
2286 2874 2489 2938 tribus,
2522 2889 2660 2943 qum
2693 2890 2806 2944 per
2839 2874 3141 2946 Moysen
3182 2887 3435 2943 terram
3474 2892 3661 2952 luere-

1781 2996 1824 3053 ο
1857 2965 2038 3020 ditatis
2071 2964 2355 3032 accipiunt
2388 2980 2402 3015 :
2432 2971 2491 3016 et
2529 2977 2718 3031 quam
2759 2963 3055 3019 formant
3100 2976 3389 3030 teneant
3418 2983 3662 3052 reliqua

1860 3073 2052 3113 novem
2106 3065 2163 3109 et
2216 3058 2387 3110 semis
2444 3071 2578 3123 qua:
2622 3071 2737 3124 per
2769 3056 2998 3112 Iesum
3084 3071 3661 3135 repromissionem

1856 3146 2666 3240 temesanctas-suscipiunt.
2732 3148 2805 3201 Et
2854 3150 3088 3216 primo
3145 3164 3456 3219 omnium
3517 3186 3663 3240 pum

1859 3233 2363 3333 quod-impossibile
2390 3233 2576 3333 fuerit
2609 3236 2869 3292 fortuitu
2908 3240 3294 3317 accidisse,
3330 3266 3404 3310 ιιι
3436 3233 3536 3315 hi'
3556 3267 3659 3333 qui

1858 3340 1956 3393 per
1982 3324 2199 3419 Moysen
2224 3324 2517 3391 accipiunt
2548 3328 2925 3394 portionem,
2954 3345 3201 3390 omnes
3230 3324 3650 3419 ρτῐηιοεεηξιί

1859 3418 2062 3463 essent.
2088 3407 2276 3503 Ruben
2303 3424 2559 3478 namque
2579 3414 3033 3484 primogenitus
3067 3433 3179 3476 est
3211 3407 3298 3482 ex
3326 3407 3488 3503 Lia:
3506 3407 3637 3494 cad

1860 3499 2255 3591 pi-imogenitns
2298 3515 2367 3591 ex
2415 3501 2613 3591 Gelfa,
2670 3514 2734 3558 et
2801 3506 3107 3562 Manasses
3149 3499 3639 3591 primogémm‘

1856 3604 1925 3663 ex
1961 3588 2236 3643 Assenech
2272 3589 2548 3660 Egyptia
2586 3592 2715 3647 tilia
2754 3596 3055 3664 Petephre
3089 3600 3252 3677 (97)
3283 3588 3643 3676 sacerdotis

1862 3678 2436 3777 HeiinpoiettS,-qualll
2487 3685 2744 3777 accepit
2795 3686 3039 3757 Josepb.
3094 3689 3478 3770 Nunquam
3537 3726 3646 3777 ego

2029 3769 2434 3865 persuadeo-ut
2482 3771 2745 3828 fortuitu
2798 3778 3089 3831 acciderit
3167 3769 3654 3865 primogeniteg

1861 3872 1979 3912 esse
2010 3873 2204 3912 omnes
2257 3860 2470 3927 quibus
2505 3878 2619 3931 per
2654 3863 2903 3937 Moysen
2957 3860 3481 3943 decernebatur
3529 3892 3659 3947 ιη-

1861 3947 2083 4041 reditas,
2106 3948 2206 4041 sed
2235 3948 2555 4041 magis‘hoc
2578 3955 2850 4010 arbitror
2885 3959 3045 4028 quod
3073 3961 3160 4017 in
3212 3970 3307 4025 iis
3332 3974 3479 4041 jam
3515 3991 3667 4039 ιιηιε

1862 4036 2090 4128 duorum
2139 4037 2600 4128 adumbrabatur
2659 4043 2855 4100 forma
2912 4036 3405 4118 populorum‘:
3480 4036 3671 4128 nam;

1861 4126 2077 4193 quidem
2105 4126 2195 4217 qui
2229 4129 2663 4197 primogenitus
2688 4150 2797 4205 per
2828 4146 3065 4194 natura:
3107 4151 3456 4211 ordinem
3509 4162 3649 4217 ride

2004 4232 2043 4281 ';
2067 4216 2295 4272 alterius
2320 4220 2420 4287 qui
2447 4236 2556 4288 per
2588 4224 2763 4279 [idem
2794 4236 2853 4279 et
2883 4230 3081 4298 gratia
3096 4251 3207 4299 In,
3250 4216 3647 4308 benedictio
3668 4287 3683 4295 -

218 4315 315 4368 pro
367 4300 455 4354 illo
479 4302 694 4412 eapulso
726 4302 1077 4412 intrq‘dueitur
1107 4305 1158 4412 in
1184 4302 1756 4412 'reguunt,-IAntiliba-
1791 4309 1833 4362 D
1863 4320 1985 4412 nem
2042 4308 2328 4386 acciperet.
2358 4310 2750 4373 haereditatis.
2797 4316 2927 4374 Nec
2962 4322 3156 4390 prius
3216 4332 3365 4389 illis
3408 4300 3683 4412 ηἶιῖᾗξτ

221 4403 347 4443 num
392 4391 552 4453 senti,
584 4405 703 4456 qua:
733 4403 815 4444 est
841 4392 1072 4445 Ecclesia
1107 4391 1196 4444 Dei
1238 4405 1303 4443 ex
1333 4393 1578 4459 gentibus
1628 4406 1789 4445 «δοκι-ε

221 4488 433 4550 gregata
461 4494 555 4546 per
573 4479 751 4534 Jesum
783 4482 1050 4537 Christum
1080 4484 1360 4538 Dominum
1379 4493 1640 4548 nostrum,
1671 4485 1754 4537 cui

293 4593 337 4626 "
367 4591 481 4647 Gal.
512 4606 585 4652 tv,
607 4590 660 4643 4.
735 4591 780 4623 ⁵⁸
804 4592 991 4649 Matth.
1023 4609 1074 4659 v,
1097 4594 1150 4648 4.

219 4676 327 4728 LIV,
359 4663 407 4714 l.
483 4660 527 4691 “
557 4660 718 4713 lCor.
759 4676 813 4725 ι,
842 4663 926 4716 Η.

219 4818 387 4874 germ.
410 4811 463 4856 et
483 4801 762 4874 Gemeti_e.,
799 4820 819 4853 ι
866 4804 1138 4871 plenitudo
1178 4810 1497 4869 temporum.
1539 4819 1556 4850 ι
1593 4799 1750 4856 Libb.

220 4870 370 4935 editi,
405 4887 424 4921 ι
460 4870 732 4938 plenitudo
759 4870 1028 4939 temporis.
1073 4889 1094 4922 ι

286 4934 632 5061 ἕξὲθυηῗοὶιεχ
679 4934 979 5010 Sangertn.,
1019 4954 1039 4988 ι
1080 4945 1284 4991 natum.
1327 4953 1346 4985 ι
1400 4934 1553 4988 Libb.
1601 4937 1754 5000 editi,

226 5027 247 5062 ι
286 5017 501 5061 factum.
531 5024 550 5057 ι

293 5075 563 5148 (89)'ld_em
590 5089 692 5130 ms.
713 5090 830 5130 cum
854 5074 1035 5129 codice
1056 5070 1338 5134 Gemetic.,
1365 5088 1385 5121 ι
1412 5080 1707 5131 transeant.
1730 5094 1748 5127 ι

224 5145 378 5199 Libb.
405 5145 562 5207 edit.,
592 5162 610 5195 ι
642 5153 901 5197 transeat.
939 5161 958 5192 ι

294 5211 403 5282 (90)
431 5212 607 5265 Codex
639 5210 1045 5273 Gemeticensis,
1065 5224 1085 5259 ι
1107 5208 1228 5261 vita:
1253 5211 1503 5277 puritate.
1546 5230 1564 5262 ι
1600 5211 1757 5264 Libb.

225 5282 373 5342 editi,
407 5299 425 5330 ι
460 5282 589 5340 vita,
620 5283 869 5347 puritate.
906 5295 925 5329 ι

293 5348 402 5418 (9|)
446 5346 632 5402 Coder
665 5347 968 5416 Sangerm.,
1015 5366 1037 5418 ι
1071 5354 1125 5399 et
1170 5354 1445 5400 tune'non
1503 5346 1695 5401 solum.
1735 5365 1753 5398 ι

226 5414 564 5477 [λίὶιιιζειιίιῂ
600 5436 618 5468 ι
652 5414 911 5469 dunt—non
947 5417 1138 5470 solum.
1179 5433 1197 5463 ι

298 5482 569 5550 (υξμιίοιιι
603 5500 725 5548 ms.,
761 5501 779 5534 ι
819 5499 1051 5538 eremum
1084 5483 1172 5535 Dei
1198 5480 1424 5546 Sttltjt't'it
1456 5479 1626 5533 Jesus.
1664 5499 1683 5530 ι

299 5549 406 5613 (93)
429 5549 556 5603 Cum
584 5550 780 5619 Spiritu
805 5565 1002 5605 sancto.
1035 5553 1188 5604 Decst
1215 5552 1264 5602 in
1290 5551 1444 5603 codd.
1478 5552 1756 5617 Sungerm.

1251 4594 1440 4650 l"‘Jos.
1474 4610 1510 4656 ι,
1540 4596 1593 4649 '5.
1670 4596 1713 4626 ‘°
1739 4596 1945 4651 Coloss.
1981 4613 2065 4664 ιιι,
2095 4599 2148 4653 l.

1863 4393 2078 4491 Moysen
2106 4396 2393 4491 accipiunt
2429 4401 2871 4473 hzrre'ditatem,
2898 4409 2960 4463 id
2985 4421 3083 4465 est
3117 4421 3254 4485 qui
3286 4393 3438 4491 peri

1864 4431 2078 4463 unum,"
2106 4431 2393 4462 .euptunu
2430 4431 2871 4473 ua'l’cuuiltcul,
2898 4431 2960 4463 tu
2985 4431 3083 4465 cal.
3117 4431 3254 4485 qui
3286 4439 3438 4491 per
3472 4431 3681 4500 legem

1864 4484 2183 4553 placuerunt
2239 4486 2382 4554 Deo,
2441 4497 2680 4563 requies
2740 4499 2950 4568 datur,
3011 4503 3146 4559 niSi
3216 4515 3564 4585 adjuvenl
3620 4526 3680 4577 in

2227 4600 2464 4663 σηοω.
2501 4623 2610 4675 xu,
2637 4610 2738 4669 26.
2812 4614 2863 4646 ⁶¹
2890 4615 3022 4671 Jos.
3059 4633 3119 4681 ι,
3168 4624 3256 4689 '5,
3298 4632 3380 4691 4.
3475 4639 3533 4670 ⁸³
3560 4642 3680 4697 lsa.

1859 4809 1914 4856 et
1940 4804 2350 4868 Gemeticensi.

1932 4873 2049 4953 (94)
2084 4876 2264 4953 (οἶοίΙιΙ,
2324 4886 2445 4942 San

1861 4951 2147 5013 omittunt,
2188 4966 2208 4998 ι
2250 4951 2311 5008 id
2344 4968 2436 5013 est

1864 5010 2090 5067 mitribu
2121 5015 2328 5079 Manas

2454 4904 2634 4982 gerat.
2672 4905 2777 4982 net.
2806 4896 3135 4982 Gemetic:
3182 4908 3287 4982 in,
3323 4914 3458 4970 hoc
3487 4921 3669 4977 titulo

2332 4965 2632 5085 seesl,,tt‘ibtt
2672 4965 2903 5035 Ruben,
2944 4981 3005 5025 et
3023 4974 3213 5029 tribu
3248 4965 3664 5049 σελάξιξῖἔὲῖ

1939 5081 2482 5184 (Igijnljbhantea—
2513 5105 2671 5184 editi,
2703 5123 2749 5184 t_
2770 5104 3010 5184 Moyses
3034 5110 3330 5184 duabus
3366 5135 3431 5178 et
3468 5130 3659 5184 semis

1922 5152 1933 5161 '
2411 5152 2469 5156 ν--
2519 5152 2671 5186 νἼ---ν
2709 5152 2886 5187 -.-η---,ι
2908 5152 3010 5167 υ-ιω
3036 5152 3330 5187 ς-ι-ιιυυδ
3366 5152 3431 5178 Cl
3468 5152 3581 5180 πη

1869 5152 2130 5277 ξεξξξιθιῖ
2156 5168 2701 5277 summa
2739 5178 2793 5229 ια
3287 5204 3486 5250 ο

1993 5242 2217 5299 f:.“!_"l
2256 5249 2465 5298 nostro
2491 5255 2671 5299 textu.

1873 5289 2288 5408 li-(izﬁii‘ixffa
2321 5289 2648 5408 ill-l-Etigrig
2675 5325 2853 5370 textus
2874 5326 3179 5374 enarrat.
3236 5344 3263 5377 ι
3292 5327 3485 5389 Libb.
3523 5334 3653 5390 edi-

1924 5364 2290 5439 ’.1_"i§l0ria
2327 5364 2635 5439 “55.5,:
2679 5364 3179 5374 v--«--—~-
3236 5364 3261 5377 υ
3292 5364 3485 5389 μευ...

1908 5428 2070 5528 ..(θῦ
2106 5428 2287 5513 διες
2312 5428 2680 5528 ἑῐίέέὲῖιιὶε.
2717 5476 2735 5510 ι
2779 5454 2955 5514 Libb.

1875 5450 2070 5554 ri;le
2106 5450 2275 5513 Mss.,
2312 5468 2335 5502 ι
2375 5450 2680 5528 Pet-ejilire.
2717 5476 2735 5510 ι
2779 5454 2955 5514 Libb.
3003 5450 3216 5521 εάῖὶῖ.
3279 5482 3306 5515 ι
3363 5467 3662 5541 Putipha-
