3822 6224
1278 345 1346 398 ΙΝ
1369 341 1620 399 LIBRUM
1643 339 1807 396 JESU
1837 339 2018 396 NAVE
2049 339 2327 396 HOMILIA
2355 343 2444 399 lll.
3387 341 3488 396 838

47 446 85 494 i‘i
145 519 158 528 ί
221 411 515 528 ἢ-Ϊξδίτξδ
592 443 806 493 suos.
871 441 1212 516 Mulieres
1267 473 1468 518 tantum
1512 471 1564 518 et
1604 461 1838 515 infantes
1868 463 1912 519 Α
1940 461 2047 528 hic,
2079 471 2130 516 et
2170 463 2242 515 ibi
2269 477 2456 517 novem
2496 469 2550 517 et
2584 463 2768 526 semis,
2803 472 2856 517 et
2886 463 2984 517 ista
3015 479 3114 518 una
3151 465 3326 518 tribus
3355 462 3490 515 divi-

58 519 186 617 ωιὶῇ
235 515 666 617 δΨΗῘῷθιθηῖ
712 545 854 599 Der
905 539 1188 617 Moysen
1229 571 1244 608 :
1292 559 1470 609 czeterl
1504 562 1677 606 autem
1731 569 1837 607 non

69 584 186 640 ttwllv/
717 584 736 599 1
782 584 843 590 ““
909 584 1063 617 “’⁸υ1
1080 584 1188 608 acu
1229 584 1244 608 ὁ
1292 584 1470 609 υίιῖιῢῐι
1504 584 1677 606 αυιειιι
1732 584 1837 607 ΙΙΙΙΙΙ

68 607 462 706 ιοιῑιίβξῗῗυιν
490 617 649 706 fed
688 635 985 688 exeunt
1031 642 1109 694 ad
1152 645 1413 697 auxilium
1445 643 1668 697 fratrum
1716 658 1836 696 suo-

66 691 377 802 rum/wide;
410 703 596 802 man
643 709 876 772 hodie
931 691 1682 802 ιαυέξτεῖηἶῖ’ὲὲἷξᾷέὸὲιξξὲέῷ
1716 691 1837 784 in}-

81 885 266 1000 “at;
285 885 401 998 fias
418 898 858 1000 potestates,
903 913 1219 974 quomodo
1249 913 1301 965 in
1330 913 1584 965 auxilimn
1619 914 1837 966 veniunt

111 979 314 1092 333;“
351 988 504 1092 “3:9
547 985 948 1086 a{uentum
995 1000 1142 1055 Jesu
1183 1002 1380 1056 Christi
1415 1004 1618 1055 Domini
1652 1004 1752 1056 mei
1785 1003 1836 1055 in

122 1070 212 1176 (4%;
255 1070 624 1176 ᾗιιειὶίῖεξῗιὶ
699 1093 899 1142 sunt.
965 1090 1121 1144 Vide
1173 1093 1436 1160 quomodo
1495 1093 1658 1148 Isaias
1708 1094 1835 1146 mihi

137 1164 348 1260 »ξπεχςιι
373 1164 729 1260 “filium.
760 1186 924 1228 cum
965 1195 1064 1234 me
1083 1181 1420 1234 sermonibus
1456 1196 1564 1235 sua:
1591 1183 1838 1237 lectionis

146 1253 442 1330 “manat.
469 1253 645 1312 Vide
673 1264 1051 1322 accinctum
1082 1259 1153 1323 ὀι
1199 1271 1502 1338 expeditum
1542 1273 1835 1326 venientem

171 1347 451 1412 leremiam
500 1346 584 1398 ad
648 1353 975 1409 auxilium
1040 1369 1306 1422 nostrum,
1346 1367 1398 1412 et
1433 1360 1714 1415 voluminis
1756 1364 1835 1416 sui

162 1444 344 1512 jaculis
390 1435 613 1491 hostes
669 1446 1053 1510 acerrimos,
1099 1448 1276 1501 cordis
1305 1452 1403 1500 mei
1441 1450 1685 1504 tenebras
1707 1451 1838 1504 effu-

171 1543 406 1602 gautem.
445 1529 846 1598 Accingitur
883 1545 946 1587 et
990 1536 1178 1588 Daniel
1212 1538 1276 1588 ad
1294 1538 1545 1590 auxilium
1573 1551 1836 1603 nostrum,

157 1638 280 1677 cum
305 1631 409 1672 nos
439 1615 519 1671 de
559 1616 821 1674 Christi
868 1626 1172 1691 prmsentia
1207 1639 1269 1678 ac
1302 1641 1485 1693 regno,
1524 1635 1576 1680 et
1597 1629 1660 1681 de
1685 1629 1838 1681 Auti-

157 1709 347 1766 christi
381 1705 606 1760 futura
635 1708 877 1764 fraude
919 1713 1141 1766 instruit
1167 1721 1221 1765 et
1245 1725 1550 1780 praemonet.
1587 1717 1752 1770 Adest
1783 1729 1836 1771 et

144 1794 419 1858 Ezechiel
453 1810 890 1853 sacramenta
923 1803 1082 1856 nobis
1113 1802 1348 1856 cmlestia
1375 1804 1425 1856 in
1457 1807 1834 1872 quadriformi-
1868 1785 1906 1838 Β

145 1895 256 1947 bus
299 1896 592 1942 rotarum
643 1888 914 1943 circulis
956 1891 1202 1958 signans,
1230 1901 1282 1946 et
1313 1903 1480 1966 rotant
1513 1895 1835 1950 concludens

133 1984 198 2037 in
236 1988 393 2034 rota.
446 1974 663 2030 Ducit
725 1987 792 2030 et
831 1978 976 2032 Osee
1017 1979 1255 2033 bissenas
1285 1981 1576 2048 prophetici
1611 1985 1836 2052 agminis

138 2081 400 2127 turmas,
431 2073 507 2117 et
540 2066 914 2132 procedunt
940 2080 1128 2120 omnes
1151 2067 1404 2120 succincti
1438 2069 1644 2123 lumbos
1669 2071 1720 2122 in
1749 2086 1830 2125 ve-

134 2165 335 2217 ritate
367 2171 576 2222 quam
625 2157 976 2224 praedicant
1009 2157 1074 2208 ad
1104 2157 1356 2209 auxilium
1381 2173 1619 2220 suorum,
1658 2170 1715 2214 ut
1741 2177 1836 2215 eo-

137 2267 284 2306 rum
323 2245 786 2300 voluminibus
838 2245 1110 2310 instructi,
1144 2245 1434 2300 diabolicas
1484 2261 1587 2299 non
1622 2248 1835 2315 ignore-

148 2357 299 2398 mus
361 2335 677 2390 astutias.
742 2335 848 2388 lsti
895 2349 1022 2403 ergo
1051 2335 1139 2402 qui
1183 2334 1349 2389 fortes
1381 2345 1528 2401 sunt,
1555 2340 1748 2391 armati
1785 2351 1833 2393 et

146 2427 475 2503 praecincti
542 2426 817 2479 lumbos
871 2426 926 2478 in
969 2425 1201 2477 veritate
1251 2435 1446 2479 exeunt
1497 2428 1547 2479 in
1583 2430 1835 2482 auxilium

160 2530 471 2577 nostrum,
516 2524 593 2568 et
639 2523 918 2582 pugnant
958 2513 1252 2567 nobiscum.
1299 2512 1532 2569 Infantes
1561 2528 1736 2572 autem
1785 2529 1840 2572 et

164 2611 457 2664 mulieres
498 2619 643 2659 non
682 2613 904 2656 exeunt
929 2605 994 2656 ad
1032 2605 1268 2672 praelium
1311 2618 1574 2661 nostrum.
1605 2607 1712 2662 Nec
1736 2611 1836 2663 mi-

172 2713 359 2760 rum,
393 2695 593 2748 infans
622 2693 793 2746 enim
825 2692 1026 2745 dicitur
1055 2695 1144 2760 qui
1177 2709 1278 2748 non
1304 2695 1557 2764 loquitur.
1583 2695 1719 2762 Quid
1756 2714 1840 2752 me

170 2805 347 2858 ergo
378 2787 591 2855 juvare
641 2784 842 2852 pctuit
866 2782 958 2836 ille
989 2784 1078 2850 qui
1113 2785 1242 2837 nihil
1285 2785 1490 2840 locutus
1525 2789 1644 2841 est?
1688 2790 1839 2856 cujus

176 2879 363 2934 nihil
407 2879 658 2931 invenio
690 2872 850 2943 quod
887 2873 1094 2941 legam?
1121 2876 1272 2942 cujus
1297 2890 1380 2928 me
1414 2891 1588 2930 sermo
1617 2893 1720 2932 non
1761 2879 1839 2931 in-

178 2968 433 3023 struit!
469 2966 802 3020 Mulierem
834 2976 964 3014 vero
993 2962 1120 3014 dicit
1149 2964 1416 3030 apostolus
1445 2965 1711 3018 infirmum
1749 2981 1839 3021 vas

182 3074 346 3112 esse
407 3057 470 3107 “.
531 3054 715 3108 Unde
766 3061 822 3104 et
865 3061 1254 3118 consequenter
1302 3053 1573 3106 infirmum
1635 3070 1729 3108 vas
1775 3056 1838 3109 ad

177 3151 565 3207 conﬂictum
596 3161 717 3198 non
748 3143 915 3204 venit,
941 3155 1008 3194 ne
1036 3143 1410 3213 confringatur
1439 3156 1491 3198 et
1515 3156 1719 3214 pereat.
1751 3149 1840 3200 Sic

184 3255 481 3308 namque
503 3247 569 3292 et
607 3239 681 3290 de
705 3235 838 3288 Jesu
874 3235 1100 3288 Domino
1126 3235 1176 3287 iu
1215 3235 1518 3302 Evangeliis
1550 3237 1745 3289 dicitur
1769 3237 1836 3301 ⁸⁸,

180 3332 356 3398 quia
405 3347 428 3380 ε
476 3328 770 3382 calamum
807 3332 1120 3393 quassatum
1159 3338 1261 3377 ttOn
1303 3323 1605 3392 confringet
1639 3325 1769 3392 (98).
1814 3343 1832 3374 ι

185 3422 380 3485 Quia
424 3435 563 3488 ergo
594 3418 861 3470 mulieres
887 3433 916 3470 a
945 3419 1075 3472 viris
1112 3417 1225 3471 suis
1261 3416 1400 3469 domi
1441 3415 1619 3469 doceri
1649 3415 1842 3484 juben-

188 3520 341 3573 tur,
393 3517 460 3562 et
486 3509 674 3576 magis
704 3508 760 3560 in
791 3505 1175 3574 discipulorum
1199 3520 1359 3574 quam
1386 3505 1688 3560 docentium
1718 3519 1838 3572 per-

185 3615 380 3655 sona
428 3607 744 3668 ponuntur,
795 3597 864 3650 ad
901 3596 1157 3649 auxilium
1201 3611 1376 3648 meum
1409 3610 1515 3648 non
1559 3595 1705 3648 venit
1751 3595 1839 3662 qui

185 3691 460 3744 docere
495 3703 587 3741 me
617 3703 729 3741 non
776 3695 974 3754 potest,
1006 3695 1062 3739 et
1089 3684 1242 3752 cujus
1271 3684 1400 3738 nihil
1436 3685 1650 3738 invenio
1699 3685 1842 3752 quod

183 3783 470 3835 imitari
511 3780 771 3842 debeam,
797 3777 883 3831 vel
914 3785 1115 3830 tenere.
1403 3841 1412 3845 -

282 3872 371 3925 2-
419 3872 721 3923 Videamus
757 3883 889 3936 ergo
917 3866 1043 3934 quid
1069 3864 1254 3918 dicunt
1299 3865 1364 3918 ad
1406 3865 1586 3918 Jesnm
1617 3863 1702 3917 isti
1751 3864 1841 3932 qui

182 3965 506 4016 veniunt
567 3977 634 4012 ex
694 3959 786 4012 illa
849 3969 993 4010 terra
1056 3970 1216 4024 quam
1274 3955 1546 4008 distribuit
1595 3954 1838 4024 Moyses:

193 4071 221 4104 ι
278 4051 496 4106 Sicut
540 4049 876 4115 audivimus,
903 4049 1054 4102 aiunt
1088 4047 1158 4107 ⁸⁷,
1188 4044 1427 4110 Moysen,
1461 4046 1530 4097 ita
1567 4046 1842 4098 audiemus

184 4155 266 4199 et
344 4154 451 4196 te.
502 4160 522 4191 ι
553 4141 696 4193 Nihil
737 4149 850 4192 tam
884 4153 1092 4202 verum,
1146 4152 1307 4201 quam
1347 4135 1487 4204 quod
1529 4136 1701 4188 omnis
1753 4135 1841 4204 qui

188 4235 424 4285 audit
466 4231 710 4300 Moysen,
753 4228 940 4282 audiat
974 4237 1026 4279 et
1056 4225 1234 4280 Jesum
1266 4227 1549 4280 Dominum
1575 4235 1839 4278 nostrum.

189 4325 306 4376 De
380 4320 532 4374 Jesu
587 4322 729 4375 enim
791 4319 880 4371 ille
914 4317 1146 4385 scripsit.
1180 4315 1330 4370 Unde
1378 4325 1430 4369 et
1491 4315 1743 4368 Dominus
1790 4315 1840 4367 in

1944 551 2090 603 ditur
2139 551 2192 603 iu
2234 552 2365 606 duas
2407 561 2605 620 partes.
2654 567 2748 621 per
2774 567 2934 620 quam
2978 568 3147 622 neque
3173 555 3260 607 hic
3301 551 3489 605 tertius

1944 656 2193 695 numerus
2243 642 2447 710 integer
2498 643 2832 711 a'dimpletur,
2889 655 3059 709 neque
3116 643 3186 696 ibi
3242 642 3487 696 decimus

1941 729 2173 797 perfecte
2205 739 2258 783 et
2305 731 2507 799 integre
2549 740 2970 784 consummatur.
3021 731 3073 783 lu
3109 747 3212 799 quo
3248 733 3486 785 arb.tror

1944 817 2066 869 illud
2120 819 2358 881 indicari,
2400 820 2541 887 quod
2589 827 2642 872 et
2682 816 2756 870 illi
2801 819 3003 886 priores
3037 819 3124 885 qui
3165 835 3258 886 per
3309 820 3479 887 legem

1943 909 2232 975 agebantur
2274 907 2406 975 (99),
2441 907 2753 974 contigerint
2804 907 3017 974 quidem
3051 907 3272 961 scicntia
3297 927 3324 958 ιι
3358 907 3481 960 Tri-

1943 997 2140 1058 nitatis,
2172 1012 2274 1049 non
2313 1007 2483 1049 tamen
2513 999 2713 1064 integre
2735 1005 2786 1050 et
2823 995 3070 1064 perfecte,
3101 999 3193 1050 sed
3218 1012 3279 1050 ex
3309 1005 3477 1064 parte.

1943 1087 2130 1139 Deerat
2169 1087 2308 1139 enim
2351 1088 2454 1140 illis
2486 1088 2536 1140 in
2567 1087 2848 1150 Trinitate,
2892 1087 3048 1139 etiam
3097 1089 3183 1140 Dei
3225 1089 3481 1156 un‘geniti

1943 1177 2362 1229 incarnationem
2397 1176 2469 1246 (l)
2504 1193 2840 1244 cognoscere.
2875 1177 3004 1230 Nam
3037 1177 3159 1231 licet
3193 1179 3258 1231 de
3280 1180 3478 1232 adven-

1945 1274 1995 1314 tu
2025 1263 2139 1330 ejus
2169 1264 2468 1328 crederent,
2498 1267 2635 1318 etde
2677 1265 2892 1333 reliquis
2918 1266 3029 1333 ejus
3068 1266 3478 1332 dispensationi-

1941 1354 2040 1407 hus
2067 1369 2167 1406 non
2212 1354 2382 1406 solum
2415 1355 2713 1420 crederent,
2757 1357 2846 1409 sed
2882 1357 3040 1408 etiam
3071 1358 3423 1424 praedicarent
3463 1376 3475 1410 :

1943 1457 2044 1494 non
2076 1451 2249 1494 tamen
2294 1442 2454 1494 etiam
2506 1442 2703 1504 videre,
2744 1451 2796 1496 et
2823 1443 3042 1510 adipisci
3069 1458 3129 1495 ea
3162 1459 3278 1511 quae
3309 1445 3480 1498 credi-

1943 1532 2150 1591 derant,
2185 1539 2502 1597 potuerunt;
2539 1519 2678 1584 sient
2703 1540 2756 1583 et
2785 1531 3042 1584 Dominus
3072 1532 3342 1599 disc‘pulis
3369 1534 3481 1588 suis

1942 1621 2067 1673 dicit
2096 1623 2160 1674 de
2189 1621 2266 1674 eis
2293 1621 2358 1684 σθ,
2382 1621 2502 1688 quia
2535 1639 2553 1671 ι
2589 1621 2737 1674 multi
2776 1621 3045 1688 propheta:
3067 1631 3120 1674 et
3143 1623 3272 1689 justi
3303 1624 3482 1690 cupit--

1941 1723 2067 1763 ruut
2114 1711 2293 1765 videre
2325 1727 2442 1780 qua:
2488 1727 2582 1786 vos
2621 1713 2830 1777 videtis,
2869 1721 2922 1765 et
2967 1728 3071 1766 non
3116 1714 3378 1776 viderunt,
3427 1723 3484 1768 et

1935 1798 2116 1852 audire
2146 1815 2262 1866 qure
2292 1815 2386 1853 V08
2433 1801 2650 1863 auditis,
2693 1813 2746 1854 et
2792 1817 2894 1854 non
2937 1801 3241 1854 audierunt.
3283 1821 3300 1852 ι
3356 1802 3482 1856 Erat

1933 1890 2070 1940 enim
2103 1888 2228 1942 fides
2255 1904 2434 1942 eorum
2471 1905 2572 1942 non
2615 1891 2838 1958 integra,
2868 1908 2961 1960 pro
2987 1908 3049 1946 eo
3076 1892 3213 1959 quod
3245 1893 3477 1944 nondum

1933 1976 1984 2029 in
2013 1976 2221 2031 Christo
2243 1977 2410 2030 fuerat
2431 1978 2754 2046 dispensatio
2790 1982 2964 2034 carnis
2988 1981 3232 2048 impleta;
3251 1990 3304 2034 et
3329 1982 3470 2048 quod

1935 2081 2031 2118 nos
2076 2081 2214 2118 nunc
2263 2065 2460 2120 factum
2501 2051 2611 2131 ja'm
2651 2070 2919 2122 credimus
2969 2080 3021 2123 et
3070 2070 3363 2137 impletum,
3397 2069 3469 2122 illi

1937 2156 2295 2210 tantummodo
2338 2155 2575 2208 futurum
2640 2157 2950 2211 credebant.
3008 2158 3294 2226 Propterea
3343 2174 3471 2225 ergo

1937 2246 2104 2298 tribus
2133 2245 2232 2297 illae
2265 2260 2435 2312 neque
2461 2247 2575 2300 dum
2595 2256 2737 2304 sunt.
2774 2262 2839 2299 ne
2867 2257 3042 2313 patres
3061 2258 3210 2300 extra
3245 2247 3400 2299 [idem
3426 2255 3481 2300 et

1937 2334 2165 2387 salutem
2197 2336 2302 2387 sint
2327 2335 2607 2388 Trinitatis
2633 2353 2646 2388 :
2680 2351 2849 2402 neque
2877 2346 2986 2390 tres
3021 2337 3240 2404 integra:
3267 2346 3322 2391 et
3351 2353 3474 2405 per-

1936 2422 2106 2486 fectae,
2133 2437 2200 2476 ne
2230 2424 2400 2477 beata:
2423 2423 2704 2477 Trinitatis
2734 2426 2784 2477 in
2818 2425 2920 2478 illis
2940 2424 3049 2490 jam
3081 2437 3478 2480 sacramentum

1939 2516 2206 2570 videretur
2226 2519 2513 2586 expletum.
2534 2519 2636 2572 Sed
2657 2521 2995 2588 contigerunt
3025 2522 3233 2589 quidem
3265 2525 3478 2578 tertiqu

1938 2621 2234 2670 numerum,
2266 2616 2340 2669 et,
2372 2609 2510 2662 sicut
2542 2609 2677 2662 dixit
2717 2611 2990 2673 Dominus,
3024 2611 3306 2679 cupierunt
3330 2612 3482 2668 vide-

1938 2713 1996 2752 re
2020 2713 2137 2766 qua:
2165 2699 2429 2764 videmus,
2454 2709 2509 2752 ct
2532 2702 2717 2754 audire
2734 2717 2850 2769 qua:
2864 2702 3132 2766 audimus;
3153 2703 3242 2757 sed
3262 2704 3479 2758 minime

1941 2796 2248 2854 potuerunt,
2275 2789 2398 2850 quia
2424 2790 2654 2842 nondum
2683 2789 2848 2844 Filius
2889 2790 3117 2844 hominis
3143 2789 3312 2844 fuerat
3340 2796 3486 2845 exal-

1944 2884 2105 2941 tatus,
2133 2892 2228 2932 nec
2255 2877 2676 2946 temporumjam
2703 2888 2924 2932 venerat
2953 2881 3247 2948 plenitudo.
3278 2879 3374 2934 Hic
3400 2896 3484 2935 me

1939 2969 2098 3020 etiam
2151 2969 2350 3037 aliquid
2389 2969 2613 3036 amplius
2657 2980 2852 3022 movet.
2880 2970 2987 3038 Ego
3026 2981 3152 3039 puto
3203 2975 3340 3040 quod
3373 2972 3483 3026 for-

1869 3089 1911 3144 ο
1945 3067 2082 3111 tasse
2099 3074 2197 3112 nec
2233 3060 2282 3111 in
2316 3060 2540 3112 adventu
2569 3058 2714 3122 Jesu,
2753 3070 2804 3113 et
2837 3060 3208 3115 incarnatione
3241 3062 3354 3130 ejus
3384 3065 3479 3116 ad-

1944 3147 2044 3201 huc
2098 3149 2238 3215 quod
2297 3147 2589 3216 perfectum
2646 3158 2726 3202 est
2768 3160 2821 3202 et
2873 3151 3134 3216 integrum
3191 3152 3480 3205 discimus:

1942 3238 2033 3290 sed
2086 3253 2182 3290 nec
2242 3238 2287 3290 si
2354 3238 2417 3290 ad
2479 3253 2688 3291 crucem
2752 3238 2978 3291 ducatur
3030 3240 3178 3305 jam,
3241 3251 3295 3294 et
3356 3256 3482 3295 con-

1941 3336 2233 3379 summetur
2275 3327 2350 3394 (2)
2395 3327 2445 3380 in
2481 3327 2748 3389 omnibus,
2805 3342 2900 3378 nec
2947 3328 2988 3379 si
3040 3342 3068 3379 a
3128 3331 3352 3383 mortuis
3399 3345 3482 3383 re-

1941 3415 2192 3476 surrexit,
2242 3415 2400 3484 403
2451 3424 2640 3469 cuncta
2693 3415 2845 3468 nobis
2877 3431 2973 3484 per
2993 3419 3333 3490 semetipsum
3371 3435 3488 3487 qua:

1949 3512 2187 3578 perfecta
2217 3521 2360 3575 sunt,
2393 3512 2608 3578 pandet.
2635 3509 2752 3562 Alio
2769 3512 2940 3564 adhuc
2961 3527 3095 3580 opus
3121 3514 3373 3568 habemus
3395 3516 3487 3584 qui

1942 3603 2096 3656 nobis
2139 3602 2340 3668 aperiat
2396 3600 2470 3669 ('5)
2515 3611 2569 3655 et
2604 3601 2803 3656 revelct
2855 3603 3122 3655 universa.
3148 3604 3282 3656 Audi
3315 3605 3488 3672 ipsum

1943 3691 2224 3744 Dominum
2261 3692 2312 3742 in
2347 3691 2648 3761 Evangeliis
2678 3694 2936 3746 dicentem
2965 3694 3012 3725 ⁷ο
3039 3711 3053 3746 :
3089 3712 3106 3743 ι
3134 3692 3292 3746 Multa
3316 3694 3487 3747 adhuc

1943 3782 2113 3835 habeo
2169 3795 2287 3847 qua:
2338 3781 2488 3834 vobis
2527 3782 2711 3850 loquar
2745 3783 2844 3851 (4),
2885 3783 2974 3836 sed
3022 3796 3123 3836 non
3152 3784 3374 3851 potestis
3398 3784 3482 3836 illa

1943 3873 2099 3922 modo
2122 3871 2326 3922 audire.
2358 3870 2548 3924 Veniet
2598 3881 2773 3923 autem
2807 3872 3035 3938 Spiritus
3071 3871 3312 3924 veritatis
3333 3874 3422 3939 qui
3455 3889 3484 3926 a

1918 3962 2097 4017 Patre
2151 3960 2406 4027 procedit,
2437 3978 2454 4010 ι
2483 3968 2537 4013 et
2583 3959 2658 4008 7‘:
2688 3978 2706 4010 ι
2745 3963 2810 4014 de
2839 3976 2958 4015 meo
3003 3961 3252 4030 accipiet,
3303 3969 3358 4012 et
3401 3960 3486 4014 ill:

1943 4049 2092 4101 vobis
2124 4046 2376 4100 indicabit
2405 4048 2603 4101 omnia.
2633 4066 2652 4098 ι
2682 4048 2842 4102 Vides
2875 4050 2995 4116 quia
3023 4064 3125 4102 non
3157 4049 3325 4102 solum
3349 4049 3488 4118 apud

1942 4140 2155 4208 Moysen
2185 4141 2284 4193 iste
2309 4141 2498 4194 tertius
2529 4153 2784 4192 numerus
2814 4153 2916 4191 non
2963 4140 3358 4194 demonstratur
3390 4141 3492 4192 in:-

1941 4232 2134 4299 pletus,
2176 4231 2268 4285 sed
2311 4230 2482 4282 adhuc
2540 4237 2593 4280 et
2637 4225 2791 4280 Jesus
2834 4228 2962 4280 dicit
3021 4228 3291 4294 discipulis
3328 4228 3486 4283 suis:

1945 4320 2184 4373 Nondum
2222 4320 2447 4386 potestis
2476 4319 2684 4382 audire,
2726 4317 2825 4370 nisi
2853 4316 2938 4370 ille
2985 4317 3286 4378 Paracletus
3312 4320 3492 4372 veniat

190 4413 358 4465 Eva
376 4411 575 4478 ngelio
607 4423 842 4479 arguens
878 4421 994 4472 eos,
1044 4406 1170 4474 quia
1204 4419 1266 4457 ex
1319 4419 1382 4459 eo
1411 4404 1551 4472 quod
1587 4405 1689 4456 sibi
1735 4420 1838 4458 non
1872 4385 1916 4438 Ῑ)
1947 4411 2164 4480 spiritus
2195 4385 2433 4463 veritatis
2461 4409 2629 4476 :quia
2661 4423 2753 4476 per
2782 4408 2974 4471 ipsum,
3001 4417 3051 4460 et
3087 4408 3136 4460 iu
3178 4408 3289 4475 ipso
3315 4408 3488 4461 adim-

190 4503 533 4563 credunt,
570 4516 667 4555 nec
699 4498 884 4552 Moseo
937 4497 1178 4560 credant,
1219 4495 1351 4548 dicit
1383 4495 1467 4545 “z
1517 4512 1535 4544 ι
1572 4493 1626 4547 Si
1659 4495 1845 4548 crede-

196 4594 408 4645 retis
439 4591 623 4660 Moysi,
659 4589 958 4643 crederetis
1002 4589 1184 4656 utique
1216 4594 1270 4638 et
1300 4585 1452 4636 mihi.
1487 4583 1561 4637 De
1586 4599 1667 4637 me
1699 4585 1841 4637 enim

201 4684 345 4735 ille
407 4682 648 4747 scripsit.
675 4699 694 4730 ι
737 4679 867 4732 Mihi
894 4687 1072 4732 tamen
1108 4691 1209 4729 nec
1239 4675 1340 4727 hoc
1361 4673 1587 4726 otiosum
1615 4674 1842 4738 videtur,

199 4769 434 4838 quod
483 4785 580 4824 non
614 4781 724 4824 tres
782 4769 1009 4835 integra:
1045 4766 1215 4820 tribus
1265 4773 1391 4817 sunt
1427 4767 1539 4816 istae
1587 4780 1703 4832 quae
1751 4779 1846 4832 per

211 4862 942 4930 Moyscndispensantur,
997 4865 1052 4909 et
1088 4856 1188 4908 illa:
1229 4855 1451 4920 integra:
1497 4868 1683 4908 novem
1731 4869 1848 4923 quae

211 4966 362 5018 per
404 4947 586 5002 Jesutn
627 4948 953 5004 haereditate
1000 4944 1299 5011 potiuntur,
1340 4941 1434 4993 sed
1461 4942 1574 4995 duae
1603 4952 1655 4995 et
1686 4945 1846 4999 semis

315 5067 391 5097 ιε
436 5061 675 5131 ιρριηη,
718 5064 770 5115 7,
852 5056 901 5091 ⁸⁸
947 5056 1134 5110 Matth.
1187 5071 1288 5120 ιιι,
1319 5053 1412 5106 20.
1482 5053 1651 5111 "Jos.
1681 5072 1717 5122 t,
1745 5059 1832 5114 l7.

219 5134 285 5166 ⁷⁸
332 5133 494 5188 ibid.
522 5135 598 5188 H.

331 5245 473 5316 (98)
503 5253 678 5307 Codex
726 5241 1158 5302 Gemeticensis,
1203 5255 1222 5286 ι
1257 5237 1576 5308 confringet.
1609 5259 1629 5292 ι
1672 5243 1839 5309 Alias,

224 5333 260 5368 ε
300 5314 612 5388 (ἔρεπτεςὶισ
652 5340 671 5371 ι
837 5383 852 5388 -
970 5387 975 5388 ν

316 5372 624 5454 (ῼβηίξές,
663 5408 683 5439 ι
727 5383 1070 5454 agebantur,
1109 5395 1130 5454 ρ
1178 5372 1398 5454 Alias“
1431 5372 1776 5454 habebantur.
1821 5396 1838 5428 ι

315 5441 624 5519 (1
649 5441 1066 5519 θείυυηὶθεῃὶιῇ
1102 5441 1522 5519 incarnationem:
1559 5443 1641 5519 ita
1691 5447 1847 5519 habet

199 5515 422 5588 ςοάεπ
446 5510 917 5588 σέῖἧὲιίοεηειδξ
935 5513 1060 5588 libri
1095 5522 1217 5559 vero
1258 5513 1411 5559 antea
1442 5510 1595 5574 editi,
1632 5529 1651 5560 ι
1679 5515 1844 5566 etiam

186 5583 626 5673 de,9',"'igeniti
660 5597 790 5673 infa
803 5601 870 5638 rn
922 5583 1144 5673 tione}:

272 5638 376 5704 (2)
413 5638 1126 5730 ’ξὲιηειίεοιιείε
1172 5653 1286 5694 cum
1337 5656 1436 5698 uno
1492 5646 1843 5715 Ehroicensi,

1910 5061 1954 5092 ⁸⁸
1975 5061 2127 5116 Joan.
2152 5075 2204 5124 v,
2233 5059 2321 5113 46.

1949 4501 2123 4568 pletur
2159 4497 2418 4566 perfectio
2449 4495 2746 4550 Trinitatis.
2785 4495 2915 4549 Nam
2948 4498 3086 4563 quod
3111 4507 3164 4550 et
3190 4511 3374 4550 novem
3403 4512 3492 4552 se-

1952 4590 2052 4642 mis
2075 4589 2241 4641 trihus
2291 4595 2412 4640 sunt
2449 4601 2567 4654 qua:
2622 4585 2720 4639 sub
2758 4583 2881 4638 Jesn
2915 4587 3045 4639 duce
3091 4595 3277 4652 agunt,
3303 4597 3350 4639 et
3381 4602 3487 4640 non

1950 4678 2166 4743 integra:
2191 4678 2394 4740 decem,
2423 4674 2516 4741 qui
2567 4687 2822 4726 numerus
2853 4674 2906 4726 in
2940 4675 3185 4728 omnibus
3232 4689 3488 4729 consum-

1951 4774 2123 4817 matus
2151 4764 2344 4817 dicitur
2381 4772 2436 4815 et
2467 4759 2758 4830 perfectus,
2793 4762 2977 4815 eadem
3011 4765 3126 4816 sine
3165 4763 3322 4816 dubio
3350 4766 3487 4817 ratio

1953 4853 2242 4916 invenitur,
2283 4859 2341 4904 ut
2397 4851 2495 4904 hoc
2539 4852 2679 4918 quod
2714 4865 2744 4904 a
2798 4850 3019 4904 Domino
3049 4851 3172 4905 Jesu
3220 4854 3488 4909 reservari

1953 4945 2147 4999 dicitur
2198 4943 2417 5012 Spiritui
2460 4951 2645 4996 sancto
2671 4980 2686 5006 ,
2743 4943 3090 5012 semiplenum
3136 4943 3381 4996 videatur
3423 4959 3488 4997 ac

2398 5059 2443 5090 θ’
2476 5057 2662 5112 Matth.
2698 5073 2812 5122 xm,
2840 5058 2920 5111 l7.
2997 5059 3042 5090 "
3063 5058 3217 5113 Joan.
3244 5072 3352 5122 xvr,
3395 5059 3485 5111 12.

1961 5261 1980 5294 ι
2011 5243 2200 5295 ductus
2221 5239 2330 5307 jam
2356 5247 2410 5292 et
2432 5243 2852 5307 consummatus.
2890 5253 2908 5285 ι

2013 5294 2253 5380 (5)7ldetit
2281 5324 2408 5360 mss.
2442 5304 2700 5380 t__pandil.
2738 5302 2900 5380 [labet
2952 5300 3121 5380 adhuc
3153 5294 3491 5380 oipltshlsritel

1947 5365 2212 5433 et‘audire
2232 5392 2349 5438 qua:
2379 5365 2692 5426 audi-vimus.
2750 5369 3010 5422 llahemus
3030 5375 3080 5419 et
3112 5379 3206 5418 nos
3230 5377 3364 5430 opus
3392 5365 3490 5432 qui

1949 5448 2104 5501 nobis
2130 5447 2354 5511 aperiat.
2398 5461 2416 5493 ι
2639 5503 2655 5511 _
2812 5506 2857 5511 __
2901 5503 2932 5511 _
3225 5497 3259 5511 η
3333 5510 3338 5511 ,
3391 5497 3426 5511 ..

2017 5497 2879 5582 (1tQitwivobisloqnardtacodd.
2900 5503 3201 5582 Sangerm...
3221 5497 3493 5582 Gemet‘ic,

1948 5563 2581 5637 et‘u’ndsiEhroicen'sis.
2633 5569 2785 5630 Libb.
2830 5563 3219 5625 autem'editi:
3263 5581 3280 5612 ι
3331 5563 3493 5622 vobis

1950 5653 2115 5720 loqui.
2153 5669 2171 5700 ι
