3822 6250
138 278 239 336 839

1509 257 1662 315 ORiG
1682 248 1833 306 ENIS
1890 258 1900 264 ‘

3522 193 3650 248 Βιιι

139 315 237 336 ου..

139 388 391 445 medium.
420 379 671 448 Quamvis
712 377 853 435 enim
894 390 990 447 per
1025 373 1305 427 Dominum
1347 381 1401 427 et
1427 371 1659 426 Salvato-
1691 375 1737 428 Α
1764 358 2089 430 susceperit,
2123 370 2222 425 per
2244 367 2397 423 quos
2444 358 2509 405 et
2572 346 2651 401 de
2685 334 2992 399 interitu
3044 321 3285 379 tctius
3342 326 3649 368 inimica:

139 491 251 530 rem
285 470 593 543 paenitentia
622 465 956 536 praedicetur,
989 469 1043 514 ct
1066 460 1342 514 conversio
1370 475 1397 515 a
1424 459 1575 513 malis
1604 458 1664 512 ad

141 567 301 623 bona,
329 571 381 615 et
412 561 568 614 detur
605 555 850 609 omnibus
889 552 1226 606 credentibus
1268 550 1509 602 remissio
1541 563 1663 616 pec-

143 661 411 710 catorum,
461 656 515 700 et
559 644 734 699 omnia
776 658 892 711 quae
935 640 999 694 ad
1040 639 1416 708 perfectionem
1461 636 1667 689 decadzr

144 742 393 795 videntur
426 736 663 793 tendere,
694 731 1056 800 compleantur
1090 744 1102 778 :
1134 736 1307 779 tamen
1339 725 1593 794 perfectio
1621 733 1668 777 ei

145 839 352 879 summa
376 830 684 875 cunctorum
709 818 968 869 bonorum
1014 817 1065 866 in
1097 828 1161 866 eo
1185 814 1448 873 consistit,
1480 813 1522 865 si
1554 819 1670 879 post

148 914 262 965 haec
305 909 479 963 omnia
524 905 687 960 sancti
727 903 950 971 Spiritus
989 901 1107 969 quis
1149 901 1368 969 gratiam
1410 909 1673 953 mereatur

148 1002 407 1069 accipere.
452 994 655 1063 Alioqui
701 994 830 1046 nihil
878 993 933 1044 in
965 1006 1029 1045 eo
1065 990 1357 1059 perfectum
1383 989 1675 1058 putabitur,

149 1091 236 1146 cui
280 1096 493 1142 sanctus
539 1082 766 1152 Spiritus
811 1082 989 1141 deest,
1026 1094 1123 1147 per
1172 1094 1328 1146 quem
1372 1078 1678 1147 mysterium

150 1180 318 1232 beatae
363 1173 634 1228 Trinitatis
681 1170 947 1237 impletur.
986 1167 1076 1220 Vis
1110 1175 1167 1220 ut
1213 1167 1386 1219 adhuc
1429 1167 1519 1219 tibi
1567 1165 1681 1220 evi-

153 1265 366 1320 dentius
420 1263 676 1332 probem,
736 1258 875 1326 apud
920 1256 1147 1325 priorem
1201 1256 1451 1323 populum
1498 1256 1680 1318 illum,

153 1369 310 1422 quem
352 1351 555 1418 Moyses
596 1347 649 1400 in
693 1344 897 1398 duabus
931 1340 1090 1394 semis
1123 1339 1364 1392 tribubus
1404 1339 1686 1392 adumbra-

154 1443 262 1499 bat.
296 1455 402 1493 non
433 1437 594 1492 fuisse
618 1433 793 1488 omnia
821 1432 1056 1502 integra,
1083 1444 1183 1483 nec
1211 1428 1478 1498 perfecta?
1507 1429 1685 1482 decla-

155 1540 239 1587 rat
278 1531 381 1583 hoc
415 1528 573 1582 etiam
602 1525 688 1577 illa
732 1522 951 1576 historia
980 1535 1097 1588 qum
1135 1519 1187 1572 in
1232 1520 1335 1571 hoc
1364 1518 1477 1585 ipso
1508 1517 1685 1571 libello

156 1620 282 1676 Iesu
313 1618 458 1670 Nave
487 1614 679 1682 scripta
704 1619 802 1672 est,
831 1624 950 1663 cum
984 1608 1110 1662 dicit
1141 1606 1259 1675 quia
1287 1607 1450 1660 altare
1474 1607 1685 1675 quidem

157 1723 343 1762 verum
383 1712 496 1759 erat
537 1677 608 1756 in—
632 1701 719 1753 illa
766 1710 906 1754 terra
947 1713 1103 1766 quam
1136 1697 1290 1749 Iesus
1324 1677 1752 1764 dispensabat,B

159 1798 247 1852 isti
290 1806 465 1850 tamen
507 1792 596 1861 qui
639 1798 792 1844 erant
838 1798 982 1841 trans
1017 1786 1297 1840 Iordanem
1320 1823 1333 1845 ,
1360 1784 1411 1837 id
1440 1792 1541 1845 est,
1577 1784 1692 1837 Ru-

160 1889 297 1949 ben,
324 1894 378 1939 et
409 1883 553 1942 Gad,
599 1888 652 1934 et
692 1878 905 1932 dimidia
953 1876 1120 1929 tribus
1163 1875 1418 1935 Manassc,
1452 1872 1695 1927 fecerunt

162 1974 263 2029 sibi
294 1974 487 2032 altare,
530 1969 624 2023 sed
651 1982 759 2020 non
798 1980 977 2019 verum
1014 1964 1197 2027 altare,
1225 1963 1319 2015 sed
1343 1962 1483 2030 quod
1514 1970 1696 2030 typum

163 2065 386 2118 haberet
412 2068 466 2113 et
505 2058 726 2112 formam
754 2054 865 2108 veri
893 2053 1069 2106 altaris
1106 2052 1244 2119 quod
1278 2060 1391 2103 erat
1421 2051 1560 2117 apud
1605 2049 1699 2103 Ie-

165 2167 302 2205 sum.
335 2148 477 2202 Nihil
504 2161 628 2214 ergo
655 2143 863 2197 mireris
905 2141 948 2194 si
987 2156 1095 2194 non
1136 2140 1392 2209 integram
1420 2139 1696 2192 scientiam

167 2238 439 2293 Trinitatis
471 2240 785 2302 acceperant
819 2231 910 2294 illi,
941 2230 1031 2299 qui
1064 2244 1163 2282 nec
1188 2229 1449 2296 integrum
1474 2243 1574 2281 nec
1606 2243 1699 2281 ve-

167 2344 286 2382 rum
320 2327 483 2381 altare
528 2327 952 2377 construxerant.
999 2319 1124 2372 ldeo
1166 2318 1393 2384 denique
1424 2333 1522 2370 nec
1548 2316 1701 2369 multi

168 2419 370 2476 hostes,
406 2426 578 2481 neque
624 2411 803 2479 plures
846 2422 996 2476 reges
1035 2406 1416 2460 contrariarum
1445 2405 1699 2458 virtutum

169 2506 237 2559 ab
259 2505 360 2557 illis
382 2504 630 2557 dicuntur
654 2512 771 2552 esse
797 2496 1008 2565 deiecti.
1032 2494 1230 2556 Sehon,
1258 2495 1446 2562 inquit,
1476 2501 1706 2547 tantum-

171 2594 329 2649 modo
360 2606 534 2660 regem
564 2588 1011 2649 Amorrhaeorum,
1041 2594 1095 2638 et
1122 2584 1200 2652 0g
1232 2599 1407 2651 regem
1434 2583 1621 2645 Basan,
1651 2590 1704 2635 et

171 2681 489 2738 Amalecitas
519 2679 827 2746 deiecerunt
871 2684 1018 2729 trans
1061 2673 1367 2727 Iordanem.
1403 2671 1550 2726 Iesus
1577 2685 1705 2726 vero

173 2773 264 2827 ubi
291 2770 437 2825 ducit
459 2768 747 2822 exercitum
767 2804 781 2828 ,
815 2779 958 2817 nunc
997 2762 1230 2831 quinque
1255 2769 1407 2831 reges
1435 2760 1589 2813 simul
1617 2775 1704 2814 ca-

174 2860 310 2916 dunt
344 2858 434 2915 aui
471 2856 815 2916 confugerant
851 2853 905 2906 in
944 2852 1254 2908 sneluncas,
1292 2861 1348 2904 et
1389 2865 1495 2903 non
1535 2849 1705 2903 solum

163 2938 505 3004 eaduntrsed
543 2948 598 2990 et
626 2934 1024 3002 suspenduntur
1056 2935 1106 2985 in
1139 2932 1304 2999 ligno,
1337 2946 1479 2985 nunc
1510 2927 1700 2998 viginti

166 3041 358 3082 novem
393 3023 593 3092 pariter
611 3022 946 3090 iugulantur,
968 3029 1024 3075 et
1042 3020 1316 3074 immensa:
1345 3019 1711 3077 multitudines

167 3116 374 3171 adversi
407 3113 678 3169 exercitus
722 3118 1164 3178 prosternuntur,
1201 3118 1257 3162 et
1284 3111 1712 3165 exterminautur

167 3220 352 3262 otnnes
378 3206 466 3274 qui
487 3213 726 3258 sanctam
750 3210 946 3255 terram
972 3200 1023 3254 in
1050 3199 1398 3253 immunditiis
1412 3201 1709 3269 possident,

169 3299 260 3366 qui
291 3305 487 3352 terram
518 3294 769 3348 fluentem
810 3292 894 3346 lac
918 3300 972 3346 et
997 3290 1101 3344 mel
1134 3290 1188 3344 in
1216 3291 1578 3347 amaritudine
1599 3308 1711 3347 ma-

169 3395 294 3457 litia:
320 3390 582 3445 detinent.

230 3533 284 3568 θ.
314 3511 523 3566 Interea
553 3506 838 3562 mittuntur
868 3504 934 3557 ab
956 3501 1081 3558 Iesu
1115 3502 1485 3573 exploratores
1523 3499 1577 3553 in
1609 3497 1701 3553 Ie-

166 3605 335 3667 richo,
358 3611 413 3656 et
445 3599 809 3675 suscipiuntur
837 3609 867 3647 a
922 3597 1207 3648 meretrice
1242 3592 1411 3645 Raab.
1438 3589 1704 3659 Explora-

166 3709 312 3751 tores
335 3694 424 3749 isti
451 3694 539 3762 qui
579 3693 863 3744 mittuntur
905 3696 1028 3741 ante
1060 3685 1254 3739 faciem
1299 3682 1445 3743 Iesu,
1480 3689 1704 3750 possunt

165 3785 407 3854 etangeli
443 3783 532 3838 Dei
562 3782 762 3852 putari,
795 3780 932 3833 sicut
973 3777 1232 3845 scriptum
1275 3785 1357 3826 est
1387 3774 1433 3803 "
1466 3790 1481 3825 :
1516 3788 1536 3821 ι
1569 3771 1705 3824 Ecce

178 3879 382 3932 mittam
410 3874 654 3943 angelum
687 3887 861 3926 meum
890 3877 1016 3922 ante
1049 3866 1241 3921 faciem
1268 3875 1411 3916 tuam
1444 3862 1535 3930 qui
1567 3876 1706 3930 pra:-

175 3964 384 4035 parabit
401 3965 517 4016 vias
548 3972 668 4015 tuas
701 3960 798 4031 (5).
830 3977 848 4009 ι
875 3957 1026 4024 Quod
1061 3969 1156 4023 per
1179 3953 1310 4005 alios
1334 3950 1544 4019 quidem
1578 3948 1708 4003 invi-

172 4055 413 4117 sibiliter,
438 4068 531 4122 per
559 4051 817 4106 Joannem
835 4062 962 4102 vero
984 4043 1265 4100 visibiliter
1288 4039 1654 4108 complebatur
1688 4057 1704 4095 :

174 4146 238 4196 de
267 4157 372 4210 quo
396 4153 450 4196 et
482 4143 765 4210 hocipsum
794 4139 1046 4206 scriptum
1071 4144 1174 4188 est.
1198 4132 1435 4198 Denique
1463 4131 1528 4185 de
1547 4128 1708 4185 Ioan-

176 4235 260 4286 nis
287 4234 548 4301 baptismo
567 4234 761 4285 dicitur
788 4247 815 4285 a
854 4230 1098 4292 Domino,
1129 4225 1251 4294 quia
1275 4225 1465 4278 scriba:
1491 4232 1547 4276 et
1568 4222 1709 4276 Pha-

1765 452 1940 520 gentis
1972 448 2212 502 refertur
2239 461 2295 499 et
2308 452 2471 511 cpta.

1835 488 1940 505 ...ω
1974 488 2202 502 nam...
2241 488 2471 511 -.-,--_-

1833 544 1886 596 4.
1921 539 2338 595 Scdvideamus
2359 532 2603 591 tandem
2625 537 2779 597 qua:
2825 517 2926 573 sit
2959 515 3112 567 ista
3161 496 3507 597 rueretr‘ix

1768 631 1921 685 Raab
1955 630 2184 691 dicitur,
2212 624 2374 679 ltaab
2404 633 2552 674 vero
2597 586 3134 679 ititerpretatur
3184 590 3491 691 latitatio
3523 586 3650 687 .(7):

1766 723 1897 789 Quae
1924 731 2010 777 est
2063 733 2197 787 ergo
2246 712 2518 774 latitudo,
2563 707 2679 767 nisi
2749 691 3103 756 Ecclesia
3154 688 3320 740 haec
3374 676 3653 789 (Phr-till:

1770 765 1897 789 ,νην
1925 765 2010 777 νυ-
2066 765 2192 787 νο-
2503 765 2516 774 ,
2576 765 2581 767 ,

1768 827 1889 882 qua:
1944 826 2014 864 ex
2066 804 2471 877 peccatoribus
2533 797 2708 851 velut
2761 805 2855 844 ex
2915 771 3543 876 meretricatioue
3568 765 3656 882 ξε)

1769 858 1999 956 έοιιεριιι
2032 858 2153 953 est?
2190 898 2257 952 Et
2289 895 2432 949 dicit
2458 892 2510 923 ⁷⁸
2546 907 2564 943 :
2604 905 2627 938 α
2674 885 3061 951 Angustus
3147 865 3337 923 inibi
3415 870 3525 915 est
3570 858 3661 956 to:

1770 1008 1892 1057 cus,
1925 992 2015 1045 fac
2048 989 2184 1042 mihi
2216 989 2401 1040 locum
2436 982 2537 1035 ubi
2580 976 2915 1033 habitem.
2985 965 3153 1019 Hos
3216 964 3467 1012 autem
3509 948 3658 1057 [ni-hi

1771 1083 1896 1151 quis
1921 1077 2234 1135 contrivit?
2278 1096 2298 1129 ι
2346 1074 2421 1127 Et
2478 1073 2703 1125 iterum
2777 1064 2869 1117 ad
2922 1068 3175 1129 quam
3235 1048 3510 1103 dicitur
3553 1042 3608 1073 "
3639 1057 3659 1092 :

1778 1141 2007 1227 «.Dilata
2060 1170 2215 1240 palos
2268 1168 2348 1238 (9)
2384 1175 2547 1225 tuos,
2599 1169 2665 1216 et
2696 1153 3023 1211 extende
3094 1141 3424 1201 tentoria
3454 1148 3586 1191 tua.
3632 1155 3655 1188 ι

1774 1262 1879 1317 lsta
1911 1274 2045 1329 ergo
2062 1227 2301 1311 latitudo
2314 1227 2553 1317 estqua:
2573 1243 2881 1310 suscepit
2897 1256 2994 1296 ex
3008 1238 3445 1307 ploratores
3486 1227 3660 1282 Iesu.

1778 1353 1905 1408 Scio
1934 1325 2022 1404 me
2055 1345 2356 1416 aliquando
2383 1344 2439 1396 in
2472 1339 2741 1408 quadarn
2780 1329 3136 1387 Ecclesia
3200 1325 3660 1393 disputantem

1777 1445 1843 1498 de
1869 1442 2083 1497 duabus
2134 1411 2561 1497 meretricibus,
2597 1431 2673 1481 de
2715 1425 2996 1494 quibus
3069 1418 3445 1486 scriptum
3486 1422 3590 1466 est
3609 1411 3660 1442 ⁷⁸

1779 1536 1833 1588 in
1860 1532 2023 1586 tertio
2061 1529 2206 1583 libro
2235 1526 2594 1594 Regnorum,
2617 1531 2761 1586 qua:
2794 1514 2885 1567 ad
2905 1511 3305 1580 judicium
3351 1511 3664 1558 venerant

1784 1620 2121 1681 Salomonis,
2159 1629 2400 1685 quarum
2436 1627 2550 1665 una
2586 1610 2843 1668 vivum,
2899 1604 3065 1657 alia
3140 1608 3510 1654 mortuum
3554 1595 3664 1646 ha-

1782 1712 1945 1764 bebat
1980 1681 2276 1768 infantem,
2322 1699 2689 1754 discussisse
2740 1689 3238 1762 diligentius,
3282 1695 3360 1738 et
3433 1681 3669 1735 dixisse

1782 1804 1908 1874 quia
1940 1802 2031 1856 illa
2058 1798 2324 1853 meretrix
2366 1795 2491 1847 hmc
2524 1799 2695 1844 esset
2738 1787 2858 1841 cui
2909 1780 3301 1843 Sa‘lomon
3378 1792 3511 1831 non
3544 1774 3667 1832 ille,

1786 1897 1879 1950 sed
1906 1894 1994 1947 hic
2022 1891 2113 1961 qui
2146 1901 2343 1958 pacem
2371 1884 2535 1937 venit
2561 1883 2783 1935 facere
2824 1890 3109 1933 eorum
3187 1888 3356 1942 quae
3391 1870 3459 1923 in
3493 1866 3670 1921 caelis

1785 1993 1908 2038 sunt
1940 1991 1996 2036 et
2025 1996 2150 2050 quae
2184 1982 2237 2032 in
2278 1976 2473 2039 terris,
2506 1974 2678 2027 reddi
2716 1972 2973 2023 vivum
3012 1966 3263 2036 jussit
3299 1963 3621 2017 infantem
3646 1975 3665 2011 :

1789 2075 1879 2128 illa
1915 2087 2048 2125 vero
2081 2070 2183 2123 alia
2229 2081 2354 2135 qua:
2393 2074 2705 2119 mortuum
2746 2057 3099 2113 habebat
3175 2056 3548 2113 infantem,
3576 2045 3670 2103 rei

1790 2164 1935 2217 illius
1962 2170 2108 2216 esset
2136 2156 2339 2227 prioris
2368 2152 2563 2223 pepuli
2616 2162 3032 2220 synagoga,
3076 2147 3204 2200 vel
3278 2159 3530 2199 eorum
3566 2139 3668 2210 qui

1792 2252 1844 2304 in
1873 2249 2124 2304 hmresim
2166 2245 2555 2299 declinarunt.
2594 2240 2709 2293 Est
2745 2251 2821 2292 et
2878 2238 3039 2290 alia
3090 2235 3448 2291 meretrix
3483 2247 3669 2300 quam

1790 2344 1845 2396 in
1880 2340 2019 2395 Osee
2080 2337 2308 2407 jubetur
2369 2333 2651 2401 accipere
2720 2331 3116 2400 propheta
3182 2329 3285 2392 ",
3340 2328 3410 2381 in
3480 2325 3669 2395 ﬁgura

1792 2432 1911 2485 sine
1943 2429 2108 2483 dubio
2162 2426 2326 2495 hujus
2376 2438 2507 2493 quae
2535 2439 2611 2477 ex
2670 2424 3028 2491 gentibus
3072 2428 3527 2490 congregata
3558 2424 3668 2470 est.

1792 2521 1940 2575 Talis
1966 2533 2095 2586 ergo
2123 2527 2179 2570 ct
2210 2517 2329 2569 haec
2386 2514 2678 2568 meretrix
2716 2528 2881 2569 esse
2915 2513 3229 2567 dicitur
3257 2526 3419 2580 quae
3449 2511 3671 2579 explo-

1795 2619 2008 2664 ratores
2033 2607 2276 2675 suscepit
2306 2605 2441 2661 Iesu
2471 2625 2487 2657 :
2517 2605 2627 2658 sed
2672 2605 2822 2658 lucc
2862 2613 3287 2674 susceptos
3325 2617 3449 2658 eos
3485 2603 3546 2654 in
3572 2616 3674 2654 suc

1797 2699 2103 2769 perioribus
2133 2696 2397 2759 collocat,
2436 2704 2623 2763 atque
2659 2695 2727 2748 in
2788 2696 3027 2751 editis
3074 2705 3159 2751 et
3194 2696 3504 2751 excelsis
3538 2693 3673 2748 fidei

1797 2787 2083 2842 constituit
2110 2785 2504 2839 sacramentis.
2543 2783 2750 2838 Nemo
2781 2786 2997 2839 enim
3024 2788 3163 2855 qui
3199 2788 3298 2840 ab
3330 2785 3495 2839 Iesu
3534 2783 3678 2834 mit-

1801 2881 1954 2941 titur,
1987 2877 2269 2930 invenitur
2292 2876 2566 2930 deorsum
2604 2883 2669 2928 et
2714 2876 2918 2930 humi
2956 2876 3273 2946 jaccns,
3312 2878 3437 2933 sed
3474 2878 3539 2931 in
3574 2888 3678 2929 su-

1726 2990 1769 3048 c
1802 2969 2107 3039 perioribus
2154 2974 2447 3036 permanet
2484 2982 2500 3017 :
2536 2974 2601 3019 et
2646 2981 2780 3019 non
2831 2968 3091 3022 solum
3171 2971 3331 3040 ipse
3382 2971 3451 3024 in
3490 2982 3680 3036 supe-

1804 3057 2039 3114 rioribus
2065 3064 2359 3124 permanet
2386 3065 2444 3109 et
2471 3056 2783 3123 excelsis,
2828 3059 2963 3113 sed
3023 3071 3105 3115 ει
3176 3063 3315 3117 ista
3373 3060 3678 3117 ηιρτειτίς

1805 3162 1924 3215 qua:
1980 3160 2075 3200 eos
2126 3143 2397 3211 suscepit,
2432 3157 2504 3196 ex
2539 3148 2910 3201 meretrice
2983 3148 3486 3221 eﬂiciturjam
3532 3165 3670 3219 pro-

1816 3238 1967 3307 pheta
2017 3234 2155 3305 (10),
2190 3235 2326 3290 dicit
2376 3233 2538 3287 enim
2571 3234 2625 3265 ⁷⁸
2661 3252 2679 3287 :
2737 3254 2762 3287 ς
2839 3238 3034 3295 Scio
3124 3245 3299 3310 quia
3367 3244 3678 3299 Dominus

1806 3329 1948 3381 Dens
1996 3335 2177 3378 vester
2228 3323 2464 3376 tradidit
2522 3325 2704 3379 vobis
2760 3336 3051 3384 terram
3132 3334 3358 3387 hanc.
3408 3354 3432 3387 ι
3495 3334 3677 3386 Vides

1807 3418 2076 3486 quomodo
2120 3415 2210 3467 illa
2256 3428 2380 3483 qua;
2425 3414 2775 3483 aliquando
2820 3431 2993 3472 erat
3056 3421 3294 3496 404
3338 3424 3674 3487 meretrix,

1806 3518 1860 3564 et
1880 3507 2068 3575 impia,
2099 3514 2154 3559 et
2181 3506 2499 3569 immunda,
2539 3520 2714 3558 nunc
2747 3507 2820 3576 ja
2836 3526 2908 3562 In
2964 3513 3262 3584 Spiritu
3298 3529 3536 3571 sancto
3584 3533 3671 3568 te-

1806 3601 1949 3669 plela
2004 3606 2108 3660 est,
2171 3605 2226 3649 et
2258 3596 2327 3649 de
2384 3596 2727 3663 praeteritis
2768 3600 3085 3666 quidem
3155 3609 3565 3671 confitetur.
3599 3608 3672 3661 de

1808 3688 2171 3760 praesentibus
2212 3700 2348 3739 vero
2386 3687 2607 3773 credit,
2664 3691 3075 3759 prOphetat
3135 3710 3384 3755 autem
3429 3714 3494 3756 et
3515 3718 3671 3768 pne-

1816 3779 2033 3835 nunciat
2056 3777 2122 3830 de
2143 3775 2366 3828 futuris.
2402 3773 2505 3828 Sic
2537 3788 2693 3844 ergo
2728 3777 2975 3844 Itaab,
3021 3801 3195 3853 qua;
3241 3789 3528 3845 ιειξιυάο
3578 3791 3667 3843 δη-

1811 3876 2172 3938 terpretatur,
2199 3864 2471 3918 dilatatur
2501 3875 2563 3917 et
2602 3870 2924 3936 proficit,
2984 3892 3384 3949 usquequo
3422 3884 3485 3935 in
3545 3896 3673 3932 om,

1812 3976 1934 4015 nem
1978 3970 2184 4012 terram
2215 3965 2380 4010 exeat
2419 3971 2609 4011 sonus
2670 3957 2855 4027 ejus.
2897 3962 3187 4035 Japhet
3246 3973 3458 4028 etiam
3492 3972 3675 4027 simili

1814 4049 1975 4103 modo
2027 4044 2277 4099 dilatatio
2332 4044 2795 4114 interpretatur
2839 4052 3000 4127 (Η)
3045 4075 3067 4112 :
3123 4063 3257 4130 qui
3324 4066 3559 4131 utiqne
3620 4076 3679 4119 et

1813 4138 1931 4205 ipse
1973 4134 2207 4187 formam
2266 4132 2458 4201 populi
2503 4134 2686 4201 hujus
2727 4138 3042 4209 ferebat,
3086 4152 3218 4218 qui
3276 4154 3579 4208 salvam,
3604 4170 3681 4210 ει

1816 4226 2091 4296 gentibus,
2120 4233 2203 4313 et
2257 4221 2535 4277 Chanaan
2575 4241 2736 4295 puer
2775 4245 3049 4293 servus
3110 4242 3182 4297 ei
3249 4245 3613 4313 subjicitur
3650 4267 3684 4303 a

180 4323 317 4375 risaei
341 4337 443 4374 non
471 4324 817 4376 crediderunt
861 4322 933 4386 ei,
972 4320 1290 4406 meretrices,
1315 4327 1502 4406 autem
1534 4326 1588 4368 et
1606 4331 1708 4406 pu-
1740 4320 1786 4373 D
1816 4326 1989 4386 patre,
2022 4325 2078 4369 et
2110 4312 2267 4366 fratri
2293 4314 2411 4385 (t2)
2444 4329 2555 4371 suo
2589 4318 2775 4385 Sent,
2807 4329 2934 4393 qui
2995 4331 3329 4389 formam
3373 4312 3547 4406 gerit
3579 4356 3685 4395 εο,

179 4406 375 4460 blicani
405 4407 682 4461 credentes
722 4408 975 4476 baptitati
1008 4415 1133 4462 sunt
1170 4406 1237 4459 ".
1270 4404 1360 4458 Sic
1389 4418 1518 4471 ergo
1547 4403 1709 4456 etiam

180 4495 234 4549 in
264 4495 364 4548 hoc
386 4493 675 4562 completur
706 4497 845 4565 quod
889 4498 1140 4551 meretrix
1187 4496 1311 4550 Iesu
1343 4494 1711 4562 exploratores

248 4629 295 4662 "
319 4629 481 4685 Marc.
509 4644 549 4695 ι,
575 4630 631 4682 '2.
677 4629 721 4660 ⁷³
741 4630 927 4686 Matth.
950 4649 1061 4688 xxt.
1123 4633 1164 4664 "‘
1187 4632 1288 4687 lsa.
1319 4647 1462 4695 χιιι,
1484 4630 1573 4695 20,
1595 4630 1686 4685 21.

1819 4631 1923 4690 lsa.
1957 4632 2140 4697 uv,2.
2190 4632 2239 4665 7°
2271 4632 2341 4687 lll
2364 4632 2510 4705 Reg.
2554 4652 2647 4692 ιιι.
2707 4642 2762 4671 ⁷⁷
2799 4642 3019 4704 Osee.
3078 4670 3135 4709 ι.

216 4816 227 4826 .
254 4742 331 4817 (5)
361 4741 816 4826 Prwparabi‘triqs
842 4752 980 4824 tua}.
1009 4744 1081 4826 Ita
1100 4744 1263 4823 codex
1294 4744 1714 4823 Sangermanen-

186 4812 275 4868 sis'
306 4812 427 4866 cum
488 4825 594 4863 uno
637 4812 975 4876 Ebroicensi;
1032 4813 1419 4869 Gemeticensis
1492 4822 1707 4864 autem:

190 4879 724 5002 :ip::f£:;ai:ilVialtl
755 4888 918 4932 tuam.
953 4880 1141 4937 iLibb.
1173 4881 1301 4936 editi
1329 4896 1343 4931 :
1379 4898 1399 4930 ι
1437 4877 1712 4948 Ρτωριιινει

245 4967 298 5001 J.‘
454 4985 467 4999 ο

245 4967 301 5001 δε
333 4967 467 5000 tuas.

260 5016 334 5097 (ἐξ)
367 5013 723 5097 Libb._ed_iti_:
751 5031 769 5065 ι
802 5012 1081 5097 videamus
1102 5015 1315 5097 quidem
1343 5029 1462 5097 quae
1494 5024 1575 5097 est
1599 5032 1712 5071 me-

191 5082 380 5168 retrix.
412 5084 558 5136 ltaab
584 5085 796 5136 dicitur.
832 5082 979 5139 Raab
1011 5082 1408 5151 interpretatur.
1440 5101 1459 5134 ι
1496 5082 1624 5139 Mss.
1656 5097 1711 5139 ιιι

190 5171 243 5209 ιιι
269 5166 452 5207 nostro
485 5162 647 5204 textu.

190 5220 505 5344 nutantium:
532 5235 647 5273 vero
665 5220 1030 5289 interpretatur
1052 5218 1291 5273 latitudo.
1315 5220 1354 5270 Α
1379 5228 1495 5277 3m
1534 5237 1552 5269 ι
1585 5222 1717 5273 dila-

261 5358 335 5426 (8)
364 5357 545 5426 Codex
589 5355 973 5426 Gemeticensis
1005 5371 1019 5408 :
1052 5373 1070 5406 ι
1120 5352 1418 5426 meretrice.
1451 5368 1472 5426 ξ

262 5420 337 5503 (9)
360 5424 964 5503 Οιιξκιξςεεῷίδξολἀνιμαε.
996 5445 1014 5477 ι
1035 5425 1193 5503 Apud
1207 5421 1347 5475 LXX
1365 5420 1558 5490 legitur
1582 5435 1715 5472 πασ-

196 5486 404 5554 sane“.
439 5486 580 5545 Libri
614 5494 739 5545 editi
775 5486 971 5548 Habent
998 5511 1012 5547 :
1044 5486 1279 5557 t'pedes.
1318 5509 1336 5540 ι

262 5558 369 5626 iw)
400 5558 502 5613 Sed
536 5571 582 5613 et
606 5562 707 5613 ista
736 5565 980 5616 meretrix
1005 5576 1119 5631 quw
1131 5575 1217 5613 eos
1240 5558 1481 5626 suscepit,
1507 5571 1568 5608 ex
1602 5570 1713 5609 ma-

1759 4478 1764 4484 .
1819 4407 2059 4501 rum-qui
2092 4420 2159 4501 ex
2197 4406 2651 4501 circumcisione
2706 4415 3123 4480 Salvantur.
3185 4429 3263 4483 In
3308 4446 3448 4501 quo
3482 4434 3683 4488 admi-

1819 4497 1987 4551 randa
2014 4505 2101 4550 est
2124 4495 2446 4565 benignitas
2491 4509 2553 4552 et
2602 4506 3042 4569 providentia
3083 4518 3259 4585 Dei,
3311 4495 3435 4593 (iui
3466 4529 3684 4580 γυιεω

3224 4660 3293 4692 ’⁸
3340 4661 3493 4719 los.
3521 4682 3593 4730 ιι,
3622 4666 3684 4721 9.

1813 4744 1999 4796 retrire
2024 4743 2243 4796 edicitur
2287 4742 2401 4796 iam
2440 4750 2755 4796 nronhetn-
2794 4764 2909 4796 ιιιρ
2982 4762 3067 4796 ςε

1854 4896 1883 4930 u
1951 4920 1963 4931 .
2052 4881 2130 4932 .:'
2227 4881 2316 4932 ⁴τε
2742 4890 2758 4907 ι
2945 4880 3332 4922 ’νη-,παυς-
3415 4880 3481 4899 --ι
3567 4880 3687 4903 unc

1816 4880 2113 5044 eiii;
2127 4880 2770 5044 ξῖῗῗυῖέῗῖῗῖἓῖἓξέἳῗ
2794 4895 3530 5044 μῗῖεέἴιξὶἓῗὲἓιιξὲξῗῗ
3545 4935 3691 5044 fg;

1816 5021 2023 5104 sol—utin
2082 5018 2218 5072 ﬁdes
2247 5058 2263 5086 ,
2299 5024 2399 5075 sed
2449 5018 2629 5080 etiain
2696 5018 3282 5104 prttpltul‘tg‘v’li;

2082 5058 2218 5137 ὶ”’””“’
2247 5058 2263 5086 ’
2299 5058 2399 5075 απ
2449 5058 2629 5080 ”“¹“³¹¹¹
2696 5058 3082 5101 ιπυμιιυιιίι
3203 5066 3282 5104 ιιι
3403 5058 3681 5113 muliere

1833 5380 2079 5414 Itucmco
2108 5380 2160 5415 ιι
2351 5386 2363 5394 -
2503 5388 2512 5401 .
3029 5388 3041 5397 .
3135 5393 3149 5402 ,
3194 5399 3205 5405 ,
3330 5380 3473 5387 ν--η
3532 5380 3689 5391 τη...-

1833 5380 3341 5511 il|s?‘|;vr?};§‘tli:3t;t“.§§t.sstlixll‘izpllgelieiarlater
3378 5405 3691 5459 di-latatio

1899 5495 2033 5590 lli)-
2055 5498 2124 5590 ‘13}.
2150 5503 2332 5590 [ἰαίῐιο
2355 5505 2499 5590 ,βεδε
2527 5523 2653 5590 sese
2680 5511 2742 5563 ίιι
2762 5495 3245 5590 άὶιὶοἶῖζᾶίὶεε

2063 5552 3245 5653 ειιιιιζιιλςςιιξιτρξίίίῑιάῑιῖιςϊῖξ,3³3⁸³
3314 5552 3690 5612 mpm!“
