3822 6196
203 252 325 323 διὶ

1237 261 1308 317 IN
1348 265 1604 320 LIBRUM
1639 263 1798 319 JLSU
1837 263 2019 318 NAVE
2055 262 2333 319 HOMILIA
2370 265 2458 322 Ν.

3332 267 3435 322 812

217 361 498 452 ρεταιν)τί
517 358 764 418 Chanaan
787 374 1096 432 praestare
1127 383 1447 445 remedium,
1478 393 1533 436 et
1563 380 1807 436 conferre
1834 385 1878 440 Α
1907 388 2056 434 extra
2091 381 2377 434 Ecclesiam
2407 395 2561 435 nemo
2614 382 2864 435 salvator.
2901 380 3032 435 Nam
3065 381 3110 436 si
3139 381 3261 451 quis
3291 382 3434 436 foras

233 465 304 526 εἰ
330 459 565 523 salutem,
597 467 807 512 servom
830 471 970 515 eum
1013 466 1153 524 fecit
1196 470 1457 527 fratribus
1505 473 1639 536 suis,
1673 472 1812 525 sicut

251 559 394 613 Esau
417 551 584 608 factos
613 557 714 613 est,
743 555 802 603 ut
857 557 1114 612 serviret
1142 560 1298 614 fratri
1335 575 1432 615 suo
1463 560 1628 614 Jacob
1657 573 1671 612 :
1705 573 1809 612 non

261 651 442 718 utique
462 653 520 700 ut
550 642 771 714 periret,
823 645 925 698 sed
984 657 1047 702 ut
1073 650 1304 704 salutem
1353 651 1659 704 melioribus
1685 651 1811 702 obe-

253 737 450 793 diendo
507 733 866 800 conquireret.
926 732 1236 792 Praestatur
1268 739 1406 791 enim
1453 737 1603 790 malis
1651 736 1812 804 pluri-

250 840 427 891 nium,
459 835 515 880 et
537 823 909 893 peccatoribus
938 827 1034 893 qui
1073 827 1390 896 semetipsos
1433 835 1577 880 recte
1621 838 1810 894 gerere

249 911 527 975 nesciunt,
555 917 615 963 ut
638 923 744 964 oon
771 911 1133 981 sibimetipsis
1166 914 1584 975 committantur,
1617 912 1709 966 sed
1751 919 1806 962 ut

245 999 393 1052 servi
424 997 564 1054 fiant
595 1001 1343 1066 sanctorum.etsobjaceant
1389 1001 1716 1066 melioribus,
1751 1009 1809 1054 ut

245 1103 357 1142 nou
407 1103 516 1144 suo
556 1104 721 1144 sensu
770 1090 932 1155 malo,
969 1091 1062 1144 sed
1107 1091 1314 1144 illorum
1367 1090 1506 1144 bono
1536 1099 1804 1156 regantur.

244 1179 462 1233 Videtis
487 1193 658 1247 quam
714 1178 883 1232 multa
919 1181 1222 1248 benignitas
1249 1181 1364 1241 Dei,
1397 1193 1553 1246 quam
1585 1177 1807 1231 abscon-

239 1269 342 1330 dit,
377 1276 438 1320 et
498 1266 743 1319 occultat
795 1269 864 1320 ab
909 1267 1132 1322 auribus
1171 1267 1411 1335 volgi,et
1439 1280 1601 1334 quam
1632 1266 1805 1318 verbis

241 1347 643 1419 asperioribus
679 1356 829 1423 tegit,
853 1371 918 1408 ne
941 1355 1081 1408 forte
1105 1369 1291 1409 servus
1305 1357 1469 1409 malos
1494 1367 1546 1409 et
1565 1357 1806 1423 ingratos

232 1453 599 1511 contemptor
631 1444 916 1508 eﬂiciator,
948 1459 1073 1498 cum
1101 1445 1317 1498 nimiam
1370 1444 1576 1498 Domini
1609 1444 1690 1498 sui
1715 1446 1802 1497 in—

239 1533 527 1588 tellexerit
557 1531 879 1586 bonitatem.

301 1623 361 1677 5.
394 1621 515 1676 Sed
573 1622 860 1676 videamus
909 1622 1038 1690 quid
1071 1621 1180 1690 egit
1221 1637 1339 1675 cum
1383 1619 1802 1689 exploratoribus

1911 470 2124 528 exierit,
2175 471 2358 522 mortis
2382 483 2488 521 sua;
2531 469 2646 536 ipse
2691 469 2747 521 lit
2794 484 2932 524 reus.
2961 469 3062 522 llic
3104 471 3320 535 sanguis
3353 482 3436 524 est

1910 555 2138 622 signum,
2169 559 2289 624 quia
2328 557 2412 610 hic
2455 565 2538 608 est
2581 557 2893 622 puriﬁcatio,
2932 572 3050 626 qua:
3081 573 3175 625 per
3215 559 3432 626 sangui-

1910 661 2028 700 nein
2057 654 2282 699 constat.
2318 645 2466 709 Quod
2499 653 2672 698 autem
2699 646 2748 696 in
2789 646 3019 698 fenestra
3049 645 3306 713 dependet
3334 649 3436 702 hoc

1908 737 2138 804 signum,
2186 733 2310 786 illud
2363 735 2599 788 arbitror
2638 735 2882 794 iudicari,
2909 736 3028 803 quia
3077 735 3307 790 fenestra
3348 746 3432 791 est

1908 841 2024 894 qua:
2049 824 2308 876 illuminat
2330 824 2568 884 domum.
2596 833 2649 877 et
2675 839 2766 890 per
2804 839 2960 892 quam
3005 840 3104 876 non
3142 827 3428 893 integrum.

1906 916 1998 968 sed
2026 923 2227 967 tantum
2256 922 2509 981 quantum
2546 913 2714 965 oculis
2740 921 2794 965 et
2830 913 2960 965 visui
2999 924 3179 966 nostro
3210 913 3431 968 sulliciat

1909 1003 2122 1057 luminis
2143 1003 2398 1070 capimus.
2430 1001 2560 1068 Quia
2578 1016 2704 1069 ergo
2725 1010 2777 1054 et
2801 1001 3098 1056 incarnatio
3139 1001 3429 1057 Salvatoris

1907 1108 2009 1146 nou
2071 1092 2223 1146 nobis
2272 1106 2471 1144 merum
2521 1091 2742 1158 ingessit
2789 1099 2842 1144 et
2896 1091 3160 1159 integrum
3209 1092 3430 1146 Deitatis

1911 1189 2203 1248 aspectum,
2234 1181 2324 1234 sed
2350 1188 2597 1248 tanquam
2616 1191 2709 1244 per
2725 1178 3010 1234 fenestram
3050 1180 3160 1250 (l5)
3190 1181 3312 1234 fecit
3335 1197 3429 1236 nos

1907 1286 1999 1337 per
2025 1269 2444 1324 incarnationem
2488 1281 2639 1320 suam
2691 1267 2864 1320 lumen
2900 1268 3120 1320 Deitatis
3161 1272 3426 1338 aspicere.

1906 1356 2103 1411 idcirco
2138 1357 2264 1409 mihi
2313 1355 2520 1408 videtur
2551 1354 2756 1422 signum
2797 1353 2982 1407 salutis
3016 1369 3108 1421 per
3136 1354 3425 1411 fenestram

1903 1444 2082 1496 datum
2122 1461 2136 1496 :
2169 1458 2272 1512 quo
2323 1443 2474 1512 signo
2530 1441 2750 1495 salutem
2789 1455 3181 1510 consequantur
3219 1461 3427 1510 omnes.

1899 1533 1988 1598 qui
2018 1532 2070 1585 iu
2098 1533 2254 1586 domo
2276 1530 2389 1600 ejus
2414 1545 2534 1598 quae
2558 1531 2841 1599 aliquando
2862 1541 2975 1586 erat
3003 1536 3280 1597 meretrix,
3315 1535 3430 1589 fue-

1904 1622 2008 1674 rint
2036 1622 2256 1683 inventi,
2291 1621 2528 1673 mundati
2553 1622 2604 1674 in
2633 1636 2767 1688 aqua
2796 1630 2852 1674 et
2894 1622 3094 1690 Spiritu
3139 1636 3344 1692 sancto,
3375 1638 3428 1680 et

230 1713 335 1766 ista
371 1710 610 1779 sapiens
638 1714 921 1765 meretrix.
961 1710 1253 1764 Consilium
1288 1711 1366 1765 eis
1403 1711 1493 1763 dat
1519 1710 1800 1779 mysticum
1835 1697 1873 1750 Β
1902 1712 1954 1764 in
1981 1712 2236 1780 sanguine
2258 1710 2463 1763 Domini
2493 1719 2547 1764 et
2574 1709 2868 1766 Salvatoris
2907 1715 3070 1767 nostri
3108 1713 3232 1768 Jesu
3267 1718 3426 1770 Chri-

226 1809 284 1852 ct
309 1799 573 1860 caeleste,
611 1798 745 1851 nihil
778 1799 977 1852 habens
1015 1805 1304 1851 terrenum.
1337 1816 1355 1848 ι
1395 1796 1496 1851 Per
1530 1805 1798 1861 montana,

227 1890 412 1956 inquit
435 1876 510 1950 τ’,
541 1887 717 1948 abite,
752 1904 770 1936 ι
806 1887 970 1940 nolite
1014 1900 1110 1953 per
1162 1886 1328 1939 valles
1385 1886 1654 1951 incedere,
1700 1887 1800 1940 hu-

226 1977 380 2032 milia
422 1987 484 2031 et
509 1975 723 2041 deiecta
755 1973 999 2041 refugite,
1046 1988 1162 2042 qua:
1183 1974 1386 2028 excelsa
1421 1983 1618 2028 suntet
1641 1974 1802 2028 subli-

226 2066 335 2120 mia
369 2065 706 2134 pratdicate.
739 2062 858 2130 Ipsa
897 2070 1074 2116 autem
1101 2063 1304 2130 signum
1318 2062 1623 2117 coccineum
1656 2063 1801 2130 ponit

224 2155 280 2209 in
311 2155 490 2209 domo
516 2167 619 2206 sua
653 2166 754 2220 per
782 2150 923 2219 quod
950 2149 1141 2204 salvari
1173 2151 1238 2202 de
1263 2150 1470 2203 excidio
1498 2149 1686 2203 debeat
1717 2151 1800 2204 ci-

222 2243 442 2297 vitatis.
478 2241 653 2294 Aliud
693 2239 896 2293 nollom
943 2237 1043 2290 fuit
1079 2238 1286 2306 signum
1332 2237 1472 2305 quod
1511 2238 1796 2306 acciperet,

224 2332 332 2385 nisi
376 2331 738 2394 coccineum,
790 2328 933 2396 quod
973 2326 1246 2395 sanguinis
1296 2325 1518 2380 formam
1559 2327 1794 2396 gerebat.

221 2424 458 2479 Sciebat
487 2423 704 2477 etenim
731 2418 842 2489 (15)
868 2419 997 2487 quia
1047 2418 1182 2472 nulli
1239 2427 1381 2472 esset
1419 2417 1583 2479 salus,
1612 2418 1714 2470 nisi
1744 2418 1796 2471 in

221 2513 506 2582 sanguine
531 2509 764 2570 Christi,
796 2509 965 2561 Datur
995 2507 1156 2561 etiam
1188 2506 1288 2560 hoc
1331 2505 1636 2558 mandatum
1676 2505 1798 2559 huic

219 2616 347 2670 qua
381 2597 679 2670 quondam
731 2595 984 2650 meretrix
1033 2593 1171 2648 fuit:
1208 2611 1226 2644 ι
1259 2592 1476 2656 Omnes,
1506 2593 1678 2661 inquit
1726 2593 1793 2659 ⁸⁸,

220 2692 318 2760 qui
355 2688 576 2743 inventi
621 2685 827 2741 fuerint
865 2684 917 2738 in
961 2684 1119 2738 domo
1149 2692 1258 2747 tua,
1292 2683 1655 2736 salvabuutur.
1692 2682 1793 2747 Qui

219 2790 414 2835 autem
452 2776 700 2831 exierint
747 2774 814 2828 de
862 2773 1040 2836 domo,
1083 2771 1342 2826 immunes
1389 2785 1571 2825 sumus
1599 2786 1696 2825 nos
1726 2772 1792 2825 ab

220 2872 331 2924 hoc
400 2869 728 2937 iuramento
774 2872 884 2918 tuo.
923 2881 944 2914 ι
980 2861 1037 2916 Si
1094 2861 1215 2930 quis
1247 2875 1374 2930 ergo
1422 2860 1614 2915 salvari
1660 2861 1790 2927 volt,

220 2960 416 3015 veniat
452 2961 510 3010 in
544 2957 690 3010 hanc
735 2954 954 3008 domum
987 2952 1146 3020 hujus
1183 2965 1300 3019 qua:
1320 2950 1586 3018 quondam
1620 2966 1792 3005 mere-

218 3051 329 3105 trix
369 3048 504 3101 fuit.
537 3043 772 3098 Etiamsi
809 3043 874 3096 de
899 3041 987 3094 illo
1001 3039 1193 3109 populo
1214 3038 1322 3092 vult
1352 3039 1545 3107 aliquis
1569 3039 1786 3106 saIVari,
1817 3022 1858 3080 (ἶ

216 3141 284 3193 ad
321 3138 481 3191 hanc
513 3135 739 3187 domum
773 3130 956 3184 veniat
989 3137 1048 3182 ut
1070 3128 1294 3183 salutem
1317 3127 1566 3196 consequi
1601 3128 1785 3195 possit.

217 3226 302 3281 Ad
347 3226 502 3278 hanc
532 3219 726 3274 veniat
773 3218 1009 3280 domum,
1041 3216 1095 3269 in
1126 3231 1229 3285 qua
1267 3215 1466 3272 Christi
1491 3217 1706 3286 sanguis
1733 3217 1786 3270 in

216 3316 391 3386 signo
433 3307 838 3377 redemptionis
877 3316 978 3360 est.
1026 3305 1160 3359 Nam
1205 3307 1342 3374 apud
1385 3307 1499 3360 illos
1526 3309 1613 3375 qui
1637 3307 1787 3360 dixe-

217 3413 354 3457 runt
387 3401 432 3432 ⁸⁸
477 3414 494 3451 :
535 3417 557 3449 ι
593 3395 829 3465 Sanguis
879 3394 996 3463 ejus
1039 3408 1199 3461 super
1251 3408 1348 3446 nos
1394 3392 1504 3464 (l4)
1543 3403 1597 3447 et
1625 3407 1785 3461 super

217 3492 369 3546 filios
393 3497 640 3548 nostros,
686 3503 706 3536 ι
737 3482 1189 3550 Christi-sanguis
1211 3483 1266 3536 in
1292 3483 1782 3537 condemnationem

213 3591 319 3634 est.
356 3577 581 3630 Positus
607 3572 755 3627 enim
783 3571 959 3625 fuerat
981 3569 1134 3624 Iesus
1165 3572 1216 3624 in
1265 3572 1470 3624 ruinam
1521 3581 1574 3625 et
1605 3585 1782 3626 resor-

215 3667 531 3722 rectionem
557 3660 880 3722 moltorum,
896 3667 950 3713 et
975 3657 1093 3713 ideo
1117 3659 1600 3714 contradicentibus
1635 3659 1784 3728 signo

214 3759 346 3828 ejus
397 3752 640 3808 eﬂicitur
677 3747 898 3816 sanguis
928 3748 1045 3817 ejus
1079 3747 1144 3801 ad
1186 3762 1419 3817 poenam,
1449 3748 1786 3804 credentibus

212 3846 280 3898 ad
316 3841 588 3897 salutem.
621 3836 793 3892 Nemo
819 3849 947 3905 ergo
980 3837 1080 3890 sibi
1122 3837 1455 3904 persuadeat,
1507 3853 1662 3892 nemo
1699 3857 1784 3895 se-

213 3936 523 4004 metipsum
572 3930 1040 4000 decipiatzextra
1095 3929 1232 3984 hanc
1291 3929 1531 3993 domum,
1579 3930 1631 3984 id
1702 3944 1785 3986 est

279 4073 335 4104 ὀ
373 4069 570 4132 105.",
606 4066 695 4120 16.
770 4065 816 4098 ιο
844 4065 970 4119 ibid.
997 4063 1080 4131 l7,
1111 4064 1195 4118 is.

284 4183 418 4256 (l3)
449 4181 621 4256 Aliud
679 4178 881 4256 nullum
927 4179 1130 4256 signum
1175 4178 1284 4256 fuit
1324 4178 1460 4245 quod
1507 4179 1776 4256 acciperet,

212 4245 321 4312 nisi
349 4245 687 4306 coccineum,
719 4246 857 4313 quod
883 4246 1150 4313 sanguinis
1166 4245 1386 4313 formam
1405 4246 1628 4311 gerebat.
1645 4245 1778 4299 Scia-

215 4329 306 4378 bat
335 4322 509 4381 enim,
531 4327 647 4368 etc.
679 4312 925 4366 Clemens
953 4312 1226 4381 Romanos
1252 4313 1477 4381 epistola
1506 4313 1529 4364 1
1566 4315 1630 4366 ad
1679 4314 1778 4367 Co.

218 4377 471 4448 ξίὴιιιίοε
494 4377 606 4438 έιιι)
640 4382 799 4451 tinem
844 4396 988 4432 num.
1025 4380 1128 4451 12;
1153 4381 1262 4451 Kal
1288 4377 1607 4451 orpo_céstro
1645 4382 1778 4451 αὐτῇ

211 4446 412 4515 essm
460 4453 722 4522 missing,
756 4450 910 4522 om;
947 4449 1290 4522 nocuerant):
1317 4446 1408 4522 rei”)
1443 4446 1782 4522 clitomaotrﬁ'é

579 4507 845 4601 Ίῐξόδηλον
874 4507 1283 4601 έποιόῦὖτξςξὸτξ
1319 4515 1407 4567 διὰ
1431 4515 1520 4595 rei?
1559 4507 1782 4601 αἴματὸἐ

212 4598 311 4649 τοῦ
337 4592 556 4662 Κυρίου
585 4584 1019 4662 λῦςπρῴσιξέᾳται
1045 4587 1175 4662 τεῇσι
1204 4586 1316 4662 τρῖς
1335 4584 1669 4662 πιστεύουςξιν
1693 4587 1783 4637 καὶ

211 4653 548 4725 ὲλπίζούσιν
582 4653 972 4725 ὲπὶξεὸνᾼΘερν.
1008 4671 1025 4704 t
1064 4655 1128 4706 Et
1163 4653 1473 4725 addiderunt
1498 4657 1779 4725 utsiguom

217 4720 420 4792 darei;
450 4739 654 4791 nempe
701 4722 994 4792 funiculum
1037 4721 1343 4792 coccineum
1370 4720 1688 4792 appenderet
1717 4721 1783 4792 de

214 4801 386 4853 domo
408 4787 516 4849 sua
552 4787 938 4846 :ntauifestum
964 4787 1236 4850 facientes,
1269 4787 1406 4857 quod
1437 4801 1531 4857 per
1566 4789 1782 4857 sangui-

216 4882 352 4922 nem
383 4859 607 4918 Domini
644 4858 825 4910 futura
853 4864 1000 4909 esset
1051 4856 1339 4920 redemptio
1373 4855 1633 4908 universis
1665 4855 1782 4908 cre-

218 4921 490 4989 dentibos
513 4939 572 4982 et
607 4925 956 4993 sperantibus
991 4924 1055 4993 _in
1093 4924 1282 4993 Deum.
1307 4940 1332 4993 ρ
1360 4921 1503 4984 Quot
1523 4931 1700 4993 autem
1725 4933 1780 4976 et

217 5011 466 5071 quantos
496 4989 894 5071 suifragatores
921 4991 1109 5071 habeat
1155 4989 1480 5071 ltaac‘ﬁgortr
1497 4989 1780 5071 etalle‘go-

221 5055 331 5133 r'ia,
364 5073 531 5120 docet
553 5055 856 5117 Cotclerios
882 5061 935 5112 in
957 5059 1106 5113 Notis
1127 5059 1194 5112 ad
1223 5055 1441 5110 citatum
1467 5055 1637 5109 locum
1662 5058 1781 5112 Cle-

215 5139 442 5192 utentis.

290 5207 410 5276 (14)
460 5203 521 5255 in
556 5207 722 5276 antea
777 5194 1219 5276 editis__omissom
1249 5197 1572 5276 gsthAsoper
1593 5205 1712 5276 nos,
1753 5211 1771 5244 ι

215 5257 368 5344 quod
390 5257 688 5344 freperitor
710 5265 770 5344 in.
801 5264 1050 5344 omnibus
1080 5275 1209 5344 mss:
1223 5257 1606 5344 Δξξεξὲιομροεεὶ
1616 5258 1778 5344 iidem

218 5324 366 5396 tit—8;}:
389 5324 602 5392 habent
645 5351 658 5384 :
693 5350 713 5382 ι
757 5333 810 5384 iu
869 5327 1369 5384 cotnleuinatiouem
1411 5335 1517 5396 est.
1543 5324 1780 5396 _Positos

217 5391 470 5463 sinite}.
497 5407 554 5456 in
591 5403 802 5454 ruinam
823 5407 876 5451 et
908 5396 1374 5469 resurrectionem.
1404 5409 1422 5442 ν
1446 5391 1596 5469 Lihb.
1618 5396 1775 5469 editi:

219 5461 303 5527 ui"
339 5461 804 5528 COltthtltllaliOlle
849 5475 949 5519 est.
1004 5464 1219 5518 Positus
1241 5461 1468 5514 enim...
1515 5461 1570 5517 in
1621 5465 1776 5518 ruina

217 5553 274 5598 et
311 5536 744 5599 resurrectione.
784 5551 802 5583 ι

513 5627 784 5686 Panos.
820 5623 932 5684 Gtt.
969 5618 1101 5679 XII.

1899 1800 1988 1863 sti,
2013 1803 2096 1855 cui
2129 1810 2212 1854 est
2243 1800 2412 1869 gloria
2457 1810 2512 1854 et
2561 1800 2842 1868 imperium
2877 1801 2928 1854 in
2976 1805 3164 1857 saecula
3202 1805 3425 1860 saeculo-

1897 1903 2034 1942 rum.
2059 1890 2248 1944 Amen.

2470 1977 2741 2034 HOMlLlA
2774 1978 2866 2040 IV.

2267 2068 2344 2121 De
2370 2072 2591 2122 transitu
2632 2070 2878 2123 Iordanis
2909 2070 3033 2138 (l6).

1966 2155 2018 2207 1.
2049 2154 2318 2210 Peccatori
2346 2156 2556 2223 quidem
2587 2157 2759 2208 omnis
2795 2167 2935 2210 terra
2966 2157 3078 2226 (l7)
3114 2158 3284 2214 hostis
3316 2169 3424 2230 est,

1898 2244 2035 2297 sicut
2079 2244 2144 2297 de
2183 2242 2448 2313 Egyptiis
2488 2244 2744 2311 scriptum
2775 2255 2900 2298 est:
2935 2255 3073 2298 terra
3119 2261 3210 2300 eos
3251 2250 3424 2318 impu-

1896 2330 2712 2401 gnabat,lloviosimpugnabat,
2761 2348 2854 2386 aer
2900 2335 3012 2403 ipse
3063 2336 3417 2403 impugnabat.

1894 2417 2042 2472 Josto
2068 2434 2199 2474 vero
2223 2435 2340 2488 quae
2381 2421 2765 2476 inaccessibilia
2811 2423 3076 2486 videntur,
3125 2426 3280 2493 plana
3304 2426 3421 2480 etii-

1896 2507 2111 2561 ciuntur
2140 2516 2192 2562 et
2218 2507 2494 2578 proclivia.
2539 2508 2682 2563 Mare
2712 2511 2947 2564 Rubrum
2976 2510 3150 2578 justus
3175 2524 3420 2583 tanquam

1896 2611 1990 2664 per
2017 2599 2218 2651 aridam
2247 2599 2436 2652 transit
2464 2616 2477 2651 :
2508 2597 2791 2669 :‘Egyptios
2827 2615 2952 2655 vero
2984 2602 3028 2656 si
3067 2605 3294 2659 transire
3330 2621 3423 2658 vo-

1895 2687 2055 2740 loerit
2098 2688 2484 2756 submergetor,
2515 2703 2614 2744 nec
2642 2690 2734 2744 ﬁet
2761 2689 2809 2743 ei
2839 2705 2971 2760 aqua
3011 2707 3192 2745 murus
3235 2697 3418 2747 dextra

1892 2774 2142 2843 laevaque.
2202 2774 2386 2830 Justus
2433 2777 2643 2832 etiamsi
2694 2792 2929 2832 eremum
2987 2780 3293 2836 horribilem
3338 2783 3420 2836 in-

1892 2865 2162 2932 grcdiatur
2214 2873 2269 2919 et
2323 2875 2555 2930 vastam,
2595 2866 2748 2921 cibus
2795 2867 2845 2921 ei
2887 2869 3274 2926 ministrature
3308 2885 3421 2927 cm-

1893 2953 1977 3006 lis.
2017 2953 2091 3006 ita
2144 2966 2272 3022 ergo
2306 2966 2359 3006 et
2388 2954 2438 3007 in
2471 2953 2756 3010 Iordanem
2785 2971 2906 3010 arca
2938 2957 3262 3013 Testameuti
3311 2961 3418 3016 dux

1891 3053 2006 3098 erat
2048 3046 2239 3112 pOpolo
2292 3045 2383 3098 Dei
2415 3043 2546 3115 (ts).
2593 3046 2847 3102 Consistit
2903 3049 3034 3103 ordo
3079 3053 3419 3108 sacerdotalis

1891 3147 1944 3187 et
1977 3133 2264 3196 Leviticus,
2316 3144 2370 3188 et
2423 3150 2572 3203 aquae
2637 3136 2776 3190 velut
2830 3139 3180 3193 reverentiam
3226 3156 3417 3210 quam-

1891 3218 2010 3271 dam
2054 3218 2147 3272 Dei
2204 3220 2458 3273 ministris
2485 3218 2784 3276 defereutes
2834 3222 2965 3292 (t9),
3011 3239 3223 3279 cursum
3265 3244 3418 3286 suum

1888 3307 2045 3377 5,05
2076 3307 2360 3374 refrenant,
2387 3318 2438 3362 et
2477 3321 2863 3364 coacervantur
2891 3312 2945 3365 in
2988 3315 3280 3379 cumulum,
3317 3318 3418 3372 iter

1893 3395 1984 3448 Dei
2024 3397 2213 3463 populo
2262 3397 2532 3448 innoxium
2578 3396 2947 3451 concedentes.
2995 3399 3058 3452 Et
3103 3416 3168 3454 ne
3210 3405 3418 3459 mireris

1887 3497 2006 3536 cum
2037 3485 2149 3538 haec
2171 3493 2319 3551 gesta
2345 3486 2437 3537 tibi
2461 3500 2585 3554 erga
2624 3487 2855 3550 priorem
2891 3490 3140 3555 populum
3175 3493 3418 3548 referun-

1889 3582 1994 3635 tur,
2023 3573 2134 3640 tibi,
2174 3573 2488 3636 Christiane,
2520 3575 2607 3642 qui
2632 3589 2728 3642 per
2754 3575 3002 3644 baptismi
3025 3590 3417 3635 sacramentum

1886 3660 2132 3715 .lordaois
2159 3661 2356 3715 ﬂuenta
2388 3661 2659 3728 digressus
2679 3678 2759 3727 es,
2789 3665 2997 3719 divinus
3024 3681 3197 3720 sermo
3218 3668 3415 3736 majora

1891 3749 2056 3802 multo
2075 3758 2127 3804 et
2156 3749 2374 3804 celsiora
2399 3751 2678 3818 promittit,
2703 3752 2804 3806 iter
2829 3753 2919 3806 tibi
2961 3767 3054 3822 per
3088 3770 3214 3808 aera
3244 3757 3414 3825 ipsum

1889 3851 1944 3894 et
1976 3843 2258 3895 transitum
2282 3841 2730 3910 pollicetur.Audi
2759 3845 2952 3896 etenim
2992 3845 3210 3899 Paulum
3236 3849 3418 3902 dicen-

1893 3937 1996 3981 tem
2025 3929 2089 3982 de
2105 3926 2291 3994 justis:
2313 3944 2332 3978 ι
2368 3927 2674 3995 Rapiemur,
2705 3927 3028 3995 inquit",iu
3060 3929 3285 3984 nubibus
3305 3927 3414 4000 (‘20)

1267 4064 1310 4097 ⁸³
1345 4065 1534 4119 Matth.
1561 4083 1723 4133 xxi-it,
1750 4080 1799 4120 ct
1824 4068 1948 4122 Luc.
1975 4081 2033 4118 ll.
2109 4063 2154 4095 ⁸⁸
2187 4063 2201 4115 l
2234 4063 2418 4117 Thess.
2461 4079 2532 4125 tv,
2569 4063 2651 4116 16.

1953 4175 2060 4248 (15)
2086 4176 2206 4248 Mss.
2237 4194 2254 4225 ι
2288 4175 2596 4248 fenestram.
2618 4175 2808 4248 i_Lil_i_b.
2829 4177 2958 4248 editi
2987 4192 3000 4227 :
3038 4195 3055 4226 ε
3090 4175 3406 4248 fenestras.»

1950 4243 2060 4312 (⁷16)
2099 4244 2170 4294 De
2191 4246 2411 4296 transitu
2430 4243 2699 4312 Jordanis.
2730 4243 2842 4295 Non
2876 4245 3033 4296 aliunt
3067 4245 3274 4296 titulum
3311 4247 3373 4297 ha
3396 4275 3408 4284 η

1809 4301 1852 4353 Ῑ)
1881 4301 2234 4364 bentcodices
2281 4327 2406 4364 mss.
2465 4311 2810 4377 Saugermau.
2839 4322 2892 4364 et
2941 4313 3319 4366 Gemeticeusis
3355 4324 3410 4366 et

1885 4395 2018 4432 unus
2047 4379 2401 4432 Ebroiceusis.
2426 4380 2481 4432 In
2515 4379 2640 4431 libb.
2669 4391 2822 4432 antea
2851 4380 3007 4432 editis
3036 4379 3225 4447 legitur
3248 4395 3264 4431 :
3291 4398 3310 4432 s
3339 4381 3408 4434 De

1884 4462 1948 4501 eo
1973 4448 2110 4516 quod
2138 4446 2422 4499 Jordauem
2463 4449 2648 4516 transit
2682 4461 2804 4516 arca
2837 4446 3162 4516 'l‘estamenti
3197 4449 3400 4502 Domini

1881 4513 2004 4568 coni
2027 4516 2389 4566 sacerdotibus
2433 4524 2484 4566 et
2527 4513 2727 4566 Levitis
2756 4524 2806 4566 et
2832 4518 3044 4582 populo,
3083 4513 3168 4566 ubi
3206 4517 3405 4568 dicitur

1880 4587 1944 4634 ad
1971 4583 2147 4636 Jesum
2190 4599 2203 4636 :
2252 4582 2306 4633 lu
2356 4582 2441 4635 die
2484 4583 2584 4635 hac
2633 4583 2826 4648 incipio
2871 4583 3106 4636 exaltare
3158 4593 3208 4632 te
3247 4600 3260 4634 :
3311 4585 3402 4636 ubi

1881 4650 2182 4719 przccipitur
2207 4649 2396 4716 populo
2425 4660 2481 4704 ut
2521 4650 2675 4719 longe
2718 4651 2787 4703 sit
2816 4652 2882 4704 ab
2911 4667 3031 4704 arca
3073 4649 3401 4704 Testatnenti

1881 4716 1983 4770 duo
2011 4716 2170 4770 millia
2195 4719 2389 4770 cubita.
2418 4736 2437 4769 ι

1950 4786 2060 4852 (17)
2102 4784 2278 4854 Codex
2331 4787 2647 4854 Saugerm.:
2690 4802 2708 4834 ι
2751 4795 2915 4838 terra.
2948 4803 2968 4835 υ
3023 4784 3176 4854 [.ibb.
3218 4784 3344 4854 editi
3385 4801 3398 4836 :

1890 4865 2180 4905 «creatura.
2206 4869 2225 4902 ι
2249 4853 2414 4906 Paolu
2438 4852 2554 4920 post
2582 4854 2633 4906 in
2666 4855 2849 4906 iisdem
2875 4856 3002 4906 libb.
3030 4853 3188 4906 editis
3215 4852 3397 4904 deest:

1887 4939 1905 4969 ι
1941 4920 2130 4972 ﬂuvius
2180 4921 2606 4989 itnpugnabat....
2633 4922 2826 4976 caelum
2855 4936 2946 4974 eos
2985 4920 3342 4986 itnpuguabat,
3372 4936 3395 4970 ι

1880 4991 1970 5040 sed
2024 4989 2162 5041 istud
2222 4992 2522 5042 restituitur
2578 4989 2898 5043 auctoritate
2929 5003 3162 5040 omnium
3215 5002 3396 5038 mano-

1879 5057 2213 5110 scriutorum.
2973 5090 2976 5093 λ

2262 5124 2387 5178 editi
2415 5142 2427 5178 :
2461 5141 2479 5175 ε
2507 5123 2563 5177 In
2601 5121 2886 5177 Iordanem
2921 5090 3042 5174 arca
3068 5119 3396 5191 Testamenti

1879 5189 2100 5244 duxerat
2121 5194 2366 5260 pepoltnu
2401 5194 2514 5256 Dei,
2544 5211 2564 5244 ι
2587 5193 2679 5247 sed
2701 5205 2886 5245 omnes
2908 5204 3032 5241 mss.
3063 5199 3118 5238 ut
3145 5189 3196 5238 in
3214 5195 3399 5237 nostro

2080 5328 2246 5398 COM.
2276 5326 2550 5398 Sangerm.
2595 5332 2646 5377 et
2692 5305 2941 5398 Geinetjc.
2982 5318 3288 5398 r_tninistris
3311 5315 3401 5369 de~

1877 5388 2128 5449 ferentes.
2159 5414 2178 5446 ι
2213 5396 2359 5446 Ι.ιΙ›ι›.
2387 5388 2513 5448 etliti
2547 5411 2561 5446 :
2592 5411 2611 5444 ι
2638 5391 2910 5463 Δηιγξ-ι-ελιῆὶει
2949 5388 3255 5463 referentes.
3299 5400 3317 5431 ι

1946 5462 2054 5533 (‘20)
2097 5463 2420 5533 Inuubibus.
2456 5463 2605 5512 Deest
2638 5450 2859 5511 in'libb.
2900 5465 3053 5507 antea
3098 5453 3276 5515 editis,
3306 5450 3400 5507 sed

1880 5529 2139 5601 reperitur
2167 5532 2217 5583 iit
2256 5529 2498 5582 omnibus
2531 5539 2660 5580 mss.
