3822 6230
1228 250 1294 302 IN
1326 250 1577 305 LIBRUM
1616 249 1776 304 JESU
1821 249 2002 302 NAYE
2030 245 2306 303 HOMILIA
2340 245 2404 303 Υ.

259 322 371 425 fit,
410 327 474 386 id
523 344 758 438 estqui
802 357 1138 420 crediderit
1193 370 1248 423 in
1309 387 1427 424 eum
1479 369 1626 436 cujus
1679 370 1810 438 figu-
1841 373 1884 428 Α
1913 368 2271 428 demoramur,
2296 365 2474 420 omnia
2496 379 2614 433 quae
2638 365 2703 419 ad
2736 366 3109 433 perfectionem
3143 367 3431 436 pertinent,

117 314 180 360 Ni

330 439 562 544 serpens
621 434 724 540 ille
775 456 1197 518 monstrabat.
1265 418 1652 526 tliubolica‘per
1709 418 1807 512 Ιῖοο

199 523 397 622 ξξῇσιη
444 523 733 622 tllﬂ‘ugiet.
785 535 1186 601 Sacerdotalis
1240 557 1292 601 et
1346 523 1611 602 Leviticus
1675 547 1808 600 ordo

372 619 466 692 (ιιιῑ
510 631 669 714 βείιὶὶ
709 624 856 696 (56)
904 645 1059 687 arcze
1112 639 1418 690 testamenti
1468 637 1704 699 Domini,
1757 638 1806 689 in

241 752 326 799 (χω
378 715 465 772 lex
507 713 606 769 Dei
655 727 923 785 portatur
977 725 1102 780 sine
1152 727 1332 791 dubio,
1379 738 1435 780 ut
1474 727 1572 794 ipsi
1611 727 1808 779 illumi-

255 825 376 868 lzent
401 808 508 878 \3'1)
529 806 793 876 populum
821 811 890 864 de
919 815 1197 867 mandatis
1237 815 1348 875 Dei.
1379 814 1518 868 sicut
1544 815 1808 882 Propheta

257 894 755 954 dicit":tLucerna
798 897 1034 964 pedibus
1066 898 1202 952 meis
1245 899 1464 952 verbum
1503 909 1668 960 tuum,
1709 899 1812 950 Do-

254 991 493 1051 mine,~et
522 985 704 1038 lumen
751 987 970 1040 semitis
1021 987 1173 1040 meis.
1202 1005 1219 1036 i
1255 985 1363 1038 Hoc
1390 986 1564 1038 lumen
1595 1001 1686 1054 per
1727 1001 1812 1038 sa-

243 1078 490 1129 cerdotes
523 1075 845 1128 accenditur
870 1084 926 1128 et
956 1074 1187 1128 Levitas.
1219 1075 1366 1139 Quod
1391 1075 1436 1127 si
1461 1073 1598 1128 forte
1621 1075 1813 1144 aliquis

240 1182 308 1220 ex
338 1168 432 1218 hoc
456 1165 578 1235 (58)
611 1164 806 1219 ordine
843 1179 1128 1218 accensam
1155 1164 1428 1216 lucernam
1459 1165 1691 1229 posuerit
1713 1166 1812 1218 sub

227 1256 439 1317 modio,
469 1265 532 1308 et
567 1271 678 1308 non
705 1270 869 1323 super
907 1254 1309 1320 candelabrum,
1337 1264 1394 1306 ut
1428 1255 1599 1308 luceat
1635 1253 1811 1306 omni-

227 1346 338 1399 bus
367 1344 455 1411 qui
497 1344 555 1396 in
581 1345 744 1396 domo
764 1352 918 1396 sunt:
957 1343 1124 1396 videat
1162 1343 1284 1408 quid
1309 1344 1409 1396 sibi
1433 1344 1692 1410 agendum
1721 1343 1812 1408 sit,

214 1449 360 1490 cum
395 1432 642 1485 Domino
666 1432 800 1485 lucis
823 1432 1049 1486 reddere
1089 1432 1309 1498 cmperit
1336 1433 1594 1484 rati0nem
1621 1445 1716 1498 pro
1752 1431 1816 1483 iis

213 1525 324 1591 qui
361 1523 504 1578 nihil
549 1522 966 1576 illuminationis
993 1539 1022 1575 a
1061 1523 1423 1576 sacerdotibus
1469 1521 1815 1589 eapientesin

208 1612 492 1668 tenebris
538 1611 846 1675 ambulant,
884 1622 938 1665 et
986 1621 1324 1680 peccatorum
1365 1611 1686 1666 obscuritate
1715 1625 1818 1664 cae-

207 1713 458 1757 cantur.

289 1791 358 1843 5.
412 1788 556 1842 Vide
594 1789 835 1859 denique
867 1790 993 1858 quid
1027 1789 1154 1842 dicit
1174 1789 1259 1841 ⁸⁸ε
1295 1807 1314 1840 ι
1340 1785 1593 1856 Populus,
1625 1788 1814 1856 inquit,

207 1887 276 1928 ut
298 1876 479 1946 longe
498 1878 576 1929 sit
595 1878 670 1930 ab
689 1893 820 1934 arca
841 1879 1140 1932 testamenti
1163 1878 1264 1929 duo
1281 1877 1442 1930 millia
1455 1877 1775 1930 cubitorum.
1792 1895 1810 1926 ι

207 1965 580 2019 Sacerdotes
634 1980 768 2019 vero
801 1977 855 2020 et
895 1966 1090 2020 Levita:
1131 1965 1378 2032 proximi,
1415 1975 1468 2019 et
1509 1965 1642 2020 satis
1694 1981 1816 2034 pro-

207 2054 397 2117 ximi,
438 2054 516 2106 ita
559 2062 623 2106 ut
675 2054 916 2108 humeris
960 2055 1191 2121 ipsorum
1235 2071 1361 2109 arca
1396 2055 1601 2111 Domini
1639 2067 1693 2109 et
1737 2056 1816 2109 le-

207 2141 468 2210 gislatio
510 2143 705 2195 divina
741 2153 1000 2210 portetur.
1039 2143 1182 2199 Beati
1209 2147 1299 2213 qui
1339 2156 1613 2200 merentur
1641 2146 1820 2214 proxi-

211 2233 295 2285 nii
349 2217 490 2286 esse
540 2233 680 2285 Deo.
735 2233 840 2285 Sed
895 2241 1162 2288 memento
1201 2237 1338 2301 quod
1386 2235 1642 2300 scriptum
1691 2244 1816 2288 est:

215 2337 240 2370 ι
276 2319 401 2386 Qui
434 2321 832 2388 approxiinant
871 2321 1405 2390 mihi,approximant
1433 2323 1560 2391 igni.
1586 2341 1606 2374 ι
1642 2320 1696 2375 Si
1728 2337 1820 2374 au-

216 2425 357 2465 rum
389 2412 480 2465 vel
516 2420 816 2478 argentum
852 2409 1049 2475 fueris,
1081 2420 1135 2464 et
1183 2413 1288 2480 igni
1328 2413 1780 2480 approximaveris
1802 2454 1817 2478 ,

218 2500 424 2555 multo
479 2515 587 2569 per
624 2501 804 2569 ignem
831 2500 1151 2567 splendidior
1179 2510 1232 2554 et
1267 2501 1567 2555 rutilantior
1603 2501 1820 2569 effulge—

226 2591 342 2644 bis.
390 2589 453 2644 Si
503 2605 636 2642 rero
662 2603 830 2658 supra
872 2588 1270 2642 fluidameutum
1297 2591 1346 2642 iu
1369 2599 1417 2643 te
1439 2589 1559 2645 ﬁdei
1591 2591 1818 2658 positum

227 2682 514 2734 conscius
559 2679 661 2732 tibi
701 2693 762 2731 es
802 2679 1255 2746 supersedificasse
1299 2689 1348 2733 te
1382 2679 1553 2749 ligna,
1603 2679 1779 2735 fenum
1804 2720 1819 2742 ,

230 2773 540 2842 stipulam,
583 2783 714 2822 cum
746 2770 836 2822 tali
881 2770 1232 2824 aedificatione
1257 2770 1300 2822 si
1345 2769 1452 2838 igni
1485 2771 1823 2838 approxima-

232 2863 417 2925 veris,
447 2859 812 2914 consumeris
835 2858 899 2910 ⁸⁸.
931 2859 1076 2912 Beati
1109 2859 1269 2926 igitur
1305 2859 1392 2926 qui
1431 2859 1654 2924 proximi
1677 2869 1819 2924 sunt,

3336 247 3438 302 8M

1906 455 2216 510 festinemus
2247 453 2485 521 implere,
2507 462 2560 505 et
2588 453 2660 505 ita
2691 455 2900 508 demum
2922 457 3212 524 poterimus
3232 457 3435 510 decima

1907 544 1994 598 die
2047 544 2244 597 mensis
2290 541 2449 610 primi
2507 551 2704 593 terram
2758 544 3216 608 repromissionis,
3266 544 3317 596 id
3353 551 3438 598 est

1906 630 2286 684 beatitudinem
2323 627 2667 696 perfectionis
2694 629 2911 684 intrare.
2939 629 3042 684 Sed
3058 641 3110 686 et
3129 631 3230 685 alia
3253 647 3437 700 quam-

1909 718 2132 785 plurima
2166 717 2210 769 si
2261 716 2542 784 diligenter
2567 714 2838 778 observes,
2881 717 2932 770 in
2963 719 3099 772 hanc
3127 721 3263 773 diem
3295 735 3442 776 reca-

1913 807 2130 873 pitulari
2184 805 2580 874 Scripturarum
2638 804 2890 858 relatione
2937 807 3317 874 deprehendes.
3367 813 3442 865 De

1911 897 2103 964 quibus
2133 896 2354 964 singulis
2391 897 2467 949 uti
2497 910 2564 948 ne
2595 910 2734 949 nunc
2762 895 2870 965 (ιο)
2907 911 3081 952 sermo
3126 900 3282 954 nobis
3323 901 3441 970 plus

1911 1000 2069 1052 quam
2103 985 2344 1038 volumus
2375 985 2643 1046 dilatetur,
2671 985 2770 1038 hoc
2800 987 3132 1040 sentiendum
3157 998 3238 1042 est
3267 991 3332 1043 de
3357 1006 3442 1056 eo,

1913 1071 2051 1140 quod
2078 1073 2270 1140 saepius
2299 1073 2408 1126 dies
2435 1073 2534 1126 iste
2566 1073 2859 1138 repetitur:
2885 1075 3009 1140 quia
3034 1075 3154 1130 licet
3181 1080 3447 1145 generalis

1914 1162 2068 1215 nobis
2096 1163 2164 1216 sit
2193 1176 2293 1214 una
2318 1161 2594 1230 perfectio,
2619 1169 2792 1213 tamen
2818 1164 3106 1217 secundum
3133 1167 3240 1234 (41)
3263 1183 3448 1221 unam-

1915 1265 2180 1318 quamque
2228 1251 2456 1320 speciem
2489 1253 2743 1304 virtutum
2773 1266 2930 1320 quam
2984 1255 3322 1322 aggredimur
3355 1273 3449 1312 ex-

1918 1341 2138 1408 plicare,
2162 1339 2206 1392 si
2225 1354 2340 1393 eam
2370 1341 2693 1408 potuerimus
2717 1344 2922 1406 integre
2952 1339 3287 1413 perfecteque
3306 1363 3450 1402 com-

1917 1429 2082 1496 plere,
2117 1438 2196 1482 est
2229 1430 2394 1498 ipsius
2423 1431 2637 1486 virtutis
2664 1446 2755 1486 sua
2790 1448 3002 1502 quoque
3029 1438 3286 1504 perfectio
3313 1438 3444 1509 (42).

1917 1516 2077 1573 Verbi
2103 1520 2345 1582 causa,si
2370 1520 2416 1572 is
2440 1520 2531 1588 qui
2573 1521 2862 1574 iracundus
2883 1533 2984 1587 est,
3010 1526 3258 1581 virtutem
3299 1543 3451 1582 man-

1918 1609 2210 1662 suetudinis
2248 1610 2428 1676 cupiat
2468 1611 2709 1678 adipisci,
2751 1613 2864 1667 sine
2893 1615 3054 1670 dubio
3081 1617 3252 1684 primo
3281 1618 3448 1671 offen.

1918 1697 1993 1750 dit
2023 1698 2074 1750 in
2100 1698 2300 1760 multis,
2326 1699 2491 1752 donec
2524 1699 2680 1766 longa
2724 1705 3068 1758 meditatione
3114 1721 3266 1760 usum
3299 1708 3447 1760 multi

1918 1789 2168 1856 temporis
2194 1788 2244 1841 in
2283 1797 2522 1843 naturam
2569 1802 2863 1847 convertat.
2889 1795 2954 1848 Et
2994 1810 3113 1849 cum
3163 1796 3450 1850 obtinuerit

1915 1877 2054 1944 quod
2104 1877 2409 1945 pr0posuit,
2445 1878 2755 1946 adipiscitur
2801 1883 3012 1950 quidem
3067 1883 3448 1953 perfectionem

1917 1965 2352 2030 mansuetudinis,
2383 1979 2488 2019 non
2515 1974 2689 2021 tamen
2719 1983 2784 2020 ex
2826 1971 2926 2023 hoc
2965 1971 3124 2025 etiam
3165 1973 3450 2041 perfectio-

1917 2069 2035 2108 nem
2065 2053 2314 2108 virtutum
2353 2056 2588 2108 omnium
2635 2057 2883 2124 possidet.
2929 2061 3017 2114 Sic
3053 2077 3178 2131 ergo
3215 2078 3310 2129 per
3347 2064 3450 2118 sin-

1917 2142 2066 2210 gulas
2095 2142 2318 2197 virtutes
2342 2143 2680 2196 inveniuntur
2713 2145 2888 2200 multa;
2918 2150 3289 2214 perfectiones.
3324 2151 3454 2206 Per-

1918 2231 2077 2285 fectio
2119 2245 2246 2285 vero
2292 2232 2555 2299 generalis
2600 2232 2686 2284 illa
2737 2243 2836 2297 est,
2883 2251 3000 2304 qua:
3031 2239 3266 2292 omnium
3311 2241 3454 2295 inse

1918 2319 2298 2386 perfectiouum
2347 2321 2585 2376 continet
2638 2338 2921 2378 summam.
2977 2326 3265 2394 Pr0pterea
3324 2343 3452 2396 ergo

1918 2413 2082 2463 multa
2105 2411 2153 2463 in
2183 2411 2283 2466 hac
2303 2411 2386 2465 die
2412 2422 2557 2481 gesta
2586 2415 3026 2484 recapitulanlur,
3046 2427 3102 2469 ut
3125 2418 3316 2472 multas
3339 2433 3454 2486 per-

1919 2500 2174 2553 fectiones
2194 2500 2258 2552 ad
2287 2515 2447 2553 unum
2499 2503 2712 2555 tendere
2764 2505 3064 2572 significent
3102 2507 3281 2571 finem,
3315 2510 3454 2562 sicut

1918 2598 1967 2640 et
1995 2586 2259 2656 PrOpheta
2290 2589 2480 2642 dicit"
2509 2605 2524 2643 :
2561 2607 2579 2640 ε
2619 2589 2838 2645 Multum
2868 2597 3201 2670 peregrinata
3232 2607 3314 2650 est
3335 2597 3457 2651 aui-

1920 2691 2004 2728 ina
2037 2691 2174 2730 mea.
2196 2695 2214 2728 ι
2259 2675 2321 2729 Et
2352 2675 2541 2729 iterum
2555 2673 2632 2730 "z
2666 2693 2685 2727 ι
2715 2677 2846 2732 Dum
2873 2680 3053 2735 dicunt
3079 2682 3205 2736 mihi
3233 2699 3327 2750 per
3351 2684 3457 2738 sin-

1917 2767 2068 2834 gulos
2099 2767 2212 2821 dies
2248 2783 2263 2820 :
2311 2765 2409 2821 Ubi
2457 2774 2538 2820 est
2580 2767 2720 2822 Deus
2769 2770 2944 2825 tuus?
2985 2772 3098 2827 haec
3130 2774 3455 2833 memoratds

1921 2870 2058 2919 sum,
2089 2864 2143 2909 et
2166 2854 2323 2910 effudi
2348 2856 2398 2910 in
2423 2872 2504 2910 me
2531 2858 2760 2910 animam
2791 2872 2961 2912 meam
2987 2875 3002 2912 :
3027 2861 3150 2928 quia
3181 2873 3456 2926 pertrans-

237 2962 296 3006 et
324 2953 426 3020 qui
465 2952 546 3004 ita
575 2948 817 3018 proximi
859 2959 1008 3011 sunt,
1035 2957 1092 3000 ut
1121 2947 1256 3016 ignis
1292 2962 1384 3000 eos
1407 2947 1683 3012 illuminet,
1717 2964 1819 3002 non
1851 2972 1886 3022 ο
1921 2957 2036 2996 eam
2070 2943 2122 2994 in
2149 2942 2320 2996 locum
2350 2942 2672 2996 tabernaculi
2698 2941 3026 2998 admirabilis
3051 2961 3214 3015 usque
3247 2949 3356 3019 (45)
3388 2950 3455 3003 ad

237 3043 476 3096 adurat.
521 3039 845 3093 Salvabitur
878 3047 1056 3091 tamen
1085 3045 1137 3089 et
1165 3035 1347 3100 Israel,
1379 3039 1472 3091 sed
1495 3037 1648 3108 longe
1683 3040 1824 3106 posi-

241 3141 334 3188 tus
360 3131 708 3192 salvabitur,
732 3138 787 3184 et
808 3130 908 3183 iter
923 3137 1046 3197 aget
1061 3145 1163 3182 non
1184 3143 1277 3184 sua
1304 3130 1519 3192 virtute,
1539 3131 1631 3185 sed
1654 3131 1823 3185 admi-

243 3224 456 3279 niculis
486 3231 554 3278 et
586 3220 930 3289 providentia
952 3224 1309 3278 sacerdotum.

315 3317 375 3370 4.
417 3313 670 3380 Quando
715 3319 896 3366 autem
938 3311 1162 3365 veniunt
1208 3313 1276 3365 ad
1312 3313 1592 3366 transitum
1639 3311 1827 3366 Jorda-

248 3407 332 3460 nis
354 3405 477 3474 (39)
501 3405 528 3457 ?
557 3401 757 3455 Notavi
815 3402 955 3455 enim
981 3411 1037 3456 et
1082 3404 1183 3456 hoc
1206 3417 1312 3456 non
1352 3404 1470 3456 sine
1513 3417 1672 3456 causa
1708 3417 1826 3456 esse

247 3497 566 3562 signatum,
602 3501 665 3545 ut
695 3501 754 3545 et
801 3499 1012 3560 tempus
1048 3493 1484 3559 distingueretur.
1516 3509 1535 3542 ι
1587 3489 1825 3558 Decima,

247 3588 430 3656 inquit
457 3588 534 3649 ’°,
576 3583 789 3638 mensis
822 3581 1006 3649 primi.
1044 3599 1063 3632 ι
1096 3582 1197 3636 Ista
1233 3584 1344 3646 ipsa
1374 3593 1456 3637 est
1483 3583 1619 3648 dies,
1651 3583 1702 3636 in
1723 3597 1826 3650 qua

247 3687 302 3730 et
343 3677 478 3745 agni
516 3675 847 3744 mysterium
880 3671 1294 3741 praecipiebatur
1321 3672 1372 3725 in
1399 3671 1647 3740 Egypto.
1677 3671 1829 3724 Deci-

250 3780 339 3818 ma
386 3766 480 3817 die
537 3760 746 3815 mensis
778 3759 938 3828 primi
985 3769 1184 3814 terram
1228 3762 1656 3828 repromissionis
1687 3761 1828 3814 ince-

248 3857 387 3908 dunt
426 3871 441 3906 :
474 3851 630 3920 quod
688 3849 820 3903 mihi
857 3847 1012 3902 valde
1061 3849 1273 3905 beatum
1300 3851 1531 3914 videtur,
1555 3861 1611 3903 ut
1644 3852 1826 3904 eadem

245 3945 368 4013 ipsa
439 3945 538 3998 die
599 3957 712 4010 qua
765 3957 980 3998 errores
1029 3944 1149 4010 quis
1198 3941 1575 4009 subterfugerit
1628 3943 1826 4005 saeculi,

245 4037 420 4088 etiam
474 4045 692 4088 terrain
745 4034 1178 4100 repromissionis
1211 4031 1415 4099 ingredi
1469 4040 1748 4092 mereatur,
1781 4032 1828 4082 id

243 4137 331 4179 est
365 4127 426 4179 in
475 4125 588 4179 hac
640 4123 730 4176 die
759 4137 864 4190 qua
904 4124 955 4175 in
997 4124 1094 4176 hoc
1145 4122 1340 4176 saeculo
1368 4121 1613 4174 vivimus.
1643 4118 1829 4174 Omnis

243 4217 398 4268 enim
432 4218 552 4268 vita
588 4223 781 4269 nostra
816 4229 1050 4282 praesens
1086 4218 1136 4268 in
1166 4229 1271 4267 uno
1298 4211 1386 4264 die
1418 4209 1741 4277 designatur.
1768 4211 1831 4262 Et

1925 3032 2133 3084 domum
2185 3030 2300 3092 Dei.
2336 3031 2386 3083 in
2419 3045 2546 3085 voce
2595 3031 2987 3095 exsultationis,
3020 3043 3072 3087 et
3105 3035 3456 3092 confessionis

1923 3129 2086 3168 sonus
2119 3115 2447 3184 epulantum.
2484 3136 2503 3169 ι
2545 3116 2668 3170 Post
2713 3115 2920 3172 labores
2952 3117 3091 3172 enim
3123 3129 3177 3174 et
3207 3123 3458 3178 tentatio-

1926 3218 2022 3258 nes
2043 3218 2176 3271 quas
2197 3205 2250 3258 in
2279 3206 2432 3274 hujus
2454 3209 2576 3261 vita:
2604 3221 2782 3262 eremo
2803 3207 3317 3282 pertulerimusGi),
3340 3225 3455 3280 post

1928 3293 2207 3346 transitum
2235 3291 2400 3348 Rubri
2437 3297 2619 3360 maris,
2651 3305 2770 3364 post
2790 3293 2983 3350 ﬂuenta
3010 3297 3276 3364 Jordanis,
3310 3303 3354 3356 si
3378 3304 3446 3354 di-

1927 3383 2016 3451 gni
2068 3382 2326 3436 fuerimus
2372 3392 2566 3436 terram
2617 3383 3043 3450 repromissionis
3091 3387 3308 3453 intrare,
3337 3404 3456 3443 cuni

1927 3471 2104 3525 lietitia
2123 3471 2542 3526 etexsultatione
2563 3474 2948 3540 perveniemus,
2970 3485 3250 3542 sequentes
3277 3492 3458 3531 sacer-

1929 3561 2078 3613 dotes
2121 3560 2326 3612 Domini
2363 3559 2559 3614 Christi
2610 3571 2662 3615 et
2697 3560 2990 3615 Salvatoris
3033 3563 3221 3627 nostri,
3249 3566 3334 3618 cui
3377 3577 3460 3621 est

1929 3649 2092 3716 gloria
2118 3657 2170 3700 ct
2195 3657 2430 3716 potestas
2461 3647 2514 3701 in
2546 3647 2735 3701 saecula
2763 3648 3096 3703 saeculorum.
3127 3649 3318 3704 Amen.

2498 3735 2773 3792 HOMILIA
2811 3738 2874 3792 ν.

1930 3826 2003 3879 De
2032 3827 2328 3894 duabusque
2356 3827 2504 3894 semis
2552 3825 2808 3886 tribubus,
2839 3842 2953 3894 qua:
2992 3828 3303 3881 transierunt
3336 3829 3460 3883 Jor-

1997 3901 2198 3948 danem.
2236 3893 2299 3944 Et
2328 3895 2388 3944 de
2411 3892 2809 3962 Jesu,quomo_do
2839 3892 3079 3948 exultavit
3127 3912 3241 3947 eum
3286 3898 3461 3950 Domi-

1999 3978 2093 4013 nus
2111 3963 2165 4014 in
2188 3971 2454 4031 conspectu
2478 3959 2701 4031 ﬁliorum
2726 3959 2912 4031 Israel.
2931 3962 3194 4025 Quomodo
3219 3965 3458 4031 populum

1999 4030 2318 4082 circumcidit
2352 4031 2530 4081 cultris
2563 4029 2773 4095 petrinit
2797 4034 3041 4083 secundo.

2001 4121 2050 4172 l.
2107 4119 2180 4172 De
2226 4117 2292 4170 iis
2337 4118 2550 4184 quidem
2603 4119 2693 4185 qui
2759 4131 2906 4171 mare
2969 4119 3205 4172 llubrum
3263 4129 3462 4174 trans-

1936 4206 2127 4268 ierunt,
2150 4207 2428 4276 Apostolus
2463 4207 2590 4259 dicit
2629 4208 2697 4270 ”,
2726 4208 2845 4274 quia
2885 4223 2903 4256 ι
2959 4222 3142 4262 omnes
3192 4209 3242 4261 iu
3302 4209 3463 4280 407

245 4308 376 4360 ideo
413 4311 727 4362 edocemur
773 4269 868 4376 per
904 4269 1043 4362 istud
1078 4303 1412 4374 mysterium,
1443 4319 1508 4357 ne
1533 4269 1694 4354 actus
1733 4313 1830 4352 no-
1865 4269 1905 4320 θ
1933 4297 2110 4366 Moyse
2135 4269 2380 4363 baptizati
2417 4303 2540 4348 sunt
2575 4295 2628 4348 in
2674 4269 2812 4348 nube
2855 4304 2907 4349 et
2946 4297 2996 4348 in
3047 4298 3200 4353 mari.
3237 4316 3255 4349 ι
3281 4269 3464 4352 Deviis

243 4408 396 4451 atros
445 4409 507 4452 et
555 4413 729 4467 Opera
780 4398 1004 4465 iustitia:
1049 4399 1100 4450 iu
1151 4396 1441 4451 crastinum
1489 4392 1828 4450 difleramus.

241 4494 341 4543 sed
382 4489 580 4554 hodie,
619 4489 674 4541 id
717 4498 797 4541 est
845 4490 1012 4542 donec
1053 4487 1305 4546 vivimus.
1334 4484 1504 4536 donec
1547 4483 1598 4534 in
1639 4479 1832 4532 mundo

315 4583 361 4614 ’ν
392 4580 549 4634 Psal.
587 4593 786 4640 cxvm,
808 4577 929 4631 105.
1002 4576 1172 4630 ⁸⁸105.
1201 4591 1282 4638 ιιι,
1307 4575 1361 4627 4.

132 4695 142 4702 .
238 4652 288 4683 ’³
319 4650 341 4704 l
368 4651 514 4702 Cor.
548 4665 608 4710 ι,
637 4648 698 4700 ‘2.

325 4744 455 4804 (56)
493 4741 784 4808 Sangerm.
819 4756 838 4787 ι
875 4742 1091 4808 astat.__i
1129 4733 1279 4808 Libb.
1309 4732 1433 4784 editi
1459 4747 1474 4808 ε
1503 4731 1776 4808 iadsistit.
1803 4748 1823 4780 ι

321 4798 450 4880 (a7)
486 4798 644 4880 uss;
703 4825 727 4880 ε
778 4815 837 4858 ιιι
880 4805 981 4872 ipsi
1024 4802 1342 4856 illuminent.
1393 4819 1408 4848 ι
1457 4798 1606 4850 Libb.
1655 4798 1825 4851 editi:

240 4897 268 4934 ι
309 4875 375 4932 et
410 4875 516 4940 ipsi
551 4875 884 4926 illuminant.
912 4889 932 4922 ι

321 4933 452 5012 (38)
494 4943 692 5012 Mss.,r
729 4941 869 5012 quod
902 4939 946 4991 si
973 4937 1121 5012 forte
1147 4937 1341 5012 aliquis
1362 4953 1426 4989 ex
1454 4937 1574 4989 hoc.
1617 4953 1634 4985 ι
1671 4933 1827 4987 Libb.

239 5006 384 5071 editi
420 5006 440 5063 ἑ
487 5028 504 5060 ι
541 5011 693 5075 quod
729 5006 772 5062 si
803 5006 940 5058 alius
963 5007 1196 5075 fortees
1239 5007 1352 5058 hoc.
1383 5023 1401 5052 ι

323 5081 450 5152 (59)
484 5069 815 5152 _Libb.l_cd_iti
855 5091 913 5125 τι
947 5074 1172 5151 Quando
1212 5072 1510 5152 autemiAil
1548 5069 1828 5121 transitum

243 5141 548 5204 1ςιῖἰ1ιί11ἰ8.
590 5165 610 5194 ι
647 5145 756 5196 Sed
780 5157 911 5194 mss.
949 5153 1007 5193 ιιι
1045 5141 1097 5190 ἰιι
1129 5148 1306 5190 nostro
1333 5148 1496 5191 textu.

322 5216 452 5285 (Mt)
477 5213 659 5285 Lilib.
696 5213 828 5264 editi
863 5225 931 5285 τις
961 5207 1326 5285 deprehendes
1361 5211 1422 5258 de
1450 5206 1599 5258 libris
1643 5204 1826 5285 singu-

244 5271 340 5341 lis:
387 5271 485 5336 Uti
515 5297 582 5330 ne
621 5295 789 5331 nunc.
837 5296 856 5326 ι
893 5271 1070 5327 Codex
1100 5272 1351 5324 Genu-lic.
1385 5286 1436 5326 et
1463 5287 1594 5324 unus
1645 5271 1830 5341 Ehroi-

242 5339 440 5406 iii-usis
476 5365 490 5396 :
526 5366 542 5395 ι
587 5346 994 5412 Dcprclicudes.
1035 5343 1090 5392 In
1143 5341 1326 5412 quibus
1371 5341 1591 5412 δῖειῧηίίβ
1637 5339 1721 5412 "ﬁ.
1756 5354 1828 5412 ."e

248 5438 426 5474 hunc.
470 5434 490 5465 ι
523 5406 1028 5481 Satig'ermauensis
1057 5423 1180 5481 cum
1223 5406 1384 5461 altero
1421 5407 1722 5464 Ebroicensi
1753 5407 1826 5457 le-

245 5495 502 5544 climnetlt
534 5476 718 5536 textus
743 5479 915 5532 nostri
945 5476 1167 5544 exhibet

319 5561 378 5626 (4
395 5554 445 5623 ι)
471 5568 490 5598 ι
513 5551 850 5606 Secundum.
872 5563 892 5596 ι
914 5543 1070 5596 Deest
1103 5541 1158 5592 in
1184 5540 1325 5596 libris
1361 5551 1511 5598 anth
1539 5540 1715 5607 editis,
1735 5547 1826 5598 sed

1444 4573 1489 4603 ⁸³
1514 4571 1529 4627 I
1559 4570 1682 4624 Cor.
1706 4567 1877 4635 "1,12.
1949 4568 1994 4598 ’°
2014 4565 2126 4621 Jos.
2151 4583 2232 4630 tu,
2258 4567 2342 4622 l9.
2417 4568 2456 4598 "
2483 4566 2624 4621 Psal.
2655 4584 2762 4632 CIX.
2795 4569 2848 4623 6ο

1937 4399 2061 4438 vero
2115 4385 2203 4453 qui
2256 4382 2540 4438 Iordanem
2602 4385 2927 4439 transierunt
2977 4386 3121 4454 (Η),
3182 4403 3464 4454 possumus

1935 4478 2093 4529 etiam
2127 4490 2224 4529 nos
2257 4475 2416 4529 simili
2455 4476 2608 4530 modo
2635 4480 2995 4544 pronuntiare,
3022 4480 3144 4547 quia
3179 4493 3366 4534 omnes
3413 4481 3462 4532 iu

2935 4572 2978 4601 "
3003 4570 3139 4624 Psal.
3177 4586 3308 4636 xui,
3331 4573 3383 4635 3,
3404 4571 3457 4625 4.

1938 4737 2200 4793 reperitur
2231 4745 2280 4778 ιιι
2304 4730 2483 4782 codice
2514 4727 2867 4782 Gemeticensi
2895 4739 2947 4783 et
2987 4745 3094 4782 uno
3130 4730 3457 4785 Ebroicensi.

2005 4795 2116 4858 (ὤῖ)
2149 4797 2426 4864 Sangerin.
2461 4816 2478 4846 ι
2519 4812 2738 4864 quaque
2763 4799 3033 4865 perfectio.
3081 4817 3098 4849 ι

2005 4865 2113 4932 ηδ)
2155 4865 2303 4917 Libli.
2344 4867 2468 4918 editi
2504 4883 2516 4916 :
2566 4883 2583 4914 ι
2618 4866 2668 4916 in
2703 4868 2814 4918 loco
2846 4868 3165 4919 tabernaculi
3203 4881 3386 4933 usque.
3430 4884 3450 4916 ι

1938 4933 2059 4986 Mss.
2089 4935 2365 4999 Saugerm.
2398 4944 2449 4986 et
2474 4933 2728 4986 Gemelic.
2758 4945 2813 4985 ut
2839 4936 2890 4985 in
2917 4945 3099 4986 nostro
3129 4946 3296 4986 texit.
3323 4934 3459 4985 Pan-

1937 5003 1982 5051 lu
2001 5013 2114 5066 post.
2149 5001 2305 5070 iidem
2339 5017 2468 5070 mss.
2492 5021 2509 5051 ι
2539 5017 2698 5057 sonus
2713 5003 3037 5070 epulantum.
3067 5020 3085 5052 ι
3108 5001 3263 5054 Libb.
3287 5002 3410 5054 edi.i
3437 5015 3453 5052 :

1938 5089 1954 5118 ‹
1995 5085 2156 5122 sonus
2187 5069 2467 5134 epulantis.
2505 5087 2522 5118 ι

2002 5137 2108 5207 (44)
2143 5135 2293 5207 [Λὶψ.
2320 5136 2444 5207 editi
2477 5153 2490 5186 :
2531 5155 2550 5188 ι
2591 5153 2724 5204 quas
2746 5137 2795 5187 iu
2829 5134 2984 5207 hujus
3012 5135 3189 5207 mundi
3216 5146 3448 5207 eremo.»

1931 5205 1985 5256 lu
2011 5202 2196 5258 codice
2233 5203 2584 5258 Gemeticensi
2612 5202 2776 5256 ideest
2821 5222 2838 5253 ι
2879 5203 3051 5264 hujus,
3085 5220 3103 5252 ι
3146 5202 3195 5252 iu
3227 5202 3456 5265 Sanger-

1932 5275 2166 5325 manensi
2194 5287 2288 5340 pro
2311 5274 2595 5340 «inundi,»
2629 5272 2816 5340 legitur
2843 5288 2858 5319 ι
2899 5272 3036 5320 vitaz.
3069 5287 3090 5318 ι

1997 5341 2103 5410 (45)
2131 5333 2307 5412 Codex
2338 5333 2811 5412 Sapgermauensis
2838 5350 2956 5385 «tum
2989 5349 3092 5386 uno
3125 5333 3453 5412 Ebroicensi,

1936 5428 1952 5459 ι
1993 5401 2332 5460 transierunt.
2363 5426 2380 5456 υ
2410 5401 2559 5458 Libb.
2591 5406 2740 5466 editi,
2773 5423 2789 5454 ι
2826 5411 3116 5455 transeunt.
3151 5418 3170 5450 ι
3200 5401 3454 5454 Neutrum

1935 5481 2191 5546 reperitur
2225 5479 2274 5529 in
2309 5472 2676 5528 Cenicticensi.
