3822 6224
90 344 257 463 ἤδη

82 466 396 581 ἄθιιῑωξφι
435 490 542 530 mea
562 488 715 539 vox
764 492 983 573 ista,

82 560 123 581 ν
344 562 354 575 .
962 560 983 573 .
1036 560 1141 569 --ν
1175 560 1366 570 πη-..
1392 560 1491 573 υ-..
1524 560 1656 573 .-.....
1688 560 1829 573 .,......

79 560 673 682 ίρέξλῗοῗκξξῗξξωίξ
733 599 767 682 ξ
814 589 945 647 De
989 606 1177 658 corde
1201 606 1342 660 enim
1364 612 1653 678 procedunt
1688 614 1833 682 cogi-

198 659 217 673 ,
735 672 756 684 .
1052 656 1093 657 η
1123 656 1172 658 -_
1365 656 1653 678 r--------.-
1690 656 1827 682 --ορ

151 656 1011 770 ιςῗηθξῆξξξιίῇιείόὶδ
1040 734 1059 758 ,
1120 697 1399 763 adulteria,
1430 700 1828 770 fornicationes,

144 744 277 843 fta,
307 737 441 843 falsa
494 737 949 843 testimoni;

230 830 278 874 et
304 830 489 894 qualis
519 848 881 915 exercitus
916 830 968 920 ίι

212 1386 804 1486 stris-cogitationibus
854 1412 1156 1469 redivivus
1207 1386 1463 1486 eruperit,
1504 1428 1629 1476 tunc
1675 1423 1827 1478 nobis

219 1493 301 1580 pet:
324 1474 516 1533 Iesum
560 1485 810 1580 dabitur
853 1498 964 1555 illa
990 1505 1226 1572 requies,
1259 1474 1318 1561 ut
1353 1474 1828 1579 unusquisquevre;

225 1576 461 1673 quiescat
499 1576 608 1631 sub
657 1583 835 1640 vinea
882 1605 989 1646 sua
1028 1604 1083 1648 et
1129 1596 1228 1649 sub
1273 1599 1376 1652 ﬁcu
1416 1576 1676 1668 sua,cum
1715 1603 1823 1673 jam

222 1678 318 1717 non
375 1664 457 1719 sit
499 1669 594 1737 qui
637 1684 939 1734 exterreat
980 1683 1119 1738 ﬁlios
1148 1688 1330 1742 Israel.

278 1755 363 1874 ᾖ..
388 1758 799 1866 Verumtamen
832 1778 1128 1829 transeunt
1156 1774 1441 1833 Iordanem
1473 1785 1822 1853 quadraginta
1854 1818 1898 1874 Β

208 1848 410 1903 millia
459 1853 710 1909 virorum
761 1870 1101 1916 armatorum
1144 1868 1370 1922 accincti
1423 1848 1507 1922 in—
1536 1848 1822 1941 conspectu

206 1938 461 2033 Domini
515 1945 587 1997 ad
636 1945 861 2015 bellum,
902 1960 958 2005 et
1000 1962 1127 2008 tunc
1172 1957 1300 2011 dicit
1340 1958 1613 2028 Scriptura
1636 1938 1681 2028 ‘,
1702 1967 1824 2033 quia

207 2046 228 2079 ι
264 2031 334 2083 in
379 2033 485 2087 die
512 2034 605 2088 illa
649 2039 910 2093 exaltavit
942 2041 1196 2100 Dominus
1236 2046 1415 2103 Iesum
1454 2050 1505 2104 in
1537 2031 1823 2122 conspectu

206 2122 411 2177 totius
438 2126 674 2193 generis
700 2127 939 2184 ﬁliorum
979 2131 1176 2188 Israel?
1206 2154 1225 2185 ›
1252 2137 1431 2191 Fuerit
1476 2142 1687 2208 quidem
1722 2146 1823 2200 ista

195 2213 327 2285 (55)
373 2215 670 2270 exaltatio
711 2218 824 2273 ﬁlio
854 2220 1014 2286 Nave,
1054 2234 1112 2277 ut
1151 2224 1253 2279 dux
1286 2229 1461 2295 populi
1512 2231 1648 2286 illius
1687 2236 1823 2302 apud

196 2324 302 2363 eos
373 2325 539 2375 quos
598 2313 846 2378 regebat,
898 2317 1213 2385 magniﬁcus
1262 2319 1597 2376 haberetur:
1644 2334 1825 2380 noster

195 2414 352 2453 vero
383 2398 574 2454 Jesus
604 2400 869 2456 Dominus
898 2418 1067 2469 meus,
1101 2407 1205 2460 dux
1234 2416 1287 2462 et
1310 2416 1489 2463 rector
1516 2412 1691 2480 populi
1726 2414 1824 2467 hu-

192 2490 313 2554 jus,
361 2491 677 2559 quomodo
699 2492 1046 2548 exaltaturin
1089 2507 1372 2565 conspectu
1401 2500 1573 2554 omnis
1614 2503 1823 2570 generis

199 2582 485 2635 ﬁliorum
536 2580 735 2642 Israel,
768 2582 1065 2637 videamus.
1108 2583 1216 2653 Ego
1263 2585 1495 2639 arbitror
1540 2590 1662 2655 quia
1712 2591 1824 2658 ipse

195 2684 459 2737 semper
488 2669 647 2737 apud
682 2668 898 2724 Patrem
924 2671 1186 2727 exaltatus
1214 2680 1297 2727 est
1333 2681 1386 2726 et
1424 2678 1686 2733 excelsus.
1716 2679 1821 2735 Sed

194 2759 317 2814 hoc
360 2774 527 2825 Opus
558 2767 668 2821 est,
695 2766 757 2811 ut
803 2759 856 2812 in
896 2772 1179 2830 conspectu
1220 2775 1401 2821 nostro
1444 2770 1639 2823 exaltet
1674 2770 1820 2824 illum

195 2847 399 2899 Deus.
436 2847 745 2899 Exaltatur
764 2855 940 2900 autem
981 2849 1031 2901 in
1062 2862 1343 2918 conspectu
1374 2868 1513 2920 meo,
1546 2871 1664 2909 cum
1692 2858 1820 2911 mihi

195 2938 565 2990 sublimitas
628 2944 688 2990 et
745 2936 1009 2989 celsitudo
1062 2938 1350 2995 divinitatis
1405 2941 1519 3008 ejus
1566 2945 1818 3011 aperitur.

198 3023 478 3088 Quando
512 3037 655 3090 ergo
695 3023 827 3076 mihi
860 3024 1069 3079 excelsa
1104 3025 1217 3093 ejus
1252 3028 1362 3098 (56)
1388 3030 1635 3087 divinitas
1675 3048 1823 3088 reve-

1264 394 1331 450 lN
1380 393 1634 451 LIBRUM
1664 394 1828 450 IESU
1855 392 2036 451 NAVE
2058 384 2353 448 HOMILIA
2392 374 2443 431 V-

1035 514 1141 569 sed
1170 515 1366 570 Christi
1391 527 1491 573 est.
1524 518 1656 573 Audi
1688 519 1829 573 enim
1857 518 1901 572 Α
1927 516 2051 585 quia
2095 516 2184 573 ille
2217 514 2307 586 qui
2370 504 2420 559 in
2461 503 2575 579 lege
2616 517 2854 574 eruditus
2898 528 3000 584 est,
3025 527 3077 576 et
3122 534 3217 589 per
3251 521 3463 592 Moysen

3360 404 3463 459 850

1928 606 2144 661 edoctus
2191 599 2389 673 abiecit
2433 597 2749 661 idololatria:
2790 621 3017 672 errores,
3064 609 3461 665 simulacrorum

1928 695 2358 761 superstitionem
2384 692 2689 762 cultumque
2712 695 2972 764 deposuit.
2992 696 3115 751 llaec
3136 705 3217 751 est
3237 698 3463 752 circum-

1804 824 1829 836 -
1927 784 2059 839 cisio
2088 785 2255 852 prima
2288 797 2383 853 per
2424 781 2610 853 legem.
2654 783 2711 838 Si
2739 800 2864 840 vero
2908 786 2951 839 is
2992 787 3170 841 veniat
3207 802 3237 840 a
3268 788 3380 856 lege
3411 799 3467 842 et

1926 874 2196 942 prophetis
2227 875 2293 929 ad
2318 875 2673 943 evangelicam
2703 875 2881 939 ﬁdem,
2912 885 3035 930 tunc
3083 878 3274 946 accipit
3302 878 3461 931 etiam

1928 964 2215 1018 secundam
2274 964 2735 1019 circumcisionem
2788 981 2884 1034 per
2935 975 3140 1035 petram
3170 1006 3186 1031 ,
3236 969 3325 1035 qui
3380 976 3465 1024 est

1927 1052 2190 1120 Christus,
2219 1063 2273 1109 et
2304 1055 2596 1124 completur
2626 1057 2727 1111 hoc
2751 1058 2893 1125 quod
2934 1058 3069 1111 dixit
3110 1058 3363 1112 Dominus
3396 1059 3463 1113 ad

1924 1140 2104 1196 Iesum
2125 1144 2146 1173 τ
2176 1160 2189 1195 :
2220 1160 2240 1194 ι
2271 1143 2437 1197 Hodie
2461 1145 2653 1199 abstuli
2683 1146 3023 1215 opprobrium
3054 1147 3264 1217 Egypti
3286 1166 3315 1202 a
3344 1149 3466 1205 ﬁliis

1805 1274 1828 1287 ,
1928 1226 2105 1281 Israel.
2145 1246 2164 1279 ι
2195 1229 2345 1283 Sicut
2379 1242 2554 1284 autem
2590 1232 2722 1285 dixit
2746 1234 3113 1302 Apostolus“:
3154 1255 3170 1285 ι
3205 1236 3485 1291 Bibebant-

1923 1324 2101 1370 autem
2128 1317 2193 1372 de
2231 1318 2457 1386 spiritali
2507 1322 2745 1389 sequenti
2795 1336 2888 1376 eos
2927 1334 3100 1391 petra,
3145 1333 3293 1394 petra
3335 1342 3462 1381 vero

1923 1416 2040 1459 erat
2066 1407 2346 1462 Christus:
2382 1428 2400 1461 ι
2432 1410 2502 1463 ita
2538 1411 2695 1464 etiam
2728 1427 2826 1466 nos
2869 1416 2919 1466 in
2968 1414 3068 1469 hoc
3097 1415 3213 1470 loco
3248 1429 3461 1485 compe-

1926 1504 2097 1549 tenter
2122 1510 2401 1563 possumus
2438 1499 2615 1553 dicere
2642 1522 2653 1555 :
2683 1500 2993 1557 Circumcisi
3028 1514 3152 1558 sunt
3184 1513 3360 1559 autem
3395 1506 3462 1560 de

1922 1585 2146 1652 spiritali
2191 1587 2431 1654 sequenti
2475 1597 2647 1656 petra,
2695 1598 2840 1655 petra
2871 1604 2997 1646 vero
3044 1601 3162 1645 erat
3193 1590 3458 1649 Christus.

1923 1673 2033 1729 Nisi
2063 1675 2201 1729 enim
2230 1676 2349 1745 quis
2378 1676 2539 1731 fuerit
2564 1694 2658 1747 per
2697 1679 3036 1749 Evangelium
3082 1682 3315 1737 secunda
3355 1682 3462 1736 cir-

1924 1766 2245 1820 cumcisione
2270 1777 2541 1835 purgatus,
2574 1784 2676 1823 non
2711 1779 2882 1837 potest
2920 1771 3263 1840 opprobrium
3289 1771 3459 1840 Αἰαν-

1924 1854 2019 1922 pti,
2065 1855 2115 1909 id
2151 1863 2250 1919 est,
2286 1856 2560 1911 illecebras
2600 1858 2953 1927 corporalium
2997 1860 3260 1928 deponere
3304 1861 3461 1914 vitio-

1925 1957 2064 1996 rnm.

1992 2035 2043 2088 6.
2072 2036 2352 2091 Videamus
2375 2046 2546 2090 tamen
2570 2038 2721 2105 quale
2747 2039 2819 2092 sit
2846 2038 2946 2092 hoc
2970 2039 3139 2107 ipsum
3162 2040 3301 2108 quod
3329 2040 3459 2094 dici-

1921 2134 2026 2187 tur,
2052 2125 2173 2192 quia
2204 2143 2223 2176 ‹
2252 2126 2408 2180 hodie
2436 2125 2630 2181 abstuli
2656 2127 2995 2196 opprobrium
3023 2144 3051 2182 a
3079 2129 3201 2186 ﬁliis
3224 2130 3402 2185 Israel.
3432 2147 3453 2181 ι

1921 2215 2117 2271 Omnes
2164 2218 2405 2272 homines
2459 2218 2667 2272 etiamsi
2697 2234 2762 2272 ex
2811 2219 2925 2288 lege
2969 2222 3204 2284 veniant,
3250 2221 3456 2274 etiamsi

1921 2321 2014 2376 per
2039 2307 2251 2377 Moysen
2297 2308 2487 2361 eruditi
2518 2309 2642 2374 sint,
2676 2310 2874 2363 habent
2906 2318 3077 2364 tamen
3112 2310 3455 2379 opprobrium

1919 2394 2127 2464 JEgypti
2160 2397 2210 2449 in
2236 2398 2531 2466 semetipsis
2556 2398 2688 2467 (60),
2720 2400 3058 2467 approbriutn
3094 2408 3455 2467 peccatorum.

1920 2484 2049 2550 Quis
2076 2486 2178 2540 erit
2202 2487 2389 2540 similis
2416 2487 2577 2542 Paulo
2607 2488 2765 2541 etiam
2808 2488 3091 2542 secundum
3112 2488 3245 2555 legis
3270 2490 3455 2543 obser-

1920 2576 2185 2628 vantiam?
2203 2577 2336 2629 Audi
2363 2577 2593 2645 denique
2625 2578 2795 2646 ipsum
2821 2579 3082 2634 dicentem
3106 2579 3128 2611 ’
3156 2597 3170 2635 :
3201 2598 3221 2631 ‹
3256 2578 3457 2635 Secun-

1921 2665 2041 2717 dum
2081 2665 2340 2733 justitiam
2387 2680 2504 2734 qua:
2546 2667 2598 2719 in
2644 2667 2761 2736 lege
2806 2677 2909 2731 est,
2957 2678 3299 2723 conversatus
3340 2670 3456 2725 sine

1920 2752 2153 2817 querela.
2190 2771 2208 2804 ι
2246 2752 2361 2821 Ipse
2412 2764 2591 2808 tamen
2628 2754 2737 2825 (61)
2770 2756 3074 2824 pronuntiat
3107 2766 3161 2812 et
3194 2758 3320 2812 dicit
3358 2758 3402 2790 ¹⁰
3436 2776 3451 2810 :

1926 2857 1944 2890 α
1980 2839 2197 2896 Fuimus
2223 2844 2362 2896 enim
2389 2851 2443 2897 et
2473 2858 2568 2897 nos
2601 2844 2883 2912 aliquando
2922 2846 3248 2914 insipientes,
3276 2848 3452 2903 incre-

1920 2928 2051 2993 duli,
2077 2939 2337 2994 errantes,
2371 2932 2662 2986 servientes
2690 2932 2799 3002 (62)
2829 2934 3108 2989 desideriis
3130 2944 3185 2989 et
3214 2936 3455 3006 volupta-

1922 3018 2062 3074 tibus
2094 3020 2274 3084 variis,
2302 3020 2355 3073 in
2386 3020 2586 3073 malitia
2618 3029 2672 3073 et
2706 3021 2925 3087 invidia,
2970 3022 3191 3078 odibiles
3211 3063 3227 3088 ,
3274 3027 3458 3081 edien-

200 3109 329 3164 lata
376 3110 520 3165 est?
565 3119 701 3163 tunc
738 3110 985 3178 profecto
1034 3126 1153 3165 cum
1185 3111 1485 3194 .Jordanem
1521 3119 1819 3182 transirem,
1849 3116 1889 3172 C
1924 3118 2003 3165 tes
2055 3110 2302 3164 invicem.
2352 3129 2371 3163 ι
2418 3109 2529 3164 Non
2574 3110 2666 3164 tibi
2719 3111 2964 3165 videntur
3008 3111 3121 3166 haec
3171 3115 3454 3182 opprobria

198 3208 264 3253 et
293 3200 497 3254 variis
528 3206 1008 3252 sacramentorum
1061 3202 1404 3258 munimentis
1431 3204 1605 3259 futura
1649 3222 1823 3261 arma-

201 3301 314 3341 rer
352 3288 437 3341 ad
473 3286 697 3355 praelia.

286 3384 353 3435 ι.
403 3400 428 3433 α
466 3381 543 3435 Et
580 3381 905 3445 timuerunt,
951 3379 1124 3449 inquit
1148 3382 1189 3445 ',
1215 3381 1416 3448 Iesum,
1450 3385 1589 3439 sicut
1636 3386 1827 3441 timue-

200 3481 355 3525 rant
396 3469 664 3539 Moysen.
708 3485 728 3518 ι
762 3466 951 3522 Omnis
981 3469 1069 3536 qui
1100 3470 1197 3523 sub
1230 3470 1343 3539 lege
1366 3479 1466 3535 est,
1497 3473 1647 3528 timet
1682 3474 1822 3545 Moy-

197 3572 318 3611 sen
362 3575 384 3613 :
420 3570 557 3610 cum
601 3568 741 3607 vero
786 3554 854 3607 ad
898 3553 1235 3623 Evangelium
1273 3572 1339 3611 ex
1377 3558 1491 3628 lege
1532 3561 1820 3627 transierit,

200 3652 456 3697 mutata
491 3640 853 3696 observantia
888 3650 1126 3695 mutatur
1151 3651 1204 3697 et
1226 3645 1402 3711 timor,
1429 3647 1569 3701 sicut
1598 3649 1825 3717 Aposto-

200 3733 305 3787 lus
340 3732 498 3786 dicit
521 3732 546 3762 ⁸
576 3747 593 3783 :
628 3748 650 3779 ι
678 3728 793 3797 Ego
838 3740 1015 3784 autem
1059 3744 1154 3797 per
1207 3731 1397 3800 legem,
1439 3734 1538 3802 legi
1587 3746 1825 3791 mortuus

198 3838 385 3888 sum,
450 3830 515 3875 ut
573 3820 691 3873 Deo
740 3818 936 3883 vivam,
990 3834 1110 3873 cum
1157 3820 1368 3877 Christo
1424 3823 1666 3879 conﬁxus
1707 3840 1823 3880 sum

198 3914 393 3968 cruci
434 3912 585 3981 (57).
626 3909 768 3963 Vivo
796 3916 973 3964 autem
996 3908 1105 3972 iam
1135 3924 1238 3964 non
1279 3924 1398 3980 ego,
1439 3910 1566 3967 vivit
1600 3926 1727 3968 vero
1771 3914 1823 3968 in

201 4016 313 4054 me
348 4001 655 4055 Christus.
687 4016 708 4049 ι

287 4092 358 4145 5.
406 4090 550 4144 Post
585 4089 706 4142 hac
741 4086 963 4155 iubetur
990 4086 1130 4141 ﬁlius
1160 4085 1305 4141 Nave
1331 4087 1509 4143 facere
1536 4090 1732 4147 cultros
1758 4107 1823 4148 ex

202 4191 428 4249 petra,
458 4189 519 4234 et
545 4177 753 4232 sedens
785 4176 1171 4231 circumcidere
1208 4176 1346 4231 ﬁlios
1380 4178 1540 4232 Israel
1570 4183 1823 4237 secundo.

204 4270 457 4327 Vellem
506 4284 612 4338 ego
648 4265 766 4335 (58)
811 4267 863 4320 in
918 4267 1021 4320 hoc
1069 4266 1182 4321 loco
1233 4272 1538 4336 percontari
1584 4271 1821 4339 Iudaeos,

205 4362 526 4430 quomodo
550 4366 735 4427 potest
752 4357 873 4424 quis
892 4357 1120 4410 secundo
1139 4356 1247 4426 (59)
1270 4359 1572 4413 circumcidi
1598 4362 1823 4417 circum-

1921 3211 2058 3260 esse,
2083 3206 2139 3252 et
2171 3198 2454 3266 opprobria
2487 3196 2744 3267 Egypti!
2774 3197 2876 3252 Sed
2905 3213 2968 3252 ex
3002 3214 3107 3267 quo
3132 3201 3278 3255 venit
3300 3202 3457 3257 Chri-

1921 3295 2055 3350 stus,
2093 3294 2147 3339 et
2172 3287 2316 3341 dedit
2363 3286 2511 3341 nobis
2556 3288 2837 3340 secundam
2880 3287 3336 3345 circumcisionem
3363 3305 3456 3358 per

1922 3375 2239 3444 baptismum
2284 3374 2720 3444 regenerationis,
2753 3382 2808 3428 et
2838 3376 3080 3443 purgavit
3121 3378 3327 3432 animas
3362 3395 3456 3433 no-

1923 3472 2083 3529 stras,
2114 3463 2407 3531 abiecimus
2451 3464 2563 3518 haec
2601 3465 2801 3525 omnia,
2833 3472 2886 3515 et
2918 3476 3015 3529 pro
3057 3464 3122 3518 iis
3168 3469 3457 3535 assumpsi-

1924 3569 2040 3609 mus
2082 3555 2416 3608 conscientiae
2454 3555 2605 3607 bonae
2643 3552 3067 3621 astipulationem
3111 3554 3163 3607 in
3212 3556 3452 3610 Domino.

1923 3643 2071 3697 'l‘unc
2115 3658 2209 3713 per
2256 3643 2540 3697 secundam
2595 3642 3056 3696 circumcisionem
3104 3643 3277 3698 ablata
3331 3658 3457 3701 sunt

1921 3734 2075 3788 nobis
2102 3733 2381 3801 opprobria
2414 3731 2649 3801 Egypti,
2681 3741 2735 3786 et
2768 3740 2989 3800 purgata
3030 3741 3154 3787 sunt
3180 3734 3307 3788 vitia
3333 3750 3458 3803 pec-

1922 3831 2180 3877 catorum.
2214 3822 2378 3876 Nemo
2402 3838 2528 3891 ergo
2555 3823 2596 3875 si
2626 3824 2828 3890 integre
2855 3838 3145 3879 conversus
3170 3832 3271 3889 est,
3302 3825 3347 3878 si
3389 3840 3455 3879 ex

1922 3911 2082 3963 corde
2109 3910 2375 3977 paenituit,
2405 3910 2447 3962 si
2492 3909 2711 3963 ﬁdeliter
2748 3908 2995 3965 Iordanis
3026 3909 3221 3965 ﬂuenta
3253 3912 3457 3981 digres-

1921 4014 2012 4053 sus
2036 4007 2138 4063 est,
2179 3999 2222 4051 si
2274 4000 2506 4052 secunda
2555 4013 2647 4067 per
2671 3999 3008 4068 Evangelium
3053 4003 3455 4058 circumcisione

1922 4099 2172 4157 purgatus
2192 4098 2295 4152 est,
2337 4090 2721 4159 praeteritorum
2770 4099 2968 4145 metuat
3003 4093 3289 4160 Opprobria
3325 4095 3455 4148 deli-

1919 4186 2149 4231 ctorum.
2188 4178 2352 4232 Audis
2376 4179 2498 4247 quia
2530 4179 2686 4233 hodie
2722 4179 2941 4235 abstulit
2967 4182 3077 4252 (65)
3105 4198 3132 4235 a
3172 4192 3223 4238 te
3257 4198 3454 4253 oppro-

1922 4266 2093 4319 brium
2121 4264 2361 4335 IEgypti.
2403 4266 2513 4319 Hoc
2542 4276 2594 4320 et
2620 4267 2670 4319 in
2700 4266 2997 4335 Evangeliis
3040 4271 3307 4340 signiﬁcat
3351 4272 3455 4326 Βο-

1923 4354 2097 4408 minus
2128 4368 2246 4408 cum
2298 4354 2426 4408 dicit
2452 4355 2537 4407 “z
2578 4372 2598 4405 ε
2637 4354 2875 4409 Remissa
2923 4367 3048 4411 sunt
3092 4359 3184 4413 tibi
3235 4370 3453 4429 peccata

205 4428 456 4506 cisione
493 4446 731 4502 carnali.
776 4444 953 4498 Semel
978 4445 1120 4498 enim
1148 4446 1493 4502 circumcisus
1519 4450 1640 4517 quis
1683 4450 1816 4505 ultra
1851 4428 1895 4482 D
1924 4451 2031 4506 illa.
2054 4443 2147 4497 sed
2182 4443 2290 4511 iam
2320 4444 2423 4497 "0“
2458 4458 2698 4511 P800378.
2722 4460 2790 4500 ne
2829 4448 2955 4515 quid
2992 4449 3223 4503 deterius
3254 4450 3345 4504 libi
3367 4465 3456 4504 ac-

210 4555 343 4593 non
413 4540 584 4592 habet
630 4536 781 4603 quod
819 4534 1058 4587 secundo
1097 4535 1266 4601 possit
1320 4536 1540 4591 auferri.
1592 4539 1631 4592 Α
1666 4541 1817 4593 nobis

207 4642 372 4682 vero
400 4628 601 4695 quibus
626 4625 833 4678 dicitur
850 4624 976 4688 quia
1007 4621 1090 4675 lex
1119 4622 1373 4689 spiritalis
1400 4634 1499 4688 est,
1525 4628 1641 4682 vide
1661 4644 1816 4695 quam

210 4714 410 4781 digne
438 4723 492 4765 et
521 4709 921 4766 convenienter
949 4708 1050 4759 ista
1088 4706 1377 4763 solvantur.
1424 4712 1656 4767 Dicimus
1677 4716 1815 4768 enim

1920 4534 2077 4586 cidat.
2104 4551 2123 4584 ι
2148 4532 2205 4586 Si
2232 4534 2370 4586 enim
2397 4544 2517 4600 post
2548 4536 2911 4591 remissionem
2950 4549 3287 4606 peccatorum
3318 4542 3452 4594 ultra

1922 4636 2026 4675 non
2056 4635 2263 4690 pecces,
2286 4636 2411 4675 vere
2435 4623 2665 4677 ablatum
2687 4633 2768 4679 est
2798 4641 2828 4679 a
2856 4636 2907 4681 te
2932 4630 3271 4696 opprobrium
3295 4628 3456 4697 Egy-

1923 4712 2017 4781 pti.
2043 4713 2098 4766 Si
2123 4726 2250 4765 vero
2283 4712 2473 4765 iterum
2516 4716 2839 4781 peccaveris,
2865 4716 3056 4771 iterum
3098 4718 3149 4771 in
3186 4728 3238 4773 te
3274 4728 3452 4773 vetera

298 4846 329 4877 ι
349 4845 549 4917 “Frui.
579 4858 672 4907 xv,
704 4843 793 4917 l_9.
854 4842 893 4917 _‘_
914 4839 1029 4917 Ips.
1055 4856 1129 4903 Iv,
1158 4841 1241 4907 Η,
1269 4844 1335 4917 η’
1364 4842 1572 4917 Ios._tv,
1595 4847 1679 4901 14.
1756 4848 1776 4879 ⁸
1801 4849 1821 4904 (

1929 4865 1980 4915 ιι,
2017 4847 2100 4911 l9,
2132 4846 2219 4901 20.
2289 4845 2443 4900 ’Ios.
2481 4863 2531 4911 v,
2574 4846 2626 4901 9.
2701 4848 2722 4879 ⁸
2748 4847 2766 4901 l
2794 4847 2915 4903 Cor.
2953 4864 3005 4917 ι,
3035 4850 3088 4902 4.
3160 4848 3338 4904 'Phil.
3367 4863 3449 4904 ut.

216 4914 282 4967 6.
378 4914 436 4943 ⁸⁸
465 4915 563 4967 Tit.
596 4928 688 4973 Ill,
720 4912 776 4964 5.
852 4910 895 4940 ¹⁸
940 4909 1074 4961 Luc.
1112 4924 1205 4974 vn,
1257 4910 1344 4974 I9,
1377 4921 1431 4965 et
1470 4913 1622 4969 Ioan.
1657 4931 1707 4979 v,
1740 4917 1825 4984 Η,

303 5026 441 5095 (55)
470 5026 596 5081 lua.
636 5024 803 5080 Deest
834 5023 889 5076 in
925 5022 1058 5077 libb.
1093 5032 1246 5079 antea
1275 5028 1449 5093 editis,
1471 5033 1563 5085 sed
1590 5033 1820 5088 restitui-

224 5105 326 5146 tur
362 5108 400 5143 e
441 5109 555 5147 luas.

301 5159 437 5227 (56)
467 5157 612 5230 Ejus.
650 5162 819 5215 Deest
851 5159 1028 5211 etiam
1062 5159 1113 5210 in
1145 5158 1266 5230 libb.
1291 5162 1467 5225 editis.
1491 5169 1580 5220 sed
1601 5166 1823 5221 habetur

223 5230 282 5281 in
310 5224 320 5227 ’
344 5240 476 5278 mss.
499 5224 690 5285 'Paulo
729 5234 862 5293 post
917 5238 1078 5286 mss..
1102 5224 1416 5283 «Iordanem
1458 5224 1761 5289 transirem.
1797 5256 1815 5287 ι

213 5294 555 5366 LihﬂbLedm,
592 5318 613 5349 α
640 5295 971 5366 Iordanem
1014 5293 1315 5350 transierim.
1359 5315 1379 5348 ι

279 5358 592 5435 (δημεεζ,
629 5384 651 5416 ‹
696 5361 980 5416 conﬁxus
1038 5374 1149 5411 sum
1191 5368 1344 5420 cruci.
1395 5384 1415 5415 ι
1458 5364 1608 5422 Libb.
1664 5371 1816 5435 editi,

207 5446 234 5479 σ
274 5428 751 5490 εννςίθκηεέυω.
814 5443 835 5474 ι

263 5488 626 5575 (5ἕ2ἶὲιιὲιιι
668 5488 1108 5575 ’σοιεεὲςεέἰιὶ
1130 5493 1350 5575 W601-
1370 5502 1533 5575 codd.
1586 5506 1817 5575 Sanger-

181 5568 463 5629 υ⁸έί¹ἔθ¹¹⁶ῖε
489 5581 549 5626 et
574 5568 1029 5629 Gemeticensis
1050 5571 1156 5629 cum
1176 5578 1269 5619 uno
1291 5570 1637 5627 Ebroicensi.
1657 5568 1815 5629 L‘i’hb.

172 5623 311 5677 editi
334 5636 352 5670 -'
382 5641 401 5671 σ
439 5623 634 5696 velim
682 5642 841 5690 ergo
896 5626 957 5675 ίιι
1009 5624 1103 5677 hoc
1136 5625 1239 5684 ¹οεο
1289 5623 1817 5704 dércoiiii‘ii"§’i'.il

1921 5034 2068 5088 datis.
2113 5053 2130 5084 ι

1991 5102 2100 5171 (59)
2127 5103 2302 5156 Codex
2344 5099 2742 5162 Gemcticensis.
2780 5120 2799 5152 ί
2832 5099 3135 5155 circumcidi
3182 5098 3273 5164 qui
3314 5098 3449 5151 ultra

1923 5170 2027 5223 non
2066 5170 2244 5233 habet,
2278 5187 2297 5220 ι
2328 5178 2432 5221 etc.

1991 5237 2098 5310 (60)
2131 5228 2467 5310 opprobrium
2496 5235 2710 5310 zE‘ggpti
2747 5236 3135 5310 in_sentelipsis:
3180 5228 3304 5282 Hmc
3334 5243 3447 5310 “de-

1920 5301 2043 5358 sunt
2071 5301 2119 5359 in
2152 5301 2300 5359 libris
2329 5314 2481 5357 antea
2512 5301 2687 5369 editis,
2732 5306 2823 5360 sed
2864 5309 3076 5357 exstant
3118 5301 3169 5348 iu
3201 5301 3454 5353 omnibus

1920 5389 2045 5428 mss.

1988 5441 2095 5508 (6')
2130 5439 2276 5498 Mss..
2314 5458 2332 5489 t
2366 5450 2560 5493 tamen.
2592 5458 2609 5490 ι
2820 5435 2965 5508 editi,
2997 5450 3013 5481 ‹
3048 5435 3251 5508 autem.
3288 5445 3307 5477 ι

1988 5493 2095 5575 (δί)
2124 5493 2428 5561 Serviemes.
2466 5508 2619 5560 Deest
2654 5506 2703 5558 in
2745 5504 2891 5557 libris
2932 5508 3087 5552 antea
3129 5493 3309 5555 editis,
3360 5498 3460 5548 sed

1920 5577 2144 5644 habetur
2166 5577 2217 5627 in
2245 5576 2487 5644 omnibus
2513 5588 2640 5626 mss.
2795 5636 2847 5644 __
2932 5632 2947 5644 ,
3082 5629 3093 5639 ,
3156 5640 3170 5644 η
3195 5623 3389 5644 -.λη-,η

1988 5623 2639 5707 ("Silviicmvct-icensi‘scum
2668 5653 2770 5694 uno
2795 5629 3120 5691 Ebroicensi,
3153 5640 3171 5673 ι
3193 5623 3419 5678 abstuli.
3448 5645 3469 5676 ι
