3822 6244
462 387 556 443 851

1902 378 2214 438 ORIGENIS
3583 364 3654 419 8o“!

464 498 805 552 revolvuntur
837 498 946 568 (64)
974 497 1258 566 opprobria
1295 501 1361 562 ",
1399 514 1465 553 eo
1491 500 1658 570 magis
1705 513 1808 567 quo
1836 497 1998 550 multo
2025 501 2072 554 Α
2099 507 2205 562 que
2237 499 2408 546 mater
2431 500 2518 546 est
2554 490 2870 559 Egyptus,
2902 499 2976 539 ex
3027 495 3141 550 qua
3201 485 3410 570 certum
3434 483 3504 570 est
3520 475 3659 570 huius.

463 586 681 654 majoris
731 587 968 640 criminis
998 594 1079 638 est
1133 584 1322 638 Filium
1385 586 1475 640 Dei
1536 586 1889 647 eonculcare,
1946 591 2001 637 et

463 679 771 746 sanguinem
805 676 1106 729 testamenti
1147 676 1401 742 pollutum
1428 676 1538 745 (65)
1565 677 1794 738 ducere,
1837 689 1996 742 quam

463 766 628 834 legem
677 765 868 834 Moysis
897 765 1184 832 negligere.
1235 765 1395 819 Multo
1451 766 1589 818 enim
1642 765 1858 833 majoris
1908 778 2000 828 np-

461 854 660 924 probrii
704 862 806 916 est,
852 853 942 921 qui
992 862 1108 919 post
1150 854 1522 922 Evangelium,
1567 868 1724 922 quam
1766 853 1850 907 ille
1907 855 1996 920 qui

461 944 560 997 sub
625 943 740 1010 lege
799 943 1003 1011 positus
1077 942 1404 1008 fornicatur,
1469 945 1589 1012 quia
1647 943 1748 998 iste
1810 945 1998 998 tollens

459 1031 621 1102 409
647 1032 882 1086 membra
911 1031 1128 1096 Christi,
1159 1032 1283 1084 facit
1315 1047 1376 1086 ea
1402 1031 1638 1085 membra
1671 1033 1990 1087 meretricis.

462 1119 621 1176 Vides
645 1137 772 1190 ergo
797 1138 956 1190 quam
990 1123 1234 1188 graviora
1271 1133 1325 1176 et
1355 1125 1704 1178 cumulatiora
1739 1125 1789 1178 in
1826 1133 1877 1176 te
1901 1140 1998 1190 0p-

459 1211 694 1280 probria,
753 1213 796 1265 si
845 1211 1162 1280 neglexeris,
1207 1213 1570 1266 revolvantur.
1613 1214 1845 1282 Denique
1882 1215 1993 1281 jam

460 1315 617 1354 nemo
651 1310 701 1353 te
741 1315 886 1353 reum
931 1301 1099 1367 stupri
1129 1301 1322 1369 arguit,
1357 1301 1450 1354 sed
1475 1302 1742 1371 sacrilegii
1793 1302 1994 1355 scelere

459 1390 799 1449 condemnat.
828 1390 948 1455 quia
987 1390 1183 1444 dicitur
1215 1392 1278 1443 ad
1307 1391 1417 1444 te“
1439 1411 1453 1446 :
1479 1409 1497 1441 ‹
1533 1392 1610 1443 Αη
1634 1392 1849 1446 nescitis
1871 1392 1993 1460 quia

458 1493 682 1545 corpora
719 1488 890 1532 vestra
941 1479 1194 1546 templum
1225 1479 1314 1532 Dei
1354 1480 1515 1532 sunt?
1563 1481 1616 1533 Si
1652 1481 1771 1546 quis
1817 1490 1992 1532 autem

461 1568 714 1634 templum
763 1567 856 1620 Dei
900 1567 1198 1631 violaverit,
1254 1568 1521 1636 disperdct
1581 1569 1725 1622 illum
1758 1569 1915 1622 Deus.
1963 1587 1980 1618 ι

459 1654 584 1710 llaec
613 1656 825 1709 etiamsi
861 1657 1005 1723 prius
1055 1657 1359 1724 ignorabas,
1400 1671 1542 1712 nunc
1593 1668 1767 1713 tamen
1799 1675 1862 1713 ex
1890 1675 1994 1722 quo

461 1750 514 1793 lu
542 1743 762 1796 auribus
792 1745 899 1797 tuis
929 1745 1027 1798 ista
1055 1749 1218 1798 verba
1269 1746 1538 1810 dicuntur,
1571 1757 1624 1800 et
1653 1749 1703 1800 in
1729 1763 1823 1801 cor
1847 1756 1992 1801 tuum

461 1831 829 1897 hujuscemodi
857 1833 1096 1887 doctrina
1124 1833 1530 1898 transfunditur,
1553 1837 1687 1890 scito
1708 1843 1761 1890 te
1790 1837 1872 1890 his
1899 1853 1996 1889 au-

460 1922 586 1976 ditis
639 1922 886 1991 templum
931 1925 1020 1978 Dei
1071 1935 1124 1979 et
1173 1928 1465 1980 membrum
1505 1929 1704 1982 Christi
1733 1943 1852 1983 esse
1884 1930 1996 1996 jam

463 2008 680 2064 factum.
736 2009 868 2064 Vide
913 2022 1168 2078 quantum
1221 2014 1514 2082 profeceris
1557 2029 1623 2068 ex
1680 2016 2000 2070 homunculo

467 2109 682 2152 terreno
709 2099 840 2170 (66).
887 2102 941 2154 ln
985 2103 1236 2170 templum
1290 2104 1378 2158 Dei
1415 2120 1724 2172 progressus
1773 2121 1830 2160 es
1883 2109 2000 2162 sine

463 2187 643 2248 dubio,
674 2189 722 2239 iu
759 2203 864 2256 quo
914 2191 1154 2247 habitare
1195 2193 1348 2248 debet
1383 2194 1519 2248 Deus
1549 2210 1563 2247 :
1593 2205 1644 2248 et
1678 2196 1766 2262 qui
1799 2211 1923 2250 caro
1947 2207 2001 2249 et

461 2279 677 2345 sanguis
724 2294 862 2342 eras,
890 2279 1163 2345 profecisti
1197 2291 1253 2334 ut
1305 2285 1599 2337 membrum
1649 2285 1847 2340 Christi
1899 2288 1994 2340 sis.

461 2367 565 2423 Sed
597 2371 732 2424 sicut
757 2389 979 2442 magnus
1026 2382 1109 2428 est
1136 2375 1236 2428 iste
1269 2375 1561 2442 profectus,
1597 2378 1668 2429 ita
1698 2387 1752 2431 et
1792 2379 1994 2432 disces-

460 2473 551 2511 sus
607 2461 884 2524 terribilis,
919 2471 1077 2529 atque
1119 2463 1527 2518 irremediabilis
1568 2481 1702 2533 pene
1751 2467 1860 2535 (67)
1915 2469 1990 2523 la-

461 2563 606 2617 psus.
626 2549 742 2603 Jam
764 2551 858 2605 tibi
889 2551 1030 2606 enim
1064 2567 1168 2604 non
1192 2550 1318 2606 licet
1342 2554 1536 2621 templo
1561 2553 1658 2609 Dei
1687 2556 1783 2619 uti,
1812 2556 1912 2610 nisi
1933 2559 1984 2611 in

463 2641 770 2704 sanctitate,
798 2657 896 2697 nec
923 2643 1157 2696 membra
1180 2640 1377 2697 Christi
1427 2650 1491 2698 ad
1541 2646 1818 2714 indignum
1849 2662 1994 2701 revo-

461 2744 586 2783 care
630 2733 922 2799 negotium.
965 2733 1030 2786 Et
1056 2733 1171 2789 ideo
1209 2735 1253 2788 si
1280 2734 1493 2802 quando
1526 2743 1576 2787 te
1615 2736 1766 2788 malae
1794 2751 1998 2791 concu-

461 2817 734 2884 piscentiaa
758 2819 931 2886 pulsat
953 2821 1219 2884 illecebra,
1254 2837 1459 2878 memor
1498 2824 1688 2876 horum
1716 2839 1833 2891 qua:
1857 2841 1997 2880 nunc

461 2909 633 2971 audis,
674 2910 810 2964 bosti
835 2911 907 2964 illi
928 2925 1168 2974 occurre,
1193 2914 1284 2982 qui
1321 2914 1385 2966 de
1419 2918 1626 2980 telpso,
1665 2915 1765 2970 hoc
1816 2927 1898 2971 est
1933 2918 1997 2972 de

467 3007 557 3052 tuo
585 3001 750 3054 corde
790 3003 1051 3068 procedit,
1080 3011 1135 3056 et
1164 3003 1352 3057 resiste
1395 3004 1443 3056 ei
1491 3002 1545 3055 in
1579 3003 1771 3058 talibus
1797 3005 1994 3064 verbis.

2101 583 2244 635 modi
2293 581 2594 650 Opprobria
2657 576 2948 647 pullulare
2991 586 3009 625 :
3053 585 3184 640 quae
3244 569 3294 623 si
3359 569 3548 621 transito
3581 567 3657 633 iam

2100 671 2334 725 Iordane
2375 669 2723 738 susceperis,
2760 677 2820 720 et
2854 666 2929 718 iis
2964 673 3022 716 te
3075 675 3284 714 rursus
3334 658 3518 726 laqueis
3537 658 3662 725 illiga-

2100 764 2262 824 veris,
2313 771 2489 815 tecum
2523 760 2648 810 sine
2694 754 2871 808 dubio
2909 749 3229 819 cpprobria
3259 746 3476 816 [Egypti
3518 749 3658 799 trahis.

2101 851 2206 905 Sed
2234 851 2277 904 si
2307 849 2531 917 quando
2565 857 2620 900 te
2653 843 2788 897 talis
2829 840 3151 895 curiositas
3200 835 3504 904 interpellat
3544 844 3587 885 et
3621 837 3667 884 de

2099 943 2263 995 corde
2296 949 2395 992 tuo
2447 934 2777 1006 hujusmodi
2824 933 3023 986 hostis
3065 927 3360 994 erumpit,
3395 926 3474 980 dic
3490 926 3549 991 ei,
3576 927 3665 992 quia

2097 1031 2282 1083 Jesum
2313 1031 2506 1082 ducem
2563 1041 2800 1095 sequor,
2852 1025 2914 1078 in
2949 1023 3124 1090 cuius
3155 1026 3433 1091 potestate
3457 1027 3564 1071 sunt
3585 1035 3669 1086 qua

2101 1121 2281 1172 futura
2329 1127 2479 1172 sunt.
2527 1117 2672 1183 Quid
2733 1115 2877 1170 mihi
2937 1114 3098 1168 scire
3158 1126 3290 1180 quae
3337 1110 3502 1164 futura
3542 1110 3670 1162 sunt?

2099 1212 2447 1277 Qumcuuque
2499 1207 2591 1262 ille
2639 1205 2784 1270 vult,
2826 1207 2959 1259 haec
3013 1203 3215 1258 futura
3249 1209 3400 1255 sunt.
3453 1200 3561 1255 Ideo
3582 1215 3672 1268 ergo

2100 1311 2159 1354 ut
2198 1301 2252 1353 in
2309 1300 2470 1353 nobis
2495 1313 2628 1351 vere
2678 1296 2936 1349 secunda
2976 1292 3356 1346 circumcisio
3379 1291 3671 1359 compleatur,

2099 1406 2195 1459 per
2217 1405 2380 1457 quam
2403 1397 2592 1441 vetera
2629 1385 2866 1454 Egypti
2923 1381 3252 1451 opprobria
3288 1381 3605 1448 deponamus,
3629 1381 3675 1432 ab

2100 1480 2185 1533 his
2233 1477 2491 1530 omnibus
2528 1473 2812 1544 segregati
2872 1486 3131 1538 prorsus
3185 1484 3320 1524 esse
3349 1470 3596 1532 debemus,
3636 1479 3675 1521 ut

2099 1567 2374 1635 purificati
2410 1578 2648 1632 corpore
2691 1572 2750 1616 et
2790 1563 2978 1616 corde
3028 1575 3213 1628 puras
3248 1559 3413 1613 etiam
3441 1573 3602 1612 manus
3623 1558 3675 1611 le-

2097 1671 2290 1710 vemus
2321 1656 2391 1709 ad
2441 1656 2638 1718 Deum,
2675 1666 2824 1720 puro
2861 1665 3110 1718 quoque
3139 1663 3266 1712 ore,
3295 1658 3348 1702 et
3384 1650 3595 1718 purgatis
3622 1649 3676 1699 Ia-

2102 1745 2226 1807 biis,
2256 1759 2320 1797 ac
2371 1753 2558 1797 mente
2602 1744 2858 1806 sincera,
2895 1753 3084 1808 prece
3137 1748 3198 1792 et
3226 1739 3434 1793 actibus
3469 1737 3679 1807 gloriﬁce-

2103 1850 2222 1886 mus
2252 1834 2420 1886 Deum
2463 1833 2516 1884 in
2542 1831 2775 1885 Christo
2806 1830 2950 1883 Jesu
2987 1829 3248 1886 Domino
3285 1841 3462 1885 nostro
3481 1829 3593 1897 (69),
3615 1842 3682 1879 cu-

2095 1925 2186 1991 jus
2213 1932 2295 1976 est
2321 1930 2565 1990 potestas
2617 1931 2676 1975 et
2702 1921 3028 1987 imperium
3077 1925 3138 1978 in
3163 1922 3368 1978 saecula
3398 1919 3677 1974 saeculorum.

2099 2015 2287 2068 Amen.

2685 2105 3012 2162 HOMILIA
3061 2107 3157 2162 VI.

2101 2233 2176 2286 De
2225 2235 2434 2290 Pascha
2478 2239 2625 2304 quod
2659 2238 2923 2305 fecerunt
2961 2241 3078 2304 ﬁlii
3129 2239 3318 2293 Israel
3344 2255 3395 2290 m
3418 2235 3626 2305 Galgala,
3651 2241 3684 2282 ει

2165 2307 2424 2372 quomodo
2446 2304 2666 2373 fructus
2682 2318 2854 2360 terra:
2887 2320 3168 2372 ceperunt
3220 2325 3250 2360 e
3287 2308 3487 2374 regione
3529 2304 3680 2374 palum.

2172 2371 2306 2425 rum.
2351 2374 2424 2425 De
2446 2371 2701 2440 'prr’ucipe
2749 2371 3045 2428 virtutum
3101 2371 3551 2430 militia—Domini
3584 2371 3683 2440 (70).

2168 2442 2255 2492 ubi
2281 2439 2479 2493 dicitur
2507 2443 2580 2493 ad
2595 2439 2791 2495 Iesum
2821 2445 2872 2474 ¹⁸
2901 2461 2922 2497 :
2963 2463 2986 2495 ι
3035 2444 3208 2498 Solve
3245 2447 3619 2497 calceamentum
3640 2439 3684 2486 dt

2165 2510 2381 2629 pefibus
2405 2511 2533 2563 tuis.
2566 2510 2745 2564 Locus
2776 2517 2937 2565 enim
2963 2515 3027 2566 in
3056 2529 3174 2582 quo
3217 2525 3352 2578 stas,
3377 2521 3510 2564 terra
3543 2517 3684 2562 sancta

2168 2593 2220 2629 es
2250 2617 2264 2629 .
2321 2595 2339 2627 ι

2168 2593 2264 2630 εει.
2321 2595 2339 2627 ι

2168 2727 2220 2782 l.
2249 2725 2349 2792 Qui
2381 2742 2487 2782 non
2519 2729 2860 2784 obedientes
2899 2731 3154 2785 fuerunt
3206 2730 3475 2784 mandatis
3499 2722 3686 2785 Domini.

2098 2816 2464 2870 incircumcisi
2515 2819 2809 2873 dicuntur.
2852 2823 2942 2874 Ex
2979 2838 3104 2891 quo
3152 2822 3472 2890 intelligitur
3499 2817 3596 2869 illos
3619 2829 3690 2878 ap-

2098 2909 2283 2975 pellari
2333 2909 2780 2971 incircumcisos,
2837 2912 2946 2978 qui
3007 2927 3131 2965 non
3171 2913 3440 2965 obediunt
3471 2901 3691 2960 mandati:

2102 2998 2309 3050 Domini
2336 2997 2474 3066 (7|).
2530 2998 2641 3051 Sed
2690 3008 2888 3054 tamen
2949 3010 3016 3054 et
3051 3000 3427 3056 circumcisos
3470 3005 3519 3049 et
3562 2991 3692 3044 incir-

460 3093 516 3138 et
539 3086 646 3151 dic,
673 3090 799 3156 quia
835 3105 939 3144 nou
963 3105 1081 3144 sum
1108 3105 1258 3143 meus
1286 3108 1299 3142 :
1326 3099 1534 3158 emptus
1561 3093 1702 3144 enim
1725 3107 1839 3145 sum
1869 3107 1991 3160 pre-
2023 3100 2068 3161 ο
2102 3085 2390 3150 CumCiSOS.
2445 3085 2577 3151 quia
2609 3100 2842 3139 omnem
2899 3089 3180 3141 animam
3214 3087 3390 3156 όίιῑείι
3427 3083 3572 3144 θευεν
3610 3091 3690 3130 ¹¹⁰¹¹

465 3175 538 3229 tio
581 3178 857 3246 sanguinis
899 3178 1097 3232 Christi
1141 3187 1194 3232 et
1239 3180 1535 3232 membrum
1586 3181 1752 3248 ipsius
1778 3180 1997 3234 effectus

466 3280 606 3317 sum.
633 3265 744 3318 Non
796 3267 920 3322 licet
967 3269 1093 3321 mihi
1131 3268 1314 3322 tollere
1349 3269 1642 3322 membrum
1668 3268 1889 3333 Christi,
1942 3284 2000 3323 et

466 3347 644 3404 facere
693 3355 985 3409 membrum
1013 3357 1330 3411 meretricis.
1367 3356 1461 3411 Dic
1491 3359 1562 3424 ei,
1592 3358 1715 3426 quia
1743 3359 1996 3427 templum

467 3437 561 3491 Dei
595 3439 816 3496 effectus
843 3458 981 3508 sum,
1009 3459 1112 3498 non
1136 3444 1262 3496 mihi
1288 3444 1409 3498 licet
1440 3444 1770 3499 immundum
1799 3446 1998 3514 aliquid

467 3527 594 3582 illuc
643 3530 913 3595 inducere,
943 3547 1039 3586 nec
1093 3532 1178 3585 fas
1222 3541 1304 3586 est
1339 3533 1467 3586 mihi
1507 3533 1711 3588 violare
1745 3536 1998 3603 templum

465 3615 562 3672 Dei
593 3635 606 3670 :
639 3622 732 3674 sed
762 3630 816 3674 et
860 3622 987 3675 illud
1019 3623 1172 3687 adde,
1201 3624 1454 3691 quoniam
1492 3643 1510 3675 ι
1546 3624 1638 3692 qui
1681 3623 1997 3690 fornicatur,

467 3703 522 3756 in
569 3719 764 3772 corpus
794 3722 950 3760 suum
990 3719 1172 3776 peccat
1201 3710 1244 3742 “
1274 3728 1287 3764 :
1333 3729 1352 3762 ι
1385 3726 1488 3765 non
1537 3713 1592 3765 in
1631 3712 1771 3766 istud
1805 3727 2002 3780 corpus

470 3792 664 3856 solum,
709 3795 846 3860 quod
889 3797 1141 3864 templum
1174 3799 1265 3852 Dei
1299 3799 1544 3853 ell‘ectum
1577 3808 1679 3864 est,
1709 3803 1800 3854 sed
1845 3809 1900 3854 et
1947 3801 1999 3852 in

466 3881 596 3934 illud
637 3887 777 3950 quod
825 3885 1040 3949 dicitur,
1105 3889 1229 3955 quia
1296 3891 1473 3944 omnis
1525 3890 1761 3944 Ecclesia
1808 3904 2002 3958 corpus

467 3974 666 4028 Christi
691 3987 772 4030 est
796 3977 838 4013 ¹³²
871 3997 883 4030 :
915 3988 969 4032 et
993 3981 1045 4032 in
1077 3995 1286 4035 omnem
1330 3982 1622 4037 Ecclesiam
1653 3984 1865 4038 videtur
1909 3962 2004 4038 de-

469 4062 740 4129 linquere,
771 4071 862 4134 qui
911 4085 1104 4138 corpus
1131 4088 1284 4126 suum
1330 4074 1701 4140 maculaverit,
1735 4077 1862 4144 quia
1909 4094 2004 4146 per

472 4168 635 4208 unum
691 4159 985 4212 membrum
1017 4163 1224 4217 macula
1250 4164 1302 4216 in
1334 4179 1491 4218 omne
1519 4179 1712 4232 corpus
1755 4164 2006 4219 diil‘undi-

475 4251 581 4295 tur.
610 4244 704 4297 Est
745 4255 798 4300 et
828 4248 955 4301 illud
985 4252 1326 4318 opprobrium
1356 4252 1594 4322 Egypti,
1627 4254 1792 4321 quod,
1818 4255 1861 4309 si
1910 4270 2005 4308 ne-

475 4327 730 4394 glexeris,
776 4334 936 4386 etiam
982 4345 1101 4404 post
1140 4337 1390 4394 Iordanis
1434 4342 1742 4408 transitum,
1783 4351 1836 4395 et
1881 4353 2005 4410 post

472 4415 723 4485 baptismi
765 4425 1049 4477 secundam
1097 4427 1583 4494 eircumcisionem,
1616 4440 1840 4486 vetustae
1869 4447 2003 4487 con-

477 4508 773 4563 suetudinis
806 4510 1070 4567 inustione
1095 4519 1398 4587 suggeritur
1425 4519 1557 4590 (68),
1587 4521 1874 4577 observare
1917 4539 2011 4578 au-

477 4598 648 4663 guria,
674 4600 945 4666 requirere
965 4604 1236 4660 stellarum
1265 4624 1471 4672 cursus,
1499 4620 1552 4663 et
1589 4621 1814 4666 eventus
1849 4627 1915 4665 ex
1945 4612 2012 4665 iis

479 4685 776 4742 futurorum
807 4688 1015 4752 rimari,
1055 4705 1271 4748 servare
1315 4699 1519 4750 somnia
1551 4699 1869 4766 caeterisque
1909 4699 2011 4751 bu-

473 4777 708 4853 jusmodi
728 4779 1194 4845 superstitionibus
1221 4784 1502 4851 implicari.
1523 4786 1842 4843 ldololatriae
1858 4807 2010 4843 nam-

548 4912 601 4986 ss“
621 4911 778 4986 “Eun
808 4929 860 4976 χ,
880 4913 969 4973 29,
1091 4919 1170 4970 ³³1
1210 4921 1331 4974 Cor.
1362 4937 1434 4986 vt,
1461 4921 1547 4986 I9,
1573 4938 1652 4985 Ill,
1689 4925 1769 4979 I7.

483 4997 534 5041 ν,
571 4978 625 5044 8,
665 4979 714 5032 9.

546 5116 656 5184 (64)
687 5117 841 5171 Iidem
875 5134 1027 5175 mss..
1056 5138 1075 5171 ε
1112 5124 1466 5176 revolventur.
1502 5141 1519 5171 ι

572 5187 661 5256 65)
692 5185 850 5240 Iidem
887 5203 1038 5247 mss..
1070 5209 1087 5239 ι
1119 5191 1370 5256 polluere.
1408 5209 1424 5239 ι

574 5258 661 5311 66)
694 5256 851 5307 Iidem
887 5272 1013 5310 mss.
1046 5277 1063 5306 ι
1095 5269 1270 5313 terrae.
1305 5278 1320 5309 ι

555 5321 665 5392 (67)
703 5321 859 5392 Ρεηε.
896 5325 1050 5379 Deest
1085 5329 1134 5378 iu
1179 5325 1436 5379 Geruetic.
1461 5334 1516 5377 et
1548 5339 1652 5376 uno
1683 5323 2014 5382 Ebroiceusi.

555 5391 670 5454 .t68)
704 5391 865 5460 Iidem
908 5410 1029 5446 mss.
1071 5414 1088 5444 ι
1129 5395 1322 5446 iuustio
1352 5404 1400 5444 Ie
1421 5393 1675 5460 suggerit.
1714 5410 1732 5441 ι

559 5460 664 5520 (69)
710 5459 819 5511 Duo
849 5460 1230 5516 Ehroireuses:
1266 5481 1282 5511 ι
1329 5459 1606 5514 Dominum
1643 5470 1878 5512 nostrum
1923 5462 2011 5515 ιθ-

489 5538 602 5576 sum
626 5525 908 5577 Christum.
954 5549 970 5578 ι
1009 5530 1264 5584 Gemetic.
1304 5548 1320 5578 ε
1365 5531 1524 5582 Deum
1560 5536 1792 5580 nostrum
1821 5526 2004 5584 Jesum

490 5590 773 5666 Christum.
827 5612 844 5642 ι
890 5593 1002 5666 Mox
1046 5601 1204 5650 codex
1261 5602 1540 5666 Saugerm.
1574 5615 1591 5645 ς
1645 5594 1933 5666 cujuscst.
1981 5619 1999 5650 ι

493 5653 638 5711 Lihh.
689 5669 839 5710 antea
875 5664 1000 5714 editi
1035 5683 1045 5715 :
1084 5683 1101 5714 ι
1150 5668 1232 5718 cui
1280 5653 1440 5720 est”)
1481 5665 1627 5718 Unus
1669 5653 2005 5724 Ebroicensis

1883 4926 1926 4957 “
1956 4925 1970 4976 l
2001 4924 2124 4980 Cor.
2158 4943 2234 4991 γι,
2276 4932 2358 4985 l8.

2102 3174 2316 3241 penitus
2351 3174 2738 3241 derelinquit."
2770 3175 2943 3230 Misit
2981 3182 3149 3232 enim
3182 3177 3396 3240 Iesum,
3437 3173 3518 3243 qui
3545 3183 3694 3223 omnes

2101 3263 2258 3316 simul
2311 3263 2504 3332 dignos
2561 3264 3026 3321 circumcideret
3083 3278 3147 3322 et
3206 3269 3467 3332 indignos,
3515 3270 3562 3315 et
3607 3270 3691 3310 non

2103 3354 2268 3406 filium
2295 3353 2442 3407 Nave
2472 3353 2688 3417 .Iesum,
2731 3371 2851 3409 non
2894 3359 3064 3412 enim
3099 3375 3239 3414 vera
3278 3369 3333 3413 et
3368 3354 3576 3424 perfecta
3605 3349 3696 3401 cir~

2102 3443 2436 3496 cumcisione
2484 3445 2577 3497 ille
2627 3446 2914 3513 populum
2973 3449 3376 3509 circumcidit,
3423 3442 3504 3498 sed
3541 3437 3691 3492 Iesum

2102 3533 2378 3586 Christum
2421 3535 2712 3588 Dominum
2759 3549 2822 3591 et
2897 3539 3283 3598 Salvatorem
3333 3551 3555 3596 nostrum
3588 3531 3692 3600 (7‘3)-

2106 3621 2204 3675 Ilic
2228 3622 2371 3675 enim
2412 3633 2521 3687 est,
2575 3624 2676 3691 qui
2712 3639 2859 3681 vere
2898 3644 2932 3681 a
2967 3633 3145 3686 nobis
3180 3632 3526 3701 pollutionem
3551 3623 3693 3675 abstu-

2105 3712 2163 3764 lit
2193 3714 2375 3766 carnis
2407 3724 2463 3766 et
2496 3715 2735 3769 abscidit
2775 3716 2934 3788 (73),
2984 3732 3051 3777 et
3113 3740 3147 3777 τι
3177 3726 3350 3780 corde
3382 3731 3532 3789 atque
3555 3714 3692 3768 auium

2106 3811 2285 3855 nostra
2321 3810 2674 3868 peccatorum
2737 3806 3210 3887 inquinamenta
3263 3810 3527 3882 purgavit.
3571 3802 3692 3858 Deni-

2104 3906 2209 3958 que
2239 3891 2362 3944 audi
2395 3892 2526 3958 quid
2557 3892 2695 3946 dicit
2727 3894 3058 3967 Scriptura
3098 3904 3175 3956 de
3230 3905 3305 3958 iis
3337 3903 3429 3971 qui
3465 3913 3550 3968 per
3587 3895 3698 3948 NN

2103 3983 2270 4036 filium
2302 3982 2834 4051 prtellgurabantur.
2900 4009 2922 4043 ε
2965 3993 3321 4050 Circumcisi
3361 4001 3554 4052 autem,
3586 4006 3600 4038 ι
3633 3986 3696 4038 in-

2105 4073 2224 4140 quit
2257 4073 2321 4135 ",
2360 4089 2380 4123 ‹
2432 4073 2527 4126 filii
2577 4074 2757 4131 Israel
2802 4085 3249 4151 requieverunt
3293 4091 3350 4142 in
3384 4088 3558 4142 eodem
3590 4082 3700 4136 low.

2105 4163 2354 4217 sedentes
2385 4162 2440 4216 in
2472 4166 2678 4219 castris
2721 4183 2917 4238 usque
2957 4176 3100 4230 dum
3147 4187 3504 4238 sanarentur,
3537 4181 3582 4226 et
3607 4179 3702 4220 tunc

2107 4256 2240 4309 dixit
2261 4256 2522 4310 Dominus
2553 4257 2622 4310 ad
2653 4257 2858 4315 Jesum
2904 4285 2917 4318 :
2955 4265 3270 4326 Hodierno
3304 4271 3395 4325 die
3416 4265 3597 4323 abstuli
3624 4277 3704 4324 οβ’

2107 4346 2389 4412 probrium
2425 4344 2648 4415 ,Ἐπιιιί
2676 4363 2710 4400 a
2738 4352 2936 4409 vobis.
2986 4374 3008 4408 ι
3055 4358 3185 4414 Non
3239 4360 3392 4413 enim
3433 4355 3706 4412 suﬂicitno-

2111 4434 2194 4488 bis
2224 4434 2568 4498 circumcidi,
2606 4439 2708 4491 sed
2741 4449 2801 4493 et
2848 4456 2987 4510 post
3027 4448 3519 4504 circumcisianem
3541 4440 3708 4499 satiari,

2112 4523 2162 4576 id
2187 4533 2270 4576 est
2302 4538 2592 4590 usquequo
2622 4529 2802 4584 etiam
2835 4534 3190 4593 cicatricem
3251 4541 3430 4608 ipsam
3462 4529 3705 4592 circumci-

2109 4615 2281 4667 sionis
2336 4614 2539 4668 vulnus
2591 4617 2874 4675 obducat.
2932 4625 3191 4691 Quando
3254 4646 3392 4700 ergo
3427 4625 3632 4684 cicatrix
3671 4620 3712 4670 in

2109 4702 2335 4756 vulnere
2369 4713 2572 4760 nostra:
2595 4708 3076 4772 circumcisionis
3127 4719 3487 4774 obducitur?
3541 4709 3712 4780 εεοί¹²

2109 4791 2373 4860 arbitror,
2404 4798 2553 4863 quod
2586 4801 2934 4860 circumcidi
2972 4823 3078 4878 per
3117 4809 3319 4866 Jesum
3360 4821 3615 4867 nostrum.
3637 4804 3714 4855 hoc

2458 4934 2503 4965 “
2531 4935 2753 4995 Coloss.
2784 4957 2827 5004 I.
2867 4944 2970 4998 24.
3058 4949 3104 4979 ’⁸
3130 4947 3262 5005 Jos.
3295 4964 3354 5014 ν,
3381 4949 3470 5002 16.
3556 4942 3594 4972 ’⁷
3625 4938 3714 4993 ³⁸ἐι

2130 5129 2333 5223 ibild'e‘m
2359 5134 2540 5223 thabet
2569 5157 2584 5193 :
2615 5159 2634 5192 ε
2672 5143 2978 5223 imperium
3005 5167 3130 5207 cum
3167 5164 3371 5210 sancto
3400 5154 3614 5223 Spiritu.
3647 5164 3662 5196 ι

2201 5201 2316 5279 (⁷9)
2358 5202 2494 5279 Post
2542 5201 2811 5267 vocem'r
2859 5201 3714 5279 natura}?.“i}i'}'oa.i."ca..aa.

2126 5270 2280 5349 εει)βί
2331 5275 2776 5349 et_Ebroicensi
2831 5270 3276 5345 uno—additur'i'
3301 5270 3714 5347 (Hierich

2125 5333 2281 5422 Relqu
2289 5355 2363 5422 ua_
2374 5344 2621 5422 desunt.

2199 5407 2534 5489 έῖ¹).¹ίῖ¹,ε¹η
2565 5435 2703 5476 mss.
2741 5443 2760 5476 ι
2799 5424 2908 5480 Sed
2953 5437 3006 5479 et
3036 5428 3498 5489 incircumcisos,
3541 5426 3672 5489 quia.
3704 5437 3714 5466 ι

2199 5476 2342 5564 (72)
2403 5482 2578 5541 Iidem
2641 5509 2782 5548 mss.
2813 5476 2867 5545 ἶ
3549 5476 3714 5546 Ἰῦοιιη-

2560 5648 2576 5691 ς
2625 5652 2644 5684 ‹
2681 5634 3028 5704 pollutionem
3064 5636 3265 5690 carnis
3308 5637 3562 5691 abscidit.
3594 5652 3609 5682 ι
