3822 6236
123 116 152 126 ρ,
162 114 164 116 ,

155 319 372 498 ί

107 450 168 519 ﬁ

107 455 499 620 ﬁy‘lniis
529 465 730 520 carere’
752 461 1015 531 “unas
1094 494 1551 548 consuetudines
1600 495 1654 543 et
1684 488 1912 556 pessima

104 597 140 634 ⁸⁵
192 632 246 651 Α,
269 592 304 651 ἰ
329 542 797 651 θῗῗῗκιὰῗῗοῖὶθτὴ
866 556 1148 633 Tm"‘08
1179 591 1244 638 et
1283 585 1578 640 inconditos
1615 593 1811 640 mores,
1861 586 1916 630 et

124 598 375 640 5"--i'
446 629 459 640 .

113 629 312 760 “at;
328 629 499 760 “21d
548 634 617 688 ab
647 635 1027 716 ho‘ws‘a‘is
1069 679 1147 723 ει
1181 675 1410 739 pietatis
1437 673 1614 742 regula
1662 669 1907 724 abhorret

174 731 206 760 4
331 742 362 760 ι
435 734 571 760 ιρι-ρ
631 726 746 760 ρωι
799 736 919 760 ιωᾲ

174 731 204 750 κ
1083 718 1146 723 -ν
1185 718 1409 739 ,ην---.υ
1440 718 1492 726 ,ν
1534 718 1614 725 _-_
1663 718 1909 724 ___--___,

123 718 364 826 ἲιιίΐςί
389 718 594 826 (Ὕδτῇ
631 726 750 785 Sed
799 736 933 797 hoc
975 763 1151 813 cum
1218 763 1274 816 in
1305 763 1469 817 initiis
1496 718 1763 824 oracimus,
1802 760 1914 826 ipsa

119 820 514 920 θδθζίονυῗξ
563 825 1028 920 Quodammodo
1093 849 1430 907 difﬁcultate
1480 820 1914 918 constringim-ur,

127 901 262 972 “ﬂ
315 919 516 1007 quasi
549 926 685 968 eum
739 918 964 984 iabore
1020 941 1289 1005 quodam
1322 951 1377 995 et
1405 941 1586 995 dolore
1606 940 1792 1003 animi,
1826 953 1907 993 ve-

164 1015 208 1093 θα)
258 1013 416 1093 /\S
453 1012 902 1071 consuetudinis
940 1023 1170 1093 culpas
1198 1030 1408 1083 novella
1442 1030 1772 1082 institutione
1799 1041 1913 1080 mu-

187 1090 503 1204 “:sv’mé'
529 1095 770 1204 9"?“
812 1117 930 1176 es"
956 1124 1029 1168 ιη
1058 1090 1208 1185 mli.
1241 1119 1402 1190 410
1433 1119 1672 1185 Quaedam
1698 1115 1917 1170 dimcul-

324 1190 358 1281 ε,
452 1190 512 1244 ῖιὶ
543 1190 749 1260 “mus.
796 1208 863 1253 ut
889 1201 993 1256 vix
1047 1221 1306 1275 aegreque
1341 1216 1615 1275 amputare
1659 1205 1918 1274 possimus

313 1298 510 1370 “(sua
537 1283 682 1357 (τι),
721 1295 784 1341 et
833 1293 1094 1346 secunda
1133 1295 1425 1364 suscipere.
1467 1295 1580 1348 Hoc
1624 1309 1750 1362 ergo
1786 1295 1914 1348 mihi

357 1385 562 1434 ixsetur
588 1385 808 1447 tempus
837 1391 991 1444 esse,
1028 1393 1140 1447 quo
1171 1380 1314 1435 velut
1339 1381 1391 1434 in
1423 1381 1607 1435 dolore
1633 1381 1915 1434 circumci-

360 1470 524 1526 sionis
574 1476 777 1522 nostra:
809 1468 1052 1523 dicimur
1081 1469 1336 1531 residere,
1371 1483 1647 1538 usquequo
1690 1471 1916 1524 obducta

360 1561 621 1617 cicatrice
649 1575 933 1614 sanemur.
993 1560 1323 1615 Obducimus
1362 1569 1537 1614 autem
1589 1560 1914 1623 cicatricem,

351 1666 480 1706 cum
505 1651 622 1719 jam
659 1667 798 1705 nova
833 1651 1082 1704 instituta
1119 1652 1321 1719 absque
1351 1650 1659 1705 diIIicultate
1682 1650 1919 1716 comple-

349 1755 498 1804 mus,
526 1749 586 1795 et
630 1740 692 1793 in
720 1755 877 1794 usum
912 1740 1069 1794 nobis
1094 1741 1344 1801 vertitur,
1394 1743 1536 1806 quod
1566 1739 1711 1807 prius
1764 1736 1915 1805 quasi

342 1831 643 1884 insolitum
692 1845 756 1884 ac
802 1829 1016 1883 diﬂicile
1043 1829 1341 1883 videbatur.
1395 1827 1462 1881 Et
1498 1837 1622 1882 tunc
1650 1842 1774 1882 vere
1811 1827 1917 1894 jam

338 1921 532 1975 sanati
595 1921 856 1984 dicimur,
900 1934 1024 1972 cum
1069 1919 1213 1972 vitiis
1258 1925 1500 1972 carentes
1527 1917 1753 1972 virtutes
1783 1933 1919 1973 novo

332 2024 453 2062 usu
478 2007 757 2061 vertimus
781 2006 835 2059 in
863 2014 1133 2059 naturam.
1162 2005 1224 2058 Et
1254 2005 1325 2058 ita
1356 2006 1566 2059 demum
1615 2006 1807 2059 merito
1853 2006 1920 2062 ad

330 2112 451 2153 nos
503 2099 650 2152 dicit
704 2111 883 2150 sermo
931 2097 1144 2150 divinus
1193 2110 1253 2150 ea
1305 2111 1423 2162 quae
1474 2103 1764 2163 sequuntur
1807 2096 1853 2127 ¹⁸
1905 2118 1916 2148 ;

330 2207 356 2240 ι
415 2188 710 2243 Hodierna
749 2187 837 2240 die
876 2185 1071 2239 abstuli
1123 2187 1465 2254 opprobrium
1503 2184 1720 2254 Egypti
1759 2201 1788 2238 a
1828 2201 1920 2240 vo.

319 2278 427 2332 bis
468 2296 485 2331 :
527 2296 548 2328 ι
588 2276 721 2345 quia
768 2285 1120 2343 posteaquam
1169 2274 1402 2327 ablatum
1443 2282 1525 2328 est
1575 2275 1918 2343 opprobrium

315 2365 606 2437 Egypti,
643 2374 776 2418 tunc
819 2364 1020 2418 dicitur
1048 2365 1089 2395 ¹⁹
1121 2381 1134 2416 :
1173 2381 1191 2414 ι
1228 2364 1295 2416 Et
1335 2362 1582 2417 fecerunt
1614 2364 1706 2417 tilii
1758 2365 1920 2418 Israel

318 2457 564 2524 pascha
605 2463 806 2523 quarta
833 2453 1041 2505 decima
1073 2451 1156 2505 die
1204 2451 1402 2505 mensis
1430 2450 1592 2520 primi
1635 2450 1918 2521 (75).»Νοη

313 2545 497 2598 enim
532 2550 674 2596 ante
708 2540 1176 2595 circumcisionem
1215 2541 1408 2608 pascha
1441 2540 1617 2593 facere
1650 2548 1918 2608 poterant,

312 2637 437 2690 sed
483 2647 678 2701 neque
709 2633 896 2686 statim
930 2639 1049 2698 post
1091 2631 1549 2685 circumcisionem
1581 2643 1772 2684 carnes
1797 2631 1918 2696 agni

309 2724 673 2786 comedere,
708 2728 1003 2786 antequam
1051 2729 1388 2773 sanarentur.
1417 2719 1525 2774 Sed
1573 2729 1917 2788 posteaquam

307 2813 524 2866 sanati
554 2819 715 2874 sunt,
755 2809 957 2862 dicitur
982 2809 1105 2876 quia
1132 2808 1370 2863 fecerunt
1401 2809 1599 2877 pascha
1633 2809 1724 2861 lilii
1757 2808 1920 2862 Israel

308 2900 775 2974 quartadecima
827 2899 916 2952 die
963 2898 1184 2952 mensis.
1219 2898 1375 2952 Vides
1419 2911 1547 2966 ergo
1589 2899 1714 2966 quia
1765 2913 1920 2953 nemo

313 2991 679 3045 immundus
716 2987 854 3042 facit
899 2987 1118 3054 pascha,
1148 3000 1305 3040 nemo
1353 2987 1777 3049 incircumcisus,
1827 2987 1918 3040 sed

1338 372 1402 428 IN
1434 365 1681 426 LIBRUM
1711 365 1878 423 JESU
1913 365 2093 420 NAVE
2129 358 2408 417 HOMILIA
2443 357 2530 416 VI.

3408 336 3413 339 ”
3442 356 3543 410 est

327 448 499 556 ⁸(
523 465 730 556 arere’
752 461 1015 531 “unas
1094 494 1551 548 consuetudines
1600 495 1654 543 et
1684 488 1912 556 pessima
1942 491 1988 545 Α
2016 485 2113 538 bus
2141 491 2224 537 est
2247 493 2407 550 quem
2439 478 2506 534 de
2525 479 2754 550 Egyplo
2782 484 3038 532 exeuntes
3063 477 3337 530 nobiscum
3365 485 3546 544 porta-

2017 573 2206 630 vimus.
2233 582 2394 637 parva
2425 569 2538 622 hate
2557 568 2784 622 eruditio
2817 564 3085 620 saecularis
3108 566 3242 634 (78),
3261 573 3354 618 aut
3381 565 3543 618 etiam

2012 663 2057 717 si
2081 662 2199 731 quis
2237 661 2375 714 forte
2401 659 2578 727 attigit
2625 656 2924 711 liberalium
2957 657 3251 710 litterarum
3279 655 3545 724 cognitio-

2015 767 2137 805 nem
2169 752 2305 821 (79),
2339 764 2454 818 qum
2481 749 2730 817 exiguum
2764 747 2964 814 aliquid
2989 745 3177 813 juvare
3213 759 3306 798 nos
3349 751 3544 813 potest.

2014 838 2070 890 In
2097 853 2277 892 eremo
2320 852 2448 892 vero
2481 837 2662 905 positi,
2713 836 2763 889 id
2801 843 2905 898 est,
2935 834 2986 887 in
3029 835 3128 888 hoc
3181 834 3233 886 in
3272 847 3380 900 quo
3406 846 3548 885 nunc

2014 942 2198 982 sumus
2237 917 2356 981 vita:
2380 936 2544 990 statu,
2574 940 2765 980 manna
2815 924 3102 986 vescimur,
3128 937 3222 990 per
3262 922 3364 976 hoc
3407 920 3546 988 quod

2016 1016 2206 1070 divinat
2254 1014 2385 1084 legis
2440 1013 2884 1069 instructionibus
2933 1013 3229 1066 erudimur.
3272 1009 3373 1075 Qui
3417 1022 3549 1061 vero

2016 1106 2272 1160 meruerit
2304 1115 2499 1160 terram
2547 1104 2976 1172 repromissionis
3008 1103 3232 1166 intrare,
3263 1102 3314 1154 id
3353 1110 3454 1164 est,
3481 1114 3546 1152 ea

2017 1211 2136 1265 qua:
2171 1212 2201 1250 a
2255 1197 2528 1251 Salvatore
2575 1197 2900 1266 repromissa
2946 1203 3069 1249 sunt
3115 1193 3409 1262 consequi,
3458 1193 3548 1246 ille

2015 1285 2126 1340 edit
2159 1286 2362 1339 fructus
2390 1301 2420 1340 e
2463 1286 2680 1354 regione
2726 1286 3046 1352 palmarum.
3089 1283 3225 1336 Vere
3264 1283 3404 1336 enim
3443 1281 3551 1335 fru-

2015 1383 2158 1428 ctum
2188 1375 2377 1442 palma:
2402 1375 2651 1436 inveniet,
2673 1373 2760 1440 qui
2785 1374 2992 1428 devicto
3016 1374 3166 1426 hoste
3192 1370 3256 1424 ad
3288 1371 3549 1437 promissa

2015 1464 2334 1532 pervenerit.
2377 1464 2589 1518 Certum
2623 1478 2851 1532 namque
2895 1473 2999 1526 est,
3047 1463 3186 1532 quod
3218 1469 3550 1530 quantacun-

2015 1567 2118 1621 que
2145 1552 2230 1606 illa
2261 1560 2402 1617 sunt,
2437 1567 2555 1621 quae
2582 1567 2724 1606 nunc
2751 1553 2803 1606 in
2847 1554 2962 1621 lege
2990 1552 3100 1614 Dei,
3125 1552 3205 1605 vel
3241 1551 3434 1605 divinis
3457 1551 3546 1602 Iit—

2017 1644 2147 1696 teris
2172 1642 2470 1711 intelligere
2498 1658 2782 1712 possumus
2818 1653 2910 1696 aut
2933 1645 3148 1706 sentire,
3178 1642 3346 1695 multo
3385 1640 3550 1695 subli-

2017 1733 2185 1785 miora
2215 1739 2268 1784 et
2302 1731 2599 1785 excelsiora
2642 1742 2799 1786 erunt
2846 1733 2952 1794 illa,
3000 1747 3116 1801 quae
3143 1742 3394 1786 cessante
3417 1731 3550 1786 aani-

2018 1830 2194 1888 gmate
2229 1819 2368 1874 facie
2397 1822 2463 1874 ad
2491 1819 2682 1874 faciem
2717 1822 2885 1874 sancti
2915 1821 3111 1888 quique
3143 1806 3323 1874 videre
3374 1833 3543 1872 mere-

2016 1908 2238 1974 buntur,
2277 1910 2402 1977 quia
2451 1925 2570 1976 qua:
2626 1928 2644 1960 ‹
2685 1909 2868 1963 oculus
2915 1923 3016 1963 non
3071 1909 3229 1970 vidit.
3277 1923 3376 1964 nec
3403 1911 3550 1963 auris

2017 1998 2237 2062 audivit,
2265 2013 2364 2051 nec
2392 1999 2443 2050 in
2471 1998 2807 2052 corliominis
2833 1999 3154 2064 ascendit“,
3181 2019 3199 2050 ι
3231 2000 3342 2053 hmc
3367 2017 3386 2050 ‹
3415 2014 3550 2067 prae-

2018 2087 2229 2154 paravit
2271 2087 2411 2140 Deus
2461 2087 2526 2141 iis
2558 2089 2645 2154 qui
2676 2089 2898 2157 diligunt
2928 2102 3048 2141 eum
3083 2089 3215 2157 (80).
3255 2109 3272 2138 ι
3323 2089 3474 2154 Quod
3503 2089 3549 2142 si

2017 2177 2303 2230 secundum
2348 2177 2577 2232 litteram
2618 2180 2785 2232 solam
2834 2180 3170 2248 intelligenda
3219 2181 3287 2234 sit
3333 2180 3436 2242 lex,
3474 2181 3551 2233 in-

2019 2264 2302 2319 veniuntur
2329 2263 2440 2333 (8|)
2491 2265 2606 2318 sine
2633 2266 2792 2319 dubio
2815 2264 2906 2317 lilii
2937 2265 3118 2330 Israel,
3162 2280 3282 2319 cum
3320 2267 3552 2318 meliori-

2019 2356 2118 2409 bus
2153 2363 2430 2408 uterentur
2477 2353 2695 2423 (manna
2733 2355 2927 2423 quippe
2974 2356 3038 2409 de
3078 2354 3215 2409 cmlo
3245 2355 3546 2424 capiebant)

2015 2460 2081 2498 ex
2118 2444 2536 2513 repromissione
2560 2445 2824 2498 deteriora
2851 2445 3141 2512 accepisse,
3186 2445 3380 2514 quibus
3401 2450 3550 2514 prius

2015 2533 2358 2604 Egyptiacis
2407 2533 2780 2588 deﬁcientibus
2815 2534 2972 2600 cibis,
3002 2535 3191 2589 melior
3220 2537 3403 2603 utique
3431 2551 3550 2589 suc-

2017 2631 2252 2676 cesserat
2297 2623 2448 2676 cibus
2491 2637 2681 2675 manna
2708 2623 2775 2674 de
2814 2623 2967 2677 coelo.
3000 2623 3064 2676 Et
3107 2625 3371 2691 quomodo
3413 2640 3553 2678 nunc

2017 2709 2287 2776 potabitur
2302 2708 2522 2762 meliore
2548 2709 2667 2763 cibo
2690 2717 2935 2762 cessante
2956 2711 3278 2764 successisse
3299 2711 3549 2772 deterior,

2017 2797 2118 2852 nisi
2149 2797 2272 2865 quia
2329 2797 2496 2863 major
2532 2805 2587 2849 et
2639 2797 2818 2850 verior
2856 2797 2993 2850 ratio
3023 2798 3074 2850 in
3101 2797 3324 2864 spiritali
3357 2800 3552 2852 intelli-

2014 2886 2211 2954 gentia,
2241 2899 2400 2954 quam
2439 2885 2491 2936 in
2532 2892 2677 2938 textu
2709 2884 2900 2940 litterae
2930 2884 3396 2952 deprehenditur?
3441 2886 3544 2940 Sed

2020 2974 2234 3028 interim
2274 2983 2620 3043 posteaquam
2668 2973 2961 3026 introduxit
3003 2971 3156 3026 Iesus
3195 2974 3446 3042 populum
3502 2978 3552 3028 in

312 3083 677 3152 quicunque
719 3077 956 3131 mundus
995 3075 1157 3130 fuerit
1196 3083 1248 3129 et
1299 3076 1668 3139 circumcisus,
1697 3079 1837 3131 sicut
1866 3087 1907 3132 el

2025 3071 2219 3115 terram
2251 3069 2517 3125 sanctam,
2563 3070 2686 3113 tunc
2709 3057 3024 3127 expugnatis
3053 3058 3162 3128 (82)
3191 3061 3438 3114 erunibus
3466 3075 3556 3114 ce-

307 3172 659 3244 Apostolus
688 3171 1085 3236 interpretatur
1103 3167 1288 3220 dicens
1309 3168 1353 3199 '°
1386 3187 1397 3221 :
1430 3185 1448 3218 ι
1489 3167 1693 3220 Etenim
1723 3167 1915 3235 pascha

309 3275 608 3320 nostrum
653 3259 972 3315 immolatus
1015 3266 1100 3312 cst
1123 3257 1387 3312 Christus.
1434 3255 1620 3325 Itaque
1656 3257 1798 3312 diem
1835 3257 1916 3312 Ie-

310 3366 502 3411 stum
536 3350 916 3412 celebremus,
949 3361 1055 3401 non
1088 3347 1140 3399 in
1169 3345 1428 3400 fermento
1459 3346 1646 3410 veteri,
1670 3359 1843 3414 neque
1869 3345 1919 3397 in

307 3448 631 3500 fermento
684 3440 913 3495 malitia:
952 3447 1006 3490 et
1052 3437 1304 3504 nequitiae
1331 3434 1464 3506 (76),
1500 3436 1593 3489 sed
1620 3436 1674 3488 in
1718 3435 1921 3504 azymis

306 3531 705 3588 sinceritatis
763 3538 821 3583 et
871 3527 1134 3581 veritatis.
1190 3543 1210 3577 ι
1269 3525 1374 3579 Sed
1424 3532 1477 3579 et
1526 3535 1652 3579 tunc
1703 3527 1918 3594 quidem

306 3645 573 3715 quando
615 3643 760 3698 exiit
809 3639 1034 3707 populus
1074 3637 1140 3691 de
1189 3645 1330 3692 terra
1380 3635 1629 3707 IEgypti,
1688 3640 1922 3706 portavit

306 3749 606 3804 sparsum
640 3735 699 3788 in
728 3729 1069 3783 vestimentis
1089 3727 1222 3781 suis.
1257 3727 1389 3780 Cum
1437 3737 1614 3779 autem
1644 3727 1925 3782 defecisset

307 3839 635 3894 sparsura,
684 3829 748 3875 et
795 3833 964 3888 panes
1003 3832 1108 3872 non
1156 3818 1436 3881 haberent,
1469 3816 1601 3884 pluit
1631 3817 1736 3871 illis
1782 3818 1922 3872 Deus

314 3931 578 3970 manna.
616 3913 767 3968 Cum
821 3918 998 3963 autem
1027 3917 1289 3963 venerunt
1314 3907 1380 3960 ad
1433 3916 1629 3961 terram
1658 3915 1920 3972 sanctam,

313 4018 384 4060 et
435 4005 668 4059 fructus
711 4007 1068 4070 perceperunt
1107 3996 1400 4066 provinciae
1425 3996 1743 4065 palmarum,
1771 3997 1919 4052 defe-

316 4099 413 4151 cit
437 4098 530 4149 eis
555 4106 791 4153 manna,
827 4097 883 4141 et
913 4099 1041 4142 tunc
1072 4088 1231 4141 edere
1257 4093 1540 4155 coeperunt
1562 4085 1628 4139 de
1661 4085 1925 4141 fructibus

319 4202 534 4242 terrae.
588 4185 796 4249 Itaque
839 4179 940 4231 tria
975 4192 1174 4245 genera
1235 4175 1344 4247 (77)
1397 4176 1640 4230 ciborum
1701 4191 1924 4245 genera-

321 4280 480 4333 liter
539 4271 958 4330 describuntur.
1006 4266 1180 4322 Unum
1227 4266 1442 4334 quidem
1491 4281 1598 4334 quo
1657 4271 1926 4322 vescimur

318 4384 620 4429 exeuntes
654 4369 727 4422 de
754 4376 894 4418 terra
923 4361 1170 4430 Egypti,
1203 4361 1295 4415 sed
1323 4359 1426 4413 hoc
1453 4359 1519 4412 ad
1541 4373 1760 4426 parvum
1786 4369 1920 4413 tem-

330 4479 448 4533 pus
485 4460 716 4515 snﬂicit.
753 4454 876 4508 Post
904 4453 1006 4506 hoc
1041 4459 1220 4503 autem
1270 4460 1464 4500 manna
1492 4447 1756 4503 succedit.
1791 4445 1922 4500 Ter-

331 4555 492 4605 tium
517 4563 654 4602 vero
709 4544 822 4611 jam
853 4543 917 4596 de
951 4551 1098 4593 terra
1133 4547 1317 4591 sancta
1365 4537 1608 4607 capimus
1664 4539 1917 4591 fructum.

334 4643 401 4695 In
439 4640 658 4707 quibus
680 4629 1004 4686 diil'erentiis
1033 4628 1118 4695 (ut
1144 4640 1275 4679 mete
1300 4626 1582 4693 parvitatis
1618 4625 1919 4681 intellectus

339 4731 699 4798 assequitur)
734 4721 859 4775 illud
883 4718 1129 4772 arbitror
1167 4715 1409 4778 indicari,
1430 4716 1570 4782 quod
1602 4717 1805 4785 primus
1842 4717 1923 4770 ci-

2023 3151 2195 3206 Iebrat
2213 3149 2442 3205 Pascha.

2088 3286 2141 3338 '5.
2173 3301 2192 3333 ‹
2223 3283 2288 3337 Et
2315 3283 2512 3338 factum
2540 3294 2621 3339 est
2658 3297 2776 3337 cum
2808 3291 2950 3338 esset
2975 3283 3127 3338 Jesus
3157 3285 3206 3338 in
3241 3282 3457 3339 Iericho
3486 3287 3552 3346 “.

2021 3375 2318 3443 respiciens
2350 3373 2522 3428 oculis
2550 3374 2682 3428 vidit
2702 3375 2970 3428 hominem
3007 3382 3235 3428 stantem
3265 3382 3453 3428 contra
3476 3388 3552 3436 se,

2020 3473 2074 3519 et
2107 3464 2313 3534 gladius
2342 3465 2650 3532 evaginatus
2677 3475 2796 3517 erat
2839 3464 2891 3516 in
2932 3479 3088 3516 manu
3127 3465 3261 3529 ejus.
3311 3462 3377 3516 Et
3404 3478 3556 3518 acce-

2021 3557 2151 3609 dens
2184 3553 2338 3608 Jesus
2370 3552 2505 3607 dixit
2531 3554 2576 3606 ei
2613 3569 2626 3605 :
2654 3552 2844 3606 Noster
2868 3567 2946 3615 cs,
2975 3568 3038 3605 an
3076 3553 3504 3607 adversariorum
3533 3554 3556 3605 I

2022 3645 2090 3697 At
2130 3644 2219 3697 ille
2265 3644 2444 3698 dixit:
2481 3643 2591 3711 Ego
2640 3657 2757 3696 sum
2804 3643 3051 3712 princeps
3094 3643 3294 3696 militia:
3340 3644 3555 3697 virtutis

2024 3733 2230 3786 Domini
2261 3751 2273 3785 :
2303 3747 2442 3786 nunc
2466 3732 2652 3785 adveni
2679 3731 2810 3800 (85).
2840 3751 2858 3782 ι
2892 3731 3206 3800 Respiciens
3227 3747 3354 3799 ergo
3386 3734 3556 3788 oculis
3624 3778 3631 3793 ,

2021 3823 2166 3875 videt
2206 3821 2498 3889 principem
2539 3819 2742 3872 militia:
2776 3821 2990 3874 virtutis
3032 3822 3262 3886 Domini,
3301 3831 3553 3890 tanquam

2026 3913 2114 3980 qui
2149 3912 2294 3979 prius
2319 3927 2420 3964 non
2456 3911 2775 3978 respexerit,
2806 3911 2898 3965 sed
2931 3919 3076 3974 tunc,
3111 3927 3230 3966 cum
3261 3912 3553 3980 principem

2024 4000 2227 4054 militiae
2262 3998 2467 4052 Domini
2499 3999 2710 4052 visurus
2740 4008 2900 4053 esset.
2940 3999 3104 4066 Quem
3130 4008 3302 4052 tamen
3328 4015 3446 4053 cum
3478 4001 3555 4053 vi-

2023 4096 2190 4151 disset
2231 4095 2409 4159 Iesus,
2462 4111 2562 4150 non
2592 4111 2712 4150 eum
2746 4093 2889 4148 velut
2919 4105 3252 4147 communem
3288 4091 3554 4144 hominem

2023 4187 2176 4249 vidit,
2209 4187 2300 4240 sed
2336 4185 2594 4240 intellexit
2629 4187 2878 4238 virtutem
2929 4196 3048 4237 esse
3075 4181 3378 4250 quamdam.
3410 4179 3552 4233 Non-

2029 4277 2152 4329 dum
2189 4276 2329 4329 enim
2356 4275 2468 4346 (84)
2503 4283 2684 4329 certus
2711 4283 2794 4328 est
2821 4289 2886 4327 ex
2927 4272 3119 4328 divinis
3146 4271 3450 4333 virtutibus,
3487 4286 3554 4324 an

2023 4379 2087 4418 ex
2109 4365 2392 4418 contrariis
2421 4379 2524 4418 una
2557 4365 2627 4417 sit
2657 4377 2774 4430 quae
2817 4363 3048 4426 videtur,
3083 4369 3137 4414 et
3174 4360 3293 4414 ideo
3322 4360 3554 4414 interro-

2027 4464 2136 4522 gat,
2167 4463 2222 4506 et
2265 4454 2524 4521 perquirit
2568 4453 2747 4507 dicens
2777 4470 2790 4506 :
2832 4470 2850 4501 ι
2885 4451 3075 4506 Noster
3107 4467 3188 4517 es,
3217 4466 3280 4502 an
3310 4451 3558 4504 adversa-

2028 4544 2272 4596 riorum?
2313 4561 2332 4592 ι
2376 4545 2441 4596 At
2468 4543 2555 4596 ille
2588 4543 2702 4595 ait:
2735 4559 2753 4592 ι
2799 4541 2910 4610 Ego
2939 4557 3051 4595 sum
3079 4542 3326 4609 princeps
3359 4540 3559 4593 militia:

2028 4633 2236 4685 virtutis
2264 4633 2489 4698 Domini,
2518 4648 2657 4685 nunc
2693 4632 2902 4685 adveni.
2935 4647 2954 4680 ι
2993 4631 3057 4682 Et
3085 4644 3207 4683 cum
3256 4631 3357 4684 hoc
3381 4633 3560 4684 audis-

2029 4732 2108 4776 set
2136 4720 2268 4789 (83),
2298 4720 2540 4774 adoravit
2563 4719 2806 4782 Jesus,et
2833 4720 2966 4773 dixit
2990 4721 3035 4751 "
3068 4736 3082 4772 :
3117 4737 3134 4770 ι
3172 4718 3412 4785 Domine,
3433 4720 3562 4788 quid

421 4867 474 4901 ⁸⁸
496 4865 612 4919 .Ios.
641 4875 696 4924 v,
735 4858 787 4912 9.
864 4856 911 4887 ¹⁹
936 4851 1055 4906 Jos.
1082 4865 1137 4913 v,
1169 4849 1249 4904 i0.
1323 4852 1366 4882 ³⁸
1390 4850 1410 4903 l
1432 4849 1552 4915 Cor,
1579 4867 1629 4915 ν,
1672 4852 1721 4916 7,
1747 4854 1800 4908 8,
1867 4855 1907 4886 ιι

2028 4871 2106 4911 or.
2141 4871 2200 4921 ιι,
2224 4854 2277 4910 9.
2345 4856 2388 4887 "
2415 4854 2524 4908 Jos.
2560 4869 2611 4923 ν,
2642 4856 2723 4918 I5,
2759 4855 2840 4909 IL.
2914 4855 2959 4887 ³³
2990 4855 3101 4909 Jos.
3125 4853 3286 4916 v.14.

420 4981 545 5050 (74)
575 4977 786 5054 Iidem:
828 4989 847 5021 ι
897 4969 954 5020 in
991 4965 1171 5019 initiis
1211 4979 1403 5020 exuere
1444 4978 1599 5037 atque
1647 4979 1926 5036 amputare

338 5067 449 5106 nos
479 5061 638 5116 posse
664 5053 870 5116 ρνῇιηέιο
923 5053 961 5116 ’_
1007 5100 1055 5116 ,ί
1091 5097 1153 5116 σί
1247 5115 1253 5116 γ
1439 5102 1513 5116 ,η
1647 5105 1679 5116 _.
1817 5106 1828 5116 .

405 5097 765 5184 ζ’ῚΞῘρξίὶηί.
792 5108 992 5184 Deest,
1005 5100 1066 5184 in
1078 5097 1367 5184 Sangarius
1402 5111 1454 5155 et
1469 5102 1851 5184 gemeticetisi.

405 5122 510 5184 (75
564 5122 765 5168 Primi.
792 5122 968 5159 ueCSt
1005 5122 1066 5178 _m_
1091 5122 1367 5180 aurigerm.
1402 5122 1454 5155 et
1475 5122 1851 5182 uemettcensn

396 5122 532 5261 {76;
578 5181 714 5236 Mss,
764 5193 786 5226 α
839 5175 1142 5234 nequitiae.
1179 5186 1198 5218 ι
1233 5169 1384 5222 Ltbb.
1416 5170 1586 5224 editi:
1623 5191 1640 5222 ι
1683 5175 1918 5241 maligni-

533 5274 729 5376 éodex
773 5301 1239 5395 Gemﬁticensis:
1277 5319 1299 5354 ί
1330 5305 1425 5358 tria
1455 5320 1670 5374 genera.
1715 5325 1734 5357 ι
1769 5307 1921 5362 Libb.

259 5377 397 5430 editi
531 5410 552 5439 ι
591 5398 711 5440 tres
737 5377 999 5442 species.
1045 5387 1067 5418 ι

324 5436 498 5526 βξ)
540 5443 898 5511 ςωσυιανίε.
961 5434 1130 5490 Unus
1182 5438 1518 5496 Ebroicensis
1568 5457 1582 5494 :

303 5535 809 5654 ῃδξ’ῑεὶῖσωηειὶςξ.
835 5579 896 5654 et
937 5571 1061 5654 duo
1099 5571 1490 5654 Ebruicenses:
1525 5595 1542 5627 ι
1577 5577 1869 5654 scientiam.
1904 5597 1920 5629 ι

368 5643 698 5719 ίεϋηξάάιιι
746 5643 1060 5697 Gcmctic.
1105 5654 1123 5687 t
1162 5645 1478 5707 ascendunt,
1512 5663 1530 5696 ι
1561 5656 1613 5698 et
1636 5645 1785 5714 paulo
1808 5656 1926 5712 post

1640 5460 1658 5493 ι
1709 5442 1924 5496 schola-

2034 4989 2054 5022 ι
2093 4969 2616 5039 ῦθυεᾉὸἱιίεθηιιὺυε
2645 4986 2721 5025 se.
2754 4990 2772 5021 ι

2097 5040 2207 5108 (8i)
2239 5037 2428 5108 ldem':
2459 5057 2477 5089 ι
2519 5040 2872 5108 invenientur.
2912 5057 2930 5089 ι

2097 5043 2176 5108 (8|
2239 5043 2380 5091 Idem
2413 5053 2428 5091 :
2459 5057 2477 5089 ι
2519 5043 2872 5092 invenientur.
2912 5057 2930 5089 ι

2097 5043 2207 5174 (82;
2231 5106 2534 5174 Sangerm.,
2562 5107 2820 5161 Gemetic.
2840 5117 2892 5159 et
2921 5121 3056 5159 unus
3081 5105 3389 5158 Ebroicens.
3419 5125 3437 5157 ι
3463 5125 3558 5161 ex-

2028 5173 2289 5244 pugnatis.
2334 5173 2359 5226 ί
2389 5175 2540 5229 [Λεὼ.
2574 5177 2697 5229 editi
2743 5189 2758 5226 :
2807 5192 2824 5223 ι
2854 5175 3174 5242 expurgatis.
3204 5192 3222 5224 ι
3250 5173 3382 5225 Ibid.
3415 5175 3556 5228 San-

2025 5243 2190 5312 germ.
2232 5243 2561 5312 «(celebrant
2589 5245 2802 5312 pascha.
2846 5261 2864 5292 ι

2092 5311 2198 5380 (85)
2253 5309 2406 5380 Nunc
2451 5306 2654 5363 adveni.
2691 5311 2844 5362 Deest
2900 5308 2956 5380 i_n_
2995 5308 3121 5380 libb.
3173 5316 3327 5380 antea
3366 5306 3549 5373 editis,

2031 5372 2121 5432 sed
2153 5372 2375 5432 habetur
2398 5379 2448 5429 in
2477 5381 2724 5430 onmibus
2759 5392 2886 5430 mss.
2912 5373 3025 5426 Mox
3061 5377 3111 5426 in
3139 5375 3255 5426 cod.
3289 5372 3553 5432 Gcmetic.

2031 5449 2174 5500 deest
2215 5465 2232 5496 ε
2273 5447 2579 5511 t'eSplciens.
2613 5463 2630 5494 ι

2097 5515 2206 5584 (84)
2261 5505 2604 5580 διιιὶεθτηιωι.
2663 5529 2680 5560 ι
2716 5511 2876 5562 enim.
2927 5525 2944 5557 υ
2997 5505 3349 5564 Libb.cditi:
3408 5528 3427 5562 ι
3473 5520 3558 5573 ta-

2034 5598 2174 5636 men.
2238 5601 2256 5631 ι

2101 5649 2209 5720 (85)
2241 5648 2379 5702 Idem
2413 5663 2426 5704 ε
2467 5665 2483 5696 ι
2531 5645 2768 5700 dixisset.
2812 5661 2830 5694 ι
