3822 6226
333 336 438 392 855

335 541 524 593 edocet
565 536 759 590 Iesus?
800 533 929 589 Illud
971 533 1087 588 sine
1133 531 1294 585 dubio
1324 531 1463 598 quod
1497 529 1625 583 dicit
1649 537 1862 597 aposto-

338 628 421 683 lus
449 627 494 660 “
523 643 538 679 :
575 645 594 676 ι
634 624 809 679 Nolite
833 624 979 678 omni
1018 622 1226 691 spiritui
1252 620 1490 683 credere,
1523 618 1615 673 sed
1646 618 1864 683 probate

338 718 559 786 spiritus
589 717 633 771 si
659 731 722 769 ex
753 717 858 769 Deo
890 722 1030 769 sunt.
1072 730 1091 764 ι
1125 710 1378 780 Cognovit
1424 724 1550 778 ergo
1578 707 1733 762 Iesus
1763 720 1863 759 non

340 805 509 859 solum
544 805 683 872 quod
728 818 793 857 ex
837 802 947 855 Deo
992 809 1111 863 est,
1152 801 1243 854 sed
1279 798 1401 867 quia
1449 796 1587 851 Deus
1618 802 1716 850 est.
1751 793 1865 847 Non

341 897 483 950 enim
509 895 808 955 adorasset,
840 893 941 946 nisi
988 889 1288 958 agnovisset
1338 888 1520 942 Deum.
1562 885 1690 951 Quis
1724 884 1866 938 enim

342 988 478 1040 alius
532 995 614 1039 est
657 985 903 1053 princeps
951 981 1152 1035 militia:
1180 979 1440 1032 virtutum
1488 975 1718 1039 Domini,
1764 973 1866 1027 nisi

345 1076 599 1129 Dominus
649 1083 831 1128 noster
879 1071 1031 1125 Iesus
1066 1065 1357 1122 Christus?
1409 1063 1595 1118 Omnis
1643 1076 1870 1130 namque

343 1165 463 1218 εωιί
495 1164 701 1227 militia,
733 1162 845 1217 sive
890 1160 1087 1228 angeli,
1122 1159 1233 1212 sive
1263 1155 1587 1223 archangeli,
1619 1155 1731 1207 sive
1759 1154 1867 1206 vir—

347 1263 507 1314 tutes,
535 1254 646 1306 sive
673 1250 1087 1312 dominationes,
1122 1248 1234 1302 sive
1264 1246 1617 1314 principatus,
1636 1244 1754 1303 sive
1778 1255 1872 1309 po-

346 1351 585 1403 testates,
616 1339 793 1393 omnia
821 1339 935 1391 hare
958 1351 1077 1405 quae.
1107 1350 1200 1403 per
1237 1335 1405 1402 ipsum
1439 1333 1572 1385 facta
1602 1339 1743 1393 sunt,
1775 1331 1871 1383 sub

348 1434 463 1500 ipso
497 1431 735 1499 principe
774 1430 1022 1492 militant,
1051 1427 1139 1495 qui
1166 1436 1247 1479 est
1276 1424 1570 1492 principum
1605 1424 1871 1491 princeps,

346 1530 400 1575 et
415 1521 503 1588 qui
525 1519 746 1588 largitur
764 1516 1089 1586 principibus
1110 1514 1483 1583 principatum.
1500 1513 1613 1579 Ipse
1635 1519 1711 1564 est
1732 1510 1872 1562 enim

350 1609 444 1675 qui
467 1609 595 1660 dicit
628 1607 681 1659 in
716 1605 997 1673 Evangelio
1017 1605 1100 1656 ’δε
1137 1620 1155 1653 ι
1195 1603 1319 1655 Esto
1342 1609 1651 1668 potestatem
1674 1598 1875 1651 habens

348 1712 501 1765 supra
541 1696 696 1766 411
736 1696 916 1748 decem
951 1695 1210 1748 civitates.
1252 1710 1269 1743 ι
1295 1692 1361 1745 Et
1391 1692 1512 1745 alibi
1547 1710 1559 1744 :
1602 1709 1619 1740 ι
1647 1689 1770 1742 Esto
1819 1698 1873 1740 tu

350 1793 658 1853 potestatem
681 1783 880 1838 habens
897 1796 1057 1851 supra
1086 1783 1317 1848 quinque
1336 1781 1599 1834 civitates.
1628 1797 1647 1831 ι
1677 1778 1773 1833 Hic
1797 1787 1876 1833 est

348 1878 436 1945 qui
469 1886 689 1943 accepto
713 1887 879 1941 regno
907 1885 1177 1939 regressus
1203 1880 1305 1923 est.

417 1966 470 2019 '5.
505 1963 606 2016 Sed
637 1960 850 2015 interim
881 1958 1152 2011 videamus
1181 1969 1296 2022 qua:
1316 1967 1551 2022 praesens
1574 1951 1728 2006 lectio
1754 1964 1881 2017 sug-

349 2056 509 2121 gerit.
556 2052 610 2105 In
657 2050 870 2104 Iericho
900 2055 980 2100 est
1008 2044 1183 2105 Iesus,
1216 2043 1384 2096 adhuc
1412 2042 1595 2094 hostes
1636 2040 1881 2092 obtinent

349 2146 646 2204 civitatem,
683 2141 913 2195 nondum
940 2138 1070 2191 victi
1104 2146 1249 2199 sunt,
1277 2143 1329 2188 et
1350 2136 1459 2201 iam
1487 2142 1661 2185 tamen
1686 2130 1881 2184 dicitur

349 2234 414 2286 ad
439 2232 618 2285 Iesum
642 2233 688 2263 "
713 2247 756 2283 ει
792 2229 949 2283 Solve
976 2227 1395 2281 calceamentum
1424 2223 1490 2275 de
1509 2220 1729 2289 pedibus
1756 2220 1880 2284 tuis,

351 2321 501 2376 locus
533 2321 674 2374 enim
704 2321 755 2374 in
787 2333 894 2387 quo
925 2327 1038 2372 stas
1064 2325 1206 2369 terra
1243 2322 1427 2367 sancta
1452 2320 1554 2365 est.
1598 2329 1618 2362 ι
1648 2310 1713 2362 Et
1752 2323 1885 2376 quo-

351 2414 508 2467 modo
531 2411 744 2465 Iericho
776 2420 913 2463 terra
946 2416 1129 2462 sancta
1152 2413 1256 2470 est,
1291 2417 1407 2471 qua:
1439 2402 1506 2456 ab
1539 2400 1779 2455 hostibus
1809 2411 1889 2450 re-

352 2501 717 2556 tineturl’Sed
741 2515 808 2554 ne
832 2499 970 2554 forte
1010 2499 1108 2551 hoc
1143 2495 1212 2549 sit
1241 2494 1383 2562 quod
1427 2491 1710 2551 iudicatur,
1761 2488 1885 2555 quia

352 2602 671 2656 quocunque
723 2586 928 2641 venerit
984 2584 1229 2652 princeps
1281 2579 1480 2641 militiae
1520 2577 1731 2631 virtutis
1778 2575 1887 2628 Do-

356 2678 507 2741 mini,
545 2676 846 2729 sanctillcat
882 2674 1081 2737 locum,
1107 2671 1230 2739 quia
1266 2683 1366 2723 nec
1410 2668 1522 2734 ipsa
1553 2665 1767 2720 Iericho
1808 2665 1887 2717 Io-

354 2784 450 2823 cus
476 2776 596 2821 erat
621 2772 838 2821 sanctus
868 2780 884 2817 :
913 2763 1003 2816 sed
1027 2761 1148 2830 quia
1173 2760 1419 2827 princeps
1450 2757 1649 2810 militiae
1683 2753 1889 2808 Domini

354 2857 501 2911 venit
525 2856 669 2918 illnc,
697 2853 843 2907 locus
871 2852 1063 2904 dicitur
1088 2858 1323 2904 sanctus.
1354 2846 1466 2915 Ego
1484 2845 1642 2899 etiam
1666 2844 1891 2910 amplius

356 2944 557 3011 aliquid
580 2943 747 2996 audeo
772 2950 825 2996 et
852 2940 993 3002 dico,
1012 2939 1134 3007 quia
1151 2937 1308 2991 etiam
1340 2935 1547 3005 Moyses
1579 2933 1666 2987 ubi
1693 2933 1886 2999 stabat,

356 3047 452 3100 per
479 3033 708 3099 seipsqu
726 3044 830 3083 non
859 3038 975 3082 erat
1007 3027 1155 3080 Iocus
1178 3032 1416 3089 sanctus,
1438 3023 1531 3076 sed
1548 3023 1672 3091 quia
1708 3021 1889 3074 Domi-
1917 3046 1960 3104 ε

358 3137 459 3176 nus
481 3122 654 3175 stabat
674 3135 792 3175 cum
824 3117 1022 3187 Moyse,
1052 3115 1330 3185 praesentia
1356 3113 1560 3165 Domini
1593 3111 1894 3166 sanctiﬁca-

358 3220 511 3267 verat
554 3210 751 3270 locum,
798 3218 851 3262 et
901 3208 1019 3260 ideo
1061 3205 1255 3259 dicitur
1279 3203 1343 3257 ad
1375 3217 1492 3256 eum
1528 3202 1618 3257 ’τε
1657 3218 1676 3252 r
1735 3201 1894 3255 Solve

362 3298 645 3367 corrigiam
674 3295 1019 3352 calceameuti
1045 3293 1144 3356 tui,
1175 3292 1324 3346 locus
1355 3292 1495 3345 enim
1538 3290 1589 3343 in
1625 3303 1730 3359 quo
1781 3298 1895 3344 stas

364 3400 509 3444 terra
544 3398 726 3444 sancta
777 3396 878 3441 est.
916 3405 935 3438 ι
977 3385 1122 3440 Unde
1152 3393 1205 3438 et
1240 3397 1335 3437 nos
1377 3382 1422 3436 si
1448 3383 1555 3435 vita
1591 3389 1645 3436 et
1691 3383 1895 3438 meritis

363 3479 676 3533 accedamus
702 3477 765 3529 ad
795 3475 978 3537 Deum,
1003 3482 1055 3528 et
1084 3473 1224 3540 digni
1257 3471 1549 3525 efficiamur
1587 3480 1643 3523 ut
1680 3473 1898 3524 assistat

364 3566 518 3620 nobis
545 3564 707 3628 Deus,
732 3563 929 3619 dicitur
950 3561 1110 3615 etiam
1144 3560 1207 3612 ad
1230 3573 1325 3612 nos
1348 3567 1405 3610 ut
1433 3557 1701 3612 solvamus
1739 3572 1767 3610 a
1799 3571 1892 3625 pe-

365 3657 519 3711 dibus
540 3655 731 3710 animav
765 3661 981 3715 nostrai,
1013 3651 1056 3703 si
1091 3649 1216 3717 quid
1249 3648 1301 3701 in
1326 3650 1404 3701 eis
1426 3647 1617 3701 vinculi
1658 3646 1895 3699 mortalis

364 3760 628 3800 annexum
659 3752 758 3798 est.
794 3741 884 3796 Isti
911 3739 1051 3795 enim
1099 3749 1220 3793 sunt
1250 3739 1429 3805 pedes,
1458 3750 1592 3805 quos
1632 3736 1768 3788 lavat
1806 3734 1895 3788 Ie-

366 3852 455 3892 sus
491 3837 559 3901 ",
589 3850 720 3904 quos
763 3834 866 3888 nisi
922 3834 1132 3896 laverit,
1175 3846 1277 3884 non
1328 3830 1639 3883 habebimus
1694 3836 1895 3894 partem

367 3944 485 3981 cum
515 3940 597 3980 eo.
629 3924 777 3989 Quod
802 3924 845 3976 si
876 3937 1000 3992 ergo
1036 3922 1101 3974 ab
1130 3921 1305 3974 anima
1344 3927 1522 3971 nostra
1552 3928 1606 3969 et
1653 3916 1899 3970 sensibus

367 4027 523 4067 omne
547 4011 814 4065 vinculum
840 4024 982 4063 cura;
1004 4007 1240 4061 mortalis
1263 4006 1374 4076 (86)
1402 4005 1746 4066 absolvimus.
1774 4020 1901 4058 con-

371 4102 516 4154 tiuuo
550 4102 776 4153 libenter
803 4099 963 4152 etiam
993 4097 1145 4150 nobis
1170 4095 1342 4148 aderit
1386 4103 1439 4146 et
1481 4094 1694 4147 assislet
1735 4092 1895 4146 Deus.

436 4188 489 4240 4.
515 4188 643 4253 Quze
676 4196 849 4240 autem
876 4194 998 4239 sunt
1037 4186 1089 4237 in
1126 4184 1576 4251 consequentibus
1606 4183 1896 4237 videamus.

372 4274 745 4327 Circumdatur
787 4272 1022 4335 Iericho,
1057 4271 1347 4340 expugnari
1395 4285 1510 4323 eam
1545 4282 1762 4324 necesse
1795 4282 1897 4325 εει.

1743 311 2057 373 ORIGENIS

339 448 583 520 pmcipis
624 460 780 501 servo
826 453 914 499 tuo
940 445 965 498 ἳ
996 462 1016 496 ι
1061 443 1196 510 Quid
1232 448 1314 497 est
1341 440 1483 511 quod
1525 453 1621 495 nos
1646 450 1740 509 per
1772 438 1872 490 hoc
1898 438 1944 492 Α
1970 432 2037 485 de
2071 425 2322 520 paradiso
2346 422 2433 520 “in
2482 417 2657 520 huius

3517 274 3607 327 858

2704 406 2925 469 mundi
2975 398 3258 456 exsilium
3317 402 3492 448 trusus
3517 403 3607 446 est.

1968 481 2161 575 Cedet
2188 514 2318 571 caci
2344 513 2391 546 “
2415 510 2511 580 qui
2538 481 2711 563 erant
2747 504 2813 556 in
2858 494 3148 555 Iericho,
3181 487 3252 542 ad
3300 496 3440 580 quos
3485 481 3611 536 venit

1968 572 2126 659 Iesus
2151 610 2212 655 ut
2264 572 2479 653 faceret
2509 607 2611 650 eos
2645 590 2877 649 videre,
2931 582 3203 636 formam
3246 572 3505 642 gerebant
3536 583 3611 624 eo-

1968 709 2086 749 rum
2120 691 2212 760 qui
2241 690 2296 744 in
2325 688 2435 742 hoc
2469 681 2684 739 mundo
2719 674 3005 730 caecitate
3038 663 3389 738 ignorantiae
3402 674 3612 760 .preme-

1968 747 2188 844 bantur,
2217 780 2286 834 ad
2314 791 2456 847 quos
2487 772 2639 828 venit
2667 767 2859 824 Filius
2888 761 3029 816 Dei.
3065 756 3210 812 Haec
3238 767 3375 823 ergo
3396 747 3612 847 Iericho,

1968 874 2020 929 id
2049 880 2134 927 est
2177 842 2418 924 mundus
2464 865 2557 919 hic
2608 872 2860 916 casurus
2906 859 3031 907 est.
3070 842 3504 904 Consummatio
3545 850 3614 929 et-

1969 962 2112 1015 enim
2131 956 2315 1014 sreculi
2342 954 2461 1020 iam
2490 950 2699 1005 dudum
2718 942 2958 1001 sanctis
2990 933 3398 992 voluminibus
3426 925 3617 999 pervul-

1969 1061 2091 1122 gata
2129 1057 2233 1104 est.
2267 1043 2554 1112 Quomodo
2578 1052 2716 1107 ergo
2742 1036 2798 1090 ei
2860 1023 3323 1087 consummatio
3373 1014 3615 1122 dabitur?

1971 1108 2166 1210 quibus
2197 1108 2462 1204 organis?
2492 1129 2760 1189 Vocibus,
2801 1122 3036 1190 inquit,
3078 1117 3380 1171 tubarum.
3407 1108 3618 1174 Quarum

1973 1203 2223 1284 tubarum
2243 1203 2489 1278 {Paulus
2523 1219 2619 1273 tibi
2649 1213 2864 1270 secreti
2896 1211 3085 1278 huius
3120 1203 3335 1275 prodat
3365 1210 3617 1252 arcanum.

1970 1316 2112 1370 Audi
2143 1314 2261 1382 ipse
2300 1312 2434 1381 quid
2465 1309 2616 1363 dicat
2651 1320 2667 1357 :
2711 1322 2730 1354 ι
2771 1299 2997 1362 Canet,
3065 1293 3271 1362 inquit
3308 1289 3381 1382 ξ’,
3422 1286 3558 1348 tuba,
3579 1292 3622 1382 et

1974 1372 2179 1459 mortui
2212 1372 2392 1469 qui—in
2424 1398 2651 1452 Christo
2705 1400 2879 1453 sunt,
2926 1392 3267 1453 resurgant
3316 1372 3619 1469 incorrupti,

1973 1505 2029 1548 et
2054 1496 2170 1561 ipse
2207 1462 2473 1544 Dominus
2501 1489 2557 1539 in
2587 1483 2777 1553 iussu,
2810 1478 2872 1531 in
2903 1488 3064 1530 voce
3116 1465 3555 1561 archangeliuet
3578 1462 3621 1515 in

1978 1550 2105 1636 tuba
2153 1580 2248 1633 Dei
2283 1550 2601 1631 descendet
2634 1572 2708 1626 de
2758 1567 2949 1623 caelo.
2995 1579 3019 1612 ι
3068 1560 3249 1615 Tune
3308 1571 3440 1627 ergo
3488 1550 3624 1608 Iesus

1978 1672 2238 1725 Dominus
2269 1678 2457 1722 noster
2484 1678 2610 1719 cum
2645 1660 2802 1715 tubis
2857 1658 3079 1711 vincet
3118 1649 3364 1707 Iericho
3425 1654 3479 1701 et
3520 1658 3627 1712 pro-

1908 1736 1950 1790 Β
1979 1768 2189 1816 sternet
2210 1773 2356 1818 eam,
2387 1756 2464 1809 ita
2492 1763 2555 1807 ut
2582 1768 2651 1808 ex
2684 1766 2754 1806 ea
2801 1746 3113 1804 meretrix
3148 1742 3276 1799 sola
3311 1738 3559 1801 salvetur,
3583 1745 3627 1787 et

1981 1850 2161 1905 omnis
2186 1848 2380 1902 domus
2406 1844 2548 1912 ejus.
2591 1840 2823 1903 Veniet,
2866 1837 3101 1906 inquit,
3157 1830 3440 1886 Dominus
3466 1834 3626 1879 noster

1979 1942 2159 2004 Iesus,
2193 1947 2249 1990 et
2296 1936 2349 1988 in
2384 1936 2647 1987 tubarum
2701 1941 2856 1983 voce
2912 1927 3147 1981 veniet.
3205 1921 3323 1977 Sed
3366 1917 3478 1986 iam
3509 1928 3627 1969 nunc

1982 2042 2200 2082 oremus
2225 2035 2284 2079 ut
2317 2024 2509 2076 veniat
2555 2027 2614 2073 et
2638 2018 2918 2070 destruat
2979 2012 3300 2071 mundum,
3335 2009 3426 2075 qui
3458 2007 3506 2058 in
3535 2018 3627 2056 rna-

1985 2119 2131 2186 Iigno
2158 2116 2366 2184 positus
2394 2120 2480 2166 est
2509 2111 2578 2173 ³¹,
2613 2118 2671 2161 et
2699 2107 2909 2161 omnia
2970 2118 3112 2171 quae
3157 2102 3217 2153 in
3266 2095 3472 2152 mundo
3500 2100 3626 2156 sunt,

1984 2208 2108 2276 quia
2147 2182 2175 2256 ί
2204 2216 2365 2258 omne
2411 2201 2559 2270 quod
2619 2199 2677 2251 in
2726 2196 2963 2250 mundo
3020 2200 3145 2256 est,
3208 2182 3630 2257 concupiscentia

1993 2294 2174 2349 carnis
2196 2302 2301 2355 est,
2331 2300 2386 2344 et
2417 2284 2902 2354 concupiscentia
2955 2283 3278 2337 oculorum
3310 2275 3522 2329 ".alsla
3549 2271 3628 2325 de-

1987 2393 2181 2446 struat,
2205 2384 2306 2436 ista
2329 2379 2675 2446 iamiamque
2701 2372 3041 2435 dissolvat,
3071 2371 3268 2427 salvet
3305 2376 3483 2422 autem
3511 2363 3629 2417 hanc

1989 2479 2157 2529 solam
2189 2485 2309 2539 quin
2337 2468 2731 2536 exploratores
2755 2465 2895 2533 eius
2931 2464 3231 2532 suscepit,
3267 2473 3394 2529 quae
3418 2458 3629 2523 Aposto-

1995 2567 2073 2619 los
2099 2565 2216 2631 ejus
2240 2563 2293 2613 in
2324 2560 2429 2612 ﬁde
2454 2567 2511 2611 et
2548 2556 2893 2611 obedientia
2958 2563 3268 2624 receptos,
3302 2552 3359 2604 in
3391 2545 3619 2616 superio-

1994 2656 2143 2708 ribus
2189 2646 2501 2713 collocavit,
2551 2655 2611 2698 et
2656 2644 2955 2711 adiungat
2986 2652 3051 2698 et
3081 2645 3277 2699 societ
3308 2640 3628 2695 meretricem

1995 2747 2132 2799 hanc
2166 2755 2288 2795 cum
2346 2737 2511 2791 domo
2559 2735 2761 2790 Israel.
2831 2735 2956 2789 Sed
3007 2734 3133 2799 iam
3168 2748 3285 2788 non
3324 2740 3627 2800 repetamus,

1994 2848 2095 2889 nec
2132 2839 2453 2899 reputemus
2480 2826 2531 2879 ei
2559 2834 2823 2878 veterem
2860 2823 3133 2892 culpam.
3180 2821 3493 2891 Aliquando
3531 2832 3630 2871 me-

1995 2924 2163 2978 retrix
2197 2921 2315 2984 fuit,
2348 2929 2492 2970 nunc
2541 2924 2735 2968 autem
2776 2914 2889 2967 uni
2939 2916 3075 2967 viro
3115 2924 3282 2968 casto
3309 2914 3459 2980 virgo
3490 2917 3624 2962 casta

1996 3013 2238 3081 copulata
2270 3018 2350 3063 est
2373 3004 2617 3060 Christo.
2655 3004 2813 3057 Audi
2868 3004 3228 3073 Apostolum
3285 3004 3540 3056 dicentem
3569 2996 3628 3048 de

1995 3120 2056 3159 ea
2086 3104 2133 3135 ³⁸
2164 3120 2178 3156 :
2221 3120 2239 3153 ι
2271 3097 2446 3154 Statui
2475 3105 2665 3149 autem
2701 3096 2822 3148 hoc
2853 3094 3080 3163 ipsum,
3112 3094 3213 3147 uni
3241 3092 3364 3147 viro
3384 3087 3623 3158 virginea

1994 3203 2196 3251 castam
2224 3200 2318 3244 vos
2344 3187 2608 3241 exhibere
2638 3184 2912 3240 Christo.
2957 3203 2980 3236 ι
3028 3182 3118 3237 Ex
3152 3186 3274 3253 ipsa
3304 3191 3421 3237 erat
3450 3188 3501 3234 et
3545 3176 3626 3230 ille

1995 3286 2108 3353 ipse
2138 3281 2229 3349 qui
2257 3278 2473 3333 dicebat
2499 3274 2545 3307 ⁸⁸
2580 3294 2592 3328 :
2628 3291 2646 3324 ι
2688 3272 2950 3328 Fuimus
2978 3277 3145 3327 enim
3169 3283 3231 3328 et
3247 3286 3348 3327 nos
3362 3265 3623 3336 aliquando

1995 3375 2329 3443 insipientes,
2363 3365 2657 3425 increduli.
2695 3376 3012 3427 errantes,
3068 3366 3387 3420 servientes
3426 3356 3618 3413 deside-

1996 3465 2091 3518 riis
2117 3472 2169 3515 et
2205 3458 2581 3528 voluptatibus
2607 3455 2816 3509 variis.
2850 3474 2871 3506 ι
2902 3454 3008 3510 Vis
3041 3455 3241 3510 adhuc
3264 3451 3523 3522 copiosius
3549 3446 3621 3500 dic

1994 3567 2168 3615 scere,
2192 3548 2463 3618 quomodo
2514 3544 2796 3600 meretrix
2853 3545 2989 3613 jam
3044 3561 3167 3600 non
3221 3546 3299 3599 sit
3350 3534 3625 3596 meretrix?

1994 3644 2131 3699 Audi
2160 3643 2334 3695 adhuc
2367 3637 2598 3691 Paulum
2635 3638 2939 3692 dicentem
2980 3639 3032 3669 ³⁸
3066 3657 3083 3692 :
3126 3656 3147 3690 ‹
3180 3638 3252 3693 Et
3283 3640 3399 3693 haec
3432 3632 3623 3703 quidem

1998 3733 2196 3793 fuistis,
2224 3729 2318 3783 sed
2375 3727 2550 3781 abluti
2582 3726 2751 3790 estis;
2801 3726 2908 3781 sed
2967 3727 3329 3781 sanctiﬁcati
3366 3725 3494 3777 estis
3524 3714 3622 3787 (87)

1998 3825 2049 3877 in
2076 3821 2290 3875 nomine
2318 3817 2533 3872 Domini
2580 3816 2769 3872 nostri
2807 3816 2952 3871 Iesu
2984 3818 3241 3883 Christi,
3270 3826 3328 3872 et
3358 3818 3412 3869 iu
3443 3808 3623 3881 Spiritu

1997 3913 2091 3966 Dei
2121 3908 2418 3965 nostri.iUt
2447 3908 2597 3962 enim
2639 3918 2847 3976 posset
2877 3910 3159 3972 evadere,
3210 3923 3284 3962 ne
3337 3920 3459 3960 cum
3508 3899 3626 3954 Ieri-

1997 4004 2099 4057 cho
2130 4003 2400 4063 interiret,
2462 3999 2889 4053 validissimum
2943 4002 3018 4055 ab
3068 3994 3526 4068 exploratoribus
3559 3987 3624 4042 si-

2000 4105 2158 4160 gnum
2217 4088 2411 4142 salutis
2464 4090 2722 4156 accepit,
2792 4101 3062 4159 spartum
3128 4091 3485 4144 coccineum.
3540 4080 3626 4135 Per

1999 4178 2197 4233 Christi
2225 4177 2433 4231 etenim
2481 4179 2829 4246 sanguinem
2894 4179 3161 4234 Ecclesia
3224 4181 3349 4235 haec
3395 4176 3623 4230 universa

2001 4269 2264 4333 salvator,
2299 4267 2352 4320 in
2388 4267 2510 4334 ipso
2544 4265 2680 4320 Iesu
2729 4268 2977 4325 Christo
3023 4271 3273 4325 Domino
3315 4278 3522 4327 nostro,
3550 4257 3625 4312 cui

372 4362 650 4427 Quomodo
680 4375 808 4426 ergo
863 4371 1198 4428 expugnatur
1227 4358 1486 4414 Iericho?
1532 4359 1749 4415 Gladius
1791 4374 1897 4414 non
1930 4354 1975 4406 D
2003 4366 2085 4412 est
2111 4357 2281 4426 gloria
2315 4365 2371 4410 et
2413 4358 2714 4424 imperium
2759 4360 2887 4433 (88)
2943 4364 3001 4416 in
3051 4363 3265 4417 saecula
3300 4356 3622 4415 seculorum.

370 4449 614 4505 educitur
635 4449 889 4502 adversus
912 4464 1049 4513 eam,
1078 4450 1216 4503 aries
1241 4464 1343 4503 non
1373 4451 1636 4520 dirigitur,
1672 4465 1767 4503 nec
1796 4452 1896 4503 tela

369 4542 673 4600 vibrantur,
708 4539 843 4590 tubae
880 4537 1210 4592 solummodo
1247 4540 1604 4594 sacerdotales
1640 4540 1897 4593 adhiben-

374 4642 481 4694 tur,
509 4637 562 4682 et
587 4627 668 4681 his
699 4622 912 4680 Iericho
940 4628 1073 4678 muri
1104 4627 1451 4682 subruuntur.
1485 4628 1732 4700 Inﬁgura
1762 4629 1900 4683 enim

375 4719 551 4772 nmudi
578 4717 700 4785 poni
736 4714 948 4769 Iericho
980 4717 1031 4767 in
1073 4714 1362 4782 Scripturis
1402 4716 1709 4786 frequenter
1756 4718 1904 4771 inve-

374 4811 569 4863 nimus.
595 4805 730 4859 Nam
766 4813 818 4858 et
856 4804 907 4855 iu
939 4802 1226 4869 Evangelio
1261 4802 1306 4833 ”
1352 4806 1490 4872 quod
1521 4808 1714 4860 dicitur
1744 4810 1903 4863 homo

374 4903 440 4953 de
463 4896 753 4951 Ierusalem
786 4895 837 4946 in
864 4892 1081 4947 Iericho
1116 4892 1451 4947 descendisse
1496 4897 1627 4949 etin
1670 4895 1905 4950 latrones

376 4990 686 5052 incurrisse,
726 4985 895 5038 forma
941 4984 1056 5037 sine
1104 4982 1262 5036 dubio
1313 4993 1431 5037 erat
1464 4985 1605 5038 illius
1635 4987 1783 5051 Adae,
1817 4987 1907 5055 qui

439 5081 525 5133 “I
567 5078 717 5132 Ioan.
756 5091 831 5133 tv.
878 5076 927 5127 l.
1038 5075 1082 5105 "
1111 5074 1237 5127 Luc.
1267 5089 1379 5137 ιιι,
1416 5076 1609 5139 17,20.

378 5216 420 5247 ³⁸
450 5219 550 5269 'l'it.
593 5232 672 5281 tu,
698 5218 752 5269 5.
824 5215 869 5246 ³⁵
903 5213 922 5266 l
950 5213 1073 5267 Cor.
1103 5229 1177 5274 vt.
1216 5212 1302 5267 ll.

448 5308 557 5373 (86)
588 5308 727 5359 Idem
759 5319 775 5358 :
816 5324 833 5355 ι
864 5303 1222 5357 mortalitatis.
1259 5321 1276 5352 ι

450 5368 558 5442 (8Ἱ)
595 5374 694 5427 Sed
739 5373 1049 5439 sanctiﬁcati
1096 5373 1232 5423 estis.
1275 5370 1395 5424 Hazc
1427 5372 1614 5442 desunt
1666 5368 1716 5419 in
1755 5368 1904 5442 Iihﬂris

384 5437 561 5517 editis,
592 5445 680 5493 scd
720 5437 962 5517 leguntur
997 5442 1047 5492 in
1080 5443 1247 5517 tribus
1281 5455 1407 5494 mss.
1458 5438 1766 5504 Sangerm.,
1802 5437 1905 5489 Ce-

388 5509 558 5557 mmic.
594 5520 643 5558 el
672 5525 775 5561 uno
808 5509 1134 5561 Ehroicensi.

457 5572 562 5640 (88)
591 5574 713 5627 Post
740 5580 1003 5642 imperium
1033 5592 1165 5630 unus
1188 5574 1522 5632 Ehroicensis
1540 5572 1682 5625 addit
1714 5590 1763 5625 ;ι
1792 5588 1909 5627 cum

439 5081 525 5133 “I
567 5078 717 5132 Ioan.
756 5091 831 5133 tv.
878 5076 927 5127 l.
1038 5076 1082 5105 "
1111 5076 1237 5127 Luc.
1267 5089 1379 5137 ιιι,
1416 5076 1609 5139 17,20.
1717 5078 1762 5108 ³⁸
1793 5076 1883 5128 Ins

377 5148 420 5179 ³⁸
454 5149 637 5201 Μςιιιὴ.
666 5162 759 5200 xx.
828 5146 869 5177 "
894 5145 911 5197 I
937 5148 1058 5197 Cor.
1085 5159 1172 5206 xv,
1203 5143 1294 5205 52,
1316 5153 1367 5197 et
1397 5142 1415 5195 l
1445 5144 1636 5199 'I‘hess.
1671 5159 1742 5207 Iv,
1766 5146 1819 5198 5.

2069 5079 2097 5129 ἱ.
2198 5078 2245 5109 ³⁷
2295 5079 2398 5131 Exc

2069 5161 2175 5200 ian.
2208 5162 2262 5209 v,
2314 5148 2398 5201 l9.

2000 4448 2191 4501 Arnen.

2582 4533 2891 4592 IIOMILIA
2937 4540 3060 4598 VII.

2009 4623 2084 4678 De
2108 4622 2319 4701 Iericho
2346 4624 2615 4701 quomodo
2646 4637 2816 4701 capta
2864 4641 2970 4681 est.
3036 4629 3106 4682 Et
3136 4628 3214 4682 uti
3256 4624 3502 4695 praecepit
3545 4618 3627 4672 Je-

2078 4708 2168 4743 sus
2211 4689 2584 4769 β’(ξξιΙχι-αξι,
2634 4689 2724 4769 ,ιιῐ
2766 4697 2837 4748 de
2894 4689 3265 4769 anathemate.
3311 4689 3624 4769 nonfurtu-

2082 4757 2354 4830 fenl‘l89).
2399 4757 2469 4809 Et
2502 4759 2658 4813 Raab
2705 4770 2998 4830 quomodo
3027 4768 3240 4820 saluata
3264 4776 3369 4818 est.
3402 4760 3469 4814 Et
3492 4762 3624 4830 dego

2075 4824 2398 4904 quifuratus
2411 4837 2489 4879 est
2506 4843 2574 4879 ea:
2599 4824 2965 4891 anathemate
2988 4838 3234 4904 linguam
3260 4846 3480 4887 auream
3500 4824 3627 4897 (90).

2077 4906 2123 4947 et
2150 4897 2407 4947 dextralia
2436 4912 2595 4964 pura.

2081 4987 2131 5038 I.
2162 4984 2386 5041 Iericho
2440 4988 2592 5043 tubis
2647 4990 2959 5048 subruitur
3012 4992 3396 5049 sacerdotum.
3442 4985 3623 5042 Statim

2802 5085 2854 5118 ⁸⁸
2877 5084 3048 5141 Ioan.
3079 5097 3194 5139 xm.
3324 5082 3373 5113 ”
3411 5079 3538 5132 Luc.
3571 5090 3619 5124 ι.

2477 5148 2523 5179 ³³
2575 5150 2597 5201 ι
2652 5149 2828 5209 Ioan.
2863 5171 2931 5221 ιι,
2967 5158 3060 5209 lli.
3140 5154 3180 5184 ³⁵
3209 5149 3254 5204 II
3279 5149 3413 5206 Cor.
3447 5163 3507 5210 ιι,
3542 5145 3620 5199 ll.

2198 5078 2245 5109 ³⁷
2295 5079 2466 5133 Exod.
2500 5094 2592 5143 ιιι,
2620 5081 2679 5135 5.

2011 5302 2214 5371 Spiritu
2250 5315 2465 5361 sancto.
2515 5324 2536 5358 ι

2084 5373 2205 5455 (89)Δ
2234 5374 2301 5426 Et
2344 5378 2419 5428 uti
2466 5384 2727 5449 prrrcepit
2753 5384 2920 5440 Iesus
2946 5386 3075 5455 ﬁliis
3101 5380 3301 5455 Israel,
3330 5391 3387 5455 ut
3409 5380 3476 5432 de
3497 5392 3619 5455 ρξε’

2014 5439 2240 5523 ιήειηςιιε
2290 5461 2395 5498 ηοιι
2438 5439 2747 5523 sumerem.
2780 5439 2909 5511 llaec
2946 5439 3344 5523 'desiderautur
3370 5446 3619 5523 iu_tribu8

2017 5511 2553 5581 “‘s.5_'§3'lge"'“m|-.
2599 5520 2882 5581 Gemetic.
2914 5536 2964 5578 et
2995 5537 3099 5574 uno
3126 5516 3470 5573 Ehroiceusi.

2088 5576 2198 5642 (90)
2242 5576 2549 5656 δξὶιιεετιιιί
2584 5609 2607 5643 t
2650 5576 3162 5667 auream.
3199 5603 3219 5637 ι
