3822 6240
1366 368 1430 422 ΙΝ
1469 367 1729 427 LiBRUM
1762 373 1924 429 JESU
1955 371 2135 425 NAVE
2158 368 2433 425 HOMILIA
2464 369 2574 424 νη.

3466 371 3566 427 858

99 428 202 590 21‘“
477 447 778 590 ;:?::::l
1117 475 1449 556 increpuit,
1488 504 1764 546 murorum
1801 492 1948 559 deje-
1975 495 2017 549 Α
2045 490 2136 542 sed
2171 504 2332 589 unum
2364 487 2723 590 tantum-modo
2744 487 3008 588 hominem
3038 489 3163 543 facit
3198 491 3428 547 beatum.
3476 494 3564 546 Sic

316 629 739 735 β-ῐοτιξιειιιι
768 646 993 702 saeculi
1025 667 1364 722 praesentis
1389 629 1654 731 obtineart,
1675 629 1835 733 ειιὶυξ
1859 682 1943 720 ro-

437 733 843 829 Tilnl-Tenta
870 746 1375 811 sacerdotalibus
1406 759 1549 812 tubis
1567 758 1807 811 videmus
1825 770 1943 810 esse

372 814 923 926 {ithFirmit-as
979 849 1278 926 namque
1310 854 1363 899 et
1390 846 1716 900 munimenta
1750 845 1941 912 quibus

162 918 616 1008 ξᾷςξρωτιε
655 918 941 1008 ῐιξξιῐξιὶιιε
978 924 1104 983 iste
1158 934 1451 989 nitebatur
1502 936 1635 1004 (9i),
1684 935 1938 989 idolorum

468 1010 632 1067 CN“.
689 1004 1171 1077 divinationum
1224 1024 1443 1079 fallacia
1489 1035 1604 1078 arte
1645 1025 1937 1077 daemonum

209 1097 619 1170 ιιῖχιὶκξιτδίθο
662 1106 984 1164 ³⁸³8ι³¹⁵υηι
1036 1116 1226 1177 atque
1265 1112 1601 1179 aruspicum,
1643 1122 1919 1176 magorum

220 1214 344 1264 «αθ
366 1192 774 1252 commenta.
804 1191 1038 1256 quibus
1065 1202 1334 1255 omnibus
1362 1201 1508 1255 velut
1532 1200 1696 1253 muris
1726 1197 1938 1250 validis-

246 1287 425 1338 ςχωῑε,
455 1274 865 1333 ambiebatur
908 1284 1014 1339 hic
1072 1291 1343 1344 mundus.
1384 1290 1602 1357 Insuper
1640 1291 1797 1343 ctiam
1854 1291 1934 1343 di-

272 1374 471 1425 versis
504 1369 1007 1439 philosophorum
1036 1378 1212 1448 512
1245 1381 1582 1449 dogmatibus
1623 1390 1674 1433 et
1702 1380 1937 1432 etiiinen—

260 1459 533 1514 tissirnis
571 1461 1029 1519 assertionibus
1055 1482 1124 1521 ac
1153 1468 1601 1535 disputationibus
1633 1468 1766 1537 (92),
1798 1469 1935 1521 velut

242 1549 548 1618 proceris
616 1551 992 1618 quibusdam
1040 1568 1099 1610 et
1141 1559 1372 1611 robustis
1405 1559 1639 1611 turribus
1686 1559 1935 1610 ﬁrmaba-

242 1649 378 1690 tur.
422 1635 712 1691 Veniens
763 1655 918 1697 vero
972 1644 1247 1700 Dominus
1275 1654 1453 1699 noster
1484 1645 1637 1699 Jesus
1667 1645 1930 1709 Christus,

241 1726 447 1794 cujus
480 1725 576 1779 ille
627 1727 817 1794 prior
857 1730 1019 1787 ﬁlius
1072 1733 1219 1788 Nave
1263 1734 1577 1803 designabat
1622 1734 1929 1797 adventum,

229 1815 455 1869 mittit
507 1818 891 1872 sacerdotes
948 1822 1225 1887 apostolos
1274 1837 1401 1876 suos
1448 1833 1719 1892 portantes
1780 1827 1934 1879 tubas

225 1902 565 1964 ductiles,
634 1906 1102 1972 praedicationis
1155 1909 1491 1976 magniﬁcam
1554 1912 1933 1979 caelestemque

218 1992 647 2046 doctrinam.
724 1994 1108 2051 Sacerdotali
1156 1999 1279 2052 tuba
1311 2000 1516 2064 primus
1555 2000 1606 2052 in
1642 2002 1932 2070 Evangelia

215 2096 349 2135 suo
402 2081 779 2139 Matthznus
821 2087 1128 2154 increpuit.
1161 2087 1368 2143 Marcus
1421 2104 1651 2157 quoque,
1677 2091 1845 2145 Lucas
1874 2101 1931 2145 et

209 2167 520 2225 Joannes
586 2173 745 2227 suis
777 2173 1031 2242 singulis
1054 2174 1194 2228 tubis
1243 2178 1665 2230 sacerdotalibus
1717 2178 1930 2232 cecine-

214 2275 411 2318 runt.
464 2264 716 2321 Petrus
744 2268 939 2321 etiam
972 2268 1177 2322 duabus
1203 2268 1685 2339 (95)Epistolarum
1714 2288 1928 2327 suarum

212 2366 555 2425 personat
587 2358 821 2411 tubis.
852 2357 1095 2412 Iacobus
1119 2373 1329 2427 quoque
1356 2368 1411 2414 et
1435 2360 1617 2414 Iudas.
1647 2362 1806 2415 Addit
1849 2364 1929 2415 ni-

213 2446 602 2500 hilominus
649 2448 880 2501 adhuc
909 2456 966 2501 et
1009 2447 1242 2502 Joannes
1269 2450 1392 2501 tuba
1440 2464 1633 2503 canere
1679 2466 1773 2519 per
1804 2452 1927 2519 Epi-

214 2538 443 2591 stolas
494 2552 665 2592 suas
719 2546 792 2591 et
847 2536 1250 2606 Apocalypsim,
1281 2546 1336 2593 et
1360 2538 1531 2592 Lucas
1570 2541 1925 2608 apostolorum

214 2633 421 2690 gesta
469 2622 897 2678 describens.
934 2622 1237 2676 Novissime
1260 2635 1436 2676 autem
1462 2625 1551 2678 ille
1578 2627 1815 2690 veniens,
1837 2628 1925 2694 qui

216 2711 413 2764 dixit
454 2711 505 2747 ³⁷
559 2732 577 2766 :
640 2730 670 2763 ι
730 2711 893 2765 Puto
927 2720 1107 2764 autem
1136 2726 1233 2766 nos
1264 2712 1404 2766 Deus
1438 2714 1756 2769 novissimos
1798 2730 1927 2783 apo-

218 2800 453 2855 stolos
487 2802 829 2868 ostendit,
864 2820 884 2852 ι
925 2811 979 2856 et
1020 2803 1071 2855 in
1117 2804 1524 2871 quatuordecim
1577 2804 1920 2871 epistolarum

219 2902 507 2945 suarum
555 2892 929 2946 fulminatus
954 2893 1115 2956 tubis,
1155 2907 1336 2947 muros
1369 2892 1605 2957 Jericbo,
1646 2902 1699 2946 ct
1738 2910 1924 2948 omnes

221 2979 655 3036 idololatriae
736 2982 1060 3043 machinas,
1110 2991 1164 3035 et
1204 2982 1641 3050 philosophorum
1675 2984 1919 3051 dogmata

222 3084 452 3140 usque
499 3074 588 3127 ad
632 3069 1033 3125 fundamenta
1059 3071 1271 3138 deiecit.

310 3163 384 3215 2.
422 3160 659 3217 Movet
699 3173 807 3212 me
833 3173 966 3213 sane
994 3160 1150 3214 etiam
1182 3160 1307 3214 illud
1320 3161 1459 3231 quod
1485 3161 1707 3215 historia
1737 3162 1918 3230 refert,

215 3253 381 3320 quia
428 3268 561 3306 non
612 3250 841 3304 solum
880 3250 1187 3303 sacerdotes
1211 3251 1350 3304 tubis
1371 3251 1699 3314 cecinerunt,
1736 3260 1791 3303 ut
1828 3266 1922 3304 ea—

216 3345 471 3395 derent
505 3341 701 3396 muri
750 3336 1008 3401 Jericho,
1038 3339 1126 3391 sed
1153 3349 1207 3392 et
1244 3341 1423 3394 audita
1464 3355 1593 3395 voce
1624 3342 1761 3395 tuba:
1790 3342 1922 3394 dici-

218 3440 332 3484 tur
369 3432 762 3485 universus
800 3426 1034 3495 p0pulus
1070 3427 1300 3482 ululasse
1333 3429 1535 3481 ululatu
1565 3444 1778 3495 magno,
1817 3431 1919 3493 vel,

214 3522 403 3575 sicut
450 3522 512 3574 in
558 3519 731 3574 aliis
769 3516 1181 3585 exemplaribus
1203 3517 1731 3583 habetur,jubilasse
1758 3520 1924 3585 jubilo

216 3623 500 3677 magno.
551 3608 641 3663 Et
687 3606 967 3674 quamvis
992 3605 1088 3658 iste
1115 3620 1291 3660 sermo
1316 3605 1605 3674 improprie
1641 3608 1925 3661 translatus

206 3713 371 3755 ﬁse
408 3700 772 3760 videatur,
804 3694 1120 3763 ἀλαλαγμός
1148 3696 1288 3750 enim
1339 3698 1392 3750 in
1438 3698 1624 3751 Graeco
1668 3700 1920 3766 scriptum

211 3797 353 3849 est,
396 3787 586 3853 quod
666 3795 872 3848 neque
910 3780 1158 3848 jubilum,
1205 3798 1377 3852 neque
1425 3783 1678 3837 ululatum
1717 3787 1925 3853 proprie

214 3874 618 3944 signiﬁcat,
665 3869 788 3923 sed
820 3867 968 3920 illam
993 3870 1163 3937 magis
1185 3872 1412 3924 ostendit
1440 3886 1642 3930 vocem,
1670 3887 1771 3939 qua
1801 3873 1922 3926 belli

212 3974 542 4033 tempore
579 3958 914 4016 exercitus
936 3957 1221 4012 clamorem
1243 3975 1532 4015 consonum
1566 3961 1777 4023 tollens,
1803 3977 1925 4013 uua-

216 4056 513 4113 nimiter
542 4064 717 4107 sese
750 4048 1033 4102 cohortari
1061 4050 1128 4102 ad
1157 4050 1393 4117 prmlium
1422 4049 1556 4104 solet
1584 4068 1597 4103 :
1634 4059 1807 4102 tamen
1838 4052 1923 4104 hic

228 4160 489 4202 sermo
517 4145 602 4196 in
646 4139 967 4206 Scripturis
1004 4138 1255 4204 jubilatio
1288 4140 1459 4204 magis
1502 4155 1657 4206 quam
1708 4140 1925 4194 ululatio

244 4232 624 4290 consuevit
651 4227 921 4289 inscribi,
949 4238 1006 4279 ut
1029 4227 1099 4281 ibi
1125 4227 1170 4259 ⁸⁸
1195 4243 1209 4278 :
1243 4245 1262 4278 ι
1296 4226 1525 4281 Jubilate
1544 4228 1787 4291 Domino,
1811 4243 1925 4281 om-

249 4328 364 4380 nis
439 4334 652 4376 terra.
697 4336 720 4370 ι
756 4314 831 4369 Ει
884 4315 1079 4370 iterum
1126 4317 1169 4347 "
1214 4332 1230 4368 :
1267 4316 1303 4367 ι’
1342 4315 1536 4369 Beatus
1588 4318 1809 4384 populus
1834 4319 1920 4383 qui

426 541 1227 649 t'anrbitus.J)ixeramus
1274 541 1449 632 eiiaui
1486 589 1541 632 et
1588 583 1760 649 prius,
1801 541 1941 648 quod
2040 580 2179 633 enim
2218 578 2350 631 dicit
2376 576 2420 607 ⁸ο
2456 592 2470 628 :
2501 595 2520 627 ι
2561 577 2755 630 Beatus
2780 578 2861 629 vir
2889 579 2979 643 qui
3025 580 3173 633 timet
3208 581 3505 635 Dominum.
3538 601 3558 633 s

2039 666 2176 720 Alibi
2202 667 2361 720 etiam
2386 664 2565 734 plures
2586 664 2721 717 ﬁunt
2750 666 2887 719 beati
2921 666 2989 731 “,
3017 668 3151 721 sicut
3171 683 3427 737 pauperes
3453 670 3564 738 Spi-

2040 755 2165 817 ritu,
2200 754 2284 808 vel
2331 755 2615 819 mansueti,
2663 754 2746 809 vel
2797 754 3027 821 pacitici,
3060 756 3142 808 vel
3169 758 3350 810 mundi
3380 758 3563 811 corde.

2043 843 2138 897 llic
2159 851 2335 897 autem
2366 842 2641 897 beatitudo
2672 845 2890 910 profusa
2915 853 3018 906 est,
3057 852 3112 897 et
3160 854 3305 899 tanta
3347 846 3433 900 hic
3470 863 3565 901 ne-

2039 936 2151 989 scio
2186 949 2302 1001 quae
2334 948 2494 987 causa
2525 934 2868 988 beatitudinis
2912 934 3197 999 indicatur,
3242 943 3299 986 ut
3345 935 3565 989 univer-

2037 1038 2152 1075 sum
2205 1023 2405 1091 pariter
2446 1023 2694 1099 populum
2746 1023 2907 1077 faciat
2962 1024 3193 1088 beatum,
3235 1024 3324 1090 qui
3385 1033 3563 1078 tamen

2038 1113 2223 1165 scierit
2266 1111 2659 1177 jubilationem.
2719 1112 2871 1167 Unde
2915 1113 3042 1165 mihi
3072 1113 3280 1165 videtur
3322 1112 3567 1178 jubilatio

2038 1199 2141 1252 ista
2176 1198 2413 1253 indicare
2453 1202 2735 1267 quemdam
2774 1202 3075 1254 concordiae
3115 1211 3169 1254 et
3204 1201 3567 1255 unanimitatis

2036 1288 2304 1342 aﬂ'ectum.
2329 1288 2427 1353 Qui
2456 1290 2500 1343 si
2532 1290 2726 1343 incidat
2758 1291 2811 1343 iu
2839 1290 2972 1343 duos
3001 1289 3086 1342 vel
3115 1297 3223 1343 tres
3254 1290 3450 1343 Christi
3486 1291 3566 1344 di-

2034 1377 2283 1443 scipulos,
2302 1378 2479 1431 omnia
2507 1392 2834 1445 quacunque
2860 1378 3110 1445 petierint
3137 1379 3187 1431 in
3218 1379 3430 1433 nomine
3455 1378 3565 1433 Sal-

2034 1467 2253 1530 vatoris,
2287 1475 2504 1535 praestat
2544 1468 2623 1520 cis
2657 1466 2814 1519 Pater
2837 1467 3089 1521 ccelestis.
3132 1467 3189 1521 Si
3238 1483 3362 1522 vero
3418 1476 3561 1521 tanta

2035 1556 2192 1609 fuerit
2221 1557 2509 1618 beatitudo,
2560 1565 2617 1609 ut
2670 1557 2947 1611 universus
2994 1558 3217 1625 pupulus
3265 1573 3485 1612 concors
3509 1566 3564 1612 et

2034 1645 2299 1698 unanimis
2334 1655 2568 1708 maneat,
2603 1653 2657 1696 ut
2686 1647 2868 1699 eadem
2895 1646 3077 1699 dicant
3102 1648 3352 1701 omnesin
3375 1650 3561 1702 eodem

2034 1745 2192 1785 sensu
2250 1743 2408 1801 atque
2440 1735 2491 1786 in
2534 1734 2718 1786 eadem
2751 1737 3009 1787 sententia
3040 1746 3429 1803 permanentes,
3464 1738 3562 1790 isto

1966 1799 2006 1851 Β
2038 1822 2123 1874 tali
2157 1799 2345 1889 popqu
2379 1837 2562 1875 vocem
2596 1823 2919 1876 unanimiter
2945 1799 3208 1889 elevaute,
3238 1825 3327 1877 liet
3354 1825 3465 1892 (95)
3495 1826 3559 1878 il-

2032 1914 2119 1966 lud
2147 1913 2282 1980 quod
2310 1913 2569 1979 scriptum
2603 1921 2685 1965 est
2727 1913 2775 1964 in
2824 1913 3049 1966 Actibus
3085 1915 3447 1981 apostolorum
3493 1916 3561 1979 “,

2030 2002 2155 2069 quia
2183 2012 2337 2053 terra:
2376 2009 2547 2053 motus
2573 2002 2742 2054 factus
2768 2012 2851 2054 est
2874 2017 3113 2071 magnus,
3146 2007 3232 2057 ubi
3273 2014 3395 2058 tunc
3429 2021 3561 2058 una-

2032 2088 2199 2140 nimes
2238 2088 2464 2140 orabant
2498 2088 2717 2155 apostoli
2765 2103 2884 2141 cum
2928 2089 3258 2151 mulieribus.
3294 2099 3346 2144 et
3396 2092 3558 2144 Maria

2031 2186 2196 2228 matre
2234 2175 2354 2229 Jcsu
2387 2191 2400 2225 :
2432 2185 2485 2228 ct
2521 2186 2675 2228 terra:
2723 2186 2870 2229 motu
2918 2176 3062 2230 facto
3101 2180 3455 2241 destruentur,
3504 2189 3561 2233 et

2029 2268 2219 2320 cadent
2249 2268 2423 2319 omnia
2470 2281 2587 2333 qua:
2623 2275 2833 2319 terrena
2863 2276 3006 2331 sunt,
3055 2283 3119 2322 ac
3165 2270 3388 2321 mundus
3446 2272 3560 2337 ipse

2028 2358 2390 2410 subvertetur.
2417 2355 2553 2407 Audi
2580 2355 2806 2422 denique
2832 2354 3111 2408 Dominum
3142 2364 3194 2409 et
3224 2356 3556 2414 Salvatorem

2028 2458 2267 2499 nostrum
2302 2445 2365 2496 ad
2406 2445 2505 2497 hoc
2538 2444 2707 2512 ipsum
2758 2458 2883 2496 suos
2931 2443 3126 2497 milites
3168 2446 3558 2514 cohortantem,

2026 2536 2289 2604 quomodo
2321 2534 2449 2587 dicit
2470 2533 2553 2584 “z
2590 2550 2606 2582 ι
2654 2532 2938 2596 Coulidite,
2962 2548 3060 2599 ego
3084 2533 3185 2586 vici
3216 2536 3488 2589 mumlum.
3533 2556 3553 2589 ι

2024 2626 2116 2679 lllo
2143 2640 2270 2694 ergo
2299 2625 2429 2677 duce
2457 2622 2566 2686 jam
2600 2624 2752 2676 nobis
2774 2624 2945 2675 victus
2960 2631 3041 2675 est
3068 2623 3318 2686 mundus,
3340 2634 3394 2677 et
3421 2628 3556 2679 muri

2022 2717 2135 2782 ejus
2156 2715 2372 2782 collapsi
2405 2723 2551 2775 sunt,
2582 2711 2774 2779 quibus
2822 2712 3063 2765 homines
3090 2711 3270 2764 saeculi
3317 2712 3561 2766 niteban-

2023 2812 2129 2858 tur.
2178 2804 2281 2857 Sed
2313 2812 2367 2856 et
2396 2803 2756 2870 unusquisque
2789 2811 3028 2853 nostrum
3077 2801 3235 2854 debet
3279 2802 3329 2853 in
3361 2810 3557 2854 semet-

2024 2896 2136 2961 ipso
2184 2895 2280 2947 ista
2321 2892 2606 2962 complere.
2652 2891 2825 2943 Habes
2862 2890 2916 2942 in
2946 2898 2997 2941 te
3022 2887 3201 2942 Jesum
3243 2891 3427 2943 ducem
3461 2905 3557 2958 per

2023 2986 2200 3047 ﬁdem,
2225 2984 2308 3037 lac
2332 2983 2423 3036 tibi
2454 2983 2608 3036 tubas
2635 2980 2881 3042 ductiles,
2934 2980 2974 3032 si
3028 2980 3281 3033 sacerdos
3313 2993 3401 3043 es;
3453 2980 3561 3033 imo

1949 3090 1993 3148 ε
2025 3075 2146 3143 quia
2172 3074 2419 3128 sacerdos
2451 3087 2510 3126 es
2546 3071 2697 3141 (gens
2724 3070 2864 3123 enim
2902 3068 3092 3137 regalis
3135 3068 3356 3122 eﬂ'ectus
3380 3084 3457 3133 es,
3492 3077 3547 3123 et.

2025 3166 2381 3219 sacerdotium
2428 3172 2720 3218 sanctum:
2770 3160 2833 3213 de
2868 3170 2918 3215 te
2966 3159 3105 3213 enim
3152 3160 3404 3227 scriptum
3455 3161 3560 3228 est)

2026 3255 2107 3307 l'ac
2158 3254 2249 3307 tibi
2300 3255 2451 3306 tubas
2500 3252 2724 3306 ductiles
2756 3249 2868 3319 (96)
2898 3263 2963 3302 ex
3008 3248 3302 3316 Scripturis
3340 3250 3555 3315 sanctis,

2028 3345 2148 3397 inde
2172 3345 2275 3397 duc
2296 3357 2506 3407 sensus,
2534 3342 2658 3396 inde
2682 3354 2975 3401 sermones,
3009 3348 3281 3406 propterea
3306 3340 3447 3391 enim
3477 3346 3560 3391 tu-

2028 3436 2107 3487 ba:
2147 3432 2368 3485 ductiles
2408 3430 2760 3499 appellantur.
2792 3428 2846 3480 ln
2900 3427 3027 3495 ipsis
3072 3440 3239 3488 cane,
3286 3426 3337 3479 id
3384 3436 3466 3479 est
3503 3426 3557 3477 iu

2029 3522 2248 3591 psalntis
2280 3530 2334 3575 et
2361 3520 2592 3590 hymnis,
2621 3520 2673 3572 in
2703 3518 2930 3571 canticis
2956 3514 3287 3584 spiritalibus
3322 3529 3473 3577 cane,
3498 3516 3551 3567 in

2027 3611 2347 3680 prophetic's
2364 3609 2728 3671 sacramentis,
2750 3609 2802 3660 in
2822 3606 3091 3676 mysteriis
3107 3605 3256 3672 legis,
3279 3603 3330 3654 in
3348 3614 3563 3669 προδιο-

2029 3702 2144 3756 licis
2191 3698 2526 3769 dogmatibus
2564 3713 2715 3752 cane.
2767 3698 2831 3750 Et
2864 3699 2907 3751 si
2958 3700 3009 3749 in
3063 3698 3260 3752 talibus
3292 3696 3557 3751 cecineris

2029 3790 2188 3851 tubis,
2215 3796 2266 3840 et
2291 3787 2485 3854 septies
2511 3800 2688 3839 arcam
2716 3785 3037 3839 Testameuti
3062 3783 3468 3846 circumtuleris,
3502 3781 3555 3834 id

2028 3889 2128 3944 est,
2158 3878 2201 3931 si
2251 3877 2383 3944 legis
2429 3875 2650 3943 mystica
2687 3884 2946 3941 praiccpta
2991 3874 3058 3925 ab
3102 3872 3422 3939 evangelicis
3451 3883 3560 3921 non

2026 3980 2240 4036 separes
2270 3965 2410 4017 tubis
2440 3979 2454 4015 :
2482 3966 2525 4018 si
2551 3964 2708 4015 etiam
2730 3962 3061 4029 jubilationis
3093 3968 3407 4014 concentum
3434 3956 3545 4024 (97)

2028 4059 2091 4111 de
2116 4057 2391 4123 temetipso
2420 4055 2623 4123 exigas,
2651 4055 2698 4107 id
2721 4064 2803 4107 est
2830 4051 3206 4119 cogitationum
3230 4059 3280 4103 et
3304 4062 3557 4103 sensuum

2030 4158 2235 4202 tuorum
2264 4144 2484 4215 populus
2512 4146 2598 4211 qui
2625 4145 2761 4197 intra
2796 4151 2845 4196 te
2880 4150 2982 4203 est,
3004 4142 3316 4195 concordem
3349 4154 3556 4208 semper

2026 4248 2081 4290 et
2116 4249 2405 4289 consonam
2432 4231 2667 4301 proferat
2699 4246 2901 4293 vocem,
2931 4239 2983 4283 et
3012 4245 3115 4283 non
3144 4228 3425 4297 aliquando
3468 4242 3555 4282 ve-

2031 4339 2145 4376 rum
2178 4322 2347 4383 dicas,
2402 4319 2687 4387 aliquando
2740 4332 2980 4385 persona:
3023 4316 3256 4384 potentis
3313 4314 3555 4368 adulatus

248 4418 389 4472 scit
462 4409 914 4481 iubilatiouem.
950 4425 969 4457 ι
1018 4407 1168 4473 Quod
1194 4408 1354 4461 etiam
1412 4422 1495 4461 me
1538 4407 1919 4475 pcrmovetdi-

2030 4412 2302 4467 mendacio
2332 4410 2640 4470 maculeris,
2675 4408 2717 4461 si
2748 4422 2850 4460 non
2883 4416 2934 4461 te
2971 4407 3259 4474 aliquando
3306 4403 3555 4458 blandum

251 4508 511 4565 cturn,‘
532 4499 679 4569 quid
738 4496 888 4550 istud
919 4505 1124 4550 tantum
1152 4497 1225 4550 sit
1262 4497 1438 4563 operis
1464 4496 1573 4564 (9i)
1602 4496 1740 4564 quod
1792 4497 1914 4549 bea-

255 4606 409 4649 tum
445 4588 751 4661 populum
787 4584 970 4637 faciat.
1003 4584 1118 4637 Non
1155 4586 1309 4645 dixit,
1337 4585 1458 4653 quia
1485 4587 1669 4639 beatus
1693 4587 1915 4655 populus

256 4686 379 4755 qui
416 4681 558 4735 scit
583 4674 887 4745 mysteria,
916 4673 999 4727 vel
1021 4674 1113 4740 qui
1139 4674 1239 4727 scit
1266 4673 1385 4727 coeli
1419 4688 1479 4727 ac
1517 4682 1669 4727 terrae
1695 4684 1747 4727 et
1775 4675 1917 4727 side-

258 4791 424 4829 rum
461 4769 775 4824 rationem
809 4780 822 4815 :
873 4765 968 4817 sed
1003 4780 1023 4813 σ
1076 4762 1286 4827 beatus,
1338 4763 1531 4830 inquit,
1570 4766 1794 4832 p0pulus
1829 4766 1921 4834 qui

238 4864 406 4921 θεῖε,
436 4856 887 4925 jubilationem.
922 4869 943 4903 ι
972 4849 1032 4904 In
1063 4852 1186 4906 aliis
1221 4852 1378 4905 timor
1405 4850 1495 4905 Dei
1530 4852 1735 4907 beatum
1762 4855 1909 4918 facit,

2014 4502 2257 4557 remissio
2281 4500 2460 4561 faciat,
2507 4499 2793 4567 aliquando
2843 4498 3115 4551 iracundia
3160 4496 3547 4553 truculentum,

2015 4592 2059 4645 si
2094 4605 2196 4643 non
2231 4603 2489 4656 arrogans
2514 4602 2637 4655 crga
2664 4586 2920 4649 modicos,
2939 4594 2994 4639 et
3013 4587 3148 4654 apud
3172 4586 3430 4651 superbos
3461 4584 3555 4635 hu.

2020 4682 2158 4735 milis
2191 4680 2498 4743 inveniaris,
2539 4678 2767 4744 denique
2797 4678 2839 4730 si
2870 4691 2969 4729 non
2995 4690 3166 4744 pugna
3203 4677 3341 4728 intra
3372 4684 3423 4727 te
3462 4687 3555 4742 gen

2026 4772 2181 4833 ritur,
2207 4770 2329 4821 dum
2377 4769 2705 4836 concupiscit
2743 4780 2869 4819 caro
2909 4768 3165 4819 adversus
3201 4764 3465 4832 spiritum,
3498 4768 3553 4821 et

2019 4858 2238 4925 spiritus
2258 4857 2510 4910 adversus
2531 4870 2745 4910 carnem
2772 4872 2786 4911 :
2822 4856 2865 4909 si
2898 4856 3007 4909 haec
3041 4854 3179 4906 intra
3214 4850 3395 4918 tejam
3425 4865 3553 4904 conn

359 5020 423 5056 "’
448 5018 634 5073 lCor.
664 5028 744 5078 tv,
770 5012 826 5068 9.
893 5011 939 5043 ³⁸
963 5008 1117 5064 Psal.
1142 5024 1193 5073 ε,
1216 5009 1268 5061 l.
1329 5009 1370 5040 ³⁹
1394 5008 1532 5063 Psal.
1550 5026 1767 5078 LXXXIX,
1798 5013 1881 5067 16.

2031 5014 2123 5068 sal.
2148 5015 2357 5068 csn.l.
2413 5012 2739 5070 “Mattb.v.
2798 5014 3043 5069 “Acut.
3099 5008 3554 5076 “Jorn.xvt,35.

366 5172 521 5240 (9|)
548 5170 663 5225 Ιειε
690 5167 1008 5240 ηἰιειξαιαν..
1028 5161 1566 5240 υηιιεβιιιςοὶρςηείετ
1606 5184 1628 5217 ‹
1668 5168 1767 5223 iste
1794 5180 1909 5224 ute-

278 5230 513 5298 batur:
551 5259 573 5291 ι
610 5230 1049 5294 Gemeticensis
1090 5246 1105 5281 :
1137 5245 1172 5298 «ᾗ
1197 5230 1571 5286 instituebatur.
1607 5253 1628 5285 ι

347 5304 500 5372 (92)
530 5309 722 5364 Codex
775 5296 1208 5372 Gemeticensis
1238 5311 1349 5348 cum
1396 5313 1492 5372 t_t_no
1530 5300 1855 5372 liliroircusi
1897 5325 1907 5357 ε

258 5392 280 5422 ι
325 5363 785 5431 έςεεπιιίξοηὶἓηις
819 5365 1295 5429 disputationum.
1327 5381 1345 5413 ι
1394 5363 1500 5417 Mox
1532 5367 1687 5421 idem
1714 5371 1907 5425 Geme-

241 5442 372 5507 ηεξζ
388 5448 443 5507 _¢_
482 5448 651 5501 velut
690 5431 1086 5507 proceribus.
1134 5446 1157 5479 s
1199 5495 1210 5507 O

302 5496 443 5568 (θεᾷ)
500 5496 771 5568 ῇίιξιωὶι.
804 5496 1239 5568 Getneticensis
1266 5513 1280 5568 :_
1311 5513 1327 5544 α
1357 5498 1621 5554 extribus.
1670 5522 1692 5553 ο

293 5560 425 5627 (94)
500 5560 665 5627 Hahn
710 5587 725 5620 :
768 5585 790 5617 s
838 5563 998 5616 tanti
1034 5562 1116 5627 sit
1145 5562 1322 5627 operis.
1352 5578 1368 5610 ι

283 5625 417 5694 (95)
488 5625 709 5694 lii-5E:
764 5651 788 5685 ι
829 5629 936 5685 isti
982 5625 1390 5681 tali...'clevauti
1415 5629 1510 5686 ﬁci.
1550 5653 1574 5686 ο

2086 5171 2195 5239 (96)
2234 5170 2289 5224 Si
2331 5173 2571 5224 sacerdos
2599 5186 2673 5233 es,
2711 5171 2815 5223 imo
2860 5171 2980 5239 quia
3026 5170 3264 5221 sacerdos
3311 5183 3384 5227 es,
3424 5180 3549 5239 geist
3586 5176 3598 5222 l

2015 5232 2147 5291 enim
2179 5232 2371 5307 regalis
2402 5240 2609 5306 eﬂ‘ectus
2649 5232 2725 5308 cs_,
2752 5250 2798 5290 ct
2821 5232 3456 5308 sricerdqlium_san_c‘lum_.'_
3483 5232 3548 5288 ds

2014 5317 2063 5358 te
2086 5308 2221 5358 enim
2243 5298 2509 5372 'srriptu'm
2533 5316 2609 5358 cst
2635 5324 2655 5361 :
2677 5298 2789 5356 Fac
2822 5307 2915 5357 tibi
2959 5300 3385 5372 tubasuductiles.
3414 5298 3540 5351 llam

2013 5378 2185 5445 omnia
2220 5365 2585 5445 desiderantur
2614 5375 2665 5426 in
2697 5373 2848 5425 libris
2874 5380 3029 5423 antea
3061 5369 3247 5428 editis,
3273 5365 3365 5416 sed
3394 5378 3541 5433 repe-
3597 5421 3620 5445 λ

2016 5444 2225 5493 riuntnr
2258 5444 2306 5495 in
2336 5442 2584 5494 omnibus
2612 5456 2738 5492 mss.

2083 5510 2190 5578 (97)
2224 5509 2424 5562 chiet.
2480 5520 2532 5561 et
2586 5523 2721 5578 unus
2771 5503 3147 5578 Ebroicensis:
3186 5518 3203 5549 ι
3250 5498 3343 5549 sed
3379 5498 3543 5578 etiam

1992 5564 2318 5641 jttb‘ilnt'tonis
2346 5580 2409 5628 dc
2447 5576 2723 5639 tmnclipso
2745 5576 2927 5636 exigas
2960 5581 3295 5622 concentum.
3337 5583 3355 5615 ι
3379 5564 3539 5620 Libb.

1998 5647 2123 5699 editi
2152 5661 2247 5713 pro
2279 5662 2299 5696 ς
2328 5655 2660 5699 concentum,
2683 5659 2699 5688 ι
2737 5642 2928 5693 habent
2969 5656 2986 5687 ι
3024 5648 3363 5693 consensum.
3401 5652 3420 5688 ο
