3822 6226
392 310 495 362 839

1840 300 1945 357 Oli]

2117 301 2154 357 S
3596 302 3678 361 860

394 427 586 474 οοιιειιιι
631 427 685 472 et
727 421 1081 484 "concordant,
1115 433 1298 474 vocem
1340 419 1678 490 jnbilationis
1720 420 1928 480 emitte,
1956 419 2001 471 Α
2031 417 2212 470 thema
2248 418 2326 486 (3)
2357 419 2412 472 in
2448 418 2756 476 Ecclesias
2792 414 3245 472 introducunt.
3278 413 3387 482 Qui
3443 415 3504 472 de
3541 432 3680 478 astro.

394 511 646 577 quoniam
685 511 776 564 tibi
809 514 1112 566 destructus
1158 523 1211 565 et
1267 513 1507 580 deiectus
1555 519 1639 565 est
1684 512 1930 564 mundus.

397 601 566 663 Talis,
595 604 802 670 opinor,
831 615 944 658 erat
972 604 1078 666 ille,
1117 604 1204 670 qui
1235 603 1565 657 conﬁdenter
1593 603 1808 656 dicebat
1839 603 1883 630 “
1918 618 1930 653 :

401 711 419 743 ι
457 693 581 746 Mihi
623 708 797 748 autem
844 695 984 748 absit
1010 697 1253 763 gloriari,
1296 696 1398 749 nisi
1445 695 1496 746 in
1526 708 1682 746 cruce
1727 693 1933 744 Domini

395 785 565 836 nostri
598 785 705 854 (98)
747 785 870 839 Iesu
917 785 1134 847 Christi,
1196 803 1290 853 per
1321 801 1478 854 quem
1529 783 1656 836 mihi
1707 785 1937 836 mundus

395 872 683 926 cruciﬁxus
713 883 816 936 est,
840 884 893 928 et
917 889 1013 944 ego
1040 877 1253 927 mundo.
1291 893 1310 924 ι

463 959 513 1014 3.
551 961 739 1013 Adhuc
771 977 854 1015 me
884 971 1058 1015 tamen
1104 971 1283 1015 movet
1311 964 1512 1032 aliquid
1562 965 1613 1018 in
1670 964 1808 1026 loco,
1841 978 1937 1030 pa-

397 1065 514 1102 rum
546 1051 674 1102 mihi
726 1052 960 1105 sensisse
1008 1053 1192 1105 videor
1230 1053 1296 1105 de
1327 1054 1668 1120 jubilatione,
1713 1055 1935 1109 humilia

396 1140 597 1194 dixisse
630 1142 694 1194 de
735 1144 963 1210 n‘tagnis.
1008 1143 1063 1196 lu
1112 1147 1339 1198 adventu
1371 1145 1496 1200 Iesu
1545 1146 1680 1198 muri
1723 1144 1938 1199 Iericho

395 1231 637 1284 subversi
675 1242 818 1293 sunt,
855 1234 907 1284 in
946 1235 1171 1288 adventu
1199 1237 1298 1290 mei
1332 1237 1537 1289 Domini
1560 1235 1683 1290 Iesu
1713 1235 1940 1288 mundus

397 1322 647 1374 vincitur.
670 1321 943 1386 Quomodo
964 1335 1136 1378 tamen
1165 1327 1396 1380 vincitur
1416 1327 1666 1389 mundus,
1692 1328 1830 1380 scire
1849 1342 1937 1380 ve-

397 1410 488 1462 lim
507 1411 862 1477 manifestius,
893 1423 943 1466 et
971 1414 1198 1469 lucidius
1218 1416 1515 1482 intelligere
1533 1431 1651 1483 qua:
1665 1417 1935 1471 dicuntur.

393 1500 553 1570 £13
586 1501 713 1576 Volo
736 1517 862 1572 ergo
883 1519 981 1572 ego
1007 1505 1119 1570 ipse
1156 1507 1242 1569 qui
1293 1507 1456 1560 doceo
1491 1521 1607 1566 vos,
1650 1507 1919 1559 vobiscum

395 1579 601 1656 pariter
641 1593 869 1646 discere.
918 1593 1162 1648 Paulum.
1189 1598 1341 1650 nobis
1382 1600 1739 1654 communiter
1790 1599 1944 1651 adhi-

397 1678 613 1731 beamus
643 1682 975 1747 magistrum.
1015 1683 1128 1750 Ipse
1153 1695 1233 1736 est
1281 1687 1422 1739 enim
1475 1696 1798 1758 symmystes
1829 1686 1940 1756 (99)

394 1767 613 1830 Christi,
639 1770 732 1836 qui
752 1770 906 1824 nobis
937 1772 1104 1838 possit
1128 1771 1365 1826 indicare
1392 1776 1658 1842 quomodo
1689 1774 1941 1828 Christus

397 1846 586 1909 vicerit
631 1859 905 1912 mundum.
955 1861 1090 1912 Audi
1135 1876 1262 1928 ergo
1326 1865 1496 1931 ipsum
1546 1865 1807 1918 dicentem
1840 1865 1884 1895 ⁸⁸
1925 1881 1937 1914 :

403 1964 420 1995 ι
454 1947 604 2012 Quod
629 1958 744 2000 erat
767 1951 1096 2004 contrarium
1131 1955 1308 2017 nobis,
1343 1955 1462 2007 tulit
1501 1955 1626 2007 illud
1655 1956 1718 2008 de
1743 1956 1938 2014 medio.

396 2035 612 2104 aﬂigens
653 2037 780 2092 illud
803 2042 948 2093 cruci
981 2057 1088 2094 sua:
1112 2082 1128 2107 ,
1155 2053 1209 2096 et
1262 2060 1461 2098 exuens
1507 2046 1836 2114 principatus
1889 2054 1945 2098 et

397 2134 688 2191 potestates
743 2130 1091 2196 transduxit,
1132 2132 1300 2186 libere
1364 2135 1696 2200 triumphans
1745 2149 1840 2188 eos
1887 2135 1939 2186 in

396 2219 539 2289 ligno
562 2221 762 2274 crucis.
801 2242 819 2274 ι
853 2224 927 2277 Ex
976 2226 1059 2279 his
1089 2241 1217 2294 ergo
1272 2228 1450 2281 verbis
1509 2229 1635 2281 illud
1685 2230 1940 2300 intelligo,

394 2311 534 2376 «mod
564 2311 804 2366 videntes
828 2329 1055 2382 pugnam
1087 2316 1210 2370 Iesu
1239 2318 1486 2371 etelcstes
1511 2319 1754 2384 virtutes,
1796 2323 1944 2388 prin-

396 2401 603 2464 cipatns
631 2409 684 2454 et
713 2411 1005 2469 potestates
1043 2407 1344 2461 contrarias
1366 2418 1556 2461 exutas
1589 2412 1944 2476 potestatibus

395 2490 531 2552 suis,
565 2491 836 2559 alligatum
867 2493 1080 2558 fortem,
1139 2507 1192 2548 et
1230 2512 1355 2550 vasa
1391 2500 1507 2567 ejus
1539 2500 1725 2566 diripi,
1768 2503 1944 2556 incre-

395 2591 624 2648 puerunt
659 2583 801 2637 tubis
838 2585 950 2637 suis
985 2587 1317 2650 etelestibus,
1367 2591 1491 2656 quia
1537 2590 1752 2659 alligato
1796 2593 1946 2660 prin-

394 2670 513 2736 cipe
538 2671 695 2736 hujus
736 2675 938 2738 mundi,
978 2675 1154 2729 victus
1184 2687 1264 2729 est
1324 2679 1576 2741 mundus,
1642 2691 1695 2732 et
1757 2696 1942 2734 vocem

391 2757 729 2824 jubilationis
752 2765 827 2831 (Ι)
860 2764 908 2817 Ῐιι
953 2765 1221 2834 triumpho
1244 2766 1445 2822 Christi
1475 2770 1712 2824 crelestis
1738 2774 1948 2826 exerci-

399 2861 484 2905 tus
504 2853 668 2906 dedit.
705 2855 839 2908 Vere
870 2871 997 2924 ergo
1034 2857 1223 2911 beatus
1264 2868 1346 2914 est
1394 2861 1622 2928 populus
1684 2865 1944 2930 gentimn,

397 2941 486 3006 qui
515 2942 659 2994 novit
691 2944 849 2997 talem
883 2945 1018 2998 hanc
1045 2945 1414 3011 jubilationem
1461 2949 1697 3005 co=lestis
1739 2955 1946 3009 exerci-

398 3034 504 3090 tus,
531 3039 585 3081 et
614 3031 704 3096 qui
731 3034 982 3101 mysteria
1007 3035 1247 3103 agnoscit
1275 3045 1328 3088 et
1359 3039 1554 3092 credit.

469 3116 526 3172 4.
580 3117 685 3172 Sed
715 3121 994 3176 videamus
1025 3125 1151 3191 quid
1197 3133 1278 3178 est
1307 3127 1446 3194 quod
1501 3128 1552 3180 in
1589 3131 1941 3198 sequentibus

403 3203 686 3261 indicatur.
729 3209 865 3264 Dicit
893 3213 1032 3264 enim
1056 3212 1210 3267 Iesus
1231 3215 1276 3245 “
1306 3233 1319 3268 :
1370 3234 1388 3266 ‹
1417 3215 1690 3272 Custodite
1738 3235 1830 3275 vos
1879 3222 1944 3275 ab

403 3296 770 3365 anathemate,
803 3315 870 3354 ne
917 3303 1052 3356 forte
1076 3304 1468 3372 concupiscatis
1524 3317 1579 3360 et
1617 3309 1818 3364 tollatis
1875 3313 1944 3365 ab

401 3385 760 3452 anathemate,
793 3401 847 3443 et
877 3391 1085 3446 faciatis
1124 3404 1299 3447 castra
1337 3397 1565 3450 ﬁliorum
1615 3398 1771 3454 lsrael
1815 3417 1947 3454 ana-

403 3476 604 3543 thema,
629 3488 683 3530 et
707 3484 994 3535 conteratis
1024 3498 1122 3537 nos
1161 3493 1216 3536 et
1240 3500 1450 3540 omnem
1486 3505 1806 3560 synagOgam
1839 3492 1947 3546 Do-

406 3565 554 3620 mini.
588 3585 608 3619 ι
641 3568 768 3626 Tale
796 3582 875 3625 est
900 3575 1042 3641 quod
1071 3575 1340 3628 indicatur
1373 3577 1422 3630 in
1465 3579 1550 3632 his
1591 3582 1805 3636 verbis:
1856 3584 1948 3637 Vi-

405 3653 526 3709 dete
561 3671 627 3711 ne
648 3661 776 3726 quid
817 3661 868 3714 in
895 3663 1048 3717 vobis
1074 3665 1325 3719 szecnlare
1348 3665 1611 3733 habeatis,
1635 3687 1702 3726 ne
1730 3674 1950 3728 secula-

406 3760 492 3798 res
525 3761 722 3813 mores,
755 3765 822 3804 ne
856 3752 1006 3817 vitia,
1035 3770 1100 3808 ne
1126 3757 1622 3823 tergiversationem
1665 3763 1731 3816 de
1755 3766 1950 3820 szecnlo

407 3835 684 3892 vobiscum
719 3844 784 3895 ad
815 3842 1106 3898 Ecclesiam
1136 3847 1406 3902 deferatis.
1441 3849 1544 3905 Sed
1570 3854 1852 3908 anathema
1882 3857 1952 3910 sit

415 3927 567 3978 vobis
591 3932 768 3984 omnis
789 3938 1126 3988 conversatio
1183 3939 1472 3994 saecularis.
1528 3939 1700 3996 Nolite
1754 3943 1950 3999 divinis

411 4019 673 4071 mundana
702 4021 949 4085 miscere,
999 4025 1164 4078 nolite
1225 4029 1433 4094 negotia
1481 4032 1659 4084 saeculi
1703 4031 1952 4090 Ecclesia:

409 4105 630 4158 secretis
658 4106 914 4163 inserere.
942 4110 1055 4165 Hoc
1087 4123 1169 4167 est
1208 4117 1348 4182 quod
1370 4125 1424 4171 et
1466 4117 1699 4174 Joannes
1745 4123 1954 4190 Episto-

410 4193 472 4244 las
504 4208 610 4246 sua:
645 4209 891 4261 personat
921 4201 1042 4254 tuba
1081 4202 1269 4258 dicens
1291 4204 1334 4235 ⁸⁷
1381 4225 1393 4259 :
1461 4225 1480 4257 ι
1513 4207 1684 4263 Nolite
1729 4212 1952 4279 diligere

412 4285 689 4346 mundum,
723 4301 894 4354 neque
919 4305 980 4343 ea
1007 4305 1122 4358 qua:
1150 4293 1199 4344 in
1232 4296 1429 4348 mundo
1459 4310 1632 4351 sunt.»
1663 4300 1726 4353 Et
1756 4301 1954 4358 Paulus

411 4372 656 4425 similiter
695 4374 740 4406 ⁸⁸
788 4391 800 4425 :

413 4461 626 4512 mnmlo.
668 4481 685 4512 ι
714 4463 814 4527 Qui
844 4468 983 4520 enim
1010 4472 1119 4526 haec
1149 4473 1371 4540 faciunt,
1409 4482 1682 4548 accipiunt
1707 4483 1772 4538 de
1822 4500 1954 4538 ana-

416 4549 668 4604 themate.
703 4551 806 4605 Sed
840 4565 894 4608 et
940 4556 1013 4611 illi
1055 4565 1168 4628 qui,
1201 4567 1350 4620 verbi
1391 4582 1574 4630 causa,
1629 4587 1749 4626 cum
1797 4575 1952 4628 Chri—

419 4640 580 4692 stiani
607 4641 734 4705 sint,
761 4644 1122 4702 solemnitates
1153 4657 1389 4720 gentium
1415 4657 1487 4727 (2)
1518 4660 1954 4727 celebrant,ana-

825 4782 873 4835 ‘-
900 4784 1224 4883 $29905:
1250 4796 1422 4883 ’ξμς
1441 4797 1652 4883 15:19:.
1716 4800 1761 4831 "
1784 4800 1894 4855 ιοεο
1913 4818 1945 4883 x

2124 4805 2212 4883 __"
2243 4803 2447 4858 lJoan.
2481 4821 2544 4869 ιι,
2573 4807 2666 4863 15,
2739 4809 2791 4842 ⁵⁸
2823 4811 2992 4867 Rom.
3014 4815 3192 4883 'xtt,2.

419 4847 464 4880 ⁸⁸
492 4847 602 4902 Ios.
633 4865 706 4913 vt,
735 4850 823 4904 25.
900 4853 943 4883 “
972 4853 1104 4908 Gen.
1138 4873 1248 4926 xxx,
1276 4847 1362 4916 37.
1410 4847 1692 4920 v'i'whlatt‘b.
1720 4847 1945 4935 xxvi-1,5

2123 4874 2278 4927 Rom.
2304 4887 2384 4924 χι.

491 4986 601 5054 (9R)
627 4987 904 5056 Sangerm.
938 5006 956 5040 ι
997 4996 1184 5046 nostri.
1222 5015 1240 5046 ι
1274 4997 1426 5055 Li-bb.
1458 5001 1583 5052 editi
1619 5017 1672 5051 ε(
1715 5003 1840 5056 mei.
1880 5023 1898 5056 ι

493 5054 780 5132 (99)]ιιθιὶι
809 5074 928 5137 cum
961 5075 1068 5137 uno
1097 5054 1446 5137 Ebroicensi:
1504 5087 1522 5119 ι
1555 5054 1896 5137 symmyStes.
1934 5092 1953 5126 ι

421 5125 683 5182 Gemetic.
745 5143 763 5175 ι
819 5128 1188 5184 subminister.
1236 5151 1255 5184 ι
1324 5136 1478 5189 Libb.
1525 5125 1766 5189 cuitu}
1801 5125 1959 5194 nini-

421 5209 550 5250 ινιτ.
594 5212 612 5245 1

497 5261 858 5342 (1)(ἒςηιθιίο.
901 5284 928 5342 ¢_
963 5281 1025 5342 ex
1076 5281 1215 5342 voce.
1275 5269 1629 5337 jubilationis,
1665 5288 1686 5321 ι
1735 5283 1790 5328 et
1838 5287 1961 5342 post

435 5348 455 5380 ι
488 5332 801 5383 exercitus»
827 5336 1022 5387 omittit
1051 5353 1069 5386 α
1100 5332 1315 5391 dedit.)

502 5397 577 5465 (2)
605 5398 881 5468 Sangerm.
914 5422 932 5453 ι
965 5406 1218 5472 gentium.
1262 5425 1281 5458 ι
1329 5407 1482 5463 Libb.
1514 5408 1640 5462 editi
1676 5423 1690 5460 :
1735 5426 1750 5460 t
1781 5411 1967 5466 Genti-

433 5463 580 5515 lium.
612 5484 630 5514 ι

505 5531 576 5596 (5)
607 5532 750 5599 Mss.,
801 5554 820 5588 ς
853 5543 1157 5600 anathema.
1191 5566 1209 5598 ι
1264 5545 1417 5600 Libb.
1465 5545 1589 5600 editi
1623 5562 1636 5598 :
1694 5563 1712 5597 t
1742 5548 1970 5604 anathe-

443 5605 599 5648 mata.
635 5619 653 5652 ι

2039 524 2155 560 rum
2185 511 2443 565 cursibus
2471 513 2657 565 vitam
2694 511 3034 565 hominum
3075 516 3138 562 et
3181 517 3342 576 gesta
3389 512 3679 579 perquirunt,

2037 599 2126 666 qui
2163 598 2380 654 volatus
2413 602 2604 655 avium
2635 612 2696 656 et
2732 609 2968 655 castera
3000 596 3350 664 huiusmodi
3387 613 3502 666 qua!
3527 602 3573 654 in
3603 619 3680 657 sa:-

2038 688 2159 741 cnlo
2209 691 2365 757 prius
2411 693 2921 755 observabantur,
2987 687 3339 756 inquirunt,
3397 688 3464 741 de
3509 688 3682 746 Iericho

2039 779 2332 830 anathema
2364 778 2619 834 inferunt
2644 782 2701 832 in
2740 779 3131 840 Ecclesiam,
3166 787 3228 831 et
3261 776 3510 844 polluant
3543 794 3681 836 castra

2041 866 2280 927 Domini.
2306 880 2359 921 et
2387 869 2533 923 vinci
2571 870 2798 924 faciunt
2828 869 3139 938 papulum
3191 867 3316 922 Dei.
3352 868 3458 924 Sed
3482 880 3531 923 et
3554 874 3684 926 multa

2041 955 2145 1007 alia
2177 967 2407 1022 peccata
2435 969 2567 1011 sunt
2610 975 2714 1027 per
2746 976 2886 1026 qua
2921 961 3266 1013 anathema
3303 959 3372 1014 de
3403 958 3600 1016 Iericho
3621 964 3685 1017 in-

2041 1045 2354 1099 troducitur
2404 1049 2457 1101 in
2512 1049 2842 1104 Ecclesiam
2890 1069 2906 1113 ;
2980 1067 3104 1120 per
3159 1067 3296 1119 quae
3356 1052 3572 1121 populus
3616 1054 3686 1110 Dei

2039 1137 2280 1190 vincitur
2305 1137 2382 1208 (4)
2418 1148 2472 1193 et
2500 1142 2910 1208 prosternitur
2941 1143 3028 1196 ab
3057 1142 3352 1197 inimicis.
3379 1144 3484 1196 Aut
3526 1159 3616 1199 non
3647 1156 3689 1202 et

2039 1226 2339 1293 Apostolus
2375 1230 2494 1284 haec
2521 1233 2726 1286 eadem
2765 1234 3088 1303 praecipit,
3125 1251 3264 1289 cum
3288 1237 3426 1290 dicit
3452 1239 3494 1270 ⁶⁹
3519 1255 3533 1289 :
3560 1259 3576 1289 ι
3603 1239 3689 1292 Ilo-

2041 1315 2220 1367 dicum
2251 1316 2592 1372 fermentum
2627 1329 2746 1374 tota
2761 1338 2815 1374 m
2847 1338 3134 1377 massam
3171 1325 3530 1393 corrumpit?
3561 1344 3576 1374 ι

2115 1403 2170 1456 5.
2203 1405 2312 1458 Sed
2343 1407 2635 1464 videamus
2667 1412 2792 1479 jam
2835 1428 3013 1465 nunc
3054 1428 3198 1480 qua:
3225 1423 3552 1481 sequuntur.
3583 1414 3689 1467 Sub-

2044 1509 2203 1548 versa
2242 1495 2501 1562 Iericho,
2529 1499 2691 1553 Raab
2732 1503 3041 1555 meretrix
3118 1502 3392 1556 salvatur
3442 1503 3568 1556 sola.
3615 1502 3683 1557 Sic

2043 1584 2190 1636 enim
2231 1586 2504 1654 scriptum
2528 1599 2612 1641 est
2639 1590 2710 1643 de
2736 1605 2805 1644 ea
2833 1591 2888 1622 ³⁶
2928 1610 2942 1644 :
2983 1610 3006 1641 ι
3047 1592 3123 1644 Et
3167 1592 3332 1645 Raab
3390 1595 3686 1647 meretricem

2049 1684 2102 1725 et
2125 1687 2344 1728 omnem
2371 1677 2598 1730 domum
2634 1681 2823 1746 patris
2860 1682 3002 1750 ejus
3074 1683 3402 1736 viviﬁeavit
3447 1682 3608 1749 Iesus,
3650 1695 3690 1738 et

2046 1765 2256 1832 adiecta
2281 1768 2458 1820 estad
2486 1769 2661 1822 Israel
2712 1785 2911 1838 usque
2974 1773 3039 1826 in
3107 1772 3460 1826 hodiernum
3509 1773 3684 1825 diem:

2049 1853 2248 1908 Vellem
2283 1859 2570 1924 requirere
2595 1873 2625 1910 a
2656 1858 2903 1924 Iudaeis,
2937 1873 3008 1915 et
3057 1864 3136 1916 ab
3178 1864 3256 1918 iis
3312 1864 3409 1929 qui
3439 1863 3686 1918 Christiani

2043 1945 2260 2011 quidem
2289 1945 2571 2012 dicuntur,
2619 1950 2720 2003 sed
2781 1951 2839 2003 in
2883 1950 3241 2020 Scripturis
3279 1955 3464 2007 adhuc
3511 1970 3688 2008 sensum

2042 2033 2325 2088 Iudaicum
2357 2047 2612 2101 servant,
2641 2043 2950 2108 quomodo
2979 2055 3300 2110 exponant
3352 2045 3502 2098 Raab
3546 2058 3686 2098 mere-

2047 2126 2236 2180 tricem
2262 2125 2535 2193 adjectam
2562 2143 2692 2183 esse
2717 2132 2927 2184 domui
2969 2131 3164 2186 lsrael
3208 2149 3397 2202 usque
3428 2136 3480 2188 in
3513 2134 3691 2188 hodier-

2047 2231 2170 2268 num
2217 2216 2383 2270 diem.
2442 2215 2741 2280 Quomodo
2795 2221 2975 2274 Raab
3047 2238 3244 2291 usque
3297 2225 3354 2277 in
3411 2223 3690 2277 hodiernum

2045 2309 2187 2371 diem
2234 2306 2446 2372 adjecta
2491 2321 2618 2360 esse
2679 2310 2907 2364 dicitur
2937 2312 2965 2363 ?
3027 2311 3162 2367 Hoc
3223 2313 3384 2367 enim
3433 2313 3691 2382 Scriptura:

2044 2408 2244 2452 sancta:
2273 2401 2443 2453 moris
2467 2409 2549 2453 est
2574 2401 2779 2454 dicere
2806 2402 2884 2455 de
2933 2403 3015 2457 iis
3055 2418 3194 2471 qua:
3228 2419 3417 2472 usque
3445 2407 3512 2458 ad
3553 2404 3686 2456 ﬁnem

2047 2488 2127 2542 vel
2160 2488 2285 2542 vitae
2329 2488 2416 2542 vel
2457 2491 2647 2543 saeculi
2709 2504 3110 2560 permanent.
3187 2496 3364 2550 Verbi
3421 2511 3597 2558 causa,
3635 2506 3680 2549 ut

2045 2580 2122 2632 ait
2157 2579 2199 2610 ’ί
2231 2595 2246 2630 :
2283 2597 2301 2630 ι
2337 2579 2436 2633 llic
2460 2591 2626 2648 pater
2653 2589 2745 2634 est
2787 2581 3214 2640 Moabitarum
3273 2601 3452 2652 usque
3510 2588 3558 2639 in
3607 2586 3686 2638 ho-

2046 2669 2296 2723 diernum
2329 2669 2497 2733 diem,
2548 2690 2568 2722 ι
2613 2671 2774 2738 quod
2849 2673 3176 2743 signiﬁcat
3217 2692 3399 2745 usque
3455 2679 3507 2732 in
3558 2677 3691 2732 ﬁnem

2047 2761 2256 2814 szeculi.
2294 2759 2360 2813 Et
2387 2761 2594 2815 iterum
2629 2762 2853 2816 dicitur
2880 2765 2942 2818 in
2980 2765 3317 2836 Evangelia
3343 2771 3414 2832 ⁸³,
3441 2771 3560 2837 quia
3612 2769 3692 2820 dif.

2048 2851 2280 2904 famatus
2308 2860 2392 2905 est
2422 2865 2612 2905 sermo
2656 2852 2752 2906 hic
2787 2857 2954 2922 apud
2997 2856 3252 2915 Iudaeos
3298 2875 3475 2929 usque
3525 2861 3574 2915 in
3613 2861 3694 2914 ho-

2041 2943 2294 2995 diernum
2352 2942 2522 3008 diem,
2582 2941 2637 2994 id
2703 2952 2798 2998 est
2891 2962 3220 3018 usquequo
3267 2954 3524 3007 saeculum
3581 2961 3688 3006 stat.

1969 3045 2010 3100 ο
2047 3032 2195 3086 Raab
2249 3047 2379 3086 vero
2424 3033 2697 3086 meretrix
2745 3036 2834 3105 (5)
2865 3042 3182 3105 quomodo
3249 3042 3464 3108 adjecta
3510 3043 3688 3098 dicitur

2049 3123 2224 3177 domui
2259 3123 2426 3177 lsrael
2451 3139 2626 3192 usque
2663 3125 2722 3176 in
2759 3126 3132 3184 hodiernum
3192 3133 3347 3187 diem
3382 3135 3403 3186 ξ
3465 3131 3688 3200 Nunquid

2050 3213 2209 3266 matri
2247 3213 2531 3266 successio
2569 3216 2949 3281 posteritatis
2998 3224 3350 3286 ascribitur,
3377 3234 3431 3277 ut
3469 3224 3694 3276 videatur

2052 3301 2104 3352 in
2137 3300 2340 3355 sobolis
2370 3301 2735 3370 reparatione
2772 3309 3013 3361 servari
3047 3309 3074 3362 ?
3104 3311 3201 3365 An
3255 3313 3382 3366 illud
3424 3312 3584 3375 magis
3615 3311 3693 3362 in-

2055 3390 2400 3460 telligendum
2435 3393 2723 3458 est,qnod
2756 3409 2910 3451 vero
2949 3397 3164 3453 lsraeli
3211 3402 3458 3468 adjuncta
3486 3415 3544 3452 ac
3601 3414 3687 3453 so-

2051 3481 2192 3534 ciata
2220 3491 2303 3532 est
2329 3494 2502 3546 usque
2533 3480 2588 3532 in
2622 3481 2990 3539 hodiernum
3021 3488 3190 3543 diem
3224 3491 3251 3542 ?
3301 3491 3370 3543 Et
3399 3490 3441 3542 si
3475 3489 3550 3540 vis
3590 3504 3688 3541 ma-

2054 3570 2298 3625 nifestius
2339 3571 2528 3625 videre
2559 3577 2864 3641 quomodo
2906 3579 3120 3635 Rahab
3146 3583 3474 3651 adjungitur
3500 3580 3680 3643 lsraeli.

2055 3665 2266 3718 intuere
2289 3663 2568 3732 quomodo
2607 3680 2810 3719 ramus
2846 3668 3097 3724 oleastri
3127 3672 3410 3727 inseritur
3467 3674 3516 3725 in
3562 3673 3683 3723 radi-

2055 3771 2169 3810 cem
2205 3755 2362 3809 bona:
2395 3754 2559 3808 oliva:
2591 3755 2664 3818 ⁵³,
2697 3765 2758 3810 et
2788 3759 3095 3830 intelliges
3120 3765 3415 3832 quomodo
3446 3765 3478 3816 ii
3509 3765 3590 3833 qui
3615 3763 3682 3815 in-

2055 3848 2186 3903 serti
2222 3858 2348 3900 sunt
2386 3846 2512 3901 fidei
2557 3846 2810 3902 Abrahae
2843 3862 2904 3904 et
2969 3853 3140 3906 Isaac
3195 3865 3259 3908 et
3316 3855 3490 3910 Iacob
3518 3895 3532 3918 ,
3566 3862 3684 3907 recte

2056 3940 2282 4009 appositi
2315 3939 2576 3992 dicuntur
2601 3949 2660 3993 et
2685 3942 2909 4010 adjecti
2957 3946 3030 3997 ad
3074 3945 3260 4001 lsrael
3302 3963 3475 4016 usque
3510 3949 3556 3999 in
3608 3947 3685 3996 ho-

2057 4032 2302 4085 diernum
2344 4028 2488 4081 diem
2520 4045 2533 4079 :
2566 4029 2703 4098 quia
2750 4033 2810 4086 in
2851 4033 3096 4090 illorum
3163 4041 3423 4095 radicem
3481 4039 3552 4105 (6)
3605 4052 3686 4089 nos

2061 4119 2192 4175 rami
2227 4119 2448 4172 oleastri
2490 4134 2557 4172 ex
2597 4123 2877 4189 gentibus
2919 4130 3234 4198 assumpti,
3273 4131 3371 4199 qui
3424 4128 3686 4197 aliquando

2061 4210 2571 4272 meretricabamur,
2599 4211 2828 4276 lignum
2867 4226 2929 4271 et
2984 4219 3238 4287 lapidein
3296 4237 3404 4291 pro
3455 4221 3557 4275 Deo
3578 4234 3687 4272 vero

2061 4302 2136 4374 (7)
2167 4302 2435 4365 colentes,
2467 4304 2716 4371 appositi
2750 4321 2962 4365 sumus
3007 4327 3194 4382 usque
3263 4316 3322 4369 in
3381 4315 3683 4370 hodiernum

860 4395 878 4428 ι
929 4381 1140 4445 Nolite,
1183 4385 1385 4454 inquit,
1449 4391 1776 4446 conformari
1828 4395 1955 4451 huic
1985 4376 2029 4428 Ῑ)
2059 4395 2322 4448 diem:et
2353 4393 2488 4446 faeti
2548 4407 2753 4451 sumus
2804 4413 3047 4467 propter
3098 4376 3288 4458 fidem
3352 4406 3556 4460 Christi
3605 4416 3688 4454 nos

2059 4500 2300 4546 sursum,
2327 4483 2417 4537 ille
2450 4492 2635 4538 autem
2680 4490 2936 4556 populus
3011 4495 3107 4561 qui
3165 4498 3490 4562 permansit
3532 4496 3685 4546 incre-

2061 4576 2218 4629 tlulus
2248 4575 2351 4646 (8),
2382 4576 2644 4630 deOI'sum
2667 4620 2684 4645 ,
2716 4589 3041 4638 secundum
3094 4586 3526 4642 Deuteronomii
3584 4601 3685 4654 pro.

2063 4668 2325 4737 phetiam.
2359 4666 2418 4719 Si
2455 4668 2582 4735 quis
2622 4684 2764 4739 ergo
2803 4674 2984 4730 habet
3019 4677 3075 4732 in
3128 4695 3187 4732 se
3238 4677 3554 4741 Christum,
3609 4674 3684 4742 qui

3283 4817 3335 4848 "
3359 4817 3377 4870 Ι
3403 4817 3530 4870 Cor.
3564 4829 3614 4880 τ,
3638 4811 3684 4864 6.

2137 5007 2214 5079 (ὅ)
2244 5007 2311 5090 η
2336 5008 2644 5090 Ecclesium
2669 5056 2686 5090 ε
2734 5034 2838 5085 per
2879 5037 3004 5090 quia
3027 5022 3256 5090 populus
3302 5022 3410 5075 Dei
3459 5021 3681 5090 vincitur.

2067 5075 2442 5157 liteciulesunt
2485 5083 2537 5135 in
2589 5075 2932 5143 libb.'aittea
2989 5075 3174 5157 ediiis,
3227 5093 3332 5145 sed
3387 5098 3602 5144 exstant
3639 5088 3681 5137 in

2065 5146 2320 5202 Omnibus
2348 5167 2484 5205 mss.

2139 5216 2216 5288 (ἒξ)
2242 5214 2543 5288 §angertn.
2571 5236 2628 5277 et
2656 5225 3107 5284 Gemeticensis:
3143 5247 3160 5278 ι
3193 5229 3429 5282 mulier.
3467 5249 3489 5279 ι

2063 5284 2217 5404 ces(6)
2251 5284 2550 5358 Sanierm.
2603 5314 2623 5345 ι
2674 5297 2945 5352 radicem.
2985 5319 3004 5351 ι
3044 5299 3191 5352 Libb.
3237 5299 3380 5351 editi
3423 5316 3441 5352 :
3490 5315 3511 5348 ι
3552 5298 3684 5352 radi-

2163 5390 2176 5404 ο
2223 5372 2242 5403 ι

2143 5421 2238 5501 (7),
2271 5421 2440 5480 Vero.
2477 5430 2652 5489 DeeSt
2683 5436 2740 5490 in
2774 5437 2935 5492 libris
2974 5439 3162 5501 editis,
3201 5445 3402 5489 exstat
3448 5451 3575 5490 vero
3631 5434 3682 5486 in

2071 5491 2335 5546 omnibus
2363 5513 2505 5557 mss.

2277 5563 2562 5647 Gemetic.
2601 5586 2660 5630 et
2707 5578 2995 5647 Sangerm.
3030 5596 3047 5630 ι
3083 5575 3429 5632 incredulus.
3470 5593 3489 5626 ι
3525 5571 3676 5628 Libb.

2078 5625 2217 5680 editi
2258 5648 2271 5683 :
2316 5653 2337 5686 ι
2390 5639 2446 5696 in
