3822 6244
325 358 426 408 ςσδ

1779 344 2092 403 ORIGENIS

325 469 434 520 suit
465 482 584 522 eam
617 467 668 520 in
701 465 1042 521 tabernaculo
1067 479 1184 520 suo.
1219 464 1331 518 Non
1364 472 1491 533 puto
1539 463 1589 517 in
1617 462 1708 517 illo
1732 462 1869 516 furtu
1899 467 1942 520 Α
1973 469 2061 511 tur
2105 455 2292 508 audire
2338 465 2433 522 pro
2471 465 2541 506 eo
2578 452 2742 522 quod
2804 448 3024 503 minus
3065 439 3438 533 delectabilis
3469 453 3649 533 eoru

334 557 492 620 parvi
533 556 648 610 auri
691 563 892 608 tantam
921 555 1027 610 vim
1061 553 1226 608 fuisse
1249 554 1476 622 peccati,
1510 562 1568 606 ut
1617 561 1723 605 tam
1774 567 1869 605 nu-

335 657 607 698 merosam
643 643 849 696 Domini
880 641 1174 695 Ecclesiam
1215 640 1526 694 macularet.
1567 637 1670 693 Sed
1698 638 1871 692 videa-

331 748 453 788 mus
479 749 547 788 ne
578 733 715 787 forte
763 731 1036 786 interioris
1070 731 1432 800 intelligentiae
1496 730 1567 784 sit
1626 739 1771 782 tanta
1817 737 1872 781 et

336 834 444 878 tam
478 825 658 892 gravis
687 823 952 877 acerbitas
987 822 1088 876 ista
1115 821 1345 889 peccati.
1372 819 1566 874 Multus
1590 819 1749 873 decor
1791 825 1873 872 est

335 914 388 966 in
412 914 612 978 verbis,
635 923 687 967 et
723 911 888 966 multa
912 912 965 965 in
1003 911 1438 980 philosophorum
1465 909 1547 965 vel
1597 909 1870 963 rhetorum

333 1004 670 1058 sermonibus
722 1003 1060 1072 pulchritudo
1092 1041 1107 1067 ,
1162 1002 1252 1070 qui
1300 1015 1488 1056 omnes
1531 1000 1597 1054 de
1658 1000 1873 1054 civitate

332 1104 458 1146 sunt
492 1092 732 1156 Iericho,
765 1093 816 1146 id
843 1101 946 1157 est,
975 1093 1129 1161 hujus
1149 1092 1334 1146 mundi
1367 1091 1630 1146 homines.
1661 1089 1716 1143 Si
1747 1103 1872 1158 ergo

332 1184 580 1238 invenias
607 1184 748 1252 apud
781 1184 1123 1253 philosophos
1167 1197 1416 1253 perversa
1445 1183 1688 1249 dogmata
1722 1180 1873 1234 lucu-

333 1272 461 1327 lenti
484 1275 747 1328 sermonis
789 1273 1170 1328 assertionibus
1203 1275 1453 1327 decorata
1476 1311 1491 1336 ,
1517 1274 1616 1326 ista
1645 1279 1725 1322 est
1775 1269 1872 1323 lin-

333 1378 434 1432 gua
459 1379 643 1417 aurea.
679 1363 783 1419 Sed
809 1364 930 1420 vide
959 1377 1027 1418 ne
1049 1373 1100 1417 te
1125 1363 1354 1431 decipiat
1385 1360 1554 1430 fulgor
1578 1359 1774 1429 operis,
1807 1373 1873 1413 ne

334 1461 389 1508 te
420 1455 593 1522 rapiat
624 1455 886 1509 sermonis
937 1454 1085 1508 aurei
1132 1451 1471 1522 pulchritudo
1516 1467 1529 1501 :
1575 1457 1866 1512 memento,

334 1544 457 1612 quia
489 1543 647 1598 Iesus
673 1545 959 1598 anathema
981 1543 1138 1610 jussit
1165 1557 1282 1597 esse
1308 1556 1468 1596 omne
1495 1557 1682 1594 aurum
1731 1540 1871 1606 quod

334 1634 386 1685 in
410 1632 624 1686 Iericho
659 1634 818 1687 fuerit
845 1634 1137 1686 inventum.
1175 1632 1230 1686 Si
1273 1641 1481 1700 poetam
1528 1629 1722 1696 legeris
1761 1643 1872 1682 mo-

335 1721 531 1776 dulatis
554 1723 816 1786 versibus,
856 1722 1237 1790 etpraefulgido
1265 1722 1503 1776 carmine
1549 1719 1674 1773 deos
1721 1718 1872 1770 deas-

336 1825 438 1878 que
465 1820 750 1875 texentem,
779 1825 846 1864 ne
896 1809 1174 1865 delecteris
1223 1809 1541 1878 eloquentiae
1587 1808 1868 1861 suavitate.

335 1901 540 1970 Lingua
572 1915 733 1954 aurea
756 1910 836 1953 cst
861 1915 876 1952 :
903 1902 946 1953 si
975 1914 1093 1954 eam
1138 1901 1420 1954 sustuleris
1438 1909 1493 1954 et
1539 1898 1779 1967 posueris
1814 1897 1867 1950 in

335 1990 683 2045 tabernaculo
715 1999 848 2044 tuo:
905 1989 950 2042 si
990 1989 1347 2045 introduxeris
1398 1991 1448 2043 in
1493 2005 1587 2045 cor
1632 2002 1777 2044 tuum
1808 2002 1868 2040 ea

333 2095 456 2148 qua:
483 2083 550 2134 ab
571 2082 674 2134 illis
704 2089 1036 2142 asseruntur,
1085 2079 1286 2146 pollues
1311 2093 1524 2132 omnem
1577 2080 1869 2132 Ecclesiam

333 2171 562 2224 Domini.
600 2170 709 2225 lloc
743 2169 866 2224 fecit
892 2169 1080 2223 infelix
1118 2169 1446 2232 Valentinus,
1488 2176 1540 2222 et
1586 2168 1869 2231 Basilides,

334 2262 438 2316 hoc
462 2262 586 2314 fecit
611 2272 661 2314 et
686 2261 918 2318 Marcion
951 2263 1231 2317 haereticus
1253 2261 1384 2330 (25).
1418 2260 1602 2314 Furati
1633 2271 1758 2313 sunt
1785 2259 1869 2313 isti

334 2348 543 2419 linguas
585 2365 777 2406 aureas
802 2352 866 2406 de
901 2351 1136 2415 Iericho,
1193 2360 1248 2405 et
1294 2349 1726 2418 philosophorum
1774 2364 1872 2403 no-

333 2441 417 2496 bis
440 2454 544 2494 non
575 2451 748 2496 rectas
776 2441 826 2494 in
857 2441 1124 2495 Ecclesias
1161 2441 1502 2495 introducere
1549 2440 1722 2492 conati
1749 2446 1872 2492 sunt

333 2540 533 2594 sectas,
559 2538 613 2582 et
636 2528 870 2596 polluere
903 2542 1116 2582 onmem
1158 2528 1450 2582 Ecclesiam
1486 2527 1715 2580 Domini.
1767 2527 1871 2582 Sed

335 2633 432 2672 nos
457 2619 767 2686 praecedens
815 2617 1030 2670 Patrum
1061 2631 1348 2683 sequamur
1393 2615 1693 2684 exemplum
1713 2654 1726 2678 ,
1763 2616 1872 2669 dis—

335 2710 597 2762 cutiamus
638 2707 948 2774 diligentius
987 2721 1055 2761 ne
1103 2706 1223 2773 quis
1269 2706 1637 2759 absconditam
1691 2705 1743 2758 in
1792 2714 1872 2760 ta-

334 2795 623 2850 bernaculo
686 2809 783 2848 suo
839 2796 1032 2850 habeat
1075 2793 1451 2849 Ierichontiam
1497 2795 1760 2863 linguam,
1818 2804 1874 2849 et

338 2882 649 2949 abjiciamus
678 2884 874 2937 malum
919 2897 985 2937 ex
1039 2882 1194 2936 nobis
1238 2883 1392 2951 ipsis,
1450 2884 1578 2951 quia
1618 2883 1778 2936 etiam
1824 2886 1869 2938 si

334 2991 434 3031 nos
468 2991 742 3030 cessamus
769 3014 784 3039 ,
829 2985 1017 3044 arguet
1067 2975 1244 3039 Deus,
1284 2977 1358 3028 ita
1409 2983 1467 3027 ut
1525 2974 1637 3042 ipse
1680 2983 1871 3043 sponte

1972 547 2183 600 videtur
2217 556 2340 597 esse
2380 542 2659 596 narratio.
2708 539 2898 595 Scire
2945 531 3185 589 etenim
3229 529 3460 583 debetis
3495 530 3651 599 digna

1972 635 2189 704 quidem
2220 646 2344 686 esse
2378 630 2555 686 sancti
2581 628 2851 699 Spiritus
2886 620 3154 690 eloquio
3187 634 3328 688 quae
3358 617 3649 686 leguntur:

1970 725 2065 778 sed
2106 724 2172 776 ad
2213 720 2552 790 explananda
2606 733 2676 773 ea
2732 716 3100 784 indigemus
3170 707 3365 777 gratia
3423 705 3656 776 Spiritus

1974 812 2171 874 sancti,
2206 810 2298 863 illa
2349 823 2510 878 quam
2557 807 2705 862 dicit
2748 802 3100 874 Apostolus
3125 799 3179 831 “
3209 815 3226 854 :
3259 816 3282 850 σ
3315 797 3428 852 Alii
3482 807 3656 853 autem

1969 916 2068 972 per
2109 901 2372 970 Spiritum
2422 899 2584 952 datur
2637 909 2836 950 sermo
2894 889 3268 962 sapientiae,
3325 886 3428 940 alii
3486 901 3660 942 sermo

1971 991 2212 1045 scientia:
2251 987 2554 1043 secundum
2603 985 2878 1040 eumdem
2935 979 3286 1048 Spiritum.
3314 995 3335 1030 ι
3369 975 3482 1032 Ista
3509 977 3662 1047 igitur

1970 1081 2136 1135 etiam
2174 1093 2273 1133 nos
2296 1079 2350 1131 in
2395 1076 2531 1132 locis
2577 1071 2989 1144 praesentibus
3031 1068 3418 1138 indigemus,
3455 1067 3511 1120 in
3543 1067 3660 1136 qui-

1970 1170 2072 1224 bus
2103 1167 2342 1222 refertur
2384 1166 2533 1236 quod
2582 1163 2755 1219 Iesus
2803 1157 3128 1216 successit
3189 1155 3389 1228 ﬂoysi
3416 1199 3434 1222 ,
3466 1167 3524 1212 et
3554 1159 3663 1228 ipse

1969 1259 2227 1329 populum
2264 1257 2437 1322 ducit,
2475 1265 2533 1310 et
2573 1251 2971 1308 adumbratur
3005 1251 3070 1303 in
3107 1249 3401 1318 praesenti
3438 1247 3663 1304 lectione

1973 1349 2096 1404 talis
2123 1348 2373 1417 quaedam
2405 1345 2666 1400 historia.
2694 1343 2806 1409 Qui
2855 1338 3247 1396 habitabant
3309 1335 3436 1409 Hay
3473 1338 3659 1393 civita-

1969 1449 2105 1503 tem,
2154 1438 2332 1507 primo
2379 1437 2606 1506 quidem
2661 1434 2767 1488 visi
2820 1441 2973 1486 sunt
3043 1430 3309 1484 vincere
3359 1437 3421 1482 et
3451 1440 3662 1484 vertere

1972 1529 2112 1582 ﬁlios
2167 1527 2332 1582 Israel
2376 1533 2606 1596 propter
2659 1532 2982 1593 peccatum
3059 1519 3230 1590 quod
3285 1519 3652 1576 admiserant.

1969 1617 2163 1671 Postea
2215 1632 2347 1671 vero
2391 1631 2559 1686 quam
2611 1614 2868 1667 ablatum
2922 1621 3030 1666 est
3093 1609 3332 1665 malum
3384 1611 3459 1664 de
3491 1611 3661 1665 medio

1973 1710 2238 1776 ipsorum,
2270 1706 2499 1776 iubetur
2527 1720 2558 1757 a
2602 1705 2716 1758 Deo
2753 1703 2870 1756 dux
2927 1701 3156 1770 populi
3213 1697 3397 1756 Iesus
3438 1701 3495 1754 in
3529 1703 3659 1757 duas

1903 1777 1943 1829 Β
1973 1805 2155 1864 partes
2191 1796 2436 1850 dividere
2484 1792 2778 1862 populum,
2831 1799 2895 1844 ut
2941 1805 3100 1860 pars
3161 1791 3416 1846 simulet
3463 1790 3658 1860 fugam,

1969 1899 2096 1952 pars
2144 1895 2326 1937 autem
2359 1882 2630 1936 subsistat
2684 1881 2743 1934 in
2794 1880 3053 1934 insidiis
3099 1880 3336 1950 quibus
3366 1881 3660 1952 decipiatur

1971 1975 2106 2043 llay,
2149 1987 2271 2026 cum
2308 1971 2640 2040 praeceperit
2671 1969 2868 2024 Iesus.
2920 1969 3184 2036 Quibus
3233 1971 3317 2024 ita
3360 1971 3658 2040 dispositis,

1971 2078 2062 2116 rex
2095 2062 2210 2131 llay
2246 2061 2437 2114 videns
2457 2060 2646 2114 Iesum
2679 2068 2740 2113 et
2776 2059 2944 2114 ﬁlios
3001 2058 3205 2113 Israel
3249 2060 3504 2125 eminus,
3534 2076 3655 2117 conv

1968 2153 2169 2206 citatur
2197 2152 2490 2204 adversum
2538 2164 2639 2204 eos
2676 2149 2734 2202 in
2791 2148 3120 2218 praelium.
3162 2149 3294 2205 Illis
3328 2167 3470 2204 vero
3499 2153 3660 2206 simu-

1969 2240 2209 2294 lantibus
2259 2239 2468 2308 fugam,
2509 2238 2604 2292 isti
2657 2239 2859 2292 acrius
2925 2240 3365 2305 insectantur,
3425 2251 3483 2295 et
3517 2242 3656 2298 velut

1970 2331 2138 2399 spolia
2175 2329 2390 2383 ducturi
2442 2329 2511 2382 de
2567 2329 2864 2391 hostibus,
2915 2344 3156 2386 omnes
3197 2332 3384 2386 simul
3433 2349 3504 2387 ex
3534 2335 3659 2390 urbe

1972 2420 2293 2488 procedunt,
2327 2418 2399 2471 ita
2441 2425 2518 2478 ut,
2561 2417 2710 2471 sicut
2768 2418 3114 2487 Scriptura
3181 2421 3363 2487 dicit,
3389 2423 3655 2494 relinque-

1970 2515 2091 2562 rent
2124 2521 2350 2561 vacuam
2400 2506 2712 2561 civitatem.
2743 2505 2864 2562 Sed
2899 2519 3327 2579 posteaquam
3365 2513 3421 2566 in
3452 2516 3650 2568 consti-

1974 2608 2142 2653 tutum
2162 2597 2434 2666 progressi
2459 2603 2588 2649 sunt
2608 2596 2826 2662 locum,
2859 2613 3228 2656 conversus
3255 2601 3429 2658 Iesus
3450 2604 3651 2674 signum

1970 2687 2141 2754 dedit,
2166 2693 2229 2741 ut
2255 2693 2621 2754 exsurgerent
2653 2687 2751 2754 qui
2795 2686 2858 2741 in
2886 2688 3156 2746 insidiis
3192 2701 3391 2757 erant,
3424 2702 3481 2748 et
3501 2695 3651 2749 dorsa

1971 2777 2216 2831 hostium
2247 2776 2526 2831 caederent
2553 2791 2567 2826 :
2593 2785 2651 2830 et
2679 2777 2760 2829 ita
2797 2775 2890 2830 illi
2930 2779 3299 2845 novissimi,
3329 2791 3389 2835 et
3417 2781 3508 2837 isti
3549 2783 3654 2852 prio

1971 2867 2046 2920 mi
2080 2867 2285 2921 medios
2316 2867 2503 2922 hostes
2542 2866 2853 2921 conclusos
2900 2866 3291 2924 interimunt
3343 2872 3646 2926 universos.

1969 2954 2039 3009 Et
2081 2957 2184 3010 hoc
2227 2957 2385 3011 modo
2414 2957 2579 3012 victis
2609 2956 2682 3011 iis
2710 2955 2814 3024 qui
2855 2957 3253 3014 habitabant
3295 2959 3447 3031 ﬂay,
3473 2976 3650 3032 regem

337 3059 659 3112 conﬁteatur
679 3069 734 3115 et
761 3062 968 3114 dicat“
1003 3079 1016 3115 :
1056 3061 1285 3115 Furatus
1326 3075 1442 3114 sum
1495 3059 1723 3129 linguam
1776 3077 1846 3115 aut

1776 3077 1871 3115 au-
1899 3087 1946 3146 ο
1973 3045 2212 3146 ipsprum
2242 3046 2644 3146 suspenderunt
2675 3047 2732 3146 in
2759 3046 2941 3146 ligno
2969 3050 3250 3146 gemino.

338 3163 482 3201 ream
532 3157 586 3203 et
610 3151 868 3204 dextralia
913 3165 1061 3219 pura.
1109 3151 1267 3206 Vides
1322 3147 1618 3216 cuiusmodi
1667 3151 1871 3207 furatus

334 3236 495 3308 415
528 3247 610 3294 est
642 3239 875 3295 furtum?
896 3242 1128 3311 linguam
1161 3240 1370 3296 furatur
1401 3249 1455 3295 et
1482 3243 1742 3296 dextralia
1771 3259 1869 3313 pu-

339 3342 417 3380 ra.
447 3327 584 3383 Pura
617 3339 795 3383 autem
825 3331 1082 3384 dextralia
1117 3339 1243 3385 sunt
1269 3345 1433 3400 opera
1459 3332 1513 3386 in
1555 3333 1752 3402 quibus
1791 3334 1874 3388 di-

337 3416 518 3470 vinum
565 3418 695 3472 nihil
742 3420 1018 3483 miscetur,
1051 3421 1142 3474 sed
1175 3428 1337 3474 totum
1379 3422 1671 3476 secundum
1697 3422 1870 3477 homi-

337 3517 459 3559 nem
508 3505 732 3574 geritur.
771 3508 1005 3575 Denique
1041 3519 1093 3562 et
1125 3510 1320 3563 nostris
1341 3509 1394 3563 in
1426 3510 1874 3578 disputationibus

338 3594 505 3648 moris
534 3603 616 3649 est
646 3597 850 3658 dicere,
887 3598 1009 3662 quia
1033 3597 1302 3652 Christum
1339 3597 1445 3651 non
1471 3613 1661 3667 purum
1694 3598 1871 3652 homi-

338 3697 460 3735 nem
504 3683 749 3749 dicimus,
778 3687 869 3740 sed
903 3686 1065 3739 Deum
1106 3695 1160 3741 et
1217 3687 1484 3740 hominem
1531 3686 1871 3745 confitemur.

337 3768 471 3824 Illud
506 3782 681 3826 autem
735 3775 872 3842 quod
904 3774 967 3826 de
999 3773 1214 3827 Iericho
1257 3773 1486 3840 furatur,
1524 3789 1713 3842 purum
1754 3789 1874 3829 esse

335 3861 558 3924 dicitur,
599 3863 648 3915 id
693 3873 775 3917 est
823 3864 938 3918 sine
969 3864 1098 3928 Deo,
1129 3880 1246 3932 qua:
1274 3867 1459 3932 utique
1487 3865 1687 3919 furenti
1711 3866 1876 3920 exsti-

341 3950 402 4002 tit
430 3965 586 4005 causa
629 3955 852 4020 peccati.
889 3954 953 4007 Et
989 3955 1110 4008 ideo
1144 3969 1240 4008 nos
1288 3954 1423 4007 nihil
1461 3970 1649 4021 purum
1689 3967 1744 4008 et
1769 3957 1871 4008 hu-

349 4054 560 4094 manum
610 4042 676 4094 de
722 4042 934 4096 Christo
981 4045 1292 4107 sentiamus,
1335 4044 1429 4098 sed
1467 4043 1628 4097 Deum
1673 4045 1875 4114 pariter

347 4137 504 4194 atque
554 4129 818 4184 hominem
865 4131 1149 4194 fateamur,
1189 4134 1316 4201 quia
1371 4145 1428 4188 et
1471 4135 1732 4201 sapientia
1783 4137 1873 4190 Dei

340 4216 614 4284 multiplex
650 4218 870 4284 dicitur,
910 4230 966 4274 ut
1009 4235 1102 4290 per
1141 4221 1254 4276 haec
1299 4235 1604 4276 mereamur
1655 4221 1874 4290 partici-

341 4303 484 4369 pium
514 4318 727 4360 sumere
756 4309 1031 4376 sapieutia:
1071 4309 1185 4374 Dei,
1220 4310 1311 4378 qui
1339 4321 1423 4364 est
1446 4309 1692 4365 Christus
1719 4309 1875 4366 Iesus

2041 3134 2098 3188 Ξ.
2140 3134 2235 3189 His
2270 3135 2470 3190 auditis
2520 3135 2842 3190 verisimile
2902 3148 3011 3193 est
3071 3141 3388 3196 auditores
3451 3141 3643 3206 dicere,

1961 3218 2078 3295 Quo
2113 3226 2245 3280 mihi
2291 3225 2443 3280 haec?
2479 3226 2617 3295 quid
2665 3227 2810 3282 mihi
2877 3232 3146 3287 confert
3213 3233 3266 3288 si
3320 3248 3641 3304 cognoscam

1972 3314 2114 3383 quod
2151 3315 2277 3368 victi
2305 3322 2436 3368 sunt
2457 3314 2494 3367 ii
2517 3315 2612 3382 qui
2641 3315 2925 3373 habitant
2958 3321 3123 3392 Hay,
3157 3323 3336 3393 quasi
3373 3339 3480 3378 non
3511 3323 3644 3378 simi-

1973 3402 2073 3466 lia,
2107 3412 2200 3455 aut
2228 3402 2393 3455 etiam
2419 3403 2732 3470 potentiora
2769 3405 2972 3473 bella,
3031 3410 3133 3464 vel
3169 3420 3343 3482 gesta
3391 3411 3523 3477 sint,
3565 3410 3642 3466 vel

1973 3491 2268 3558 gerantur?
2291 3491 2414 3546 llaec
2443 3490 2549 3546 fuit
2576 3505 2714 3546 cura
2740 3493 3034 3563 Spiritus
3072 3501 3304 3568 sancti,
3341 3511 3404 3556 ut
3437 3500 3638 3557 relictis

1975 3589 2052 3634 tot
2076 3589 2130 3634 et
2156 3588 2428 3632 tantarum
2461 3577 2730 3634 nobilium
2762 3585 3046 3644 excidiis
3075 3589 3353 3656 urbium,
3384 3591 3639 3660 praedium

1974 3669 2209 3723 civitatis
2232 3668 2343 3738 Hay
2366 3669 2638 3739 scriptum
2671 3672 2792 3744 (27)
2818 3677 3034 3733 sacris
3059 3680 3467 3736 voluminibus
3497 3695 3642 3734 man-

1974 3759 2230 3813 daretur?
2259 3759 2643 3814 Temerarium
2697 3750 2976 3822 fortasse
3040 3770 3127 3824 sit
3190 3773 3350 3840 quod
3401 3770 3638 3837 facimus,

1977 3857 2084 3901 tam
2125 3849 2290 3902 ardua
2323 3859 2378 3904 et
2423 3860 2534 3905 tam
2579 3850 2841 3906 difﬁcilia
2901 3852 3264 3927 Scriptura:
3291 3868 3504 3914 sanetae
3535 3859 3638 3912 loca

1973 3937 2263 4006 explanare
2293 3949 2561 3994 conantes
2587 3954 2601 3994 :
2627 3941 2724 3995 sed
2760 3941 2812 3996 si
2857 3959 2982 3999 nos
3039 3949 3422 4005 orationibus
3450 3949 3639 4004 vestris

1968 4029 2191 4097 juvetis,
2248 4046 2354 4084 non
2403 4031 2580 4085 solum
2639 4033 2872 4101 culpam
2947 4037 3331 4110 effugiemus
3378 4043 3632 4103 audaciae,

1977 4133 2160 4173 verum
2220 4128 2277 4175 et
2326 4120 2675 4176 devotionem
2753 4133 3045 4184 nostram
3119 4132 3434 4202 amplexus
3491 4133 3639 4187 Pater

1979 4209 2137 4264 Verbi
2161 4212 2303 4265 Deus
2324 4211 2480 4266 dabit
2498 4215 2730 4267 verbum
2760 4214 2818 4267 in
2846 4217 3271 4287 adapertione
3305 4226 3428 4280 oris
3453 4224 3636 4287 nostri,

1976 4315 2082 4369 quo
2111 4310 2166 4354 et
2193 4315 2289 4354 vos
2322 4301 2696 4368 aediﬁcemini,
2731 4314 2790 4359 et
2826 4321 2943 4362 nos
2982 4325 3112 4365 non
3167 4313 3429 4369 indevoti
3455 4329 3631 4384 parea-

341 4390 602 4446 Dominus
649 4404 852 4458 noster,
883 4397 966 4448 cui
996 4405 1080 4450 est
1107 4397 1274 4466 gloria
1303 4407 1358 4453 et
1385 4398 1667 4468 imperium
1697 4398 1749 4452 in
1783 4413 1850 4453 sa:

2158 4389 2392 4447 Orantes
2438 4407 2573 4463 ergo
2631 4403 2691 4449 et
2720 4396 2942 4454 intenti
3001 4404 3239 4465 animis
3283 4405 3408 4478 (28)
3442 4409 3635 4462 audite.

337 4482 460 4534 cula
497 4484 835 4539 saeculorum.
870 4487 1062 4538 Amen.

888 4595 1162 4652 llOMILlA
1201 4597 1330 4654 Vlll.

341 4678 422 4736 De
446 4681 510 4734 iis
530 4697 647 4759 qua:
686 4682 1018 4759 iuet'ersione
1066 4682 1180 4754 Hay
1214 4697 1356 4759 gesta
1397 4699 1538 4759 sunt,
1575 4700 1622 4741 et
1659 4689 1723 4742 de
1766 4705 1879 4759 rege

549 4749 659 4816 ejus
690 4749 822 4819 (26),
845 4767 909 4803 ea:
929 4762 1094 4818 parte,
1119 4749 1167 4806 ei
1191 4749 1253 4807 de
1274 4757 1474 4823 gemino
1503 4757 1666 4825 ligno.

413 4836 464 4890 1.
508 4835 866 4905 Deprecamur
896 4853 1010 4901 vos,
1045 4853 1077 4894 o
1109 4841 1380 4896 auditores
1410 4858 1686 4898 sacrorum
1724 4843 1870 4896 volu-

341 4926 566 4989 minum,
597 4941 700 4981 non
741 4943 862 4982 cum
893 4929 1050 4983 taedio
1085 4929 1171 4984 vel
1197 4929 1416 4988 fastidio
1443 4946 1506 4988 ea
1539 4947 1658 5001 quae
1689 4933 1876 5002 legun-

410 5087 456 5118 ⁸⁸
477 5085 589 5141 Ios.
623 5101 720 5150 vn,
749 5087 837 5144 2|.
874 5060 877 5062 -
913 5089 956 5122 “
985 5089 1005 5143 1
1038 5090 1165 5146 Cor.
1197 5107 1290 5158 xu,
1325 5090 1380 5144 8.

408 5221 520 5283 (25)
560 5220 899 5274 Ebroicensis
924 5237 1061 5275 unus
1090 5241 1102 5275 :
1131 5241 1150 5274 ι
1181 5223 1486 5277 hzereticus.
1515 5238 1535 5270 ι
1572 5218 1728 5274 Libb;
1756 5220 1868 5272 edi-

340 5292 418 5341 ti:
459 5307 476 5339 ι
507 5290 764 5370 hatretici.
802 5308 820 5341 ι
857 5288 1152 5360 Utrumque
1179 5292 1517 5346 desideratur
1540 5289 1593 5341 in
1635 5285 1870 5356 Sanger-

341 5373 599 5411 manenst.

414 5423 523 5490 (26)
553 5425 709 5478 Gesta
757 5437 882 5495 sunt,
915 5438 960 5479 et
994 5427 1058 5479 de
1110 5443 1222 5495 rege
1272 5427 1408 5495 ejus,
1441 5433 1547 5480 etc.
1575 5422 1668 5495 Sic
1694 5423 1864 5495 codex

343 5488 838 5556 Sangermanensis.
871 5494 925 5546 In
953 5488 1311 5549 Cerneticensi
1337 5488 1502 5556 deest,
1529 5510 1547 5542 ι
1569 5493 1700 5545 etde
1723 5491 1865 5559 ligno

345 5559 571 5631 gemino.
598 5559 804 5631 s_Libb.
855 5577 884 5631 e
909 5564 983 5614 :iti
1033 5563 1254 5625 habent,
1287 5581 1306 5612 σ
1334 5573 1482 5631 gesta
1537 5567 1682 5624 sunt,
1716 5568 1866 5631 ct‘de

347 5619 488 5687 ligno
513 5627 738 5693 gemino,
767 5638 816 5681 ct
841 5630 904 5682 de
943 5645 1063 5701 rcge
1088 5631 1220 5699 ejus,
1243 5619 1616 5700 velvquoutodo
1644 5619 1762 5683 eam
1785 5628 1868 5681 in~~

1977 4479 2160 4534 Primo
2183 4489 2405 4556 propter
2430 4493 2656 4552 peccata
2698 4487 2838 4541 victi
2873 4505 3127 4560 sumus,
3161 4508 3226 4552 et
3267 4499 3306 4553 ii
3360 4499 3456 4568 qui
3493 4497 3638 4562 babi-

1975 4570 2164 4622 tabant
2205 4568 2320 4639 Hay
2366 4573 2818 4640 quamplurimos
2849 4593 2928 4633 ex
2978 4585 3169 4641 nobis
3206 4588 3634 4646 interfecerunt.

1973 4657 2086 4729 llay
2116 4660 2514 4726 interpretatur
2555 4664 2722 4719 chaos
2759 4669 2909 4739 (29).
2950 4673 3169 4733 Chaos
3228 4689 3425 4735 autem
3463 4683 3636 4737 locqu

1974 4748 2057 4800 vel
2082 4749 2455 4804 habitaculum
2497 4766 2627 4807 esse
2668 4757 2942 4813 novimus
2974 4767 3435 4822 contrariarum
3467 4768 3637 4822 virtu-

1973 4845 2108 4900 tum,
2137 4852 2370 4906 quarum
2404 4853 2502 4894 rex
2542 4851 2602 4897 et
2652 4844 2927 4915 princeps
2957 4849 3252 4908 diabolus
3279 4866 3391 4910 est.
3422 4856 3631 4909 Adver-

1973 4942 2066 4983 sus
2111 4929 2256 4984 hunc
2284 4929 2514 4987 veniens
2551 4930 2741 5002 Iesus,
2779 4937 2840 4992 in
2868 4939 3025 4997 duas
3051 4954 3266 5012 partes
3297 4946 3496 5002 dividit
3542 4960 3630 5015 po—

1973 5223 2171 5300 celtgljo
2201 5225 2417 5300 dederit
2436 5228 2635 5300 Iesus,
2657 5246 2721 5292 ut
2738 5252 2849 5295 non
2878 5240 3186 5297 habitetur
3215 5244 3276 5298 in
3294 5254 3617 5299 aeternum.»

2022 5291 2165 5370 .(27)
2176 5293 2382 5375 _Codex
2421 5291 2771 5376 Sangertng
2785 5291 3173 5381 '(séﬁpl'dﬁii
3190 5291 3430 5368 {1.7662
3441 5291 3620 5376 "editi,

1982 5374 2372 5422 «inscriptum.
2398 5387 2417 5421 ι

1976 5427 2374 5553 “signatam,
2418 5458 2439 5492 ι
2464 5441 2675 5504 intenti
2710 5451 2935 5507 animis.
2961 5470 2979 5505 ι
3006 5449 3176 5505 Libb.
3209 5451 3377 5515 editi,
3399 5470 3418 5501 ι
3441 5451 3617 5505 inten-

2184 5519 2292 5560 IIIS.
2319 5527 2338 5560 ι

1973 5565 2320 5699 “ﬁguli?
2379 5580 2788 5658 interpretatur
2851 5592 3022 5650 chaos,
3057 5588 3140 5645 Ab
3179 5597 3248 5657 ’ῃ
3301 5585 3613 5650 «cumulus.
