3822 6240
174 238 313 391 ιε]

206 452 791 578 θξξξιετὶυτὶὶωεζςιιιὶ
840 493 912 536 ex
948 452 1242 559 insperato
1273 507 1411 563 post.
1450 452 1601 568 terga
1635 498 1853 552 veniant

267 576 627 649 ‘m‘xmicorum.
654 570 725 628 Et
751 573 881 631 vide
922 578 975 633 si
1025 596 1140 637 non
1188 585 1372 654 prima
1402 603 1529 657 pars
1553 596 1636 643 est
1672 588 1850 656 populi

279 690 367 742 illa
409 678 474 734 de
504 686 605 745 qua
634 669 763 727 dicit
786 672 831 704 “
859 688 874 725 :
905 689 924 724 ι
948 671 1079 729 Non
1118 677 1243 732 veni
1288 679 1391 734 nisi
1418 681 1485 732 ad
1520 694 1647 733 oves
1678 680 1854 747 perdi-

292 781 373 823 tas
404 766 595 820 domus
636 758 837 823 lsrael;
879 777 899 811 ι
937 769 995 814 et
1019 762 1091 816 de
1130 777 1238 831 qua
1275 764 1410 819 dicit
1440 764 1848 833 Paulus"(30):

290 872 312 907 ι
338 856 535 910 Gratia
591 860 767 905 autem
811 858 868 904 et
925 863 1033 917 pax
1065 852 1217 905 omni
1254 852 1455 906 homini
1481 854 1723 921 operanti
1754 853 1851 907 bo-

284 960 417 999 num
457 942 690 996 :Judaeo
735 940 990 1008 primum,
1026 949 1156 995 tunc
1209 942 1371 995 etiam
1421 954 1476 997 et
1519 942 1771 1007 Graco,»
1798 943 1852 997 id

267 1045 364 1091 est
408 1035 605 1104 gentili
654 1030 963 1101 posteriori.
995 1030 1109 1087 Iste
1135 1046 1263 1101 ergo
1297 1031 1524 1101 populus
1563 1039 1647 1085 est
1674 1032 1764 1100 qui
1798 1034 1849 1085 in

262 1126 478 1194 primis
509 1122 795 1186 st'atuitur,
831 1130 885 1175 et
908 1121 1064 1189 quasi
1106 1120 1318 1190 fugiens
1347 1134 1466 1173 cum
1495 1118 1644 1173 Jesu.
1669 1119 1854 1174 Poste-

254 1214 395 1265 rior-
422 1227 560 1266 vero
592 1212 824 1281 p0pulus
838 1216 944 1276 est,
973 1211 1063 1277 qui
1092 1224 1163 1263 ex
1189 1207 1437 1277 gentibus
1465 1218 1847 1277 congregatur;

254 1305 490 1371 quique
509 1318 583 1357 ex
634 1304 911 1368 insperato
958 1300 1240 1354 venientes
1263 1299 1406 1367 (quis
1437 1298 1579 1352 enim
1610 1309 1852 1365 speraret

245 1403 472 1464 gentes
502 1392 738 1462 salvari)
767 1391 949 1447 acrius
981 1401 1105 1459 post
1129 1400 1334 1459 tergum
1376 1389 1712 1444 adversarios
1745 1404 1848 1442 eae-

244 1484 444 1545 dnnt;
472 1490 533 1534 et
573 1480 661 1534 sic
690 1488 918 1547 uterque
962 1476 1193 1545 populus
1243 1475 1471 1529 mediam
1503 1485 1729 1529 turmam
1754 1476 1853 1531 da:-

242 1583 511 1622 monum
561 1567 884 1622 conclusam
932 1566 1126 1620 sternit
1155 1571 1210 1618 et
1248 1564 1430 1618 vincit.
1471 1563 1578 1618 Sed
1624 1564 1852 1620 fortasse

236 1658 430 1711 dis-as
479 1657 650 1719 mihi,
676 1655 956 1723 Quomodo
1004 1667 1134 1722 ergo
1183 1653 1338 1721 quasi
1385 1652 1595 1721 fugiens
1633 1655 1849 1722 ponitur

238 1745 519 1813 populus
549 1745 752 1814 prior?
784 1744 951 1798 Valde
973 1754 1384 1812 consequenter.
1414 1741 1622 1809 Fugere
1647 1744 1843 1797 etenim
1878 1725 1917 1778 Β

236 1836 369 1890 visi
408 1844 549 1889 sunt
577 1836 675 1902 qui
714 1844 1013 1903 sequuntur
1030 1833 1235 1899 Iesum,
1268 1849 1295 1887 a
1323 1834 1578 1903 legalibus
1598 1835 1847 1890 oneribus

233 1934 304 1976 et
357 1922 702 1991 praeceptis,
730 1922 800 1974 ab
839 1922 1214 1975 observatione
1259 1920 1500 1983 Sabbati,
1547 1936 1576 1973 a
1608 1921 1845 1975 circum-

237 2012 493 2066 cisione
554 2010 768 2073 carnis,
799 2008 1190 2076 ajugulatione
1236 2010 1551 2064 hostiarum.
1588 2010 1692 2065 Sed
1744 2011 1843 2066 ite-

236 2116 389 2154 rum
422 2114 545 2153 non
583 2100 728 2167 fugit
754 2100 847 2167 qui
875 2110 1092 2154 secutus
1128 2109 1210 2157 est
1233 2099 1525 2164 Christum,
1566 2100 1848 2170 perfectio-

242 2202 395 2242 nem
426 2195 490 2240 et
519 2186 920 2254 plenitudinem
949 2186 1103 2253 legis.

319 2276 390 2329 '5.
431 2274 576 2328 Post
621 2273 807 2327 omnia
851 2283 1051 2337 autem,
1076 2273 1239 2327 etiam
1292 2287 1385 2327 rex
1440 2274 1554 2346 Hay
1590 2276 1645 2330 in
1701 2277 1847 2347 ligno

256 2364 514 2430 gemino
545 2363 758 2416 dicitur
790 2377 913 2416 esse
947 2376 1260 2431 suspensus.
1294 2362 1406 2417 Hoc
1435 2364 1486 2417 in
1512 2365 1626 2420 loco
1653 2378 1849 2438 myste—

244 2451 414 2503 rium
452 2450 672 2518 tegitur
709 2448 824 2517 (51)
859 2448 1285 2517 quamplurimas
1329 2450 1498 2507 latens
1525 2471 1537 2505 :
1564 2455 1656 2508 sed
1688 2470 1850 2510 oran-

245 2539 420 2593 tibus
452 2538 623 2592 vobis
655 2536 987 2591 tentabimus
1029 2537 1163 2603 hac,
1203 2552 1309 2591 non
1356 2542 1552 2594 nostris
1578 2543 1846 2609 opinioni-

253 2627 392 2692 bus,
447 2628 552 2681 sed
604 2626 809 2680 divina:
839 2625 1137 2693 Scriptura:
1191 2628 1509 2681 testimoniis
1539 2629 1764 2697 aperire.
1792 2630 1847 2685 In

252 2717 668 2784 superioribus
689 2717 928 2771 diximus
958 2730 1137 2784 regem
1166 2716 1280 2786 ﬂay
1304 2717 1514 2771 diabolo
1546 2733 1704 2788 posse
1723 2735 1850 2774 con-

259 2804 440 2858 ferri:
469 2804 567 2859 hic
607 2805 886 2873 quomodo
917 2806 970 2859 in
1017 2805 1168 2875 ligno
1189 2809 1399 2875 gemino
1422 2823 1708 2877 suspensus
1738 2810 1848 2882 (52)

263 2894 363 2957 sit,
397 2908 595 2963 apem
623 2896 864 2962 pretium
902 2904 985 2949 est
1019 2910 1268 2951 noscere.
1306 2895 1448 2950 Crux
1497 2898 1706 2952 Domini
1750 2914 1848 2953 no-

265 2984 369 3035 stri
406 2981 546 3036 Jesu
576 2981 754 3053 516
771 2983 971 3037 Christi
1015 2985 1225 3053 gemina
1268 2983 1577 3075 fuit._Mirus
1612 2988 1706 3041 tibi
1735 3003 1850 3043 ser-
1879 3019 1919 3075 ε

269 3088 362 3124 mo
389 3071 639 3125 fortasse
672 3082 730 3124 et
759 3086 929 3125 novus
959 3073 1188 3137 videtur,
1207 3073 1348 3140 quod
1377 3073 1496 3126 dico
1522 3089 1653 3127 crux
1685 3078 1853 3143 gemi-

271 3179 339 3216 na
373 3164 479 3217 fuit
512 3180 528 3216 :
561 3164 673 3217 hoc
698 3170 808 3226 est,
832 3164 1044 3233 gemina
1070 3166 1272 3220 ratione
1297 3174 1508 3220 constat
1534 3177 1587 3221 et
1613 3169 1808 3237 duplici
1834 3186 1848 3223 :

269 3250 403 3317 quia
454 3250 768 3305 visibiliter
798 3252 1013 3317 quidem
1060 3252 1227 3308 Filius
1260 3254 1355 3309 Dei
1386 3254 1440 3308 in
1474 3271 1639 3312 carne
1675 3261 1850 3314 cruci-

273 3340 422 3394 ﬁxus
454 3349 543 3394 est
572 3358 588 3393 :
622 3339 977 3393 invisibiliter
1028 3356 1155 3396 vero
1192 3343 1243 3397 in
1295 3358 1370 3398 ea'
1409 3359 1570 3399 cruce
1611 3347 1852 3404 diabolus

270 3435 396 3474 curn
449 3423 878 3493 principatibus
919 3425 1032 3479 suis
1063 3436 1118 3480 et
1146 3431 1499 3495 potestatibus
1545 3432 1730 3487 alIixus
1770 3443 1853 3490 est

270 3506 443 3561 cruci.
482 3507 624 3561 Non
672 3507 770 3561 tibi
794 3508 894 3562 hoc
919 3510 1186 3564 videbitur
1224 3528 1430 3579 verum,
1466 3517 1512 3570 si
1536 3518 1631 3572 tibi
1662 3521 1851 3575 horum

269 3598 463 3647 testem
502 3593 843 3663 produxero
889 3595 1184 3661 apostolum
1234 3596 1496 3653 Paulum?
1540 3601 1675 3656 Audi
1728 3619 1853 3672 ergo

266 3679 336 3734 de
363 3682 429 3735 iis
454 3683 616 3753 quid
665 3682 786 3751 ipse
820 3684 1129 3751 pronuntiat
1156 3702 1170 3737 :
1202 3702 1219 3736 t
1244 3686 1393 3752 Quod
1437 3697 1574 3753 erat,
1597 3690 1851 3758 inquit“,

266 3775 631 3827 centrarium
668 3771 850 3835 nobis,
872 3771 995 3825 tulit
1022 3772 1147 3826 illud
1165 3774 1231 3827 de
1259 3776 1452 3840 medio,
1472 3776 1688 3847 alﬁgens
1708 3783 1853 3837 cruci

266 3873 407 3923 sum,
436 3875 678 3916 exuens
727 3860 1057 3930 principatus
1084 3872 1138 3917 et
1176 3874 1468 3933 potestates
1511 3868 1759 3932 traduxit,
1793 3871 1857 3923 li-

263 3951 399 4003 bere
430 3950 804 4018 triumphans
846 3966 939 4004 eas
971 3951 1024 4005 in
1055 3952 1197 4023 ligno
1219 3956 1427 4022 crucis;
1454 3975 1473 4008 ι
1504 3957 1628 4012 licet
1659 3960 1710 4012 in
1738 3960 1855 4014 aliis

263 4041 707 4109 exemplaribus
761 4039 1023 4094 habeatur
1080 4059 1093 4093 :
1153 4045 1532 4112 «triumphans
1575 4047 1627 4099 in
1661 4058 1854 4103 semet-

268 4130 468 4199 ipso,»
521 4132 625 4185 sed
671 4130 814 4198 apud
843 4130 1059 4187 Graecos
1084 4133 1330 4198 habetur,
1370 4152 1390 4186 ο
1418 4137 1468 4190 in
1514 4137 1676 4207 ligno.
1700 4157 1717 4189 ι
1757 4139 1856 4192 Er-

273 4234 346 4289 go
398 4220 615 4287 duplex
678 4218 819 4272 ratio
867 4218 1156 4274 Dominicae
1208 4221 1421 4276 crucis:
1452 4238 1555 4276 una
1603 4224 1693 4277 illa
1752 4240 1852 4294 qua

1257 284 1337 347 ΙΝ
1384 294 1641 350 LIBRUM
1664 294 1828 352 JESU
1856 294 2038 351 NAVE
2066 293 2340 350 HOMILIA
2367 292 2501 349 Vlll.

234 371 443 487 ;\‘sm,
468 371 699 487 et‘alios
747 382 990 487 quidem
1034 396 1098 450 in
1151 398 1359 468 primis
1386 411 1598 473 statuit,
1621 408 1760 463 alios
1789 410 1841 463 in
1871 413 1918 470 Α
1944 410 2070 478 quia
2094 417 2148 463 et
2176 409 2263 463 hic
2287 408 2573 476 Apostolus
2599 398 3047 487 (1’i4)duplicel_n
3092 414 3265 468 crucis
3288 419 3504 482 ρτοιηάῑι

3422 310 3519 360 866

1949 477 2230 549 rationem.
2270 493 2385 548 Duo
2431 493 2573 547 enim
2609 492 2710 546 sibi
2751 477 3052 545 contraria
3079 494 3215 550 dixit
3243 477 3353 553 esse
3379 517 3499 554 cru-

1949 582 2128 644 ciﬁxa,
2156 598 2215 637 se
2243 592 2486 637 sanctum
2538 588 2593 634 et
2645 588 2997 649 peccatoretn
3039 584 3313 648 mundum,
3340 587 3405 640 ad
3431 588 3494 641 il-

1948 669 2050 724 lam
2105 670 2329 724 fortnam
2378 671 2495 724 sine
2546 669 2703 723 dubio
2753 681 2921 736 quam
2984 673 3233 737 superius
3261 674 3487 729 diximus

1947 760 2143 815 Christi
2171 770 2226 816 et
2270 760 2487 815 diaboli.
2529 761 2637 814 Nos
2661 761 2803 813 enim
2852 758 3057 814 mundo
3098 763 3476 830 cruciﬁgimnr,

1950 859 2072 903 tunc
2125 865 2243 903 cum
2276 851 2492 905 veniens
2534 851 2785 918 princeps
2833 850 2994 917 hujus
3023 850 3204 903 tnundi
3240 852 3290 903 in
3327 853 3480 905 nobis

1947 951 2050 990 non
2094 937 2297 991 invenit
2334 938 2645 1005 quidquam.
2680 938 2743 989 Et
2777 936 2930 989 nobis
2953 935 3182 991 mundus
3206 938 3477 1005 cruciﬁgi-

1950 1032 2055 1087 tur,
2111 1037 2231 1075 cum
2293 1026 2499 1092 peccati
2554 1023 3035 1091 concupiscentiam
3109 1039 3212 1078 non
3272 1027 3477 1094 recepi-

1948 1127 2064 1166 mus
2084 1112 2210 1182 (55).

2013 1200 2066 1253 6.
2108 1198 2210 1252 Sed
2245 1199 2288 1252 si
2326 1199 2446 1267 quis
2471 1199 2609 1254 forte
2632 1209 2717 1253 est
2752 1201 3002 1254 attentior
3033 1202 3354 1266 auditorum,
3382 1218 3475 1272 po-

1949 1297 2047 1343 test
2076 1289 2250 1343 dicere
2279 1303 2292 1338 :
2318 1287 2509 1341 Forma
2532 1289 2742 1354 quidem
2778 1301 2953 1341 rerum
2977 1298 3241 1358 gestarum
3269 1290 3478 1346 videtur

1945 1390 2065 1431 esse
2110 1377 2452 1442 conveniens,
2476 1377 2569 1431 sed
2598 1378 2772 1431 adhuc
2797 1376 2926 1430 illud
2975 1393 3059 1432 me
3106 1390 3303 1445 moVet,
3331 1380 3476 1448 quod

1946 1466 2185 1520 diabolus
2216 1476 2272 1520 et
2306 1466 2577 1520 exercitus
2627 1481 2779 1530 suus,
2821 1475 3075 1533 quantum
3127 1468 3192 1521 ad
3238 1470 3477 1523 historias

1946 1554 2165 1623 figuram
2213 1555 2534 1619 ostenditur,
2590 1555 2943 1625 interemptus
2973 1564 3055 1610 est
3086 1573 3100 1609 :
3129 1566 3183 1612 et
3210 1560 3476 1625 quomodo

1945 1645 2183 1696 videmus
2229 1643 2400 1696 adhuc
2428 1652 2483 1696 et
2511 1643 2797 1707 diabolum,
2828 1654 2882 1697 et
2922 1646 3219 1700 contrarias
3245 1656 3479 1714 potesta-

1948 1741 2027 1785 tes
2051 1732 2316 1785 intantum
2343 1731 2522 1784 valere
2558 1732 2837 1785 adversum
2867 1748 3054 1788 servos
3079 1735 3191 1798 Dei,
3221 1746 3277 1790 ut
3309 1739 3474 1792 etiam

1947 1820 2218 1887 apostolus
2247 1819 2436 1873 Petrus
2468 1836 2589 1874 cum
2640 1820 2839 1890 ingenti
2889 1823 3096 1877 cautela
3129 1835 3475 1892 praemoneat,

1946 1920 1999 1963 et
2045 1910 2186 1964 dicat
2237 1910 2630 1963 observandum
2685 1911 2883 1976 esse",
2931 1913 3053 1981 quia
3090 1930 3108 1963 ι
3138 1916 3475 1971 adversarius

1948 2008 2131 2053 noster
2174 1997 2443 2061 diabolus,
2466 1999 2601 2053 sicut
2634 1999 2714 2053 leo
2761 2002 2976 2069 rugiens
3001 2002 3211 2067 circuit,
3235 2018 3476 2072 quaerens

1946 2103 2102 2155 quem
2144 2096 2466 2142 transvoret.
2492 2106 2510 2138 ι
2538 2087 2822 2142 Videamus
2850 2104 2975 2158 ergo
3008 2091 3051 2143 si
3077 2099 3130 2145 et
3172 2092 3223 2144 in
3267 2094 3367 2146 hoc
3395 2093 3477 2147 di-

1946 2193 2104 2247 gnum
2141 2177 2341 2245 aliquid
2375 2177 2547 2229 sancti
2600 2174 2831 2243 Spiritus
2854 2177 3076 2245 eloquiis
3104 2180 3368 2248 possimus
3397 2182 3479 2234 in-

1945 2266 2151 2319 venire.
2180 2264 2456 2317 Adventus
2488 2262 2687 2317 Christi
2746 2280 2884 2317 unus
2921 2266 3131 2334 quidem
3170 2269 3220 2320 in
3259 2269 3476 2325 humili-

1948 2364 2056 2408 tate
2098 2353 2394 2419 completus
2435 2362 2537 2416 est,
2562 2351 2699 2405 alius
2742 2367 2868 2407 vero
2901 2366 3150 2424 speratur
3175 2358 3227 2411 in
3250 2358 3417 2427 gloria
3450 2376 3466 2412 :

1947 2452 2001 2499 et
2044 2444 2129 2497 hic
2163 2443 2369 2511 primus
2418 2442 2674 2495 adventus
2710 2443 2760 2495 in
2789 2457 2948 2498 carne
2984 2447 3208 2514 mystico
3244 2449 3479 2515 quodam

1947 2546 2190 2587 sermone
2219 2532 2270 2585 in
2305 2529 2602 2600 Scripturis
2625 2535 2829 2586 sanctis
2860 2534 3043 2587 umbra
3087 2534 3201 2600 ejus
3243 2538 3480 2605 appella-

1951 2632 2053 2685 tur,
2084 2624 2221 2677 sicut
2246 2632 2299 2677 et
2321 2622 2579 2678 Jeremias
2602 2623 2864 2691 pr0pheta
2890 2622 3188 2689 denuntiat,
3213 2627 3475 2681 dicens“:

1954 2729 1973 2763 t
2000 2711 2234 2781 Spiritus
2263 2712 2439 2766 vultus
2466 2713 2634 2766 nostri
2667 2712 2913 2767 Christus
2964 2713 3242 2778 Dominus,
3270 2717 3350 2768 cui
3383 2730 3482 2770 nos

1950 2801 2181 2856 diximus
2210 2820 2223 2855 :
2248 2802 2304 2855 ln
2329 2802 2513 2855 umbra
2548 2802 2664 2870 ejus
2690 2802 2919 2855 vivimus
2951 2801 3004 2855 in
3034 2802 3298 2872 gentibus.
3323 2822 3340 2855 ι
3374 2803 3481 2859 Sed

1948 2899 2002 2943 et
2029 2890 2243 2946 Gabriel
2274 2906 2391 2944 cum
2424 2892 2818 2961 evangelizaret
2865 2889 3043 2942 Maria:
3071 2890 3207 2961 (56),
3244 2892 3308 2945 de
3337 2893 3480 2945 nati-

1950 2980 2115 3033 vitate
2143 2979 2258 3047 ejus
2287 2979 2414 3034 dicit
2437 2980 2480 3012 ⁶⁹
2510 2997 2524 3034 :
2560 2999 2578 3031 ι
2614 2980 2800 3034 Virtus
2828 2978 3089 3049 Altissimi
3140 2980 3482 3036 obumbrabit

1954 3067 2070 3121 tibi.
2090 3084 2109 3117 ι
2145 3066 2370 3136 Propter
2390 3071 2530 3137 quod
2558 3067 2924 3137 intelligimus,
2957 3069 3341 3136 quamplurima
3366 3071 3481 3139 pri-

1952 3172 2038 3210 mo
2068 3162 2169 3210 hoc
2205 3159 2432 3213 adventu
2458 3159 2573 3227 ejus
2604 3157 2936 3222 adumbrari,
2965 3174 3193 3227 quorum
3220 3160 3482 3228 adimple-

1954 3247 2027 3298 tio
2050 3253 2209 3312 atque
2246 3245 2504 3313 perfectio
2563 3246 2616 3299 in
2672 3248 2909 3300 secundo
2950 3258 3349 3303 consummetur
3372 3247 3481 3319 (57)

1953 3333 2209 3388 adventu.
2239 3332 2306 3386 Et
2343 3334 2613 3402 apostolus
2651 3333 2849 3388 Paulus
2875 3336 3006 3390 dicit
3027 3337 3096 3400 '°,
3124 3338 3247 3404 quia
3283 3354 3303 3387 ι
3327 3352 3481 3393 resu-

1952 3420 2162 3475 scitavit
2193 3436 2289 3474 nos
2315 3437 2433 3474 cum
2485 3436 2572 3485 eo,
2622 3422 2887 3490 simulque
2919 3424 3103 3478 sedere
3135 3425 3263 3478 fecit
3288 3427 3341 3479 in
3368 3442 3483 3481 cte-

1953 3507 2195 3561 lestibus.
2239 3524 2259 3557 ›
2306 3507 2372 3560 Et
2410 3507 2594 3576 utique
2634 3509 2867 3562 nondum
2911 3510 3152 3564 videmus
3183 3514 3482 3579 credentes,

1954 3606 2045 3649 aut
2092 3596 2440 3650 resuscitatos
2469 3613 2590 3653 esse
2607 3597 2741 3666 jam,
2765 3605 2856 3652 aut
2877 3599 2931 3651 in
2959 3598 3263 3653 celestibus
3290 3615 3483 3657 consc-

1954 3686 2134 3740 disse:
2163 3686 2256 3739 sed
2287 3686 2601 3739 adumbrata
2653 3695 2780 3740 sunt
2818 3686 3030 3755 quidem
3064 3688 3175 3742 haec
3217 3704 3360 3743 nunc
3390 3705 3485 3757 per

1954 3776 2131 3837 ﬁdem,
2169 3774 2290 3842 quia
2338 3783 2512 3829 mente
2568 3786 2623 3829 et
2660 3789 2755 3843 spe
2797 3790 2826 3829 a
2876 3776 3105 3829 terrenis
3158 3785 3213 3830 et
3263 3782 3485 3835 mortuis

1956 3863 2207 3932 operibus
2248 3863 2539 3928 elevamur,
2571 3872 2625 3918 et
2655 3864 2893 3932 quotidie
2921 3879 3014 3917 cor
3038 3875 3280 3920 nostrum
3321 3867 3484 3936 erigi-

1956 3967 2073 4005 mus
2103 3953 2169 4007 ad
2193 3952 2430 4007 caelestia
2471 3961 2526 4006 et
2566 3962 2803 4007 aeterna:
2833 3954 3141 4022 implebitur
3174 3965 3348 4010 antem
3383 3957 3486 4011 hoc

1954 4042 2007 4096 in
2054 4043 2291 4097 secundo
2332 4042 2447 4110 ejus
2488 4045 2740 4108 adventu,
2774 4054 2831 4098 ut
2863 4059 2925 4100 ea
2964 4059 3082 4112 qua:
3120 4060 3261 4101 nunc
3290 4046 3393 4102 ﬁde
3430 4058 3487 4102 et

1954 4144 2047 4199 spe
2084 4132 2547 4201 praesumpsimus,
2585 4140 2712 4187 tunc
2748 4135 2906 4187 etiam
2935 4149 3114 4188 rerum
3140 4133 3332 4189 effectu
3362 4151 3484 4191 cor-

1954 4220 2210 4288 poraliter
2251 4229 2544 4274 teneamus.
2575 4220 2647 4274 lta
2674 4235 2799 4292 ergo
2830 4232 2886 4277 et
2933 4224 3001 4277 de
3036 4222 3251 4278 diabolo
3291 4224 3486 4280 intelli-

273 4307 418 4361 dicit
451 4305 746 4376 apostolus
792 4306 985 4361 Petrus
1000 4307 1066 4374 θ’,
1095 4308 1239 4375 quod
1280 4308 1525 4363 Christus
1565 4310 1852 4367 cruciﬁxus
1882 4319 1926 4373 Ι)
1953 4308 2177 4375 gendum
2218 4317 2323 4373 est,
2350 4306 2490 4375 quod
2521 4308 2691 4363 victus
2720 4310 2935 4377 quidem
2982 4317 3036 4363 et
3060 4310 3352 4365 cruciﬁxus
3382 4320 3485 4376 est,
3521 4330 3535 4340 ·

276 4398 448 4452 nobis
479 4396 711 4463 reliquit
738 4396 1038 4465 exemplum
1065 4413 1077 4448 :
1100 4404 1155 4449 et
1185 4397 1297 4450 haec
1318 4399 1568 4461 secunda,
1593 4413 1693 4466 qua
1724 4413 1856 4454 crux

273 4487 374 4540 illa
410 4498 689 4555 tropaeum
726 4486 793 4539 de
842 4486 1054 4540 diabolo
1086 4487 1199 4555 (55)
1235 4488 1353 4553 fuit,
1395 4489 1448 4541 in
1499 4503 1604 4556 quo
1631 4498 1684 4543 et
1730 4503 1854 4544 cru-

274 4576 490 4628 eilixus
519 4584 609 4628 est
634 4582 691 4628 et
716 4574 1095 4642 triumphatus.
1120 4574 1249 4630 Ideo
1277 4576 1503 4644 denique
1544 4585 1600 4631 et
1642 4587 1848 4644 aposto-

277 4663 371 4716 lus
402 4664 615 4717 Paulus
657 4662 873 4717 dicebat
894 4664 939 4694 “
972 4680 987 4717 :
1022 4681 1043 4714 ι
1078 4662 1205 4715 Mihi
1235 4672 1408 4717 autem
1442 4665 1582 4718 absit
1610 4665 1848 4733 gloriari,

275 4752 391 4805 nisi
442 4751 497 4802 in
531 4762 702 4803 cruce
750 4749 962 4802 Domini
1013 4750 1118 4802 mei
1146 4748 1271 4803 Jesu
1309 4750 1529 4816 Christi,
1559 4764 1653 4818 per
1689 4764 1848 4818 quem

274 4838 427 4894 mihi
464 4838 703 4892 mundus
733 4837 1037 4893 cruciﬁxus
1068 4846 1171 4900 est,
1196 4846 1251 4891 et
1283 4853 1383 4908 ego
1408 4839 1669 4895 mundo.'i
1701 4840 1854 4895 Vides

1956 4398 2050 4451 sed
2078 4397 2140 4451 iis
2162 4397 2251 4465 qui
2283 4412 2404 4452 cum
2436 4397 2652 4452 Christo
2676 4398 2918 4453 cruciﬁxi
2947 4409 3093 4465 sunt,
3117 4402 3367 4456 omnibus
3393 4416 3490 4455 au-

1956 4489 2065 4536 tem
2093 4482 2458 4548 credentibus,
2499 4495 2554 4537 et
2605 4484 2871 4539 universis
2904 4487 3103 4555 pariter
3130 4487 3339 4556 populis
3364 4498 3490 4544 tunc

1956 4570 2063 4623 erit
2093 4571 2404 4636 cruciﬁxus,
2445 4587 2569 4627 cum
2621 4573 2978 4643 complebitur
3013 4575 3141 4630 illud
3182 4578 3324 4645 quod
3360 4578 3489 4633 dicit

1956 4657 2322 4727 Apostolus",
2359 4662 2487 4728 quia
2522 4677 2541 4712 t
2562 4661 2701 4716 sicut
2732 4662 2787 4716 in
2822 4662 2989 4716 Adam
3024 4677 3214 4719 omnes
3249 4665 3488 4718 moriun-
3552 4694 3555 4699 ι

1961 4757 2069 4814 tur,
2099 4749 2173 4802 ita
2211 4756 2263 4803 et
2304 4750 2355 4803 in
2394 4749 2609 4805 Christo
2652 4766 2840 4806 omnes
2897 4751 3367 4808 viviﬁcabuntur.»
3399 4754 3490 4807 Est

1957 4853 2086 4909 ergo
2108 4839 2218 4909 (58)
2243 4841 2297 4894 in
2323 4840 2427 4896 hoc
2447 4842 2608 4896 etiam
2638 4842 3053 4897 resurrectionis
3077 4843 3267 4897 futura:
3292 4854 3490 4914 myste-

355 4952 427 5023 '_'_
443 4950 635 5005 Matth.
670 4967 760 5023 xy,
787 4951 912 5023 ‘24.“
942 4948 990 5023 ξ’
1016 4948 1389 5023 Rom._t_t_,10.__
1426 4951 1477 5023 1‘
1499 4952 1701 5023 COIOSS-
1724 4967 1790 5023 1!»
1823 4954 1848 5005 ί

1965 4952 2018 5023 5.
2092 4953 2354 5023 "lPetr.
2382 4969 2443 5021 tt,
2463 4956 2551 5009 22.
2627 4955 3005 5022 “Gal.vt,M.
3079 4955 3325 5014 "lPetr.
3360 4971 3413 5023 ν,
3434 4956 3485 5012 8.

282 5020 330 5050 ⁸⁸
358 5020 661 5085 Thren.tv,
694 5020 784 5072 20.
868 5017 915 5048 ⁸⁸
951 5016 1086 5067 Luc.
1125 5031 1165 5077 t,
1192 5017 1277 5069 55.
1351 5019 1394 5049 ⁷ο
1422 5019 1615 5085 Ephes.
1646 5035 1703 5082 Il,
1733 5020 1791 5075 6.
1830 5023 1849 5052 "

1957 5022 2063 5078 Sor.
2093 5038 2182 5088 xv,
2208 5022 2297 5077 22.

322 5104 473 5174 ῷᾩ)
502 5111 667 5171 idem,
718 5125 739 5158 ι
762 5106 998 5159 Paulus.
1030 5121 1050 5154 ι
1092 5103 1240 5158 Libb.
1271 5107 1419 5170 editi,
1460 5126 1477 5157 ι
1500 5108 1805 5174 Apostolus.
1836 5128 1856 5162 ι

322 5111 451 5168 (50
502 5111 667 5171 idem,
718 5111 1034 5159 «Pattlus.1

300 5111 659 5252 (gijldetn,
691 5194 710 5227 ι
735 5176 983 5241 geritur.
1012 5189 1034 5221 ι

491 5236 657 5309 Idem;
680 5263 702 5294 ι
719 5236 1060 5313 suspensus.
1080 5255 1100 5288 ι
1306 5242 1456 5313 editi,
1474 5245 1858 5313 tcruciﬁxus.»

326 5304 463 5377 (55)
484 5304 653 5375 Mss;
683 5329 704 5360 ι
731 5309 807 5361 de
827 5304 1089 5377 diabolo.
1116 5324 1135 5356 ι
1182 5305 1327 5377 Libb.
1360 5309 1505 5375 editi,
1537 5328 1555 5359 ι
1585 5314 1811 5368 diaboli.
1839 5335 1857 5367 ι

364 5320 441 5359 ἱ)οκ
484 5320 637 5375 Mss“
683 5329 704 5360 ι
731 5320 807 5361 de
830 5320 1089 5357 utaumo.
1116 5324 1135 5356 ι
1182 5320 1327 5359 Ltbb.
1360 5320 1505 5375 edlll,
1537 5328 1555 5359 ι
1585 5320 1811 5368 diaboli.
1839 5335 1857 5367 ι

364 5320 463 5447 Siti
485 5382 877 5447 Sangerman.
906 5381 967 5423 et
994 5369 1281 5436 Gemetic.,
1313 5377 1664 5443 «Apostolus.»
1692 5380 1861 5437 Libb.

268 5445 726 5506 editi.’tPau1us.
750 5459 775 5491 ι

341 5504 459 5584 (55)
490 5514 661 5585 Libb.
723 5504 895 5565 editi,
929 5520 977 5585 ne
1006 5506 1459 5585 concupiscentias
1502 5528 1595 5585 non
1637 5518 1866 5585 recepi-

276 5569 464 5637 mus.i
493 5569 695 5640 Codex
741 5585 884 5626 vero
928 5569 1415 5637 Sangerniauensis
1456 5589 1509 5634 ut
1557 5582 1604 5637 in
1653 5569 1865 5640 noSiro

1965 5120 2130 5165 lCXlll.

2032 5180 2140 5249 (56)
2191 5180 2711 5250 (Ζοάάηὸθηεει-ηι,
2759 5179 3145 5250 Gemeticensis
3200 5192 3330 5250 cum
3373 5191 3489 5250 _u_no

1962 5243 2287 5307 Ebroicensi.
2337 5267 2356 5299 t
2378 5243 2571 5303 Mariae.
2602 5268 2621 5301 ο
2655 5249 2802 5303 Alter
2837 5247 3195 5308 Ebroicensis,
3224 5262 3245 5293 ‹
3267 5245 3331 5294 ad
3371 5243 3483 5296 Ma-

1964 5317 2117 5370 riam.
2147 5336 2164 5367 ι
2193 5316 2345 5371 Libb.
2378 5318 2528 5380 editi,
2565 5336 2583 5368 ι
2604 5317 2844 5371 Mariam.
2876 5334 2895 5365 ι

2032 5384 2138 5454 (57)
2166 5387 2442 5453 Sangerm.
2466 5397 2518 5441 et
2545 5387 2647 5437 duo
2704 5382 2941 5454 E_broic.,
2985 5396 3004 5429 ι
3033 5384 3488 5431 εοιιευωωθιυτ.»

1971 5449 2308 5514 ιιίὐιιζθάἱιὶζ
2347 5449 2911 5519 «consummabi_tur._r_
2944 5510 2956 5519 ι
3127 5511 3140 5519 _
3183 5509 3194 5519 _
3252 5508 3264 5519 .
3323 5513 3333 5519 Α
3438 5508 3449 5519 ,

2037 5523 2149 5589 (58)
2174 5508 2333 5589 Ergo.
2369 5520 2523 5575 Deest
2575 5520 2627 5573 in
2675 5516 2802 5573 libb.
2829 5510 3011 5573 editis,
3049 5511 3142 5565 sed
3182 5508 3405 5561 habetur
3437 5508 3498 5563 in

1970 5587 2245 5656 Sanget'tn.
