  <div class='ocr_page' id='page_1' title='image "/cluster/home/n/w/nwhite01/storage/ocr_20150623/12 (Origen; pt. 2)/nyp.33433081862272/443.png"; bbox 0 0 3822 6208; ppageno 0'>
   <div class='ocr_carea' id='block_1_1' title="bbox 386 213 483 267">
    <p class='ocr_par' dir='ltr' id='par_1_1' title="bbox 386 213 483 267">
     <span class='ocr_line' id='line_1_1' title="bbox 386 213 483 267; baseline -0.021 0"><span class='ocrx_word' id='word_1_1' title='bbox 386 213 483 267; x_wconf 80' lang='lat'><strong>867</strong></span> 
     </span>
    </p>
   </div>
   <div class='ocr_carea' id='block_1_2' title="bbox 1810 199 2128 257">
    <p class='ocr_par' dir='ltr' id='par_1_2' title="bbox 1810 199 2128 257">
     <span class='ocr_line' id='line_1_2' title="bbox 1810 199 2128 257; baseline -0.009 -1"><span class='ocrx_word' id='word_1_2' title='bbox 1810 199 2128 257; x_wconf 59' lang='grc' dir='ltr'>οῐιιῦιιΝιδ</span> 
     </span>
    </p>
   </div>
   <div class='ocr_carea' id='block_1_3' title="bbox 3555 187 3651 240">
    <p class='ocr_par' dir='ltr' id='par_1_3' title="bbox 3555 187 3651 240">
     <span class='ocr_line' id='line_1_3' title="bbox 3555 187 3651 240; baseline 0 0"><span class='ocrx_word' id='word_1_3' title='bbox 3555 187 3651 240; x_wconf 76' lang='lat'><strong>868</strong></span> 
     </span>
    </p>
   </div>
   <div class='ocr_carea' id='block_1_4' title="bbox 387 286 1915 388">
    <p class='ocr_par' dir='ltr' id='par_1_4' title="bbox 387 286 1915 388">
     <span class='ocr_line' id='line_1_4' title="bbox 387 286 1915 388; baseline -0.005 -13"><span class='ocrx_word' id='word_1_4' title='bbox 387 323 544 375; x_wconf 92' lang='lat' dir='ltr'><strong>rium.</strong></span> <span class='ocrx_word' id='word_1_5' title='bbox 569 320 700 373; x_wconf 86' lang='lat' dir='ltr'><strong>Nam</strong></span> <span class='ocrx_word' id='word_1_6' title='bbox 728 328 782 374; x_wconf 92' lang='lat' dir='ltr'><strong>et</strong></span> <span class='ocrx_word' id='word_1_7' title='bbox 815 328 939 374; x_wconf 90' lang='lat' dir='ltr'><strong>tunc</strong></span> <span class='ocrx_word' id='word_1_8' title='bbox 961 286 1226 374; x_wconf 71' lang='lat' dir='ltr'><strong>dividetur</strong></span> <span class='ocrx_word' id='word_1_9' title='bbox 1248 318 1472 388; x_wconf 90' lang='lat' dir='ltr'><strong>populus</strong></span> <span class='ocrx_word' id='word_1_10' title='bbox 1497 318 1548 372; x_wconf 93' lang='lat' dir='ltr'><strong>in</strong></span> <span class='ocrx_word' id='word_1_11' title='bbox 1569 319 1698 371; x_wconf 88' lang='lat' dir='ltr'><strong>duas</strong></span> <span class='ocrx_word' id='word_1_12' title='bbox 1720 327 1915 385; x_wconf 89' lang='lat' dir='ltr'><strong>partes,</strong></span> 
     </span>
    </p>
   </div>
   <div class='ocr_carea' id='block_1_5' title="bbox 2090 286 3654 388">
    <p class='ocr_par' dir='ltr' id='par_1_5' title="bbox 2090 297 3654 380">
     <span class='ocr_line' id='line_1_5' title="bbox 2090 297 3654 380; baseline -0.01 -17"><span class='ocrx_word' id='word_1_13' title='bbox 2090 313 2189 380; x_wconf 78' lang='lat' dir='ltr'><strong>gite</strong></span> <span class='ocrx_word' id='word_1_14' title='bbox 2232 310 2484 364; x_wconf 79' lang='lat' dir='ltr'><strong>invidiam</strong></span> <span class='ocrx_word' id='word_1_15' title='bbox 2530 317 2592 363; x_wconf 78' lang='lat' dir='ltr'><strong>et</strong></span> <span class='ocrx_word' id='word_1_16' title='bbox 2635 308 2928 369; x_wconf 62' lang='lat' dir='ltr'><strong>mena,</strong></span> <span class='ocrx_word' id='word_1_17' title='bbox 2977 299 3167 369; x_wconf 83' lang='lat' dir='ltr'><strong>fugite</strong></span> <span class='ocrx_word' id='word_1_18' title='bbox 3211 297 3574 352; x_wconf 88' lang='lat' dir='ltr'><strong>detractiones</strong></span> <span class='ocrx_word' id='word_1_19' title='bbox 3603 306 3654 349; x_wconf 77' lang='grc' dir='ltr'>ιί</span> 
     </span>
    </p>
   </div>
   <div class='ocr_carea' id='block_1_6' title="bbox 330 389 1906 477">
    <p class='ocr_par' dir='ltr' id='par_1_6' title="bbox 330 389 1906 477">
     <span class='ocr_line' id='line_1_6' title="bbox 330 389 1906 477; baseline -0.001 -18"><span class='ocrx_word' id='word_1_20' title='bbox 330 389 338 442; x_wconf 70' lang='grc' dir='ltr'><strong><em>Ῡ</em></strong></span> <span class='ocrx_word' id='word_1_21' title='bbox 389 415 543 460; x_wconf 82' lang='lat' dir='ltr'><strong>erunt</strong></span> <span class='ocrx_word' id='word_1_22' title='bbox 591 416 646 460; x_wconf 91' lang='lat' dir='ltr'><strong>et</strong></span> <span class='ocrx_word' id='word_1_23' title='bbox 675 417 799 462; x_wconf 87' lang='lat' dir='ltr'><strong>tunc</strong></span> <span class='ocrx_word' id='word_1_24' title='bbox 827 408 1042 476; x_wconf 90' lang='lat' dir='ltr'><strong>quidam</strong></span> <span class='ocrx_word' id='word_1_25' title='bbox 1085 408 1266 477; x_wconf 88' lang='lat' dir='ltr'><strong>primi,</strong></span> <span class='ocrx_word' id='word_1_26' title='bbox 1295 415 1348 460; x_wconf 91' lang='lat' dir='ltr'><strong>et</strong></span> <span class='ocrx_word' id='word_1_27' title='bbox 1377 407 1467 460; x_wconf 86' lang='lat' dir='ltr'><strong>alii</strong></span> <span class='ocrx_word' id='word_1_28' title='bbox 1503 406 1780 476; x_wconf 88' lang='lat' dir='ltr'><strong>postremi,</strong></span> <span class='ocrx_word' id='word_1_29' title='bbox 1817 406 1906 470; x_wconf 92' lang='lat' dir='ltr'><strong>qui</strong></span> 
     </span>
    </p>
   </div>
   <div class='ocr_carea' id='block_1_7' title="bbox 383 495 1907 566">
    <p class='ocr_par' dir='ltr' id='par_1_7' title="bbox 383 495 1907 566">
     <span class='ocr_line' id='line_1_7' title="bbox 383 495 1907 566; baseline -0.002 -18"><span class='ocrx_word' id='word_1_30' title='bbox 383 511 502 548; x_wconf 90' lang='lat' dir='ltr'><strong>cum</strong></span> <span class='ocrx_word' id='word_1_31' title='bbox 527 495 636 566; x_wconf 85' lang='lat'><strong>(&#39;59)</strong></span> <span class='ocrx_word' id='word_1_32' title='bbox 672 497 739 549; x_wconf 86' lang='lat' dir='ltr'><strong>ad</strong></span> <span class='ocrx_word' id='word_1_33' title='bbox 775 496 954 549; x_wconf 82' lang='lat' dir='ltr'><strong>Jesum</strong></span> <span class='ocrx_word' id='word_1_34' title='bbox 994 499 1044 549; x_wconf 92' lang='lat' dir='ltr'><strong>in</strong></span> <span class='ocrx_word' id='word_1_35' title='bbox 1095 512 1258 550; x_wconf 90' lang='lat' dir='ltr'><strong>unum</strong></span> <span class='ocrx_word' id='word_1_36' title='bbox 1307 495 1907 564; x_wconf 86' lang='lat' dir='ltr'><strong>conspiraverint,jam</strong></span> 
     </span>
    </p>
   </div>
   <div class='ocr_carea' id='block_1_8' title="bbox 385 585 1910 653">
    <p class='ocr_par' dir='ltr' id='par_1_8' title="bbox 385 585 1910 653">
     <span class='ocr_line' id='line_1_8' title="bbox 385 585 1910 653; baseline -0.001 -16"><span class='ocrx_word' id='word_1_37' title='bbox 385 594 511 639; x_wconf 91' lang='lat' dir='ltr'><strong>tunc</strong></span> <span class='ocrx_word' id='word_1_38' title='bbox 540 585 673 639; x_wconf 89' lang='lat' dir='ltr'><strong>ultra</strong></span> <span class='ocrx_word' id='word_1_39' title='bbox 707 586 922 640; x_wconf 87' lang='lat' dir='ltr'><strong>omnino</strong></span> <span class='ocrx_word' id='word_1_40' title='bbox 952 602 1054 640; x_wconf 92' lang='lat' dir='ltr'><strong>non</strong></span> <span class='ocrx_word' id='word_1_41' title='bbox 1092 587 1195 640; x_wconf 91' lang='lat' dir='ltr'><strong>erit</strong></span> <span class='ocrx_word' id='word_1_42' title='bbox 1226 585 1487 650; x_wconf 85' lang='lat' dir='ltr'><strong>diabolus,</strong></span> <span class='ocrx_word' id='word_1_43' title='bbox 1517 587 1639 653; x_wconf 84' lang='lat' dir='ltr'><strong>quia</strong></span> <span class='ocrx_word' id='word_1_44' title='bbox 1667 585 1774 652; x_wconf 91' lang='lat' dir='ltr'><strong>jam</strong></span> <span class='ocrx_word' id='word_1_45' title='bbox 1805 600 1910 637; x_wconf 87' lang='lat' dir='ltr'><strong>non</strong></span> 
     </span>
    </p>
   </div>
   <div class='ocr_carea' id='block_1_9' title="bbox 381 674 1908 730">
    <p class='ocr_par' dir='ltr' id='par_1_9' title="bbox 381 674 1908 730">
     <span class='ocr_line' id='line_1_9' title="bbox 381 674 1908 730; baseline 0.001 -3"><span class='ocrx_word' id='word_1_46' title='bbox 381 674 487 727; x_wconf 89' lang='lat' dir='ltr'><strong>erit</strong></span> <span class='ocrx_word' id='word_1_47' title='bbox 523 688 684 727; x_wconf 89' lang='lat' dir='ltr'><strong>mors.</strong></span> <span class='ocrx_word' id='word_1_48' title='bbox 717 674 808 727; x_wconf 78' lang='lat' dir='ltr'><strong>Vis</strong></span> <span class='ocrx_word' id='word_1_49' title='bbox 855 675 946 727; x_wconf 88' lang='lat' dir='ltr'><strong>tibi</strong></span> <span class='ocrx_word' id='word_1_50' title='bbox 1001 677 1159 729; x_wconf 87' lang='lat' dir='ltr'><strong>etiam</strong></span> <span class='ocrx_word' id='word_1_51' title='bbox 1211 677 1325 730; x_wconf 65' lang='lat' dir='ltr'><strong>haec</strong></span> <span class='ocrx_word' id='word_1_52' title='bbox 1359 677 1552 730; x_wconf 88' lang='lat' dir='ltr'><strong>divinis</strong></span> <span class='ocrx_word' id='word_1_53' title='bbox 1583 675 1908 728; x_wconf 83' lang='lat' dir='ltr'><strong>testimoniis</strong></span> 
     </span>
    </p>
   </div>
   <div class='ocr_carea' id='block_1_10' title="bbox 383 762 1912 830">
    <p class='ocr_par' dir='ltr' id='par_1_10' title="bbox 383 762 1912 830">
     <span class='ocr_line' id='line_1_10' title="bbox 383 762 1912 830; baseline 0.001 -15"><span class='ocrx_word' id='word_1_54' title='bbox 383 762 824 829; x_wconf 85' lang='lat' dir='ltr'><strong>comprobemus?</strong></span> <span class='ocrx_word' id='word_1_55' title='bbox 856 763 989 815; x_wconf 78' lang='lat' dir='ltr'><strong>Audi</strong></span> <span class='ocrx_word' id='word_1_56' title='bbox 1023 765 1330 830; x_wconf 86' lang='lat' dir='ltr'><strong>Apostolum</strong></span> <span class='ocrx_word' id='word_1_57' title='bbox 1357 765 1616 817; x_wconf 91' lang='lat' dir='ltr'><strong>dicentem</strong></span> <span class='ocrx_word' id='word_1_58' title='bbox 1634 764 1680 794; x_wconf 73' lang='grc' dir='ltr'><strong>τ’</strong></span> <span class='ocrx_word' id='word_1_59' title='bbox 1707 780 1720 814; x_wconf 91' lang='lat'><strong>:</strong></span> <span class='ocrx_word' id='word_1_60' title='bbox 1751 780 1770 813; x_wconf 77' lang='grc' dir='ltr'><strong>ι</strong></span> <span class='ocrx_word' id='word_1_61' title='bbox 1803 762 1912 816; x_wconf 92' lang='lat' dir='ltr'><strong>lloc</strong></span> 
     </span>
    </p>
   </div>
   <div class='ocr_carea' id='block_1_11' title="bbox 381 851 1910 921">
    <p class='ocr_par' dir='ltr' id='par_1_11' title="bbox 381 851 1910 921">
     <span class='ocr_line' id='line_1_11' title="bbox 381 851 1910 921; baseline 0.001 -17"><span class='ocrx_word' id='word_1_62' title='bbox 381 851 525 904; x_wconf 89' lang='lat' dir='ltr'><strong>enim</strong></span> <span class='ocrx_word' id='word_1_63' title='bbox 573 853 723 904; x_wconf 82' lang='lat' dir='ltr'><strong>vobis</strong></span> <span class='ocrx_word' id='word_1_64' title='bbox 777 853 1007 907; x_wconf 77' lang='lat' dir='ltr'><strong>dicimus</strong></span> <span class='ocrx_word' id='word_1_65' title='bbox 1066 854 1118 904; x_wconf 91' lang='lat' dir='ltr'><strong>in</strong></span> <span class='ocrx_word' id='word_1_66' title='bbox 1165 856 1326 908; x_wconf 90' lang='lat' dir='ltr'><strong>verbo</strong></span> <span class='ocrx_word' id='word_1_67' title='bbox 1375 854 1608 917; x_wconf 85' lang='lat' dir='ltr'><strong>Domini,</strong></span> <span class='ocrx_word' id='word_1_68' title='bbox 1637 853 1758 921; x_wconf 89' lang='lat' dir='ltr'><strong>quia</strong></span> <span class='ocrx_word' id='word_1_69' title='bbox 1813 866 1910 906; x_wconf 93' lang='lat' dir='ltr'><strong>nos</strong></span> 
     </span>
    </p>
   </div>
   <div class='ocr_carea' id='block_1_12' title="bbox 383 941 1914 1011">
    <p class='ocr_par' dir='ltr' id='par_1_12' title="bbox 383 941 1914 1011">
     <span class='ocr_line' id='line_1_12' title="bbox 383 941 1914 1011; baseline 0.003 -19"><span class='ocrx_word' id='word_1_70' title='bbox 383 941 472 1006; x_wconf 90' lang='lat' dir='ltr'><strong>qui</strong></span> <span class='ocrx_word' id='word_1_71' title='bbox 524 941 772 1006; x_wconf 88' lang='lat' dir='ltr'><strong>vivimus,</strong></span> <span class='ocrx_word' id='word_1_72' title='bbox 813 943 903 1009; x_wconf 90' lang='lat' dir='ltr'><strong>qui</strong></span> <span class='ocrx_word' id='word_1_73' title='bbox 950 943 1134 1011; x_wconf 86' lang='lat' dir='ltr'><strong>reliqui</strong></span> <span class='ocrx_word' id='word_1_74' title='bbox 1184 959 1390 1008; x_wconf 89' lang='lat' dir='ltr'><strong>sumus,</strong></span> <span class='ocrx_word' id='word_1_75' title='bbox 1448 944 1501 997; x_wconf 90' lang='lat' dir='ltr'><strong>in</strong></span> <span class='ocrx_word' id='word_1_76' title='bbox 1543 945 1770 998; x_wconf 90' lang='lat' dir='ltr'><strong>adventu</strong></span> <span class='ocrx_word' id='word_1_77' title='bbox 1816 945 1914 996; x_wconf 81' lang='lat' dir='ltr'><strong>Do-</strong></span> 
     </span>
    </p>
   </div>
   <div class='ocr_carea' id='block_1_13' title="bbox 388 1031 1910 1099">
    <p class='ocr_par' dir='ltr' id='par_1_13' title="bbox 388 1031 1910 1099">
     <span class='ocr_line' id='line_1_13' title="bbox 388 1031 1910 1099; baseline 0.003 -19"><span class='ocrx_word' id='word_1_78' title='bbox 388 1031 513 1082; x_wconf 89' lang='lat' dir='ltr'><strong>mini</strong></span> <span class='ocrx_word' id='word_1_79' title='bbox 559 1045 660 1083; x_wconf 91' lang='lat' dir='ltr'><strong>non</strong></span> <span class='ocrx_word' id='word_1_80' title='bbox 706 1031 1089 1097; x_wconf 67' lang='lat' dir='ltr'><strong>praaveniemus</strong></span> <span class='ocrx_word' id='word_1_81' title='bbox 1143 1047 1234 1085; x_wconf 90' lang='lat' dir='ltr'><strong>eos</strong></span> <span class='ocrx_word' id='word_1_82' title='bbox 1279 1033 1366 1099; x_wconf 85' lang='lat' dir='ltr'><strong>qui</strong></span> <span class='ocrx_word' id='word_1_83' title='bbox 1410 1032 1759 1097; x_wconf 87' lang='lat' dir='ltr'><strong>dormierunt,</strong></span> <span class='ocrx_word' id='word_1_84' title='bbox 1788 1033 1910 1099; x_wconf 85' lang='lat' dir='ltr'><strong>quia</strong></span> 
     </span>
    </p>
   </div>
   <div class='ocr_carea' id='block_1_14' title="bbox 385 1117 1912 1190">
    <p class='ocr_par' dir='ltr' id='par_1_14' title="bbox 385 1117 1912 1190">
     <span class='ocr_line' id='line_1_14' title="bbox 385 1117 1912 1190; baseline 0.002 -20"><span class='ocrx_word' id='word_1_85' title='bbox 385 1119 497 1186; x_wconf 91' lang='lat' dir='ltr'><strong>ipse</strong></span> <span class='ocrx_word' id='word_1_86' title='bbox 531 1117 786 1172; x_wconf 86' lang='lat' dir='ltr'><strong>Dominus</strong></span> <span class='ocrx_word' id='word_1_87' title='bbox 825 1119 877 1172; x_wconf 92' lang='lat' dir='ltr'><strong>in</strong></span> <span class='ocrx_word' id='word_1_88' title='bbox 905 1118 1056 1184; x_wconf 89' lang='lat' dir='ltr'><strong>jussu</strong></span> <span class='ocrx_word' id='word_1_89' title='bbox 1091 1130 1145 1174; x_wconf 90' lang='lat' dir='ltr'><strong>et</strong></span> <span class='ocrx_word' id='word_1_90' title='bbox 1174 1122 1226 1174; x_wconf 92' lang='lat' dir='ltr'><strong>in</strong></span> <span class='ocrx_word' id='word_1_91' title='bbox 1265 1135 1395 1175; x_wconf 92' lang='lat' dir='ltr'><strong>voce</strong></span> <span class='ocrx_word' id='word_1_92' title='bbox 1426 1120 1732 1190; x_wconf 80' lang='lat' dir='ltr'><strong>archangeli</strong></span> <span class='ocrx_word' id='word_1_93' title='bbox 1765 1130 1819 1173; x_wconf 93' lang='lat' dir='ltr'><strong>et</strong></span> <span class='ocrx_word' id='word_1_94' title='bbox 1859 1121 1912 1173; x_wconf 90' lang='lat' dir='ltr'><strong>in</strong></span> 
     </span>
    </p>
   </div>
   <div class='ocr_carea' id='block_1_15' title="bbox 387 1208 1914 1278">
    <p class='ocr_par' dir='ltr' id='par_1_15' title="bbox 387 1208 1914 1278">
     <span class='ocr_line' id='line_1_15' title="bbox 387 1208 1914 1278; baseline 0.001 -18"><span class='ocrx_word' id='word_1_95' title='bbox 387 1208 508 1260; x_wconf 91' lang='lat' dir='ltr'><strong>tuba</strong></span> <span class='ocrx_word' id='word_1_96' title='bbox 537 1208 627 1260; x_wconf 87' lang='lat' dir='ltr'><strong>Dei</strong></span> <span class='ocrx_word' id='word_1_97' title='bbox 660 1211 946 1263; x_wconf 74' lang='lat' dir='ltr'><strong>descendet</strong></span> <span class='ocrx_word' id='word_1_98' title='bbox 972 1211 1038 1264; x_wconf 90' lang='lat' dir='ltr'><strong>de</strong></span> <span class='ocrx_word' id='word_1_99' title='bbox 1061 1211 1216 1275; x_wconf 72' lang='lat' dir='ltr'><strong>ccelo,</strong></span> <span class='ocrx_word' id='word_1_100' title='bbox 1245 1220 1298 1265; x_wconf 88' lang='lat' dir='ltr'><strong>et</strong></span> <span class='ocrx_word' id='word_1_101' title='bbox 1327 1211 1518 1264; x_wconf 83' lang='lat' dir='ltr'><strong>mortui</strong></span> <span class='ocrx_word' id='word_1_102' title='bbox 1550 1212 1637 1278; x_wconf 92' lang='lat' dir='ltr'><strong>qui</strong></span> <span class='ocrx_word' id='word_1_103' title='bbox 1674 1213 1727 1264; x_wconf 90' lang='lat' dir='ltr'><strong>ln</strong></span> <span class='ocrx_word' id='word_1_104' title='bbox 1757 1209 1914 1264; x_wconf 89' lang='lat' dir='ltr'><strong>Chri-</strong></span> 
     </span>
    </p>
   </div>
   <div class='ocr_carea' id='block_1_16' title="bbox 385 1299 1911 1367">
    <p class='ocr_par' dir='ltr' id='par_1_16' title="bbox 385 1299 1911 1367">
     <span class='ocr_line' id='line_1_16' title="bbox 385 1299 1911 1367; baseline 0.004 -21"><span class='ocrx_word' id='word_1_105' title='bbox 385 1304 470 1346; x_wconf 88' lang='lat' dir='ltr'><strong>sto</strong></span> <span class='ocrx_word' id='word_1_106' title='bbox 509 1304 654 1359; x_wconf 90' lang='lat' dir='ltr'><strong>sunt,</strong></span> <span class='ocrx_word' id='word_1_107' title='bbox 686 1307 963 1366; x_wconf 86' lang='lat' dir='ltr'><strong>resurgent</strong></span> <span class='ocrx_word' id='word_1_108' title='bbox 990 1299 1166 1366; x_wconf 90' lang='lat' dir='ltr'><strong>primi.</strong></span> <span class='ocrx_word' id='word_1_109' title='bbox 1200 1299 1395 1353; x_wconf 87' lang='lat' dir='ltr'><strong>Deinde</strong></span> <span class='ocrx_word' id='word_1_110' title='bbox 1425 1314 1521 1352; x_wconf 89' lang='lat' dir='ltr'><strong>nos</strong></span> <span class='ocrx_word' id='word_1_111' title='bbox 1541 1300 1632 1367; x_wconf 87' lang='lat' dir='ltr'><strong>qui</strong></span> <span class='ocrx_word' id='word_1_112' title='bbox 1665 1299 1911 1361; x_wconf 88' lang='lat' dir='ltr'><strong>vivimus,</strong></span> 
     </span>
    </p>
   </div>
   <div class='ocr_carea' id='block_1_17' title="bbox 385 1384 1917 1456">
    <p class='ocr_par' dir='ltr' id='par_1_17' title="bbox 385 1384 1917 1456">
     <span class='ocr_line' id='line_1_17' title="bbox 385 1384 1917 1456; baseline 0.005 -23"><span class='ocrx_word' id='word_1_113' title='bbox 385 1384 477 1449; x_wconf 91' lang='lat' dir='ltr'><strong>qui</strong></span> <span class='ocrx_word' id='word_1_114' title='bbox 508 1384 697 1452; x_wconf 86' lang='lat' dir='ltr'><strong>reliqui</strong></span> <span class='ocrx_word' id='word_1_115' title='bbox 740 1403 942 1448; x_wconf 89' lang='lat' dir='ltr'><strong>sumus,</strong></span> <span class='ocrx_word' id='word_1_116' title='bbox 978 1388 1138 1440; x_wconf 86' lang='lat' dir='ltr'><strong>simul</strong></span> <span class='ocrx_word' id='word_1_117' title='bbox 1167 1389 1430 1456; x_wconf 91' lang='lat' dir='ltr'><strong>rapiemnr</strong></span> <span class='ocrx_word' id='word_1_118' title='bbox 1458 1403 1578 1442; x_wconf 91' lang='lat' dir='ltr'><strong>cum</strong></span> <span class='ocrx_word' id='word_1_119' title='bbox 1605 1388 1707 1442; x_wconf 91' lang='lat' dir='ltr'><strong>illis</strong></span> <span class='ocrx_word' id='word_1_120' title='bbox 1741 1388 1794 1441; x_wconf 89' lang='lat' dir='ltr'><strong>in</strong></span> <span class='ocrx_word' id='word_1_121' title='bbox 1825 1403 1917 1440; x_wconf 89' lang='lat' dir='ltr'><strong>nu-</strong></span> 
     </span>
    </p>
   </div>
   <div class='ocr_carea' id='block_1_18' title="bbox 383 1469 1916 1542">
    <p class='ocr_par' dir='ltr' id='par_1_18' title="bbox 383 1469 1916 1542">
     <span class='ocr_line' id='line_1_18' title="bbox 383 1469 1916 1542; baseline 0.004 -20"><span class='ocrx_word' id='word_1_122' title='bbox 383 1469 538 1524; x_wconf 89' lang='lat' dir='ltr'><strong>bibus</strong></span> <span class='ocrx_word' id='word_1_123' title='bbox 559 1473 766 1526; x_wconf 87' lang='lat' dir='ltr'><strong>obviam</strong></span> <span class='ocrx_word' id='word_1_124' title='bbox 791 1473 1000 1527; x_wconf 91' lang='lat' dir='ltr'><strong>Christo</strong></span> <span class='ocrx_word' id='word_1_125' title='bbox 1025 1475 1074 1526; x_wconf 93' lang='lat' dir='ltr'><strong>in</strong></span> <span class='ocrx_word' id='word_1_126' title='bbox 1099 1489 1242 1539; x_wconf 89' lang='lat' dir='ltr'><strong>aera,</strong></span> <span class='ocrx_word' id='word_1_127' title='bbox 1269 1485 1322 1528; x_wconf 92' lang='lat' dir='ltr'><strong>et</strong></span> <span class='ocrx_word' id='word_1_128' title='bbox 1344 1477 1421 1530; x_wconf 92' lang='lat' dir='ltr'><strong>sic</strong></span> <span class='ocrx_word' id='word_1_129' title='bbox 1440 1490 1648 1542; x_wconf 86' lang='lat' dir='ltr'><strong>semper</strong></span> <span class='ocrx_word' id='word_1_130' title='bbox 1672 1490 1792 1529; x_wconf 92' lang='lat' dir='ltr'><strong>cum</strong></span> <span class='ocrx_word' id='word_1_131' title='bbox 1813 1475 1916 1528; x_wconf 89' lang='lat' dir='ltr'><strong>Do-</strong></span> 
     </span>
    </p>
   </div>
   <div class='ocr_carea' id='block_1_19' title="bbox 386 1561 1914 1626">
    <p class='ocr_par' dir='ltr' id='par_1_19' title="bbox 386 1561 1914 1626">
     <span class='ocr_line' id='line_1_19' title="bbox 386 1561 1914 1626; baseline 0.003 -16"><span class='ocrx_word' id='word_1_132' title='bbox 386 1561 528 1613; x_wconf 86' lang='lat' dir='ltr'><strong>mino</strong></span> <span class='ocrx_word' id='word_1_133' title='bbox 543 1562 796 1616; x_wconf 64' lang='lat' dir='ltr'><strong>erimus.»</strong></span> <span class='ocrx_word' id='word_1_134' title='bbox 823 1564 893 1617; x_wconf 89' lang='lat' dir='ltr'><strong>De</strong></span> <span class='ocrx_word' id='word_1_135' title='bbox 913 1563 1124 1618; x_wconf 86' lang='lat' dir='ltr'><strong>diabolo</strong></span> <span class='ocrx_word' id='word_1_136' title='bbox 1148 1574 1323 1617; x_wconf 90' lang='lat' dir='ltr'><strong>autem</strong></span> <span class='ocrx_word' id='word_1_137' title='bbox 1343 1567 1546 1626; x_wconf 88' lang='lat' dir='ltr'><strong>dicens,</strong></span> <span class='ocrx_word' id='word_1_138' title='bbox 1572 1565 1707 1618; x_wconf 84' lang='lat' dir='ltr'><strong>ait&quot;</strong></span> <span class='ocrx_word' id='word_1_139' title='bbox 1734 1581 1748 1618; x_wconf 90' lang='lat'><strong>:</strong></span> <span class='ocrx_word' id='word_1_140' title='bbox 1777 1564 1914 1616; x_wconf 76' lang='grc' dir='ltr'><strong>«Νο-</strong></span> 
     </span>
    </p>
   </div>
   <div class='ocr_carea' id='block_1_20' title="bbox 383 1632 1987 1723">
    <p class='ocr_par' dir='ltr' id='par_1_20' title="bbox 383 1632 1987 1723">
     <span class='ocr_line' id='line_1_20' title="bbox 383 1632 1987 1723; baseline 0.002 -21"><span class='ocrx_word' id='word_1_141' title='bbox 383 1651 631 1706; x_wconf 89' lang='lat' dir='ltr'><strong>vissimus</strong></span> <span class='ocrx_word' id='word_1_142' title='bbox 659 1653 902 1708; x_wconf 90' lang='lat' dir='ltr'><strong>inimicus</strong></span> <span class='ocrx_word' id='word_1_143' title='bbox 926 1655 1227 1708; x_wconf 89' lang='lat' dir='ltr'><strong>destruetur</strong></span> <span class='ocrx_word' id='word_1_144' title='bbox 1257 1669 1418 1720; x_wconf 90' lang='lat' dir='ltr'><strong>mors,</strong></span> <span class='ocrx_word' id='word_1_145' title='bbox 1443 1673 1462 1706; x_wconf 73' lang='grc' dir='ltr'><strong>ι</strong></span> <span class='ocrx_word' id='word_1_146' title='bbox 1488 1656 1612 1723; x_wconf 88' lang='lat' dir='ltr'><strong>quia</strong></span> <span class='ocrx_word' id='word_1_147' title='bbox 1644 1670 1767 1709; x_wconf 84' lang='lat' dir='ltr'><strong>vere</strong></span> <span class='ocrx_word' id='word_1_148' title='bbox 1794 1664 1918 1707; x_wconf 90' lang='lat' dir='ltr'><strong>tunc</strong></span> <span class='ocrx_word' id='word_1_149' title='bbox 1949 1632 1987 1685; x_wconf 78' lang='grc' dir='ltr'><strong>Β</strong></span> 
     </span>
    </p>
   </div>
   <div class='ocr_carea' id='block_1_21' title="bbox 385 1743 1915 1808">
    <p class='ocr_par' dir='ltr' id='par_1_21' title="bbox 385 1743 1915 1808">
     <span class='ocr_line' id='line_1_21' title="bbox 385 1743 1915 1808; baseline 0.003 -14"><span class='ocrx_word' id='word_1_150' title='bbox 385 1743 628 1796; x_wconf 87' lang='lat' dir='ltr'><strong>vincetur</strong></span> <span class='ocrx_word' id='word_1_151' title='bbox 648 1758 812 1808; x_wconf 90' lang='lat' dir='ltr'><strong>mors,</strong></span> <span class='ocrx_word' id='word_1_152' title='bbox 840 1759 960 1798; x_wconf 90' lang='lat' dir='ltr'><strong>cum</strong></span> <span class='ocrx_word' id='word_1_153' title='bbox 986 1748 1208 1798; x_wconf 87' lang='lat' dir='ltr'><strong>mortale</strong></span> <span class='ocrx_word' id='word_1_154' title='bbox 1233 1745 1334 1798; x_wconf 91' lang='lat' dir='ltr'><strong>hoc</strong></span> <span class='ocrx_word' id='word_1_155' title='bbox 1351 1744 1726 1799; x_wconf 90' lang='lat' dir='ltr'><strong>absorbebitur</strong></span> <span class='ocrx_word' id='word_1_156' title='bbox 1741 1759 1771 1798; x_wconf 88' lang='lat' dir='ltr'><strong>a</strong></span> <span class='ocrx_word' id='word_1_157' title='bbox 1787 1744 1915 1799; x_wconf 88' lang='lat' dir='ltr'><strong>vita.</strong></span> 
     </span>
    </p>
   </div>
   <div class='ocr_carea' id='block_1_22' title="bbox 450 1873 1916 1943">
    <p class='ocr_par' dir='ltr' id='par_1_22' title="bbox 450 1873 1916 1943">
     <span class='ocr_line' id='line_1_22' title="bbox 450 1873 1916 1943; baseline 0.003 -17"><span class='ocrx_word' id='word_1_158' title='bbox 450 1873 506 1928; x_wconf 85' lang='lat'><strong>5.</strong></span> <span class='ocrx_word' id='word_1_159' title='bbox 546 1873 649 1927; x_wconf 89' lang='lat' dir='ltr'><strong>Sed</strong></span> <span class='ocrx_word' id='word_1_160' title='bbox 691 1875 959 1928; x_wconf 86' lang='lat' dir='ltr'><strong>videamus</strong></span> <span class='ocrx_word' id='word_1_161' title='bbox 1008 1889 1127 1943; x_wconf 82' lang='lat' dir='ltr'><strong>quae</strong></span> <span class='ocrx_word' id='word_1_162' title='bbox 1171 1874 1222 1927; x_wconf 92' lang='lat' dir='ltr'><strong>in</strong></span> <span class='ocrx_word' id='word_1_163' title='bbox 1283 1875 1669 1943; x_wconf 83' lang='lat' dir='ltr'><strong>posterioribus</strong></span> <span class='ocrx_word' id='word_1_164' title='bbox 1724 1889 1916 1930; x_wconf 87' lang='lat' dir='ltr'><strong>conse-</strong></span> 
     </span>
    </p>
   </div>
   <div class='ocr_carea' id='block_1_23' title="bbox 382 1963 1913 2035">
    <p class='ocr_par' dir='ltr' id='par_1_23' title="bbox 382 1963 1913 2035">
     <span class='ocr_line' id='line_1_23' title="bbox 382 1963 1913 2035; baseline 0.003 -21"><span class='ocrx_word' id='word_1_165' title='bbox 382 1963 790 2031; x_wconf 68' lang='lat' dir='ltr'><strong>quunturHEt</strong></span> <span class='ocrx_word' id='word_1_166' title='bbox 842 1965 1098 2024; x_wconf 84' lang='lat' dir='ltr'><strong>incendit.</strong></span> <span class='ocrx_word' id='word_1_167' title='bbox 1163 1965 1418 2032; x_wconf 73' lang='lat' dir='ltr'><strong>inquit&quot;,</strong></span> <span class='ocrx_word' id='word_1_168' title='bbox 1467 1963 1622 2018; x_wconf 79' lang='lat' dir='ltr'><strong>Jesus</strong></span> <span class='ocrx_word' id='word_1_169' title='bbox 1667 1965 1802 2035; x_wconf 80' lang='lat' dir='ltr'><strong>ﬂay,</strong></span> <span class='ocrx_word' id='word_1_170' title='bbox 1860 1976 1913 2020; x_wconf 91' lang='lat' dir='ltr'><strong>et</strong></span> 
     </span>
    </p>
   </div>
   <div class='ocr_carea' id='block_1_24' title="bbox 385 2053 1904 2122">
    <p class='ocr_par' dir='ltr' id='par_1_24' title="bbox 385 2053 1904 2122">
     <span class='ocr_line' id='line_1_24' title="bbox 385 2053 1904 2122; baseline 0.003 -19"><span class='ocrx_word' id='word_1_171' title='bbox 385 2053 569 2107; x_wconf 67' lang='lat' dir='ltr'><strong>effecta</strong></span> <span class='ocrx_word' id='word_1_172' title='bbox 616 2064 695 2106; x_wconf 91' lang='lat' dir='ltr'><strong>est</strong></span> <span class='ocrx_word' id='word_1_173' title='bbox 738 2054 862 2108; x_wconf 89' lang='lat' dir='ltr'><strong>urbs</strong></span> <span class='ocrx_word' id='word_1_174' title='bbox 909 2069 1027 2122; x_wconf 71' lang='lat' dir='ltr'><strong>qua:</strong></span> <span class='ocrx_word' id='word_1_175' title='bbox 1058 2070 1159 2107; x_wconf 92' lang='lat' dir='ltr'><strong>non</strong></span> <span class='ocrx_word' id='word_1_176' title='bbox 1197 2055 1467 2107; x_wconf 90' lang='lat' dir='ltr'><strong>habitetur</strong></span> <span class='ocrx_word' id='word_1_177' title='bbox 1496 2054 1548 2106; x_wconf 94' lang='lat' dir='ltr'><strong>in</strong></span> <span class='ocrx_word' id='word_1_178' title='bbox 1580 2065 1860 2109; x_wconf 69' lang='lat' dir='ltr'><strong>aaternum.</strong></span> <span class='ocrx_word' id='word_1_179' title='bbox 1886 2077 1904 2108; x_wconf 73' lang='grc' dir='ltr'><strong>ι</strong></span> 
     </span>
    </p>
   </div>
   <div class='ocr_carea' id='block_1_25' title="bbox 384 2140 1916 2212">
    <p class='ocr_par' dir='ltr' id='par_1_25' title="bbox 384 2140 1916 2212">
     <span class='ocr_line' id='line_1_25' title="bbox 384 2140 1916 2212; baseline 0.002 -18"><span class='ocrx_word' id='word_1_180' title='bbox 384 2140 545 2197; x_wconf 83' lang='lat' dir='ltr'><strong>Vides</strong></span> <span class='ocrx_word' id='word_1_181' title='bbox 567 2143 688 2210; x_wconf 90' lang='lat' dir='ltr'><strong>quia</strong></span> <span class='ocrx_word' id='word_1_182' title='bbox 721 2143 832 2196; x_wconf 72' lang='lat' dir='ltr'><strong>haec</strong></span> <span class='ocrx_word' id='word_1_183' title='bbox 865 2157 981 2209; x_wconf 67' lang='lat' dir='ltr'><strong>quae</strong></span> <span class='ocrx_word' id='word_1_184' title='bbox 1017 2151 1330 2210; x_wconf 87' lang='lat' dir='ltr'><strong>sequuntur,</strong></span> <span class='ocrx_word' id='word_1_185' title='bbox 1365 2143 1534 2211; x_wconf 86' lang='lat' dir='ltr'><strong>magis</strong></span> <span class='ocrx_word' id='word_1_186' title='bbox 1581 2143 1645 2195; x_wconf 88' lang='lat' dir='ltr'><strong>ad</strong></span> <span class='ocrx_word' id='word_1_187' title='bbox 1679 2144 1916 2212; x_wconf 82' lang='lat' dir='ltr'><strong>mysterii</strong></span> 
     </span>
    </p>
   </div>
   <div class='ocr_carea' id='block_1_26' title="bbox 382 2229 1913 2299">
    <p class='ocr_par' dir='ltr' id='par_1_26' title="bbox 382 2229 1913 2299">
     <span class='ocr_line' id='line_1_26' title="bbox 382 2229 1913 2299; baseline 0.001 -17"><span class='ocrx_word' id='word_1_188' title='bbox 382 2245 542 2299; x_wconf 85' lang='lat' dir='ltr'><strong>quam</strong></span> <span class='ocrx_word' id='word_1_189' title='bbox 575 2230 638 2282; x_wconf 90' lang='lat' dir='ltr'><strong>ad</strong></span> <span class='ocrx_word' id='word_1_190' title='bbox 690 2230 928 2283; x_wconf 72' lang='lat' dir='ltr'><strong>historiae</strong></span> <span class='ocrx_word' id='word_1_191' title='bbox 975 2230 1242 2297; x_wconf 85' lang='lat' dir='ltr'><strong>pertinent</strong></span> <span class='ocrx_word' id='word_1_192' title='bbox 1281 2231 1582 2283; x_wconf 88' lang='lat' dir='ltr'><strong>veritatem.</strong></span> <span class='ocrx_word' id='word_1_193' title='bbox 1614 2229 1730 2283; x_wconf 87' lang='lat' dir='ltr'><strong>Non</strong></span> <span class='ocrx_word' id='word_1_194' title='bbox 1772 2233 1913 2284; x_wconf 88' lang='lat' dir='ltr'><strong>enim</strong></span> 
     </span>
    </p>
   </div>
   <div class='ocr_carea' id='block_1_27' title="bbox 386 2319 1916 2380">
    <p class='ocr_par' dir='ltr' id='par_1_27' title="bbox 386 2319 1916 2380">
     <span class='ocr_line' id='line_1_27' title="bbox 386 2319 1916 2380; baseline -0.001 -7"><span class='ocrx_word' id='word_1_195' title='bbox 386 2331 491 2373; x_wconf 84' lang='lat' dir='ltr'><strong>tam</strong></span> <span class='ocrx_word' id='word_1_196' title='bbox 526 2319 612 2372; x_wconf 91' lang='lat' dir='ltr'><strong>ille</strong></span> <span class='ocrx_word' id='word_1_197' title='bbox 644 2319 790 2372; x_wconf 91' lang='lat' dir='ltr'><strong>locus</strong></span> <span class='ocrx_word' id='word_1_198' title='bbox 820 2328 975 2372; x_wconf 79' lang='lat' dir='ltr'><strong>terra:</strong></span> <span class='ocrx_word' id='word_1_199' title='bbox 1021 2319 1383 2373; x_wconf 88' lang='lat' dir='ltr'><strong>inhabitabilis</strong></span> <span class='ocrx_word' id='word_1_200' title='bbox 1422 2329 1503 2372; x_wconf 92' lang='lat' dir='ltr'><strong>est</strong></span> <span class='ocrx_word' id='word_1_201' title='bbox 1546 2321 1598 2372; x_wconf 91' lang='lat' dir='ltr'><strong>in</strong></span> <span class='ocrx_word' id='word_1_202' title='bbox 1639 2329 1916 2380; x_wconf 68' lang='lat' dir='ltr'><strong>aeternum,</strong></span> 
     </span>
    </p>
   </div>
   <div class='ocr_carea' id='block_1_28' title="bbox 383 2408 1916 2476">
    <p class='ocr_par' dir='ltr' id='par_1_28' title="bbox 383 2408 1916 2476">
     <span class='ocr_line' id='line_1_28' title="bbox 383 2408 1916 2476; baseline 0.004 -20"><span class='ocrx_word' id='word_1_203' title='bbox 383 2421 541 2476; x_wconf 88' lang='lat' dir='ltr'><strong>quam</strong></span> <span class='ocrx_word' id='word_1_204' title='bbox 585 2408 728 2461; x_wconf 92' lang='lat' dir='ltr'><strong>locus</strong></span> <span class='ocrx_word' id='word_1_205' title='bbox 758 2408 1055 2460; x_wconf 63' lang='lat' dir='ltr'><strong>daemonum</strong></span> <span class='ocrx_word' id='word_1_206' title='bbox 1099 2408 1466 2462; x_wconf 88' lang='lat' dir='ltr'><strong>inhabitabilis</strong></span> <span class='ocrx_word' id='word_1_207' title='bbox 1500 2410 1624 2474; x_wconf 89' lang='lat' dir='ltr'><strong>erit,</strong></span> <span class='ocrx_word' id='word_1_208' title='bbox 1652 2419 1775 2463; x_wconf 92' lang='lat' dir='ltr'><strong>tunc</strong></span> <span class='ocrx_word' id='word_1_209' title='bbox 1798 2424 1916 2463; x_wconf 91' lang='lat' dir='ltr'><strong>cum</strong></span> 
     </span>
    </p>
   </div>
   <div class='ocr_carea' id='block_1_29' title="bbox 379 2499 1916 2569">
    <p class='ocr_par' dir='ltr' id='par_1_29' title="bbox 379 2499 1916 2569">
     <span class='ocr_line' id='line_1_29' title="bbox 379 2499 1916 2569; baseline 0.003 -18"><span class='ocrx_word' id='word_1_210' title='bbox 379 2499 485 2564; x_wconf 87' lang='lat' dir='ltr'><strong>jam</strong></span> <span class='ocrx_word' id='word_1_211' title='bbox 521 2512 676 2551; x_wconf 84' lang='lat' dir='ltr'><strong>nemo</strong></span> <span class='ocrx_word' id='word_1_212' title='bbox 708 2499 966 2565; x_wconf 84' lang='lat' dir='ltr'><strong>peccabit,</strong></span> <span class='ocrx_word' id='word_1_213' title='bbox 998 2514 1170 2566; x_wconf 90' lang='lat' dir='ltr'><strong>neque</strong></span> <span class='ocrx_word' id='word_1_214' title='bbox 1202 2501 1443 2567; x_wconf 78' lang='lat' dir='ltr'><strong>regnabit</strong></span> <span class='ocrx_word' id='word_1_215' title='bbox 1473 2502 1525 2554; x_wconf 90' lang='lat' dir='ltr'><strong>in</strong></span> <span class='ocrx_word' id='word_1_216' title='bbox 1571 2501 1747 2569; x_wconf 88' lang='lat' dir='ltr'><strong>aliquo</strong></span> <span class='ocrx_word' id='word_1_217' title='bbox 1793 2517 1916 2569; x_wconf 82' lang='lat' dir='ltr'><strong>pec-</strong></span> 
     </span>
    </p>
   </div>
   <div class='ocr_carea' id='block_1_30' title="bbox 385 2586 1919 2656">
    <p class='ocr_par' dir='ltr' id='par_1_30' title="bbox 385 2586 1919 2656">
     <span class='ocr_line' id='line_1_30' title="bbox 385 2586 1919 2656; baseline 0.001 -16"><span class='ocrx_word' id='word_1_218' title='bbox 385 2596 580 2651; x_wconf 88' lang='lat' dir='ltr'><strong>catum,</strong></span> <span class='ocrx_word' id='word_1_219' title='bbox 611 2599 730 2640; x_wconf 90' lang='lat' dir='ltr'><strong>cum</strong></span> <span class='ocrx_word' id='word_1_220' title='bbox 763 2587 1002 2640; x_wconf 85' lang='lat' dir='ltr'><strong>diabolus</strong></span> <span class='ocrx_word' id='word_1_221' title='bbox 1039 2595 1092 2639; x_wconf 88' lang='lat' dir='ltr'><strong>et</strong></span> <span class='ocrx_word' id='word_1_222' title='bbox 1128 2586 1299 2654; x_wconf 78' lang='lat' dir='ltr'><strong>angeli</strong></span> <span class='ocrx_word' id='word_1_223' title='bbox 1331 2587 1444 2655; x_wconf 87' lang='lat' dir='ltr'><strong>ejus</strong></span> <span class='ocrx_word' id='word_1_224' title='bbox 1486 2587 1596 2656; x_wconf 87' lang='lat' dir='ltr'><strong>igni</strong></span> <span class='ocrx_word' id='word_1_225' title='bbox 1639 2589 1919 2643; x_wconf 87' lang='lat' dir='ltr'><strong>tradentur</strong></span> 
     </span>
    </p>
   </div>
   <div class='ocr_carea' id='block_1_31' title="bbox 385 2672 1918 2747">
    <p class='ocr_par' dir='ltr' id='par_1_31' title="bbox 385 2672 1918 2747">
     <span class='ocr_line' id='line_1_31' title="bbox 385 2672 1918 2747; baseline 0.003 -19"><span class='ocrx_word' id='word_1_226' title='bbox 385 2686 601 2738; x_wconf 76' lang='lat' dir='ltr'><strong>aeterno,</strong></span> <span class='ocrx_word' id='word_1_227' title='bbox 627 2676 848 2730; x_wconf 87' lang='lat' dir='ltr'><strong>Domino</strong></span> <span class='ocrx_word' id='word_1_228' title='bbox 879 2685 1060 2729; x_wconf 89' lang='lat' dir='ltr'><strong>nostro</strong></span> <span class='ocrx_word' id='word_1_229' title='bbox 1100 2672 1224 2728; x_wconf 85' lang='lat' dir='ltr'><strong>Jesu</strong></span> <span class='ocrx_word' id='word_1_230' title='bbox 1273 2674 1488 2731; x_wconf 91' lang='lat' dir='ltr'><strong>Christo</strong></span> <span class='ocrx_word' id='word_1_231' title='bbox 1535 2679 1752 2731; x_wconf 88' lang='lat' dir='ltr'><strong>sedente</strong></span> <span class='ocrx_word' id='word_1_232' title='bbox 1792 2693 1918 2747; x_wconf 86' lang='lat' dir='ltr'><strong>rege</strong></span> 
     </span>
    </p>
   </div>
   <div class='ocr_carea' id='block_1_32' title="bbox 385 2763 1918 2833">
    <p class='ocr_par' dir='ltr' id='par_1_32' title="bbox 385 2763 1918 2833">
     <span class='ocr_line' id='line_1_32' title="bbox 385 2763 1918 2833; baseline 0.003 -17"><span class='ocrx_word' id='word_1_233' title='bbox 385 2771 438 2816; x_wconf 89' lang='lat' dir='ltr'><strong>et</strong></span> <span class='ocrx_word' id='word_1_234' title='bbox 465 2763 659 2829; x_wconf 85' lang='lat' dir='ltr'><strong>judice,</strong></span> <span class='ocrx_word' id='word_1_235' title='bbox 693 2773 745 2816; x_wconf 91' lang='lat' dir='ltr'><strong>et</strong></span> <span class='ocrx_word' id='word_1_236' title='bbox 779 2765 988 2817; x_wconf 83' lang='lat' dir='ltr'><strong>dicente</strong></span> <span class='ocrx_word' id='word_1_237' title='bbox 1030 2764 1095 2816; x_wconf 90' lang='lat' dir='ltr'><strong>iis</strong></span> <span class='ocrx_word' id='word_1_238' title='bbox 1121 2764 1210 2830; x_wconf 94' lang='lat' dir='ltr'><strong>qui</strong></span> <span class='ocrx_word' id='word_1_239' title='bbox 1241 2765 1448 2831; x_wconf 88' lang='lat' dir='ltr'><strong>priores</strong></span> <span class='ocrx_word' id='word_1_240' title='bbox 1493 2775 1548 2818; x_wconf 89' lang='lat' dir='ltr'><strong>et</strong></span> <span class='ocrx_word' id='word_1_241' title='bbox 1591 2767 1918 2833; x_wconf 85' lang='lat' dir='ltr'><strong>posteriores</strong></span> 
     </span>
    </p>
   </div>
   <div class='ocr_carea' id='block_1_33' title="bbox 386 2853 1916 2923">
    <p class='ocr_par' dir='ltr' id='par_1_33' title="bbox 386 2853 1916 2923">
     <span class='ocr_line' id='line_1_33' title="bbox 386 2853 1916 2923; baseline 0.001 -15"><span class='ocrx_word' id='word_1_242' title='bbox 386 2857 628 2908; x_wconf 84' lang='lat' dir='ltr'><strong>vicerunt</strong></span> <span class='ocrx_word' id='word_1_243' title='bbox 654 2855 699 2885; x_wconf 80' lang='grc'><strong>⁷⁸</strong></span> <span class='ocrx_word' id='word_1_244' title='bbox 725 2853 833 2923; x_wconf 83' lang='grc'><strong>(40)</strong></span> <span class='ocrx_word' id='word_1_245' title='bbox 886 2872 898 2906; x_wconf 92' lang='lat'><strong>:</strong></span> <span class='ocrx_word' id='word_1_246' title='bbox 939 2871 957 2904; x_wconf 81' lang='grc' dir='ltr'><strong>ι</strong></span> <span class='ocrx_word' id='word_1_247' title='bbox 991 2853 1198 2918; x_wconf 88' lang='lat' dir='ltr'><strong>Venite,</strong></span> <span class='ocrx_word' id='word_1_248' title='bbox 1257 2855 1516 2908; x_wconf 87' lang='lat' dir='ltr'><strong>benedicti</strong></span> <span class='ocrx_word' id='word_1_249' title='bbox 1563 2855 1734 2908; x_wconf 85' lang='lat' dir='ltr'><strong>Patris</strong></span> <span class='ocrx_word' id='word_1_250' title='bbox 1785 2858 1916 2921; x_wconf 90' lang='lat' dir='ltr'><strong>mei,</strong></span> 
     </span>
    </p>
   </div>
   <div class='ocr_carea' id='block_1_34' title="bbox 393 2942 1984 3012">
    <p class='ocr_par' dir='ltr' id='par_1_34' title="bbox 393 2942 1984 3012">
     <span class='ocr_line' id='line_1_34' title="bbox 393 2942 1984 3012; baseline 0.003 -18"><span class='ocrx_word' id='word_1_251' title='bbox 393 2945 650 3012; x_wconf 83' lang='lat' dir='ltr'><strong>percipite</strong></span> <span class='ocrx_word' id='word_1_252' title='bbox 696 2959 912 3009; x_wconf 83' lang='lat' dir='ltr'><strong>regnum</strong></span> <span class='ocrx_word' id='word_1_253' title='bbox 957 2942 1097 3010; x_wconf 90' lang='lat' dir='ltr'><strong>quod</strong></span> <span class='ocrx_word' id='word_1_254' title='bbox 1140 2942 1286 2995; x_wconf 84' lang='lat' dir='ltr'><strong>vobis</strong></span> <span class='ocrx_word' id='word_1_255' title='bbox 1317 2952 1560 3009; x_wconf 83' lang='lat' dir='ltr'><strong>paratum</strong></span> <span class='ocrx_word' id='word_1_256' title='bbox 1592 2951 1673 2997; x_wconf 90' lang='lat' dir='ltr'><strong>est</strong></span> <span class='ocrx_word' id='word_1_257' title='bbox 1698 2958 1726 2996; x_wconf 89' lang='lat' dir='ltr'><strong>a</strong></span> <span class='ocrx_word' id='word_1_258' title='bbox 1757 2944 1913 2998; x_wconf 74' lang='lat' dir='ltr'><strong>Pal-re</strong></span> <span class='ocrx_word' id='word_1_259' title='bbox 1942 2945 1984 2999; x_wconf 91' lang='lat' dir='ltr'><strong>C</strong></span> 
     </span>
    </p>
   </div>
   <div class='ocr_carea' id='block_1_35' title="bbox 389 3031 1923 3102">
    <p class='ocr_par' dir='ltr' id='par_1_35' title="bbox 389 3031 1923 3102">
     <span class='ocr_line' id='line_1_35' title="bbox 389 3031 1923 3102; baseline -0.001 -15"><span class='ocrx_word' id='word_1_260' title='bbox 389 3050 504 3088; x_wconf 90' lang='lat' dir='ltr'><strong>meo</strong></span> <span class='ocrx_word' id='word_1_261' title='bbox 525 3035 651 3100; x_wconf 80' lang='grc'><strong>(41).</strong></span> <span class='ocrx_word' id='word_1_262' title='bbox 682 3053 700 3084; x_wconf 76' lang='grc' dir='ltr'><strong>ι</strong></span> <span class='ocrx_word' id='word_1_263' title='bbox 724 3033 853 3085; x_wconf 80' lang='lat' dir='ltr'><strong>Aliis</strong></span> <span class='ocrx_word' id='word_1_264' title='bbox 884 3043 1056 3085; x_wconf 89' lang='lat' dir='ltr'><strong>autem</strong></span> <span class='ocrx_word' id='word_1_265' title='bbox 1087 3031 1226 3084; x_wconf 91' lang='lat' dir='ltr'><strong>dicet</strong></span> <span class='ocrx_word' id='word_1_266' title='bbox 1251 3032 1327 3083; x_wconf 71' lang='lat'><strong>7°:</strong></span> <span class='ocrx_word' id='word_1_267' title='bbox 1355 3049 1374 3082; x_wconf 78' lang='grc' dir='ltr'><strong>ι</strong></span> <span class='ocrx_word' id='word_1_268' title='bbox 1394 3031 1469 3085; x_wconf 89' lang='lat' dir='ltr'><strong>lle</strong></span> <span class='ocrx_word' id='word_1_269' title='bbox 1496 3032 1548 3086; x_wconf 89' lang='lat' dir='ltr'><strong>in</strong></span> <span class='ocrx_word' id='word_1_270' title='bbox 1569 3034 1741 3102; x_wconf 87' lang='lat' dir='ltr'><strong>ignem</strong></span> <span class='ocrx_word' id='word_1_271' title='bbox 1769 3043 1923 3087; x_wconf 72' lang='lat' dir='ltr'><strong>teter-</strong></span> 
     </span>
    </p>
   </div>
   <div class='ocr_carea' id='block_1_36' title="bbox 393 3121 1920 3193">
    <p class='ocr_par' dir='ltr' id='par_1_36' title="bbox 393 3121 1920 3193">
     <span class='ocr_line' id='line_1_36' title="bbox 393 3121 1920 3193; baseline 0.01 -28"><span class='ocrx_word' id='word_1_272' title='bbox 393 3140 543 3186; x_wconf 78' lang='grc' dir='ltr'>ιιιιηι,</span> <span class='ocrx_word' id='word_1_273' title='bbox 571 3137 726 3190; x_wconf 83' lang='lat' dir='ltr'><strong>quem</strong></span> <span class='ocrx_word' id='word_1_274' title='bbox 767 3121 1083 3190; x_wconf 69' lang='lat' dir='ltr'><strong>praeparavit</strong></span> <span class='ocrx_word' id='word_1_275' title='bbox 1107 3121 1217 3188; x_wconf 64' lang='lat'><strong>(42)</strong></span> <span class='ocrx_word' id='word_1_276' title='bbox 1249 3121 1386 3176; x_wconf 86' lang='lat' dir='ltr'><strong>Deus</strong></span> <span class='ocrx_word' id='word_1_277' title='bbox 1422 3121 1627 3175; x_wconf 90' lang='lat' dir='ltr'><strong>diabolo</strong></span> <span class='ocrx_word' id='word_1_278' title='bbox 1668 3131 1721 3178; x_wconf 89' lang='lat' dir='ltr'><strong>et</strong></span> <span class='ocrx_word' id='word_1_279' title='bbox 1762 3123 1920 3193; x_wconf 69' lang='grc'><strong>417</strong></span> 
     </span>
    </p>
   </div>
   <div class='ocr_carea' id='block_1_37' title="bbox 388 3209 1922 3280">
    <p class='ocr_par' dir='ltr' id='par_1_37' title="bbox 388 3209 1922 3280">
     <span class='ocr_line' id='line_1_37' title="bbox 388 3209 1922 3280; baseline 0.003 -18"><span class='ocrx_word' id='word_1_280' title='bbox 388 3210 591 3277; x_wconf 79' lang='lat' dir='ltr'><strong>angelis</strong></span> <span class='ocrx_word' id='word_1_281' title='bbox 639 3209 773 3275; x_wconf 77' lang='lat' dir='ltr'><strong>ejus,</strong></span> <span class='ocrx_word' id='word_1_282' title='bbox 802 3228 821 3262; x_wconf 73' lang='grc' dir='ltr'><strong>ι</strong></span> <span class='ocrx_word' id='word_1_283' title='bbox 857 3214 1025 3262; x_wconf 90' lang='lat' dir='ltr'><strong>donec</strong></span> <span class='ocrx_word' id='word_1_284' title='bbox 1057 3210 1200 3262; x_wconf 91' lang='lat' dir='ltr'><strong>omni</strong></span> <span class='ocrx_word' id='word_1_285' title='bbox 1252 3210 1440 3262; x_wconf 67' lang='lat' dir='ltr'><strong>animm</strong></span> <span class='ocrx_word' id='word_1_286' title='bbox 1464 3211 1656 3278; x_wconf 88' lang='lat' dir='ltr'><strong>quibus</strong></span> <span class='ocrx_word' id='word_1_287' title='bbox 1686 3213 1796 3280; x_wconf 85' lang='lat' dir='ltr'><strong>ipse</strong></span> <span class='ocrx_word' id='word_1_288' title='bbox 1828 3229 1922 3267; x_wconf 92' lang='lat' dir='ltr'><strong>no-</strong></span> 
     </span>
    </p>
   </div>
   <div class='ocr_carea' id='block_1_38' title="bbox 385 3299 1916 3362">
    <p class='ocr_par' dir='ltr' id='par_1_38' title="bbox 385 3299 1916 3362">
     <span class='ocr_line' id='line_1_38' title="bbox 385 3299 1916 3362; baseline 0.004 -11"><span class='ocrx_word' id='word_1_289' title='bbox 385 3300 461 3352; x_wconf 90' lang='lat' dir='ltr'><strong>vit</strong></span> <span class='ocrx_word' id='word_1_290' title='bbox 501 3300 750 3353; x_wconf 90' lang='lat' dir='ltr'><strong>remediis</strong></span> <span class='ocrx_word' id='word_1_291' title='bbox 777 3299 1040 3362; x_wconf 91' lang='lat' dir='ltr'><strong>consulat,</strong></span> <span class='ocrx_word' id='word_1_292' title='bbox 1075 3309 1129 3352; x_wconf 91' lang='lat' dir='ltr'><strong>et</strong></span> <span class='ocrx_word' id='word_1_293' title='bbox 1171 3300 1345 3352; x_wconf 89' lang='lat' dir='ltr'><strong>omnis</strong></span> <span class='ocrx_word' id='word_1_294' title='bbox 1379 3300 1539 3354; x_wconf 89' lang='lat' dir='ltr'><strong>Israel</strong></span> <span class='ocrx_word' id='word_1_295' title='bbox 1572 3302 1751 3356; x_wconf 88' lang='lat' dir='ltr'><strong>salvus</strong></span> <span class='ocrx_word' id='word_1_296' title='bbox 1802 3304 1916 3358; x_wconf 85' lang='lat' dir='ltr'><strong>fiat.</strong></span> 
     </span>
    </p>
   </div>
   <div class='ocr_carea' id='block_1_39' title="bbox 454 3429 1921 3488">
    <p class='ocr_par' dir='ltr' id='par_1_39' title="bbox 454 3429 1921 3488">
     <span class='ocr_line' id='line_1_39' title="bbox 454 3429 1921 3488; baseline 0.003 -4"><span class='ocrx_word' id='word_1_297' title='bbox 454 3432 503 3484; x_wconf 91' lang='lat'><strong>6.</strong></span> <span class='ocrx_word' id='word_1_298' title='bbox 549 3430 651 3485; x_wconf 89' lang='lat' dir='ltr'><strong>Sed</strong></span> <span class='ocrx_word' id='word_1_299' title='bbox 688 3440 739 3485; x_wconf 91' lang='lat' dir='ltr'><strong>et</strong></span> <span class='ocrx_word' id='word_1_300' title='bbox 775 3430 917 3483; x_wconf 87' lang='lat' dir='ltr'><strong>aliud</strong></span> <span class='ocrx_word' id='word_1_301' title='bbox 965 3429 1090 3482; x_wconf 90' lang='lat' dir='ltr'><strong>mihi</strong></span> <span class='ocrx_word' id='word_1_302' title='bbox 1135 3433 1370 3484; x_wconf 88' lang='lat' dir='ltr'><strong>occurrit</strong></span> <span class='ocrx_word' id='word_1_303' title='bbox 1421 3432 1472 3484; x_wconf 90' lang='lat' dir='ltr'><strong>in</strong></span> <span class='ocrx_word' id='word_1_304' title='bbox 1515 3432 1634 3486; x_wconf 93' lang='lat' dir='ltr'><strong>loco</strong></span> <span class='ocrx_word' id='word_1_305' title='bbox 1680 3435 1921 3488; x_wconf 86' lang='lat' dir='ltr'><strong>conside-</strong></span> 
     </span>
    </p>
   </div>
   <div class='ocr_carea' id='block_1_40' title="bbox 388 3520 1917 3593">
    <p class='ocr_par' dir='ltr' id='par_1_40' title="bbox 388 3520 1917 3593">
     <span class='ocr_line' id='line_1_40' title="bbox 388 3520 1917 3593; baseline 0.004 -19"><span class='ocrx_word' id='word_1_306' title='bbox 388 3525 524 3575; x_wconf 87' lang='lat' dir='ltr'><strong>ranti</strong></span> <span class='ocrx_word' id='word_1_307' title='bbox 551 3522 732 3577; x_wconf 83' lang='lat' dir='ltr'><strong>Jesum</strong></span> <span class='ocrx_word' id='word_1_308' title='bbox 763 3522 1050 3590; x_wconf 88' lang='lat' dir='ltr'><strong>fugientem</strong></span> <span class='ocrx_word' id='word_1_309' title='bbox 1077 3537 1104 3572; x_wconf 91' lang='lat' dir='ltr'><strong>a</strong></span> <span class='ocrx_word' id='word_1_310' title='bbox 1135 3520 1273 3576; x_wconf 88' lang='lat' dir='ltr'><strong>facie</strong></span> <span class='ocrx_word' id='word_1_311' title='bbox 1304 3523 1572 3578; x_wconf 77' lang='lat' dir='ltr'><strong>exercitus</strong></span> <span class='ocrx_word' id='word_1_312' title='bbox 1601 3523 1736 3593; x_wconf 85' lang='lat' dir='ltr'><strong>Hay.</strong></span> <span class='ocrx_word' id='word_1_313' title='bbox 1780 3525 1917 3590; x_wconf 86' lang='lat' dir='ltr'><strong>Quid</strong></span> 
     </span>
    </p>
   </div>
   <div class='ocr_carea' id='block_1_41' title="bbox 388 3611 1917 3682">
    <p class='ocr_par' dir='ltr' id='par_1_41' title="bbox 388 3611 1917 3682">
     <span class='ocr_line' id='line_1_41' title="bbox 388 3611 1917 3682; baseline 0.002 -18"><span class='ocrx_word' id='word_1_314' title='bbox 388 3623 540 3678; x_wconf 83' lang='lat' dir='ltr'><strong>putas</strong></span> <span class='ocrx_word' id='word_1_315' title='bbox 570 3623 649 3666; x_wconf 90' lang='lat' dir='ltr'><strong>cst</strong></span> <span class='ocrx_word' id='word_1_316' title='bbox 690 3614 832 3680; x_wconf 90' lang='lat' dir='ltr'><strong>quod</strong></span> <span class='ocrx_word' id='word_1_317' title='bbox 871 3611 1028 3665; x_wconf 82' lang='lat' dir='ltr'><strong>Jesus</strong></span> <span class='ocrx_word' id='word_1_318' title='bbox 1074 3611 1280 3678; x_wconf 75' lang='lat' dir='ltr'><strong>fugiens</strong></span> <span class='ocrx_word' id='word_1_319' title='bbox 1319 3613 1676 3682; x_wconf 78' lang='lat' dir='ltr'><strong>designabat?</strong></span> <span class='ocrx_word' id='word_1_320' title='bbox 1724 3613 1917 3667; x_wconf 84' lang='lat' dir='ltr'><strong>Videa-</strong></span> 
     </span>
    </p>
   </div>
   <div class='ocr_carea' id='block_1_42' title="bbox 388 3700 1919 3769">
    <p class='ocr_par' dir='ltr' id='par_1_42' title="bbox 388 3700 1919 3769">
     <span class='ocr_line' id='line_1_42' title="bbox 388 3700 1919 3769; baseline 0.003 -17"><span class='ocrx_word' id='word_1_321' title='bbox 388 3714 504 3752; x_wconf 85' lang='lat' dir='ltr'><strong>mus</strong></span> <span class='ocrx_word' id='word_1_322' title='bbox 529 3715 593 3754; x_wconf 85' lang='lat' dir='ltr'><strong>tte</strong></span> <span class='ocrx_word' id='word_1_323' title='bbox 620 3701 755 3753; x_wconf 89' lang='lat' dir='ltr'><strong>forte</strong></span> <span class='ocrx_word' id='word_1_324' title='bbox 778 3701 848 3753; x_wconf 82' lang='lat' dir='ltr'><strong>sit</strong></span> <span class='ocrx_word' id='word_1_325' title='bbox 872 3700 1070 3767; x_wconf 89' lang='lat' dir='ltr'><strong>aliquid</strong></span> <span class='ocrx_word' id='word_1_326' title='bbox 1095 3702 1234 3768; x_wconf 90' lang='lat' dir='ltr'><strong>quod</strong></span> <span class='ocrx_word' id='word_1_327' title='bbox 1264 3701 1513 3768; x_wconf 86' lang='lat' dir='ltr'><strong>fugiendo</strong></span> <span class='ocrx_word' id='word_1_328' title='bbox 1542 3703 1836 3769; x_wconf 87' lang='lat' dir='ltr'><strong>vincamus,</strong></span> <span class='ocrx_word' id='word_1_329' title='bbox 1865 3713 1919 3757; x_wconf 92' lang='lat' dir='ltr'><strong>et</strong></span> 
     </span>
    </p>
   </div>
   <div class='ocr_carea' id='block_1_43' title="bbox 387 3787 1920 3858">
    <p class='ocr_par' dir='ltr' id='par_1_43' title="bbox 387 3787 1920 3858">
     <span class='ocr_line' id='line_1_43' title="bbox 387 3787 1920 3858; baseline 0.002 -17"><span class='ocrx_word' id='word_1_330' title='bbox 387 3796 470 3841; x_wconf 88' lang='lat' dir='ltr'><strong>est</strong></span> <span class='ocrx_word' id='word_1_331' title='bbox 499 3789 672 3855; x_wconf 81' lang='lat' dir='ltr'><strong>aliqua</strong></span> <span class='ocrx_word' id='word_1_332' title='bbox 705 3787 944 3856; x_wconf 89' lang='lat' dir='ltr'><strong>perfecta</strong></span> <span class='ocrx_word' id='word_1_333' title='bbox 973 3788 1141 3840; x_wconf 85' lang='lat' dir='ltr'><strong>virtus</strong></span> <span class='ocrx_word' id='word_1_334' title='bbox 1171 3788 1221 3839; x_wconf 94' lang='lat' dir='ltr'><strong>in</strong></span> <span class='ocrx_word' id='word_1_335' title='bbox 1250 3788 1395 3855; x_wconf 83' lang='lat' dir='ltr'><strong>fuga.</strong></span> <span class='ocrx_word' id='word_1_336' title='bbox 1425 3789 1620 3843; x_wconf 83' lang='lat' dir='ltr'><strong>Paulus</strong></span> <span class='ocrx_word' id='word_1_337' title='bbox 1657 3805 1752 3844; x_wconf 91' lang='lat' dir='ltr'><strong>nos</strong></span> <span class='ocrx_word' id='word_1_338' title='bbox 1793 3805 1920 3858; x_wconf 79' lang='lat' dir='ltr'><strong>apo-</strong></span> 
     </span>
    </p>
   </div>
   <div class='ocr_carea' id='block_1_44' title="bbox 387 3878 1914 3945">
    <p class='ocr_par' dir='ltr' id='par_1_44' title="bbox 387 3878 1914 3945">
     <span class='ocr_line' id='line_1_44' title="bbox 387 3878 1914 3945; baseline -0.001 -14"><span class='ocrx_word' id='word_1_339' title='bbox 387 3878 556 3931; x_wconf 82' lang='lat' dir='ltr'><strong>stolus</strong></span> <span class='ocrx_word' id='word_1_340' title='bbox 595 3880 748 3931; x_wconf 88' lang='lat' dir='ltr'><strong>docet</strong></span> <span class='ocrx_word' id='word_1_341' title='bbox 801 3879 980 3932; x_wconf 90' lang='lat' dir='ltr'><strong>dicens</strong></span> <span class='ocrx_word' id='word_1_342' title='bbox 1003 3879 1091 3930; x_wconf 73' lang='lat'><strong>7’:</strong></span> <span class='ocrx_word' id='word_1_343' title='bbox 1136 3895 1151 3929; x_wconf 80' lang='grc' dir='ltr'><strong>ι</strong></span> <span class='ocrx_word' id='word_1_344' title='bbox 1198 3879 1388 3945; x_wconf 79' lang='lat' dir='ltr'><strong>Fugite</strong></span> <span class='ocrx_word' id='word_1_345' title='bbox 1428 3878 1851 3933; x_wconf 79' lang='lat' dir='ltr'><strong>fornicationem.</strong></span> <span class='ocrx_word' id='word_1_346' title='bbox 1893 3898 1914 3930; x_wconf 71' lang='grc' dir='ltr'><strong>ι</strong></span> 
     </span>
    </p>
   </div>
   <div class='ocr_carea' id='block_1_45' title="bbox 387 3955 1919 4030">
    <p class='ocr_par' dir='ltr' id='par_1_45' title="bbox 387 3955 1919 4030">
     <span class='ocr_line' id='line_1_45' title="bbox 387 3955 1919 4030; baseline 0.005 -16"><span class='ocrx_word' id='word_1_347' title='bbox 387 3955 549 4014; x_wconf 70' lang='lat' dir='ltr'><strong>Vides</strong></span> <span class='ocrx_word' id='word_1_348' title='bbox 602 3977 728 4030; x_wconf 85' lang='lat' dir='ltr'><strong>ergo</strong></span> <span class='ocrx_word' id='word_1_349' title='bbox 774 3976 895 4014; x_wconf 90' lang='lat' dir='ltr'><strong>esse</strong></span> <span class='ocrx_word' id='word_1_350' title='bbox 951 3965 1232 4029; x_wconf 87' lang='lat' dir='ltr'><strong>quemdam</strong></span> <span class='ocrx_word' id='word_1_351' title='bbox 1275 3964 1518 4030; x_wconf 89' lang='lat' dir='ltr'><strong>spiritum</strong></span> <span class='ocrx_word' id='word_1_352' title='bbox 1550 3965 1919 4021; x_wconf 90' lang='lat' dir='ltr'><strong>fornicationis</strong></span> 
     </span>
    </p>
   </div>
   <div class='ocr_carea' id='block_1_46' title="bbox 390 4050 1919 4123">
    <p class='ocr_par' dir='ltr' id='par_1_46' title="bbox 390 4050 1919 4123">
     <span class='ocr_line' id='line_1_46' title="bbox 390 4050 1919 4123; baseline 0.005 -23"><span class='ocrx_word' id='word_1_353' title='bbox 390 4062 548 4117; x_wconf 83' lang='lat' dir='ltr'><strong>quem</strong></span> <span class='ocrx_word' id='word_1_354' title='bbox 589 4050 770 4116; x_wconf 80' lang='lat' dir='ltr'><strong>fugere</strong></span> <span class='ocrx_word' id='word_1_355' title='bbox 818 4050 1093 4114; x_wconf 87' lang='lat' dir='ltr'><strong>debemus,</strong></span> <span class='ocrx_word' id='word_1_356' title='bbox 1138 4051 1443 4120; x_wconf 89' lang='lat' dir='ltr'><strong>quicunque</strong></span> <span class='ocrx_word' id='word_1_357' title='bbox 1479 4065 1628 4108; x_wconf 86' lang='lat' dir='ltr'><strong>caste</strong></span> <span class='ocrx_word' id='word_1_358' title='bbox 1659 4063 1714 4106; x_wconf 88' lang='lat' dir='ltr'><strong>et</strong></span> <span class='ocrx_word' id='word_1_359' title='bbox 1755 4056 1841 4123; x_wconf 92' lang='lat' dir='ltr'><strong>pie</strong></span> <span class='ocrx_word' id='word_1_360' title='bbox 1867 4057 1919 4108; x_wconf 90' lang='lat' dir='ltr'><strong>in</strong></span> 
     </span>
    </p>
   </div>
   <div class='ocr_carea' id='block_1_47' title="bbox 389 4136 1920 4212">
    <p class='ocr_par' dir='ltr' id='par_1_47' title="bbox 389 4136 1920 4212">
     <span class='ocr_line' id='line_1_47' title="bbox 389 4136 1920 4212; baseline 0.006 -23"><span class='ocrx_word' id='word_1_361' title='bbox 389 4136 598 4189; x_wconf 88' lang='lat' dir='ltr'><strong>Christo</strong></span> <span class='ocrx_word' id='word_1_362' title='bbox 644 4150 706 4188; x_wconf 85' lang='lat' dir='ltr'><strong>ac</strong></span> <span class='ocrx_word' id='word_1_363' title='bbox 755 4136 947 4204; x_wconf 88' lang='lat' dir='ltr'><strong>pudice</strong></span> <span class='ocrx_word' id='word_1_364' title='bbox 993 4137 1231 4189; x_wconf 90' lang='lat' dir='ltr'><strong>volumus</strong></span> <span class='ocrx_word' id='word_1_365' title='bbox 1273 4154 1604 4205; x_wconf 78' lang='lat' dir='ltr'><strong>permanere.</strong></span> <span class='ocrx_word' id='word_1_366' title='bbox 1647 4141 1750 4195; x_wconf 86' lang='lat' dir='ltr'><strong>lsta</strong></span> <span class='ocrx_word' id='word_1_367' title='bbox 1795 4157 1920 4212; x_wconf 81' lang='lat' dir='ltr'><strong>ergo</strong></span> 
     </span>
    </p>
   </div>
   <div class='ocr_carea' id='block_1_48' title="bbox 392 4225 1916 4300">
    <p class='ocr_par' dir='ltr' id='par_1_48' title="bbox 392 4225 1916 4300">
     <span class='ocr_line' id='line_1_48' title="bbox 392 4225 1916 4300; baseline 0.005 -23"><span class='ocrx_word' id='word_1_368' title='bbox 392 4225 514 4292; x_wconf 89' lang='lat' dir='ltr'><strong>fuga</strong></span> <span class='ocrx_word' id='word_1_369' title='bbox 538 4234 617 4276; x_wconf 84' lang='lat' dir='ltr'><strong>est</strong></span> <span class='ocrx_word' id='word_1_370' title='bbox 643 4239 759 4292; x_wconf 68' lang='lat' dir='ltr'><strong>quite</strong></span> <span class='ocrx_word' id='word_1_371' title='bbox 789 4225 949 4279; x_wconf 86' lang='lat' dir='ltr'><strong>habet</strong></span> <span class='ocrx_word' id='word_1_372' title='bbox 973 4227 1224 4291; x_wconf 85' lang='lat' dir='ltr'><strong>salutem,</strong></span> <span class='ocrx_word' id='word_1_373' title='bbox 1256 4228 1354 4281; x_wconf 89' lang='lat' dir='ltr'><strong>ista</strong></span> <span class='ocrx_word' id='word_1_374' title='bbox 1393 4229 1516 4300; x_wconf 89' lang='lat' dir='ltr'><strong>fuga</strong></span> <span class='ocrx_word' id='word_1_375' title='bbox 1569 4233 1787 4285; x_wconf 90' lang='lat' dir='ltr'><strong>virtutis</strong></span> <span class='ocrx_word' id='word_1_376' title='bbox 1811 4244 1916 4297; x_wconf 91' lang='lat' dir='ltr'><strong>est,</strong></span> 
     </span>
    </p>
   </div>
   <div class='ocr_carea' id='block_1_49' title="bbox 390 4312 1916 4381">
    <p class='ocr_par' dir='ltr' id='par_1_49' title="bbox 390 4312 1916 4381">
     <span class='ocr_line' id='line_1_49' title="bbox 390 4312 1916 4381; baseline 0.007 -16"><span class='ocrx_word' id='word_1_377' title='bbox 390 4312 490 4365; x_wconf 88' lang='lat' dir='ltr'><strong>ista</strong></span> <span class='ocrx_word' id='word_1_378' title='bbox 526 4315 642 4379; x_wconf 85' lang='lat' dir='ltr'><strong>fuga</strong></span> <span class='ocrx_word' id='word_1_379' title='bbox 675 4312 784 4381; x_wconf 76' lang='grc'><strong>(45)</strong></span> <span class='ocrx_word' id='word_1_380' title='bbox 815 4312 1194 4368; x_wconf 87' lang='lat' dir='ltr'><strong>beatitudinem</strong></span> <span class='ocrx_word' id='word_1_381' title='bbox 1224 4319 1450 4375; x_wconf 88' lang='lat' dir='ltr'><strong>confert.</strong></span> <span class='ocrx_word' id='word_1_382' title='bbox 1497 4319 1563 4374; x_wconf 86' lang='lat' dir='ltr'><strong>Et</strong></span> <span class='ocrx_word' id='word_1_383' title='bbox 1601 4335 1706 4373; x_wconf 91' lang='lat' dir='ltr'><strong>non</strong></span> <span class='ocrx_word' id='word_1_384' title='bbox 1745 4321 1916 4375; x_wconf 90' lang='lat' dir='ltr'><strong>solum</strong></span> 
     </span>
    </p>
   </div>
   <div class='ocr_carea' id='block_1_50' title="bbox 377 4391 1941 4475">
    <p class='ocr_par' dir='ltr' id='par_1_50' title="bbox 377 4391 1941 4475">
     <span class='ocr_line' id='line_1_50' title="bbox 377 4391 1941 4475; baseline 0.009 -21"><span class='ocrx_word' id='word_1_385' title='bbox 377 4391 764 4457; x_wconf 63' lang='lat' dir='ltr'><strong>fornicationis</strong></span> <span class='ocrx_word' id='word_1_386' title='bbox 791 4406 1008 4472; x_wconf 87' lang='lat' dir='ltr'><strong>spiritus</strong></span> <span class='ocrx_word' id='word_1_387' title='bbox 1033 4404 1310 4474; x_wconf 83' lang='lat' dir='ltr'><strong>fugiendus</strong></span> <span class='ocrx_word' id='word_1_388' title='bbox 1333 4419 1436 4475; x_wconf 87' lang='lat' dir='ltr'><strong>est,</strong></span> <span class='ocrx_word' id='word_1_389' title='bbox 1461 4413 1554 4466; x_wconf 88' lang='lat' dir='ltr'><strong>sed</strong></span> <span class='ocrx_word' id='word_1_390' title='bbox 1579 4412 1736 4466; x_wconf 80' lang='lat' dir='ltr'><strong>simili</strong></span> <span class='ocrx_word' id='word_1_391' title='bbox 1764 4415 1941 4468; x_wconf 73' lang='lat' dir='ltr'><strong>modo</strong></span> 
     </span>
    </p>
   </div>
   <div class='ocr_carea' id='block_1_51' title="bbox 391 4493 1918 4567">
    <p class='ocr_par' dir='ltr' id='par_1_51' title="bbox 391 4493 1918 4567">
     <span class='ocr_line' id='line_1_51' title="bbox 391 4493 1918 4567; baseline 0.007 -22"><span class='ocrx_word' id='word_1_392' title='bbox 391 4493 530 4545; x_wconf 83' lang='lat' dir='ltr'><strong>sicut</strong></span> <span class='ocrx_word' id='word_1_393' title='bbox 561 4493 759 4546; x_wconf 80' lang='lat' dir='ltr'><strong>dictum</strong></span> <span class='ocrx_word' id='word_1_394' title='bbox 801 4505 906 4558; x_wconf 92' lang='lat' dir='ltr'><strong>est,</strong></span> <span class='ocrx_word' id='word_1_395' title='bbox 941 4514 960 4547; x_wconf 70' lang='grc' dir='ltr'><strong>ι</strong></span> <span class='ocrx_word' id='word_1_396' title='bbox 996 4496 1162 4564; x_wconf 79' lang='lat' dir='ltr'><strong>fugite</strong></span> <span class='ocrx_word' id='word_1_397' title='bbox 1211 4499 1641 4567; x_wconf 78' lang='lat' dir='ltr'><strong>fornicationem,</strong></span> <span class='ocrx_word' id='word_1_398' title='bbox 1676 4523 1694 4554; x_wconf 75' lang='grc' dir='ltr'><strong>ι</strong></span> <span class='ocrx_word' id='word_1_399' title='bbox 1735 4505 1918 4558; x_wconf 87' lang='lat' dir='ltr'><strong>audia-</strong></span> 
     </span>
    </p>
   </div>
   <div class='ocr_carea' id='block_1_52' title="bbox 391 4582 1913 4657">
    <p class='ocr_par' dir='ltr' id='par_1_52' title="bbox 391 4582 1913 4657">
     <span class='ocr_line' id='line_1_52' title="bbox 391 4582 1913 4657; baseline 0.007 -23"><span class='ocrx_word' id='word_1_400' title='bbox 391 4594 512 4634; x_wconf 83' lang='lat' dir='ltr'><strong>mus</strong></span> <span class='ocrx_word' id='word_1_401' title='bbox 555 4582 657 4635; x_wconf 91' lang='lat' dir='ltr'><strong>dici</strong></span> <span class='ocrx_word' id='word_1_402' title='bbox 699 4583 762 4636; x_wconf 90' lang='lat' dir='ltr'><strong>ad</strong></span> <span class='ocrx_word' id='word_1_403' title='bbox 806 4600 932 4637; x_wconf 91' lang='lat' dir='ltr'><strong>nos:</strong></span> <span class='ocrx_word' id='word_1_404' title='bbox 967 4583 1153 4654; x_wconf 83' lang='lat' dir='ltr'><strong>Fugite</strong></span> <span class='ocrx_word' id='word_1_405' title='bbox 1196 4587 1352 4653; x_wconf 84' lang='lat' dir='ltr'><strong>iram,</strong></span> <span class='ocrx_word' id='word_1_406' title='bbox 1401 4589 1568 4657; x_wconf 84' lang='lat' dir='ltr'><strong>fugite</strong></span> <span class='ocrx_word' id='word_1_407' title='bbox 1609 4592 1913 4655; x_wconf 88' lang='lat' dir='ltr'><strong>avaritiam,</strong></span> 
     </span>
    </p>
   </div>
   <div class='ocr_carea' id='block_1_53' title="bbox 461 4717 1847 4788">
    <p class='ocr_par' dir='ltr' id='par_1_53' title="bbox 461 4717 1847 4788">
     <span class='ocr_line' id='line_1_53' title="bbox 461 4717 1847 4788; baseline 0.014 -20"><span class='ocrx_word' id='word_1_408' title='bbox 461 4717 555 4788; x_wconf 57' lang='grc' dir='ltr'><strong>τ’]</strong></span> <span class='ocrx_word' id='word_1_409' title='bbox 582 4718 769 4774; x_wconf 87' lang='lat' dir='ltr'><strong>Thess.</strong></span> <span class='ocrx_word' id='word_1_410' title='bbox 829 4737 896 4785; x_wconf 88' lang='lat' dir='ltr'><strong>tv,</strong></span> <span class='ocrx_word' id='word_1_411' title='bbox 929 4722 1010 4780; x_wconf 78' lang='grc'><strong>14,</strong></span> <span class='ocrx_word' id='word_1_412' title='bbox 1042 4723 1126 4785; x_wconf 81' lang='grc'><strong>15,</strong></span> <span class='ocrx_word' id='word_1_413' title='bbox 1177 4724 1261 4775; x_wconf 84' lang='lat' dir='ltr'><strong>l6.</strong></span> <span class='ocrx_word' id='word_1_414' title='bbox 1361 4725 1406 4755; x_wconf 83' lang='grc'><strong>⁷³</strong></span> <span class='ocrx_word' id='word_1_415' title='bbox 1434 4725 1450 4776; x_wconf 93' lang='grc'><strong>1</strong></span> <span class='ocrx_word' id='word_1_416' title='bbox 1481 4724 1601 4777; x_wconf 73' lang='lat' dir='ltr'><strong>Cor.</strong></span> <span class='ocrx_word' id='word_1_417' title='bbox 1638 4740 1726 4788; x_wconf 79' lang='lat' dir='ltr'><strong>XV.</strong></span> <span class='ocrx_word' id='word_1_418' title='bbox 1759 4725 1847 4779; x_wconf 71' lang='lat'><strong>9-6-</strong></span> 
     </span>
    </p>
   </div>
   <div class='ocr_carea' id='block_1_54' title="bbox 463 4917 1207 4988">
    <p class='ocr_par' dir='ltr' id='par_1_54' title="bbox 463 4917 1207 4988">
     <span class='ocr_line' id='line_1_54' title="bbox 463 4917 1207 4988; baseline 0 -18"><span class='ocrx_word' id='word_1_419' title='bbox 463 4917 572 4987; x_wconf 78' lang='grc'><strong>(⁸59)</strong></span> <span class='ocrx_word' id='word_1_420' title='bbox 601 4918 765 4981; x_wconf 81' lang='lat' dir='ltr'><strong>Alias,</strong></span> <span class='ocrx_word' id='word_1_421' title='bbox 797 4937 815 4969; x_wconf 78' lang='grc' dir='ltr'><strong>ι</strong></span> <span class='ocrx_word' id='word_1_422' title='bbox 844 4921 1160 4988; x_wconf 83' lang='lat' dir='ltr'><strong>quicunque.</strong></span> <span class='ocrx_word' id='word_1_423' title='bbox 1189 4940 1207 4970; x_wconf 75' lang='grc' dir='ltr'><strong>ι</strong></span> 
     </span>
    </p>
   </div>
   <div class='ocr_carea' id='block_1_55' title="bbox 394 4988 1912 5108">
    <p class='ocr_par' dir='ltr' id='par_1_55' title="bbox 394 4988 1912 5108">
     <span class='ocr_line' id='line_1_55' title="bbox 394 4988 1912 5108; baseline 0.003 -70"><span class='ocrx_word' id='word_1_424' title='bbox 394 5055 428 5108; x_wconf 68' lang='lat' dir='ltr'><strong>b</strong></span> <span class='ocrx_word' id='word_1_425' title='bbox 463 4988 572 5055; x_wconf 77' lang='grc' dir='ltr'><strong>(4ο)</strong></span> <span class='ocrx_word' id='word_1_426' title='bbox 610 4988 990 5043; x_wconf 88' lang='lat' dir='ltr'><strong>Gemeticensis</strong></span> <span class='ocrx_word' id='word_1_427' title='bbox 1041 5000 1092 5042; x_wconf 89' lang='lat' dir='ltr'><strong>et</strong></span> <span class='ocrx_word' id='word_1_428' title='bbox 1136 5003 1270 5042; x_wconf 92' lang='lat' dir='ltr'><strong>unus</strong></span> <span class='ocrx_word' id='word_1_429' title='bbox 1323 4988 1683 5053; x_wconf 86' lang='lat' dir='ltr'><strong>Ebroicensis,</strong></span> <span class='ocrx_word' id='word_1_430' title='bbox 1723 5007 1740 5040; x_wconf 81' lang='grc' dir='ltr'><strong>ι</strong></span> <span class='ocrx_word' id='word_1_431' title='bbox 1768 4992 1912 5045; x_wconf 88' lang='lat' dir='ltr'><strong>vide-</strong></span> 
     </span>
     <span class='ocr_line' id='line_1_56' title="bbox 432 5066 656 5107; baseline 0 -2"><span class='ocrx_word' id='word_1_432' title='bbox 432 5066 589 5107; x_wconf 78' lang='lat' dir='ltr'><strong>tlllltll’</strong></span> <span class='ocrx_word' id='word_1_433' title='bbox 639 5076 656 5105; x_wconf 68' lang='grc' dir='ltr'><strong><em>ι</em></strong></span> 
     </span>
    </p>
   </div>
   <div class='ocr_carea' id='block_1_56' title="bbox 432 5066 656 5107">
    <p class='ocr_par' dir='ltr' id='par_1_56' title="bbox 432 5066 656 5107">
     <span class='ocr_line' id='line_1_57' title="bbox 432 5066 656 5107; baseline 0 -2"><span class='ocrx_word' id='word_1_434' title='bbox 432 5066 589 5107; x_wconf 82' lang='grc' dir='ltr'>ιιιιιιιι·</span> <span class='ocrx_word' id='word_1_435' title='bbox 639 5076 656 5105; x_wconf 69' lang='grc' dir='ltr'><strong>ι</strong></span> 
     </span>
    </p>
   </div>
   <div class='ocr_carea' id='block_1_57' title="bbox 450 5122 1898 5192">
    <p class='ocr_par' dir='ltr' id='par_1_57' title="bbox 450 5122 1898 5192">
     <span class='ocr_line' id='line_1_58' title="bbox 450 5122 1898 5192; baseline 0.005 -19"><span class='ocrx_word' id='word_1_436' title='bbox 450 5123 558 5192; x_wconf 77' lang='grc' dir='ltr'><strong>(Η)</strong></span> <span class='ocrx_word' id='word_1_437' title='bbox 586 5123 780 5177; x_wconf 82' lang='lat' dir='ltr'><strong>Omnes</strong></span> <span class='ocrx_word' id='word_1_438' title='bbox 832 5138 981 5187; x_wconf 89' lang='lat' dir='ltr'><strong>mss.,</strong></span> <span class='ocrx_word' id='word_1_439' title='bbox 1022 5143 1040 5174; x_wconf 79' lang='grc' dir='ltr'><strong>ι</strong></span> <span class='ocrx_word' id='word_1_440' title='bbox 1068 5139 1096 5175; x_wconf 91' lang='lat' dir='ltr'><strong>a</strong></span> <span class='ocrx_word' id='word_1_441' title='bbox 1127 5123 1280 5177; x_wconf 75' lang='lat' dir='ltr'><strong>Patre</strong></span> <span class='ocrx_word' id='word_1_442' title='bbox 1327 5139 1462 5177; x_wconf 88' lang='lat' dir='ltr'><strong>meo.</strong></span> <span class='ocrx_word' id='word_1_443' title='bbox 1492 5141 1510 5174; x_wconf 71' lang='grc' dir='ltr'><strong>ι</strong></span> <span class='ocrx_word' id='word_1_444' title='bbox 1545 5122 1699 5178; x_wconf 86' lang='lat' dir='ltr'><strong>Libb.</strong></span> <span class='ocrx_word' id='word_1_445' title='bbox 1746 5127 1898 5188; x_wconf 88' lang='lat' dir='ltr'><strong>editi,</strong></span> 
     </span>
    </p>
   </div>
   <div class='ocr_carea' id='block_1_58' title="bbox 401 5193 1003 5256">
    <p class='ocr_par' dir='ltr' id='par_1_58' title="bbox 401 5193 1003 5256">
     <span class='ocr_line' id='line_1_59' title="bbox 401 5193 1003 5256; baseline 0.007 -16"><span class='ocrx_word' id='word_1_446' title='bbox 401 5208 419 5240; x_wconf 83' lang='grc' dir='ltr'><strong>ι</strong></span> <span class='ocrx_word' id='word_1_447' title='bbox 442 5194 504 5242; x_wconf 87' lang='lat' dir='ltr'><strong>ab</strong></span> <span class='ocrx_word' id='word_1_448' title='bbox 533 5193 734 5256; x_wconf 67' lang='lat' dir='ltr'><strong>urigine</strong></span> <span class='ocrx_word' id='word_1_449' title='bbox 765 5194 962 5243; x_wconf 86' lang='lat' dir='ltr'><strong>mundi.</strong></span> <span class='ocrx_word' id='word_1_450' title='bbox 983 5211 1003 5244; x_wconf 71' lang='grc' dir='ltr'><strong>ι</strong></span> 
     </span>
    </p>
   </div>
   <div class='ocr_carea' id='block_1_59' title="bbox 467 5258 1912 5327">
    <p class='ocr_par' dir='ltr' id='par_1_59' title="bbox 467 5258 1912 5327">
     <span class='ocr_line' id='line_1_60' title="bbox 467 5258 1912 5327; baseline 0.006 -19"><span class='ocrx_word' id='word_1_451' title='bbox 467 5259 573 5327; x_wconf 71' lang='grc'><strong>(42)</strong></span> <span class='ocrx_word' id='word_1_452' title='bbox 621 5261 798 5312; x_wconf 80' lang='lat' dir='ltr'><strong>Codex</strong></span> <span class='ocrx_word' id='word_1_453' title='bbox 837 5258 1118 5324; x_wconf 79' lang='lat' dir='ltr'><strong>Cemetic.,</strong></span> <span class='ocrx_word' id='word_1_454' title='bbox 1161 5259 1274 5312; x_wconf 70' lang='lat' dir='ltr'><strong>tite</strong></span> <span class='ocrx_word' id='word_1_455' title='bbox 1325 5258 1377 5310; x_wconf 92' lang='lat' dir='ltr'><strong>in</strong></span> <span class='ocrx_word' id='word_1_456' title='bbox 1432 5263 1724 5325; x_wconf 77' lang='lat' dir='ltr'><strong>gehennam</strong></span> <span class='ocrx_word' id='word_1_457' title='bbox 1775 5261 1912 5327; x_wconf 84' lang='lat' dir='ltr'><strong>ignis</strong></span> 
     </span>
    </p>
   </div>
   <div class='ocr_carea' id='block_1_60' title="bbox 397 5329 962 5394">
    <p class='ocr_par' dir='ltr' id='par_1_60' title="bbox 397 5329 962 5394">
     <span class='ocr_line' id='line_1_61' title="bbox 397 5329 962 5394; baseline 0.007 -20"><span class='ocrx_word' id='word_1_458' title='bbox 397 5339 549 5394; x_wconf 75' lang='lat' dir='ltr'><strong>qttettt</strong></span> <span class='ocrx_word' id='word_1_459' title='bbox 586 5329 914 5394; x_wconf 57' lang='lat' dir='ltr'><strong>praeparavit.</strong></span> <span class='ocrx_word' id='word_1_460' title='bbox 943 5346 962 5378; x_wconf 72' lang='grc' dir='ltr'><strong>ο</strong></span> 
     </span>
    </p>
   </div>
   <div class='ocr_carea' id='block_1_61' title="bbox 469 5393 1914 5460">
    <p class='ocr_par' dir='ltr' id='par_1_61' title="bbox 469 5393 1914 5460">
     <span class='ocr_line' id='line_1_62' title="bbox 469 5393 1914 5460; baseline 0.006 -18"><span class='ocrx_word' id='word_1_461' title='bbox 469 5393 576 5459; x_wconf 73' lang='grc'><strong>(43)</strong></span> <span class='ocrx_word' id='word_1_462' title='bbox 617 5393 782 5460; x_wconf 77' lang='lat' dir='ltr'><strong>Fuga.</strong></span> <span class='ocrx_word' id='word_1_463' title='bbox 838 5395 992 5447; x_wconf 87' lang='lat' dir='ltr'><strong>Deest</strong></span> <span class='ocrx_word' id='word_1_464' title='bbox 1051 5396 1102 5448; x_wconf 92' lang='lat' dir='ltr'><strong>in</strong></span> <span class='ocrx_word' id='word_1_465' title='bbox 1158 5395 1285 5448; x_wconf 90' lang='lat' dir='ltr'><strong>libb.</strong></span> <span class='ocrx_word' id='word_1_466' title='bbox 1343 5404 1494 5449; x_wconf 88' lang='lat' dir='ltr'><strong>antea</strong></span> <span class='ocrx_word' id='word_1_467' title='bbox 1549 5393 1761 5459; x_wconf 84' lang='lat' dir='ltr'><strong>editis;</strong></span> <span class='ocrx_word' id='word_1_468' title='bbox 1821 5397 1914 5450; x_wconf 88' lang='lat' dir='ltr'><strong>sed</strong></span> 
     </span>
    </p>
   </div>
   <div class='ocr_carea' id='block_1_62' title="bbox 399 5463 1361 5531">
    <p class='ocr_par' dir='ltr' id='par_1_62' title="bbox 399 5463 1361 5531">
     <span class='ocr_line' id='line_1_63' title="bbox 399 5463 1361 5531; baseline 0.004 -22"><span class='ocrx_word' id='word_1_469' title='bbox 399 5469 572 5531; x_wconf 65' lang='lat' dir='ltr'><strong>exstat</strong></span> <span class='ocrx_word' id='word_1_470' title='bbox 597 5463 649 5531; x_wconf 74' lang='lat' dir='ltr'><strong>in</strong></span> <span class='ocrx_word' id='word_1_471' title='bbox 681 5464 862 5514; x_wconf 85' lang='lat' dir='ltr'><strong>codice</strong></span> <span class='ocrx_word' id='word_1_472' title='bbox 895 5463 1361 5531; x_wconf 85' lang='lat' dir='ltr'><strong>Sangermanensi.</strong></span> 
     </span>
    </p>
   </div>
   <div class='ocr_carea' id='block_1_63' title="bbox 470 5527 1898 5601">
    <p class='ocr_par' dir='ltr' id='par_1_63' title="bbox 470 5527 1898 5601">
     <span class='ocr_line' id='line_1_64' title="bbox 470 5527 1898 5601; baseline 0.007 -24"><span class='ocrx_word' id='word_1_473' title='bbox 470 5527 577 5590; x_wconf 77' lang='grc'><strong>(44)</strong></span> <span class='ocrx_word' id='word_1_474' title='bbox 618 5529 766 5593; x_wconf 78' lang='lat' dir='ltr'><strong>Quod</strong></span> <span class='ocrx_word' id='word_1_475' title='bbox 793 5531 837 5584; x_wconf 72' lang='lat' dir='ltr'><strong>si</strong></span> <span class='ocrx_word' id='word_1_476' title='bbox 859 5531 915 5586; x_wconf 81' lang='lat' dir='ltr'><strong>in</strong></span> <span class='ocrx_word' id='word_1_477' title='bbox 947 5527 1072 5599; x_wconf 71' lang='lat' dir='ltr'><strong>alia,</strong></span> <span class='ocrx_word' id='word_1_478' title='bbox 1107 5532 1265 5601; x_wconf 79' lang='lat' dir='ltr'><strong>fugite</strong></span> <span class='ocrx_word' id='word_1_479' title='bbox 1289 5533 1340 5585; x_wconf 84' lang='lat' dir='ltr'><strong>in</strong></span> <span class='ocrx_word' id='word_1_480' title='bbox 1365 5531 1544 5586; x_wconf 84' lang='lat' dir='ltr'><strong>aliam.</strong></span> <span class='ocrx_word' id='word_1_481' title='bbox 1586 5529 1708 5587; x_wconf 65' lang='lat' dir='ltr'><strong>Haec</strong></span> <span class='ocrx_word' id='word_1_482' title='bbox 1735 5534 1898 5588; x_wconf 85' lang='lat' dir='ltr'><strong>etiam</strong></span> 
     </span>
    </p>
   </div>
   <div class='ocr_carea' id='block_1_64' title="bbox 1937 4725 2384 4782">
    <p class='ocr_par' dir='ltr' id='par_1_64' title="bbox 1937 4725 2384 4782">
     <span class='ocr_line' id='line_1_65' title="bbox 1937 4725 2384 4782; baseline 0.004 -4"><span class='ocrx_word' id='word_1_483' title='bbox 1937 4727 1984 4759; x_wconf 77' lang='lat'>&quot;</span> <span class='ocrx_word' id='word_1_484' title='bbox 2010 4725 2123 4779; x_wconf 82' lang='lat' dir='ltr'><strong>Jos.</strong></span> <span class='ocrx_word' id='word_1_485' title='bbox 2153 4744 2262 4782; x_wconf 84' lang='lat' dir='ltr'><strong>vm.</strong></span> <span class='ocrx_word' id='word_1_486' title='bbox 2291 4729 2384 4782; x_wconf 74' lang='lat'><strong>28.</strong></span> 
     </span>
    </p>
   </div>
   <div class='ocr_carea' id='block_1_65' title="bbox 392 4784 1915 4861">
    <p class='ocr_par' dir='ltr' id='par_1_65' title="bbox 392 4784 1844 4859">
     <span class='ocr_line' id='line_1_66' title="bbox 392 4784 1844 4859; baseline 0.004 -19"><span class='ocrx_word' id='word_1_487' title='bbox 392 4784 437 4820; x_wconf 80' lang='lat'>&quot;</span> <span class='ocrx_word' id='word_1_488' title='bbox 464 4785 484 4841; x_wconf 89' lang='grc' dir='ltr'><strong>Ι</strong></span> <span class='ocrx_word' id='word_1_489' title='bbox 507 4787 627 4840; x_wconf 89' lang='lat' dir='ltr'><strong>Cor.</strong></span> <span class='ocrx_word' id='word_1_490' title='bbox 659 4803 730 4850; x_wconf 77' lang='grc' dir='ltr'>ιι,</span> <span class='ocrx_word' id='word_1_491' title='bbox 763 4789 844 4841; x_wconf 79' lang='grc'><strong>18.</strong></span> <span class='ocrx_word' id='word_1_492' title='bbox 883 4784 886 4785; x_wconf 45' lang='grc'><strong><em>⁷</em></strong></span> <span class='ocrx_word' id='word_1_493' title='bbox 917 4790 962 4821; x_wconf 86' lang='grc'><strong>⁷⁸</strong></span> <span class='ocrx_word' id='word_1_494' title='bbox 979 4793 1161 4844; x_wconf 81' lang='lat' dir='ltr'><strong>Matth.</strong></span> <span class='ocrx_word' id='word_1_495' title='bbox 1186 4793 1343 4854; x_wconf 45' lang='lat'><strong>:35.</strong></span> <span class='ocrx_word' id='word_1_496' title='bbox 1415 4794 1460 4824; x_wconf 70' lang='grc' dir='ltr'>π</span> <span class='ocrx_word' id='word_1_497' title='bbox 1496 4793 1656 4846; x_wconf 85' lang='lat' dir='ltr'><strong>Hebr.</strong></span> <span class='ocrx_word' id='word_1_498' title='bbox 1686 4784 1723 4859; x_wconf 52' lang='grc' dir='ltr'>ις</span> <span class='ocrx_word' id='word_1_499' title='bbox 1759 4795 1844 4846; x_wconf 77' lang='grc'><strong>14.</strong></span> 
     </span>
    </p>
   </div>
   <div class='ocr_carea' id='block_1_66' title="bbox 2090 4784 2476 4861">
    <p class='ocr_par' dir='ltr' id='par_1_66' title="bbox 2090 4796 2476 4861">
     <span class='ocr_line' id='line_1_67' title="bbox 2090 4796 2476 4861; baseline 0.021 -14"><span class='ocrx_word' id='word_1_500' title='bbox 2090 4796 2192 4850; x_wconf 74' lang='lat' dir='ltr'><strong>lor.</strong></span> <span class='ocrx_word' id='word_1_501' title='bbox 2232 4814 2350 4861; x_wconf 75' lang='lat' dir='ltr'><strong>xm,</strong></span> <span class='ocrx_word' id='word_1_502' title='bbox 2384 4801 2476 4855; x_wconf 83' lang='grc'><strong>45.</strong></span> 
     </span>
    </p>
   </div>
   <div class='ocr_carea' id='block_1_67' title="bbox 2013 385 3651 466">
    <p class='ocr_par' dir='ltr' id='par_1_67' title="bbox 2013 385 3651 466">
     <span class='ocr_line' id='line_1_68' title="bbox 2013 385 3651 466; baseline -0.002 -15"><span class='ocrx_word' id='word_1_503' title='bbox 2013 398 2358 466; x_wconf 87' lang='lat' dir='ltr'><strong>ntaleloquia.</strong></span> <span class='ocrx_word' id='word_1_504' title='bbox 2413 397 2544 462; x_wconf 76' lang='lat' dir='ltr'><strong>Qua:</strong></span> <span class='ocrx_word' id='word_1_505' title='bbox 2591 405 2792 449; x_wconf 86' lang='lat' dir='ltr'><strong>tamen</strong></span> <span class='ocrx_word' id='word_1_506' title='bbox 2841 389 3062 448; x_wconf 68' lang='lat' dir='ltr'><strong>nescio</strong></span> <span class='ocrx_word' id='word_1_507' title='bbox 3111 387 3168 443; x_wconf 76' lang='lat' dir='ltr'><strong>si</strong></span> <span class='ocrx_word' id='word_1_508' title='bbox 3225 387 3355 455; x_wconf 81' lang='lat' dir='ltr'><strong>quis</strong></span> <span class='ocrx_word' id='word_1_509' title='bbox 3405 385 3651 453; x_wconf 70' lang='grc' dir='ltr'><strong>εσιιεὶειι.</strong></span> 
     </span>
    </p>
   </div>
   <div class='ocr_carea' id='block_1_68' title="bbox 2013 476 3654 554">
    <p class='ocr_par' dir='ltr' id='par_1_68' title="bbox 2013 476 3654 554">
     <span class='ocr_line' id='line_1_69' title="bbox 2013 476 3654 554; baseline -0.01 -14"><span class='ocrx_word' id='word_1_510' title='bbox 2013 489 2196 541; x_wconf 90' lang='lat' dir='ltr'><strong>nescio</strong></span> <span class='ocrx_word' id='word_1_511' title='bbox 2226 488 2272 540; x_wconf 89' lang='lat' dir='ltr'><strong>si</strong></span> <span class='ocrx_word' id='word_1_512' title='bbox 2301 487 2426 554; x_wconf 90' lang='lat' dir='ltr'><strong>quis</strong></span> <span class='ocrx_word' id='word_1_513' title='bbox 2456 485 2679 540; x_wconf 87' lang='lat' dir='ltr'><strong>evadat.</strong></span> <span class='ocrx_word' id='word_1_514' title='bbox 2711 484 2834 537; x_wconf 89' lang='lat' dir='ltr'><strong>lste</strong></span> <span class='ocrx_word' id='word_1_515' title='bbox 2866 480 3014 533; x_wconf 85' lang='lat' dir='ltr'><strong>talis</strong></span> <span class='ocrx_word' id='word_1_516' title='bbox 3063 485 3200 530; x_wconf 75' lang='lat' dir='ltr'><strong>erat</strong></span> <span class='ocrx_word' id='word_1_517' title='bbox 3243 476 3521 532; x_wconf 77' lang='lat' dir='ltr'><strong>exercitus</strong></span> <span class='ocrx_word' id='word_1_518' title='bbox 3551 476 3654 546; x_wconf 73' lang='lat' dir='ltr'><strong>llay</strong></span> 
     </span>
    </p>
   </div>
   <div class='ocr_carea' id='block_1_69' title="bbox 2012 566 3657 644">
    <p class='ocr_par' dir='ltr' id='par_1_69' title="bbox 2012 566 3657 644">
     <span class='ocr_line' id='line_1_70' title="bbox 2012 566 3657 644; baseline -0.006 -16"><span class='ocrx_word' id='word_1_519' title='bbox 2012 591 2172 644; x_wconf 91' lang='lat' dir='ltr'><strong>quem</strong></span> <span class='ocrx_word' id='word_1_520' title='bbox 2200 574 2362 629; x_wconf 82' lang='lat' dir='ltr'><strong>Jcsus</strong></span> <span class='ocrx_word' id='word_1_521' title='bbox 2395 573 2721 642; x_wconf 89' lang='lat' dir='ltr'><strong>fugiendum</strong></span> <span class='ocrx_word' id='word_1_522' title='bbox 2773 567 3045 624; x_wconf 86' lang='lat' dir='ltr'><strong>docebat</strong></span> <span class='ocrx_word' id='word_1_523' title='bbox 3084 566 3312 620; x_wconf 77' lang='lat' dir='ltr'><strong>milites</strong></span> <span class='ocrx_word' id='word_1_524' title='bbox 3343 580 3498 629; x_wconf 68' lang='lat' dir='ltr'><strong>suos,</strong></span> <span class='ocrx_word' id='word_1_525' title='bbox 3520 575 3574 620; x_wconf 89' lang='lat' dir='ltr'><strong>et</strong></span> <span class='ocrx_word' id='word_1_526' title='bbox 3596 571 3657 618; x_wconf 91' lang='lat' dir='ltr'><strong>de</strong></span> 
     </span>
    </p>
   </div>
   <div class='ocr_carea' id='block_1_70' title="bbox 2013 653 3658 726">
    <p class='ocr_par' dir='ltr' id='par_1_70' title="bbox 2013 653 3658 726">
     <span class='ocr_line' id='line_1_71' title="bbox 2013 653 3658 726; baseline -0.006 -9"><span class='ocrx_word' id='word_1_527' title='bbox 2013 667 2080 718; x_wconf 90' lang='lat' dir='ltr'><strong>iis</strong></span> <span class='ocrx_word' id='word_1_528' title='bbox 2108 665 2341 718; x_wconf 86' lang='lat' dir='ltr'><strong>fortasse</strong></span> <span class='ocrx_word' id='word_1_529' title='bbox 2374 663 2603 714; x_wconf 87' lang='lat' dir='ltr'><strong>mandat</strong></span> <span class='ocrx_word' id='word_1_530' title='bbox 2650 659 2963 726; x_wconf 84' lang='lat' dir='ltr'><strong>discipulis</strong></span> <span class='ocrx_word' id='word_1_531' title='bbox 3023 655 3154 709; x_wconf 85' lang='lat' dir='ltr'><strong>suis</strong></span> <span class='ocrx_word' id='word_1_532' title='bbox 3202 655 3406 707; x_wconf 88' lang='lat' dir='ltr'><strong>dicens</strong></span> <span class='ocrx_word' id='word_1_533' title='bbox 3430 653 3516 707; x_wconf 69' lang='grc' dir='ltr'><strong>ηε</strong></span> <span class='ocrx_word' id='word_1_534' title='bbox 3548 672 3572 708; x_wconf 72' lang='grc' dir='ltr'><strong>ι</strong></span> <span class='ocrx_word' id='word_1_535' title='bbox 3603 655 3658 712; x_wconf 80' lang='lat' dir='ltr'><strong>Si</strong></span> 
     </span>
    </p>
   </div>
   <div class='ocr_carea' id='block_1_71' title="bbox 2012 744 3662 822">
    <p class='ocr_par' dir='ltr' id='par_1_71' title="bbox 2012 744 3662 822">
     <span class='ocr_line' id='line_1_72' title="bbox 2012 744 3662 822; baseline -0.005 -13"><span class='ocrx_word' id='word_1_536' title='bbox 2012 770 2111 808; x_wconf 86' lang='lat' dir='ltr'><strong>vos</strong></span> <span class='ocrx_word' id='word_1_537' title='bbox 2178 761 2588 822; x_wconf 88' lang='lat' dir='ltr'><strong>persequuntur</strong></span> <span class='ocrx_word' id='word_1_538' title='bbox 2667 750 2723 802; x_wconf 89' lang='lat' dir='ltr'><strong>in</strong></span> <span class='ocrx_word' id='word_1_539' title='bbox 2815 749 2933 802; x_wconf 87' lang='lat' dir='ltr'><strong>hac</strong></span> <span class='ocrx_word' id='word_1_540' title='bbox 3008 747 3297 808; x_wconf 86' lang='lat' dir='ltr'><strong>civitate,</strong></span> <span class='ocrx_word' id='word_1_541' title='bbox 3377 744 3550 815; x_wconf 86' lang='lat' dir='ltr'><strong>fugite</strong></span> <span class='ocrx_word' id='word_1_542' title='bbox 3609 748 3662 801; x_wconf 61' lang='lat' dir='ltr'><strong>in</strong></span> 
     </span>
    </p>
   </div>
   <div class='ocr_carea' id='block_1_72' title="bbox 2014 839 3652 915">
    <p class='ocr_par' dir='ltr' id='par_1_72' title="bbox 2014 839 3652 915">
     <span class='ocr_line' id='line_1_73' title="bbox 2014 839 3652 915; baseline -0.006 -14"><span class='ocrx_word' id='word_1_543' title='bbox 2014 849 2222 912; x_wconf 89' lang='lat' dir='ltr'><strong>aliam;</strong></span> <span class='ocrx_word' id='word_1_544' title='bbox 2273 847 2417 915; x_wconf 86' lang='lat' dir='ltr'><strong>quod</strong></span> <span class='ocrx_word' id='word_1_545' title='bbox 2460 845 2512 898; x_wconf 84' lang='lat' dir='ltr'><strong>si</strong></span> <span class='ocrx_word' id='word_1_546' title='bbox 2571 845 2627 898; x_wconf 93' lang='lat' dir='ltr'><strong>in</strong></span> <span class='ocrx_word' id='word_1_547' title='bbox 2679 843 2828 908; x_wconf 88' lang='lat' dir='ltr'><strong>alia,</strong></span> <span class='ocrx_word' id='word_1_548' title='bbox 2885 841 3083 911; x_wconf 87' lang='lat' dir='ltr'><strong>fugite</strong></span> <span class='ocrx_word' id='word_1_549' title='bbox 3131 842 3191 893; x_wconf 89' lang='lat' dir='ltr'><strong>in</strong></span> <span class='ocrx_word' id='word_1_550' title='bbox 3241 840 3415 891; x_wconf 87' lang='lat' dir='ltr'><strong>aliam</strong></span> <span class='ocrx_word' id='word_1_551' title='bbox 3472 839 3596 908; x_wconf 78' lang='grc'><strong>(44).</strong></span> <span class='ocrx_word' id='word_1_552' title='bbox 3634 859 3652 891; x_wconf 79' lang='grc' dir='ltr'><strong>ι</strong></span> 
     </span>
    </p>
   </div>
   <div class='ocr_carea' id='block_1_73' title="bbox 2015 929 3657 1001">
    <p class='ocr_par' dir='ltr' id='par_1_73' title="bbox 2015 929 3657 1001">
     <span class='ocr_line' id='line_1_74' title="bbox 2015 929 3657 1001; baseline -0.004 -10"><span class='ocrx_word' id='word_1_553' title='bbox 2015 936 2142 991; x_wconf 82' lang='lat' dir='ltr'><strong>Vult</strong></span> <span class='ocrx_word' id='word_1_554' title='bbox 2195 937 2341 990; x_wconf 90' lang='lat' dir='ltr'><strong>enim</strong></span> <span class='ocrx_word' id='word_1_555' title='bbox 2397 950 2508 989; x_wconf 86' lang='lat' dir='ltr'><strong>nos</strong></span> <span class='ocrx_word' id='word_1_556' title='bbox 2569 935 2773 1001; x_wconf 90' lang='lat' dir='ltr'><strong>fugere</strong></span> <span class='ocrx_word' id='word_1_557' title='bbox 2833 935 2913 986; x_wconf 89' lang='lat' dir='ltr'><strong>ab</strong></span> <span class='ocrx_word' id='word_1_558' title='bbox 2989 929 3333 998; x_wconf 84' lang='lat' dir='ltr'><strong>hujusmodi</strong></span> <span class='ocrx_word' id='word_1_559' title='bbox 3396 929 3657 992; x_wconf 88' lang='lat' dir='ltr'><strong>hostibus.</strong></span> 
     </span>
    </p>
   </div>
   <div class='ocr_carea' id='block_1_74' title="bbox 2015 1018 3660 1093">
    <p class='ocr_par' dir='ltr' id='par_1_74' title="bbox 2015 1018 3660 1093">
     <span class='ocr_line' id='line_1_75' title="bbox 2015 1018 3660 1093; baseline -0.004 -13"><span class='ocrx_word' id='word_1_560' title='bbox 2015 1028 2130 1082; x_wconf 89' lang='lat' dir='ltr'><strong>vult</strong></span> <span class='ocrx_word' id='word_1_561' title='bbox 2175 1041 2276 1081; x_wconf 87' lang='lat' dir='ltr'><strong>nos</strong></span> <span class='ocrx_word' id='word_1_562' title='bbox 2327 1025 2491 1093; x_wconf 74' lang='lat' dir='ltr'><strong>longe</strong></span> <span class='ocrx_word' id='word_1_563' title='bbox 2534 1024 2678 1079; x_wconf 74' lang='lat' dir='ltr'><strong>efﬁci</strong></span> <span class='ocrx_word' id='word_1_564' title='bbox 2726 1026 2798 1077; x_wconf 87' lang='lat' dir='ltr'><strong>ab</strong></span> <span class='ocrx_word' id='word_1_565' title='bbox 2849 1021 3210 1091; x_wconf 83' lang='lat' dir='ltr'><strong>ltujusmodi</strong></span> <span class='ocrx_word' id='word_1_566' title='bbox 3273 1018 3478 1073; x_wconf 79' lang='lat' dir='ltr'><strong>malis:</strong></span> <span class='ocrx_word' id='word_1_567' title='bbox 3529 1030 3579 1073; x_wconf 91' lang='lat' dir='ltr'><strong>et</strong></span> <span class='ocrx_word' id='word_1_568' title='bbox 3620 1021 3660 1074; x_wconf 87' lang='lat' dir='ltr'><strong>si</strong></span> 
     </span>
    </p>
   </div>
   <div class='ocr_carea' id='block_1_75' title="bbox 2015 1108 3662 1189">
    <p class='ocr_par' dir='ltr' id='par_1_75' title="bbox 2015 1108 3662 1189">
     <span class='ocr_line' id='line_1_76' title="bbox 2015 1108 3662 1189; baseline -0.007 -15"><span class='ocrx_word' id='word_1_569' title='bbox 2015 1122 2354 1189; x_wconf 88' lang='lat' dir='ltr'><strong>potuerimus</strong></span> <span class='ocrx_word' id='word_1_570' title='bbox 2401 1116 2629 1170; x_wconf 91' lang='lat' dir='ltr'><strong>interim</strong></span> <span class='ocrx_word' id='word_1_571' title='bbox 2674 1113 2933 1168; x_wconf 85' lang='lat' dir='ltr'><strong>evadere</strong></span> <span class='ocrx_word' id='word_1_572' title='bbox 2982 1112 3206 1165; x_wconf 85' lang='lat' dir='ltr'><strong>horum</strong></span> <span class='ocrx_word' id='word_1_573' title='bbox 3262 1109 3538 1163; x_wconf 89' lang='lat' dir='ltr'><strong>malorum</strong></span> <span class='ocrx_word' id='word_1_574' title='bbox 3584 1108 3662 1164; x_wconf 89' lang='lat' dir='ltr'><strong>fu-</strong></span> 
     </span>
    </p>
   </div>
   <div class='ocr_carea' id='block_1_76' title="bbox 2013 1199 3663 1278">
    <p class='ocr_par' dir='ltr' id='par_1_76' title="bbox 2013 1199 3663 1278">
     <span class='ocr_line' id='line_1_77' title="bbox 2013 1199 3663 1278; baseline -0.009 -15"><span class='ocrx_word' id='word_1_575' title='bbox 2013 1209 2213 1278; x_wconf 86' lang='lat' dir='ltr'><strong>giendo</strong></span> <span class='ocrx_word' id='word_1_576' title='bbox 2239 1206 2515 1275; x_wconf 90' lang='lat' dir='ltr'><strong>contagia,</strong></span> <span class='ocrx_word' id='word_1_577' title='bbox 2552 1213 2686 1256; x_wconf 91' lang='lat' dir='ltr'><strong>tunc</strong></span> <span class='ocrx_word' id='word_1_578' title='bbox 2719 1202 2998 1255; x_wconf 87' lang='lat' dir='ltr'><strong>videntes</strong></span> <span class='ocrx_word' id='word_1_579' title='bbox 3031 1199 3444 1262; x_wconf 87' lang='lat' dir='ltr'><strong>devotionem,</strong></span> <span class='ocrx_word' id='word_1_580' title='bbox 3475 1207 3530 1250; x_wconf 89' lang='lat' dir='ltr'><strong>et</strong></span> <span class='ocrx_word' id='word_1_581' title='bbox 3551 1211 3663 1264; x_wconf 83' lang='lat' dir='ltr'><strong>pro-</strong></span> 
     </span>
    </p>
   </div>
   <div class='ocr_carea' id='block_1_77' title="bbox 2014 1287 3658 1366">
    <p class='ocr_par' dir='ltr' id='par_1_77' title="bbox 2014 1287 3658 1366">
     <span class='ocr_line' id='line_1_78' title="bbox 2014 1287 3658 1366; baseline -0.008 -13"><span class='ocrx_word' id='word_1_582' title='bbox 2014 1299 2254 1366; x_wconf 88' lang='lat' dir='ltr'><strong>positum</strong></span> <span class='ocrx_word' id='word_1_583' title='bbox 2285 1298 2486 1350; x_wconf 87' lang='lat' dir='ltr'><strong>mentis</strong></span> <span class='ocrx_word' id='word_1_584' title='bbox 2512 1303 2720 1348; x_wconf 56' lang='lat' dir='ltr'><strong>nostra}</strong></span> <span class='ocrx_word' id='word_1_585' title='bbox 2748 1299 2977 1346; x_wconf 64' lang='lat' dir='ltr'><strong>sanctae</strong></span> <span class='ocrx_word' id='word_1_586' title='bbox 2999 1301 3260 1357; x_wconf 66' lang='lat' dir='ltr'><strong>quaeque</strong></span> <span class='ocrx_word' id='word_1_587' title='bbox 3287 1287 3543 1347; x_wconf 86' lang='lat' dir='ltr'><strong>virtutes,</strong></span> <span class='ocrx_word' id='word_1_588' title='bbox 3568 1287 3658 1340; x_wconf 68' lang='lat' dir='ltr'><strong>illm</strong></span> 
     </span>
    </p>
   </div>
   <div class='ocr_carea' id='block_1_78' title="bbox 2014 1378 3659 1454">
    <p class='ocr_par' dir='ltr' id='par_1_78' title="bbox 2014 1378 3659 1454">
     <span class='ocr_line' id='line_1_79' title="bbox 2014 1378 3659 1454; baseline -0.006 -13"><span class='ocrx_word' id='word_1_589' title='bbox 2014 1387 2247 1442; x_wconf 89' lang='lat' dir='ltr'><strong>fortasse</strong></span> <span class='ocrx_word' id='word_1_590' title='bbox 2281 1387 2351 1440; x_wconf 91' lang='lat' dir='ltr'><strong>de</strong></span> <span class='ocrx_word' id='word_1_591' title='bbox 2389 1386 2592 1454; x_wconf 89' lang='lat' dir='ltr'><strong>quibus</strong></span> <span class='ocrx_word' id='word_1_592' title='bbox 2634 1382 2776 1437; x_wconf 92' lang='lat' dir='ltr'><strong>dicit</strong></span> <span class='ocrx_word' id='word_1_593' title='bbox 2812 1380 3136 1449; x_wconf 89' lang='lat' dir='ltr'><strong>apostolus</strong></span> <span class='ocrx_word' id='word_1_594' title='bbox 3193 1378 3411 1432; x_wconf 85' lang='lat' dir='ltr'><strong>Paulus</strong></span> <span class='ocrx_word' id='word_1_595' title='bbox 3437 1378 3546 1448; x_wconf 87' lang='grc'><strong>(45)</strong></span> <span class='ocrx_word' id='word_1_596' title='bbox 3581 1381 3659 1431; x_wconf 80' lang='lat' dir='ltr'><strong>&quot;z</strong></span> 
     </span>
    </p>
   </div>
   <div class='ocr_carea' id='block_1_79' title="bbox 2019 1471 3664 1538">
    <p class='ocr_par' dir='ltr' id='par_1_79' title="bbox 2019 1471 3664 1538">
     <span class='ocr_line' id='line_1_80' title="bbox 2019 1471 3664 1538; baseline -0.002 -8"><span class='ocrx_word' id='word_1_597' title='bbox 2019 1498 2039 1530; x_wconf 71' lang='grc' dir='ltr'>ί</span> <span class='ocrx_word' id='word_1_598' title='bbox 2079 1478 2273 1532; x_wconf 84' lang='lat' dir='ltr'><strong>Nonne</strong></span> <span class='ocrx_word' id='word_1_599' title='bbox 2300 1492 2494 1532; x_wconf 86' lang='lat' dir='ltr'><strong>omnes</strong></span> <span class='ocrx_word' id='word_1_600' title='bbox 2531 1484 2668 1531; x_wconf 89' lang='lat' dir='ltr'><strong>sunt</strong></span> <span class='ocrx_word' id='word_1_601' title='bbox 2700 1471 3142 1528; x_wconf 84' lang='lat' dir='ltr'><strong>ministeriales</strong></span> <span class='ocrx_word' id='word_1_602' title='bbox 3177 1471 3422 1538; x_wconf 82' lang='lat' dir='ltr'><strong>spiritus</strong></span> <span class='ocrx_word' id='word_1_603' title='bbox 3474 1472 3527 1526; x_wconf 91' lang='lat' dir='ltr'><strong>in</strong></span> <span class='ocrx_word' id='word_1_604' title='bbox 3574 1474 3664 1527; x_wconf 83' lang='lat' dir='ltr'><strong>Ini-</strong></span> 
     </span>
    </p>
   </div>
   <div class='ocr_carea' id='block_1_80' title="bbox 2017 1560 3664 1633">
    <p class='ocr_par' dir='ltr' id='par_1_80' title="bbox 2017 1560 3664 1633">
     <span class='ocr_line' id='line_1_81' title="bbox 2017 1560 3664 1633; baseline -0.004 -12"><span class='ocrx_word' id='word_1_605' title='bbox 2017 1567 2305 1621; x_wconf 91' lang='lat' dir='ltr'><strong>nisterium</strong></span> <span class='ocrx_word' id='word_1_606' title='bbox 2370 1564 2521 1618; x_wconf 91' lang='lat' dir='ltr'><strong>missi</strong></span> <span class='ocrx_word' id='word_1_607' title='bbox 2570 1574 2806 1633; x_wconf 87' lang='lat' dir='ltr'><strong>propter</strong></span> <span class='ocrx_word' id='word_1_608' title='bbox 2853 1575 2959 1616; x_wconf 86' lang='lat' dir='ltr'><strong>eos</strong></span> <span class='ocrx_word' id='word_1_609' title='bbox 3008 1560 3116 1627; x_wconf 88' lang='lat' dir='ltr'><strong>qui</strong></span> <span class='ocrx_word' id='word_1_610' title='bbox 3170 1561 3559 1614; x_wconf 65' lang='lat' dir='ltr'><strong>haereditatem</strong></span> <span class='ocrx_word' id='word_1_611' title='bbox 3583 1576 3664 1614; x_wconf 83' lang='lat' dir='ltr'><strong>ca-</strong></span> 
     </span>
    </p>
   </div>
   <div class='ocr_carea' id='block_1_81' title="bbox 2017 1651 3661 1727">
    <p class='ocr_par' dir='ltr' id='par_1_81' title="bbox 2017 1651 3661 1727">
     <span class='ocr_line' id='line_1_82' title="bbox 2017 1651 3661 1727; baseline -0.002 -17"><span class='ocrx_word' id='word_1_612' title='bbox 2017 1659 2172 1727; x_wconf 90' lang='lat' dir='ltr'><strong>piunt</strong></span> <span class='ocrx_word' id='word_1_613' title='bbox 2197 1655 2440 1710; x_wconf 82' lang='lat' dir='ltr'><strong>salutis?</strong></span> <span class='ocrx_word' id='word_1_614' title='bbox 2477 1672 2497 1706; x_wconf 73' lang='grc' dir='ltr'><strong>ι</strong></span> <span class='ocrx_word' id='word_1_615' title='bbox 2550 1655 2646 1722; x_wconf 89' lang='lat' dir='ltr'><strong>qui</strong></span> <span class='ocrx_word' id='word_1_616' title='bbox 2705 1654 2973 1707; x_wconf 85' lang='lat' dir='ltr'><strong>fortasse</strong></span> <span class='ocrx_word' id='word_1_617' title='bbox 3023 1661 3173 1704; x_wconf 90' lang='lat' dir='ltr'><strong>sunt</strong></span> <span class='ocrx_word' id='word_1_618' title='bbox 3234 1651 3423 1705; x_wconf 85' lang='lat' dir='ltr'><strong>sancti</strong></span> <span class='ocrx_word' id='word_1_619' title='bbox 3465 1651 3661 1719; x_wconf 79' lang='lat' dir='ltr'><strong>angeli:</strong></span> 
     </span>
    </p>
   </div>
   <div class='ocr_carea' id='block_1_82' title="bbox 2017 1741 3665 1814">
    <p class='ocr_par' dir='ltr' id='par_1_82' title="bbox 2017 1741 3665 1814">
     <span class='ocr_line' id='line_1_83' title="bbox 2017 1741 3665 1814; baseline -0.001 -16"><span class='ocrx_word' id='word_1_620' title='bbox 2017 1746 2108 1814; x_wconf 91' lang='lat' dir='ltr'><strong>qui</strong></span> <span class='ocrx_word' id='word_1_621' title='bbox 2135 1745 2383 1799; x_wconf 89' lang='lat' dir='ltr'><strong>videntes</strong></span> <span class='ocrx_word' id='word_1_622' title='bbox 2409 1759 2510 1798; x_wconf 91' lang='lat' dir='ltr'><strong>nos</strong></span> <span class='ocrx_word' id='word_1_623' title='bbox 2541 1743 3000 1798; x_wconf 86' lang='lat' dir='ltr'><strong>insectationem</strong></span> <span class='ocrx_word' id='word_1_624' title='bbox 3037 1741 3382 1794; x_wconf 68' lang='lat' dir='ltr'><strong>daemonum</strong></span> <span class='ocrx_word' id='word_1_625' title='bbox 3429 1742 3560 1810; x_wconf 88' lang='lat' dir='ltr'><strong>pati,</strong></span> <span class='ocrx_word' id='word_1_626' title='bbox 3593 1743 3665 1796; x_wconf 84' lang='lat' dir='ltr'><strong>in-</strong></span> 
     </span>
    </p>
   </div>
   <div class='ocr_carea' id='block_1_83' title="bbox 2017 1830 3662 1904">
    <p class='ocr_par' dir='ltr' id='par_1_83' title="bbox 2017 1830 3662 1904">
     <span class='ocr_line' id='line_1_84' title="bbox 2017 1830 3662 1904; baseline 0.001 -16"><span class='ocrx_word' id='word_1_627' title='bbox 2017 1844 2245 1904; x_wconf 89' lang='lat' dir='ltr'><strong>surgunt</strong></span> <span class='ocrx_word' id='word_1_628' title='bbox 2268 1835 2537 1888; x_wconf 88' lang='lat' dir='ltr'><strong>adversus</strong></span> <span class='ocrx_word' id='word_1_629' title='bbox 2563 1848 2664 1888; x_wconf 90' lang='lat' dir='ltr'><strong>eos</strong></span> <span class='ocrx_word' id='word_1_630' title='bbox 2683 1833 2783 1901; x_wconf 90' lang='lat' dir='ltr'><strong>qui</strong></span> <span class='ocrx_word' id='word_1_631' title='bbox 2816 1845 2929 1885; x_wconf 91' lang='lat' dir='ltr'><strong>nos</strong></span> <span class='ocrx_word' id='word_1_632' title='bbox 2958 1830 3376 1893; x_wconf 86' lang='lat' dir='ltr'><strong>insectantur,</strong></span> <span class='ocrx_word' id='word_1_633' title='bbox 3406 1842 3458 1886; x_wconf 88' lang='lat' dir='ltr'><strong>et</strong></span> <span class='ocrx_word' id='word_1_634' title='bbox 3489 1847 3662 1890; x_wconf 86' lang='lat' dir='ltr'><strong>omnes</strong></span> 
     </span>
    </p>
   </div>
   <div class='ocr_carea' id='block_1_84' title="bbox 2017 1922 3660 1994">
    <p class='ocr_par' dir='ltr' id='par_1_84' title="bbox 2017 1922 3660 1994">
     <span class='ocr_line' id='line_1_85' title="bbox 2017 1922 3660 1994; baseline -0.002 -14"><span class='ocrx_word' id='word_1_635' title='bbox 2017 1939 2112 1980; x_wconf 89' lang='lat' dir='ltr'><strong>eos</strong></span> <span class='ocrx_word' id='word_1_636' title='bbox 2155 1933 2275 1994; x_wconf 89' lang='lat' dir='ltr'><strong>post</strong></span> <span class='ocrx_word' id='word_1_637' title='bbox 2316 1934 2529 1994; x_wconf 88' lang='lat' dir='ltr'><strong>tergum</strong></span> <span class='ocrx_word' id='word_1_638' title='bbox 2565 1925 2857 1978; x_wconf 64' lang='lat' dir='ltr'><strong>caedentes</strong></span> <span class='ocrx_word' id='word_1_639' title='bbox 2897 1923 3293 1978; x_wconf 82' lang='lat' dir='ltr'><strong>interimunt.</strong></span> <span class='ocrx_word' id='word_1_640' title='bbox 3333 1922 3494 1977; x_wconf 80' lang='lat' dir='ltr'><strong>Jesus</strong></span> <span class='ocrx_word' id='word_1_641' title='bbox 3527 1925 3660 1976; x_wconf 86' lang='lat' dir='ltr'><strong>enim</strong></span> 
     </span>
    </p>
   </div>
   <div class='ocr_carea' id='block_1_85' title="bbox 2017 2015 3662 2085">
    <p class='ocr_par' dir='ltr' id='par_1_85' title="bbox 2017 2015 3662 2085">
     <span class='ocr_line' id='line_1_86' title="bbox 2017 2015 3662 2085; baseline -0.001 -16"><span class='ocrx_word' id='word_1_642' title='bbox 2017 2024 2102 2069; x_wconf 91' lang='lat' dir='ltr'><strong>est</strong></span> <span class='ocrx_word' id='word_1_643' title='bbox 2154 2031 2279 2070; x_wconf 82' lang='lat' dir='ltr'><strong>cunt</strong></span> <span class='ocrx_word' id='word_1_644' title='bbox 2333 2015 2405 2069; x_wconf 90' lang='lat' dir='ltr'><strong>iis</strong></span> <span class='ocrx_word' id='word_1_645' title='bbox 2462 2015 2558 2084; x_wconf 91' lang='lat' dir='ltr'><strong>qui</strong></span> <span class='ocrx_word' id='word_1_646' title='bbox 2614 2015 3050 2071; x_wconf 85' lang='lat' dir='ltr'><strong>insectationes</strong></span> <span class='ocrx_word' id='word_1_647' title='bbox 3117 2017 3458 2085; x_wconf 89' lang='lat' dir='ltr'><strong>patiuntur,</strong></span> <span class='ocrx_word' id='word_1_648' title='bbox 3506 2016 3662 2083; x_wconf 81' lang='lat' dir='ltr'><strong>magis</strong></span> 
     </span>
    </p>
   </div>
   <div class='ocr_carea' id='block_1_86' title="bbox 2018 2103 3660 2174">
    <p class='ocr_par' dir='ltr' id='par_1_86' title="bbox 2018 2103 3660 2174">
     <span class='ocr_line' id='line_1_87' title="bbox 2018 2103 3660 2174; baseline 0.001 -18"><span class='ocrx_word' id='word_1_649' title='bbox 2018 2119 2176 2172; x_wconf 85' lang='lat' dir='ltr'><strong>quam</strong></span> <span class='ocrx_word' id='word_1_650' title='bbox 2213 2118 2335 2156; x_wconf 89' lang='lat' dir='ltr'><strong>cum</strong></span> <span class='ocrx_word' id='word_1_651' title='bbox 2369 2103 2478 2157; x_wconf 92' lang='lat' dir='ltr'><strong>illis</strong></span> <span class='ocrx_word' id='word_1_652' title='bbox 2514 2107 2609 2170; x_wconf 89' lang='lat' dir='ltr'><strong>qui</strong></span> <span class='ocrx_word' id='word_1_653' title='bbox 2641 2115 3118 2174; x_wconf 87' lang='lat' dir='ltr'><strong>persequuntur.</strong></span> <span class='ocrx_word' id='word_1_654' title='bbox 3163 2107 3238 2160; x_wconf 86' lang='lat' dir='ltr'><strong>Et</strong></span> <span class='ocrx_word' id='word_1_655' title='bbox 3279 2108 3486 2161; x_wconf 89' lang='lat' dir='ltr'><strong>merito</strong></span> <span class='ocrx_word' id='word_1_656' title='bbox 3512 2124 3526 2160; x_wconf 91' lang='lat'><strong>:</strong></span> <span class='ocrx_word' id='word_1_657' title='bbox 3549 2109 3660 2173; x_wconf 86' lang='lat' dir='ltr'><strong>quia</strong></span> 
     </span>
    </p>
   </div>
   <div class='ocr_carea' id='block_1_87' title="bbox 2019 2191 3659 2266">
    <p class='ocr_par' dir='ltr' id='par_1_87' title="bbox 2019 2191 3659 2266">
     <span class='ocr_line' id='line_1_88' title="bbox 2019 2191 3659 2266; baseline 0.002 -19"><span class='ocrx_word' id='word_1_658' title='bbox 2019 2196 2318 2248; x_wconf 86' lang='lat' dir='ltr'><strong>delectatur</strong></span> <span class='ocrx_word' id='word_1_659' title='bbox 2346 2208 2468 2246; x_wconf 88' lang='lat' dir='ltr'><strong>esse</strong></span> <span class='ocrx_word' id='word_1_660' title='bbox 2505 2191 2671 2247; x_wconf 81' lang='lat' dir='ltr'><strong>Jesus</strong></span> <span class='ocrx_word' id='word_1_661' title='bbox 2707 2209 2842 2248; x_wconf 92' lang='lat' dir='ltr'><strong>eum</strong></span> <span class='ocrx_word' id='word_1_662' title='bbox 2879 2196 2960 2250; x_wconf 86' lang='lat' dir='ltr'><strong>iis</strong></span> <span class='ocrx_word' id='word_1_663' title='bbox 2997 2197 3109 2264; x_wconf 89' lang='lat' dir='ltr'><strong>qui</strong></span> <span class='ocrx_word' id='word_1_664' title='bbox 3163 2197 3397 2266; x_wconf 85' lang='lat' dir='ltr'><strong>fugiunt</strong></span> <span class='ocrx_word' id='word_1_665' title='bbox 3437 2196 3659 2250; x_wconf 79' lang='lat' dir='ltr'><strong>fornica-</strong></span> 
     </span>
    </p>
   </div>
   <div class='ocr_carea' id='block_1_88' title="bbox 2021 2282 3663 2357">
    <p class='ocr_par' dir='ltr' id='par_1_88' title="bbox 2021 2282 3663 2357">
     <span class='ocr_line' id='line_1_89' title="bbox 2021 2282 3663 2357; baseline 0.002 -21"><span class='ocrx_word' id='word_1_666' title='bbox 2021 2284 2244 2346; x_wconf 89' lang='lat' dir='ltr'><strong>tionem,</strong></span> <span class='ocrx_word' id='word_1_667' title='bbox 2297 2284 2390 2350; x_wconf 93' lang='lat' dir='ltr'><strong>qui</strong></span> <span class='ocrx_word' id='word_1_668' title='bbox 2434 2282 2659 2352; x_wconf 86' lang='lat' dir='ltr'><strong>fugiunt</strong></span> <span class='ocrx_word' id='word_1_669' title='bbox 2706 2282 2829 2355; x_wconf 86' lang='grc'><strong>(46)</strong></span> <span class='ocrx_word' id='word_1_670' title='bbox 2884 2287 3275 2356; x_wconf 86' lang='lat' dir='ltr'><strong>superbiam,</strong></span> <span class='ocrx_word' id='word_1_671' title='bbox 3324 2289 3418 2356; x_wconf 91' lang='lat' dir='ltr'><strong>qui</strong></span> <span class='ocrx_word' id='word_1_672' title='bbox 3470 2287 3663 2357; x_wconf 85' lang='lat' dir='ltr'><strong>fugiunt</strong></span> 
     </span>
    </p>
   </div>
   <div class='ocr_carea' id='block_1_89' title="bbox 2018 2371 3662 2446">
    <p class='ocr_par' dir='ltr' id='par_1_89' title="bbox 2018 2371 3662 2446">
     <span class='ocr_line' id='line_1_90' title="bbox 2018 2371 3662 2446; baseline 0.004 -22"><span class='ocrx_word' id='word_1_673' title='bbox 2018 2371 2221 2434; x_wconf 88' lang='lat' dir='ltr'><strong>dolum,</strong></span> <span class='ocrx_word' id='word_1_674' title='bbox 2266 2377 2322 2424; x_wconf 88' lang='lat' dir='ltr'><strong>et</strong></span> <span class='ocrx_word' id='word_1_675' title='bbox 2357 2372 2449 2439; x_wconf 91' lang='lat' dir='ltr'><strong>qui</strong></span> <span class='ocrx_word' id='word_1_676' title='bbox 2490 2371 2714 2439; x_wconf 86' lang='lat' dir='ltr'><strong>fugiunt</strong></span> <span class='ocrx_word' id='word_1_677' title='bbox 2740 2375 3161 2429; x_wconf 86' lang='lat' dir='ltr'><strong>mendacium.</strong></span> <span class='ocrx_word' id='word_1_678' title='bbox 3221 2376 3286 2429; x_wconf 89' lang='lat' dir='ltr'><strong>Si</strong></span> <span class='ocrx_word' id='word_1_679' title='bbox 3326 2390 3462 2446; x_wconf 88' lang='lat' dir='ltr'><strong>ergo</strong></span> <span class='ocrx_word' id='word_1_680' title='bbox 3494 2378 3562 2430; x_wconf 85' lang='lat' dir='ltr'><strong>ita</strong></span> <span class='ocrx_word' id='word_1_681' title='bbox 3592 2377 3662 2430; x_wconf 84' lang='lat' dir='ltr'><strong>in-</strong></span> 
     </span>
    </p>
   </div>
   <div class='ocr_carea' id='block_1_90' title="bbox 2023 2460 3662 2536">
    <p class='ocr_par' dir='ltr' id='par_1_90' title="bbox 2023 2460 3662 2536">
     <span class='ocr_line' id='line_1_91' title="bbox 2023 2460 3662 2536; baseline 0.003 -22"><span class='ocrx_word' id='word_1_682' title='bbox 2023 2460 2327 2530; x_wconf 87' lang='lat' dir='ltr'><strong>telligamus</strong></span> <span class='ocrx_word' id='word_1_683' title='bbox 2363 2475 2426 2514; x_wconf 91' lang='lat' dir='ltr'><strong>ea</strong></span> <span class='ocrx_word' id='word_1_684' title='bbox 2473 2475 2597 2528; x_wconf 68' lang='lat' dir='ltr'><strong>qua:</strong></span> <span class='ocrx_word' id='word_1_685' title='bbox 2620 2463 2840 2530; x_wconf 84' lang='lat' dir='ltr'><strong>scripta</strong></span> <span class='ocrx_word' id='word_1_686' title='bbox 2880 2474 3059 2530; x_wconf 88' lang='lat' dir='ltr'><strong>sunt,</strong></span> <span class='ocrx_word' id='word_1_687' title='bbox 3103 2466 3285 2536; x_wconf 86' lang='lat' dir='ltr'><strong>digna</strong></span> <span class='ocrx_word' id='word_1_688' title='bbox 3336 2466 3565 2522; x_wconf 87' lang='lat' dir='ltr'><strong>fortasse</strong></span> <span class='ocrx_word' id='word_1_689' title='bbox 3591 2468 3662 2519; x_wconf 86' lang='lat' dir='ltr'><strong>vi-</strong></span> 
     </span>
    </p>
   </div>
   <div class='ocr_carea' id='block_1_91' title="bbox 2018 2545 3657 2624">
    <p class='ocr_par' dir='ltr' id='par_1_91' title="bbox 2018 2545 3657 2624">
     <span class='ocr_line' id='line_1_92' title="bbox 2018 2545 3657 2624; baseline 0.004 -22"><span class='ocrx_word' id='word_1_690' title='bbox 2018 2549 2235 2602; x_wconf 76' lang='lat' dir='ltr'><strong>debitur</strong></span> <span class='ocrx_word' id='word_1_691' title='bbox 2256 2548 2420 2602; x_wconf 91' lang='lat' dir='ltr'><strong>lectio</strong></span> <span class='ocrx_word' id='word_1_692' title='bbox 2448 2548 2593 2617; x_wconf 86' lang='lat' dir='ltr'><strong>stylo</strong></span> <span class='ocrx_word' id='word_1_693' title='bbox 2635 2548 2899 2618; x_wconf 88' lang='lat' dir='ltr'><strong>Spiritus</strong></span> <span class='ocrx_word' id='word_1_694' title='bbox 2935 2554 3173 2607; x_wconf 87' lang='lat' dir='ltr'><strong>sancti.</strong></span> <span class='ocrx_word' id='word_1_695' title='bbox 3210 2553 3358 2609; x_wconf 81' lang='lat' dir='ltr'><strong>Nam</strong></span> <span class='ocrx_word' id='word_1_696' title='bbox 3390 2556 3517 2624; x_wconf 89' lang='lat' dir='ltr'><strong>quid</strong></span> <span class='ocrx_word' id='word_1_697' title='bbox 3544 2545 3657 2608; x_wconf 87' lang='lat' dir='ltr'><strong>mihi</strong></span> 
     </span>
    </p>
   </div>
   <div class='ocr_carea' id='block_1_92' title="bbox 2019 2639 3657 2716">
    <p class='ocr_par' dir='ltr' id='par_1_92' title="bbox 2019 2639 3657 2716">
     <span class='ocr_line' id='line_1_93' title="bbox 2019 2639 3657 2716; baseline 0.002 -23"><span class='ocrx_word' id='word_1_698' title='bbox 2019 2641 2260 2708; x_wconf 91' lang='lat' dir='ltr'><strong>prodest,</strong></span> <span class='ocrx_word' id='word_1_699' title='bbox 2307 2639 2353 2693; x_wconf 94' lang='lat' dir='ltr'><strong>si</strong></span> <span class='ocrx_word' id='word_1_700' title='bbox 2392 2640 2566 2693; x_wconf 86' lang='lat' dir='ltr'><strong>sciam</strong></span> <span class='ocrx_word' id='word_1_701' title='bbox 2610 2641 2762 2706; x_wconf 89' lang='lat' dir='ltr'><strong>quod</strong></span> <span class='ocrx_word' id='word_1_702' title='bbox 2817 2641 2879 2694; x_wconf 89' lang='lat' dir='ltr'><strong>in</strong></span> <span class='ocrx_word' id='word_1_703' title='bbox 2930 2645 3192 2711; x_wconf 88' lang='lat' dir='ltr'><strong>gemino</strong></span> <span class='ocrx_word' id='word_1_704' title='bbox 3236 2645 3394 2716; x_wconf 88' lang='lat' dir='ltr'><strong>ligno</strong></span> <span class='ocrx_word' id='word_1_705' title='bbox 3435 2662 3528 2700; x_wconf 79' lang='lat' dir='ltr'><strong>rex</strong></span> <span class='ocrx_word' id='word_1_706' title='bbox 3559 2646 3657 2713; x_wconf 83' lang='lat' dir='ltr'><strong>Hay</strong></span> 
     </span>
    </p>
   </div>
   <div class='ocr_carea' id='block_1_93' title="bbox 2019 2727 3660 2800">
    <p class='ocr_par' dir='ltr' id='par_1_93' title="bbox 2019 2727 3660 2800">
     <span class='ocr_line' id='line_1_94' title="bbox 2019 2727 3660 2800; baseline 0.001 -20"><span class='ocrx_word' id='word_1_707' title='bbox 2019 2741 2312 2795; x_wconf 90' lang='lat' dir='ltr'><strong>suspensus</strong></span> <span class='ocrx_word' id='word_1_708' title='bbox 2347 2727 2476 2780; x_wconf 81' lang='lat' dir='ltr'><strong>est?</strong></span> <span class='ocrx_word' id='word_1_709' title='bbox 2511 2727 2568 2780; x_wconf 87' lang='lat' dir='ltr'><strong>Si</strong></span> <span class='ocrx_word' id='word_1_710' title='bbox 2602 2736 2798 2780; x_wconf 85' lang='lat' dir='ltr'><strong>autem</strong></span> <span class='ocrx_word' id='word_1_711' title='bbox 2832 2729 3032 2782; x_wconf 88' lang='lat' dir='ltr'><strong>sciam</strong></span> <span class='ocrx_word' id='word_1_712' title='bbox 3080 2731 3377 2800; x_wconf 82' lang='lat' dir='ltr'><strong>duplicem</strong></span> <span class='ocrx_word' id='word_1_713' title='bbox 3407 2746 3525 2785; x_wconf 87' lang='lat' dir='ltr'><strong>esse</strong></span> <span class='ocrx_word' id='word_1_714' title='bbox 3563 2731 3660 2782; x_wconf 85' lang='lat' dir='ltr'><strong>vir-</strong></span> 
     </span>
    </p>
   </div>
   <div class='ocr_carea' id='block_1_94' title="bbox 2021 2815 3653 2889">
    <p class='ocr_par' dir='ltr' id='par_1_94' title="bbox 2021 2815 3653 2889">
     <span class='ocr_line' id='line_1_95' title="bbox 2021 2815 3653 2889; baseline 0.002 -19"><span class='ocrx_word' id='word_1_715' title='bbox 2021 2827 2186 2870; x_wconf 90' lang='lat' dir='ltr'><strong>tutem</strong></span> <span class='ocrx_word' id='word_1_716' title='bbox 2211 2816 2416 2878; x_wconf 89' lang='lat' dir='ltr'><strong>crucis,</strong></span> <span class='ocrx_word' id='word_1_717' title='bbox 2470 2817 2526 2869; x_wconf 91' lang='lat' dir='ltr'><strong>in</strong></span> <span class='ocrx_word' id='word_1_718' title='bbox 2553 2831 2665 2885; x_wconf 87' lang='lat' dir='ltr'><strong>qua</strong></span> <span class='ocrx_word' id='word_1_719' title='bbox 2708 2826 2769 2871; x_wconf 90' lang='lat' dir='ltr'><strong>et</strong></span> <span class='ocrx_word' id='word_1_720' title='bbox 2817 2815 3111 2874; x_wconf 85' lang='lat' dir='ltr'><strong>Christus</strong></span> <span class='ocrx_word' id='word_1_721' title='bbox 3147 2821 3206 2874; x_wconf 93' lang='lat' dir='ltr'><strong>in</strong></span> <span class='ocrx_word' id='word_1_722' title='bbox 3246 2835 3420 2876; x_wconf 91' lang='lat' dir='ltr'><strong>carne</strong></span> <span class='ocrx_word' id='word_1_723' title='bbox 3449 2835 3653 2889; x_wconf 85' lang='lat' dir='ltr'><strong>suspen-</strong></span> 
     </span>
    </p>
   </div>
   <div class='ocr_carea' id='block_1_95' title="bbox 2018 2905 3657 2979">
    <p class='ocr_par' dir='ltr' id='par_1_95' title="bbox 2018 2905 3657 2979">
     <span class='ocr_line' id='line_1_96' title="bbox 2018 2905 3657 2979; baseline 0.002 -21"><span class='ocrx_word' id='word_1_724' title='bbox 2018 2907 2183 2970; x_wconf 90' lang='lat' dir='ltr'><strong>ditur,</strong></span> <span class='ocrx_word' id='word_1_725' title='bbox 2211 2913 2266 2960; x_wconf 90' lang='lat' dir='ltr'><strong>et</strong></span> <span class='ocrx_word' id='word_1_726' title='bbox 2291 2905 2543 2960; x_wconf 91' lang='lat' dir='ltr'><strong>diabolus</strong></span> <span class='ocrx_word' id='word_1_727' title='bbox 2579 2921 2709 2961; x_wconf 90' lang='lat' dir='ltr'><strong>cum</strong></span> <span class='ocrx_word' id='word_1_728' title='bbox 2758 2924 2866 2963; x_wconf 90' lang='lat' dir='ltr'><strong>suo</strong></span> <span class='ocrx_word' id='word_1_729' title='bbox 2922 2913 3212 2965; x_wconf 80' lang='lat' dir='ltr'><strong>exercitu</strong></span> <span class='ocrx_word' id='word_1_730' title='bbox 3275 2913 3657 2979; x_wconf 89' lang='lat' dir='ltr'><strong>triumphatur,</strong></span> 
     </span>
    </p>
   </div>
   <div class='ocr_carea' id='block_1_96' title="bbox 2019 2995 3652 3063">
    <p class='ocr_par' dir='ltr' id='par_1_96' title="bbox 2019 2995 3652 3063">
     <span class='ocr_line' id='line_1_97' title="bbox 2019 2995 3652 3063; baseline 0.004 -14"><span class='ocrx_word' id='word_1_731' title='bbox 2019 3011 2086 3049; x_wconf 80' lang='lat' dir='ltr'><strong>ex</strong></span> <span class='ocrx_word' id='word_1_732' title='bbox 2119 2995 2471 3063; x_wconf 88' lang='lat' dir='ltr'><strong>intelligentia</strong></span> <span class='ocrx_word' id='word_1_733' title='bbox 2504 2999 2852 3052; x_wconf 85' lang='lat' dir='ltr'><strong>sacramenti</strong></span> <span class='ocrx_word' id='word_1_734' title='bbox 2882 3000 3297 3056; x_wconf 71' lang='lat' dir='ltr'><strong>tediiicahitur</strong></span> <span class='ocrx_word' id='word_1_735' title='bbox 3319 3002 3501 3056; x_wconf 87' lang='lat' dir='ltr'><strong>anima</strong></span> <span class='ocrx_word' id='word_1_736' title='bbox 3528 3017 3652 3055; x_wconf 83' lang='lat' dir='ltr'><strong>mea.</strong></span> 
     </span>
    </p>
   </div>
   <div class='ocr_carea' id='block_1_97' title="bbox 2020 3085 3655 3160">
    <p class='ocr_par' dir='ltr' id='par_1_97' title="bbox 2020 3085 3655 3160">
     <span class='ocr_line' id='line_1_98' title="bbox 2020 3085 3655 3160; baseline 0.004 -22"><span class='ocrx_word' id='word_1_737' title='bbox 2020 3085 2089 3139; x_wconf 86' lang='lat' dir='ltr'><strong>Et</strong></span> <span class='ocrx_word' id='word_1_738' title='bbox 2124 3096 2178 3138; x_wconf 91' lang='lat' dir='ltr'><strong>ut</strong></span> <span class='ocrx_word' id='word_1_739' title='bbox 2207 3087 2380 3155; x_wconf 90' lang='lat' dir='ltr'><strong>magis</strong></span> <span class='ocrx_word' id='word_1_740' title='bbox 2417 3086 2655 3141; x_wconf 89' lang='lat' dir='ltr'><strong>fortasse</strong></span> <span class='ocrx_word' id='word_1_741' title='bbox 2685 3090 2881 3144; x_wconf 90' lang='lat' dir='ltr'><strong>adhuc</strong></span> <span class='ocrx_word' id='word_1_742' title='bbox 2906 3093 3225 3148; x_wconf 83' lang='lat' dir='ltr'><strong>excelsius</strong></span> <span class='ocrx_word' id='word_1_743' title='bbox 3259 3093 3655 3160; x_wconf 85' lang='lat' dir='ltr'><strong>amplitudinem</strong></span> 
     </span>
    </p>
   </div>
   <div class='ocr_carea' id='block_1_98' title="bbox 2021 3174 3654 3251">
    <p class='ocr_par' dir='ltr' id='par_1_98' title="bbox 2021 3174 3654 3251">
     <span class='ocr_line' id='line_1_99' title="bbox 2021 3174 3654 3251; baseline 0.007 -25"><span class='ocrx_word' id='word_1_744' title='bbox 2021 3174 2262 3244; x_wconf 76' lang='lat' dir='ltr'><strong>mysterii</strong></span> <span class='ocrx_word' id='word_1_745' title='bbox 2297 3175 2613 3238; x_wconf 88' lang='lat' dir='ltr'><strong>dilatetnus,</strong></span> <span class='ocrx_word' id='word_1_746' title='bbox 2670 3175 2732 3230; x_wconf 88' lang='lat' dir='ltr'><strong>in</strong></span> <span class='ocrx_word' id='word_1_747' title='bbox 2784 3178 2902 3232; x_wconf 89' lang='lat' dir='ltr'><strong>hoc</strong></span> <span class='ocrx_word' id='word_1_748' title='bbox 2952 3180 3125 3248; x_wconf 82' lang='lat' dir='ltr'><strong>ligno</strong></span> <span class='ocrx_word' id='word_1_749' title='bbox 3177 3182 3510 3251; x_wconf 80' lang='lat' dir='ltr'><strong>intelligitur</strong></span> <span class='ocrx_word' id='word_1_750' title='bbox 3547 3195 3654 3236; x_wconf 85' lang='lat' dir='ltr'><strong>esse</strong></span> 
     </span>
    </p>
   </div>
   <div class='ocr_carea' id='block_1_99' title="bbox 2021 3263 3657 3336">
    <p class='ocr_par' dir='ltr' id='par_1_99' title="bbox 2021 3263 3657 3336">
     <span class='ocr_line' id='line_1_100' title="bbox 2021 3263 3657 3336; baseline 0.004 -19"><span class='ocrx_word' id='word_1_751' title='bbox 2021 3263 2245 3318; x_wconf 85' lang='lat' dir='ltr'><strong>scientia</strong></span> <span class='ocrx_word' id='word_1_752' title='bbox 2275 3264 2402 3317; x_wconf 91' lang='lat' dir='ltr'><strong>boni</strong></span> <span class='ocrx_word' id='word_1_753' title='bbox 2431 3275 2486 3317; x_wconf 89' lang='lat' dir='ltr'><strong>et</strong></span> <span class='ocrx_word' id='word_1_754' title='bbox 2514 3265 2674 3331; x_wconf 84' lang='lat' dir='ltr'><strong>mali,</strong></span> <span class='ocrx_word' id='word_1_755' title='bbox 2717 3266 2775 3320; x_wconf 89' lang='lat' dir='ltr'><strong>in</strong></span> <span class='ocrx_word' id='word_1_756' title='bbox 2806 3282 2930 3336; x_wconf 89' lang='lat' dir='ltr'><strong>quo</strong></span> <span class='ocrx_word' id='word_1_757' title='bbox 2967 3279 3032 3324; x_wconf 89' lang='lat' dir='ltr'><strong>et</strong></span> <span class='ocrx_word' id='word_1_758' title='bbox 3077 3271 3274 3327; x_wconf 85' lang='lat' dir='ltr'><strong>bonus</strong></span> <span class='ocrx_word' id='word_1_759' title='bbox 3304 3273 3570 3335; x_wconf 87' lang='lat' dir='ltr'><strong>Christus,</strong></span> <span class='ocrx_word' id='word_1_760' title='bbox 3605 3280 3657 3324; x_wconf 89' lang='lat' dir='ltr'><strong>et</strong></span> 
     </span>
    </p>
   </div>
   <div class='ocr_carea' id='block_1_100' title="bbox 2019 3353 3656 3433">
    <p class='ocr_par' dir='ltr' id='par_1_100' title="bbox 2019 3353 3656 3433">
     <span class='ocr_line' id='line_1_101' title="bbox 2019 3353 3656 3433; baseline 0.005 -28"><span class='ocrx_word' id='word_1_761' title='bbox 2019 3353 2263 3407; x_wconf 89' lang='lat' dir='ltr'><strong>diabolus</strong></span> <span class='ocrx_word' id='word_1_762' title='bbox 2319 3353 2499 3407; x_wconf 87' lang='lat' dir='ltr'><strong>malus</strong></span> <span class='ocrx_word' id='word_1_763' title='bbox 2539 3356 2862 3423; x_wconf 89' lang='lat' dir='ltr'><strong>pependit:</strong></span> <span class='ocrx_word' id='word_1_764' title='bbox 2920 3361 3030 3414; x_wconf 89' lang='lat' dir='ltr'><strong>sed</strong></span> <span class='ocrx_word' id='word_1_765' title='bbox 3090 3363 3290 3417; x_wconf 88' lang='lat' dir='ltr'><strong>malus</strong></span> <span class='ocrx_word' id='word_1_766' title='bbox 3345 3365 3556 3433; x_wconf 88' lang='lat' dir='ltr'><strong>quidem</strong></span> <span class='ocrx_word' id='word_1_767' title='bbox 3603 3372 3656 3415; x_wconf 93' lang='lat' dir='ltr'><strong>ut</strong></span> 
     </span>
    </p>
   </div>
   <div class='ocr_carea' id='block_1_101' title="bbox 2021 3442 3650 3516">
    <p class='ocr_par' dir='ltr' id='par_1_101' title="bbox 2021 3442 3650 3516">
     <span class='ocr_line' id='line_1_102' title="bbox 2021 3442 3650 3516; baseline 0.004 -21"><span class='ocrx_word' id='word_1_768' title='bbox 2021 3442 2294 3504; x_wconf 90' lang='lat' dir='ltr'><strong>interiret,</strong></span> <span class='ocrx_word' id='word_1_769' title='bbox 2347 3443 2524 3496; x_wconf 91' lang='lat' dir='ltr'><strong>bonus</strong></span> <span class='ocrx_word' id='word_1_770' title='bbox 2573 3458 2708 3498; x_wconf 91' lang='lat' dir='ltr'><strong>vero</strong></span> <span class='ocrx_word' id='word_1_771' title='bbox 2744 3446 2868 3516; x_wconf 87' lang='grc'><strong>(47)</strong></span> <span class='ocrx_word' id='word_1_772' title='bbox 2927 3458 2996 3503; x_wconf 82' lang='grc' dir='ltr'><strong>ιιι</strong></span> <span class='ocrx_word' id='word_1_773' title='bbox 3045 3452 3285 3507; x_wconf 80' lang='lat' dir='ltr'><strong>viveret</strong></span> <span class='ocrx_word' id='word_1_774' title='bbox 3330 3469 3400 3507; x_wconf 81' lang='lat' dir='ltr'><strong>ex</strong></span> <span class='ocrx_word' id='word_1_775' title='bbox 3450 3455 3650 3512; x_wconf 82' lang='lat' dir='ltr'><strong>virtute,</strong></span> 
     </span>
    </p>
   </div>
   <div class='ocr_carea' id='block_1_102' title="bbox 2020 3531 3654 3610">
    <p class='ocr_par' dir='ltr' id='par_1_102' title="bbox 2020 3531 3654 3610">
     <span class='ocr_line' id='line_1_103' title="bbox 2020 3531 3654 3610; baseline 0.004 -26"><span class='ocrx_word' id='word_1_776' title='bbox 2020 3531 2163 3584; x_wconf 87' lang='lat' dir='ltr'><strong>sicut</strong></span> <span class='ocrx_word' id='word_1_777' title='bbox 2210 3541 2266 3584; x_wconf 92' lang='lat' dir='ltr'><strong>et</strong></span> <span class='ocrx_word' id='word_1_778' title='bbox 2316 3532 2620 3600; x_wconf 90' lang='lat' dir='ltr'><strong>Apostolus</strong></span> <span class='ocrx_word' id='word_1_779' title='bbox 2665 3535 2808 3589; x_wconf 86' lang='lat' dir='ltr'><strong>dicit</strong></span> <span class='ocrx_word' id='word_1_780' title='bbox 2843 3538 2918 3592; x_wconf 89' lang='lat' dir='ltr'><strong>de</strong></span> <span class='ocrx_word' id='word_1_781' title='bbox 2965 3539 3222 3595; x_wconf 87' lang='lat' dir='ltr'><strong>Christo</strong></span> <span class='ocrx_word' id='word_1_782' title='bbox 3280 3542 3353 3606; x_wconf 81' lang='grc' dir='ltr'><strong>⁸ο,</strong></span> <span class='ocrx_word' id='word_1_783' title='bbox 3398 3543 3540 3610; x_wconf 64' lang='grc' dir='ltr'><strong>ιιυὶιιΔ</strong></span> <span class='ocrx_word' id='word_1_784' title='bbox 3568 3549 3654 3591; x_wconf 69' lang='lat' dir='ltr'><strong>ut</strong></span> 
     </span>
    </p>
   </div>
   <div class='ocr_carea' id='block_1_103' title="bbox 2021 3617 3652 3690">
    <p class='ocr_par' dir='ltr' id='par_1_103' title="bbox 2021 3617 3652 3690">
     <span class='ocr_line' id='line_1_104' title="bbox 2021 3617 3652 3690; baseline 0.004 -19"><span class='ocrx_word' id='word_1_785' title='bbox 2021 3617 2313 3672; x_wconf 79' lang='lat' dir='ltr'><strong>crucifixus</strong></span> <span class='ocrx_word' id='word_1_786' title='bbox 2352 3627 2434 3672; x_wconf 87' lang='lat' dir='ltr'><strong>est</strong></span> <span class='ocrx_word' id='word_1_787' title='bbox 2479 3635 2546 3674; x_wconf 79' lang='lat' dir='ltr'><strong>ex</strong></span> <span class='ocrx_word' id='word_1_788' title='bbox 2597 3621 2966 3690; x_wconf 81' lang='lat' dir='ltr'><strong>infirmitate,</strong></span> <span class='ocrx_word' id='word_1_789' title='bbox 3029 3631 3141 3684; x_wconf 87' lang='lat' dir='ltr'><strong>sed</strong></span> <span class='ocrx_word' id='word_1_790' title='bbox 3208 3631 3350 3684; x_wconf 84' lang='lat' dir='ltr'><strong>vivit</strong></span> <span class='ocrx_word' id='word_1_791' title='bbox 3378 3646 3444 3683; x_wconf 81' lang='lat' dir='ltr'><strong>ex</strong></span> <span class='ocrx_word' id='word_1_792' title='bbox 3475 3631 3652 3682; x_wconf 81' lang='lat' dir='ltr'><strong>virtute</strong></span> 
     </span>
    </p>
   </div>
   <div class='ocr_carea' id='block_1_104' title="bbox 2021 3709 3651 3782">
    <p class='ocr_par' dir='ltr' id='par_1_104' title="bbox 2021 3709 3651 3782">
     <span class='ocr_line' id='line_1_105' title="bbox 2021 3709 3651 3782; baseline 0.005 -20"><span class='ocrx_word' id='word_1_793' title='bbox 2021 3709 2134 3762; x_wconf 90' lang='lat' dir='ltr'><strong>Dei.</strong></span> <span class='ocrx_word' id='word_1_794' title='bbox 2178 3726 2196 3759; x_wconf 82' lang='grc' dir='ltr'><strong>ι</strong></span> <span class='ocrx_word' id='word_1_795' title='bbox 2233 3709 2344 3762; x_wconf 88' lang='lat' dir='ltr'><strong>lmo</strong></span> <span class='ocrx_word' id='word_1_796' title='bbox 2376 3724 2485 3764; x_wconf 90' lang='lat' dir='ltr'><strong>non</strong></span> <span class='ocrx_word' id='word_1_797' title='bbox 2519 3712 2698 3766; x_wconf 87' lang='lat' dir='ltr'><strong>solum</strong></span> <span class='ocrx_word' id='word_1_798' title='bbox 2747 3726 2810 3767; x_wconf 92' lang='lat' dir='ltr'><strong>ut</strong></span> <span class='ocrx_word' id='word_1_799' title='bbox 2842 3718 3031 3782; x_wconf 83' lang='lat' dir='ltr'><strong>vivat,</strong></span> <span class='ocrx_word' id='word_1_800' title='bbox 3067 3720 3181 3774; x_wconf 82' lang='lat' dir='ltr'><strong>sed</strong></span> <span class='ocrx_word' id='word_1_801' title='bbox 3228 3731 3293 3774; x_wconf 93' lang='lat' dir='ltr'><strong>ut</strong></span> <span class='ocrx_word' id='word_1_802' title='bbox 3326 3731 3384 3776; x_wconf 92' lang='lat' dir='ltr'><strong>et</strong></span> <span class='ocrx_word' id='word_1_803' title='bbox 3416 3719 3651 3782; x_wconf 86' lang='lat' dir='ltr'><strong>vivificet,</strong></span> 
     </span>
    </p>
   </div>
   <div class='ocr_carea' id='block_1_105' title="bbox 2019 3797 3650 3879">
    <p class='ocr_par' dir='ltr' id='par_1_105' title="bbox 2019 3797 3650 3879">
     <span class='ocr_line' id='line_1_106' title="bbox 2019 3797 3650 3879; baseline 0.007 -32"><span class='ocrx_word' id='word_1_804' title='bbox 2019 3797 2144 3863; x_wconf 91' lang='lat' dir='ltr'><strong>quia</strong></span> <span class='ocrx_word' id='word_1_805' title='bbox 2166 3797 2281 3862; x_wconf 90' lang='lat' dir='ltr'><strong>ipse</strong></span> <span class='ocrx_word' id='word_1_806' title='bbox 2299 3805 2382 3850; x_wconf 90' lang='lat' dir='ltr'><strong>est</strong></span> <span class='ocrx_word' id='word_1_807' title='bbox 2412 3813 2431 3847; x_wconf 78' lang='grc' dir='ltr'><strong>ι</strong></span> <span class='ocrx_word' id='word_1_808' title='bbox 2467 3799 2814 3857; x_wconf 88' lang='lat' dir='ltr'><strong>novissimus</strong></span> <span class='ocrx_word' id='word_1_809' title='bbox 2839 3805 3028 3859; x_wconf 84' lang='lat' dir='ltr'><strong>Adam</strong></span> <span class='ocrx_word' id='word_1_810' title='bbox 3060 3809 3191 3879; x_wconf 82' lang='grc'><strong>(48)</strong></span> <span class='ocrx_word' id='word_1_811' title='bbox 3217 3810 3276 3863; x_wconf 88' lang='lat' dir='ltr'><strong>in</strong></span> <span class='ocrx_word' id='word_1_812' title='bbox 3307 3811 3502 3878; x_wconf 87' lang='lat' dir='ltr'><strong>spiritu</strong></span> <span class='ocrx_word' id='word_1_813' title='bbox 3533 3808 3650 3860; x_wconf 87' lang='lat' dir='ltr'><strong>vivi-</strong></span> 
     </span>
    </p>
   </div>
   <div class='ocr_carea' id='block_1_106' title="bbox 2021 3881 3650 3967">
    <p class='ocr_par' dir='ltr' id='par_1_106' title="bbox 2021 3881 3650 3967">
     <span class='ocr_line' id='line_1_107' title="bbox 2021 3881 3650 3967; baseline 0.009 -35"><span class='ocrx_word' id='word_1_814' title='bbox 2021 3881 2218 3935; x_wconf 84' lang='lat' dir='ltr'><strong>ﬁcante</strong></span> <span class='ocrx_word' id='word_1_815' title='bbox 2245 3883 2312 3935; x_wconf 70' lang='grc' dir='ltr'><strong>δι.</strong></span> <span class='ocrx_word' id='word_1_816' title='bbox 2345 3901 2364 3934; x_wconf 73' lang='grc' dir='ltr'><strong>ι</strong></span> <span class='ocrx_word' id='word_1_817' title='bbox 2395 3882 2504 3938; x_wconf 84' lang='lat' dir='ltr'><strong>Sed</strong></span> <span class='ocrx_word' id='word_1_818' title='bbox 2533 3885 2653 3940; x_wconf 63' lang='lat' dir='ltr'><strong>haec</strong></span> <span class='ocrx_word' id='word_1_819' title='bbox 2683 3891 2909 3957; x_wconf 89' lang='lat' dir='ltr'><strong>trOpice</strong></span> <span class='ocrx_word' id='word_1_820' title='bbox 2939 3895 3062 3948; x_wconf 89' lang='lat' dir='ltr'><strong>dici</strong></span> <span class='ocrx_word' id='word_1_821' title='bbox 3107 3898 3482 3967; x_wconf 82' lang='lat' dir='ltr'><strong>intelligenda</strong></span> <span class='ocrx_word' id='word_1_822' title='bbox 3520 3907 3650 3950; x_wconf 86' lang='lat' dir='ltr'><strong>sunt.</strong></span> 
     </span>
    </p>
   </div>
   <div class='ocr_carea' id='block_1_107' title="bbox 2019 3971 3649 4043">
    <p class='ocr_par' dir='ltr' id='par_1_107' title="bbox 2019 3971 3649 4043">
     <span class='ocr_line' id='line_1_108' title="bbox 2019 3971 3649 4043; baseline 0.01 -20"><span class='ocrx_word' id='word_1_823' title='bbox 2019 3971 2261 4026; x_wconf 87' lang='lat' dir='ltr'><strong>Christus</strong></span> <span class='ocrx_word' id='word_1_824' title='bbox 2281 3972 2426 4026; x_wconf 88' lang='lat' dir='ltr'><strong>enim</strong></span> <span class='ocrx_word' id='word_1_825' title='bbox 2460 3975 2580 4041; x_wconf 90' lang='lat' dir='ltr'><strong>ipse</strong></span> <span class='ocrx_word' id='word_1_826' title='bbox 2604 3976 2816 4032; x_wconf 83' lang='lat' dir='ltr'><strong>dicitur</strong></span> <span class='ocrx_word' id='word_1_827' title='bbox 2844 3983 3031 4037; x_wconf 88' lang='lat' dir='ltr'><strong>arbor</strong></span> <span class='ocrx_word' id='word_1_828' title='bbox 3067 3987 3236 4041; x_wconf 65' lang='lat' dir='ltr'><strong>vitae.</strong></span> <span class='ocrx_word' id='word_1_829' title='bbox 3289 3989 3401 4043; x_wconf 89' lang='lat' dir='ltr'><strong>Sed</strong></span> <span class='ocrx_word' id='word_1_830' title='bbox 3449 3990 3579 4042; x_wconf 87' lang='lat' dir='ltr'><strong>sicut</strong></span> <span class='ocrx_word' id='word_1_831' title='bbox 3603 3987 3649 4039; x_wconf 90' lang='lat' dir='ltr'><strong>in</strong></span> 
     </span>
    </p>
   </div>
   <div class='ocr_carea' id='block_1_108' title="bbox 2021 4057 3655 4134">
    <p class='ocr_par' dir='ltr' id='par_1_108' title="bbox 2021 4057 3655 4134">
     <span class='ocr_line' id='line_1_109' title="bbox 2021 4057 3655 4134; baseline 0.009 -26"><span class='ocrx_word' id='word_1_832' title='bbox 2021 4057 2140 4110; x_wconf 90' lang='lat' dir='ltr'><strong>aliis</strong></span> <span class='ocrx_word' id='word_1_833' title='bbox 2173 4057 2286 4126; x_wconf 90' lang='lat' dir='ltr'><strong>ipse</strong></span> <span class='ocrx_word' id='word_1_834' title='bbox 2314 4073 2438 4114; x_wconf 88' lang='lat' dir='ltr'><strong>esse</strong></span> <span class='ocrx_word' id='word_1_835' title='bbox 2473 4065 2800 4119; x_wconf 89' lang='lat' dir='ltr'><strong>ostenditur</strong></span> <span class='ocrx_word' id='word_1_836' title='bbox 2832 4077 2892 4120; x_wconf 90' lang='lat' dir='ltr'><strong>et</strong></span> <span class='ocrx_word' id='word_1_837' title='bbox 2927 4073 3254 4134; x_wconf 87' lang='lat' dir='ltr'><strong>sacerdos,</strong></span> <span class='ocrx_word' id='word_1_838' title='bbox 3285 4085 3346 4127; x_wconf 91' lang='lat' dir='ltr'><strong>et</strong></span> <span class='ocrx_word' id='word_1_839' title='bbox 3383 4073 3579 4133; x_wconf 88' lang='lat' dir='ltr'><strong>hostia,</strong></span> <span class='ocrx_word' id='word_1_840' title='bbox 3607 4080 3655 4124; x_wconf 87' lang='lat' dir='ltr'><strong>et</strong></span> 
     </span>
    </p>
   </div>
   <div class='ocr_carea' id='block_1_109' title="bbox 2020 4147 3656 4233">
    <p class='ocr_par' dir='ltr' id='par_1_109' title="bbox 2020 4147 3656 4233">
     <span class='ocr_line' id='line_1_110' title="bbox 2020 4147 3656 4233; baseline 0.009 -35"><span class='ocrx_word' id='word_1_841' title='bbox 2020 4147 2212 4210; x_wconf 86' lang='lat' dir='ltr'><strong>altare,</strong></span> <span class='ocrx_word' id='word_1_842' title='bbox 2271 4156 2326 4201; x_wconf 92' lang='lat' dir='ltr'><strong>et</strong></span> <span class='ocrx_word' id='word_1_843' title='bbox 2371 4164 2479 4202; x_wconf 90' lang='lat' dir='ltr'><strong>non</strong></span> <span class='ocrx_word' id='word_1_844' title='bbox 2527 4165 2601 4204; x_wconf 79' lang='lat' dir='ltr'><strong>ex</strong></span> <span class='ocrx_word' id='word_1_845' title='bbox 2654 4153 2838 4208; x_wconf 86' lang='lat' dir='ltr'><strong>altera</strong></span> <span class='ocrx_word' id='word_1_846' title='bbox 2914 4158 3321 4230; x_wconf 81' lang='lat' dir='ltr'><strong>intelligentia</strong></span> <span class='ocrx_word' id='word_1_847' title='bbox 3385 4163 3656 4233; x_wconf 79' lang='lat' dir='ltr'><strong>impeditur</strong></span> 
     </span>
    </p>
   </div>
   <div class='ocr_carea' id='block_1_110' title="bbox 2022 4235 3654 4313">
    <p class='ocr_par' dir='ltr' id='par_1_110' title="bbox 2022 4235 3654 4313">
     <span class='ocr_line' id='line_1_111' title="bbox 2022 4235 3654 4313; baseline 0.009 -25"><span class='ocrx_word' id='word_1_848' title='bbox 2022 4235 2211 4301; x_wconf 89' lang='lat' dir='ltr'><strong>altera,</strong></span> <span class='ocrx_word' id='word_1_849' title='bbox 2257 4237 2348 4290; x_wconf 91' lang='lat' dir='ltr'><strong>sed</strong></span> <span class='ocrx_word' id='word_1_850' title='bbox 2405 4239 2613 4305; x_wconf 89' lang='lat' dir='ltr'><strong>tropice</strong></span> <span class='ocrx_word' id='word_1_851' title='bbox 2675 4243 2751 4296; x_wconf 92' lang='lat' dir='ltr'><strong>de</strong></span> <span class='ocrx_word' id='word_1_852' title='bbox 2798 4243 2928 4313; x_wconf 85' lang='lat' dir='ltr'><strong>ipso</strong></span> <span class='ocrx_word' id='word_1_853' title='bbox 2984 4249 3040 4302; x_wconf 92' lang='lat' dir='ltr'><strong>in</strong></span> <span class='ocrx_word' id='word_1_854' title='bbox 3102 4253 3236 4307; x_wconf 91' lang='lat' dir='ltr'><strong>suis</strong></span> <span class='ocrx_word' id='word_1_855' title='bbox 3287 4254 3432 4308; x_wconf 88' lang='lat' dir='ltr'><strong>locis</strong></span> <span class='ocrx_word' id='word_1_856' title='bbox 3477 4267 3654 4306; x_wconf 83' lang='lat' dir='ltr'><strong>unutn-</strong></span> 
     </span>
    </p>
   </div>
   <div class='ocr_carea' id='block_1_111' title="bbox 2021 4325 3656 4412">
    <p class='ocr_par' dir='ltr' id='par_1_111' title="bbox 2021 4325 3656 4412">
     <span class='ocr_line' id='line_1_112' title="bbox 2021 4325 3656 4412; baseline 0.013 -39"><span class='ocrx_word' id='word_1_857' title='bbox 2021 4325 2270 4392; x_wconf 90' lang='lat' dir='ltr'><strong>quodque</strong></span> <span class='ocrx_word' id='word_1_858' title='bbox 2299 4326 2530 4379; x_wconf 89' lang='lat' dir='ltr'><strong>sentitur</strong></span> <span class='ocrx_word' id='word_1_859' title='bbox 2560 4342 2577 4381; x_wconf 89' lang='lat'><strong>:</strong></span> <span class='ocrx_word' id='word_1_860' title='bbox 2627 4330 2705 4383; x_wconf 90' lang='lat' dir='ltr'><strong>ita</strong></span> <span class='ocrx_word' id='word_1_861' title='bbox 2737 4333 2918 4388; x_wconf 90' lang='lat' dir='ltr'><strong>etiam</strong></span> <span class='ocrx_word' id='word_1_862' title='bbox 2950 4353 3116 4394; x_wconf 85' lang='lat' dir='ltr'><strong>nunc</strong></span> <span class='ocrx_word' id='word_1_863' title='bbox 3155 4342 3215 4395; x_wconf 91' lang='lat' dir='ltr'><strong>in</strong></span> <span class='ocrx_word' id='word_1_864' title='bbox 3252 4344 3454 4412; x_wconf 86' lang='lat' dir='ltr'><strong>figuris</strong></span> <span class='ocrx_word' id='word_1_865' title='bbox 3487 4359 3656 4397; x_wconf 86' lang='lat' dir='ltr'><strong>sacra-</strong></span> 
     </span>
    </p>
   </div>
   <div class='ocr_carea' id='block_1_112' title="bbox 2025 4418 3654 4503">
    <p class='ocr_par' dir='ltr' id='par_1_112' title="bbox 2025 4418 3654 4503">
     <span class='ocr_line' id='line_1_113' title="bbox 2025 4418 3654 4503; baseline 0.009 -37"><span class='ocrx_word' id='word_1_866' title='bbox 2025 4422 2324 4466; x_wconf 90' lang='lat' dir='ltr'><strong>mentorum</strong></span> <span class='ocrx_word' id='word_1_867' title='bbox 2386 4431 2492 4469; x_wconf 89' lang='lat' dir='ltr'><strong>non</strong></span> <span class='ocrx_word' id='word_1_868' title='bbox 2568 4418 2846 4488; x_wconf 86' lang='lat' dir='ltr'><strong>impediet</strong></span> <span class='ocrx_word' id='word_1_869' title='bbox 2919 4426 2992 4481; x_wconf 85' lang='lat' dir='ltr'><strong>de</strong></span> <span class='ocrx_word' id='word_1_870' title='bbox 3042 4445 3174 4486; x_wconf 86' lang='lat' dir='ltr'><strong>uno</strong></span> <span class='ocrx_word' id='word_1_871' title='bbox 3247 4445 3422 4503; x_wconf 87' lang='lat' dir='ltr'><strong>atque</strong></span> <span class='ocrx_word' id='word_1_872' title='bbox 3478 4435 3654 4487; x_wconf 87' lang='lat' dir='ltr'><strong>eodem</strong></span> 
     </span>
    </p>
   </div>
   <div class='ocr_carea' id='block_1_113' title="bbox 2026 4503 2992 4578">
    <p class='ocr_par' dir='ltr' id='par_1_113' title="bbox 2026 4503 2992 4578">
     <span class='ocr_line' id='line_1_114' title="bbox 2026 4503 2992 4578; baseline 0.012 -22"><span class='ocrx_word' id='word_1_873' title='bbox 2026 4514 2235 4570; x_wconf 87' lang='lat' dir='ltr'><strong>sumpta</strong></span> <span class='ocrx_word' id='word_1_874' title='bbox 2264 4503 2559 4562; x_wconf 85' lang='lat' dir='ltr'><strong>diversitas</strong></span> <span class='ocrx_word' id='word_1_875' title='bbox 2583 4524 2992 4578; x_wconf 86' lang='lat' dir='ltr'><strong>personarum.</strong></span> 
     </span>
    </p>
   </div>
   <div class='ocr_carea' id='block_1_114' title="bbox 2086 4591 3654 4682">
    <p class='ocr_par' dir='ltr' id='par_1_114' title="bbox 2086 4591 3654 4682">
     <span class='ocr_line' id='line_1_115' title="bbox 2086 4591 3654 4682; baseline 0.013 -40"><span class='ocrx_word' id='word_1_876' title='bbox 2086 4591 2143 4644; x_wconf 88' lang='lat'><strong>7.</strong></span> <span class='ocrx_word' id='word_1_877' title='bbox 2183 4592 2288 4648; x_wconf 90' lang='lat' dir='ltr'><strong>Sed</strong></span> <span class='ocrx_word' id='word_1_878' title='bbox 2333 4595 2621 4653; x_wconf 86' lang='lat' dir='ltr'><strong>videamus</strong></span> <span class='ocrx_word' id='word_1_879' title='bbox 2661 4602 2801 4667; x_wconf 89' lang='lat' dir='ltr'><strong>quid</strong></span> <span class='ocrx_word' id='word_1_880' title='bbox 2845 4606 3023 4659; x_wconf 81' lang='lat' dir='ltr'><strong>etiam</strong></span> <span class='ocrx_word' id='word_1_881' title='bbox 3069 4609 3133 4663; x_wconf 89' lang='lat' dir='ltr'><strong>in</strong></span> <span class='ocrx_word' id='word_1_882' title='bbox 3183 4614 3654 4682; x_wconf 86' lang='lat' dir='ltr'><strong>consequentibus</strong></span> 
     </span>
    </p>
   </div>
   <div class='ocr_carea' id='block_1_115' title="bbox 2498 4734 3649 4813">
    <p class='ocr_par' dir='ltr' id='par_1_115' title="bbox 2498 4734 3649 4813">
     <span class='ocr_line' id='line_1_116' title="bbox 2498 4734 3649 4813; baseline 0.01 -19"><span class='ocrx_word' id='word_1_883' title='bbox 2498 4734 2796 4813; x_wconf 50' lang='lat' dir='ltr'><strong>&quot;hMjiLIh.</strong></span> <span class='ocrx_word' id='word_1_884' title='bbox 2853 4758 2994 4810; x_wconf 77' lang='lat' dir='ltr'><strong>xxv,</strong></span> <span class='ocrx_word' id='word_1_885' title='bbox 3045 4747 3146 4800; x_wconf 65' lang='grc'><strong>54.</strong></span> <span class='ocrx_word' id='word_1_886' title='bbox 3275 4751 3326 4783; x_wconf 78' lang='grc'>⁷⁸</span> <span class='ocrx_word' id='word_1_887' title='bbox 3376 4751 3534 4813; x_wconf 87' lang='lat' dir='ltr'><strong>ibid.,</strong></span> <span class='ocrx_word' id='word_1_888' title='bbox 3567 4747 3649 4805; x_wconf 76' lang='grc' dir='ltr'>ιι.</span> 
     </span>
    </p>
   </div>
   <div class='ocr_carea' id='block_1_116' title="bbox 2552 4803 3082 4878">
    <p class='ocr_par' dir='ltr' id='par_1_116' title="bbox 2552 4803 3082 4878">
     <span class='ocr_line' id='line_1_117' title="bbox 2552 4803 3082 4878; baseline 0.017 -20"><span class='ocrx_word' id='word_1_889' title='bbox 2552 4803 2600 4834; x_wconf 73' lang='grc'>⁸⁸</span> <span class='ocrx_word' id='word_1_890' title='bbox 2637 4804 2656 4858; x_wconf 93' lang='lat' dir='ltr'><strong>l</strong></span> <span class='ocrx_word' id='word_1_891' title='bbox 2686 4805 2822 4863; x_wconf 91' lang='lat' dir='ltr'><strong>Cor.</strong></span> <span class='ocrx_word' id='word_1_892' title='bbox 2855 4827 2953 4878; x_wconf 81' lang='lat' dir='ltr'><strong>xv,</strong></span> <span class='ocrx_word' id='word_1_893' title='bbox 2979 4803 3082 4867; x_wconf 55' lang='grc'><strong>45.</strong></span> 
     </span>
    </p>
   </div>
   <div class='ocr_carea' id='block_1_117' title="bbox 2019 4927 3653 5018">
    <p class='ocr_par' dir='ltr' id='par_1_117' title="bbox 2019 4927 3653 5018">
     <span class='ocr_line' id='line_1_118' title="bbox 2019 4927 3653 5018; baseline 0.015 -43"><span class='ocrx_word' id='word_1_894' title='bbox 2019 4927 2498 5018; x_wconf 29' lang='lat' dir='ltr'><strong>tlesiipt‘innlibr&#39;iﬁsl</strong></span> <span class='ocrx_word' id='word_1_895' title='bbox 2518 4934 2709 5015; x_wconf 79' lang='lat' dir='ltr'><strong>editis,</strong></span> <span class='ocrx_word' id='word_1_896' title='bbox 2744 4938 2854 5018; x_wconf 69' lang='lat' dir='ltr'><strong>sed</strong></span> <span class='ocrx_word' id='word_1_897' title='bbox 2907 4941 3178 5013; x_wconf 84' lang='lat' dir='ltr'><strong>leguntur</strong></span> <span class='ocrx_word' id='word_1_898' title='bbox 3222 4947 3280 5003; x_wconf 86' lang='lat' dir='ltr'><strong>in</strong></span> <span class='ocrx_word' id='word_1_899' title='bbox 3328 4949 3653 5018; x_wconf 84' lang='lat' dir='ltr'><strong>Sangerma-</strong></span> 
     </span>
    </p>
   </div>
   <div class='ocr_carea' id='block_1_118' title="bbox 2019 5000 2785 5060">
    <p class='ocr_par' dir='ltr' id='par_1_118' title="bbox 2019 5000 2785 5060">
     <span class='ocr_line' id='line_1_119' title="bbox 2019 5000 2785 5060; baseline 0.02 -15"><span class='ocrx_word' id='word_1_900' title='bbox 2019 5000 2173 5047; x_wconf 85' lang='lat' dir='ltr'><strong>nensi</strong></span> <span class='ocrx_word' id='word_1_901' title='bbox 2205 5005 2260 5048; x_wconf 90' lang='lat' dir='ltr'><strong>et</strong></span> <span class='ocrx_word' id='word_1_902' title='bbox 2291 5012 2398 5050; x_wconf 88' lang='lat' dir='ltr'><strong>uno</strong></span> <span class='ocrx_word' id='word_1_903' title='bbox 2430 5000 2704 5058; x_wconf 86' lang='lat' dir='ltr'><strong>Ebroiceu</strong></span> <span class='ocrx_word' id='word_1_904' title='bbox 2744 5009 2785 5060; x_wconf 88' lang='lat' dir='ltr'><strong>i.</strong></span> 
     </span>
    </p>
   </div>
   <div class='ocr_carea' id='block_1_119' title="bbox 2088 5063 3645 5148">
    <p class='ocr_par' dir='ltr' id='par_1_119' title="bbox 2088 5063 3645 5148">
     <span class='ocr_line' id='line_1_120' title="bbox 2088 5063 3645 5148; baseline 0.016 -35"><span class='ocrx_word' id='word_1_905' title='bbox 2088 5063 2202 5133; x_wconf 86' lang='grc'><strong>(45)</strong></span> <span class='ocrx_word' id='word_1_906' title='bbox 2245 5063 2472 5148; x_wconf 66' lang='grc' dir='ltr'><strong>Ριηιιιιιςε</strong></span> <span class='ocrx_word' id='word_1_907' title='bbox 2510 5070 2676 5127; x_wconf 86' lang='lat' dir='ltr'><strong>Deest</strong></span> <span class='ocrx_word' id='word_1_908' title='bbox 2705 5075 2762 5129; x_wconf 88' lang='lat' dir='ltr'><strong>in</strong></span> <span class='ocrx_word' id='word_1_909' title='bbox 2803 5077 2943 5134; x_wconf 88' lang='lat' dir='ltr'><strong>libb.</strong></span> <span class='ocrx_word' id='word_1_910' title='bbox 2983 5083 3175 5148; x_wconf 90' lang='lat' dir='ltr'><strong>editis,</strong></span> <span class='ocrx_word' id='word_1_911' title='bbox 3208 5095 3404 5140; x_wconf 77' lang='lat' dir='ltr'><strong>exstat</strong></span> <span class='ocrx_word' id='word_1_912' title='bbox 3436 5100 3563 5139; x_wconf 88' lang='lat' dir='ltr'><strong>vero</strong></span> <span class='ocrx_word' id='word_1_913' title='bbox 3595 5085 3645 5138; x_wconf 90' lang='lat' dir='ltr'><strong>in</strong></span> 
     </span>
    </p>
   </div>
   <div class='ocr_carea' id='block_1_120' title="bbox 2017 5128 2498 5196">
    <p class='ocr_par' dir='ltr' id='par_1_120' title="bbox 2017 5128 2498 5196">
     <span class='ocr_line' id='line_1_121' title="bbox 2017 5128 2498 5196; baseline 0.019 -15"><span class='ocrx_word' id='word_1_914' title='bbox 2017 5128 2498 5196; x_wconf 73' lang='lat' dir='ltr'><strong>Sangermnnensi.</strong></span> 
     </span>
    </p>
   </div>
   <div class='ocr_carea' id='block_1_121' title="bbox 2088 5200 3643 5291">
    <p class='ocr_par' dir='ltr' id='par_1_121' title="bbox 2088 5200 3643 5291">
     <span class='ocr_line' id='line_1_122' title="bbox 2088 5200 3643 5291; baseline 0.017 -41"><span class='ocrx_word' id='word_1_915' title='bbox 2248 5200 2713 5291; x_wconf 43' lang='lat' dir='ltr'><strong>fornicationem,</strong></span> <span class='ocrx_word' id='word_1_916' title='bbox 2780 5218 2874 5282; x_wconf 85' lang='lat' dir='ltr'><strong>qui</strong></span> <span class='ocrx_word' id='word_1_917' title='bbox 2931 5218 3170 5291; x_wconf 74' lang='lat' dir='ltr'><strong>fugiunt.</strong></span> <span class='ocrx_word' id='word_1_918' title='bbox 3245 5222 3382 5276; x_wconf 71' lang='lat' dir='ltr'><strong>Haec</strong></span> <span class='ocrx_word' id='word_1_919' title='bbox 3433 5235 3643 5291; x_wconf 74' lang='lat' dir='ltr'><strong>quoque</strong></span> 
     </span>
    </p>
   </div>
   <div class='ocr_carea' id='block_1_122' title="bbox 2019 5266 3643 5406">
    <p class='ocr_par' dir='ltr' id='par_1_122' title="bbox 2019 5266 3643 5406">
     <span class='ocr_line' id='line_1_123' title="bbox 2019 5266 3643 5406; baseline 0.01 -80"><span class='ocrx_word' id='word_1_920' title='bbox 2019 5266 2524 5406; x_wconf 41' lang='lat' dir='ltr'><strong>fibris</strong></span> <span class='ocrx_word' id='word_1_921' title='bbox 2563 5266 2756 5347; x_wconf 73' lang='lat' dir='ltr'><strong>editis,</strong></span> <span class='ocrx_word' id='word_1_922' title='bbox 2791 5266 3643 5360; x_wconf 48' lang='grc' dir='ltr'><strong>’ὧδ’ὶὲεςυιιιῖιιιηίῖνοιίηῖῖὖιιε</strong></span> 
     </span>
    </p>
   </div>
   <div class='ocr_carea' id='block_1_123' title="bbox 2094 5406 3644 5496">
    <p class='ocr_par' dir='ltr' id='par_1_123' title="bbox 2094 5406 3644 5496">
     <span class='ocr_line' id='line_1_124' title="bbox 2094 5406 3644 5496; baseline 0.017 -38"><span class='ocrx_word' id='word_1_923' title='bbox 2449 5415 2748 5496; x_wconf 79' lang='lat' dir='ltr'><strong>Sangerm.</strong></span> <span class='ocrx_word' id='word_1_924' title='bbox 2793 5436 2849 5496; x_wconf 84' lang='lat' dir='ltr'><strong>et</strong></span> <span class='ocrx_word' id='word_1_925' title='bbox 2882 5424 3174 5490; x_wconf 86' lang='lat' dir='ltr'><strong>Gemetic.,</strong></span> <span class='ocrx_word' id='word_1_926' title='bbox 3213 5445 3237 5480; x_wconf 72' lang='grc' dir='ltr'><strong>ι</strong></span> <span class='ocrx_word' id='word_1_927' title='bbox 3278 5429 3494 5482; x_wconf 87' lang='lat' dir='ltr'><strong>malum</strong></span> <span class='ocrx_word' id='word_1_928' title='bbox 3525 5427 3644 5496; x_wconf 85' lang='lat' dir='ltr'><strong>qui-</strong></span> 
     </span>
    </p>
   </div>
   <div class='ocr_carea' id='block_1_124' title="bbox 2025 5472 3213 5557">
    <p class='ocr_par' dir='ltr' id='par_1_124' title="bbox 2025 5472 3213 5557">
     <span class='ocr_line' id='line_1_125' title="bbox 2025 5472 3213 5557; baseline 0.015 -26"><span class='ocrx_word' id='word_1_929' title='bbox 2025 5472 2832 5557; x_wconf 47' lang='lat' dir='ltr'><strong>detn,_ttt_interiret:’honuni</strong></span> <span class='ocrx_word' id='word_1_930' title='bbox 2862 5472 3079 5557; x_wconf 32' lang='lat' dir='ltr'><strong>verm“;</strong></span> <span class='ocrx_word' id='word_1_931' title='bbox 3108 5472 3213 5550; x_wconf 66' lang='lat' dir='ltr'><strong>etc.</strong></span> 
     </span>
    </p>
   </div>
   <div class='ocr_carea' id='block_1_125' title="bbox 2097 5545 3616 5636">
    <p class='ocr_par' dir='ltr' id='par_1_125' title="bbox 2097 5545 3616 5636">
     <span class='ocr_line' id='line_1_126' title="bbox 2097 5545 3616 5636; baseline 0.009 -32"><span class='ocrx_word' id='word_1_932' title='bbox 2097 5545 2216 5616; x_wconf 71' lang='grc'><strong>(48)</strong></span> <span class='ocrx_word' id='word_1_933' title='bbox 2258 5545 2676 5618; x_wconf 70' lang='lat' dir='ltr'><strong>Gentet&#39;tcettsis</strong></span> <span class='ocrx_word' id='word_1_934' title='bbox 2715 5581 2735 5616; x_wconf 82' lang='grc' dir='ltr'><strong>ι</strong></span> <span class='ocrx_word' id='word_1_935' title='bbox 2779 5545 2835 5620; x_wconf 81' lang='lat' dir='ltr'><strong>in</strong></span> <span class='ocrx_word' id='word_1_936' title='bbox 2863 5545 3123 5636; x_wconf 40' lang='lat' dir='ltr'><strong>spiritu—ni</strong></span> <span class='ocrx_word' id='word_1_937' title='bbox 3145 5545 3553 5622; x_wconf 73' lang='lat' dir='ltr'><strong>vivificantem.</strong></span> <span class='ocrx_word' id='word_1_938' title='bbox 3593 5583 3616 5618; x_wconf 74' lang='grc' dir='ltr'><strong>ι</strong></span> 
     </span>
    </p>
   </div>
  </div>
