3822 6210
183 241 296 318 ξεί)

1254 257 1318 312 IN
1348 257 1606 311 LIBRUM
1629 255 1790 312 JESU
1817 255 2001 312 NAVE
2027 257 2308 315 IIOMILIA
2337 262 2426 315 IX.

3316 263 3420 318 870

224 363 469 424 scribitur
504 379 522 417 ι
557 379 578 415 ι
615 362 686 420 Et
709 380 1139 440 percusserunt,
1185 377 1356 444 inquit
1377 377 1442 439 ε’,
1483 392 1574 432 eos
1615 378 1670 431 in
1700 391 1792 430 ore
1819 381 1865 435 A
1896 380 2099 443 rando;
2145 380 2258 433 sive
2302 381 2571 434 civitatem
2605 380 2810 436 Domini
2863 383 3274 453 uniuscttjtrque
3318 400 3418 438 nov

223 459 400 530 gladii,
463 457 752 526 ttsqueqtto
814 479 929 518 non
984 470 1382 536 relinqueretur
1436 483 1498 521 ex
1561 470 1638 522 eis
1696 469 1784 536 qui

221 550 396 604 salvus
429 549 614 612 fieret.
642 565 818 619 neque
847 556 942 622 qui
975 555 1288 626 effugeret.)
1322 557 1443 611 Haec
1466 573 1585 610 cum
1609 559 1788 627 legunt

219 638 411 701 Judaei,
447 638 709 694 crudi-les
725 641 1058 708 efﬁciuntur,
1085 658 1139 700 et
1161 648 1446 701 humanum
1478 649 1786 715 sanguinem

221 730 412 784 sitiunt
440 729 875 798 (49),putantes
921 737 1048 803 quia
1097 747 1153 790 et
1199 739 1366 790 sancti
1412 739 1480 789 ita
1512 753 1787 806 percusse-

217 828 345 871 runt
375 833 483 872 eos
523 821 620 887 qui
651 823 971 878 habitabant
1001 825 1136 894 lIay,
1169 837 1226 879 ut
1257 841 1358 880 non
1397 827 1791 894 relinqueretur

217 910 287 961 ab
320 908 386 962 iis
423 910 524 976 qui
563 911 748 966 salvus
777 913 953 978 fieret,
987 930 1160 983 neque
1199 917 1285 982 qui
1335 915 1634 985 effugeret:
1684 932 1786 969 non

217 996 611 1062 intelligentes
661 1001 717 1053 in
764 1002 830 1054 iis
876 1004 1054 1056 verbis
1085 1005 1388 1058 adumbrari
1423 1006 1694 1075 mysteria.
1737 1014 1790 1059 et

213 1084 319 1137 hoc
377 1087 552 1140 nobis
613 1091 786 1157 magis
832 1090 1082 1151 indicari.
1132 1095 1273 1160 quod
1322 1109 1386 1147 ex
1446 1095 1513 1148 iis
1565 1110 1786 1162 quorum

210 1174 387 1227 chaos
429 1186 522 1229 est
553 1177 941 1244 habitaculum.
973 1191 1026 1234 et
1056 1183 1144 1247 qui
1175 1192 1466 1250 regnarunt
1496 1185 1547 1236 in
1575 1185 1786 1253 abysso,

209 1264 596 1332 daemonibus,
653 1268 854 1320 nullum
901 1272 1113 1337 penitus
1170 1271 1471 1340 relinquere
1512 1275 1785 1340 debemus,

208 1355 309 1406 sed
363 1370 573 1409 omnes
628 1357 957 1411 interimere.
1022 1359 1378 1415 Interimitnus
1433 1371 1610 1416 autem
1677 1365 1785 1416 dte-

211 1458 429 1506 mones,
481 1461 598 1499 non
666 1448 835 1514 ipsam
893 1463 1076 1501 eorum
1124 1451 1473 1504 substantiam
1525 1454 1787 1520 perimen-

212 1541 296 1584 tes
346 1549 362 1584 :
407 1534 514 1586 sed
573 1535 702 1601 quia
742 1551 875 1603 Opus
928 1552 1112 1590 eorum
1155 1553 1216 1590 ac
1259 1540 1488 1592 studium
1535 1541 1633 1595 hoc
1668 1551 1783 1604 est.

214 1631 274 1673 ut
301 1636 552 1689 peccare
577 1625 832 1678 homines
862 1625 1086 1689 faciant,
1111 1636 1162 1681 et
1194 1629 1305 1681 haec
1327 1637 1408 1682 est
1437 1630 1645 1684 illorum
1677 1633 1782 1685 vita

203 1709 252 1761 si
282 1725 388 1763 nos
413 1725 742 1778 peccemus.
773 1712 887 1766 sine
928 1714 1090 1767 dubio
1122 1715 1371 1771 interitus
1407 1732 1588 1772 eorum
1627 1731 1710 1774 est
1739 1722 1781 1774 si

206 1814 318 1851 non
366 1814 697 1867 peccemus.
737 1801 1072 1856 lnterliciunt
1118 1819 1244 1873 ergo
1295 1805 1621 1862 habitatores
1669 1809 1782 1880 Ilay

203 1888 392 1940 sancti
419 1889 658 1955 quique,
688 1898 744 1942 et
774 1891 1061 1958 perimunt,
1096 1902 1148 1945 et
1182 1908 1282 1946 non
1319 1894 1592 1948 dimittunt
1617 1912 1682 1950 ex
1707 1898 1786 1951 eis

204 1976 433 2030 ullum:
470 1977 508 2030 ii
546 1978 671 2032 sine
693 1980 860 2032 dubio
901 1979 1028 2051 (50)
1059 1983 1144 2048 qui
1180 1998 1298 2036 eum
1330 1985 1473 2038 omni
1511 1987 1784 2056 diligentia

204 2076 445 2120 servant
475 2081 642 2120 suum
672 2083 784 2132 cor,
812 2085 878 2124 ne
912 2070 976 2122 de
1004 2085 1068 2123 eo
1101 2072 1451 2140 cogitationes
1478 2075 1628 2129 malae
1658 2094 1784 2145 pro-

205 2154 464 2216 cedant;
499 2155 600 2208 sed
647 2164 702 2208 et
748 2155 838 2222 qui
874 2156 1170 2209 observant
1208 2173 1268 2211 os
1303 2173 1480 2222 suum,
1524 2171 1583 2214 ut
1611 2163 1782 2216 omnis

203 2255 406 2294 sermo
457 2243 645 2296 malus
689 2259 795 2296 non
839 2248 1090 2308 procedat
1115 2262 1179 2299 ex
1217 2263 1311 2301 ore
1335 2264 1540 2302 eorum.
1565 2250 1676 2304 Hoc
1702 2261 1783 2304 est

205 2345 311 2383 non
369 2329 698 2398 relinquere
743 2332 910 2384 ullum
964 2335 1051 2402 qui
1101 2334 1341 2404 effugiat,
1388 2353 1506 2391 cum
1555 2355 1645 2394 eos
1686 2356 1783 2394 nec

203 2435 405 2474 sermo
432 2419 635 2489 eﬂugit
675 2422 865 2474 malus.
903 2424 1057 2490 Agite
1093 2440 1219 2491 ergo
1263 2437 1318 2480 et
1365 2443 1476 2491 vos,
1521 2445 1782 2499 pnepare-

205 2525 329 2578 tuus
399 2524 503 2563 nos
554 2513 624 2562 ad
662 2510 970 2578 hujusmodi
1019 2513 1225 2580 praelia.
1268 2518 1626 2581 percutiamus
1672 2519 1782 2590 Hay

204 2603 255 2654 in
298 2615 414 2654 ore
460 2600 660 2670 gladii.
706 2611 761 2654 et
802 2602 1207 2671 exstinguamus
1249 2619 1436 2659 omnes
1479 2607 1782 2664 habitantes

203 2693 416 2754 chaos,
449 2705 653 2744 omnes
701 2690 1005 2744 contrarias
1057 2693 1298 2746 virtutes.
1343 2693 1553 2748 Utinam
1592 2707 1644 2750 et
1683 2713 1781 2767 ego

207 2784 382 2837 modo
412 2784 544 2836 dum
582 2781 778 2850 loquor
819 2781 882 2833 ad
929 2795 1022 2835 vos
1061 2784 1280 2836 verbum
1317 2784 1433 2847 Dei.
1463 2799 1554 2837 cor
1595 2799 1782 2852 pecea-

208 2872 344 2924 toris
388 2871 615 2938 pulsare
651 2870 884 2937 possim!
925 2870 1075 2934 Quod
1121 2871 1166 2922 si
1214 2873 1410 2935 fecero,
1455 2882 1654 2925 certum
1701 2883 1782 2927 est

1887 476 2053 520 strum
2080 470 2307 521 animam
2336 469 2716 537 intelligamus,
2767 487 2887 538 quae
2929 472 3223 526 aedificatur
3250 489 3279 526 a
3311 476 3416 527 Do-

1886 555 2031 608 mino
2060 571 2122 610 ex
2143 557 2402 625 lapidibus
2422 558 2573 620 vivis,
2609 559 2659 611 id
2694 569 2775 612 est
2810 575 2875 613 ex
2917 561 3206 615 virtutibus
3249 564 3416 616 variis

1885 655 1939 697 et
1999 646 2274 698 divvrsis:
2332 648 2397 700 de
2463 648 2575 714 ipsa
2629 662 2839 716 quoque
2915 651 3130 702 civitate
3199 663 3420 704 sanctus

1887 735 2110 802 quisque
2143 744 2196 788 et
2221 735 2447 803 diligens
2477 735 2622 801 ejicit
2664 747 2974 806 peccatores
3006 756 3020 791 :
3056 741 3108 792 id
3145 749 3224 793 est
3269 743 3420 807 cogi-

1888 824 2118 877 tationes
2167 825 2448 892 pessimas.
2487 835 2537 878 et
2568 827 2890 894 cupiditates
2933 841 3126 893 pravas
3167 829 3420 882 interficit

1887 912 1998 977 (52)
2029 912 2078 964 in
2108 913 2392 965 matutino.
2433 912 2620 966 Justus
2649 913 2789 966 enim
2831 913 2962 965 dicit
2987 913 3070 966 διε
3105 932 3123 964 t
3161 914 3218 966 In
3249 925 3420 965 malu-

1889 1001 2016 1054 tinis
2066 1001 2366 1054 meditabar
2425 1002 2568 1071 (55)
2621 1006 2672 1055 in
2717 1011 2786 1065 te,
2831 1004 2954 1069 quia
3006 1001 3151 1056 fuisti
3208 1004 3420 1071 adiutor

1887 1105 2056 1144 meus.
2086 1109 2105 1140 ι
2143 1089 2293 1155 Quod
2331 1101 2410 1145 est
2453 1092 2592 1145 istud
2633 1093 2978 1157 matutinum,
3024 1095 3125 1146 nisi
3168 1094 3420 1148 Dominus

1886 1187 2068 1231 noster
2093 1177 2248 1234 Jesus
2267 1181 2534 1243 Christus,
2553 1162 2663 1247 .qui
2687 1190 2769 1234 est
2799 1181 2885 1234 lux
2910 1197 3056 1245 vera,
3087 1193 3140 1234 et
3166 1183 3419 1236 exoriens

1888 1270 1938 1320 in
1981 1270 2232 1323 cordibus
2281 1271 2508 1331 nostris.
2557 1280 2718 1338 atque
2767 1270 3071 1325 illuminans
3106 1272 3421 1340 ignorantiae

1887 1366 2080 1408 nostra:
2113 1359 2383 1419 tenebras,
2427 1367 2482 1409 et
2514 1358 2812 1424 hujusmodi
2845 1360 2996 1412 nobis
3029 1360 3278 1428 mysteria
3335 1373 3420 1410 re-

1885 1443 2090 1507 velans,
2126 1445 2256 1498 facit
2289 1462 2385 1499 nos
2426 1446 2476 1500 in
2509 1447 2707 1500 lumine
2743 1461 2841 1500 suo
2886 1447 3060 1500 lumen
3103 1448 3328 1500 videre?
3362 1446 3418 1500 Si

1886 1536 2095 1600 quando
2135 1549 2262 1601 ergo
2297 1535 2431 1603 legis
2483 1536 2535 1588 in
2590 1536 2883 1603 Scripturis
2907 1539 3107 1591 sanctis
3145 1538 3410 1604 justorttnt

1885 1637 2113 1690 pugnas,
2156 1626 2326 1678 caedes
2373 1640 2436 1680 ac
2486 1636 2689 1694 strages
2728 1627 3193 1696 interemptorum,
3217 1638 3269 1682 et
3293 1629 3415 1696 quia

1885 1715 2052 1767 sancti
2081 1714 2475 1783 nullispenitus
2502 1717 2747 1770 hostibus
2772 1718 2883 1786 (54)
2909 1728 3154 1786 parcunt.
3179 1722 3419 1787 quininio

1885 1815 1937 1857 et
1959 1804 2004 1856 si
2033 1807 2396 1872 pepercerint,
2447 1807 2684 1873 reputari
2734 1806 2815 1860 eis
2854 1806 2905 1859 in
2955 1817 3252 1874 peccatum,
3279 1810 3419 1863 sicut

1885 1904 2190 1960 reputatum
2235 1905 2315 1949 est
2347 1895 2518 1957 Sauli,
2545 1898 2634 1964 qui
2663 1899 2840 1951 vivunt
2879 1910 3244 1954 reservaverat
3273 1900 3421 1970 Agag

1884 1998 2062 2050 regem
2089 1984 2306 2036 Amalec
2330 1983 2396 2046 ⁸⁵,
2430 1984 2528 2036 hoc
2555 1986 2710 2038 modo
2734 2001 2841 2052 quo
2867 2001 3026 2054 supra
3054 1989 3417 2054 exposuimus.

1881 2070 2116 2138 intellige
2155 2070 2292 2124 bella
2325 2070 2615 2137 iustorum,
2640 2073 2764 2142 quia
2789 2074 2901 2127 haec
2943 2075 3080 2128 bella
3126 2076 3192 2128 ab
3222 2077 3300 2129 eis
3325 2079 3420 2129 ad-

1881 2175 2092 2214 versum
2144 2173 2421 2230 peccatum
2452 2173 2732 2231 geruntur.
2772 2163 3046 2228 Quomodo
3085 2176 3262 2218 autem
3305 2183 3418 2218 tua»

1880 2248 2247 2318 nebuutjusti,
2281 2251 2322 2303 si
2355 2250 2436 2304 vel
2467 2267 2651 2318 parum
2677 2251 2875 2317 aliquid
2902 2252 3106 2318 peccati
3137 2252 3187 2303 in
3217 2263 3416 2305 semet-

1882 2337 2008 2405 ipsis
2052 2339 2490 2394 reservaverint?
2537 2339 2603 2392 Et
2644 2339 2762 2392 ideo
2815 2340 3012 2392 dicitur
3056 2340 3121 2392 de
3167 2340 3261 2403 eis,
3291 2340 3415 2408 quia

1881 2440 1988 2478 non
2037 2425 2369 2494 reliquerunt
2417 2442 2516 2481 nec
2561 2443 2719 2479 unum
2769 2428 2859 2494 qui
2906 2427 3090 2479 salvus
3139 2428 3309 2489 fieret.
3352 2443 3418 2480 ne

1881 2509 2163 2579 effugeret.
2213 2512 2464 2568 Fortasse
2513 2528 2617 2567 non
2661 2513 2790 2566 mihi
2819 2514 3023 2578 credes,
3056 2515 3195 2581 quod
3226 2516 3418 2567 adver-

1884 2613 1998 2650 sutn
2054 2609 2330 2666 peccatum
2400 2602 2552 2655 nobis
2615 2601 2910 2670 iujungitur
2960 2616 3188 2671 pugna:
3255 2601 3420 2657 Paulo

1881 2690 2038 2740 crede
2085 2691 2282 2743 dicenti
2315 2691 2361 2722 ⁸⁸
2391 2709 2404 2743 :
2436 2709 2454 2742 ι
2493 2691 2734 2745 Nondum
2783 2707 2950 2760 usque
2995 2693 3061 2744 ad
3110 2695 3416 2761 sanguinem

1882 2776 2153 2830 restitistis
2181 2778 2462 2831 adversum
2492 2790 2793 2847 peccatum.
2832 2799 2850 2832 ι
2902 2780 3065 2834 Vides
3093 2781 3187 2834 tibi
3228 2785 3418 2836 adver-

1881 2880 1994 2916 sum
2023 2878 2295 2932 peccatum
2327 2882 2557 2938 pugnam
2594 2871 2840 2938 proponi,
2877 2880 2933 2922 et
2975 2885 3144 2938 usque
3180 2870 3246 2924 ad
3293 2885 3419 2924 san-

207 2961 356 3026 quod
415 2959 608 3027 gladio
659 2958 770 3010 oris
824 2958 923 3010 mei
977 2958 1273 3023 percutiam
1320 2957 1734 3030 fornicationem
1760 2997 1774 3021 ,
1808 2974 1848 3027 ς
1884 2955 2058 3020 guinis
2080 2955 2443 3022 profusionem
2468 2959 2605 3012 istud
2640 2959 2732 3012 tibi
2761 2959 3002 3026 praelium
3037 2975 3416 3014 consumman-

203 3049 524 3113 pcrcutiam
572 3046 856 3108 malitiam,
893 3046 1180 3113 reprimam
1217 3045 1472 3110 furorem,
1512 3057 1564 3098 et
1608 3047 1651 3099 si
1679 3063 1779 3114 qua

206 3137 306 3188 alia
353 3144 490 3188 sunt
517 3134 666 3188 mala
702 3135 753 3186 in
790 3149 887 3186 ore
928 3134 1112 3202 gladii,
1152 3135 1202 3187 id
1234 3147 1315 3188 est
1354 3135 1462 3188 oris
1501 3136 1622 3196 mei.
1669 3137 1780 3188 oris

206 3227 306 3280 mei
335 3239 613 3280 sermone
641 3225 982 3292 exstinguatn
1013 3224 1150 3292 (5i),
1184 3233 1368 3292 etnon
1397 3225 1690 3290 relinquam
1718 3240 1778 3277 ex

206 3317 281 3370 eis
324 3316 422 3386 qui
488 3315 687 3369 salvus
737 3311 850 3377 fiat,
901 3328 1071 3380 neque
1107 3313 1196 3379 qui
1247 3311 1481 3378 effugiat.
1543 3312 1598 3366 Si
1638 3313 1778 3366 enim

207 3420 394 3458 omnes
431 3405 538 3458 hos
570 3404 763 3456 hostes
795 3411 1008 3454 nostros
1035 3403 1471 3464 exstinxerimus,
1509 3411 1631 3455 tunc
1659 3417 1782 3455 vere

206 3496 342 3548 diem
381 3495 595 3549 festum
633 3489 1033 3545 celebrabimus
1064 3490 1190 3552 Deo.
1223 3499 1272 3544 et
1315 3491 1548 3544 devictis
1588 3491 1778 3544 adver-

209 3587 364 3640 sariis
418 3588 554 3639 laeta
601 3583 952 3637 solemnitate
1005 3582 1373 3650 gaudebimus.
1415 3579 1542 3633 Tale
1581 3580 1779 3648 aliquid

207 3676 332 3729 mihi
380 3677 620 3730 videtur
667 3672 836 3742 418
888 3673 1049 3724 etiam
1094 3684 1123 3720 a
1168 3679 1360 3722 sancto
1405 3667 1670 3734 Propheta
1723 3669 1777 3723 in

204 3764 418 3821 Psalmis
481 3766 808 3832 designari,
855 3762 940 3814 ubi
983 3761 1113 3813 dicit
1159 3760 1226 3812 de
1273 3772 1331 3810 se
1375 3757 1453 3820 ⁸³,
1516 3758 1640 3826 quia
1674 3777 1693 3808 ‹
1726 3759 1776 3811 itt

200 3857 484 3911 matutinis
548 3852 953 3908 interliciebam
1009 3863 1195 3902 omnes
1241 3856 1549 3914 peccatores
1600 3856 1775 3912 terrze,

202 3939 620 4014 ut'disperdam
678 3941 745 3994 de
787 3939 1012 3992 civitate
1043 3937 1252 3990 Domini
1299 3950 1486 3989 omnes
1520 3936 1610 4004 qui
1653 3951 1779 4004 ope~

198 4043 380 4086 rantur
422 4031 830 4100 iniquitatem.
879 4046 898 4080 ι
968 4025 1094 4079 Sive
1142 4025 1284 4077 enim
1329 4025 1521 4078 civitas
1567 4023 1776 4076 Domini

197 4123 431 4179 Ecclesia
471 4121 585 4176 Dei
623 4119 860 4172 viventis
889 4117 1169 4184 accipitur,
1193 4113 1416 4180 ejiciunt
1441 4115 1685 4167 doctores
1714 4113 1777 4166 de

195 4215 458 4280 Ecclesia,
519 4226 582 4266 et
637 4209 971 4263 interficiunt
1009 4222 1101 4260 eos
1129 4207 1219 4274 qui
1243 4215 1534 4271 cperantur
1581 4204 1776 4271 iniqui-

196 4317 378 4370 tatem,
409 4303 753 4361 contrarios
780 4301 1052 4353 dannones
1079 4297 1524 4363 adversariasque
1547 4295 1772 4347 virtutes
1805 4290 1847 4348 D

195 4398 282 4462 qui
320 4403 540 4466 cogunt
590 4392 846 4446 homines
869 4390 933 4442 ad
974 4398 1276 4457 peccatum,
1309 4384 1570 4447 docendo.
1621 4383 1773 4437 insti-

199 4487 420 4548 tuendo,
491 4491 556 4535 et
608 4477 884 4533 occultata
931 4477 984 4528 itt
1026 4475 1220 4528 divinis
1266 4473 1459 4526 litteris
1505 4487 1570 4526 ex
1631 4470 1770 4525 locis

203 4579 398 4632 talibus
437 4579 508 4631 in
553 4571 813 4642 qualibus
864 4584 1004 4623 nunc
1051 4582 1270 4632 sumus,
1322 4566 1577 4636 mysteria
1626 4580 1771 4620 rese-

272 4717 319 4748 "
349 4715 469 4770 Jos.
502 4725 630 4770 vttt,
654 4708 747 4760 22.
819 4706 865 4737 ⁸³
886 4704 1027 4761 Psal.
1051 4720 1122 4771 Cl,
1151 4704 1204 4758 8.
1278 4703 1324 4734 ⁸³
1351 4702 1494 4758 Psal.
1519 4718 1672 4766 LXIII,
1701 4703 1754 4766 6,
1778 4705 1830 4759 7.

205 4802 222 4856 l
263 4802 400 4870 Reg.
435 4813 599 4864 xvut,
636 4796 724 4848 Π.

275 4937 393 5007 (49)
434 4933 623 4990 Codex
674 4929 958 4997 Sangerm.
1001 4944 1020 4978 ι
1067 4926 1273 4980 sitiunt.
1318 4943 1335 4976 ι
1387 4923 1541 4977 Libb.
1591 4924 1766 4981 editi:

168 5016 179 5078 ι
209 5025 228 5057 t
261 5016 538 5060 sitientes.
573 5021 593 5052 ι
697 5067 711 5076 _
791 5065 804 5078 .
1031 5063 1041 5075 υ
1271 5061 1280 5071 _
1505 5060 1516 5070 ,
1548 5059 1558 5070 ,
1754 5063 1766 5075 ,

168 5079 175 5096 ⁸
275 5075 395 5142 (50)
439 5073 572 5124 Mss.
616 5087 635 5120 ι
677 5069 714 5122 it
760 5078 878 5121 stne
922 5063 1100 5117 dubto.
1151 5080 1170 5112 ι
1223 5060 1378 5114 Ltbb.
1433 5060 1598 5112 edttt:
1659 5078 1678 5112 α
1724 5077 1769 5116 ει

204 5147 322 5197 sine
352 5142 542 5194 dubio.
582 5157 603 5188 ι
684 5205 709 5208 _
1208 5196 1238 5208 γ,
1608 5195 1629 5208 ,
1654 5196 1666 5208 ,

273 5212 394 5282 (5t)
435 5208 624 5282 Codex
678 5205 966 5270 Sangerm.
1027 5215 1047 5249 α
1105 5196 1462 5262 exstinguam.
1527 5213 1546 5245 ι
1607 5195 1763 5252 Libb.

203 5276 337 5334 editi
374 5276 405 5328 ἰ
433 5276 848 5344 τθειὶιιειμωιι.)
877 5337 887 5344 ⁸
971 5334 990 5344 -
1016 5335 1045 5344 __
1070 5336 1081 5344 _
1398 5330 1409 5342 ,
1459 5337 1497 5344 ,ᾗ
1542 5331 1566 5344 η
1610 5331 1622 5342 ,

274 5348 393 5417 (52)
440 5345 573 5417 diss.
607 5331 646 5390 ἴ
664 5334 1119 5417 ittterfieit._s_Li.bb.
1147 5333 1298 5417 editi,
1324 5348 1352 5417 It
1396 5331 1704 5417 interficiet.
1745 5351 1764 5384 ι

441 5412 734 5478 Sangerm.
769 5425 787 5457 α
821 5403 1138 5458 meditabar.
1167 5418 1186 5451 ι
1219 5399 1375 5452 Libb.
1408 5397 1560 5460 edtti,
1596 5415 1618 5449 ι
1657 5417 1772 5456 me-

205 5484 615 5610 ditgisli‘qrmaem’
672 5564 688 5596 Ι
740 5541 902 5598 "uuis
967 5538 1170 5604 penitus
1221 5533 1478 5588 hostibus.
1523 5551 1541 5584 ι
1597 5531 1766 5592 Libb.

1881 3044 2051 3095 dum?
2095 3045 2200 3096 Ant
2253 3062 2355 3099 non
2405 3049 2679 3100 evidenter
2720 3049 2832 3102 haec
2881 3049 3083 3102 indicat
3135 3050 3413 3117 Scriptura

1880 3132 2080 3195 divina,
2123 3144 2177 3186 et
2221 3135 2272 3186 iu
2304 3136 2368 3188 iis
2409 3137 2460 3188 in
2497 3137 2692 3204 quibus
2733 3137 2898 3190 moris
2927 3146 3008 3190 est
3035 3139 3082 3190 ei
3119 3139 3298 3192 dicere
3327 3139 3372 3170 ⁸⁷
3395 3156 3414 3194 :

1884 3241 1902 3272 ‹
1938 3220 2278 3275 Sanctificate
2294 3223 2522 3287 bellum;
2551 3242 2570 3274 ι
2607 3224 3164 3294 et.tPugnahitis(55)
3187 3241 3415 3293 pugnam

1879 3312 2082 3364 Domini
2114 3312 2139 3364 ’ἰ
2167 3331 2187 3362 ι
2229 3313 2364 3377 Quid
2389 3313 2531 3365 enim
2555 3314 2700 3365 aliud
2725 3327 2805 3366 εει
2827 3315 3163 3368 sanetiticare
3190 3316 3408 3379 bellum,

1879 3399 1983 3452 nisi
2018 3400 2349 3468 interemptis
2395 3401 2642 3454 omnibus
2677 3402 2866 3453 anima:
2909 3412 3105 3456 nostra:
3146 3405 3410 3470 hostibus,

1877 3488 1968 3556 qui
1995 3497 2119 3540 sunt
2151 3488 2278 3540 vitia
2315 3498 2676 3557 peccatorum,
2706 3498 2760 3542 et
2785 3489 3118 3543 mortificatis
3159 3493 3414 3545 membris

1876 3592 1993 3646 qua:
2024 3587 2146 3630 sunt
2187 3593 2346 3646 super
2381 3588 2577 3632 terram
2611 3591 2770 3646 atque
2801 3580 3046 3633 omnibus
3078 3579 3228 3632 malis
3265 3581 3413 3646 cupi-

1876 3667 2133 3721 ditatibus
2201 3669 2522 3736 amputatis,
2580 3667 2715 3721 efﬁci
2768 3677 3009 3721 sanctum
3073 3681 3296 3735 corpore
3359 3679 3413 3721 et

1877 3757 2088 3824 spiritu,
2110 3768 2165 3810 et
2198 3757 2407 3811 fortiter
2450 3757 2728 3811 facientem
2764 3757 2949 3812 venire
2977 3756 3040 3808 ad
3071 3766 3408 3825 conSpecluut

1880 3848 1966 3900 Dei
2006 3849 2256 3910 viventis,
2287 3857 2340 3900 et
2362 3862 2457 3914 pro
2485 3848 2661 3914 palma
2703 3847 2940 3901 victoria:
2967 3846 3178 3898 virtutis
3223 3849 3411 3898 merito

1877 3934 2120 3988 coronari
2163 3951 2192 3987 a
2237 3936 2451 3990 Christo
2493 3933 2616 3990 Jesu
2665 3935 2886 3988 Domino
2930 3934 3153 3988 nostro?
3193 3933 3288 3988 Cui
3329 3943 3412 3988 est

1877 4025 2040 4093 gloria
2072 4033 2124 4076 et
2149 4025 2427 4092 imperium
2463 4025 2516 4076 itt
2552 4023 2743 4078 saecula
2774 4024 3112 4076 saeculorum.
3148 4025 3339 4077 Anien.

2439 4113 2713 4168 HOMILIA
2752 4112 2838 4165 IX.

1882 4202 1953 4256 De
1985 4204 2141 4256 altari
2176 4204 2311 4271 quod
2337 4203 2610 4269 wdiﬁcavit
2639 4197 2793 4254 Iesus
2819 4219 2836 4255 :
2877 4200 3199 4271 ubi_scripsit
3237 4200 3305 4271 ing
3327 4199 3412 4271 lag-

1946 4274 2151 4340 pidibus
2171 4269 2286 4338 eius
2314 4272 2425 4338 (56)
2451 4272 2924 4324 Deuteronomium.
2943 4269 3005 4340 fit
3021 4269 3409 4340 quomodolegs't

1946 4335 2077 4393 illud
2102 4335 2381 4393 itta’uribus
2412 4335 2573 4392 totius
2599 4340 2772 4404 populi
2810 4337 2990 4390 stantis
3029 4341 3079 4388 in
3123 4335 3336 4388 Garizin
3359 4347 3408 4388 et

1946 4407 2147 4462 Gebal:
2186 4419 2232 4460 et
2263 4409 2517 4474 quomodo
2555 4403 3030 4475 (57)7conveneruut
3065 4421 3202 4472 reges
3219 4403 3379 4456 Amos
3428 4464 3436 4470 ν

1947 4477 2205 4530 rhworum
2244 4478 2490 4528 adversus
2517 4475 2716 4527 Jesum.

1948 4569 1998 4621 Ι.
2041 4565 2393 4634 Posteaquam
2423 4562 2854 4618 subvertitJesus
2877 4561 3009 4631 Hay.
3038 4562 3087 4614 id
3109 4569 3192 4614 est
3219 4561 3400 4628 ebaos,

1922 4704 1967 4736 ⁸⁸
1994 4703 2015 4756 I
2046 4701 2176 4770 Reg.
2207 4714 2296 4757 xv.
2385 4700 2430 4732 ⁸⁸
2461 4699 2622 4754 Hebr.
2658 4714 2751 4760 xu,
2793 4698 2847 4752 4.
2919 4697 2961 4728 ⁸⁷
2990 4694 3122 4750 Joel.
3153 4709 3233 4759 ιιι,
3269 4695 3326 4757 9,
3355 4701 3407 4745 et

1873 4923 2020 4985 editi,
2060 4944 2076 4972 σ
2117 4922 2244 4975 nulli
2278 4921 2494 4989 penitus
2524 4918 2776 4991 hostium.
2812 4934 2830 4967 ι
2913 4983 2934 4991 ,
3159 4979 3193 4991 __
3227 4980 3238 4991 ,

1942 4979 2050 5062 (55)
2091 4991 2252 5062 Idem,
2280 4979 2316 5039 ἰ
2362 5001 2415 5044 ει
2455 4988 2776 5058 pugnabitis.
2843 5003 2863 5037 ι
2913 4982 3071 5036 Libb.
3109 4979 3261 5042 editi,
3295 4997 3314 5029 ι
3349 4987 3404 5032 et

1871 5060 2255 5126 expugnabilis.
2291 5077 2310 5109 ι

1942 5124 2051 5196 (56)
2090 5127 2266 5196 Cede;
2329 5124 2629 5196 Sangerm._.

2702 5140 2720 5172 ι
2772 5120 2902 5183 ejus.
2963 5136 2981 5169 ι
3037 5115 3190 5168 Libb.
3246 5111 3395 5183 editi,

1874 5215 1892 5246 ί
1942 5179 2146 5247 altaris.
2177 5213 2192 5244 ι
2236 5193 2397 5245 Paulo
2439 5179 2558 5259 post
2606 5179 2742 5259 idem
2785 5179 2978 5259 tits_.,_t
3034 5193 3097 5259 et,
3131 5179 3398 5259 quomodo

1867 5244 2150 5331 Iegit'iliiid
2184 5244 2244 5314 in
2275 5244 2516 5331 auribits.
2555 5276 2572 5308 ι
2611 5257 2775 5331 Libb.
2810 5244 3017 5331 editinc
3050 5258 3104 5301 et
3132 5244 3399 5313 quomodo

1877 5319 2062 5398 reiegit
2087 5329 2238 5383 Jesus
2271 5329 2733 5382 Deuleronontiutn
2763 5325 2813 5374 in
2839 5319 3142 5398 Iauribtisg.‘
3246 5395 3262 5398 _
3288 5379 3319 5398 η

1933 5379 2234 5468 (sirius;
2270 5379 2471 5460 iis...
2529 5403 2582 5447 et
2625 5385 2910 5460 quomodo.
2958 5400 2978 5433 ι
3026 5381 3182 5434 Libb.
3238 5379 3396 5446 editi,

1869 5483 1890 5519 ι
1919 5469 2027 5523 ubi.
2065 5486 2087 5522 ι
