3822 6220
177 226 346 350 Λδ

218 418 245 455 ὓ
243 368 516 454 ((111113118

324 465 356 481 η
366 446 442 481 n'n
465 446 518 481 η

235 445 546 534 {,ﬂl‘fll”.
601 445 770 511 Iesus
819 474 999 531 super
1046 445 1264 536 lapides
1308 472 1492 526 altaris
1544 445 1869 526 Deuterono;

266 552 470 616 mium,
519 541 701 614 legem
750 547 954 620 Mosei,
991 565 1049 611 et
1078 560 1298 628 scripsit
1330 575 1447 613 eam
1495 562 1546 613 in
1581 570 1872 628 conspectu

285 646 526 702 ﬁliorum
554 635 750 693 Israel.
779 660 799 694 ι
847 641 1154 712 Scrip'erit
1177 649 1443 714 quomodo
1486 650 1715 714 potuerit
1747 657 1873 702 tunc

295 737 440 794 (ilius
468 732 622 788 Nave
665 749 835 803 super
871 735 1081 805 lapides
1115 738 1302 790 altaris
1337 739 1503 805 legem
1551 739 1869 802 describere,

295 836 356 881 et
383 833 553 894 prout
581 823 746 876 valuit
779 825 1188 878 adumbraverit
1221 833 1391 893 typos,
1419 838 1512 877 nos
1551 824 1760 876 interim
1791 826 1874 878 vi-

289 919 524 970 deamus
549 913 821 981 quomodo
871 924 1055 967 noster
1078 911 1235 967 .Iesus
1266 914 1318 965 in
1362 912 1600 980 lapidibu
1621 933 1631 961 ε
1656 914 1793 967 vivis
1817 922 1873 968 et

285 1006 534 1074 integris
559 1005 780 1072 scripsit
809 1005 1307 1066 Deutcronomium,
1340 1002 1477 1070 quod
1497 1003 1649 1070 quasi
1680 1016 1871 1056 secun-

285 1097 358 1149 da
394 1095 680 1163 Iegislatio
729 1094 948 1148 dicitur.
993 1095 1051 1146 Si
1083 1108 1212 1162 ergo
1256 1093 1338 1146 vis
1373 1093 1552 1147 videre
1600 1093 1868 1161 quomodo

282 1184 475 1250 prima
511 1183 634 1251 lege
663 1182 931 1234 infirmata
958 1182 1248 1234 secundam
1279 1179 1445 1247 legem
1471 1181 1669 1234 scribat
1691 1178 1866 1235 Iesus.

276 1273 416 1324 audi
453 1286 585 1324 eum
639 1272 692 1323 in
724 1271 1026 1339 Evangeliis
1059 1271 1324 1325 dicentem
1347 1273 1394 1304 “
1433 1289 1446 1325 :
1506 1269 1763 1322 (Dictum
1788 1277 1869 1323 est

277 1361 546 1427 antiquis
579 1377 594 1412 :
634 1359 749 1412 Non
779 1360 1010 1414 occides.
1050 1360 1161 1428 Ego
1192 1369 1366 1413 autem
1395 1360 1514 1413 dico
1538 1359 1712 1420 vobis,
1744 1360 1865 1426 quia

277 1449 481 1504 omnis
513 1449 614 1517 qui
645 1449 902 1502 irascitur
947 1449 1100 1502 fratri
1135 1464 1253 1512 suo,
1290 1448 1556 1518 hpmicida
1602 1456 1702 1501 est.
1729 1466 1745 1498 ι
1803 1447 1869 1501 Et

271 1540 492 1591 iterum
519 1539 568 1570 ⁹⁷
600 1553 616 1590 :
654 1555 674 1588 c
705 1538 910 1590 Dictu‘m
937 1546 1018 1591 est
1041 1537 1275 1604 antiquis
1311 1553 1326 1590 :
1355 1535 1469 1590 Non
1493 1536 1862 1591 mtechaberis.

269 1629 400 1694 Ego
431 1636 630 1680 autem
670 1628 792 1678 dico
840 1627 1013 1687 vobis,
1051 1626 1252 1694 Siquis
1283 1627 1566 1694 aspexerit
1584 1627 1861 1682 mulierem

614 315 616 318 ,
1310 266 1374 322 IN
1415 267 1666 324 LIBRUM
1702 265 1864 322 JESU
1900 264 2082 320 NAVE
2121 265 2398 322 HOMIIJA
2436 267 2525 321 IX.

380 349 516 456 ltiti?
542 356 783 456 adjiciat
811 365 1012 428 Iesus.
1067 377 1220 446 Quid
1265 383 1397 439 illud
1425 386 1548 439 est?
1588 403 1606 435 ι
1629 385 1874 453 Scripsit,
1911 384 1948 440 Δ
1982 386 2440 440 Deuteronominm
2474 384 2690 448 scribat,
2725 396 2780 438 ut
2811 388 3095 441 secundam
3127 385 3294 456 legem
3319 384 3371 440 in
3395 400 3511 440 cor-

3396 266 3504 324 δτι

1976 474 2130 528 dibus
2172 476 2500 528 credentium
2548 473 2688 539 figat,
2741 484 2900 541 atque
2947 477 3001 528 in
3033 490 3212 528 eorum
3245 477 3510 530 mentibus

1972 563 2061 630 qui
2106 563 2170 614 ad
2205 563 2389 615 altaris
2418 564 2865 615 constructionem
2918 564 3057 630 digni
3094 564 3384 628 sunteligi,
3433 567 3509 619 le-

1974 667 2090 721 gem
2121 653 2338 719 Spiritus
2385 653 2573 719 signet.
2611 650 2803 704 Statim
2836 667 3063 719 namque
3093 663 3147 704 ut
3179 654 3297 719 quis
3334 655 3512 708 credi-

1973 739 2113 793 derit
2153 737 2278 792 .Iesu
2308 739 2540 804 Christo,
2591 749 2644 790 et
2673 739 2754 792 lex
2785 739 3052 807 Evangelii
3099 741 3151 794 in
3188 742 3303 807 ejus
3349 742 3510 796 corde

1972 824 2234 892 descripta
2273 833 2376 887 est,
2420 833 2473 878 et
2519 825 2568 876 in
2609 837 2898 894 conspectu
2950 827 3174 879 filiorum
3211 827 3367 881 Israel
3418 833 3510 884 de-

1972 915 2191 980 scripta.
2231 913 2467 966 Aderant
2498 916 2637 968 enim
2669 925 2793 969 tunc
2826 931 2943 970 cum
2996 917 3084 969 tibi
3115 928 3508 973 sacramentum

1971 1005 2090 1060 Ildei
2123 1004 2450 1066 tradebatur,
2483 1006 2726 1059 caelestes
2756 1007 3005 1068 virtutes,
3037 1007 3327 1062 ministeria
3351 1025 3513 1078 ange-

1971 1093 2169 1157 lorum,
2202 1091 2438 1148 Ecclesia
2477 1094 2890 1161 primitivorum.
2929 1095 2982 1148 Si
3011 1097 3148 1148 enim
3187 1109 3329 1152 recte
3356 1099 3508 1152 intol-

1969 1183 2194 1251 ligamus
2237 1182 2486 1236 Israelem
2531 1185 2637 1236 dici
2679 1195 2852 1238 mente
2888 1185 3051 1238 Deum
3086 1189 3376 1254 videntem,
3427 1207 3509 1243 re-

1970 1270 2206 1322 ctissime
2235 1270 2336 1322 lioe
2363 1267 2432 1322 de
2463 1271 2721 1325 ministris
2751 1272 2950 1340 angelis
2981 1275 3149 1342 magis
3175 1276 3386 1341 dicitur,
3424 1293 3512 1331 se-

1969 1357 2197 1410 cundum
2234 1357 2442 1410 Domini
2477 1360 2816 1422 sententiam,
2855 1361 3081 1416 dicentis
3110 1363 3175 1418 de
3199 1364 3507 1434 infantibus,
3592 1371 3603 1380 “

1966 1446 2106 1514 quod
2139 1455 2193 1499 et
2244 1455 2296 1498 tu
2326 1446 2473 1500 fuisti
2521 1448 2702 1502 infans
2735 1450 2785 1502 in
2813 1451 3097 1517 baptismo,
3133 1455 3256 1521 quia
3295 1457 3507 1524 «angeli

1964 1548 2149 1587 eorum
2179 1548 2392 1604 semper
2421 1536 2600 1590 vident
2645 1536 2832 1591 faciem
2869 1537 3042 1594 Patris
3071 1542 3171 1596 mei
3197 1545 3286 1610 qui
3315 1545 3365 1598 in
3399 1560 3508 1600 cm-

1965 1620 2034 1676 lis
2065 1629 2146 1676 est
2169 1621 2208 1677 ³.
2237 1642 2254 1673 ι
2299 1623 2490 1677 Coram
2534 1625 2649 1678 istis
2683 1625 2839 1695 igitur
2892 1628 3008 1682 filiis
3057 1629 3238 1696 Israel,
3279 1635 3369 1702 qui
3409 1637 3502 1689 ad-

263 1718 342 1769 ad
403 1716 919 1783 concupiscendam
968 1729 1110 1775 eam,
1154 1715 1263 1782 jam
1298 1716 1593 1769 mtechatus
1619 1728 1700 1770 est
1743 1731 1864 1789 eam
1894 1700 1939 1759 Β
1964 1723 2116 1767 erant
2148 1713 2236 1766 illo
2267 1713 2319 1766 in
2353 1725 2607 1782 tempore,
2630 1727 2748 1769 enm
2777 1717 2868 1771 tibi
2898 1711 3018 1772 fidei
3038 1700 3370 1777 sacramenta
3398 1734 3506 1778 tra-

266 1806 330 1859 in
369 1806 550 1858 corde
599 1819 723 1860 suo.
756 1821 776 1854 ι
823 1804 887 1857 Et
907 1804 954 1835 9'
985 1821 997 1856 :
1031 1822 1048 1853 ι
1074 1803 1279 1857 Dictum
1321 1813 1405 1858 est
1443 1805 1674 1873 antiquis
1705 1819 1718 1858 :
1751 1807 1864 1862 Non

265 1892 628 1964 perjurabis.
683 1892 794 1959 Ego
828 1904 1006 1944 autem
1059 1893 1178 1945 dico
1221 1892 1376 1946 vobis
1418 1909 1431 1943 :
1477 1891 1650 1946 Nolite
1681 1891 1868 1959 jurare

262 1979 536 2034 omnino.
561 1997 580 2028 ι
624 1977 790 2031 Vides
820 1977 1290 2030 Deuteronomium
1342 1979 1480 2044 quod
1519 1979 1737 2047 scripsit
1772 1979 1864 2034 Je-

266 2084 380 2123 sus
421 2070 478 2122 in
531 2067 812 2135 lapidibus
839 2068 974 2119 vivis
997 2075 1052 2118 et
1074 2066 1313 2134 integris,
1357 2081 1460 2119 non
1491 2067 1542 2118 in
1567 2067 1759 2122 tabulis
1787 2069 1864 2120 la-

261 2160 483 2228 pideis,
534 2159 636 2212 sed
693 2158 746 2211 in
783 2159 980 2212 tabulis
1011 2160 1189 2211 cordis
1221 2159 1542 2222 carnalibus,
1574 2176 1675 2213 non
1723 2170 1863 2214 atra-

265 2255 494 2308 mento,
535 2247 634 2300 sed
665 2246 875 2316 Spiritu
911 2247 1001 2300 Dei
1034 2247 1134 2300 vivi
1159 2249 1223 2300 ".
1247 2249 1300 2302 Si
1329 2259 1504 2304 autem
1531 2251 1610 2304 vis
1638 2251 1862 2305 evidens

265 2337 387 2390 tius
438 2349 708 2399 noscere,
765 2337 1041 2403 inquibus
1093 2337 1350 2391 cordibus
1388 2337 1542 2391 Jesus
1579 2340 1862 2406 scripserit

263 2427 482 2496 legem,
527 2436 587 2480 et
639 2425 696 2479 in
745 2426 938 2492 quibus
966 2441 1069 2479 non
1098 2425 1396 2492 scripserit,
1422 2427 1582 2479 etiam
1623 2427 1724 2480 hoc
1768 2426 1860 2480 tibi

264 2534 340 2571 ex
376 2518 811 2585 Scripturarum
859 2515 1182 2567 auctoritate
1209 2515 1551 2582 patefaciant,
1579 2526 1635 2568 ut
1666 2531 1861 2570 conso-

265 2608 547 2662 lationem
581 2605 773 2672 capias
804 2614 858 2658 tu
887 2603 980 2671 qui
1017 2618 1081 2656 ex
1109 2603 1359 2672 gentibus
1385 2613 1599 2656 vocatus
1627 2619 1707 2670 cs,
1763 2621 1862 2660 nec

266 2699 534 2756 verearis
564 2710 762 2752 eorum
791 2694 1128 2761 iactantiam,
1171 2692 1261 2761 qui
1289 2693 1458 2762 legem
1481 2691 1642 2746 Musei
1670 2695 1860 2750 tabulis

269 2790 358 2844 vel
387 2787 675 2843 chartulis
699 2786 956 2852 scriptam
987 2799 1044 2838 se
1072 2783 1346 2854 accepisse
1383 2783 1694 2851 gloriantur.
1723 2784 1856 2838 Audi

266 2895 406 2949 ergo
436 2880 492 2932 in
524 2892 770 2944 quorum
817 2875 1070 2928 cordibus
1099 2874 1353 2928 Dominus
1396 2873 1548 2927 Jesus
1587 2875 1859 2940 scripserit

1969 1801 2252 1867 debantur,
2307 1802 2616 1856 videntibus
2660 1803 2847 1858 faciem
2903 1805 3016 1870 Dei,
3061 1805 3214 1862 Iesus
3251 1811 3299 1864 in
3347 1815 3505 1867 corde

1967 1899 2060 1944 tuo
2090 1890 2552 1945 Deuteronomium
2582 1893 2820 1959 scripsit.
2860 1894 2953 1949 Vis
2979 1897 3072 1950 tibi
3102 1898 3273 1951 adhuc
3291 1900 3505 1954 eviden-

1969 1979 2071 2031 tius
2099 1981 2209 2032 haec
2242 1981 2306 2032 de
2353 1979 2644 2048 Scripturis
2677 1984 2878 2037 sanctis
2916 1986 3224 2051 probemus,
3254 1991 3375 2054 quia
3409 2004 3503 2043 co-

1967 2080 2077 2117 ram
2125 2067 2249 2118 liliis
2303 2067 2465 2122 Israel
2515 2069 2683 2135 legem
2738 2072 3022 2124 secundam
3071 2074 3270 2128 scribat
3311 2076 3504 2132 Iesus?

1965 2152 2245 2220 Apostolus
2277 2155 2342 2206 ad
2374 2155 2622 2210 Hebre-os
2646 2158 2924 2214 manifeste
2951 2163 3207 2230 designat,
3237 2167 3415 2220 dicens
3443 2169 3498 2224 ‘:

1970 2259 1988 2291 ι
2010 2240 2123 2293 Non
2153 2242 2292 2294 enim
2320 2244 2624 2298 accessistis
2659 2247 2724 2298 ad
2752 2260 2938 2300 sonum
2973 2249 3128 2316 tub:e,
3181 2262 3233 2304 et
3258 2255 3320 2305 ad
3353 2269 3504 2308 mon-

1967 2341 2069 2386 tem
2101 2333 2400 2396 ardentem,
2451 2335 2547 2387 sed
2581 2337 2882 2390 accessistis
2915 2338 2978 2390 ad
3008 2348 3237 2394 montem
3267 2343 3412 2408 Sion,
3449 2356 3502 2398 et

1963 2422 2238 2476 civitatem
2273 2422 2363 2476 Dei
2393 2423 2626 2477 viventis
2653 2424 2947 2479 Jerusalem
2983 2429 3273 2494 cmlestem,
3325 2441 3377 2486 et
3404 2433 3501 2488 Ec-

1963 2511 2176 2564 clesiam
2205 2511 2593 2579 primitivorum
2621 2515 2908 2582 ascriptam
2953 2517 3003 2570 in
3033 2519 3202 2585 caelis,
3239 2530 3289 2574 et
3318 2523 3498 2576 multi-

1965 2599 2196 2653 tudinem
2247 2600 2554 2670 angelorum
2592 2602 3003 2658 collaudantium
3051 2606 3279 2661 Deum.)
3336 2609 3497 2667 Vides

1959 2701 2086 2756 ergo
2113 2689 2238 2757 quia
2273 2703 2451 2742 coram
2483 2689 2546 2743 iis
2572 2691 2839 2755 omnibus,
2880 2694 2969 2760 qui
3000 2709 3066 2747 ex
3099 2710 3160 2749 eo
3189 2700 3326 2764 quod
3359 2713 3495 2751 sem-

1961 2793 2053 2846 per
2086 2779 2249 2832 Detnn
2282 2781 2481 2845 vident,
2515 2789 2567 2832 ct
2600 2780 2793 2834 merito
2823 2781 2914 2834 filii
2947 2782 3108 2836 Israel
3143 2785 3492 2852 appellantur,

1957 2869 2110 2924 Iesus
2141 2870 2308 2937 legem
2353 2885 2500 2923 suam
2538 2871 2588 2923 in
2638 2870 2888 2924 cordibus
2933 2874 3258 2926 credentium
3291 2877 3494 2937 scribit.

271 2968 476 3038 legem.
539 2965 750 3019 Paulus
799 2963 970 3016 dicit‘
1001 2981 1014 3014 :
1052 2981 1069 3013 ι
1097 2962 1226 3016 Cum
1257 2963 1397 3015 enim
1425 2972 1605 3029 gentes
1630 2978 1750 3029 (iure
1781 2962 1853 3016 le-
1884 3002 1925 3057 ϐ
1961 2959 2062 3012 Sed
2096 2972 2150 3013 et
2184 2976 2321 3015 nunc
2349 2977 2442 3028 per
2464 2963 2574 3015 hare
2599 2975 2717 3029 quae
2753 2962 3038 3029 loquimur,
3068 2963 3218 3019 Iesus
3253 2966 3494 3021 Dentero-

267 3073 395 3127 gem
425 3073 540 3111 non
577 3055 809 3115 habent,
837 3051 1152 3105 naturaliter
1183 3067 1301 3120 qua:
1328 3051 1458 3120 legis
1483 3061 1606 3105 sunt
1633 3050 1856 3115 faciunt,

271 3144 600 3211 hujusmodi
637 3157 746 3195 non
791 3140 1054 3192 habentes
1096 3138 1288 3206 legem,
1337 3139 1433 3206 ipsi
1473 3139 1568 3192 sibi
1600 3149 1722 3192 sunt
1750 3139 1854 3192 lex.

269 3236 370 3299 Qui
396 3234 713 3288 ostendunt
739 3244 874 3303 opus
905 3227 1038 3294 legis
1065 3229 1316 3295 scriptum
1346 3228 1396 3280 in
1448 3231 1695 3280 cordibus
1723 3229 1856 3293 suis,

273 3324 664 3380 testiinonium
696 3321 951 3373 reddente
977 3319 1056 3372 eis
1091 3317 1439 3371 conscientia.
1464 3335 1481 3367 ι
1525 3317 1578 3371 Si
1611 3332 1740 3386 ergo
1777 3319 1850 3370 vi-

272 3416 403 3470 deas
431 3421 636 3484 gentes
670 3410 737 3462 ad
769 3406 951 3462 .Iesum
985 3406 1172 3460 venire
1203 3414 1259 3458 et
1301 3405 1519 3459 credere
1547 3406 1616 3468 ei,
1641 3413 1695 3458 et
1719 3418 1854 3472 opus

272 3505 406 3573 legis
440 3502 707 3570 implere,
752 3499 893 3566 quod
927 3496 1002 3549 illi
1041 3494 1130 3562 qui
1181 3495 1348 3562 legem
1380 3503 1718 3562 acceperant,
1753 3493 1854 3546 im-

269 3594 425 3662 plere
453 3606 569 3642 non
618 3593 868 3654 possunt,
924 3597 1026 3634 non
1063 3581 1273 3635 dubites
1305 3580 1367 3632 de
1397 3579 1476 3632 eis
1502 3580 1699 3643 dicere,
1726 3582 1848 3650 quia

271 3678 436 3735 Iesus
491 3679 548 3729 in
608 3675 730 3727 istis
793 3670 1060 3739 lapidibus
1117 3667 1337 3736 integris
1382 3666 1847 3722 Deuteronomium

273 3767 529 3834 scripsit.
571 3760 580 3766 ’

337 3860 395 3912 4.
430 3858 622 3911 Movet
673 3867 760 3906 me
793 3865 943 3913 sane,
990 3849 1131 3918 quod
1158 3849 1360 3903 addidit
1390 3848 1443 3901 in
1475 3851 1847 3917 consequentis

267 3950 374 4002 bus
423 3947 743 4014 Scriptura.
784 3958 802 3991 ι
831 3941 895 3994 Ει
924 3939 1162 4007 scripsit,
1211 3939 1383 4007 inquit
1411 3942 1453 4002 ³,
1499 3939 1654 3994 Jesus
1686 3958 1846 4010 sti-per

269 4041 482 4108 lapides
521 4032 1000 4089 Deuteronomium
1043 4043 1228 4084 coram
1265 4028 1388 4082 filiis
1437 4029 1616 4082 Israel.
1644 4048 1662 4081 ι
1702 4032 1843 4100 Quo-

269 4129 436 4181 modo
473 4121 723 4194 potuerit
754 4131 859 4172 tam
899 4134 1148 4188 magntuu
1181 4117 1396 4180 librum,
1432 4118 1513 4170 vel
1543 4119 1839 4173 assistenti-

269 4220 377 4272 st
424 4227 482 4270 et
517 4209 970 4283 permanentibus
1017 4207 1086 4261 ibi
1144 4207 1269 4260 ﬁliis
1317 4205 1478 4260 Israel
1511 4207 1835 4273 describere,

1959 3051 2187 3103 nomium
2227 3053 2415 3105 scribit
2462 3051 2512 3104 in
2560 3066 2743 3105 eorum
2779 3053 3030 3107 cordibus
3071 3058 3158 3122 qui
3194 3057 3394 3126 integra
3430 3061 3490 3112 li-

1954 3140 2040 3200 de,
2068 3149 2121 3193 et
2167 3149 2275 3194 toto
2307 3142 2485 3194 animo
2517 3155 2634 3208 qua:
2669 3143 2919 3194 dicuntur
2950 3145 3236 3212 accipiunt,
3290 3148 3378 3216 qui
3411 3148 3496 3202 In-

1958 3232 2106 3292 tegro
2135 3226 2340 3289 auditu,
2374 3237 2530 3294 atque
2566 3228 2772 3295 integro
2801 3230 2980 3290 corde,
3017 3239 3071 3284 et
3107 3246 3209 3284 non
3245 3245 3492 3302 corrupto

1951 3326 2111 3366 sensu
2161 3329 2225 3368 ac
2277 3317 2502 3383 reprobo
2534 3315 2676 3368 circa
2709 3316 2885 3382 fidem,
2920 3320 3139 3374 audiunt
3178 3331 3232 3376 et
3262 3325 3491 3378 retinent

1951 3415 2069 3470 quae
2107 3402 2378 3465 dicuntur,
2409 3404 2531 3471 quia
2569 3418 2787 3459 necesse
2819 3417 2898 3459 est
2934 3409 3398 3466 Deuteronomium
3437 3416 3486 3467 in

1949 3486 2172 3557 integris
2198 3489 2459 3556 lapidibus
2489 3490 2673 3544 scribi.

2017 3577 2067 3631 5.
2099 3577 2222 3632 Post
2248 3579 2359 3634 haec
2405 3581 2532 3635 dicit
2561 3601 2574 3634 ι
2614 3596 2632 3631 t
2658 3580 2720 3633 Et
2747 3577 2940 3645 omnis,
2972 3583 3211 3653 inquit",
3247 3586 3408 3641 Israel
3437 3599 3487 3642 et

1945 3667 2235 3736 presbyteri
2265 3677 2318 3723 et
2344 3667 2570 3732 judices,
2597 3678 2651 3723 et
2677 3670 2865 3723 scrihre
2893 3673 3256 3738 prmcedebant
3283 3676 3408 3730 hinc
3435 3689 3486 3731 et

1946 3755 2088 3808 illinc
2118 3769 2294 3810 arcam
2327 3756 2633 3810 testamenti
2684 3755 2913 3811 Domini.
2941 3777 2959 3810 ι
3001 3759 3141 3812 Area
3184 3768 3482 3818 testamenti

1944 3843 2152 3898 Domini
2185 3851 2285 3907 est,
2331 3846 2384 3898 in
2430 3860 2534 3912 qua
2568 3844 2758 3898 tabula:
2807 3845 2936 3914 legis
2969 3863 3128 3902 manu
3155 3849 3245 3903 Dei
3275 3853 3484 3920 scriptae

1942 3946 2245 3990 servantur.
2286 3936 2350 3990 Et
2375 3938 2517 3992 circa
2555 3937 2690 3992 hanc
2719 3951 2898 3991 arcam
2932 3942 3256 4002 testamenti,
3309 3944 3482 3998 omnis

1940 4026 2029 4093 qui
2058 4041 2182 4080 vere
2208 4025 2368 4080 Israel
2393 4034 2494 4091 est,
2527 4027 2740 4091 incedit,
2768 4035 2821 4080 et
2856 4043 2957 4082 non
2987 4037 3066 4083 est
3111 4031 3267 4098 longe
3301 4031 3367 4084 ab
3393 4047 3477 4086 ea.

1939 4114 2133 4170 Levita:
2166 4127 2290 4170 vero
2339 4128 2392 4169 et
2436 4118 2735 4172 sacerdotes
2783 4119 2944 4173 etiam
2996 4119 3048 4173 in
3095 4122 3332 4175 humeris
3362 4124 3473 4176 suis

1937 4220 2051 4260 eam
2079 4214 2307 4272 portant.
2349 4204 2557 4259 Etenim
2588 4206 2892 4275 quicunque
2917 4210 3232 4264 sacerdotali
3269 4214 3478 4282 religio-

267 4311 341 4363 ita
373 4315 436 4360 ut
461 4321 572 4358 nou
621 4302 966 4355 discederent
991 4311 1267 4366 usquequo
1310 4297 1573 4365 scriptura
1614 4307 1687 4351 tot
1720 4312 1838 4350 ver-
1873 4296 1914 4356 ι)
1943 4310 2008 4348 ne
2040 4305 2093 4347 et
2121 4295 2401 4348 sanctitate
2426 4295 2626 4358 vivunt,
2657 4311 2760 4350 non
2794 4297 2962 4351 solum
2996 4299 3027 4352 ii
3061 4300 3148 4366 qui
3178 4302 3360 4354 sedere
3392 4304 3474 4356 vi-

269 4412 431 4451 suum
467 4394 727 4447 finiretur
757 4406 772 4443 :
810 4389 891 4440 vel
938 4387 1097 4442 etiam
1125 4385 1404 4454 jquomodo
1460 4388 1729 4454 potuerint
1762 4389 1839 4442 las

266 4489 430 4556 pides
458 4484 654 4538 altaris
688 4479 829 4533 ferre
849 4478 1009 4547 420
1035 4485 1143 4529 tam
1179 4474 1356 4543 magni
1399 4474 1525 4530 libri
1560 4477 1837 4530 continen-

268 4581 431 4642 tiam,
469 4577 660 4629 dicant
693 4570 821 4622 mihi
853 4569 942 4620 isti
991 4575 1286 4620 assertores
1313 4564 1502 4618 littera:
1529 4563 1714 4630 Judmi,
1745 4565 1836 4633 qui

265 4669 524 4736 spiritum
575 4663 715 4731 legis
752 4661 1018 4725 ignorant.
1059 4655 1336 4720 Quomodo
1387 4654 1439 4707 in
1471 4655 1571 4708 hoc
1601 4654 1838 4708 historia:

264 4760 478 4813 veritas
504 4747 951 4810 demonstratur?
979 4746 1082 4800 Sed
1112 4747 1249 4812 apud
1274 4744 1391 4798 illos
1423 4763 1442 4795 ‹
1472 4759 1637 4814 usque
1657 4745 1710 4798 in
1743 4747 1838 4799 hod-

264 4849 523 4901 dicrrium
555 4843 704 4895 diem
738 4854 858 4892 cum
889 4837 1086 4904 legitur
1113 4834 1338 4899 Moyses,
1375 4834 1610 4888 velamen
1634 4843 1724 4889 est
1747 4849 1839 4901 poi

267 4938 443 4990 situm
472 4947 642 5002 super
667 4945 766 4983 cor
790 4941 974 4979 eorum
999 4925 1038 4979 ³.
1068 4944 1086 4976 ο
1126 4922 1290 4976 Nobis
1327 4938 1450 4977 vero
1482 4923 1746 4977 conversis
1773 4923 1838 4975 ad

269 5025 564 5078 Dominum
595 5019 812 5079 Iesum,
844 5013 1083 5068 aufertur
1111 5012 1375 5077 velamen,
1406 5013 1528 5080 quia
1567 5030 1585 5063 t
1609 5013 1696 5066 ubi
1726 5011 1839 5082 Spi-

267 5115 415 5167 ritus
455 5109 695 5170 Domini,
733 5105 806 5158 ibi
857 5103 1078 5156 libertas
1107 5119 1126 5152 ›
1181 5099 1541 5167 intelligentia:
1560 5099 1600 5154 ⁸.
1651 5099 1840 5153 Noster

264 5220 403 5273 ergo
433 5201 589 5256 Jesus
620 5195 890 5251 Dominus
920 5206 1022 5244 non
1059 5190 1257 5256 indiget
1305 5189 1470 5242 multo
1505 5197 1740 5255 tempore
1771 5197 1829 5241 ut

338 5318 390 5349 "
415 5315 524 5370 Jos.
554 5328 683 5371 vrtt,
715 5308 810 5360 52.

267 5386 430 5440 ’Jos.
459 5369 578 5442 viti,
610 5369 706 5432 52.
810 5373 831 5404 ³
853 5372 1034 5424 lICor.
1063 5386 1139 5430 ιιι,
1173 5369 1353 5423 l5-I7.

263 5455 356 5508 33.
439 5452 458 5483 ⁸
480 5452 614 5505 ibid.

1449 5370 1469 5400 ‘
1493 5370 1621 5421 Ibid.
1667 5371 1748 5421 I7.

885 5306 929 5336 ’⁸
957 5305 1113 5355 Marc.
1143 5316 1194 5363 v,
1217 5300 1304 5360 2|,
1327 5301 1415 5358 22.
1488 5300 1530 5334 ’⁷
1559 5301 1685 5354 ihid.
1709 5300 1796 5362 27,
1818 5301 1909 5354 28.
1967 5303 2012 5334 ⁸⁸
2036 5301 2162 5355 ibid.
2187 5302 2273 5364 5'5,
2299 5301 2388 5355 54.
2439 5299 2482 5331 ⁹⁹
2509 5299 2544 5351 11
2569 5300 2690 5352 Cor.
2718 5312 2798 5360 tu,
2822 5298 2874 5348 5.

885 5372 1034 5424 [Ωον.
1063 5386 1139 5425 Ill.
1173 5369 1353 5423 l5-I7.
1449 5370 1621 5421 "Ibid.
1667 5371 1748 5421 l7.
1861 5372 1880 5400 ⁵
1910 5369 2092 5423 Matth.
2134 5386 2276 5425 xvnt.
2324 5370 2409 5425 10.
2505 5369 2524 5399 ⁸
2553 5368 2711 5421 Ilebr.
2748 5381 2838 5425 ait,

1960 5386 2092 5423 attu.
2134 5386 2276 5434 xvnt,
2324 5386 2409 5425 tu.

1943 4387 2135 4438 dentur
2158 4385 2209 4438 in
2238 4399 2492 4440 consessu
2526 4387 2865 4452 sacerdotali,
2895 4391 2987 4441 sed
3016 4390 3048 4442 ii
3077 4392 3243 4460 magis
3274 4395 3362 4460 qui
3388 4409 3475 4448 sa-

1943 4472 2286 4528 cerdotaliter
2319 4484 2504 4542 agunt,
2555 4489 2780 4544 quorum
2827 4491 2952 4544 pars
2977 4488 3055 4532 est
3083 4478 3352 4546 Dominus,
3379 4497 3475 4538 nec

1944 4561 2050 4615 ulla
2081 4563 2158 4616 eis
2189 4564 2360 4631 portio
2389 4563 2614 4617 habetur
2645 4565 2694 4618 in
2733 4567 2909 4630 terris,
2959 4568 3054 4634 ipsi
3087 4577 3208 4622 sunt
3237 4585 3358 4624 vere
3388 4588 3474 4624 sa-

1941 4652 2182 4706 cerdotes
2210 4662 2261 4706 et
2291 4653 2488 4707 Levita:
2522 4653 2748 4718 Domini,
2793 4655 2878 4722 qui
2921 4655 2971 4708 in
3003 4659 3233 4711 humeris
3261 4660 3369 4714 suis
3401 4661 3472 4714 le-

1940 4756 2058 4812 gem
2089 4743 2182 4796 Dei
2215 4751 2454 4811 portant,
2483 4743 2684 4810 agendo
2714 4744 2976 4806 videlicet,
3008 4753 3059 4798 et
3085 4745 3346 4813 implendo
3375 4763 3470 4817 per

1937 4845 2070 4900 Optts
2098 4845 2160 4886 ea
2188 4845 2304 4896 quae
2333 4831 2526 4898 scripta
2559 4839 2681 4884 sunt
2709 4831 2760 4883 in
2786 4832 2920 4900 lege.

2006 4918 2054 4972 6.
2094 4937 2110 4969 ε
2137 4919 2238 4972 Sed
2268 4928 2322 4972 et
2349 4918 2661 4988 proselytus,
2697 4918 2919 4986 inquit“,
2948 4926 3000 4972 et
3023 4919 3264 4992 indigena
3290 4919 3464 4985 simul,

1937 5017 1991 5063 et
2015 5021 2163 5062 erant
2191 5006 2300 5078 (65)
2348 5008 2548 5062 dimidii
2587 5007 2740 5074 juxta
2772 5017 3000 5062 montem
3033 5009 3269 5076 Garizin,
3317 5025 3369 5067 et
3395 5014 3464 5065 di-

1940 5098 2083 5150 midii
2131 5097 2280 5162 juxta
2327 5106 2556 5149 montem
2591 5096 2774 5151 Gcbal.
2803 5113 2821 5147 ι
2865 5098 3136 5161 Quomodo
3173 5101 3331 5152 etiam
3363 5100 3460 5153 ista

1932 5185 2351 5254 explicabimus?
2389 5183 2522 5238 Vere
2552 5185 2814 5252 adjutorio
2849 5185 2937 5236 Dei
2967 5199 3101 5250 Opus
3127 5195 3231 5250 est,
3258 5195 3314 5237 ut
3341 5199 3464 5253 pos-

2952 5302 2964 5325 '
2995 5295 3146 5348 Rom.
3173 5313 3230 5356 ll,
3259 5299 3342 5358 LI,
3372 5295 3458 5350 15.

2505 5369 2524 5399 ⁸
2553 5368 2711 5421 Ilebr.
2748 5381 2838 5426 xii,
2877 5364 3054 5414 18-23.
3111 5441 3116 5448 ἶ
3144 5365 3177 5411 -⁷
3200 5364 3308 5419 .Ios.
3341 5379 3456 5427 vni,

337 5545 450 5617 (65)
491 5545 642 5598 Idem
675 5547 801 5587 cum
829 5522 932 5581 uno
962 5525 1276 5589 Eliroicensi,
1321 5545 1338 5577 t
1378 5537 1546 5582 erant.
1588 5543 1605 5576 I
1647 5525 1764 5590 Alii,
1816 5542 1834 5578 t
1879 5539 2054 5582 erum.
2087 5544 2105 5579 ο

548 5633 831 5688 ΡΑτιιοι..
879 5619 990 5676 Gn.
1034 5614 1159 5672 XII.

3073 5607 3153 5666 28
