3822 6194
243 269 368 346 (Π
425 277 440 287 ί

1280 290 1345 348 ΙΝ
1383 293 1632 352 LIBRUM
1661 297 1821 353 JESU
1860 297 2039 351 NAVE
2075 294 2352 351 HOMILIA
2389 297 2478 352 IX.

3370 309 3467 367 ετξ

285 387 487 456 scripta
528 398 676 456 sunt,
728 408 857 450 cum
899 399 1037 456 dicit
1082 401 1168 457 “z
1204 421 1224 456 ι
1279 405 1390 460 Νοη
1432 418 1546 460 erat
1585 422 1758 462 sermo
1785 421 1846 461 ex
1877 415 1921 470 Α
1950 407 2166 475 perfecti
2204 415 2349 461 stare
2376 416 2570 462 norunt
2595 411 2784 464 armati
2817 413 3071 470 adversus
3107 416 3330 471 astutias
3353 419 3468 474 dia-

284 480 539 537 omnibus
565 496 686 550 qua:
715 490 1000 543 mandavit
1036 491 1268 562 Moyses,
1296 510 1454 562 quem
1507 511 1608 549 non
1658 498 1844 565 legerit

283 569 453 630 Jesus
480 573 534 627 in
565 575 786 630 auribus
817 580 982 634 totius
1011 581 1264 638 Ecclesia:
1306 583 1488 638 Israel.
1533 603 1552 636 ι
1586 585 1645 638 Ει
1673 586 1842 653 primo

285 664 492 733 legisse
521 664 575 717 in
597 665 834 733 auribus,
871 671 1156 725 videamus
1193 674 1321 740 quid
1357 673 1552 728 indicet
1581 672 1712 743 ('72).
1739 675 1842 727 Ve-

280 766 417 807 reor
451 769 522 808 ne
546 755 684 808 forte
711 757 920 824 aliquos
951 761 1258 814 auditorum
1286 776 1461 814 sermo
1488 773 1666 816 noster
1685 762 1846 815 oﬂ‘en-

277 839 427 907 dat;
466 849 566 898 sed
590 855 767 899 tamen
805 848 1086 902 dicendum
1125 859 1206 902 est
1233 851 1373 922 quod
1409 867 1510 904 non
1545 867 1728 904 omnes
1753 853 1840 920 qui

278 933 546 986 audimus
574 933 764 1002 legem,
795 936 858 988 de
885 937 1118 991 Ecclesia
1152 954 1337 992 sumus
1373 940 1600 993 ﬁliorum
1632 941 1791 994 Israel
1820 957 1836 997 :

276 1022 377 1073 sed
405 1037 521 1074 non
547 1026 812 1077 continuo
843 1027 886 1078 si
915 1037 995 1080 est
1025 1029 1198 1094 aliqua
1223 1029 1520 1082 differentia
1546 1031 1682 1084 inter
1703 1033 1846 1085 audi-

274 1117 432 1163 tores
466 1111 610 1179 legis
641 1124 695 1166 et
721 1115 1000 1168 ecclesiam
1035 1116 1260 1170 ﬁliorum
1294 1119 1476 1186 Israel,
1508 1120 1722 1174 auditor
1745 1136 1840 1175 ex-

272 1195 528 1250 cluditur
551 1213 582 1250 a
617 1200 814 1253 salute.
1137 1271 1144 1276 Ι

346 1286 408 1340 9.
449 1289 740 1343 Attendite
787 1305 916 1359 ergo
965 1293 1268 1356 diligentius
1321 1297 1495 1350 verbis
1530 1296 1836 1367 Scriptum,

273 1373 526 1428 dicentis
564 1376 608 1407 ¹⁵
645 1395 658 1428 :
690 1397 708 1428 ι
749 1379 859 1432 Non
894 1391 1008 1433 erat
1038 1382 1200 1434 ullum
1236 1384 1453 1436 verbum
1496 1401 1556 1438 ex
1600 1387 1844 1440 omnibus

266 1477 396 1527 qua:
437 1465 731 1519 mandavit
775 1466 1009 1536 Moyses,
1058 1472 1197 1538 quod
1230 1488 1332 1525 non
1371 1473 1556 1542 legerit
1588 1472 1742 1528 Jesus
1791 1480 1841 1530 in

267 1553 512 1608 auribus
547 1557 716 1608 totius
751 1558 988 1611 ecclesia:
1037 1560 1265 1615 ﬁliorum
1313 1563 1492 1616 Israel.
1530 1583 1548 1615 ι
1595 1565 1661 1618 Ει
1698 1567 1844 1620 addit

261 1643 446 1695 etiam
498 1663 519 1694 ‹
570 1645 892 1701 mulieribus
919 1657 972 1701 et
1014 1648 1325 1716 infantibus,
1378 1636 1447 1704 et.
1477 1656 1779 1724 proselytis.
1816 1675 1834 1707 ι

1943 494 2045 547 boli
2074 511 2087 547 :
2125 492 2372 547 mulieres
2397 507 2526 549 vero
2549 495 2648 560 illi,
2678 498 2769 563 qui
2799 502 3029 552 nondum
3072 515 3136 554 ex
3175 506 3470 574 semetipsis

1941 594 2056 647 quae
2087 579 2232 633 utilia
2268 589 2388 633 sunt
2415 588 2626 649 gerunt,
2659 585 2750 637 sed
2794 585 3047 640 imitando
3075 589 3220 644 viros
3257 590 3387 661 (76),
3417 607 3470 651 et

1942 683 2122 721 eorum
2154 668 2392 736 exempla
2429 671 2700 724 sectanda.
2740 671 2812 723 Ex
2861 674 3053 739 quibus
3083 685 3137 729 et
3179 690 3338 746 caput
3375 682 3471 749 ha-

1945 755 2070 808 bere
2105 757 2392 810 dicuntur:
2426 775 2445 809 ί
2477 757 2644 826 Caput
2690 759 2832 813 enim
2882 763 3158 828 mulieris,
3207 768 3291 821 vir
3334 770 3399 827 ³⁸.
3445 789 3465 823 ο

1942 841 2175 898 Infantes
2201 860 2324 900 vero
2352 856 2532 910 erunt,
2571 848 2659 915 qui
2710 848 2812 902 ﬁde
2857 866 3022 918 nuper
3066 865 3308 922 suscepta
3338 858 3467 929 (77),

1944 933 2078 985 lacte
2102 934 2404 1002 evangelico
2453 937 2777 990 nutriuntur.
2827 936 3082 1008 Proselyti
3115 950 3287 996 autem
3328 955 3472 1000 cate-

1943 1021 2184 1074 chumeni
2220 1023 2552 1090 videbuntur,
2587 1025 2664 1078 vel
2697 1025 2731 1076 ii
2754 1027 2841 1094 qui
2866 1027 2974 1095 jam
3009 1030 3199 1084 sociari
3232 1032 3474 1092 ﬁdelibus

1943 1110 2174 1160 student.
2207 1109 2276 1161 De
2306 1109 2494 1176 quibus
2543 1111 2764 1180 singulis
2811 1113 3002 1166 similia
3051 1117 3209 1169 etiam
3242 1119 3472 1180 Joannes

1943 1195 2176 1246 sentiens
2210 1196 2260 1248 in
2299 1196 2526 1264 Epistula
2569 1213 2663 1252 sua
2694 1200 2900 1264 scribit,
2927 1211 2980 1256 et
3005 1206 3225 1273 singulis
3251 1210 3472 1275 quibus-

1943 1296 2044 1371 que
2077 1284 2323 1339 aetatibus
2360 1287 2570 1354 propria
2619 1303 2838 1357 quaeque
2879 1302 3024 1359 gesta
3073 1295 3310 1351 decernit
3338 1299 3470 1371 (78).

1945 1367 2314 1424 Verumtamen
2343 1372 2465 1428 Jesu
2521 1376 2669 1428 vobis
2714 1378 2970 1434 recitante
3013 1381 3200 1450 legem,
3233 1395 3285 1439 et
3322 1367 3468 1443 reve-

1943 1458 2082 1513 laute
2112 1462 2359 1517 cordibus
2391 1465 2581 1517 vestris
2607 1465 3003 1533 intelligentiam
3036 1473 3345 1539 spiritalem,
3375 1492 3470 1533 ne-

1944 1561 2046 1613 que
2071 1550 2343 1619 proselyti,
2379 1551 2433 1604 id
2467 1563 2548 1606 est
2578 1557 2940 1613 catecbutneni
2964 1560 3164 1615 diutius
3191 1565 3477 1630 maneatis,-

1943 1639 2033 1690 sed
2084 1638 2326 1693 festinate
2370 1641 2433 1692 ad
2478 1643 2868 1711 percipiendam
2916 1648 3138 1717 gratiam
3173 1651 3286 1716 Dei,
3329 1663 3472 1708 utet

259 1729 441 1783 Novit
466 1732 736 1787 Dominus
769 1743 948 1788 noster
977 1735 1132 1792 Jesus
1165 1753 1283 1793 esse
1313 1741 1444 1794 alias
1477 1755 1634 1795 aures
1656 1751 1845 1808 praeter
1877 1731 1917 1783 Β
1947 1743 2039 1780 "05
2095 1729 2144 1780 ί¹¹
2190 1729 2424 1783 Εεάθδίπ
2468 1731 2693 1786 ﬁliorum
2736 1736 2894 1790 Israel
2927 1743 3346 1796 annumeremiﬂi
3373 1760 3387 1796 ε
3416 1754 3471 1800 el

264 1817 412 1872 istas
449 1823 730 1889 carnales,
759 1838 893 1891 quas
925 1825 990 1877 ad
1029 1827 1352 1880 audientiam
1394 1830 1671 1882 verborum
1717 1845 1841 1884 suo-

268 1920 427 1970 rum,
467 1919 525 1962 et
553 1911 623 1963 ad
661 1912 991 1964 audientiam
1035 1914 1164 1981 legis
1208 1915 1445 1980 requirit.
1500 1917 1647 1970 Unde
1690 1927 1744 1970 et
1789 1919 1843 1972 in

272 1997 612 2064 Evangelia,
658 2010 1004 2068 posteaquam
1044 2003 1106 2055 de
1147 2003 1367 2071 singulis
1411 2021 1528 2072 qua:
1568 2008 1846 2074 oportebat

271 2085 532 2148 edocuit,
561 2087 736 2149 addit,
760 2098 814 2140 et
838 2090 967 2142 dicit
987 2089 1064 2143 ’σε
1092 2109 1110 2140 ι
1131 2089 1227 2155 Qui
1250 2091 1408 2145 habet
1429 2108 1584 2147 aures
1600 2095 1842 2148 audiendi

271 2175 491 2229 audiat.
524 2194 545 2226 ι
591 2177 749 2241 Quod
781 2180 964 2247 utique
990 2181 1032 2233 si
1067 2181 1131 2233 de
1164 2182 1380 2235 auribus
1408 2184 1626 2236 dixisset
1653 2199 1842 2238 carna-

269 2261 447 2329 libus,
483 2268 817 2333 superﬁuum
868 2271 1157 2323 videretur.
1200 2270 1366 2324 Nemo
1409 2273 1549 2325 enim
1595 2288 1696 2326 non
1748 2275 1842 2326 ha-

269 2352 418 2408 hens
443 2370 611 2410 aures
643 2357 712 2408 ad
743 2359 906 2411 verba
942 2360 1056 2427 ejus
1083 2360 1348 2413 audienda
1371 2370 1712 2438 convenerat.
1738 2360 1843 2415 Sed

273 2445 544 2512 quoniam
587 2447 801 2499 sciebat
849 2447 900 2498 in
949 2449 1166 2503 auribus
1213 2450 1484 2504 interioris
1517 2451 1766 2516 hominis,
1792 2453 1842 2504 id

281 2543 373 2587 est
405 2535 704 2588 intellectu
732 2536 929 2600 cordis,
951 2538 1110 2605 recipi
1151 2539 1343 2590 debere
1371 2552 1486 2605 quae
1519 2539 1655 2591 dicta
1688 2551 1840 2592 sunt:

276 2624 441 2691 (quid
486 2627 638 2678 enim
671 2624 786 2692 (75)
820 2627 1039 2692 prodest
1075 2626 1258 2687 audire
1287 2641 1600 2686 sermonem,
1653 2628 1696 2680 si
1741 2643 1842 2681 non

277 2713 603 2768 retineatur
623 2721 680 2765 et
699 2721 948 2764 servetur
963 2711 1014 2762 in
1034 2711 1192 2764 corde
1207 2712 1248 2779 ?)
1265 2711 1460 2764 idcirco
1474 2707 1630 2763 aures
1653 2712 1718 2764 ab
1748 2725 1840 2763 au-

273 2800 557 2858 ditoribus
580 2802 934 2873 exposcebat.
957 2800 1068 2855 Hoc
1100 2817 1226 2870 ergo
1245 2803 1403 2855 etiam
1441 2815 1598 2863 nunc,
1623 2801 1702 2854 vel
1724 2817 1840 2854 cum

280 2893 588 2962 Scriptura:
624 2893 679 2945 in
704 2891 932 2945 ecclesia
981 2891 1245 2958 leguntur,
1281 2892 1361 2944 vel
1400 2906 1517 2944 cum
1546 2906 1721 2945 sermo
1746 2906 1844 2945 ex-
1883 2935 1886 2938 .

279 2982 625 3050 planationis
661 2981 938 3049 profertur
967 2982 1032 3034 ad
1053 2981 1322 3048 populum,
1349 2980 1636 3048 Scriptura:
1667 2991 1842 3034 aucto-

282 3072 506 3125 ritatem
540 3081 843 3140 sequentes
871 3070 1117 3131 dicimus,
1139 3068 1328 3124 Videte
1361 3085 1428 3124 ne
1462 3071 1701 3139 legantur
1720 3071 1841 3138 qui-

279 3161 407 3214 dem
437 3163 504 3214 ab
544 3159 677 3214 Jesu
719 3161 880 3213 verba
905 3159 1054 3227 legis,
1087 3159 1179 3212 sed
1206 3159 1608 3227 quamplurimis
1634 3175 1735 3213 non
1767 3160 1844 3212 le-

279 3263 484 3320 gantur
516 3267 533 3315 ;
566 3251 696 3320 quia
719 3250 877 3303 Jesus
903 3249 1010 3302 illis
1047 3248 1173 3315 legit
1221 3247 1409 3315 legem,
1440 3249 1529 3316 qui
1568 3263 1721 3301 aures
1747 3249 1842 3301 ha-

285 3341 508 3393 buerint
527 3339 808 3392 audiendi.
837 3339 942 3392 Sed
959 3339 1170 3406 etquod
1202 3339 1444 3406 adjunxit
1465 3338 1528 3390 ad
1556 3337 1843 3390 Ecclesiam

288 3428 505 3483 Domini
533 3430 704 3483 etiam
728 3428 1000 3492 mulieres,
1031 3436 1083 3480 ct
1112 3427 1357 3489 infantes,
1382 3441 1436 3480 et
1457 3427 1770 3494 proselytos.
1801 3427 1844 3478 si

290 3519 512 3584 quidem
549 3517 850 3584 separatim
885 3515 1239 3583 intelligamus
1269 3514 1515 3567 mulieres
1541 3522 1592 3567 et
1623 3514 1848 3566 infantes

288 3618 345 3658 et
369 3606 700 3674 proselytos,
733 3615 787 3657 et
831 3619 921 3658 eos
948 3604 1092 3657 velut
1120 3602 1383 3670 sequelam
1411 3603 1697 3670 quamdam
1727 3612 1849 3656 esse

288 3693 595 3745 sentiamus
639 3690 926 3752 Ecclesiae,
976 3689 1225 3757 quoniam
1278 3707 1298 3739 ε
1354 3690 1408 3740 in
1453 3690 1608 3741 domo
1662 3703 1848 3757 magna

287 3791 398 3831 non
432 3789 561 3832 sunt
599 3777 971 3830 tantummodo
1005 3792 1123 3830 vasa
1159 3792 1316 3830 aurea
1359 3788 1412 3829 et
1458 3785 1727 3843 argentea,
1761 3778 1849 3828 sed

290 3876 351 3919 et
382 3867 556 3935 lignea
589 3876 647 3920 et
681 3865 866 3919 ﬁctilia
899 3865 965 3927 ³⁷,
995 3883 1014 3915 ι
1045 3865 1272 3919 dicimus
1296 3866 1424 3917 viris
1454 3865 1664 3932 quidem
1697 3862 1850 3916 furti-

289 3956 398 4011 bus
429 3958 626 4012 fortem
672 3957 809 4011 tradi
853 3956 1050 4019 cibum,
1100 3957 1202 4009 illis
1255 3956 1517 4019 videlicet,
1555 3957 1619 4009 de
1663 3956 1854 4024 quibus

291 4045 586 4111 Apostolus
615 4045 752 4098 dicit
774 4045 818 4076 ¹⁸
852 4061 866 4098 :
905 4063 924 4095 ι
961 4043 1322 4098 Perfectorum
1345 4053 1520 4096 autem
1547 4052 1627 4096 est
1655 4042 1854 4097 solidus

293 4134 465 4198 cibus,
499 4154 520 4186 ι
553 4150 618 4189 ex
664 4134 862 4202 quibus
909 4133 1024 4200 ipse
1067 4133 1170 4186 sibi
1219 4141 1478 4199 praeparat
1514 4151 1532 4184 ι
1563 4131 1852 4185 Ecclesiam

293 4237 404 4275 non
462 4225 762 4278 habentem
821 4223 1105 4288 maculam,
1137 4231 1228 4274 aut
1278 4236 1480 4289 rugam,
1521 4229 1612 4272 aut
1659 4220 1855 4288 aliquid

293 4309 486 4366 horum
517 4315 596 4379 ¹⁹;
631 4330 649 4362 ›
675 4326 770 4365 eos
797 4327 927 4369 vero
948 4326 1080 4377 quos
1112 4310 1412 4372 mulierum,
1441 4309 1521 4362 vel
1552 4308 1849 4374 infantium,
1887 4325 1926 4376 υ

291 4403 382 4454 vel
410 4407 812 4472 proselytorum
838 4399 997 4470 422
1031 4399 1384 4468 appellatione
1424 4397 1674 4459 secernit,
1697 4397 1852 4450 intel-

291 4489 526 4556 ligamus
557 4493 674 4562 (74)
707 4491 826 4545 illos
848 4504 989 4552 esse,
1014 4491 1101 4557 qui
1129 4491 1301 4543 adhuc
1327 4488 1463 4540 lacte
1484 4488 1738 4555 indigent,
1763 4497 1854 4539 aut

293 4581 460 4636 etiam
492 4583 646 4636 velut
676 4579 895 4640 infirmi,
932 4588 990 4631 ut
1023 4587 1146 4632 sunt
1192 4577 1464 4639 mulieres,
1503 4575 1736 4628 oleribus
1766 4589 1856 4628 ve-

1942 1829 2055 1878 vos,
2082 1815 2330 1880 infantes,
2361 1818 2522 1871 nolite
2542 1821 2685 1886 pueri
2710 1822 2840 1876 efﬁci
2863 1825 3127 1891 sensibus,
3158 1827 3247 1881 sed
3273 1829 3470 1884 malitia

1941 1903 2141 1970 parvuli
2175 1913 2363 1970 estote,
2389 1906 2632 1960 sensibus
2668 1922 2843 1962 autem
2871 1921 3043 1966 estote
3077 1913 3316 1979 perfecti,
3337 1919 3473 1970 sicut

1941 2005 1993 2047 et
2040 1995 2322 2061 Apostolus
2365 1996 2429 2048 ad
2479 1995 2724 2051 Hebraeos
2762 1999 2887 2052 dicit
2918 2001 3002 2054 “:
3039 2019 3058 2052 ι
3097 2003 3474 2071 ltelinquentes

1943 2083 2314 2151 principiorum
2344 2083 2538 2138 Christi
2585 2098 2880 2141 sermonem
2911 2088 3066 2160 (78‘),
3102 2092 3167 2144 ad
3193 2093 3473 2159 perfectio-

1943 2185 2060 2223 nem
2088 2170 2340 2224 feramur.
2384 2190 2402 2222 ι
2435 2171 2538 2226 Sed
2569 2182 2620 2226 et
2651 2188 2766 2237 vos,
2800 2177 2888 2243 qui
2933 2180 3030 2232 sub
3071 2180 3343 2234 mulierum
3373 2194 3473 2251 ap-

1943 2261 2222 2325 pellatione
2249 2259 2442 2313 inﬁrmi
2491 2269 2544 2314 et
2585 2262 2792 2317 remissi
2819 2273 2870 2316 et
2900 2263 3132 2334 languidi
3160 2268 3306 2332 estis,
3329 2283 3476 2323 com-

1944 2351 2251 2414 monemini,
2290 2359 2347 2402 ut
2394 2351 2644 2404 remissas
2678 2366 2867 2406 manus
2919 2361 2971 2406 et
3022 2354 3276 2409 dissoluta
3305 2370 3474 2422 genua

1942 2441 2174 2509 erigatis,
2225 2439 2276 2493 id
2323 2447 2424 2502 est,
2467 2447 2525 2492 ut
2568 2439 2894 2509 negligentes
2925 2452 2980 2495 et
3020 2443 3227 2499 desides
3269 2447 3476 2504 animos

1942 2530 2226 2594 suscitetis,
2261 2541 2312 2585 et
2338 2532 2544 2587 virilem
2579 2533 2926 2586 constantiam
2954 2534 3007 2589 in
3036 2537 3309 2604 explendis
3337 2554 3476 2607 pras-

1943 2621 2108 2688 ceptis
2135 2620 2388 2689 legalibus
2428 2629 2480 2674 et
2528 2620 2850 2688 evangelicis
2881 2625 3182 2689 assumatis,
3212 2635 3372 2694 atque
3413 2629 3478 2683 ad

1944 2709 2179 2762 virorum
2211 2709 2426 2764 fortium
2460 2707 2834 2776 perfectionem
2880 2710 3128 2765 celeriter
3164 2717 3478 2783 properetis.

1944 2796 2057 2850 Non
2088 2798 2228 2850 enim
2268 2801 2416 2853 novit
2454 2797 2730 2864 Scriptura
2763 2798 2939 2852 divina
2971 2802 3254 2855 secundum
3296 2819 3480 2858 sexum

1943 2888 2333 2954 separationem
2361 2888 2595 2940 virorum
2633 2902 2697 2942 ac
2731 2888 3009 2942 mulierum
3045 2889 3239 2944 facere.
3270 2893 3478 2948 Etenim

1944 2974 2080 3042 apud
2113 2973 2275 3027 Deum
2305 2988 2464 3028 sexus
2493 2975 2632 3028 nulla
2661 2976 2910 3030 discretio
2933 2985 3035 3041 est,
3067 2980 3157 3032 sed
3192 2993 3287 3046 pro
3315 2982 3480 3035 animi

1943 3062 2248 3116 diversitate
2294 3063 2374 3117 vel
2414 3064 2516 3129 vir,
2551 3063 2635 3118 vel
2688 3064 2878 3118 mulier
2899 3066 3220 3131 designatur.
3262 3067 3482 3134 Quanta:

1947 3167 2008 3206 ex
2063 3154 2344 3207 mulierum
2397 3169 2526 3207 sexu
2581 3155 2716 3221 apud
2763 3154 2927 3208 Deum
2980 3157 3032 3209 in
3081 3158 3208 3211 viris
3255 3158 3484 3215 fortibus

1943 3243 2329 3294 numerantur?
2370 3251 2423 3294 et
2454 3243 2638 3310 quanti
2681 3255 2747 3295 ex
2794 3243 2924 3298 viris
2957 3245 3094 3297 inter
3141 3247 3387 3301 remissas
3427 3259 3484 3303 et

1943 3331 2217 3399 languidas
2282 3331 2528 3384 mulieres
2592 3340 2900 3399 reputantur
2956 3333 3106 3402 (79)?
3173 3335 3362 3390 Annon
3387 3337 3482 3392 tibi

1944 3420 2157 3471 videtur
2199 3418 2338 3471 inter
2391 3418 2642 3473 mulieres
2686 3421 3068 3475 existimandus
3119 3422 3207 3476 ille
3256 3425 3337 3477 vir
3390 3426 3482 3495 qui

1945 3505 2073 3558 dicit
2113 3521 2125 3556 :
2170 3503 2280 3558 Non
2326 3519 2535 3572 possum
2598 3507 2886 3560 observare
2937 3521 3055 3572 quae
3102 3511 3295 3577 scripta
3337 3523 3481 3577 sunt,

1945 3593 2178 3646 vendere
2223 3607 2338 3660 qua:
2379 3593 2547 3646 habeo
2588 3602 2642 3646 et
2680 3595 2807 3648 dare
2859 3595 3174 3662 pauperibus
3223 3612 3324 3651 non
3357 3614 3483 3666 pos-

1949 3697 2087 3744 sum,
2138 3681 2451 3750 percutienti
2513 3682 2779 3735 maxillam
2819 3683 3052 3750 praebere
3100 3685 3320 3739 alteram
3380 3703 3482 3742 non

1950 3781 2195 3835 possum,
2261 3767 2662 3823 maledicentem
2716 3771 3029 3828 benedicere
3071 3787 3176 3827 non
3237 3782 3481 3842 possunt;

1950 3855 2343 3924 blasphematus
2378 3857 2649 3925 deprecari
2677 3873 2776 3912 non
2809 3871 3040 3927 possum,
3062 3863 3482 3928 persecutionem

1949 3952 2054 4016 pati
2083 3957 2136 3999 et
2178 3947 2437 4000 sustinere
2477 3963 2580 4001 non
2621 3949 2867 4016 possum?
2894 3949 3094 4004 Caetera
3139 3953 3328 4006 similia
3367 3968 3485 4022 quae

1952 4035 2268 4087 mandantur
2294 4035 2382 4103 qui
2413 4035 2541 4088 dicit
2572 4036 2790 4105 implere
2825 4053 2926 4092 non
2968 4054 3202 4108 possum,
3228 4041 3353 4108 quid
3387 4043 3482 4097 tibi

1953 4122 2160 4176 videtur
2186 4121 2326 4176 aliud
2370 4137 2527 4192 quam
2558 4125 2697 4178 inter
2722 4125 2990 4189 mulieres,
3015 4141 3131 4194 qua
3176 4127 3308 4182 nihil
3333 4129 3485 4186 virile

1953 4218 2193 4276 possunt,
2223 4223 2342 4263 esse
2377 4213 2776 4267 numerandus?

2025 4297 2108 4351 10.
2139 4297 2243 4351 Sed
2283 4285 2554 4351 videamus
2601 4299 2726 4368 quid
2769 4309 2889 4368 post
2931 4301 3043 4354 haec
3075 4303 3329 4372 scriptum
3360 4316 3482 4361 est:

1961 4406 1979 4437 ι
2018 4389 2079 4440 Ει
2112 4390 2412 4455 audierunt,
2437 4390 2608 4458 inquit
2634 4389 2698 4454 ”,
2730 4404 2912 4444 omnes
2958 4406 3108 4459 reges
3145 4395 3486 4450 Amorrhaao-

1957 4491 2092 4540 rmn,
2119 4484 2172 4530 et
2195 4478 2283 4545 qui
2317 4489 2464 4532 trans
2490 4476 2795 4540 Iordanem,
2821 4487 2874 4530 et
2913 4480 3000 4546 qui
3030 4481 3081 4532 in
3122 4484 3403 4546 montanis,
3431 4492 3488 4537 et

1951 4567 2038 4632 qui
2075 4567 2124 4618 in
2159 4567 2376 4633 campis,
2401 4573 2455 4618 et
2475 4566 2560 4634 qui
2594 4579 2752 4632 super
2774 4579 2869 4618 ora
2897 4569 3057 4621 maris
3080 4569 3274 4637 magni,
3299 4579 3353 4623 et
3387 4572 3482 4639 qui

291 4682 522 4724 scuntur
548 4671 622 4722 ³ο.
651 4668 710 4723 Si
750 4681 877 4720 vero
906 4665 1060 4721 simul
1095 4665 1203 4734 (75)
1235 4665 1406 4718 omnis
1435 4663 1724 4730 accipiatur
1753 4662 1845 4714 Ec‘

1952 4664 2104 4709 erant
2135 4657 2185 4708 in
2235 4656 2572 4719 Antilibano,
2614 4664 2668 4709 et
2716 4655 2933 4719 (lethaei,
2981 4667 3035 4710 et
3082 4659 3394 4725 Amorrhzci,
3432 4670 3487 4715 et

292 4758 490 4827 clesia,
523 4760 632 4814 viri
664 4759 882 4826 quidem
909 4757 1274 4823 intelliguntur
1299 4754 1392 4818 illi,
1423 4754 1512 4820 qui
1538 4752 1587 4804 in
1613 4752 1859 4805 omnibus
1951 4745 2254 4808 canna-mi.
2286 4754 2340 4799 et
2365 4744 2652 4810 Pherezaei.
2676 4752 2730 4800 et
2754 4744 2914 4809 Evasi.
2941 4755 2994 4800 et
3023 4746 3292 4816 Geraesei.
3319 4759 3374 4804 et
3399 4749 3487 4804 Je—

268 4936 285 4949 ι
367 4897 413 4929 ⁸⁸
445 4902 563 4955 los.
592 4915 718 4955 VIII.
751 4897 840 4951 '55.
918 4895 962 4926 "
995 4895 1118 4948 ibid.
1197 4896 1240 4926 ³⁸
1259 4863 1438 4944 Matth.
1465 4907 1575 4952 xm,
1596 4891 1648 4944 9.
1726 4891 1766 4921 "
1794 4889 1832 4941 ll
1851 4887 1986 4955 Tim.
2013 4885 2197 4955 ",20.
2252 4885 2295 4955 ‘f
2314 4884 2474 4940 Hebr.
2490 4899 2541 4950 v,
2565 4885 2652 4938 14.
2727 4883 2768 4914 ⁸³
2795 4881 2990 4951 Ephes.
3014 4882 3167 4944 v.27.
3245 4883 3291 4914 ³⁸
3316 4882 3333 4934 l
3360 4882 3484 4936 Cor.

289 4979 351 5019 tu
380 4941 840 5023 ει-ίῖδιιίίῖἰνῖὴ
862 4966 904 4996 ’³
939 4964 957 5016 l
1139 4979 1210 5023 xi,
1234 4941 1582 5014 iﬁr’illebr'.
1602 4941 1681 5022 vi,
1719 4961 1769 5010 l.
1841 4960 1845 4985 τ

1949 4971 2024 5011 os.
2057 4941 2148 5016 'tx,
2179 4954 2230 5018 l,
2255 4952 2312 5006 2.

362 5101 486 5167 (72)
512 5100 671 5166 Mss.,
707 5117 724 5150 ι
764 5096 978 5168 indicet.
1015 5113 1034 5146 ι
1061 5090 1449 5168 l.i_bb._editi,'t
1487 5089 1631 5166 dicit.
1666 5109 1725 5168 »η
1753 5157 1763 5168 .

361 5157 485 5237 (755
511 5157 669 5232 5133.,
693 5185 712 5217 ς
743 5165 1056 5237 quid_e_nim.
1079 5182 1095 5212 ι
1117 5157 1437 5237 Ιιὶωξρᾳίιί,
1466 5159 1633 5237 inquit]
1657 5157 1850 5237 nihil.)

361 5173 465 5236 (75
511 5173 662 5232 Mss.,
693 5185 712 5217 ς
743 5173 870 5233 quid
895 5173 1056 5215 enim.
1079 5182 1095 5212 ι
1117 5173 1437 5235 ιωικοεαιιι,
1466 5173 1633 5237 «quia
1657 5173 1850 5237 nmmo

325 5304 337 5314 .
363 5173 491 5307 (74;
523 5238 679 5300 Mss.,
708 5254 727 5286 ι
772 5232 1141 5300 intelligamus.
1175 5246 1194 5277 ι
1226 5224 1380 5277 Ltbb.
1424 5225 1572 5286 editi,
1608 5242 1625 5273 ι
1662 5225 1855 5278 intelli-

285 5318 500 5442 “"2'7‘5
534 5325 695 5426 ἰίιιιι.
742 5366 956 5442 eam:
994 5363 1170 5442 _S.im9'-
1205 5357 1427 5442 ’U‘mi
1459 5360 1620 5442 “23‘”
1672 5327 1860 5412 mm“

265 5425 504 5507 σεςζεῖέ,
535 5425 567 5492 ἶ
601 5425 655 5494 in
693 5437 822 5507 illis.
865 5425 893 5483 .'
915 5431 1115 5499 Reliqui
1145 5441 1299 5504 mss.,
1333 5425 1644 5507 tsimilisn»

321 5492 709 5579 (ἦέίῖοοζιει
773 5492 1131 5568 Sangertnan.,
1175 5513 1195 5544 σ
1235 5493 1405 5547 viros.
1451 5509 1470 5542 ι
1503 5492 1648 5547 Libb.
1703 5495 1858 5559 editi,

259 5579 285 5615 ι
321 5577 650 5638 \cneliores.
686 5592 708 5625 ι

2026 5089 2134 5159 (77)
2158 5087 2354 5142 Omnes
2375 5101 2529 5154 mss.,
2561 5105 2580 5138 ι
2613 5095 2876 5154 suscepta.
2907 5104 2926 5135 ι
2952 5084 3099 5138 Libb.
3135 5084 3285 5146 editi,
3312 5097 3331 5130 ι
3370 5094 3486 5134 sus-

2059 5168 2116 5208 lt.
2155 5176 2173 5205 ι

1959 5172 2116 5224 certe
2155 5176 2173 5205 ι
3039 5217 3050 5228 .
3239 5215 3250 5226 .
3376 5213 3385 5225 .

2032 5225 2142 5294 (78)
2169 5224 2347 5294 Codex
2376 5223 2756 5294 Sangerman.,
2796 5238 2817 5294 ε
2848 5227 3096 5274 secernit.
3132 5235 3150 5266 ι
3181 5215 3310 5294 Ibid.
3334 5213 3482 5294 libb.

1961 5283 2286 5353 antea'editi,
2325 5311 2342 5342 ‹
2376 5283 2679 5345 ιιθδιῖιιοὺίε
2712 5288 3058 5340 recitante...
3101 5283 3349 5336 cordibus
3391 5290 3487 5334 uol

1962 5363 2105 5422 stris,
2145 5379 2163 5410 ι
2190 5361 2280 5413 sed
2313 5373 2495 5412 omnes
2529 5372 2652 5408 mss.
2685 5363 2738 5405 ut
2774 5355 2825 5404 in
2858 5360 3036 5406 nostro
3068 5358 3215 5403 textu

2032 5429 2162 5496 (78')
2182 5429 2358 5496 Codex
2385 5427 2686 5496 sangerin.,
2714 5438 2732 5469 ‹
2762 5431 3049 5472 sermones.
3086 5433 3106 5464 ι

2033 5494 2142 5568 (79)
2170 5495 2331 5557 Idem,
2363 5512 2380 5544 t
2413 5494 2746 5560 deputantur.
2781 5505 2800 5536 ι
