3822 6202
408 275 472 329 79
1403 313 1406 318 _
1779 245 2089 306 ()RIGENIS

370 390 555 452 huszei,
591 396 642 441 et
677 389 1035 440 convenerunt
1092 379 1143 433 in
1200 392 1394 443 unum,
1433 384 1488 428 ut
1538 377 1902 442 expugnarent
1931 372 1976 427 Α

368 481 549 540 desum
594 488 648 532 et
676 475 835 531 lsrael
865 472 1041 528 simul.
1077 490 1095 522 ι
1127 468 1357 523 Historia
1411 481 1585 519 rerum
1633 472 1900 532 gestarum

371 569 650 625 manifesta
666 575 767 630 est,
792 578 892 618 nec
917 559 1286 629 explanatione
1309 557 1505 624 indiget
1523 553 1660 622 quod
1687 551 1903 604 eviden-

375 669 455 714 ter
482 658 744 726 expletum
773 660 856 707 est
884 668 899 715 ;
925 665 991 704 ex
1024 649 1087 702 iis
1135 657 1306 700 tamen
1339 660 1455 712 qua:
1486 650 1632 713 gesta
1665 647 1788 694 sunt
1819 637 1903 689 vi-

373 748 636 810 sibilibus,
678 745 840 798 nostri
891 739 1096 796 Domini
1148 737 1270 790 Jesu
1319 732 1607 788 Salvatoris
1649 728 1783 784 bella
1843 738 1907 778 ac

373 837 672 904 triumphos
725 847 858 900 quos
910 831 1109 898 egerit,
1169 821 1609 889 contemplemur,
1663 813 1905 884 quamvis

373 928 531 980 etiam
589 925 640 978 in
698 923 812 990 ipso
869 919 981 973 haee
1030 915 1313 971 visibiliter
1358 923 1634 964 cernamus
1676 905 1904 972 expleta.

373 1015 746 1068 Convenerunt
770 1008 911 1061 enim
939 1018 1088 1074 reges
1113 1011 1287 1063 terrae,
1315 1006 1552 1060 senatus,
1581 994 1906 1063 populusque

371 1113 426 1157 et
455 1099 726 1169 principes
769 1094 1012 1156 Romani,
1047 1099 1104 1143 ut
1156 1092 1519 1156 expugnarent
1551 1094 1739 1135 nomen
1780 1078 1904 1133 Jesu

373 1199 422 1245 et
453 1187 619 1244 Israel
650 1183 826 1240 simul.
877 1181 1234 1235 Decreverunt
1271 1176 1410 1229 enim
1445 1172 1644 1241 legibus
1683 1169 1816 1230 suis,
1851 1175 1908 1219 nt

371 1293 478 1332 non
499 1277 607 1330 sint
666 1269 974 1328 Christiani.
1025 1265 1211 1320 Omnis
1271 1263 1482 1325 civitas,
1551 1258 1723 1311 omnis
1774 1255 1905 1308 ordo

373 1364 793 1420 Christianorum
819 1371 1009 1411 nomen
1033 1355 1324 1423 impugnat.
1348 1351 1449 1404 Sed
1481 1349 1617 1402 sicut
1648 1355 1771 1398 tunc
1791 1358 1908 1395 om-

372 1468 470 1510 nes
503 1452 576 1506 illi
611 1463 760 1518 reges
786 1444 1165 1501 convenientes
1213 1449 1395 1494 contra
1434 1435 1612 1491 Jcsum
1662 1432 1791 1485 nihil
1825 1429 1905 1482 fa-

373 1556 495 1597 cere
524 1543 832 1608 potuerunt,
858 1535 931 1587 ita
963 1529 1071 1601 (80)
1098 1528 1180 1582 vel
1207 1526 1471 1596 principes
1500 1521 1587 1575 vel
1619 1526 1908 1588 potestates

375 1638 491 1690 ista:
515 1631 817 1694 contrariae,
853 1637 912 1680 ut
955 1639 1057 1678 non
1088 1621 1508 1694 Christianorum
1541 1627 1704 1684 genus
1749 1608 1908 1662 latius

3499 220 3588 275 880

2006 363 2273 434 quomodo
2323 358 2456 428 ligni
2502 367 2748 411 caesores
2774 390 2790 414 ,
2818 346 2912 402 vel
2973 356 3133 412 aqum
3175 343 3457 408 gestatores
3485 331 3594 387 ﬁant

2014 427 2067 509 et
2113 427 2555 507 condemnentur
2600 441 2746 513 (84)
2810 441 2881 494 ad
2922 433 3257 501 obsequium
3307 427 3508 496 pOpuli,
3550 434 3596 513 et

2013 542 2198 597 altaris
2226 538 2321 593 Dei
2360 511 2765 593 ministerium,
2799 526 3079 598 quoniam
3109 519 3334 588 quidem
3359 528 3472 569 cum
3499 511 3600 566 dolo

2008 640 2062 685 et
2106 627 2412 685 calliditate
2468 627 2840 678 accesserunt
2889 615 2964 669 ad
3021 612 3170 666 ﬁlios
3210 605 3398 667 Israel,
3436 603 3601 670 pannis

2011 716 2511 782 calceamentisque
2543 710 2834 766 veteribus
2881 703 3108 764 induti,
3145 708 3202 753 et
3228 697 3406 751 cibum
3435 693 3602 746 vetusti

2011 808 2164 877 panis
2191 807 2461 860 ferentes.
2498 804 2590 857 Isti
2611 815 2749 870 ergo
2781 797 3028 852 veniunt
3059 792 3129 845 ad
3161 789 3348 844 Jesum
3380 801 3493 839 cum
3512 800 3607 836 om-

2012 876 2168 951 nibus
2203 895 2576 950 vetustatibus
2603 892 2720 947 suis
2743 931 2760 955 ,
2787 899 2848 943 et
2882 892 3062 941 orant
3095 883 3169 934 ab
3205 893 3274 932 eo
3307 876 3410 929 hoc
3433 883 3610 928 tantum

2012 998 2070 1040 ut
2117 986 2423 1040 salventur.
2455 983 2513 1036 ln
2564 995 2805 1050 quorum
2862 977 3052 1046 ﬁgura
3104 969 3215 1024 tale
3261 965 3392 1022 mihi
3439 964 3612 1032 aliquid

2011 1077 2224 1131 videtur
2247 1073 2488 1129 ostendi.
2531 1070 2676 1125 Sunt
2705 1068 2950 1136 quidam
2982 1066 3040 1116 in
3077 1059 3333 1115 Ecclesia
3365 1057 3616 1109 credentes

2013 1166 2229 1234 quidem
2258 1172 2315 1216 et
2344 1162 2614 1215 habentes
2646 1158 2813 1210 ﬁdem
2854 1156 2914 1208 in
2950 1154 3160 1213 Deum,
3195 1155 3252 1202 ct
3300 1144 3618 1213 acquiescen-

2016 1233 2095 1307 tes
2120 1253 2238 1322 (85)
2275 1250 2533 1305 omnibus
2583 1245 2798 1299 divini-3
2845 1251 3169 1313 praeceptus
3214 1253 3231 1291 :
3261 1235 3459 1305 quique
3483 1233 3618 1286 etiam

2012 1356 2141 1408 erga
2165 1353 2357 1394 servos
2381 1337 2474 1392 Dei
2507 1335 2753 1405 religiosi
2778 1343 2945 1398 sunt,
2973 1341 3033 1385 et
3063 1328 3284 1384 servire
3307 1326 3388 1381 eis
3407 1324 3619 1393 cupiunt,

2013 1433 2104 1487 sed
2131 1441 2186 1486 et
2223 1425 2580 1484 adornatum
2610 1427 2886 1482 Ecclesia:
2907 1465 2924 1490 ,
2968 1425 3070 1477 vel
3113 1419 3482 1475 ministerium
3511 1417 3622 1470 satis

2015 1521 2246 1589 prompti
2279 1521 2567 1589 paratique
2597 1526 2760 1580 sunt,
2789 1516 2851 1570 in
2885 1513 3123 1569 actibus
3138 1523 3277 1566 vero
3301 1509 3415 1564 suis
3440 1518 3490 1563 et
3512 1522 3624 1561 cnn-

2012 1608 2324 1662 versatione
2354 1605 2577 1674 propria
2600 1644 2616 1669 ,
2647 1602 3127 1658 obscenitatihus
3169 1609 3228 1653 et
3258 1598 3408 1651 vitiis
3430 1594 3534 1663 (86)
3557 1602 3626 1646 in-

373 1738 437 1777 ac
459 1720 725 1789 profusius
749 1725 1066 1786 propagetur
1087 1691 1217 1784 (81),
1245 1709 1488 1762 obtinere
1509 1719 1610 1758 non
1634 1700 1905 1754 valebunt.
1939 1690 1982 1742 Β
2012 1699 2196 1757 voluti,
2245 1711 2345 1750 nec
2379 1695 2608 1749 omnino
2646 1695 3026 1762 deponcntcs
3074 1701 3330 1745 veterem
3378 1685 3622 1742 hominem

377 1812 644 1877 Scriptum
693 1821 921 1873 namque
950 1814 1030 1857 est
1061 1802 1128 1865 “,
1159 1801 1283 1868 quia
1321 1815 1338 1847 ι
1380 1803 1579 1863 quanto
1623 1789 1787 1858 magis
1819 1801 1910 1840 eos

378 1868 746 1957 bumiliabant,
797 1868 943 1946 tanto
992 1890 1156 1957 magis
1207 1887 1384 1954 plures
1426 1884 1641 1942 ﬁebant,
1677 1887 1728 1932 et
1761 1868 1909 1930 invaé

377 1989 648 2044 lescebant
683 1985 855 2039 valde.
897 2003 914 2034 ι
940 1979 1264 2037 Conﬁdimus
1300 1985 1499 2036 autem,
1534 1972 1654 2039 quia
1689 1985 1790 2024 non
1824 1982 1912 2021 so-

377 2090 484 2132 lum
517 2091 617 2129 non
649 2089 745 2128 nos
772 2079 1019 2142 poterunt
1050 2070 1293 2122 obtinere
1341 2061 1576 2116 visibiles
1610 2057 1830 2116 inimici.
1861 2065 1914 2110 et

376 2165 665 2222 adversarii
698 2162 889 2222 nosui,
924 2172 1106 2214 verum
1153 2155 1315 2209 etiam
1359 2149 1614 2204 velociter
1655 2147 1777 2201 Jesu
1809 2146 1912 2198 Do-

378 2257 523 2310 mino
565 2262 746 2306 nostro
772 2251 1015 2302 vincente
1043 2252 1344 2300 conteretur
1375 2241 1607 2295 Satanas
1638 2237 1736 2292 sub
1767 2236 1914 2304 pedi-

377 2344 477 2400 bus
501 2356 774 2397 servorum
803 2338 936 2405 ejus.
968 2336 1057 2388 Illo
1084 2335 1278 2388 etenim
1304 2332 1438 2385 duce
1463 2342 1670 2396 semper
1702 2327 1918 2378 vincent

380 2434 573 2489 milites
604 2429 708 2496 sui,
739 2429 810 2481 ita
862 2436 919 2478 ut
966 2433 1019 2478 et
1061 2439 1159 2478 nos
1212 2422 1450 2474 dicamus
1497 2419 1632 2472 sicut
1661 2417 1712 2468 in
1751 2415 1917 2468 Esdra

380 2525 634 2591 scriptum
666 2525 748 2572 est
770 2519 835 2576 ’³.
864 2515 984 2582 quia
1021 2531 1040 2564 ‹
1074 2529 1102 2565 a
1147 2519 1219 2576 te,
1256 2509 1494 2571 Domine,
1548 2514 1630 2559 est
1672 2504 1915 2564 victoria,

277 2629 286 2638 '
382 2621 438 2668 et
465 2627 562 2680 ego
591 2622 777 2664 servus
809 2618 948 2668 Inus,
977 2602 1286 2658 benedictus
1316 2613 1396 2660 es,
1430 2598 1567 2650 Deus
1592 2592 1856 2648 veritatis.
1891 2609 1911 2640 ο

382 2705 548 2769 Quem
575 2714 784 2766 semper
813 2708 864 2751 et
891 2712 987 2751 nos
1015 2696 1340 2755 invocemus,
1371 2697 1429 2742 nt
1459 2691 1544 2742 det
1571 2687 1724 2740 nobis
1751 2686 1919 2738 victo-

383 2792 517 2846 riam
552 2790 602 2844 in
633 2787 848 2841 Christo
881 2784 1002 2838 Jesu
1033 2782 1254 2836 Domino
1289 2788 1492 2840 nostro,
1525 2776 1609 2829 cui
1649 2783 1729 2828 est
1751 2772 1918 2843 gloria

383 2889 439 2934 et
469 2877 746 2947 imperium
774 2866 826 2927 in
858 2869 1044 2926 saecula
1076 2869 1407 2923 saeculorum.
1439 2871 1628 2918 Amen.

961 2976 1232 3033 HOMILlA
1271 2975 1338 3027 Χ.

387 3073 466 3133 De
514 3074 633 3128 dolo
676 3067 1106 3131 Gabaonitarum,
1148 3067 1236 3119 ubi
1277 3065 1452 3117 dicunt
1489 3078 1507 3114 :
1549 3079 1568 3111 ι
1620 3057 1919 3133 Ααάῑυὶηξηδ

467 3151 646 3208 inania
686 3125 819 3208 Sjecit
861 3125 1115 3192 Dominus
1173 3134 1433 3188 vobiscum
1483 3146 1572 3197 per
1627 3143 1766 3180 mare
1817 3125 1922 3177 Ru-

492 3227 624 3264 rum.
671 3229 689 3260 1

461 3318 512 3373 1.
577 3335 597 3370 ι
667 3304 721 3372 ln
775 3319 932 3372 domo
990 3312 1166 3366 Patris
1222 3311 1323 3364 mei
1390 3307 1692 3361 mansiones
1748 3303 1925 3358 mnltae

391 3419 533 3468 sunt,
567 3425 588 3459 ι
622 3409 751 3460 dicit
777 3406 1006 3459 Verbum
1037 3401 1126 3454 Dci
1150 3400 1216 3452 ".
1241 3399 1343 3452 Sed
1368 3407 1421 3451 et
1443 3395 1760 3450 resurrectio
1790 3408 1926 3447 rnor-

390 3506 603 3553 ttzorum
633 3512 736 3549 non
763 3493 974 3549 habebit
995 3489 1249 3559 aequalem
1273 3488 1658 3555 resurgentium
1679 3485 1923 3553 gloriam,

392 3589 484 3643 sed
517 3603 533 3636 α
563 3586 664 3639 alia
693 3575 1774 3649 carovolucrum,aliapecorum(82),alia
1799 3589 1927 3628 vero

392 3675 646 3744 piscium;
683 3682 740 3725 et
761 3684 984 3738 corpora
1012 3669 1269 3734 cmlestia,
1295 3674 1349 3721 et
1384 3681 1604 3732 corpora
1629 3664 1926 3725 terrestria,

393 3765 488 3820 sed
516 3762 617 3816 alia
646 3761 857 3828 quidem
888 3757 1181 3814 etelestium
1211 3756 1402 3826 gloria,
1445 3755 1548 3811 alia
1593 3768 1720 3807 vero
1761 3761 1930 3804 terre-

393 3853 599 3905 strium.
631 3849 744 3901 Alia
773 3848 938 3916 gloria
966 3847 1116 3908 solis,
1144 3845 1244 3898 alia
1273 3845 1435 3914 gloria
1458 3843 1615 3907 lunae,
1643 3841 1740 3894 alia
1764 3839 1930 3908 gloria

394 3939 686 3993 stellarum.
729 3935 889 3989 Stella
929 3937 996 3991 ab
1030 3936 1179 3989 stella
1220 3933 1396 3986 diﬁ‘ert
1431 3933 1482 3984 in
1517 3931 1715 3998 gloria,
1754 3930 1828 3982 ita
1876 3938 1930 3982 et

394 4025 715 4082 resurrectio
745 4035 1072 4077 mortuorum
1103 4024 1170 4079 "’.
1205 4040 1224 4073 ι
1249 4021 1427 4074 Multa:
1464 4035 1590 4090 ergo
1620 4033 1803 4072 eorum
1839 4015 1930 4086 qui

395 4119 460 4171 ad
484 4117 706 4171 salutem
729 4116 946 4169 veniunt
975 4112 1284 4168 diﬁerentiae
1311 4112 1679 4181 designantur.
1707 4108 1859 4162 Unde
1881 4118 1934 4161 et

395 4220 538 4260 nunc
559 4203 877 4256 Gabaonitas
902 4204 1050 4267 istos,
1072 4217 1294 4270 quorum
1323 4201 1542 4256 historia
1575 4201 1794 4253 recitata
1822 4197 1931 4268 (85)

395 4291 554 4364 423
584 4301 684 4356 est,
709 4293 937 4346 arbitror
963 4292 1353 4360 portiunculam
1381 4289 1666 4358 quamdam
1690 4303 1806 4342 esse
1832 4303 1922 4341 eo-

2010 1801 2131 1839 cum
2161 1787 2375 1838 actibus
2405 1785 2544 1849 suis,
2575 1785 2674 1839 sed
2711 1783 2967 1836 involuti
3019 1781 3268 1834 vetustis
3305 1778 3450 1830 vitiis
3478 1785 3525 1831 et
3549 1774 3628 1828 ob-

2011 1877 2369 1930 scenitatibus
2396 1875 2540 1939 suis,
2578 1875 2732 1928 sicut
2769 1883 2830 1928 et
2867 1872 2966 1926 isti
3005 1870 3214 1940 pannis
3245 1878 3303 1924 et
3326 1867 3626 1923 calceamen-

2013 1967 2370 2020 tisveteribus
2393 1965 2628 2028 obtecti,
2657 1971 2875 2033 praeter
2911 1963 3030 2015 hoc
3063 1960 3220 2027 quod
3253 1959 3308 2012 in
3339 1958 3497 2010 Deum
3528 1970 3626 2008 cre-

2017 2057 2168 2119 dunt,
2194 2064 2250 2109 et
2278 2070 2403 2123 erga
2439 2068 2637 2108 servos
2670 2054 2764 2105 Dei
2794 2052 2894 2106 vel
2929 2048 3210 2104 Ecclesiae
3237 2047 3440 2102 cultum
3466 2045 3626 2100 viden-

2015 2155 2102 2199 tur
2126 2159 2246 2198 esse
2277 2144 2476 2205 devoti,
2506 2143 2643 2196 nihil
2685 2142 2976 2195 adhibent
3004 2139 3426 2194 emendationis
3448 2137 3527 2189 vel
3564 2137 3630 2187 in-

2015 2235 2316 2288 novationis
2352 2235 2404 2285 in
2438 2231 2876 2305 moribusl(87).
2918 2232 3057 2285 Istis
3088 2246 3228 2298 ergo
3269 2229 3430 2283 Jesus
3473 2226 3629 2282 Domi-

2017 2339 2116 2377 nus
2151 2333 2334 2377 noster
2365 2322 2603 2377 salutem
2639 2323 2884 2390 quidem
2922 2321 3227 2386 concedit,
3264 2321 3359 2375 sed
3390 2319 3625 2388 quodam-

2016 2415 2173 2468 modo
2199 2413 2342 2466 salus
2369 2414 2487 2481 ipsa
2521 2428 2717 2466 eorum
2755 2423 2972 2467 notam
3028 2429 3146 2467 non
3181 2412 3368 2465 evadit
3400 2410 3626 2463 infantia.

2019 2502 2220 2556 Similis
2246 2475 2460 2570 quoque
2487 2502 2657 2554 etiam
2699 2500 2755 2552 in
2799 2501 3013 2554 libello
3049 2500 3148 2568 qui
3207 2499 3509 2568 appellatur
3536 2493 3629 2546 Pa-
3679 2475 3682 2484 ’

2016 2597 2175 2651 storis
2206 2595 2342 2667 (88).
2366 2596 2432 2649 de
2461 2596 2548 2650 his
2581 2595 2762 2664 ﬁgura
2798 2595 3202 2650 describitur.
3230 2595 3323 2646 Ait
3348 2593 3505 2652 enim,
3526 2589 3630 2656 quia

2019 2691 2102 2736 est
2136 2683 2298 2736 arbor
2324 2685 2597 2748 quaedam,
2631 2697 2760 2749 qua:
2796 2681 3006 2736 ulmus
3035 2681 3380 2752 appellatur,
3411 2695 3521 2747 qua:
3547 2678 3632 2729 fru-

2018 2781 2163 2825 ctum
2193 2786 2301 2824 non
2329 2769 2510 2833 affert,
2533 2779 2724 2837 portat
2753 2778 2963 2825 tamen
2993 2774 3178 2827 vitem
3215 2788 3339 2841 quas
3365 2771 3512 2824 affert
3539 2768 3632 2838 plu-

2025 2861 2216 2915 rimum
2248 2861 2504 2925 fructum,
2535 2871 2590 2914 et
2624 2877 2694 2914 ex
2731 2876 2803 2915 eo
2830 2865 2997 2931 quod
3035 2865 3384 2919 adminiculo
3427 2875 3505 2920 est
3528 2863 3632 2926 viti,

2022 2966 2140 3018 quae
2173 2951 2288 3018 ejus
2317 2950 2523 3003 viribus
2551 2950 2759 3011 nitens,
2793 2951 2887 3004 vel
2923 2951 3168 3015 afferre,
3199 2953 3284 3006 vel
3315 2966 3518 3007 servare
3545 2965 3628 3020 po-

2024 3049 2126 3094 test
2167 3038 2456 3108 plurituum
2504 3038 2774 3103 fructum,
2815 3043 3012 3095 etiam
3052 3043 3248 3098 ulmus
3275 3083 3291 3107 ,
3325 3060 3441 3113 qua:
3481 3042 3631 3096 infru-

2021 3142 2208 3187 ctuosa
2234 3141 2339 3196 est,
2373 3131 2696 3185 necessaria
2727 3134 2980 3188 videtur
3014 3145 3078 3189 et
3128 3137 3290 3190 utilis
3315 3151 3381 3190 ex
3413 3138 3503 3189 hoc
3531 3135 3631 3201 ipso

2022 3223 2164 3291 quod
2192 3218 2485 3274 fructifera:
2517 3218 2631 3289 (89)
2668 3220 2986 3276 deserviat
3014 3224 3146 3278 viti.
3181 3224 3318 3279 Tale
3349 3225 3532 3291 aliquid
3554 3223 3628 3277 in-

2028 3312 2206 3378 tellige
2253 3314 2415 3363 etiam
2463 3310 2520 3361 in
2570 3308 2926 3365 Gabaonitis
2976 3314 3082 3382 qui
3141 3329 3260 3367 non
3305 3316 3626 3382 deposuerunt

2025 3404 2240 3473 quidem
2271 3408 2508 3453 veterem
2542 3399 2833 3454 hominem
2868 3417 3014 3457 cum
3059 3405 3297 3460 actibus
3324 3405 3426 3460 suis
3446 3443 3461 3467 ,
3491 3401 3629 3456 mini-

2028 3500 2201 3548 S'rant
2230 3500 2407 3544 tamen
2438 3490 2648 3543 sanctis
2679 3499 2735 3543 et
2777 3494 3088 3560 serviunt,
3135 3506 3195 3549 et
3223 3496 3426 3562 aliquid
3455 3493 3633 3546 utilita—

2029 3583 2098 3636 tis
2127 3581 2466 3648 impendunt,
2497 3588 2550 3633 et
2580 3578 2678 3632 tali
2712 3583 2988 3649 quodam
3031 3587 3245 3641 ordine
3277 3587 3342 3641 ab
3372 3584 3486 3641 Iesu
3513 3583 3635 3637 salu-

2032 3680 2140 3724 tem
2205 3684 2326 3722 cum
2398 3667 2700 3735 juramenti
2791 3671 3263 3744 interpositione
3346 3673 3632 3743 suscipiunt.

2028 3761 2141 3829 Ego
2208 3758 2457 3812 nolebam
2535 3761 2590 3811 in
2672 3757 3166 3820 Gabaonitarum
3253 3767 3443 3822 ordine
3504 3764 3634 3819 salu-

2029 3859 2134 3899 tem
2165 3843 2273 3915 (90)
2306 3843 2590 3911 consequi,
2620 3857 2726 3898 nec
2758 3846 2818 3900 in
2853 3847 3003 3918 ligni
3036 3855 3375 3920 cmsoribus,
3406 3854 3483 3908 vel
3509 3864 3636 3921 aqua

2031 3931 2394 4002 gestatoribus
2453 3934 2790 3999 numerari,
2846 3941 2954 3993 sed
3025 3941 3184 3997 inter
3246 3944 3515 3999 Israelitas
3546 3958 3636 3996 ca-

2031 4037 2160 4090 pere
2205 4022 2575 4076 hzereditatem
2612 4033 2670 4075 et
2699 4028 3050 4092 portionem
3082 4043 3256 4088 terra:
3288 4031 3638 4102 promissionis

2033 4111 2274 4178 accipere
2299 4110 2436 4180 (9|).
3137 4157 3146 4164 .

2100 4201 2155 4252 2.
2186 4198 2598 4254 Observandum
2633 4216 2777 4258 sane
2812 4218 2906 4261 est
2930 4247 2949 4272 ,
3002 4215 3167 4280 quod
3213 4215 3396 4269 solent
3429 4208 3636 4266 haeretici

2028 4289 2271 4356 legentes
2297 4288 2444 4341 hunc
2471 4287 2652 4343 locum
2681 4293 3051 4353 calumniam
3085 4301 3284 4357 facere
3310 4342 3324 4364 .
3373 4303 3408 4356 ii
3443 4301 3526 4371 qui
3553 4298 3639 4352 Te-

399 4396 519 4436 rum
544 4417 562 4446 ,
609 4381 696 4446 qui
730 4380 968 4432 salvandi
999 4392 1158 4446 sunt,
1192 4382 1265 4435 ita
1312 4389 1486 4434 tamen
1514 4389 1570 4432 ut
1597 4394 1699 4432 non
1730 4379 1930 4443 absque
1961 4365 2003 4418 Ῐ)
2032 4385 2362 4430 stamentum
2395 4375 2568 4431 Vetus
2603 4394 2716 4435 non
2769 4388 3099 4456 recipiunt,
3152 4401 3208 4445 et
3267 4365 3494 4446 dicunt:
3530 4388 3641 4443 Vide

406 4469 631 4538 alicujus
677 4479 817 4523 nota:
871 4470 1136 4525 inustione
1180 4472 1466 4526 salventur.
1503 4470 1658 4523 Vides
1681 4481 1933 4535 ,namque

2033 4465 2303 4534 quomodo
2334 4466 2468 4518 nihil
2496 4467 2876 4531 humanitatis
2906 4480 3114 4534 habuit
3135 4481 3310 4537 Jesus
3337 4483 3474 4537 ﬁlius
3492 4478 3638 4542 Nave»

375 4559 380 4567 ’
469 4563 515 4596 ⁸⁸
541 4562 708 4617 Exod.
745 4578 782 4628 ι,
812 4561 896 4614 12.
971 4563 1015 4593 ³⁸
1038 4560 1102 4616 lll
1133 4563 1283 4619 Esdr.
1317 4578 1390 4628 tv,
1417 4563 1504 4625 59,
1529 4561 1616 4616 60.
1691 4561 1738 4592 "
1761 4558 1916 4613 Joan-

2080 4557 2136 4611 2.
2209 4559 2254 4589 ³⁷
2285 4556 2307 4609 Ι
2334 4556 2461 4612 Cor.
2499 4575 2594 4626 xv,
2626 4563 2833 4621 59-“,

490 4701 578 4840 80;
605 4702 660 4755 ln
691 4702 874 4756 eodem
900 4701 1065 4763 deest,
1099 4720 1118 4752 ι
1149 4703 1241 4755 ita.
1277 4722 1295 4753 ι

491 4773 549 4825 81
611 4769 749 4823 Idem
782 4769 1104 4840 ms._habet,
1137 4787 1156 4818 ‹
1185 4784 1295 4840 pro;

491 4766 578 4839 81)
611 4769 749 4823 Idem
782 4769 1104 4839 ms._habet,
1137 4787 1156 4818 ‹
1185 4781 1518 4839 propagetur.
1550 4791 1568 4822 ›
1593 4769 1749 4824 Libb.
1780 4766 1930 4839 editi,

404 4859 427 4896 ι
461 4837 993 4920 p_rorogetttr._i_Mox
1036 4837 1088 4888 in
1126 4837 1308 4920 eodem
1341 4837 1522 4894 codice
1574 4838 1933 4904 manuscripto

400 4904 676 4967 omittitur,
711 4924 728 4956 ι
759 4907 998 4959 obtinere
1031 4919 1132 4957 non
1157 4904 1420 4959 valebunt.
1459 4926 1477 4957 ι

470 4973 578 5112 (82)
607 4976 802 5028 Omnes
828 4989 978 5033 tnss.,
1011 4991 1029 5024 ι
1069 4971 1171 5024 alia
1198 4987 1471 5039 pecorum.
1520 4993 1538 5026 ι

494 5045 581 5108 85)
610 5042 787 5112 Codex
817 5040 1116 5111 Sangerm.,
1143 5058 1161 5091 ε
1186 5042 1404 5097 recitata
1427 5053 1524 5098 est.

494 5038 581 5108 85)
610 5042 787 5111 Codex
817 5040 1116 5111 Sangertn.,
1143 5058 1161 5091 ε
1186 5038 1404 5097 recitata
1427 5053 1524 5098 est.
1555 5061 1573 5094 ι
1602 5039 1755 5095 Libb.
1781 5038 1930 5101 editi,

408 5131 427 5164 ι
465 5110 734 5164 recitauda
763 5119 863 5162 est.
899 5128 917 5159 ι

493 5179 582 5246 84)
605 5177 766 5246 Idem,
804 5196 822 5227 ι
861 5177 984 5230 ﬁant
1005 5186 1059 5230 et
1087 5177 1522 5233 condemnentur.
1553 5195 1571 5227 ι
1605 5175 1755 5229 Libb.
1779 5173 1928 5236 editi,

407 5263 429 5299 ι
469 5245 586 5298 ﬁeri
622 5245 1055 5298 condemnentur.
1093 5263 1112 5295 ι

474 5313 584 5391 (85)
609 5312 772 5391 ldett_t,
803 5329 821 5362 ‹
849 5314 1123 5367 credentes
1153 5314 1256 5367 ﬁde
1284 5315 1336 5366 in
1362 5311 1538 5368 Jesum
1574 5309 1850 5363 Dominum
1878 5317 1933 5362 et

408 5389 822 5442 acquiescentes.
863 5399 882 5431 ›

410 5443 583 5561 vix?)
609 5443 749 5559 idem
794 5461 912 5502 cum
957 5447 1347 5513 Gemeticcnsi,
1389 5465 1407 5499 ι
1457 5444 1672 5502 obsceni
1716 5442 1848 5499 satis
1877 5452 1932 5499 et

2036 4698 2221 4819 reS(.87))
2249 4697 2418 4764 ldem’
2453 4716 2474 4750 ⁸
2515 4699 2570 4752 in
2607 4707 2893 4763 moribus.
2937 4729 2956 4764 ι
2987 4709 3156 4766 Libb.
3193 4712 3370 4775 editi,
3413 4729 3432 4762 ι
3471 4710 3518 4764 in
3542 4722 3638 4762 mo-

2037 4834 2218 4953 Pa(83)
2240 4835 2467 4916 .Similis
2505 4854 2725 4918 quoque
2750 4847 2920 4900 etiam
2951 4850 3000 4927 in
3028 4846 3222 4903 libello
3254 4851 3347 4918 qui
3370 4844 3639 4917 appellata!

2122 4914 2300 4963 storts.
2331 4915 2436 4958 etc.
2469 4905 2610 4962 the
2650 4911 2909 4963 Pastoris
2934 4918 3140 4963 librum
3178 4920 3426 4963 tertium-
3469 4911 3636 4963 simili.

2037 4911 2300 4982 Pastoris,
2331 4915 2436 4958 etc.
2469 4911 2610 4962 Vide
2650 4911 2909 4969 Pastoris
2934 4918 3140 4970 librum
3178 4911 3445 4979 tertium,
3469 4911 3636 4970 simili-

2035 4971 2224 5050 ‘l'd'ne
2256 4976 2619 5050 599"“daret
2644 4981 2916 5040 Cotelerii
2944 4993 3106 5040 notas
3141 4987 3199 5040 in
3231 4989 3375 5040 hanc
3407 4982 3636 5040 similitu-

2035 5039 2213 5091 dinem
2246 5044 2373 5096 vitis
2399 5053 2454 5096 et
2483 5039 2649 5104 ulmi.

2039 5190 2058 5222 (
2098 5105 2806 5234 §§[?)ig2t:x'Sattgertn.,
2838 5142 2858 5176 ‹
2891 5119 3220 5220 fructiferas.
3258 5141 3280 5176 ι
3313 5122 3468 5177 Libb.
3497 5114 3632 5180 editi,

2103 5192 2218 5315 (99%
2251 5221 2523 5315 δαίιάεηι,
2567 5255 2749 5315 deeSt
2777 5262 2834 5315 in
2858 5261 3179 5315 libb.antea
3207 5259 3392 5315 editis.
3418 5257 3508 5313 sed
3548 5269 3630 5309 ex-

2035 5241 2229 5366 “
2251 5247 2523 5373 ξςέέξεηι,
2567 5255 2749 5316 deest
2777 5262 2834 5318 in
2857 5261 3179 5337 libb.antea
3207 5259 3392 5320 editis.
3418 5257 3508 5313 sed
3548 5269 3630 5309 ex-

2449 5391 2596 5472 .editi
2630 5437 2648 5473 _.
2715 5421 2740 5454 ι
2779 5409 3018 5473 cuperem
3066 5395 3447 5473 hereditatem
3489 5401 3627 5473 teme

2035 5455 2497 5568 {ﬁgromissiouis
2523 5455 2805 5541 accipere—
2821 5455 2890 5540 μ’.
2927 5464 3011 5524 sed
3037 5464 3222 5518 codex
3272 5462 3540 5534 Sangerm.
3571 5466 3621 5510 ut

2139 5531 2322 5568 loslrn
2349 5537 2499 5568 ιιηιιιι

2139 5531 2322 5582 lOSll‘O
2349 5537 2526 5588 textu.
