3822 6226
115 358 227 485 σθ

248 302 295 385 ι

280 420 582 491 ὶὶῢιιῆιιῃ)
588 455 672 498 “8

133 494 560 597 γθρὶξεειὶειιε

161 627 183 661 ρ,
218 592 263 677 Ἰ
285 592 554 677 Niger-et.

176 642 263 737 \l

215 767 265 815 Ξ(

590 550 887 626 .__t\otam
927 553 1018 609 eis
1051 554 1280 608 infamia:
1322 565 1377 611 et
1421 556 1602 626 jugnm
1630 558 1902 612 servitutis

360 620 554 721 56f“;
606 620 766 721 tiam
821 638 878 693 εἰ
932 644 1121 698 anima
1173 645 1361 699 audiat
1421 620 1599 702 minus
1645 648 1901 701 instructa

290 709 585 813 ιξιυξιιτιε
615 715 879 796 divinis,
928 733 1196 813 infirmari
1234 736 1491 792 continuo
1528 746 1579 791 et
1609 738 1898 806 periclitari

246 804 489 908 φὶεξξς
522 804 609 863 ita
740 810 1007 892 refugiat
1036 808 1355 882 catholicam
1399 827 1578 883 ﬁdem.
1608 804 1722 883 Non
1754 830 1898 884 enim

282 895 618 973 \\s\%\\‘%\llﬂ
660 904 786 979 (92)
838 927 1041 969 eorum
1083 917 1472 985 subreptiones.
1537 916 1696 972 Jesus
1754 918 1896 972 enim

267 5279 477 5355 bililat'e

329 1004 633 1051 mensuram
675 993 812 1053 ﬁdei
866 1000 1115 1070 ipsorum
1164 1004 1397 1071 intuens,
1432 1014 1740 1074 competens
1771 1021 1896 1075 erga

329 1097 418 1138 eos
442 1081 715 1152 judicium
748 1089 949 1143 tenuit.
995 1090 1163 1145 Porro
1208 1101 1386 1148 autem
1428 1094 1575 1151 Raab
1621 1097 1897 1159 meretrix,

330 1187 453 1242 qua:
483 1173 591 1228 ﬁde
641 1174 861 1245 integra
888 1179 1120 1233 credidit
1147 1196 1266 1235 cum
1297 1182 1441 1235 omni
1475 1184 1631 1237 domo
1661 1197 1756 1236 sua
1781 1220 1797 1245 ,
1846 1191 1901 1237 et

321 1264 716 1332 exploratores
745 1266 1070 1323 lsraeliticos
1105 1269 1408 1335 plenissima
1455 1271 1737 1326 devotione
1778 1286 1897 1326 sus-

321 1351 499 1419 cepit,
545 1367 616 1406 ex
659 1352 874 1422 integro
900 1354 956 1407 in
993 1356 1323 1410 consortium
1350 1357 1528 1427 populi
1564 1359 1898 1415 societatem-

311 1454 436 1508 que
463 1451 723 1510 suscepta
751 1452 854 1507 est,
886 1452 941 1498 et
969 1447 1226 1513 scriptum
1253 1456 1337 1501 est
1376 1446 1442 1501 de
1471 1463 1555 1513 ea,
1583 1449 1704 1517 quia
1737 1462 1897 1516 appo-

308 1530 437 1583 sita
467 1541 555 1585 est
582 1533 651 1586 ad
692 1532 831 1588 filios
852 1533 1013 1589 lsrael
1041 1550 1208 1605 usque
1231 1536 1283 1590 in
1315 1538 1633 1591 hodiernum
1666 1538 1802 1592 diem
1830 1538 1893 1591 ’⁸.

304 1616 422 1670 Isti
455 1632 593 1671 vero
620 1618 715 1687 qui
750 1635 858 1673 non
908 1633 1016 1674 tam
1065 1622 1371 1677 lsraeliticte
1415 1623 1590 1693 gentis
1628 1625 1897 1678 consortia

302 1707 678 1771 dilexerunt,
712 1724 877 1777 quam
910 1725 1020 1765 sua:
1064 1713 1377 1780 perditionis
1410 1723 1551 1768 metu
1598 1714 1893 1783 perterriti,

1326 352 1398 410 ΙΝ
1433 356 1686 413 LIBRUM
1716 358 1877 414 JESU
1916 358 2099 413 NAVE
2134 359 2410 415 HOMILIA
2444 361 2513 415 Χ.

705 458 828 522 (Ni
879 463 966 520 ad
995 481 1060 522 se
1086 467 1349 537 supplices
1375 481 1632 526 venerant
1674 473 1896 527 salutem
1926 478 1969 533 Α
1999 490 2277 544 precamur
2302 489 2416 536 vos,
2449 474 2661 539 fratres,
2693 470 2839 526 verbi
2872 471 2965 526 Dei
3004 470 3267 543 legatione
3313 473 3532 545 fungen-

3429 359 3537 417 883

2001 569 2101 624 tes,
2136 567 2191 612 ut
2217 558 2338 613 dum
2362 566 2671 627 potestatem
2699 557 2872 611 adhuc
2898 560 3156 615 habemus
3182 561 3528 626 emendandi,

1998 649 2182 703 demus
2212 662 2465 717 operam,
2491 658 2545 701 et
2588 647 2899 702 festinemus
2940 648 3252 717 abjicientes
3282 648 3525 718 antiquas
3613 636 3633 648 ’

1997 737 2180 792 sordes
2207 744 2260 791 et
2303 752 2503 806 pannos
2530 746 2738 791 veteres
2770 737 3045 800 vitiorum,
3074 735 3317 805 conjungi
3352 752 3415 791 ac
3438 740 3533 792 ἐο-

1998 824 2130 878 ciari
2172 825 2473 880 Israelitica:
2501 825 2757 880 libertati.
2789 823 2882 879 Vis
2911 832 3085 879 autem
3120 825 3297 879 videre
3326 826 3531 879 Israeli-

2002 922 2172 966 tarum
2200 921 2395 981 quanta
2419 912 2636 967 libertas
2668 913 2737 967 sit
2757 912 2782 966 ?
2804 910 2862 965 In
2904 911 3021 979 lege
3042 912 3103 943 ³¹’
3125 913 3429 980 praecipitur
3465 928 3531 968 ne

1999 999 2158 1055 liceat
2182 1000 2457 1054 Hebraeum
2486 1014 2705 1068 puerum
2729 999 2769 1053 si
2798 997 2935 1054 forte
2959 999 3013 1051 in
3039 998 3346 1053 servitutem
3371 1000 3532 1054 deve-

2003 1089 2162 1151 nerit,
2185 1088 2408 1156 amplius
2433 1103 2589 1156 quam
2616 1102 2707 1141 sex
2737 1087 2892 1141 annis
2915 1086 3138 1149 servire,
3156 1087 3383 1155 septimo
3404 1101 3531 1140 vero

2003 1189 2140 1228 anno
2163 1175 2355 1228 dimitti
2379 1190 2497 1228 eum
2533 1174 2618 1228 lex
2645 1174 2865 1229 liberum
2886 1175 3056 1244 jubet.
3078 1172 3248 1235 Tanta
3274 1176 3411 1242 apud
3441 1188 3531 1229 eos

2000 1262 2259 1315 libertatis
2288 1271 2369 1316 est
2397 1278 2550 1316 cura.
2578 1261 2706 1328 Quae
2737 1265 2919 1330 utique
2953 1263 2996 1318 si
3033 1262 3097 1315 ad
3126 1263 3415 1332 spiritalem
3444 1264 3530 1315 in-

1999 1351 2338 1420 telligentiam
2373 1367 2712 1417 revocemus,
2752 1354 2913 1406 etiam
2955 1351 3000 1406 si
3036 1351 3286 1405 Hebraeus
3312 1367 3445 1420 puer
3472 1366 3529 1407 es

1998 1448 2050 1492 tu
2077 1478 2092 1502 ,
2118 1441 2207 1509 qui
2254 1439 2305 1492 in
2337 1440 2612 1494 servitium
2658 1441 2903 1495 decidisti
2944 1442 3100 1511 (puer
3127 1442 3264 1495 enim
3293 1449 3408 1504 est,
3436 1441 3527 1509 qui

1996 1528 2254 1583 facilitate
2279 1528 2441 1603 animi
2477 1529 2528 1582 in
2577 1531 2851 1583 servitium
2903 1531 3114 1585 decidit.
3154 1530 3321 1596 Quale
3361 1530 3531 1585 servi-

2000 1618 2175 1671 tium?
2206 1616 2479 1686 Scriptura
2509 1619 2637 1673 dicit
2657 1619 2738 1672 ³³ε
2775 1636 2795 1670 ι
2828 1620 2928 1686 Qui
2968 1629 3143 1674 autem
3170 1627 3374 1689 peccat,
3415 1633 3531 1672 ser-

1996 1721 2092 1760 vus
2136 1715 2218 1761 est
2250 1707 2475 1775 peccati.
2512 1725 2531 1759 ι
2566 1708 2623 1762 in
2661 1710 2762 1764 hoc
2806 1710 3082 1765 senitium
3115 1725 3216 1763 non
3258 1708 3426 1761 virilis
3474 1715 3531 1760 et

297 1814 451 1853 cum
504 1773 817 1855 calliditate
862 1812 918 1856 et
963 1773 1154 1858 fraude
1192 1814 1534 1859 accesserunt
1575 1773 1641 1857 a-d
1687 1773 1892 1871 Iesum,
1925 1773 1968 1827 Β
1997 1773 2265 1864 perfectus
2311 1797 2519 1852 animus
2564 1799 2778 1865 decidit,
2811 1798 2904 1854 sed
2953 1799 3171 1867 puerilis
3202 1807 3254 1854 et
3300 1796 3526 1868 facilis);

296 1888 607 1956 quomodo
637 1898 901 1957 poterant
928 1888 1230 1945 libertatem
1261 1892 1379 1945 vitm
1422 1899 1475 1945 et
1507 1891 1653 1961 regni
1676 1904 1898 1946 consor-

299 1974 457 2027 tium
492 1974 639 2029 dolis
666 1975 961 2029 servilibus
989 1977 1326 2044 promereri}
1371 1977 1604 2043 Denique
1630 1978 1710 2031 vis
1741 1992 1896 2033 nosse

293 2061 649 2131 quia.digna
678 2078 809 2130 erga
837 2078 931 2117 eos
955 2065 1022 2119 ab
1054 2063 1176 2119 Jesu
1206 2066 1399 2118 mentis
1433 2080 1618 2119 eorum
1650 2066 1895 2134 ignobili-

296 2160 433 2205 tate
463 2151 581 2222 (95)
608 2152 859 2206 conditio
883 2152 1185 2220 dispensata
1207 2155 1326 2209 est?
1352 2154 1455 2223 Ipsi
1485 2153 1668 2210 dicunt
1687 2154 1895 2223 ",quia

290 2241 642 2295 audivimus
670 2250 873 2309 quanta
899 2241 1024 2296 fecit
1051 2244 1302 2296 Dominus
1325 2244 1472 2299 vobis
1501 2260 1593 2313 per
1620 2260 1766 2299 mare
1782 2244 1894 2300 Rn—

288 2330 482 2383 brum
504 2368 520 2392 ,
558 2337 620 2382 et
652 2328 711 2382 in
744 2329 980 2383 deserto.
1010 2329 1076 2383 Et
1104 2344 1225 2383 cum
1277 2331 1389 2386 lure
1416 2331 1656 2384 dicerent
1674 2370 1690 2397 ,
1718 2341 1771 2384 et
1797 2349 1894 2386 au-

291 2418 469 2474 disse
497 2433 562 2473 se
581 2459 597 2483 ,
627 2427 687 2473 et
711 2419 854 2473 scire
892 2419 958 2474 de
993 2419 1189 2474 divinis
1214 2421 1547 2476 mirabilibus
1576 2422 1891 2489 faterentur,

291 2508 456 2561 nihil
503 2517 699 2561 tamen
735 2507 838 2563 fide
868 2508 1118 2576 dignum,
1170 2508 1301 2562 nihil
1347 2519 1610 2565 tantarum
1641 2511 1894 2566 virtutum

291 2596 705 2667 admiratione
736 2607 1038 2666 gesserunt.
1070 2596 1135 2650 Et
1179 2598 1298 2652 ideo
1335 2599 1520 2653 videns
1544 2597 1699 2655 Jesus
1727 2616 1893 2669 angu-

288 2695 463 2740 stum
490 2700 698 2739 eorum
726 2687 1084 2756 exiguumque
1112 2687 1162 2740 in
1191 2686 1294 2740 fide
1322 2688 1677 2755 propositum,
1709 2692 1893 2745 mode-

292 2775 596 2830 rationem
641 2789 776 2845 erga
819 2789 912 2829 eos
951 2775 1304 2843 iustissimam
1348 2786 1524 2831 servat
1568 2785 1626 2832 ut
1669 2778 1891 2832 salutem

292 2873 681 2922 mererentur
707 2902 723 2928 ,
750 2865 842 2933 qui
882 2879 1070 2935 parum
1105 2865 1231 2919 licet
1273 2865 1397 2921 ﬁdei
1442 2865 1766 2933 detulerant,
1797 2883 1893 2922 nec

294 2964 504 3010 tamen
540 2970 824 3009 summam
865 2956 1015 3025 regni
1047 2957 1131 3009 vel
1160 2955 1421 3011 libertatis
1446 2957 1766 3027 acciperent,
1798 2975 1892 3027 pro

1999 1884 2156 1955 igitur
2177 1885 2337 1940 etiam
2360 1886 2402 1940 si
2423 1886 2673 1943 Hebrazus
2702 1902 2836 1958 puer
2863 1903 2941 1954 es,
2970 1889 3021 1942 id
3047 1900 3150 1953 est,
3172 1889 3342 1943 ﬁdelis
3363 1890 3527 1943 etiam

1994 1983 2048 2028 ct
2076 1976 2340 2045 baptisma
2373 1976 2423 2029 in
2452 1975 2689 2031 Ecclesia
2728 1987 3068 2041 consecutus,
3108 1986 3161 2032 et
3204 1988 3323 2047 post
3349 1979 3449 2033 hoc
3477 1980 3526 2031 in

1995 2063 2196 2130 peccati
2247 2064 2521 2117 servitium
2583 2064 2858 2132 decidisti,
2902 2064 3126 2120 sufficiat
3188 2067 3281 2120 tibi
3342 2082 3530 2120 sexen-

1994 2150 2066 2205 nii
2096 2152 2204 2222 (95)
2239 2153 2489 2217 servitus,
2523 2153 2576 2207 in
2622 2155 2846 2222 septimo
2873 2170 3013 2209 anno
3041 2157 3264 2210 observa
3307 2170 3375 2209 ne
3410 2170 3528 2209 ser-

1994 2239 2129 2305 vias,
2162 2243 2254 2295 sed
2302 2240 2494 2296 festina
2525 2242 2589 2294 ad
2619 2242 2917 2299 libertatem
2964 2254 3130 2298 tuam.
3180 2245 3529 2312 Septenarius

1995 2342 2249 2382 numerus
2293 2329 2460 2396 legem
2510 2330 2774 2399 significat
2829 2332 3225 2386 mandatorum.
3276 2330 3530 2385 Senarius

1992 2431 2120 2473 vero
2153 2433 2402 2472 numerus
2439 2421 2620 2474 mundi
2660 2419 2819 2489 hujus
2869 2429 3012 2476 tenet
3054 2421 3300 2487 figuram.
3349 2420 3530 2476 Donec

1993 2520 2116 2576 ergo
2140 2524 2257 2578 qua:
2295 2509 2451 2579 hujus
2480 2511 2659 2565 mundi
2689 2508 2814 2565 sunt
2846 2512 3009 2580 sapis,
3035 2519 3091 2564 et
3118 2511 3172 2565 in
3200 2511 3282 2566 his
3309 2524 3530 2565 exerce-

1992 2597 2066 2651 ris
2092 2607 2146 2651 et
2173 2600 2461 2652 secundum
2489 2599 2597 2668 (96)
2643 2615 2859 2654 carnem
2905 2600 3111 2667 cogitas
3135 2638 3151 2666 ,
3195 2613 3421 2654 necesse
3444 2608 3528 2654 est

1994 2691 2045 2734 te
2072 2683 2274 2736 servire
2312 2695 2548 2752 peccato.
2582 2685 2713 2740 Cum
2745 2701 2870 2741 vero
2914 2687 2982 2740 ad
3024 2687 3381 2753 septenarium
3431 2702 3531 2739 nu-

1994 2773 2296 2836 merum,id
2322 2782 2404 2826 est
2430 2773 2494 2826 ad
2532 2773 2663 2841 legis
2697 2775 2997 2841 scientiam,
3025 2774 3252 2840 veneris,
3286 2786 3413 2829 tunc
3442 2788 3529 2829 re-

1993 2855 2143 2923 quire
2177 2856 2474 2911 libertatetn
2522 2868 2664 2912 tuam
2692 2901 2708 2925 ,
2741 2869 2794 2915 et
2827 2862 2940 2916 redi
2973 2861 3037 2916 ad
3073 2860 3403 2916 nobilitatem
3432 2876 3528 2930 pa-

1994 2952 2229 3010 ternam,
2262 2961 2329 3001 ne
2361 2947 2404 3000 si
2433 2949 2788 3015 pcrmanseris
2819 2950 2870 3003 in
2903 2950 3056 3004 malis
3090 2951 3194 3004 tuis
3216 2988 3231 3013 ,
3256 2959 3309 3003 et
3345 2964 3529 3018 perse-

290 3060 373 3099 εο
426 3045 588 3113 quod
646 3041 785 3097 ﬁdes
829 3057 1017 3098 eorum
1069 3044 1211 3097 nullo
1254 3059 1474 3114 ορει-ιηιι
1521 3045 1891 3101 nobilium".-
1917 3067 1961 3126 ο
1993 3037 2258 3091 veraveris
2289 3037 2339 3090 in
2373 3040 2622 3104 peccatis,
2651 3040 2822 3094 defixa
2852 3040 2904 3094 in
2928 3055 3056 3095 aure
3087 3049 3232 3106 nota,
3262 3040 3404 3095 velut
3433 3040 3528 3109 qui

289 3149 577 3198 accessu,
605 3132 865 3201 quoniam
897 3133 1054 3186 fidem
1082 3133 1199 3187 sine
1224 3136 1475 3204 Operibus
1501 3147 1764 3192 mortuam
1796 3136 1891 3190 ha-

289 3223 432 3278 beri
458 3222 797 3290 pronuntiat
824 3222 1097 3291 apos:olus
1118 3220 1347 3279 Jacobus
1376 3223 1444 3276 ³ο.

374 3315 444 3367 5.
484 3313 883 3366 Verumtamen
909 3312 1188 3366 sciendum
1220 3323 1303 3367 est
1325 3322 1580 3380 quantum
1608 3329 1670 3368 ex
1712 3314 1892 3381 lmjus-

288 3401 537 3456 cemodi
565 3401 871 3467 ﬁgurarum
901 3400 1404 3457 adumbrationibus
1432 3404 1732 3467 edocemur,
1751 3404 1891 3471 quod

289 3493 345 3548 ei
383 3493 494 3560 qui
529 3490 677 3546 tales
712 3499 839 3544 sunt
876 3491 928 3543 in
960 3489 1118 3545 nobis
1146 3529 1162 3555 ,
1210 3506 1437 3559 quorum
1488 3492 1620 3545 fides
1651 3492 1747 3545 hoc
1773 3503 1890 3545 tau-

292 3579 614 3634 tummodo
648 3579 840 3644 habet,
877 3586 932 3632 ut
954 3579 1024 3634 ad
1045 3579 1340 3634 Ecclesiam
1372 3581 1608 3645 veniant,
1641 3590 1695 3633 et
1736 3580 1892 3634 incli-

286 3676 451 3725 nent
486 3675 660 3737 caput
707 3682 908 3731 suum,
954 3668 1318 3723 sacerdotibus
1359 3667 1531 3722 olIicia
1578 3670 1890 3735 exhibeant,

287 3773 516 3815 servos
549 3756 649 3811 Dei
693 3755 1004 3821 honorent,
1044 3757 1111 3810 ad
1148 3768 1410 3823 ornatum
1451 3772 1661 3827 qu0qne
1702 3759 1890 3814 altaris

289 3848 391 3903 vel
447 3847 709 3904 ecclesiae
748 3846 951 3915 aliquid
1001 3846 1323 3912 conferant,
1372 3862 1477 3900 non
1523 3854 1694 3901 tamen
1746 3848 1894 3902 adhi-

285 3938 489 3994 beant
526 3935 646 4009 (94)
682 3937 948 4001 studium,
976 3944 1031 3989 ut
1061 3937 1220 3990 etiam
1254 3952 1427 3991 mores
1458 3949 1583 3992 suos
1620 3937 1890 4001 excolant,

285 4038 479 4082 actus
509 4026 836 4089 emendent,
867 4026 993 4079 vitia
1028 4026 1318 4093 deponant,
1346 4025 1648 4081 castitatem
1694 4026 1893 4091 colant,

284 4114 672 4170 iracundiam
702 4112 991 4180 mitigent,
1019 4112 1300 4165 avaritiam
1349 4112 1660 4182 reprimant,
1689 4112 1895 4181 rapaci-

284 4213 491 4261 tatem
519 4203 823 4265 refrenent,
853 4190 1173 4268 nt'aleloquia
1200 4210 1255 4256 et
1276 4201 1606 4270 stultiloqnia
1631 4202 1715 4256 vel
1744 4217 1894 4256 scur-

284 4295 588 4348 rilitatem
628 4300 689 4345 et
717 4291 1172 4345 obtrectationum
1205 4305 1410 4344 venena
1452 4306 1515 4345 ex
1541 4306 1633 4346 ore
1659 4305 1756 4345 suo
1787 4306 1891 4346 non

1993 3130 2383 3183 commonentis
2413 3140 2463 3183 te
2502 3131 2591 3185 Dei
2625 3140 2677 3185 et
2701 3131 2766 3186 ad
2796 3132 3095 3187 libertatein
3131 3133 3408 3202 pristinam
3443 3144 3527 3185 re-

1990 3218 2229 3272 vocantis
2261 3221 2419 3272 verba
2452 3234 2554 3273 non
2582 3221 2805 3284 audias,
2849 3220 2956 3274 eris
2997 3222 3199 3288 peccati
3243 3235 3428 3275 servus
3470 3219 3524 3274 in

1991 3313 2267 3359 aeternum.
2305 3306 2436 3361 Tum
2463 3308 2654 3361 deinde
2684 3309 2898 3376 requiro
2929 3308 3035 3379 (97)
3080 3311 3179 3364 abs
3202 3318 3253 3364 te
3281 3310 3326 3363 si
3362 3309 3527 3363 liben-

1994 3403 2074 3450 ter
2100 3396 2230 3449 velis
2257 3409 2321 3448 ex
2364 3394 2745 3464 patrcfamilias
2801 3408 2854 3450 et
2910 3397 3073 3451 nobili
3123 3399 3279 3459 viro,
3327 3397 3379 3451 in
3428 3397 3529 3450 hoc

1992 3484 2187 3536 mundo
2225 3498 2411 3537 servus
2449 3480 2582 3535 eliici
2609 3500 2624 3548 ;
2649 3483 2839 3538 abnuis
2856 3483 2963 3553 (98)
2989 3484 3107 3537 sine
3132 3484 3310 3546 dubio,
3332 3485 3530 3554 quippe

1993 3572 2111 3628 citm
2138 3576 2299 3628 etiam
2322 3590 2386 3628 ex
2414 3575 2716 3628 conditione
2743 3574 2920 3629 servili
2947 3574 3218 3629 videamus
3242 3576 3522 3642 quamplu-

1994 3664 2158 3717 rimos
2189 3663 2255 3716 ad
2300 3662 2597 3716 libertatem
2630 3662 2908 3725 festinare,
2942 3669 2996 3715 et
3028 3661 3080 3714 in
3118 3668 3373 3729 quantum
3402 3674 3528 3726 pos-

1992 3766 2116 3807 sunt
2142 3765 2336 3819 cupere
2361 3750 2522 3804 etiam
2553 3751 2742 3804 divites
2773 3749 2912 3814 fieri,
2946 3758 3000 3802 et
3024 3747 3329 3815 _honoribus
3364 3747 3527 3815 unde:-

1993 3854 2200 3906 cunque
2227 3838 2464 3907 quaesitis
2495 3838 2747 3891 vilitatem
2770 3836 3013 3906 genuinae
3041 3833 3388 3905 ignobilitatis
3413 3832 3530 3903 4,99)

1992 3929 2260 3999 obtegere.
2292 3928 2349 3983 3i
2377 3942 2504 3997 ergo
2531 3928 2584 3981 in
2615 3928 2717 3982 hac
2752 3928 2865 3980 vita
2903 3939 3058 3979 nemo
3104 3938 3222 3978 esse
3253 3921 3364 3976 vult
3413 3938 3524 3976 ser-

1992 4034 2109 4081 vus,
2130 4018 2223 4072 sed
2250 4026 2506 4085 quantum
2538 4014 2649 4069 fieri
2682 4022 2851 4084 potest
2877 4023 2930 4068 et
2951 4014 3089 4069 liber
3113 4026 3251 4076 esse,
3274 4020 3327 4065 et
3354 4010 3523 4075 dives,

1992 4120 2045 4163 et
2069 4106 2261 4162 nobilis
2292 4105 2461 4174 cupit,
2488 4114 2544 4159 ut
2575 4121 2679 4159 non
2707 4104 2875 4158 solum
2907 4105 2981 4173 (Ι)
3014 4103 3114 4158 sibi
3144 4101 3365 4157 sufﬁciat
3386 4140 3411 4166 ι
3434 4101 3530 4154 sed

1993 4208 2049 4251 et
2083 4197 2202 4251 aliis
2243 4197 2499 4266 largiatur
2523 4233 2538 4258 ,
2575 4196 2624 4248 in
2668 4195 2777 4247 illis
2818 4193 3031 4247 aeternis
3060 4191 3252 4257 rebus,
3290 4206 3354 4244 ac
3386 4190 3529 4243 nullo

1999 4289 2102 4350 fine
2132 4286 2399 4340 mutandis
2427 4282 2794 4338 iudill'erenter
2822 4281 3162 4336 tolerabimus
3189 4280 3524 4340 servitutem,

280 4385 606 4438 adimant:
653 4380 832 4434 sciant
858 4380 961 4434 sibi
995 4381 1087 4448 qui
1130 4381 1266 4435 tales
1294 4389 1436 4444 sunt,
1481 4382 1575 4450 qui
1607 4380 1892 4436 emendare
1923 4375 1966 4429 ι)
1992 4391 2046 4432 et
2071 4391 2253 4446 parum
2283 4375 2356 4446 (2)
2392 4375 2542 4429 nobis
2574 4374 2799 4435 videtur,
2829 4372 2872 4426 si
2904 4371 2952 4424 in
2984 4371 3105 4439 ligni
3137 4370 3448 4429 ctesoribus,
3473 4377 3525 4422 et

282 4486 357 4525 se
392 4471 639 4535 nolunt,
668 4472 764 4523 sed
802 4470 855 4524 in
892 4470 975 4523 his
1002 4484 1174 4538 usque
1209 4471 1263 4524 in
1300 4479 1624 4525 senectutem
1651 4470 1890 4525 ultimam

284 4572 703 4631 perseverant,
731 4570 939 4630 partem
962 4570 1280 4629 sortemque
1296 4562 1361 4615 ab
1377 4560 1500 4616 Jesu
1527 4563 1748 4616 Domino
1768 4578 1886 4616 cum

285 4650 483 4722 524
515 4649 844 4705 Gabaonitis
869 4663 987 4704 esse
1016 4650 1383 4703 tribuendam.
1427 4650 1532 4704 Sed
1572 4652 1747 4719 potius
1797 4652 1892 4704 de-

367 4788 425 4820 ³⁸
462 4786 693 4852 Jos.'vt,
727 4784 817 4840 25.
891 4786 935 4819 ”
956 4783 1070 4842 10s.
1101 4800 1182 4846 ix,
1213 4783 1308 4838 24.
1383 4784 1426 4818 ³ο
1453 4784 1566 4840 Jac.
1603 4802 1659 4840 tt.
1735 4785 1777 4817 “
1810 4785 1978 4840 Exod.
2011 4798 2121 4837 ut.

372 4947 498 5019 (92)
530 4946 671 5019 Idem
707 4960 861 5006 mss.,
898 4962 919 4995 ι
958 4938 1297 5019 intelligent.
1336 4960 1356 4992 ι
1382 4939 1549 5019 Paulo
1575 4951 1693 5008 post
1723 4943 1882 5007 idem,

306 5036 328 5067 c
350 5007 521 5069 lesus
541 5015 682 5071 enim
702 5007 1186 5069 mensuram-fidei
1222 5008 1450 5072 ipsorum
1484 5007 1716 5071 intuens,
1736 5026 1887 5065 com-

293 5096 517 5149 ρειεηε.
551 5106 572 5141 ι
606 5085 765 5141 Libb.
800 5081 960 5140 editi,
995 5095 1015 5127 ι
1048 5075 1223 5129 Jcsus
1248 5077 1383 5128 enim
1407 5079 1702 5131 secundum
1739 5095 1890 5133 tuen-

286 5163 484 5222 ωιςξεη
504 5156 629 5213 fidei
651 5157 903 5222 ipsorum
944 5151 1301 5222 competens.
1341 5161 1360 5193 ι

357 5215 475 5289 {95/
499 5211 650 5289 Unus
671 5211 1073 5278 Ebroieensis,
1115 5224 1137 5258 σ
1172 5223 1274 5289 pro
1301 5211 1485 5289 mentis
1517 5225 1704 5289 eorum
1731 5213 1890 5282 igno-

546 5274 771 5356 ﬁlia}
805 5297 949 5338 vero
995 5290 1132 5356 cum
1168 5274 1424 5356 Gemetic.
1455 5290 1519 5334 et
1561 5274 1889 5349 Sangcﬁna-

247 5343 427 5430 “12".-
467 5342 755 5430 ,νιςιεῖιείε
1034 5342 1463 5430 massiliam-2

188 5613 276 5649 0110

302 5409 424 5503 αξξ(
446 5408 1107 5503 ἀδᾶἕῖὲὲιηεετω.,ἰ
1146 5408 1445 5469 adhibeant.
1489 5433 1517 5467 ι
1550 5414 1706 5470 Libb.
1733 5418 1897 5483 editi,

458 5582 628 5640 Idem
668 5575 783 5640 me.
800 5594 818 5619 9

435 5613 939 5713 rBiEZilii,-'scx_
960 5621 1268 5662 annorum.
1301 5629 1321 5662 ι
1347 5613 1508 5674 Libb.
1549 5618 1705 5685 editi,
1740 5635 1765 5671 ς
1795 5634 1901 5677 sex

872 5567 896 5600 ι
940 5541 1238 5598 sexennii.
1269 5562 1290 5594 ι
1323 5545 1725 5605 Gemeticensis
1761 5566 1892 5606 cum
1924 5579 1930 5584 ε

1996 4482 2146 4536 aquae
2170 4464 2522 4536 gestatoribus
2549 4461 2903 4531 deputentur?
2929 4460 3218 4528 Propterea
3247 4472 3372 4527 ergo
3395 4459 3520 4510 dum

1998 4559 2111 4612 dies
2141 4565 2242 4620 est,
2267 4569 2549 4625 operemur
2574 4552 2712 4621 quod
2741 4553 2936 4605 bonum
2959 4561 3059 4614 est,
3083 4558 3137 4603 et
3164 4545 3527 4603 emendationi

2000 4658 2197 4701 nostra:
2227 4659 2441 4713 operam
2472 4644 2654 4698 demus
2677 4650 2770 4704 ,ιιι
2805 4656 2870 4694 ex
2917 4639 3123 4695 actibus
3159 4647 3215 4694 et
3243 4650 3526 4692 conversa-

2197 4780 2240 4814 ⁸⁸
2267 4778 2421 4835 Joan.
2451 4792 2565 4841 vm,
2596 4776 2684 4831 δέ.

1994 4954 2166 4994 annis.
2198 4956 2221 4988 ι

2063 5007 2173 5077 (96)
2199 5004 2377 5059 Codex
2404 5001 2685 5077 Sgngerm.
2704 5040 2725 5068 ,
2772 5018 2798 5052 ι
2828 5008 2882 5055 et
2912 5002 2963 5077 in
3016 5000 3101 5077 his
3128 4999 3393 5052 exerceris
3421 5036 3437 5058 ,
3466 5005 3541 5077 et

1992 5069 2305 5130 secundum.
2353 5089 2372 5123 ι
2410 5069 2721 5140 _Gemetic.,
2776 5086 2795 5118 ι
2845 5071 2996 5140 etin
3044 5069 3127 5140 his
3172 5079 3422 5140 exercere
3470 5074 3522 5118 te

1992 5145 2304 5197 secundum.
2348 5160 2368 5193 ι
2409 5138 2563 5193 Libb.
2590 5139 2753 5201 editi,
2795 5156 2815 5189 ι
2851 5139 3011 5192 etiam
3056 5136 3121 5189 iis
3160 5136 3397 5188 exerceri
3434 5143 3525 5184 se.

1992 5214 2240 5267 cundum.
2276 5227 2299 5261 ι

2063 5279 2171 5346 (97)
2198 5277 2324 5334 Mss.
2358 5294 2376 5327 ι
2408 5272 2643 5346 requiro.
2661 5291 2701 5346 ιη»
2736 5271 2887 5326 Libb.
2913 5271 3062 5346 editi,
3099 5287 3117 5320 ι
3154 5265 3383 5335 require.
3414 5279 3438 5314 ι

2059 5339 2173 5417 (98)
2204 5347 2381 5417 (Iudex
2411 5339 2713 5417 Saitgerm.,
2744 5358 2761 5391 ι
2798 5355 2899 5394 non
2923 5339 3022 5416 vis.
3054 5355 3097 5414 ι.

2060 5357 2151 5417 (98
2204 5357 2381 5403 uoce:
2411 5357 2713 5409 aangertn"
2744 5358 2761 5391 ι
2798 5357 2899 5394 non
2923 5357 3022 5416 vis.
3054 5357 3097 5414 ι.
3244 5402 3255 5412 _
3283 5399 3294 5410 .
3382 5396 3394 5409 .

2060 5357 2173 5485 (ρθζ
2211 5413 2350 5485 Idem
2379 5453 2395 5478 ,
2446 5411 2755 5485 exilitatem
2804 5399 3446 5485 genuinae.-tggnobtlttatts.
3485 5413 3517 5452 ι

1991 5470 2321 5546 Ιαὶιὶιιίεόίιί,
2358 5470 2394 5531 ι’
2418 5477 2697 5532 utilitatem
2720 5470 2959 5546 genuinae
2986 5470 3290 5523 nobilitatis.
3321 5485 3341 5515 ι

2086 5550 2136 5607 ll
2162 5539 2458 5607 ldem'ms"
2487 5562 2506 5595 ι
2543 5546 2678 5595 unde
2705 5539 2807 5592 non
2836 5539 3025 5593 solum.
3058 5554 3088 5588 ι.

2086 5552 2107 5603 l
2162 5552 2301 5603 Idem
2336 5562 2458 5607 tus.,
2487 5562 2506 5595 ι
2543 5550 2678 5595 unde
2705 5556 2807 5592 non

2060 5550 2140 5691 ὶθὶζ
2166 5617 2332 5680 idem,
2373 5632 2390 5666 ι
2423 5623 2474 5667 et
2503 5623 2739 5679 parvum.
2778 5624 2812 5658 ι.
