3822 6206
437 271 543 329 833

1840 264 2162 326 ORIGENIS.

3536 236 3625 292 881

442 384 586 437 tione
627 389 802 436 nostra
829 393 892 439 ac
913 380 1150 436 moribus
1194 379 1462 444 nobilitari
1484 393 1780 444 mereamur
1808 387 1861 432 et
1888 378 1968 431 di-
1996 379 2041 432 Α
2067 372 2173 424 lum
2231 365 2450 420 Paulum
2503 363 2623 427 haec
2673 357 2886 413 eadem
2940 345 3633 444 θομοητωῗηίθφκῗξξω,

441 471 527 538 gni
571 469 677 539 ('5)
723 470 1013 526 eﬂiciamur
1059 469 1301 538 spiritum
1350 470 1591 538 accipere
1633 466 1962 535 adoptionis,

443 565 501 610 ut
532 557 671 612 inter
700 559 790 612 Dei
827 559 999 626 potius
1032 557 1167 617 ﬁlios
1193 557 1479 611 habeamur
1499 594 1515 620 ,
1541 570 1637 624 per
1670 556 1879 608 unicum
1911 563 1965 606 et

440 659 623 700 verum
653 646 729 715 (4)
765 647 955 700 Filium
985 649 1099 712 ejus
1142 643 1321 708 Iesum
1370 646 1637 699 Christum
1683 643 1962 711 Dominum

431 743 696 800 nostrum,
717 736 800 789 cui
819 745 896 790 est
919 733 1084 805 gloria
1107 742 1162 788 et
1191 734 1472 802 imperium
1500 735 1551 787 in
1577 733 1769 789 smnia
1799 746 1964 785 sacu-

432 820 625 878 iorum.
649 823 842 877 Amen.

997 911 1271 966 HOMILIA
1315 911 1402 965 XI.

445 1005 520 1060 De
558 1003 767 1060 auxiliis
790 1001 936 1072 (Jestt
969 1006 1151 1072 quibus
1194 1004 1328 1070 juvit
1374 1003 1686 1072 Gabaonitus
1725 1011 1810 1061 :et
1837 1015 1964 1067 quo-

679 1071 828 1124 modo
859 1069 1015 1123 solem
1044 1072 1161 1137 fecit
1190 1069 1324 1124 stare
1346 1081 1391 1123 et
1418 1073 1591 1123 lunam
1625 1070 1719 1138 (5).

503 1155 679 1232 hillis
705 1171 794 1243 qui
842 1173 1170 1227 sociaverint
1214 1189 1270 1228 se
1298 1173 1362 1227 ad
1394 1173 1527 1231 ﬁlios
1555 1171 1717 1232 Israel
1737 1210 1753 1236 ,
1778 1182 1963 1226 omnes

431 1267 521 1335 qui
550 1267 696 1334 prius
724 1262 880 1318 amici
927 1271 1082 1315 erant
1104 1303 1121 1327 ,
1150 1272 1269 1330 post
1295 1263 1556 1315 amicitias
1601 1273 1654 1313 et
1687 1259 1963 1312 familiari.

434 1362 595 1406 tatem
650 1353 880 1408 ﬁliorum
927 1351 1125 1413 Israel,
1173 1350 1370 1404 inimici
1424 1350 1577 1402 ﬁunt.
1618 1347 1961 1408 Gahaonitas,

433 1443 521 1507 qui
554 1457 584 1495 a
609 1441 733 1498 ﬁliis
759 1443 916 1498 Israel
949 1442 1124 1498 fcedus
1153 1439 1299 1512 pacis
1331 1449 1665 1507 acceperant,
1692 1436 1962 1491 Jebusmus

435 1545 526 1584 rex
557 1529 882 1596 Jerusalem,
935 1532 1169 1586 invitatis
1201 1544 1378 1585 secum
1423 1529 1542 1582 aliis
1567 1538 1792 1596 quatuor
1820 1525 1957 1593 regi-

433 1619 550 1683 bus,
568 1621 874 1688 aggreditur
897 1632 1222 1688 expugnare.
1250 1617 1355 1672 Sed
1387 1616 1694 1670 Gabaonitze
1723 1616 1960 1687 videntes

431 1706 666 1774 quinque
690 1720 844 1777 reges
867 1709 1142 1760 adversum
1173 1720 1230 1760 se
1264 1705 1316 1758 in
1343 1704 1579 1771 praelium
1603 1703 1959 1770 conspirasse,

432 1804 766 1864 nequaquam
820 1795 1049 1862 propriis
1097 1792 1299 1846 viribus
1346 1792 1620 1860 copiisque
1670 1790 1962 1852 conﬁdunt,

433 1884 529 1936 sed
562 1883 779 1936 mittunt
815 1884 876 1935 ad
926 1882 1104 1935 Jesum
1145 1880 1339 1934 auxilia
1388 1881 1732 1947 postulantes.
1777 1877 1964 1931 Atille

433 1971 614 2026 divino
640 1973 898 2039 permissu
927 1970 1077 2026 adest
1105 1967 1439 2041 Gabaonitis,
1462 1968 1663 2022 laturus
1687 1966 1961 2020 auxilium.

433 2057 530 2113 Hic
565 2069 740 2113 autem
769 2057 1031 2116 mirabilia
1058 2056 1274 2118 coalitus
1309 2057 1679 2110 ostenduntur.
1713 2054 1965 2123 Dominus

433 2147 659 2216 desuper
682 2163 809 2200 saxa
840 2146 1112 2216 grandinis
1141 2145 1370 2220 pluit,et
1393 2146 1628 2213 quinque
1655 2158 1835 2212 regum
1873 2145 1962 2210 qui

431 2235 711 2293 adversum
731 2233 915 2289 Jesum
937 2237 1264 2305 pugnabant,
1288 2221 1787 2298 exercitumvastat.
1813 2231 1965 2285 Tunc

431 2336 558 2376 vero
583 2321 737 2376 Jesus
769 2322 954 2377 videns
1006 2323 1234 2376 divinam
1278 2336 1459 2378 secum
1509 2320 1785 2374 dexteram
1831 2335 1966 2388 pra:-

431 2409 676 2487 Iiantem,
695 2417 749 2463 et
773 2412 1040 2478 prosperis
1070 2413 1408 2467 successibus
1431 2420 1617 2465 cuncta
1652 2409 1962 2478 procedere,

430 2514 618 2553 novam
651 2502 929 2568 quamdam
949 2512 998 2554 et
1023 2501 1208 2554 miram
1227 2501 1748 2567 orationemextollit
1773 2502 1838 2553 ad
1854 2513 1964 2554 co:-

429 2591 563 2656 lum,
591 2593 774 2646 dicens
795 2592 839 2623 ³³
869 2606 884 2644 :
922 2610 940 2642 ι
966 2592 1080 2647 Stet
1108 2594 1188 2661 sol
1210 2606 1367 2660 super
1396 2589 1466 2661 (6)
1490 2591 1727 2660 Gabaon,
1752 2599 1806 2644 et
1841 2591 1962 2644 luna

429 2693 589 2746 super
605 2679 797 2735 vallem
820 2681 988 2744 Elom,
1014 2659 1182 2736 donec
1197 2659 1489 2748 expugnent
1510 2659 1759 2747 populum
1782 2680 1961 2735 istum.

429 2767 497 2820 Et
527 2769 672 2822 stetit
702 2769 782 2823 sol
809 2779 861 2822 et
889 2769 1011 2822 luna
1043 2771 1094 2823 in
1126 2770 1238 2824 loco
1268 2783 1392 2833 suo,
1422 2769 1590 2822 donec
1629 2769 1967 2834 pervinceret

436 2855 691 2925 Dominus
715 2857 956 2913 inimicos
970 2873 1171 2914 eorum.
1192 2859 1255 2912 Et
1278 2858 1418 2911 stetit
1442 2859 1517 2924 sol
1541 2859 1593 2910 in
1621 2858 1790 2911 medio
1811 2858 1963 2921 ccelo,

1992 1678 2033 1730 Β

2067 457 2200 512 cit”
2235 455 2309 524 (8)
2336 473 2348 506 :
2385 470 2404 502 ι
2429 423 2636 502 Omnes
2665 446 2767 515 qui
2800 444 2896 512 pie
2927 439 3122 492 volunt
3145 437 3326 485 vivere
3355 423 3409 482 iii
3431 431 3631 493 Christo,

2065 521 2503 616 persecutionem
2539 538 2856 608 patientur.
2906 549 2928 581 ι
2960 526 3072 580 Sed
3101 533 3160 575 et
3194 521 3443 575 Salomon
3469 522 3634 576 similia

2063 614 2191 694 dicit
2224 655 2237 690 :
2273 656 2291 688 ι
2323 635 2448 700 Fili,
2480 631 2658 700 inquit
2693 628 2766 691 ⁸⁸,
2796 622 3081 677 accedens
3107 618 3176 669 ad
3219 615 3520 668 servitutem
3548 614 3635 667 Do-

2063 729 2216 794 mini,
2249 737 2496 795 przepara
2521 721 2766 773 animam
2798 723 2961 768 tuam
2995 708 3067 761 ad
3102 705 3473 759 tentationem.
3507 721 3524 754 ι
3551 703 3639 770 Op.

2061 792 2370 885 pugnantur
2389 825 2524 879 ergo
2542 809 2714 862 etiam
2754 817 2907 856 nunc
2939 795 3274 853 Gabaonita:
3310 792 3641 858 cuiuscunque

2062 882 2205 957 modi
2244 903 2349 956 sint
2384 908 2608 968 propter
2640 892 2928 948 amicitias
2956 887 3118 950 Jesu,
3151 895 3211 938 et
3244 884 3370 951 ligni
3411 882 3525 936 licet
3556 883 3645 935 sint

2062 1005 2316 1055 caesores,
2371 999 2426 1041 et
2463 1000 2624 1054 aqua:
2673 990 3024 1055 gestatores,
3079 975 3135 1026 id
3194 981 3307 1036 est,
3349 971 3469 1024 licet
3500 970 3642 1022 ultimi

2064 1082 2243 1135 meriti
2286 1081 2360 1146 sis
2386 1081 2439 1133 in
2484 1076 2755 1142 Ecclesia,
2789 1082 2987 1125 tamen
3028 1067 3142 1134 hoc
3184 1064 3306 1130 ipso
3333 1062 3456 1132 quia
3489 1057 3547 1113 ad
3571 1059 3645 1115 Je-

2060 1185 2178 1223 sum
2213 1170 2475 1238 pertines,
2513 1159 2990 1232 impugnaberisa
3029 1154 3284 1224 quinque
3318 1151 3539 1219 regibus.
3561 1150 3650 1204 Sed

2063 1272 2240 1315 tamen
2272 1273 2373 1312 nec
2408 1256 2729 1321 Gabaonitte
2758 1248 3266 1314 derelinquuntur,
3303 1243 3386 1295 vel
3414 1256 3647 1310 spernun-

2063 1358 2150 1404 tur
2179 1348 2246 1400 ab
2285 1344 2431 1404 Jcsu,
2479 1343 2565 1397 vel
2595 1343 2664 1394 ah
2693 1338 2940 1392 ducibus
2996 1351 3064 1388 ac
3100 1332 3440 1400 presbyteris
3470 1331 3650 1384 Israeli-

2063 1447 2258 1501 tarum,
2296 1435 2390 1488 sed
2423 1431 2733 1486 inﬁrmitati
2773 1440 2979 1482 eorum
3031 1423 3310 1484 auxilium
3345 1420 3647 1474 Ierunt.An-

2059 1540 2165 1579 non
2219 1523 2314 1577 tibi
2354 1521 2571 1576 videtur
2599 1521 2707 1572 hoc
2751 1531 2924 1586 agere
2971 1514 3030 1566 in
3074 1512 3241 1565 nobis
3275 1519 3331 1564 et
3372 1511 3469 1563 hoc
3493 1511 3653 1577 praeci-

2061 1630 2185 1684 pere
2234 1613 2312 1682 (9)
2362 1611 2491 1664 illud
2547 1608 2800 1678 Apostoli
2861 1605 3235 1664 mandatum,
3277 1613 3389 1669 quo
3435 1599 3549 1651 dicit
3579 1599 3650 1651 ’δε

2070 1715 2087 1746 ι
2122 1695 2492 1750 Consolamiui
2519 1693 2938 1762 pusillanimes,
2974 1689 3261 1743 sustinete
3297 1685 3550 1748 inﬁrmos,
3575 1702 3652 1754 pa-

2066 1788 2257 1840 tientes
2284 1793 2460 1838 estote
2493 1783 2558 1836 ad
2593 1781 2833 1837 omnes?
2866 1800 2887 1832 ι
2937 1780 3010 1833 Et
3037 1779 3248 1832 iterum
3283 1777 3367 1828 ’τε
3405 1793 3425 1826 ι
3458 1775 3553 1829 Vos
3573 1790 3652 1826 au-

2066 1887 2170 1930 tem
2224 1874 2587 1944 potentiores,
2648 1871 3088 1924 imbecillitates
3138 1869 3477 1921 inlirmorum
3519 1867 3653 1919 susti-

2065 1975 2208 2022 ncte.
2245 1982 2264 2015 ι
2307 1963 2420 2017 Hoc
2453 1979 2583 2032 ergo
2614 1963 2782 2015 modo
2812 1959 2990 2015 Jesus
3029 1973 3162 2012 cum
3197 1957 3429 2010 duc-ibus
3461 1964 3509 2008 et
3531 1957 3652 2019 prino

2063 2052 2272 2120 cipihus
2301 2052 2445 2113 suis,
2466 2052 2618 2104 adest
2646 2050 2714 2102 iis
2758 2048 2857 2116 qui
2891 2062 3002 2115 pro
3029 2044 3262 2098 nomine
3293 2058 3394 2096 suo
3417 2057 3445 2094 a
3474 2051 3652 2095 contra-

2067 2141 2159 2193 riis
2187 2139 2475 2191 virtutibus
2505 2121 2933 2206 oppugnantur,
2965 2143 3026 2188 et
3061 2149 3175 2187 non
3209 2132 3388 2187 solum
3422 2133 3647 2188 auxilium

2065 2214 2281 2297 prtestat
2323 2231 2377 2280 in
2405 2226 2568 2291 bello,
2604 2240 2802 2280 verum
2834 2235 2893 2278 et
2923 2223 3198 2292 producit
3231 2231 3441 2290 tempus
3471 2221 3585 2283 diei,
3609 2229 3652 2274 et

2065 2306 2235 2387 spatia
2262 2318 2404 2371 lucis
2431 2317 2714 2385 protelans
2743 2316 3064 2369 adventum
3100 2314 3333 2367 discutit
3366 2312 3548 2366 noctis.

2133 2413 2186 2464 5.
2239 2408 2494 2462 Volumus
2535 2421 2667 2474 ergo
2720 2407 2865 2478 (IO),
2926 2408 2977 2462 si
3037 2419 3363 2475 possumus,
3407 2402 3655 2457 ostendere

2065 2499 2330 2567 quomodo
2360 2497 2622 2549 Dominus
2653 2506 2850 2551 noster
2885 2495 3065 2550 Iesus
3092 2495 3454 2565 protelaverit
3482 2494 3649 2551 lucem,

2065 2574 2117 2643 et
2149 2591 2408 2656 majorem
2441 2587 2640 2644 fecerit
2681 2588 2860 2647 diem.
2914 2587 3007 2640 vel
3041 2601 3148 2656 pro
3179 2584 3359 2640 salute
3386 2583 3650 2644 hominum,

2063 2682 2146 2734 vel
2177 2695 2273 2747 pro
2297 2679 2515 2731 interitu
2554 2678 2990 2731 contrariarum
3025 2679 3322 2730 virtutum.
3353 2677 3425 2728 Ex
3447 2689 3545 2742 quo
3577 2673 3652 2724 ad-

2064 2769 2211 2820 venit
2259 2765 2530 2830 Salvator,
2577 2765 2708 2819 ﬁnis
2736 2775 2860 2819 erat
2888 2763 3017 2831 jam
3053 2765 3276 2818 mundi.
3309 2764 3533 2831 Denique
3555 2761 3653 2829 ipse

2067 2857 2276 2912 dicebat
2296 2856 2374 2908 ³⁸ε
2401 2873 2418 2905 ι
2445 2854 2846 2909 Paenitentiam
2873 2855 3061 2922 agite,
3097 2850 3652 2923 appropinquat-itan

432 2957 487 3001 et
536 2961 640 3000 non
673 2955 755 3001 est
786 2961 1100 3016 progressus
1142 2949 1210 3000 ad
1255 2961 1500 3016 occasum
1530 2949 1582 3000 in
1621 2948 1776 3001 ﬁnem
1807 2949 1963 3014 unius
1990 2967 2032 3023 ο
2064 2947 2206 3002 enim
2243 2959 2460 3014 regnum
2494 2944 2790 2999 caelorum.
2826 2962 2846 2994 ι
2891 2943 3015 2998 Sed
3055 2945 3293 2998 retinuit
3336 2952 3392 2996 et
3427 2941 3653 3010 repressit

431 3032 555 3086 diei.
583 3031 700 3086 Non
741 3032 839 3086 fuit
867 3035 978 3087 dies
1007 3033 1126 3086 talis
1154 3040 1276 3086 ante
1302 3034 1434 3109 hoc,
1468 3047 1564 3087 nec
1594 3034 1666 3088 ita
1698 3035 1964 3089 exaudivit

432 3119 571 3174 Deus
622 3121 888 3180 hominem
915 3161 929 3186 ,
981 3123 1103 3200 quia
1151 3122 1407 3193 Dominus
1452 3124 1716 3190 pugnabat
1747 3125 1825 3194 (7)
1869 3140 1965 3196 pro

430 3209 620 3265 Israel.
655 3209 718 3264 Et
745 3210 993 3282 fugerunt
1017 3201 1094 3265 illi
1137 3212 1369 3280 quinque
1395 3227 1566 3282 reges,
1594 3222 1646 3269 et
1672 3215 1967 3271 absconde-

432 3307 556 3351 runt
606 3313 665 3353 se
707 3299 758 3351 in
804 3299 1051 3367 spelunca
1087 3301 1138 3352 in
1181 3299 1416 3368 Mageda.
1457 3319 1475 3351 ι
1509 3301 1633 3356 Haec
1664 3304 1956 3370 secundum

435 3385 709 3439 historiam
741 3386 952 3454 quidem
999 3396 1174 3457 gesta,
1223 3388 1476 3443 miracula
1521 3390 1712 3443 divinze
1751 3392 1964 3445 virtutis

433 3476 696 3530 universis
725 3477 930 3530 smculis
957 3479 1266 3544 praedicant,
1292 3494 1388 3534 nec
1419 3481 1858 3549 interpretatione
1878 3498 1964 3542 ex-

436 3568 696 3622 trinsecus
723 3567 956 3635 indigent
981 3567 1032 3620 in
1064 3568 1257 3634 quibus
1287 3579 1555 3638 gestorum
1587 3571 1764 3626 lumen
1807 3553 1964 3629 corn;

433 3664 566 3709 scat.
595 3655 727 3724 Quid
769 3663 944 3708 tamen
972 3654 1024 3706 in
1067 3653 1136 3708 iis
1165 3657 1424 3725 spiritalis
1460 3658 1761 3714 intellectus
1785 3663 1960 3716 conti-

431 3753 576 3809 neat,
611 3746 961 3814 requiramus.

496 3836 551 3888 2.
579 3835 708 3890 Cum
747 3839 920 3896 anima
952 3838 1178 3893 humana
1211 3838 1383 3894 Verbo
1428 3840 1520 3894 Dei
1572 3854 1628 3896 se
1657 3841 1958 3906 sociaverit,

431 3923 683 3979 dubitare
703 3939 804 3977 non
847 3926 1004 3999 debet
1044 3926 1224 3978 statim
1271 3941 1330 3980 se
1359 3926 1604 3980 inimicos
1634 3926 1958 3993 habituram,

431 4021 488 4070 et
514 4026 606 4067 eos
633 4027 764 4081 quos
794 4022 914 4068 ante
942 4016 1208 4072 habuerat
1250 4016 1451 4068 amicos
1471 4053 1487 4079 ,
1533 4016 1585 4068 in
1623 4016 1961 4069 adversarios

429 4113 550 4155 esse
577 4105 852 4158 vertendos
879 4123 892 4157 :
924 4105 1080 4176 idque
1127 4119 1228 4158 non
1257 4104 1424 4157 solum
1469 4104 1574 4170 pati
1607 4117 1664 4158 se
1690 4104 1755 4157 ab
1791 4104 1962 4158 homi-

433 4190 589 4243 nibus
611 4201 806 4258 speret,
826 4189 1187 4248 verum'etiam
1210 4195 1276 4248 de
1296 4193 1579 4248 contrariis
1606 4193 1886 4246 virtutibus
1907 4202 1960 4247 et

2063 3034 2203 3087 diem
2244 3033 2754 3096 consummationis,
2810 3043 2870 3087 et
2905 3034 3120 3088 adesse
3144 3036 3444 3103 prohibuit.
3479 3034 3653 3087 Videas

2061 3123 2203 3175 enim
2249 3122 2390 3174 Deus
2437 3119 2602 3174 Pater
2651 3121 2895 3174 salutem
2944 3126 3212 3192 gentium
3254 3141 3350 3193 per
3385 3126 3543 3192 ipsum
3573 3136 3648 3174 so-

2061 3210 2170 3280 lum
2212 3211 2322 3281 (12)
2349 3223 2505 3279 posse
2533 3217 2820 3276 constare,
2858 3215 3010 3268 dicit
3057 3216 3129 3269 ad
3160 3231 3289 3270 eum
3330 3217 3374 3248 ³³
3401 3231 3416 3268 :
3449 3233 3466 3266 ι
3493 3214 3602 3268 Pete
3624 3226 3648 3263 a

2063 3316 2165 3362 me,
2199 3311 2253 3353 et
2277 3299 2416 3354 dabo
2448 3299 2543 3353 tibi
2589 3309 2787 3367 gentes
2817 3303 3232 3360 [nereditatem
3268 3315 3437 3368 tuam,
3479 3313 3526 3357 et
3548 3316 3650 3371 pos-

2061 3390 2355 3445 sessionem
2377 3399 2519 3464 tuam
2547 3390 2822 3446 terminos
2850 3402 3054 3449 terrae.
3098 3413 3119 3444 ι
3153 3396 3340 3450 Donec
3365 3409 3487 3464 ergo
3502 3403 3650 3461 pater-

2061 3494 2127 3532 na
2175 3479 2494 3546 pollicitatio
2520 3481 2896 3549 compleatur.
2935 3495 2998 3543 et
3039 3484 3316 3539 Ecclesiae
3358 3499 3420 3537 ex
3449 3481 3651 3536 diversis

2059 3571 2374 3623 nationibus
2419 3581 2696 3638 crescant,
2752 3582 2931 3640 atque
2993 3576 3255 3630 introeat
3300 3581 3409 3628 tota
3445 3573 3660 3643 gentium,

2060 3660 2352 3729 plenitudo,
2385 3668 2443 3712 ut
2484 3668 2616 3714 tunc
2645 3661 2764 3729 (I3)
2806 3664 3048 3717 demum
3088 3665 3280 3719 omnis
3322 3662 3481 3717 Israel
3503 3662 3650 3715 salve-

2062 3757 2169 3812 tur,
2205 3748 2318 3804 dies
2350 3747 2696 3816 producitur,
2730 3761 2789 3804 et
2825 3733 3104 3808 dilfertur
3148 3767 3406 3818 occasus,
3435 3767 3526 3808 nec
3570 3765 3652 3802 un-

2059 3853 2218 3906 quam
2249 3838 2326 3915 sol
2361 3842 2676 3906 occumbit;
2715 3842 2813 3895 sed
2841 3858 3084 3911 semper
3115 3846 3392 3906 exoritur,
3417 3845 3530 3896 dum
3555 3854 3650 3894 cre-

2060 3928 2296 3982 dentium
2333 3929 2590 3984 cordibus
2638 3929 2719 3983 sol
2766 3929 3017 3996 iustitia:
3077 3933 3274 3987 lumen
3322 3930 3559 3987 veritatis
3583 3928 3652 3980 in-

2057 4015 2252 4069 fundit.
2277 4015 2410 4070 Cum
2440 4030 2568 4070 vero
2593 4017 2800 4085 repleta
2827 4018 3000 4073 fuerit
3024 4035 3295 4076 mensura
3319 4019 3643 4077 credentium,

2058 4113 2112 4158 et
2145 4102 2378 4156 deterior
2399 4102 2514 4170 jam
2549 4117 2613 4180 ac
2645 4105 2879 4159 decolor
2911 4118 3062 4162 aetas
3111 4109 3328 4162 ultimm
3376 4103 3646 4176 generatio—

2060 4193 2143 4247 nis
2180 4194 2459 4247 advenerit
2493 4193 2632 4264 (M),
2677 4207 2811 4268 cum
2868 4197 3244 4254 increscente
3279 4197 3553 4265 iniquitate
3583 4205 3653 4244 re-

435 4278 1102 4350 spiritalibusnequitiisid
1123 4281 1517 4334 sibiimminere
1536 4294 1788 4360 procerto
1806 4284 1956 4336 sciat.
1991 4269 2035 4322 Ῑ)
2062 4280 2315 4349 frigescet
2341 4281 2592 4336 charitas
2627 4282 2966 4349 multorum,
3001 4297 3064 4342 et
3107 4289 3376 4358 perpauci
3412 4293 3656 4340 remanse-

432 4366 502 4420 Et
533 4367 606 4420 ita
650 4368 736 4434 ιιι,
768 4381 819 4424 ιιι
849 4375 938 4439 qui
963 4375 1226 4426 amicitias
1253 4373 1454 4440 expetit
1486 4371 1609 4445 Iesu
1633 4411 1647 4436 ,
1677 4371 1960 4424 multorum

429 4454 591 4526 525
618 4457 718 4510 sibi
743 4459 876 4512 sciat
908 4461 1213 4514 inimicitias
1242 4461 1554 4514 tolerandas.
1578 4461 1710 4512 Audi
1746 4471 1963 4527 aposto-

503 4544 979 4622 "1339,1241.
1053 4551 1097 4581 ιι
1127 4548 1168 4601 ιι
1195 4549 1330 4605 Tim.
1355 4564 1436 4612 ιιι,
1462 4550 1546 4603 ιε.
1620 4535 2009 4622 "Eceli.ll,l.

430 4611 518 4665 ιτ.
596 4614 639 4645 ιο
669 4614 806 4669 Psal.
843 4613 911 4683 u,“
933 4618 984 4674 8.
1713 4621 1717 4623 '

431 4703 596 4825 dixi).
621 4703 817 4822 (:mnes
843 4722 1057 4796 ηις-ιη(
1088 4719 1144 4765 et
1170 4708 1336 4777 digni.
1384 4727 1402 4759 ι
1442 4705 1593 4763 Libb.
1637 4707 1806 4772 editi,
1847 4727 1876 4772 ι,
1903 4717 1958 4760 ιιι

469 4785 596 4840 tgm.
637 4790 656 4822 ι
1019 4788 1022 4796 τ

501 4839 592 4919 (ὅ).
612 4840 675 4892 Et
706 4857 901 4907 verum.
938 4845 1088 4899 deest
1115 4847 1166 4898 in
1200 4843 1329 4899 libb.
1355 4842 1511 4896 editis
1534 4878 1550 4905 ,
1578 4841 1670 4894 sed
1697 4853 1870 4898 exstat
1903 4845 1954 4897 in

429 4910 677 4962 Omnibus
705 4924 834 4962 mss.

503 4974 578 5045 (5)
615 4975 682 5047 Et
718 4981 969 5047 quomodo
1010 4980 1166 5034 solem
1203 4980 1322 5047 fecit
1358 4987 1494 5047 stare
1521 4985 1567 5029 et
1611 4978 1809 5047 lunam,
1847 4978 1957 5032 haec

433 5043 622 5113 desunt
651 5043 703 5096 in
733 5046 882 5099 libris
905 5057 1060 5100 antea
1093 5043 1269 5108 editis,
1305 5047 1397 5100 sed
1430 5045 1674 5113 leguntur
1692 5044 1749 5096 In
1781 5048 1962 5101 codice

433 5111 884 5169 Santzermanensi
913 5127 968 5168 et
993 5131 1098 5169 uno
1128 5114 1456 5168 Ebroicensi.

523 5128 540 5162 ι
582 5127 884 5167 ermanenst
913 5127 968 5168 et
993 5131 1098 5169 uno
1128 5127 1456 5168 ιιλυνοιοθιιει.

523 5127 578 5315 ϐξ
607 5180 908 5249 Sangerm.,
940 5201 959 5234 ι
996 5199 1173 5257 super.
1209 5202 1226 5234 ι
1260 5183 1416 5236 Libb.
1443 5179 1594 5246 editi,
1623 5197 1645 5232 ι
1680 5197 1860 5252 supra.
1901 5203 1922 5236 ι

526 5248 555 5298 7
610 5248 746 5302 Idem
777 5266 901 5312 ms.,
939 5268 959 5302 ι
989 5251 1256 5315 pugnavit.
1289 5268 1307 5301 ι

526 5248 578 5319 '1)
610 5248 746 5319 Idem
777 5266 901 5312 ms.,
939 5268 959 5302 ι
989 5248 1256 5319 pugnavit.
1289 5268 1307 5301 ι

505 5315 581 5380 (8)
607 5317 744 5368 Audi
777 5315 1305 5385 apostolum'Paulum
1326 5324 1434 5370 Iuro
1455 5318 1631 5371 eadem
1660 5317 1967 5384 conﬁrman-

439 5389 557 5458 tem,
589 5398 700 5458 cum
724 5387 866 5438 dicit.
899 5387 1016 5458 Ilaec
1031 5389 1402 5458 desiderantur
1429 5387 1481 5440 in
1507 5387 1658 5440 libris
1679 5396 1830 5438 antea
1847 5387 1961 5438 edi-

439 5449 529 5509 tis,
555 5449 644 5502 sed
669 5464 881 5506 exstant
910 5455 960 5506 in
993 5455 1236 5508 omnibus
1266 5469 1394 5506 mss.

510 5515 585 5583 (9)
614 5515 680 5568 1η
719 5523 858 5573 nobis
887 5531 934 5575 et
973 5524 1067 5576 hoc
1093 5523 1387 5591 pra'cipere.
1421 5521 1539 5576 Haec
1578 5520 1740 5576 etiam
1772 5519 1962 5586 desunt

2059 4369 2167 4421 rint
2200 4370 2252 4421 in
2285 4369 2485 4436 quibus
2511 4371 2646 4425 ﬁdes
2674 4372 3032 4444 inveniatur,
3072 4389 3218 4435 tunc
3245 4383 3359 4451 jam
3400 4379 3653 4434 abbrevia-

2060 4460 2260 4512 buntur
2282 4461 2415 4514 dies.
2457 4462 2604 4517 Idem
2637 4465 2812 4534 igitur
2843 4477 3023 4536 atque
3063 4458 3188 4541 ipse
3217 4473 3481 4527 Dominus
3508 4472 3653 4539 novit,

2084 4550 2128 4580 “
2155 4551 2172 4603 ι
2199 4549 2391 4604 Thess.
2434 4567 2488 4617 v,
2524 4553 2644 4608 Ην
2690 4555 2734 4586 ³⁷
2775 4556 2944 4614 Rom.
2999 4557 3206 4627 and.
3289 4564 3339 4596 ³⁸
3381 4562 3558 4617 Matth.
3591 4575 3653 4618 tv.

2067 4707 2120 4776 in
2160 4705 2314 4786 libris
2349 4716 2506 4761 antea
2536 4709 2724 4774 editis,
2761 4715 2872 4787 sed
2909 4715 3185 4787 leguntur
3217 4719 3271 4774 in
3312 4735 3414 4787 ms.
3442 4717 3653 4785 Sauge_r-

2065 4779 2330 4836 manensi,
2360 4791 2570 4830 necnon
2613 4796 2722 4834 uno
2760 4779 3122 4841 Ebroicénsi.
3363 4779 3374 4790 ³

2063 4843 2626 4963 ms(910)ls‘rgo,_alias
2679 4851 2861 4919 deest,
2912 4857 3012 4910 sed
3051 4857 3262 4926 legitur
3320 4857 3373 4910 in
3427 4854 3662 4918 omnibus.

2133 4976 2492 5060 (1!)Mss_.,t
2521 4986 3013 5058 appropinquavit.
3057 5010 3077 5043 ι
3120 4993 3287 5048 Lihb.
3329 4993 3481 5056 editi,
3520 5007 3540 5040 ι
3570 5004 3651 5057 ap-

2061 5049 2474 5113 propinquahit.
2507 5069 2529 5100 ι
2557 5049 2565 5050 “
2593 5049 2625 5078 ί

2133 5113 2243 5194 (βξ)
2275 5113 2490 5194 ξοίιιιιι,
2519 5121 2674 5175 deest
2710 5124 2765 5177 in
2799 5126 2962 5182 libris
3009 5138 3174 5181 antea
3226 5128 3410 5194 editis,
3441 5127 3532 5182 sed
3567 5140 3650 5179 ex-

2063 5184 2248 5254 slttt‘tn
2277 5183 2756 5254 Sangerntaneatsi
2791 5208 2848 5248 et
2882 5214 2994 5254 uno
3023 5199 3370 5251 Ebroicensi.

2134 5250 2248 5334 (ιῇ)
2275 5250 2589 5334 Ideni-ms.,
2630 5278 2650 5310 ι
2699 5250 2997 5334 ut'tunc,}
3028 5250 3082 5334 et
3119 5250 3284 5333 paulo
3307 5273 3447 5334 post.
3477 5281 3498 5315 ⁸
3531 5275 3642 5332 βω·

2068 5317 2286 5402 ducitur
2312 5317 2691 5402 etntlhillertur.
2729 5350 2749 5384 ι
2791 5317 2947 5389 Libri
2980 5317 3140 5394 editi:
3174 5317 3209 5383 «ί
3237 5317 3644 5400 etrtunc...pro-

2067 5387 2316 5448 ducitur,
2348 5391 2626 5451 differtur.
2659 5418 2679 5451 ι
2833 5422 2836 5424 ⁷

2134 5455 2247 5536 (ίῆ)
2276 5456 2436 5515 Unus
2457 5467 2625 5536 codex
2649 5470 3021 5536 Ebroicensis,
3053 5487 3069 5520 t
3102 5479 3158 5521 et
3183 5469 3254 5522 ad
3286 5468 3565 5536 deteriores
3585 5477 3644 5518 ac

2066 5525 2421 5612 decoloratas
2445 5535 2652 5594 ultima:
2678 5525 3041 5613 generationis
3060 5539 3315 5592 nationes
3327 5535 3633 5592 advenerit.»
