3822 6250
142 295 456 480 fam
503 435 539 480 Α
1314 354 1382 409 ΙΝ
1415 356 1667 413 LIBRUM
1699 359 1860 415 JESU
1898 360 2079 415 NAVE
2111 359 2391 416 HOMlLlA
2420 357 2533 415 Xll'.
3065 438 3068 442 t
3428 359 3537 415 886

237 457 284 480 ι.
461 449 652 480 “ora
698 451 939 480 A:-__A
1155 468 1248 480 ._.
1765 477 1776 480 -
2005 478 2013 480 _
2098 478 2140 480 ,_
2391 474 2404 480 -
2543 475 2555 480 -
2671 473 2791 480 ---
2860 474 2873 480 -
3135 472 3225 480 --.

174 435 284 560 ἓξ
297 435 654 560 Δῗίὶθέἓῗε
697 451 876 514 diem
911 477 1056 560 cum
1097 468 1281 560 salutis
1310 481 1394 526 est
1427 483 1656 544 tempus,
1687 486 1740 529 et
1765 477 1890 530 bre-
1920 481 1964 536 Α
1991 478 2234 532 Assident
2264 474 2462 530 etenim
2488 475 2644 528 etiam
2671 473 2755 530 bis
2777 473 2923 542 ipsis,
2949 487 3083 544 quos
3119 472 3374 537 diximus,
3407 488 3527 527 cor-

293 525 644 639 θΣῗ--ξὶὶξξην
713 559 867 606 cum
941 559 1318 616 tribulationis
1363 572 1418 616 et
1457 525 1770 632 pet-ruitionis
1811 575 1893 619 est
1989 569 2256 636 poralibus
2283 566 2526 621 sensibus
2555 564 2825 620 hominum
2857 525 3096 633 maligna:
3131 565 3374 631 virtutes,
3410 577 3527 631 quas

225 622 654 727 (ῧίῖψιὶξοβοε
682 641 890 696 tamen
931 647 1070 702 dum
1099 649 1354 706 habemus
1383 622 1542 716 diem,
1563 663 1618 706 et
1648 655 1891 721 produci-
1988 622 2078 712 eos
2107 657 2173 711 ad
2211 657 2376 711 malas
2413 655 2867 723 eoneupiscentias
2904 662 2957 706 et
2983 622 3146 723 ᾖξε
3183 651 3327 707 {teda
3360 651 3526 705 mini-

263 713 564 812 “imm-‘5
597 727 858 792 Spatium
901 733 1078 800 lucis,
1116 754 1139 788 ι
1170 739 1307 793 sicut
1337 740 1388 793 in
1414 742 1498 796 die
1527 713 1748 796 honeste
1777 759 1889 795 am-
1989 745 2150 800 steria
2189 746 2376 799 anima:
2414 713 2694 812 praebenda
2751 713 3233 805 solliciten-tT-Qtias
3262 740 3526 807 malignas

292 810 550 904 ὶιυὶβῖωξδ
575 811 650 881 ut
689 835 709 867 ’
747 829 806 872 ει
838 836 1021 890 Opera
1057 827 1188 882 lueis
1213 843 1511 895 operemur.
1987 837 2208 888 virtutes
2236 835 2278 888 si
2313 810 2441 888 ﬁdes
2471 832 2580 904 (19)
2612 831 2808 894 Christi
2834 830 3187 898 superaverit,
3221 837 3276 882 et
3305 829 3360 883 in
3385 829 3525 898 ligno

381 903 441 959 4.
493 901 604 960 Sed
655 915 712 962 et
765 909 904 965 illud
972 916 1250 971 videamus
1279 919 1407 985 quid
1435 931 1517 975 est
1555 924 1692 990 quod
1741 925 1888 987 dicit,
1988 921 2160 975 crucis
2190 921 2302 988 ejus
2330 901 2525 974 fuerint
2561 933 2846 989 suspensae,
2892 928 2948 971 ut
2975 927 3028 972 et
3069 919 3133 971 de
3179 917 3308 984 ipsis
3337 917 3525 970 trium-

319 997 563 1068 quinque
577 1011 732 1067 reges
752 997 949 1068 fuisse,
977 1011 1033 1056 et
1055 1004 1152 1059 hos
1173 1005 1223 1056 in
1243 1007 1524 1073 speluncas
1545 1008 1740 1078 fugisse
1758 1011 1886 1082 (15).
1986 1010 2112 1076 phet
2145 1010 2194 1061 in
2226 1009 2364 1077 ligno
2403 1011 2576 1063 crucis
2615 1023 2743 1074 suae,
2775 1007 3106 1075 interemptis
3134 1006 3218 1068 iis,
3253 1019 3527 1074 regnoque

314 1091 475 1160 Sa-pe
491 1090 732 1145 diximus
757 1092 1038 1161 duplicem
1062 1110 1178 1150 esse
1195 1095 1614 1152 Christianorum
1642 1114 1886 1169 pugnam.
1987 1097 2236 1165 depulsis,
2268 1108 2391 1150 tunc
2415 1095 2638 1150 edicitur
2677 1097 2852 1149 anima
2881 1095 2930 1148 in
2963 1105 3114 1162 parte
3139 1093 3254 1159 Dei,
3280 1103 3404 1146 tunc
3433 1094 3524 1146 .le-

271 1213 280 1223 -
308 1179 592 1233 Perfectis
641 1180 861 1248 quidem
903 1191 958 1234 et
1009 1183 1202 1236 talibus
1241 1185 1412 1251 qualis
1441 1198 1554 1240 erat
1591 1186 1785 1242 Paulus
1836 1196 1889 1242 et
1988 1183 2214 1237 rusalem
2257 1198 2473 1252 regnum
2502 1183 2590 1236 Dei
2621 1184 2865 1247 elIicitur,
2889 1192 2942 1236 et
2967 1182 3218 1250 templum
3249 1183 3300 1234 in
3329 1195 3392 1235 ea
3418 1182 3523 1234 Do-

298 1269 567 1338 Epltesii,
617 1271 760 1323 sicut
801 1270 914 1338 ipse
943 1270 1136 1325 Paulus
1172 1271 1279 1341 (16)
1311 1273 1440 1326 dicit
1461 1275 1503 1304 “
1526 1318 1540 1342 ,
1583 1292 1601 1325 t
1655 1291 1760 1330 non
1803 1287 1885 1331 est
1988 1273 2132 1326 tnino
2151 1273 2478 1326 construitur
2505 1270 2636 1342 (ΞΟ).
2659 1272 2845 1326 Annon
2871 1272 2971 1324 hoc
2993 1271 3058 1323 de
3091 1269 3375 1336 semetipso
3401 1281 3524 1321 sen-

296 1371 498 1426 pugna
534 1359 806 1412 adversus
836 1372 1052 1412 carnem
1081 1368 1134 1414 et
1162 1361 1494 1430 sanguinem,
1518 1364 1608 1414 sed
1639 1365 1889 1418 adversus
1988 1362 2148 1414 tiebat
2195 1361 2281 1414 ille
2307 1361 2397 1428 qui
2441 1360 2652 1414 dicebat
2679 1361 2746 1424 δι,
2776 1361 2901 1428 quia
2937 1378 2960 1411 t
2993 1373 3203 1413 eramus
3237 1357 3523 1426 aliquando

287 1448 659 1516 principatus
711 1456 767 1502 et
807 1458 1124 1518 potestates,
1170 1453 1451 1507 adversum
1509 1454 1687 1506 mundi
1735 1456 1888 1524 hujus
1985 1459 2039 1504 et
2069 1465 2164 1504 nos
2198 1451 2472 1514 inseusati,
2502 1450 2785 1516 increduli,
2819 1459 3083 1513 errantes,
3115 1447 3405 1524 servientes
3433 1446 3525 1499 de-

287 1545 560 1590 rectores
591 1536 947 1591 tenebrarum
972 1540 1182 1601 harum,
1210 1542 1464 1597 adversus
1486 1545 1742 1612 spiritalia
1769 1519 1878 1618 (i7)
1985 1539 2194 1592 sideriis
2224 1548 2278 1591 et
2300 1539 2654 1607 voluptatibus
2675 1539 2875 1592 variis?
2913 1557 2932 1588 ι
2965 1537 3076 1592 Non
3107 1519 3254 1591 enim~
3273 1535 3413 1589 aliud
3443 1542 3524 1588 est

279 1627 574 1695 nequitiae
606 1627 662 1678 in
697 1627 1029 1683 cmlestibus.
1073 1648 1092 1680 ι
1131 1630 1476 1687 lnferioribus
1502 1649 1648 1698 vero,
1684 1646 1737 1690 et
1761 1652 1889 1690 non-
1986 1629 2086 1681 hoc
2113 1630 2254 1697 quod
2298 1628 2590 1683 Jerusalem
2614 1631 2898 1698 aliquando
2929 1630 3090 1684 fuisse
3116 1628 3214 1683 sub
3243 1641 3365 1697 rege
3387 1626 3524 1680 Ado-

277 1717 433 1770 dum
483 1714 755 1784 perfectis
799 1732 971 1786 pugna
1030 1721 1204 1774 adhuc
1260 1721 1514 1776 adversus
1574 1738 1785 1779 carnem
1832 1705 1885 1780 εἰ
1985 1717 2201 1770 nibczec
2227 1719 2499 1785 scribitur,
2524 1719 2606 1772 vel
2623 1719 2739 1773 alite
2774 1718 3017 1772 civitates
3042 1717 3140 1772 sub
3167 1717 3292 1772 aliis
3317 1716 3381 1771 “.

271 1809 640 1875 sanguinem
676 1811 906 1879 geritur,
934 1810 998 1864 iis
1022 1811 1110 1878 qui
1140 1811 1314 1866 adhuc
1338 1814 1638 1868 carnalibus
1668 1817 1810 1871 vitiis
1832 1829 1884 1871 et
1915 1791 1956 1844 Β
2053 1805 2104 1859 θσ
2163 1804 2268 1860 Sed
2325 1807 2535 1860 inierim
2583 1806 2738 1862 185118
2793 1806 3058 1861 ίῐιιθΐῖθοὶι
3102 1806 3366 1869 inimicos.
3416 1819 3519 1858 ηοη

270 1896 706 1966 ﬁ-agTIitatibus
739 1899 1148 1968 impugnantur:
1182 1902 1324 1968 quod
1360 1902 1517 1955 etiam
1548 1903 1598 1954 in
1638 1904 1736 1958 hoc
1769 1904 1882 1958 loco
1983 1894 2351 1948 ονυίίθιίιθῑειη
2381 1894 2577 1949 docens
2609 1909 2700 1962 Per
2724 1896 2845 1958 110°:
2883 1897 3020 1949 δίθυῑ
3044 1895 3514 1980 ἶὶπΐθιῖοῖβυῑεηιο

267 1985 541 2039 indicari
597 1996 753 2054 puto.
790 1987 998 2040 Etenim
1030 1987 1338 2042 Gabaonitis
1385 1990 1641 2042 indictum
1689 2007 1805 2046 esse
1851 2008 1881 2046 a
1980 1985 2073 2038 sed
2116 1984 2289 2037 futura
2347 1985 2395 2037 in
2431 1987 2513 2040 his
2554 2001 2670 2055 quae
2713 1996 2969 2055 geruntur
3000 1995 3330 2040 sacramenta
3377 1986 3520 2040 desi-

263 2075 551 2144 qninque
585 2075 810 2145 regibus
850 2076 1082 2129 diximus
1128 2077 1346 2137 bellum,
1399 2092 1622 2145 quorum
1659 2081 1879 2148 ﬁguram
1981 2087 2148 2141 gnatis
2180 2073 2289 2141 (21)
2322 2087 2337 2125 ε
2370 2083 2425 2126 ιιι
2455 2090 2573 2128 cum
2624 2075 2947 2129 interemerit
2982 2090 3071 2131 eos
3105 2089 3280 2144 reges,
3314 2075 3402 2142 qui
3437 2088 3520 2126 re-

263 2166 412 2217 dixi
448 2180 575 2218 esse
606 2165 660 2218 in
701 2165 768 2218 iis
789 2165 879 2233 qui
910 2165 1207 2232 imperfecti
1233 2175 1381 2220 sunt.
1408 2167 1499 2220 Isti
1527 2182 1653 2236 ergo
1681 2170 1882 2236 aquin—
1980 2177 2138 2232 gnum
2183 2164 2383 2232 peccati
2425 2174 2604 2218 tenent
2644 2166 2693 2218 in
2743 2167 2915 2230 nobis,
2957 2168 3218 2233 possimus
3257 2165 3382 2218 illml
3425 2164 3517 2215 im-

258 2268 405 2321 que
460 2253 693 2322 regibus
750 2253 1151 2322 impugnantur.
1214 2254 1456 2324 Quinque
1503 2265 1682 2310 autem
1727 2272 1877 2327 reges
1978 2251 2124 2320 plere
2153 2253 2291 2320 quod
2330 2252 2464 2304 dixit
2495 2253 2776 2319 Apostolus
2808 2253 2896 2305 "‘:
2936 2272 2953 2305 t
3003 2251 3155 2306 Sicut
3197 2251 3522 2305 exhibuistis

255 2346 548 2412 quinque
587 2358 789 2398 sensus
813 2344 1372 2412 corporeosindicant,
1404 2345 1878 2414 visum,auditum,
1979 2337 2216 2395 membra
2243 2350 2418 2395 vestra
2448 2344 2644 2396 servire
2669 2342 2930 2410 iniquitati
2966 2343 3030 2396 ad
3061 2342 3411 2411 iniquitatem,
3441 2341 3514 2392 ita

258 2443 543 2504 gustum,
599 2441 816 2485 tactum
853 2440 906 2486 et
950 2433 1250 2488 odoratum.
1306 2433 1409 2488 Per
1450 2435 1677 2505 aliquem
1732 2438 1874 2492 enim
1977 2445 2119 2484 nunc
2147 2432 2489 2487 exhibeamus
2526 2432 2761 2485 membra
2790 2441 2970 2486 nostra
2994 2434 3194 2486 servire
3220 2431 3518 2499 justitiaein

269 2522 530 2588 horum,
564 2535 1013 2588 unumquemque
1043 2535 1260 2576 necesse
1286 2531 1366 2577 est
1396 2522 1640 2579 decidere
1667 2525 1718 2579 in
1756 2541 1879 2594 pec-
1971 2521 2413 2593 jusﬁﬁcationem
2441 2521 2569 2592 (9.2).
2605 2541 2623 2573 ι
2671 2523 2803 2588 Quid
2835 2537 2960 2590 ergo
2997 2532 3099 2586 est,
3146 2521 3285 2590 quod
3321 2524 3388 2575 ab
3434 2521 3517 2575 eis

261 2622 504 2664 catum.
561 2610 673 2675 Qui
704 2609 944 2678 quinque
997 2625 1184 2664 sensus
1233 2611 1340 2665 illis
1383 2613 1616 2679 quinque
1666 2615 1878 2683 regibus
1976 2608 2076 2663 hoc
2095 2609 2594 2664 locovelutcrudele
2619 2611 2912 2679 culpatur?
2937 2611 3064 2674 Hoc,
3088 2612 3343 2679 inquit“,
3370 2611 3515 2679 quod.

261 2709 725 2769 comparantur,
779 2701 870 2768 qui
926 2699 1266 2766 Gabaonitas,
1301 2701 1353 2754 id
1388 2711 1467 2756 est
1518 2704 1607 2771 qui
1635 2706 1877 2760 carnales
1976 2700 2230 2768 scriptum
2253 2711 2334 2754 est
2370 2717 2382 2752 :
2423 2719 2439 2750 t
2468 2700 2653 2755 Ponite
2681 2703 2844 2769 pedes
2877 2712 3080 2756 vestros
3111 2716 3269 2770 super
3311 2701 3512 2755 collum

265 2791 550 2844 homines
576 2797 922 2858 expugnant.
960 2788 1110 2854 Quod
1159 2799 1335 2844 autem
1373 2792 1620 2846 dicuntur
1651 2793 1702 2846 in
1749 2808 1873 2861 spes
1975 2803 2178 2853 eorum,
2228 2799 2282 2844 et
2339 2791 2621 2844 interﬁcite
2666 2807 2780 2847 eos.
2817 2812 2834 2843 ι
2878 2791 3012 2857 Quid
3065 2793 3204 2861 quod
3250 2794 3362 2846 haec
3403 2805 3508 2844 non

264 2880 483 2935 luncas
508 2879 855 2948 confugisse,
886 2887 1060 2946 potest
1090 2879 1188 2933 hoc
1219 2879 1448 2934 fortasse
1480 2881 1724 2946 indicari,
1749 2886 1872 2951 quia
1975 2877 2276 2942 crudelitas,
2305 2879 2396 2932 sed
2444 2879 2744 2935 humanitas
2772 2887 2824 2934 et
2859 2880 3158 2950 benignitas
3201 2879 3508 2936 invenitur?

264 2970 551 3038 spelunca
590 2968 757 3022 locus
807 2977 889 3021 est
935 2967 995 3020 in.
1033 2967 1353 3034 profundum
1403 2978 1560 3023 terrae
1609 2969 1867 3025 defossus.
1977 2965 2188 3020 Utinam
2236 2976 2290 3022 et
2322 2977 2376 3021 tu
2417 2968 2535 3023 talis
2569 2983 2735 3034 esses,
2781 2970 2870 3037 qui
2916 2985 3144 3039 poneres
3180 2971 3340 3039 pedes
3391 2981 3511 3024 tuos

260 3056 457 3126 Igitur
481 3059 669 3112 etiam
715 3057 803 3110 isti
840 3072 971 3126 quos
1012 3072 1171 3124 supra
1200 3057 1427 3110 diximus
1453 3072 1640 3112 sensus
1669 3075 1786 3113 cum
1815 3074 1872 3114 se
1899 3092 1942 3150 ε
1975 3070 2134 3124 super
2191 3065 2465 3127 serpentes
2513 3067 2567 3112 et
2613 3060 2936 3126 scorpiones,
2983 3055 3240 3129 et'supra
3292 3075 3508 3114 omnem

265 3149 519 3204 terrenis
570 3147 801 3202 actibus
848 3147 898 3200 in
934 3161 1156 3214 corpore
1193 3148 1346 3212 positi
1393 3149 1782 3212 demerserint,.
1819 3161 1873 3203 et
1908 3146 1940 3150 '
1972 3146 2218 3199 virtutem
2250 3147 2468 3210 inimici,
2499 3156 2552 3202 et
2579 3148 2923 3204 conculcares
2962 3151 3243 3204 draconem
3281 3159 3333 3204 et
3366 3149 3508 3204 basi-

263 3238 420 3291 niliil
448 3238 516 3292 ad
542 3251 696 3304 opus
734 3235 848 3298 Dei,
877 3236 969 3289 sed
997 3245 1165 3288 totum
1201 3237 1266 3288 ad
1301 3235 1654 3290 ministerium
1679 3253 1868 3306 corpo-
1971 3233 2177 3300 iiscum,
2209 3235 2260 3289 id
2297 3246 2377 3288 est
2406 3235 2684 3304 ,rcgulum,
2724 3239 2815 3305 qui
2860 3237 3140 3306 aliquando
3187 3241 3422 3307 regnavit
3455 3239 3509 3293 in

264 3329 352 3380 ris
390 3327 641 3394 egerint,
668 3323 726 3376 in
757 3323 1044 3392 speluncas
1067 3325 1367 3391 c0nl'ugisse
1395 3325 1660 3378 dicuntur.
1972 3330 2042 3384 te,
2072 3331 2123 3374 et
2154 3323 2322 3377 tenuit
2351 3323 2402 3374 in
2439 3332 2489 3376 te
2513 3337 2730 3390 regnum
2764 3325 2967 3393 peccati
2996 3341 3012 3376 :
3037 3336 3093 3378 ιιι
3130 3326 3232 3379 illis
3258 3328 3510 3380 omnibus

343 3417 404 3470 5.
437 3415 761 3470 Sciendum
797 3422 970 3466 tamen
999 3415 1138 3482 quod
1169 3413 1268 3467 ista
1291 3414 1404 3482 ipsa
1432 3429 1613 3483 regna,
1643 3429 1868 3483 quorum
1971 3413 2327 3481 interemptis,
2357 3412 2444 3479 qui
2477 3412 2526 3465 in
2565 3420 2615 3465 te
2646 3413 2936 3482 regnabant
2971 3429 3131 3479 opere
3163 3417 3387 3484 peccati,
3421 3431 3509 3472 so-

261 3519 422 3558 nunc
449 3518 628 3573 reges
655 3503 952 3554 vincuntur
977 3502 1042 3555 ab
1071 3501 1216 3566 Jesu,
1243 3511 1296 3556 et
1315 3502 1628 3572 confugiunt
1656 3505 1722 3556 ad
1753 3519 1872 3571 spe-
1969 3501 2050 3553 lus
2108 3501 2158 3552 in
2213 3508 2262 3553 te
2313 3509 2497 3566 regnet
2543 3500 2783 3554 Christus
2820 3501 2972 3556 .lesus
3003 3503 3258 3556 Dominus
3303 3515 3504 3568 noster,

262 3594 485 3658 luncas,
528 3591 896 3662 postmodum
918 3592 969 3643 in
1000 3601 1198 3645 sortem
1225 3593 1445 3644 veniunt
1477 3601 1783 3646 sanctorum
1817 3604 1869 3646 et
1969 3587 2049 3638 Clli
2069 3585 2325 3655 eslgloria
2354 3586 2697 3654 elimpel‘ium
2731 3586 2838 3656 (25)
2872 3590 2930 3641 in
2954 3589 3144 3643 Sintula
3168 3589 3514 3646 smculorum.

261 3697 408 3750 pars
440 3681 679 3736 Domini
717 3680 1072 3746 appellantur,
1117 3681 1259 3734 sicut
1298 3695 1514 3748 regnum
1552 3680 1866 3746 Jerusalem,
1967 3679 2158 3732 Amen.

259 3772 356 3824 vel
389 3770 634 3835 Lacbis,
676 3769 761 3821 vel
796 3770 1064 3823 Chebron.
1093 3769 1148 3823 in
1181 3785 1287 3838 quo
1320 3770 1420 3824 hoc
1451 3770 1685 3824 arbitror
1732 3771 1870 3824 indi-
2521 3773 2795 3844 ῃοΜιυΑ
2823 3789 2937 3842 χιι,

257 3862 414 3927 cari:
443 3859 608 3930 (μιοά
640 3859 814 3950 “iam
857 3859 946 3911 is“
995 3860 1234 3950 (Ιυῖηίιιξθ
1277 3873 1488 3925 sensus:
1525 3874 1656 3950 (ξυοε
1709 3874 1867 3950 Silpia
1969 3881 2047 3934 De
2071 3896 2128 3934 eo
2169 3883 2303 3948 quod
2347 3884 2654 3950 spiritaliter
2679 3881 2901 3949 intelligi
2955 3882 3168 3934 debeant
3218 3881 3346 3934 bella
3391 3897 3526 3948 qua.»

253 3952 670 4019 exposuimus,
710 3947 764 4000 in
793 3960 1019 4014 corpore
1051 3949 1228 4014 positi,
1252 3963 1374 4003 eum
1407 3963 1502 4016 per
1531 3948 1710 4003 Jesum
1749 3947 1869 4003 l‘ue-
2034 3947 2187 4016 gessit
2208 3947 2381 4014 Jews,
2415 3960 2460 4003 et
2481 3953 2616 4016 quod
2659 3947 2915 4018 regressus
2943 3949 3162 4019 populus
3188 3961 3299 4018 post
3337 3947 3527 4004 victm,

257 4018 382 4095 rint
415 4040 658 4105 devicti,
709 4039 785 4092 ita
812 4048 869 4091 ut
900 4039 1189 4095 inﬁdelitas
1231 4041 1298 4094 ab
1324 4040 1402 4095 eis
1428 4050 1480 4095 et
1518 4042 1868 4096 incredulitas
2035 4020 2168 4070 'iam
2198 4034 2296 4070 ηοη
2324 4020 2522 4088 ηυαίυίί.
2549 4021 2602 4071 ίη
2631 4020 2806 4087 “"9"”
2835 4034 2932 4070 5“"
2957 4018 3088 4088 (24)·

257 4135 617 4202 depellatur,
655 4140 716 4184 et
761 4145 892 4184 cum
926 4130 1228 4185 moriuntur
1272 4141 1498 4200 peccato
1539 4133 1591 4185 in
1632 4146 1694 4187 eo
1726 4131 1865 4200 quod
2036 4129 2086 4181 l.
2115 4127 2171 4181 Si
2218 4143 2278 4182 ea
2304 4143 2418 4197 qua:
2444 4143 2538 4195 per
2576 4130 2786 4198 Moysen
2819 4130 2884 4183 de
2915 4130 3274 4192 tabernaculo,
3314 4129 3392 4182 vel
3415 4145 3506 4184 sa-

257 4227 536 4279 desinunt
572 4219 936 4275 aministerio
964 4222 1204 4288 peccati;
1237 4223 1356 4276 istis
1383 4224 1509 4291 ipsis
1534 4225 1863 4290 postmodum
1965 4218 2181 4273 eriﬁciis
2213 4229 2266 4272 et
2300 4219 2440 4274 omni
2483 4219 2570 4272 illo
2594 4219 2736 4274 cultu
2770 4220 3242 4283 adumbrabantur,
3275 4229 3429 4288 typus
3450 4229 3505 4273 et

255 4313 551 4366 ministris
619 4317 813 4363 utetur
872 4310 1050 4363 anima
1105 4311 1183 4364 ad
1229 4313 1550 4378 Oper-audam
1600 4314 1861 4382 justitiam
1965 4307 2151 4361 umbra
2172 4307 2417 4361 dicuntur
2445 4322 2561 4363 esse
2585 4309 2904 4371 caelestium,
2942 4309 3057 4363 sine
3091 4309 3251 4363 dubio
3281 4319 3335 4364 et
3363 4311 3503 4366 bella

259 4397 362 4451 Dei
387 4397 534 4466 (l8),
567 4403 629 4450 et
658 4395 736 4447 ita
783 4394 843 4448 ﬁt
884 4405 943 4448 ut
973 4395 1294 4458 Jerusalem,
1336 4397 1388 4449 in
1423 4413 1526 4465 qua
1571 4400 1716 4465 prius
1775 4413 1862 4453 rex
1894 4412 1942 4470 ι)
1970 4411 2086 4463 qua:
2119 4410 2212 4464 per
2255 4396 2432 4452 Jesum
2463 4408 2739 4465 geruntur,
2769 4407 2822 4451 et
2868 4413 3048 4466 regum
3082 4407 3239 4467 atque
3270 4401 3502 4456 hostium

258 4501 531 4555 nequam.
551 4485 826 4552 regnabat
849 4493 904 4538 et
931 4485 1216 4552 pessimus,
1247 4487 1575 4552 postmodum
1606 4488 1656 4539 in
1687 4503 1745 4540 ea
1773 4505 1858 4542 re-
1965 4498 2190 4557 strages,
2221 4488 2514 4560 cmlestium
2555 4504 2730 4542 rerum
2767 4489 2878 4559 (25)
2911 4491 3094 4544 umbra
3127 4501 3180 4545 ct
3204 4502 3354 4562 typus
3385 4507 3511 4548 esse-

252 4586 399 4644 gnet
457 4574 644 4628 David
700 4584 892 4639 potens
949 4588 1134 4636 manu,
1171 4572 1252 4625 vel
1299 4575 1547 4640 paciﬁcus
1590 4575 1856 4630 Salomon.
1965 4577 2181 4630 dicenda
2235 4587 2378 4642 sunt,
2425 4592 2606 4632 eorum
2650 4579 2904 4633 duntaxat
2939 4580 3214 4648 bellorum,
3250 4598 3365 4650 qua:
3394 4583 3501 4637 Do-

335 4710 390 4743 "
428 4711 598 4764 Boni.
641 4723 765 4771 xm,
801 4708 888 4761 l3.
965 4707 1006 4737 ’⁵¹
1040 4707 1238 4774 Ephcs.
1269 4723 1337 4770 vr,
1370 4708 1454 4766 1?...
1529 4711 1571 4740 δ’
1591 4709 1694 4762 Tit.
1727 4713 1844 4774 ut,E

1727 4727 1804 4774 ιιι,
1831 4712 1883 4771 5,.
1957 4712 2000 4743 ⁸³
2027 4711 2148 4773 Iud.
2176 4727 2213 4766 ι.
2287 4712 2332 4746 ⁸⁸
2368 4712 2519 4768 Rom.
2568 4715 2751 4777 v1.19.
2825 4717 2868 4748 "
2912 4715 3021 4772 .los.
3054 4732 3106 4782 x,
3132 4716 3219 4771 Ἡ.

334 4829 459 4905 (t5)
487 4829 683 4882 Codex
713 4827 1004 4894 Sangerm.
1037 4838 1160 4878 cum
1193 4840 1297 4879 uno
1323 4825 1645 4894 Ebroicensi,
1676 4846 1694 4878 t
1732 4843 1858 4884 cou-
1975 4899 1988 4905 _
2033 4831 2142 4905 (ξι)
2174 4831 2326 4886 Libb.
2357 4831 2508 4905 editi,
2555 4851 2574 4883 t
2621 4833 2794 4886 futura
2817 4845 3182 4905 sacramenta.
3207 4835 3492 4905 designans

256 4896 502 4972 fugisse:
529 4913 571 4972 ,ι
777 4960 792 4972 _
927 4968 939 4972 Α
984 4959 998 4972 Ι
1208 4956 1316 4972 hu
1461 4963 1472 4972 _
1572 4963 1627 4972 __
1714 4965 1725 4972 _
1959 4899 2024 4951 de
2041 4896 2268 4966 iisquae
2290 4900 2643 4968 gerebantur;
2685 4921 2703 4954 ι
2738 4903 2829 4958 sed
2857 4917 3044 4958 omnes
3073 4918 3203 4960 mss.
3243 4914 3301 4958 ut
3322 4896 3374 4959 in
3409 4922 3498 4960 no-

336 4956 458 5032 (16)
484 4965 660 5025 Idem,
702 4977 722 5010 ι
761 4956 1403 5032 Apostolus.__t_lbidem
1442 4963 1543 5016 duo
1572 4963 1857 5028 Ebroicene
1957 4974 2066 5019 stro
2091 4956 2257 5020 ιρχίιι.

259 5025 380 5094 θεέ,
416 5025 451 5081 ι’
477 5035 712 5086 ηοιγθει
737 5025 949 5096 pugna.
992 5045 1012 5076 ›
1055 5025 1201 5080 Libri
1234 5027 1380 5092 editi,
1426 5047 1447 5079 ε
1484 5046 1586 5084 non
1615 5041 1738 5085 erat
1761 5025 1859 5102 pué
2008 5034 2134 5108 (ᾖ)
2160 5035 2732 5108 GodexSangermam,
2757 5056 2776 5088 ι
2810 5037 3269 5108 justilicationem.
3302 5057 3321 5091 ι
3346 5038 3491 5092 Libri

255 5115 453 5173 ειιᾳᾌρ
479 5165 536 5173 η
797 5163 815 5173 _
1110 5161 1122 5172 ο
1161 5161 1194 5173 Ἀ
1235 5161 1266 5173 η
1398 5164 1419 5173 -
1445 5165 1477 5173 η
1530 5167 1542 5173 _
1615 5167 1644 5173 __
1676 5167 1688 5173 _
1955 5104 2104 5173 editi,
2141 5105 2691 5173 t‘sanctiﬁcatitinetn.
2725 5127 2744 5158 ι

329 5166 454 5247 (11)
471 5165 652 5247 idem,
677 5180 698 5214 t
742 5163 1025 5218 adversus
1045 5161 1320 5228 spiritalia.
1354 5183 1372 5214 ι
1398 5164 1543 5219 Libri
1566 5167 1709 5233 editi,
1747 5185 1765 5218 ι
1802 5181 1854 5226 et
2025 5161 2136 5235 (25)
2165 5171 2318 5247 ptius
2349 5173 2709 5228 Ehroiceusis.
2737 5182 2854 5243 post
2899 5191 2919 5224 t
2955 5174 3232 5243 imperium
3264 5193 3284 5225 ι
3321 5170 3487 5236 addit,

257 5235 612 5308 spiritalia.)
667 5298 684 5308 _
799 5294 860 5308 Α,
1023 5305 1033 5308 _
1413 5301 1427 5308 -
1659 5302 1671 5308 μ

1413 5301 1427 5308 _
1659 5302 1671 5308 Α
1964 5257 1980 5289 t
2019 5255 2136 5292 cum
2162 5239 2359 5305 Spiritu
2385 5249 2588 5294 sancto.
2633 5260 2666 5293 ι,

332 5301 454 5370 (18)
494 5301 619 5365 Dei,
649 5297 902 5354 deesLin
940 5305 1104 5349 antea
1146 5297 1315 5361 editis,
1340 5301 1436 5355 sed
1459 5310 1636 5355 exstat
1658 5302 1709 5356 iu
1735 5322 1852 5359 om-
2028 5308 2134 5376 (24)
2167 5297 2230 5368 Et
2251 5307 2387 5373 quod
2418 5323 2670 5377 regressus
2708 5308 2926 5377 papulas
2947 5309 3340 5377 portuiclort'am
3362 5321 3488 5377 non

255 5369 577 5443 nil‘tpgmss:
690 5429 728 5443 Α
875 5441 885 5443 Α
915 5442 924 5443 7
951 5441 976 5443 Α
1065 5441 1076 5443 _
1139 5441 1165 5443 η
1369 5433 1423 5443 __
1519 5435 1533 5443 _
1661 5439 1672 5443 _
1957 5369 2153 5428 mminit
2172 5378 2224 5428 in
2247 5369 2422 5443 lingua
2441 5369 2555 5428 sita.
2592 5369 2918 5430 Haec'desunt
2943 5369 2991 5443 in
3017 5375 3165 5443 libris
3193 5383 3344 5427 antea
3367 5373 3488 5426 edi-

315 5435 436 5504 (l9)
461 5436 654 5512 cpite}
689 5429 1318 5512 Saggermrucut‘i'rnno
1368 5433 1697 5504 Ebroicensi,
1749 5459 1768 5492 ι
1807 5448 1851 5498 si
1959 5445 2044 5512 tis,
2091 5445 2180 5498 sed
2221 5429 2462 5510 legu'ntur
2504 5443 2560 5497 in
2593 5429 2772 5497 codice
2803 5429 2900 5497 ms.
2935 5434 3213 5512 Sangerin.
3263 5450 3316 5492 et
3371 5455 3478 5495 uno

225 5496 386 5553 lit/es.
416 5496 455 5560 ἰ
489 5503 666 5558 Libb.
703 5496 886 5557 editi,
924 5512 944 5544 ς
978 5508 1098 5546 cum
1134 5496 1274 5565 ﬁdes.
1313 5518 1329 5549 ι
1683 5496 1696 5504 ⁷

768 5496 886 5557 liti,
924 5512 944 5544 ς
978 5508 1098 5546 cum
1134 5496 1274 5565 ﬁdes.
1313 5518 1329 5549 ι
1683 5496 1696 5504 ⁷
1810 5496 1828 5498 ’
1960 5496 2277 5565 Enroiceusi.

283 5566 419 5646 (20)
471 5574 704 5629 Omnes
753 5576 932 5623 mss.,
983 5578 1002 5610 ι
1050 5564 1378 5622 construitur.
1446 5589 1484 5625 »ν
1516 5571 1659 5629 Libb.
1690 5577 1849 5646 editi,
2025 5564 2361 5647 (25)”erttm.
2397 5579 2540 5630 deest
2584 5580 2632 5630 iu
2676 5576 2825 5633 libris
2862 5577 3037 5644 editis,
3077 5578 3170 5634 sed
3201 5583 3372 5630 exstat
3417 5576 3501 5637 in,

213 5652 240 5688 σί
274 5647 696 5703 εοιδευσυειμιν,
757 5647 781 5680 ι

1245 5719 1248 5724 .
1954 5649 2132 5707 codice
2164 5662 2262 5703 ms.
2296 5647 2537 5714 Sanggm.
