3822 6202
381 309 488 367 887

385 517 548 579 tibus,
577 514 630 568 id
653 520 738 567 est
759 509 1088 566 credentium
1122 505 1346 576 populis,
1378 513 1540 573 atque
1563 515 1745 557 eorum
1772 498 1922 554 duci-

385 607 484 659 bus
510 612 699 657 contra
723 597 990 655 diabolum
1020 604 1072 651 et
1097 595 1212 664 eius
1241 594 1459 662 angelos
1484 591 1771 661 proeliatur.
1811 589 1926 657 ipse

381 691 527 748 enim
565 698 668 753 est,
698 688 787 756 qui
820 687 872 739 in
910 684 1078 739 Paulo
1121 693 1176 737 et
1223 683 1277 736 in
1320 681 1564 750 Ephesiis
1604 687 1800 749 pugnat
1827 677 1922 730 ad-

382 792 577 833 versus
602 774 928 845 principatus
949 781 1000 825 et
1030 777 1325 838 potestates
1351 777 1403 822 et
1423 777 1654 821 rectores
1678 762 1923 817 tenebra-

385 881 505 923 rum
550 867 761 930 harum,
806 862 1060 921 adversus
1105 857 1360 927 spiritalia
1408 855 1737 923 nequitiazin
1768 851 1927 907 ctele-

386 959 557 1013 stibus
572 955 639 1008 “.
659 955 722 1007 Et
746 952 894 1014 vide,
906 951 1113 1020 ingrate
1135 946 1404 1007 hazretice,
1423 943 1686 1012 quomodo
1702 958 1767 997 ex
1788 942 1923 995 inte-

386 1060 483 1115 gro
526 1042 792 1098 veteribus
834 1055 971 1096 nova
1008 1036 1353 1093 concordant.
1405 1033 1734 1088 Promissum
1767 1043 1850 1086 est
1879 1032 1922 1063 "

385 1132 653 1187 veteribus
688 1144 904 1198 regnum
939 1138 1095 1183 teme
1125 1134 1345 1189 sauctze,
1384 1132 1542 1177 terrae
1586 1120 1799 1175 liuentis
1843 1120 1925 1174 lac

387 1234 440 1277 et
483 1222 606 1285 mel,
638 1236 754 1289 qua
787 1227 926 1274 terra
965 1229 1090 1273 tunc
1111 1232 1141 1271 a
1186 1213 1553 1285 peccatoribus
1583 1222 1637 1266 et
1679 1211 1926 1281 pessimis

394 1313 577 1368 incolis
597 1328 658 1367 ac
691 1313 906 1380 regibus
928 1311 1225 1364 tenebatur.
1253 1306 1411 1361 Venit
1433 1304 1486 1358 in
1515 1305 1674 1358 istam
1728 1314 1924 1358 terram

388 1400 542 1455 Jesus
569 1415 689 1456 cum
722 1399 958 1455 exercitu
990 1397 1220 1468 Domini,
1249 1404 1302 1451 et
1331 1395 1644 1453 lsraeliticis
1677 1392 1922 1454 ducibus,

389 1498 649 1559 expugnat
674 1503 879 1551 omnes,
920 1485 1197 1549 interimit,
1228 1485 1452 1548 obtinet,
1475 1492 1529 1538 et
1580 1483 1651 1538 ob
1690 1482 1927 1536 victoriae

389 1578 635 1632 meritum
680 1576 874 1641 accipit
907 1588 1092 1629 eorum
1124 1587 1285 1642 regna
1319 1586 1456 1641 quos
1480 1571 1625 1626 vicit.
1664 1569 1785 1624 Tibi
1833 1584 1928 1638 per

388 1665 668 1736 Evangelia
700 1680 803 1719 non
844 1664 1220 1733 promittuntur
1266 1675 1424 1730 regna
1459 1671 1615 1714 terrae
1644 1658 1780 1728 (26),
1823 1657 1926 1728 sed

1784 289 2101 350 ORIGENIS

385 429 563 483 minus
597 430 779 481 noster
803 420 956 477 Jesus
991 433 1112 475 cum
1147 432 1244 473 suo
1277 416 1537 480 exercitu,
1566 423 1623 469 et
1648 411 1925 481 magistra-
1953 411 2000 477 Α
2032 418 2127 474 per
2149 398 2426 469 speculum
2455 403 2512 449 et
2543 394 2603 448 in
2641 390 2982 483 amigmate-
3005 381 3203 483 aliqua
3237 391 3305 483 ex.

3343 386 3486 444 parte
3519 390 3632 430 cos-

2028 466 2250 548 iueri‘et
2284 487 2558 556 inspicere
2611 485 2867 553 tiguras,
2925 473 3163 541 plenius
3210 466 3371 524 nobis
3402 479 3634 529 reserare,

2024 592 2078 639 et
2117 578 2417 649 perfectius
2445 573 2791 644 dignaretur
2821 565 3071 637 aperire
3101 576 3119 614 :
3149 557 3374 612 videres
3399 557 3637 649 quomodo

2025 645 2185 730 nobis
2221 672 2563 726 claresceret
2607 663 2779 730 cujus
2813 654 3200 727 potissimum
3232 663 3306 702 ex
3338 645 3640 713 spiritalibus

2026 762 2301 826 hostibus,
2338 758 2407 812 iis
2438 754 2533 824 qui
2567 765 2725 807 nunc
2752 749 3115 815 impugnant
3147 737 3321 793 Israel
3352 735 3636 804 spiritalem,

2028 854 2264 920 ﬁguram.
2287 824 2478 901 tenuit
2525 843 2637 898 iste
2672 839 2955 910 princeps
2981 833 3059 886 de
3097 828 3359 920 Mageda,
3397 834 3452 878 et
3484 824 3563 879 ille
3589 826 3642 879 de

2026 919 2343 1004 Lachis,et
2376 935 2466 989 ille
2511 934 2584 987 de
2616 931 2809 989 Lebna
2855 946 2871 981 :
2926 933 3036 977 aut
3075 919 3245 989 cujus
3284 919 3429 970 intra
3478 925 3643 969 lentel-

2026 1032 2203 1100 ipsum
2235 1028 2379 1091 vitii,
2420 1025 2504 1080 vel
2553 1021 2770 1078 erroris
2809 1016 3043 1087 quibus
3097 1010 3295 1064 anima
3330 1005 3642 1074 implicatur,

2024 1092 2260 1173 formam
2293 1122 2486 1170 tenent
2520 1110 2729 1181 singuli
2782 1106 3017 1176 quique
3079 1100 3294 1157 horum
3324 1135 3342 1158 ,
3386 1110 3516 1163 quos
3540 1092 3659 1157 less,

2026 1208 2166 1263 duce
2205 1204 2488 1260 interfecit
2523 1200 2772 1271 populus
2806 1192 3076 1256 Domini,
3121 1190 3160 1244 ii
3187 1186 3441 1241 videlicet
3464 1183 3550 1251 qui
3569 1198 3647 1236 au-

2025 1299 2187 1359 diuut
2222 1295 2480 1349 mandata
2512 1292 2660 1361 ejus,
2686 1299 2746 1344 et
2775 1291 3080 1357 praecepta
3112 1276 3463 1339 custodiunt,
3482 1275 3648 1341 quibus

2027 1387 2141 1456 ipse
2179 1384 2372 1438 tribuit
2413 1382 2742 1437 facultatem
2772 1373 3057 1430 calcandi
3092 1383 3274 1439 super
3303 1372 3574 1432 serpentes
3602 1372 3648 1416 et

2026 1455 2368 1544 scorpiones,
2418 1482 2477 1527 et
2529 1485 2701 1541 super
2758 1478 3004 1522 omnem
3059 1467 3409 1531 potestatem
3446 1455 3645 1510 inimici.

2025 1566 2257 1622 Oremus
2286 1579 2422 1633 ergo
2450 1573 2513 1618 ut
2541 1572 2601 1620 et
2636 1559 2819 1616 nostri
2852 1557 3046 1627 pedes
3080 1553 3233 1607 tales
3258 1549 3396 1614 sint,
3424 1558 3523 1600 tam
3542 1561 3647 1615 spe-

2026 1658 2183 1719 ciosi,
2218 1666 2328 1710 tam
2358 1653 2553 1717 validi,
2607 1650 2703 1719 qui
2756 1648 2991 1718 possint
3029 1642 3267 1698 calcare
3302 1638 3534 1694 cervices
3560 1637 3647 1690 iui-

389 1757 766 1827 promittuntur
807 1769 965 1824 regna
998 1752 1273 1807 calorum.
1321 1727 1427 1804 Sed
1459 1751 1570 1802 haec
1612 1763 1774 1816 regna
1821 1762 1924 1800 non
1955 1742 1999 1796 Β
2030 1748 2318 1821 micorum,
2356 1744 2449 1812 qui
2478 1741 2702 1811 possint
2738 1741 2818 1793 ita
2866 1743 3057 1805 caput
3107 1732 3341 1787 calcare
3370 1727 3648 1796 serpentis,

389 1854 515 1901 sunt
554 1857 744 1910 vacua,
795 1857 895 1898 nec
945 1842 1145 1904 inania,
1178 1841 1377 1894 habent
1420 1839 1751 1899 habitatores
1802 1850 1926 1890 suos

389 1945 693 2005 peccatores
725 1946 779 1990 et
814 1948 1040 2001 nequam
1072 1932 1311 2000 spiritus,
1334 1932 1553 1999 angelos
1593 1927 1821 1996 refugas.
1849 1926 1924 1980 lbi

390 2025 627 2080 habitant
653 2025 754 2089 illi,
772 2026 1051 2085 adversum
1081 2034 1215 2089 quos
1244 2028 1295 2072 te
1316 2018 1604 2086 apostolica
1633 2030 1927 2087 persultans

391 2115 514 2173 tuba
542 2113 741 2168 Paulus
774 2114 1085 2166 cohortatur
1114 2111 1177 2164 ad
1208 2109 1468 2179 praelium,
1495 2117 1549 2161 et
1574 2108 1713 2161 sicut
1744 2106 1815 2159 ibi
1842 2105 1927 2159 di-

387 2203 539 2258 cebat
568 2200 677 2272 (27)
718 2201 892 2263 lesus,
929 2200 1050 2268 quia
1084 2199 1279 2253 bellum
1316 2199 1420 2251 erit
1460 2196 1613 2250 vobis
1646 2196 1923 2255 adversum

386 2292 722 2346 Amorrhaaos
746 2298 802 2343 et
829 2289 1158 2354 Phoroneos,
1195 2296 1248 2342 et
1281 2287 1488 2349 Evzcos,
1522 2296 1576 2340 et
1607 2283 1879 2340 Jehusteos
1909 2298 1924 2336 :

386 2380 633 2436 similiter
667 2378 759 2434 tibi
792 2379 950 2434 etiam
978 2378 1065 2431 hic
1081 2376 1274 2430 Paulus
1295 2374 1784 2437 denuntiatdicens,
1810 2374 1926 2428 Non

387 2470 488 2531 erit
513 2468 659 2533 vobis
681 2483 853 2536 pugna
882 2467 1138 2523 adversus
1164 2479 1381 2519 carnem
1421 2474 1474 2518 et
1502 2462 1807 2530 sanguinem
1827 2462 1878 2493 “
1910 2500 1925 2528 ,

389 2558 442 2615 id
471 2566 553 2612 est
582 2573 684 2612 non
715 2560 793 2611 sic
829 2556 1177 2624 pugnabituus
1220 2555 1358 2609 sicut
1390 2560 1756 2623 pugnaverunt
1783 2552 1927 2613 anti-

389 2647 501 2716 qui,
533 2661 630 2701 nec
655 2647 706 2700 in
748 2646 907 2701 terris
945 2645 1097 2699 nobis
1128 2636 1383 2698 adversus
1410 2644 1652 2698 homines
1684 2642 1928 2698 habenda

390 2744 513 2792 sunt
560 2735 765 2811 przelia,
792 2734 883 2789 sed
913 2734 1166 2788 adversus
1196 2734 1546 2802 principatus,
1586 2741 1640 2786 et
1671 2732 1931 2788 adversus

389 2814 701 2897 potestates,
737 2826 993 2881 adversus
1024 2824 1204 2878 mundi
1229 2823 1386 2892 hujus
1416 2832 1657 2876 rectores
1680 2822 1931 2877 tenebra-

391 2929 529 2976 rum.
553 2914 670 2969 Jam
704 2916 888 2983 utique
918 2913 1174 2985 intelligis
1201 2913 1253 2967 in
1282 2913 1477 2982 quibus
1520 2911 1650 2967 locis
1685 2911 1933 2979 hujusce-

391 3005 533 3071 modi
570 3005 676 3060 sint
706 3005 797 3058 tibi
834 3002 1092 3064 movenda
1124 3002 1440 3059 certamina.
1487 3002 1596 3055 Aut
1622 3003 1666 3055 si
1697 3002 1792 3057 tibi
1822 3017 1928 3057 non

2031 1847 2087 1889 ut
2125 1816 2466 1891 icalcaneum
2522 1840 2778 1885 nostrum
2832 1827 3121 1881 mordere
3185 1836 3303 1875 non
3341 1818 3523 1889 possit.
3564 1815 3647 1882 Qui

2029 1923 2176 1977 enim
2228 1929 2437 1991 pugnat
2482 1918 2588 1974 sub
2620 1917 2756 1973 Jcsu
2812 1920 2969 1970 duce
3033 1913 3344 1967 adversum
3376 1908 3649 1963 contrarias

2030 2022 2348 2083 potestates,
2390 2008 2556 2064 debet
2602 2008 2778 2062 etiam
2826 2004 2975 2059 illud
3028 1998 3380 2072 promereri,
3422 1996 3551 2067 quod
3592 1995 3647 2049 de

2032 2102 2306 2171 prioribus
2336 2098 2706 2156 bellatoribus
2740 2095 3040 2150 scribitur
3076 2107 3093 2146 :
3136 2111 3157 2144 ι
3194 2090 3265 2145 Et
3298 2102 3539 2143 reversus
3557 2095 3647 2151 est,

2028 2193 2204 2260 inquit
2229 2192 2298 2254 σι,
2331 2192 2626 2243 universus
2661 2189 2914 2256 populus
2948 2185 3028 2238 ad
3082 2180 3289 2236 Iesum
3344 2177 3646 2240 incolumis,

2029 2296 2082 2337 et
2123 2298 2226 2336 non
2265 2278 2485 2332 tnutivit
2529 2277 2837 2345 quisquam
2898 2275 2976 2328 de
3022 2272 3166 2327 (iliis
3215 2270 3384 2326 Israel
3418 2270 3469 2321 iu
3494 2268 3646 2334 lingua

2036 2391 2155 2428 sua.
2192 2392 2211 2424 ι
2250 2370 2415 2425 Vides
2449 2385 2584 2437 ergo
2614 2368 2751 2436 quia
2803 2367 2910 2435 qui
2951 2365 3067 2419 sub
3096 2362 3239 2418 JeSu
3276 2362 3490 2424 militat,
3523 2361 3645 2413 ineo.

2029 2462 2192 2519 lutnis
2219 2460 2380 2514 debet
2413 2459 2599 2528 redire
2627 2459 2699 2511 de
2735 2457 2971 2526 praelia,
3011 2468 3125 2510 nec
3156 2468 3394 2520 usquam
3422 2451 3567 2504 debet
3588 2464 3643 2507 ex

2022 2554 2218 2622 iaculis
2244 2551 2468 2620 maligni
2499 2550 2695 2618 ignitis
2720 2546 2945 2602 vulnus
2971 2546 3274 2615 accipere,
3301 2557 3407 2596 non
3436 2540 3484 2594 iu
3503 2538 3645 2595 cordo

2031 2641 2217 2712 pollui,
2251 2656 2356 2695 non
2384 2642 2437 2693 itt
2474 2638 2832 2708 cogitatione
2863 2634 3196 2699 maculari,
3236 2649 3346 2687 non
3382 2646 3476 2702 per
3506 2631 3644 2691 irata,

2035 2750 2139 2787 non
2166 2746 2264 2800 per
2297 2729 2697 2797 cupiditatem,
2733 2743 2853 2783 non
2888 2742 3003 2795 per
3048 2725 3230 2779 aliam
3256 2720 3539 2791 quamlibet
3563 2732 3642 2773 oc-

2032 2822 2303 2877 casionem
2335 2818 2698 2874 daemoniacis
2743 2816 2870 2887 (30)
2928 2815 3285 2870 vulneribus
3318 2813 3487 2866 locum
3511 2811 3640 2871 dare.

2033 2912 2183 2976 Quod
2242 2920 2422 2964 autem
2475 2909 2693 2963 addidit
2725 2907 2880 2976 ('51),
2924 2906 3074 2975 quia
3135 2905 3321 2959 nullus
3364 2900 3560 2956 mutivit
3596 2897 3645 2956 ia

2033 2998 2213 3068 lingua
2245 3012 2362 3061 sua,
2392 2997 2498 3052 hoc
2528 2996 2663 3050 mihi
2695 2997 2941 3061 videtur
2973 2996 3239 3061 ostendi,
3266 2995 3390 3065 quia
3416 2993 3477 3047 de
3494 2991 3642 3044 victm

393 3095 582 3151 suliicit
610 3094 929 3160 intellectus,
957 3095 1058 3149 nisi
1083 3095 1244 3156 etiam
1271 3094 1385 3149 loca
1410 3094 1523 3163 ipsa
1563 3092 1675 3163 (‘28)
1702 3093 1926 3161 manife-

2070 3088 2311 3150 ia.nemo
2364 3101 2426 3141 se
2450 3086 2690 3155 iactavit
2738 3086 2895 3156 (ΕΞ),
2942 3102 3135 3141 nemo
3174 3102 3289 3145 sua:
3337 3081 3510 3137 virtuti
3530 3078 3642 3149 quia

392 3194 475 3247 sta
499 3186 593 3240 tibi
631 3201 760 3243 voce
783 3188 1090 3257 signentur,
1114 3186 1240 3240 audi
1273 3187 1324 3240 in
1363 3186 1817 3254 consequentibus
1841 3185 1928 3239 δοε
1959 3174 1979 3197 ’

397 3292 419 3328 ι
452 3275 743 3330 Adversum
781 3276 1061 3346 spiritalia,
1091 3277 1264 3346 inquit
1292 3275 1423 3346 (29),
1461 3276 1713 3344 nequitiae
1734 3274 1788 3329 in
1821 3291 1933 3331 ca:-

392 3362 633 3419 lestibus.
675 3383 696 3418 ι
739 3365 944 3422 Audisti
981 3365 1072 3435 qui
1103 3366 1212 3419 sint
1241 3364 1344 3429 iili,
1371 3366 1460 3433 qui
1494 3364 1587 3419 tibi
1622 3364 1763 3419 bello
1798 3375 1853 3419 et
1881 3366 1928 3417 vi

393 3454 462 3511 de
483 3454 791 3511 amicalibus
812 3456 1112 3524 expellendi
1151 3462 1298 3519 sunt,
1330 3463 1387 3506 ut
1410 3463 1462 3506 tu
1492 3452 1666 3521 possis
1696 3453 1807 3505 loca
1844 3452 1938 3505 illa

392 3547 539 3613 regni
587 3545 840 3601 ctelorum
883 3545 1205 3601 haereditatis
1231 3552 1374 3598 sorte
1402 3543 1700 3611 suscipere.
1741 3542 1847 3596 Sed
1877 3552 1935 3594 et

394 3635 650 3701 Dominus
678 3637 732 3690 in
766 3635 1055 3706 Evangelio
1086 3648 1261 3698 nonne
1280 3632 1555 3689 evidenter
1586 3632 1700 3686 haec
1733 3631 1935 3687 indicat

394 3739 516 3781 cum
543 3726 670 3780 dicit
693 3726 738 3758 ⁸⁸
768 3742 782 3779 :
811 3744 834 3787 ι
877 3725 922 3779 A
960 3726 1146 3780 diebus
1166 3721 1386 3781 Joannis
1419 3737 1640 3792 regnum
1675 3721 1934 3777 caelorum

328 3818 331 3821 ’
394 3814 500 3870 vim
531 3816 820 3882 patitur,et
844 3815 950 3869 vim
982 3814 1237 3869 facientes
1262 3814 1516 3881 diripiunt
1547 3814 1711 3870 illud?
1740 3831 1761 3865 ι

462 3903 516 3957 2.
552 3903 689 3969 Quid
737 3918 864 3974 ergo
891 3916 1096 3968 cessas,
1145 3917 1179 3958 o
1207 3902 1475 3969 baeretice,
1508 3903 1668 3957 etiam
1713 3901 1940 3959 Domino

396 4001 451 4053 et
480 3993 742 4048 Salvatori
772 4004 957 4049 nostro
983 3992 1307 4051 calumniam
1350 3992 1551 4057 facere,
1574 3993 1665 4063 qui
1713 4007 1936 4061 regnum

396 4079 675 4143 caelorum,
726 4081 863 4148 quod
894 4080 1230 4136 credentibus
1277 4082 1331 4137 in
1365 4094 1423 4136 se
1455 4081 1804 4149 promiserat,
1843 4093 1940 4149 per

397 4171 505 4223 vim
537 4170 691 4239 diripi
735 4170 921 4237 jubet?
952 4172 1017 4225 Et
1060 4171 1246 4239 utique
1290 4171 1333 4229 si
1369 4171 1669 4227 adhibenda
1699 4170 1781 4245 vis
1831 4179 1938 4236 est,

400 4266 603 4311 certum
640 4268 722 4313 est
749 4260 890 4328 quod
919 4260 1312 4328 possidentibus
1346 4260 1647 4315 adhibenda
1669 4269 1773 4315 est.
1819 4256 1939 4317 Vim

2031 3176 2309 3244 superavit
2336 3175 2592 3243 ascripsit
2621 3174 2741 3244 (33)
2776 3188 2794 3228 :
2823 3177 2932 3229 sed
2963 3178 3232 3230 scientes
3254 3176 3375 3244 quia
3400 3172 3539 3226 Jesus
3561 3177 3638 3223 est

2033 3264 2125 3334 qui
2161 3262 2447 3321 victoriam
2481 3261 2699 3326 tribuit,
2737 3262 2849 3329 ipsi
2900 3263 2960 3316 in
3005 3264 3214 3335 lingua
3258 3278 3347 3316 sua
3384 3275 3478 3312 non
3526 3269 3635 3309 ινα-ε

2038 3358 2197 3410 tiunt.
2241 3354 2394 3418 Quod
2434 3353 2575 3411 bene
2617 3352 2969 3421 intelligens
3008 3354 3316 3424 Apostolus
3346 3346 3631 3404 dicebat":

2039 3464 2059 3498 ι
2089 3444 2205 3498 Non
2232 3451 2412 3497 autem
2441 3456 2570 3511 ego,
2607 3441 2708 3496 sed
2750 3445 2949 3511 gratia
2986 3446 3138 3510 Dei,
3166 3460 3294 3514 qua:
3321 3443 3371 3495 iu
3396 3455 3475 3494 me
3499 3448 3588 3492 est.
3613 3455 3637 3493 tt

2032 3535 2170 3589 Puto
2217 3544 2399 3587 autern
2429 3532 2563 3602 quia
2600 3533 2670 3586 ad
2703 3533 2818 3588 hoc
2857 3536 3123 3603 respicit
3171 3545 3230 3592 et
3284 3533 3407 3589 illud
3448 3526 3631 3584 Domini

2034 3625 2347 3679 mandatum
2386 3622 2531 3691 quod
2561 3623 2642 3675 ait
2674 3622 2725 3655 ⁸³
2755 3644 2769 3678 :
2805 3642 2828 3675 ι
2868 3624 3027 3681 Cum
3065 3637 3260 3682 autem
3290 3623 3518 3680 feceritis
3537 3633 3636 3674 out-

2034 3717 2122 3769 nia
2158 3714 2293 3778 haec,
2339 3713 2509 3767 dicite
2540 3712 2670 3780 quia
2731 3714 2894 3768 servi
2962 3716 3212 3773 inutiles
3260 3731 3441 3773 sumus
3468 3732 3481 3768 :
3511 3709 3633 3782 quod

2035 3804 2319 3859 debuimus
2353 3801 2559 3867 facere,
2591 3800 2857 3857 fecimus.
2898 3822 2920 3855 ι
2953 3803 3034 3860 Ει
3085 3808 3145 3862 in
3188 3807 3293 3861 hoc
3329 3806 3468 3859 enim
3498 3798 3636 3854 simili

2041 3894 2200 3949 modo
2238 3907 2420 3947 rerum
2450 3906 2722 3963 prospere
2753 3903 3075 3968 gestarum
3126 3897 3350 3954 videtur
3382 3891 3636 3965 prohibere

2031 3979 2371 4048 iactantiam.

2106 4072 2160 4126 5.
2193 4069 2302 4126 Sed
2342 4069 2607 4139 Marcion,
2649 4081 2707 4125 et
2743 4071 3137 4142 Valentinus,
3160 4083 3218 4132 et
3254 4073 3631 4134 Basilides,rze«

2040 4161 2248 4229 tet-ique
2294 4174 2422 4219 cum
2456 4161 2594 4229 ipsis
2631 4161 2920 4230 hmretici,
2959 4166 3111 4227 dum
3161 4168 3281 4229 haec
3305 4165 3483 4219 nolunt
3516 4160 3631 4213 sicut

2036 4259 2229 4306 sancto
2250 4249 2455 4319 Spiritu
2482 4250 2711 4319 dignum
2736 4262 2827 4308 est
2856 4254 3225 4329 intelligere,
3257 4255 3631 4313 declinaverunt

398 4346 542 4400 enim
589 4347 782 4413 facere,
840 4350 938 4404 hoc
967 4360 1050 4404 est
1088 4351 1355 4418 expellere
1404 4350 1784 4418 possidentem,
1813 4362 1926 4418 pos~

2106 4340 2232 4404 fide,
2264 4346 2321 4392 et
2363 4339 2725 4395 inseruerunt
2759 4356 2823 4397 se
2867 4344 3290 4414 impietatihus
3316 4345 3487 4402 ntultis
3514 4340 3630 4411 (55).

399 4436 800 4503 sessionemque
853 4438 1101 4505 diripere.
1173 4439 1341 4494 Dicite
1396 4453 1546 4508 ergo,
1604 4438 1729 4507 quid
1791 4437 1926 4491 aliud

2070 4430 2235 4494 lium,
2260 4429 2430 4493 Deum
2462 4429 2624 4500 legis,
2660 4440 2721 4485 et
2757 4436 2964 4489 mundi
2997 4453 3325 4495 creatorem
3348 4453 3409 4491 ac
3430 4432 3630 4503 iudicem

398 4534 480 4578 est
540 4527 679 4592 quod
742 4528 1002 4579 accusatis
1067 4528 1257 4587 fecisse
1317 4529 1497 4584 ictuum
1572 4541 1934 4583 successorem

401 4614 609 4671 Mosei?
641 4615 810 4682 Atque
866 4615 1065 4668 utinam
1132 4619 1275 4688 digni
1328 4633 1567 4674 essemus
1607 4618 1801 4686 quibus
1834 4618 1937 4673 Do.-

402 4709 576 4760 tuinus
596 4704 751 4759 Jesus
778 4704 1048 4771 sapientiae
1073 4719 1180 4758 sum
1207 4709 1378 4759 aulam
1418 4708 1739 4776 panderetet
1766 4707 1936 4761 intro-

400 4796 617 4847 duceret
651 4809 746 4847 uos
774 4794 908 4845 intra
934 4793 1211 4850 thesauros
1238 4798 1475 4853 scientiae
1511 4812 1642 4860 stne,
1667 4806 1723 4849 et
1754 4810 1817 4850 ea
1868 4797 1935 4850 de

397 4882 559 4956 427
594 4883 786 4951 quibus
830 4896 973 4945 nunc
1018 4885 1342 4952 pedetentim
1394 4901 1649 4940 conamur
1683 4894 1935 4953 tanquam

468 4974 518 5005 “
553 4974 748 5058 Epltes‘.
781 4974 967 5058 ιίτηίξ.
1042 4977 1084 5009 ⁸⁷
1113 4978 1401 5058 Levit_.__xx.
1472 4978 1517 5009 ⁸⁸
1544 4977 1740 5046 Epltes.
1782 4993 1836 5040 vt
1896 4977 1983 5058 12.
2062 4978 2107 5010 "
2155 4977 2289 5052 ibid.

401 5040 529 5095 Cor.
562 5040 647 5108 xv,
678 5043 762 5097 10.
838 5046 884 5077 ³³
914 5045 1044 5103 Luc.
1074 5061 1205 5105 xvtt.
1251 5050 1338 5102 10.

471 5134 788 5207 (ﬁli)me
814 5136 1095 5207 Sangcrttt.
1140 5158 1160 5191 ι
1204 5152 1432 5193 terrena.
1471 5158 1488 5190 ι

473 5204 584 5277 (ξῖ)
622 5206 780 5277 idem,
822 5223 840 5255 α
871 5204 1085 5277 etsicut
1111 5225 1205 5277 per
1236 5212 1412 5262 tubam
1450 5209 1678 5261 dicebat.
1708 5226 1728 5258 ι

407 5273 757 5404 εδεῗέἐΐτιιέῗα,
790 5276 937 5329 deest
973 5277 1024 5330 in
1060 5273 1209 5331 libris
1234 5278 1408 5342 editis,
1437 5277 1528 5331 sed
1551 5284 1727 5330 exstat
1755 5276 1806 5329 in
1840 5293 1942 5332 ms.

477 5406 809 5476 (929)1uquit,
857 5412 1008 5465 deest
1041 5414 1202 5469 etiam
1250 5416 1301 5467 in
1349 5412 1495 5466 libris
1532 5411 1711 5475 editis,
1760 5428 1943 5466 verum

2042 4517 2401 4585 proferentes,
2429 4520 2581 4583 velut
2613 4535 2713 4590 per
2750 4523 2875 4580 haec
2924 4541 3065 4596 qua:
3099 4532 3312 4600 scripta
3343 4536 3491 4588 sunt,
3529 4532 3632 4575 crus

2043 4610 2317 4687 delitatem
2357 4613 2657 4679 quamdam
2688 4615 3041 4688 docentem,
3107 4623 3260 4690 quod
3308 4620 3505 4674 calcare
3554 4612 3633 4663 lto.

2045 4702 2212 4760 stium
2261 4702 2505 4760 cervices
2530 4704 2822 4772 iubentur,
2845 4719 3028 4777 atque
3068 4714 3133 4768 in
3165 4714 3313 4782 ligno
3341 4705 3628 4777 suspende“

2046 4806 2201 4859 reges
2240 4798 2401 4846 terra:
2441 4792 2612 4860 illius,
2647 4810 2819 4863 quam
2852 4798 3161 4857 violenter
3187 4802 3457 4857 invadunt.
3479 4798 3631 4861 Atil“

2046 4883 2251 4936 utinam
2291 4883 2565 4942 Dominus
2601 4904 2759 4944 meus
2788 4889 2966 4948 Jesus
3003 4895 3196 4954 Filius
3242 4897 3332 4952 Dei
3366 4864 3638 4949 mihiisttld.

2401 4980 2449 5027 '9
2482 4982 2680 5051 blatth.
2706 5001 2805 5057 at.
2838 4987 2934 5043 12.
3050 4991 3099 5023 ⁸⁸
3148 4989 3270 5047 los.
3305 5006 3359 5052 ι,
3392 4986 3476 5040 2L
3540 4975 3626 5032 "l

2123 5140 2814 5237 Qﬂiﬁgficx‘sangerm”
2852 5169 2876 5205 ι
2906 5086 3265 5211 daemonicis.
3288 5174 3310 5208 .

2135 5210 2222 5280 βξ)
2252 5212 2426 5280 Idem,
2462 5234 2482 5267 ι
2512 5210 2685 5272 addit.
2711 5239 2730 5272 ι

2042 5279 2224 5398 cui???
2255 5279 2469 5347 Omltss
2502 5288 2733 5359 mss.,‘t
2767 5291 3037 5377 iactavit.
3066 5312 3088 5346 ι
3125 5292 3293 5361 Libb.
3334 5286 3484 5349 editi,
3512 5282 3619 5353 «ja-

2112 5415 2496 5512 Qiitgmnes
2543 5446 2681 5487 mss.
2708 5473 2737 5512 ,ν
2787 5451 2810 5487 ι
2856 5435 3137 5506 ascripsit.
3196 5451 3220 5489 ι
3272 5428 3420 5485 Libb.
3471 5417 3614 5484 editi.

410 5476 666 5550 exstatin
693 5481 1096 5550 ius._Sattgerttt.
1116 5482 1278 5535 Paulo
1300 5489 1419 5550 post
1440 5495 1623 5550 omnes
1646 5496 1775 5550 ωδε.
1803 5494 1947 5534 recte
2049 5499 2066 5532 ι
2091 5476 2351 5546 ηἐεοιίώἱι.
2388 5476 2407 5546 ᾖ

416 5537 628 5607 habent,
663 5559 681 5590 ι
719 5544 855 5598 bello
877 5537 1009 5601 etuvi
1035 5554 1099 5604 de
1130 5537 1457 5607 ccclesitbus.
1495 5567 1515 5599 ι
1560 5546 1618 5603 In
1641 5548 1767 5605 libb.
1792 5550 1950 5604 editis

332 5620 335 5623 ν
414 5601 765 5670 desideratur,
795 5628 814 5661 ι
843 5615 915 5665 vi.
950 5634 969 5664 ι

2115 5550 2230 5624 (54)
2263 5558 2468 5624 Codex
2498 5571 2831 5647 Saugerm.,
2872 5597 2899 5643 tr
2915 5575 3203 5635 doloribus
3225 5566 3414 5627 multis.
3439 5581 3460 5618 ι
