3822 6186
1113 300 1182 357 ΙΝ
1218 301 1472 358 LIBRUM
1510 300 1672 359 IESU
1710 301 1894 359 NAVE
1931 299 2206 358 HOMILIA
2239 301 2373 355 XIII.

3253 297 3357 354 890

188 409 461 478 concedat,
489 419 547 467 et
585 412 772 482 iubeat
800 429 892 471 me
943 417 1189 487 pedibus
1244 421 1380 476 meis
1408 424 1722 477 conculcare
1748 426 1797 487 Α
1820 422 2060 492 singulas
2097 433 2340 488 quasque
2378 417 2660 480 civitates,
2699 431 2843 472 nunc
2888 418 2939 471 in
2990 416 3216 472 veritate
3259 429 3355 486 per

194 498 425 565 spiritum
469 500 864 571 loruicationis,
896 518 954 562 et
1017 509 1229 564 calcare
1283 526 1445 581 super
1480 517 1720 569 cervices

193 586 395 652 spiritus
425 587 717 644 iracundiae
740 601 796 646 et
825 592 1046 660 furoris,
1086 598 1298 654 calcare
1344 602 1583 655 avaritia:
1614 602 1720 656 da:-

192 688 404 738 monem,
426 677 636 732 calcare
678 681 1028 749 iactantiam,
1068 698 1351 743 conterere
1377 691 1597 758 pedibus
1624 706 1717 745 su-

190 765 366 831 perbiae
388 764 632 832 spiritum
662 787 676 823 :
710 781 767 824 et
803 787 931 828 cum
975 776 1086 829 haec
1131 776 1327 842 fecero,
1367 780 1545 846 operis
1583 780 1716 849 gesti

190 868 448 917 summam,
479 872 586 910 non
629 860 788 924 mihi,
825 866 923 918 sed
965 871 1109 921 cruci
1147 868 1260 936 ejus
1289 871 1609 940 appendere,
1639 887 1720 927 se-

188 943 349 1009 quenti
376 942 595 999 Paulum
642 947 920 1005 dicentem
953 954 1022 1017 “,
1050 957 1173 1024 quia
1204 972 1298 1025 per
1330 959 1500 1026 ipsum
1539 977 1558 1010 ι
1586 948 1714 1014 mihi

188 1033 392 1086 mundus
425 1034 723 1091 cruciﬁxus
760 1049 879 1105 est,
916 1060 937 1093 ι
984 1054 1039 1096 et
1070 1059 1131 1097 ea
1169 1059 1288 1114 quae
1319 1047 1429 1112 jam
1472 1049 1715 1116 superius

185 1124 570 1178 memoravimus
608 1128 756 1194 quod
798 1131 878 1182 ait
899 1132 986 1185 ἐς
1017 1151 1036 1183 ι
1060 1132 1173 1187 Non
1218 1145 1394 1190 autem
1436 1152 1574 1207 ego,
1620 1138 1712 1192 sed

184 1215 337 1280 gratia
363 1214 473 1279 Dei,
504 1229 625 1283 quae
652 1219 707 1271 in
734 1233 823 1273 me
856 1230 962 1276 est.
1000 1241 1020 1275 ι
1052 1223 1203 1290 Quod
1231 1228 1275 1281 si
1304 1228 1372 1280 ita
1400 1227 1577 1283 facere
1603 1243 1715 1282 me-

183 1316 339 1369 ruero,
369 1302 554 1359 beatus
575 1319 693 1369 ero,
720 1315 777 1360 et
810 1310 1030 1364 dicetur
1052 1313 1214 1367 etiam
1240 1314 1391 1379 mihi,
1423 1316 1561 1384 quod
1584 1316 1713 1370 dicit

182 1392 389 1461 antiquis
405 1392 558 1449 Iesus
581 1396 630 1427 “
655 1413 670 1449 :
709 1414 730 1447 ‹
771 1397 1026 1455 Viriliter
1053 1404 1214 1471 agite,
1239 1413 1292 1456 et
1313 1405 1709 1471 confortamini,

182 1498 272 1537 non
302 1485 523 1539 timentis
546 1524 563 1550 ,
596 1500 699 1539 nec
732 1493 1042 1545 vereamini
1083 1507 1112 1545 a
1153 1491 1290 1548 facie
1321 1509 1503 1549 eorum
1527 1535 1543 1560 ,
1583 1498 1711 1564 quia

181 1572 406 1627 Dominus
429 1574 569 1629 Deus
598 1577 825 1630 tradidit
844 1580 1010 1635 vobis
1026 1596 1212 1637 omnes
1236 1584 1479 1639 inimicos
1502 1594 1709 1641 vestros

182 1664 225 1717 in
249 1678 436 1720 manus.
466 1682 486 1716 ι
519 1665 644 1720 llaec
675 1668 719 1721 si
753 1670 1083 1736 spiritaliter
1114 1673 1489 1743 intelligamus,
1524 1686 1579 1731 et
1607 1668 1706 1730 hu-

1817 513 2059 580 singulas
2105 523 2346 578 quasque
2391 506 2597 560 animas
2629 507 2964 561 credentium
2993 507 3261 575 complet:
3291 512 3354 561 ut

1818 614 1936 671 quae
1962 598 2124 669 428
2155 598 2561 666 possidebantur
2586 611 2615 650 a
2655 597 2809 649 malis
2843 607 2897 650 et
2927 597 3174 665 pessimis
3212 595 3351 663 regi-

1817 690 1914 742 bus
1956 690 2247 742 secundum
2287 689 2578 757 principem
2609 689 2750 742 aeris
2781 688 2964 741 mundi
3009 688 3185 755 hujus,
3236 686 3351 753 spi-

1818 777 1950 830 ritus
1979 777 2069 844 qui
2110 792 2250 831 nunc
2290 786 2545 845 operatur
2591 777 2642 830 in
2699 777 2838 830 ﬁlios
2890 775 3207 837 diuidentire.
3260 789 3348 836 ex-

1814 865 1979 934 pulsis
2005 865 2070 919 iis
2099 876 2151 917 et
2187 867 2477 935 peremptis
2499 905 2514 929 ,
2547 864 2724 919 facere
2755 881 2845 918 eas
2869 865 3114 933 dignetur
3140 864 3347 917 habita-

1813 957 1995 1007 culum
2033 953 2126 1006 Dci
2153 953 2263 1024 (39)
2293 991 2311 1017 ,
2362 963 2416 1008 et
2461 955 2631 1008 sancti
2673 955 2905 1021 Spiritus
2947 953 3241 1021 templum:
3288 961 3349 1004 ut

1813 1040 2051 1092 membra
2091 1054 2208 1107 qua:
2237 1041 2539 1095 servierant
2575 1039 2674 1092 sub
2708 1055 2835 1106 rege
2865 1040 3047 1106 iniquo
3084 1035 3347 1104 iniquitati

1812 1130 1877 1182 ad
1913 1129 2331 1194 immunditiam,
2355 1144 2495 1183 nunc
2535 1129 2771 1181 serviant
2807 1127 3027 1193 iustitiae
3053 1126 3119 1178 ad
3148 1125 3349 1178 sancti-

1811 1218 2135 1274 ﬁcationem.
2177 1218 2266 1272 Sic
2297 1233 2421 1287 ergo
2449 1219 2685 1286 intellige
2724 1218 2870 1285 quod
2898 1213 3170 1269 interiecit
3192 1212 3350 1268 Iesus

1810 1321 1987 1376 regem
2009 1306 2250 1373 Iericho,
2302 1317 2357 1361 et
2409 1323 2587 1376 regem
2620 1307 2741 1370 Hai,
2765 1316 2817 1359 et
2853 1318 3027 1373 regem
3057 1302 3256 1365 Lehna,
3291 1308 3350 1355 et

1810 1410 1988 1464 regem
2016 1396 2234 1460 Lachis,
2282 1407 2337 1451 et
2379 1412 2555 1466 regem
2589 1397 2858 1462 Chebron,
2899 1404 2958 1447 ut
3003 1394 3115 1446 ista;
3161 1405 3348 1447 omnes

1808 1484 2002 1538 animat
2044 1499 2165 1553 quae
2198 1494 2320 1539 ante
2346 1485 2446 1539 sub
2483 1486 2694 1553 regibus
2734 1485 2981 1554 pessimis
3002 1482 3111 1552 (40)
3140 1481 3347 1552 peccati

1808 1571 1975 1641 legem
2006 1573 2283 1639 colebant,
2313 1590 2454 1629 nunc
2484 1577 2583 1631 sub
2615 1575 2705 1628 Dei
2736 1574 2940 1642 legibus
2968 1582 3149 1642 agant.

1876 1664 1930 1716 2.
1963 1664 2068 1719 Sed
2099 1673 2151 1717 et
2175 1665 2238 1719 de
2260 1666 2389 1733 ipsis
2416 1663 2942 1734 interpretationibus
2976 1663 3273 1725 nominum,
3299 1662 3343 1716 si

785 1723 800 1736 .
1115 1723 1489 1743 "urvo—mw.
1527 1723 1578 1731 --
1607 1723 1675 1730 ---

176 1750 438 1822 juscemodi
481 1755 623 1809 bella
648 1757 981 1825 spiritaliter
1007 1776 1373 1829 procuremus,
1399 1774 1453 1819 et
1478 1766 1701 1835 expella-

1807 1753 2073 1808 curiosius
2116 1769 2181 1807 ac
2225 1753 2529 1822 diligentius
2571 1763 2997 1824 perscrutemur,
3041 1753 3346 1806 invenietur

184 1856 283 1895 mus
300 1841 466 1896 omnia
490 1844 577 1897 illa
600 1846 873 1914 spiritalia
909 1850 1160 1917 nequitiae
1198 1852 1262 1905 de
1291 1852 1615 1920 cmlestihus,
1636 1856 1708 1910 ita

183 1930 362 1983 demum
383 1935 674 2000 poterimus
701 1936 873 1989 etiam
905 1937 1019 1991 loca
1050 1948 1103 1992 et
1130 1954 1291 2009 regna
1318 1942 1554 2009 ipsorum
1590 1960 1707 2013 qua:

179 2031 287 2076 sunt
307 2023 551 2077 ctelorum
586 2040 754 2094 regna
804 2028 929 2097 (35)
959 2029 1026 2083 ab
1052 2029 1174 2084 Iesu
1207 2032 1531 2086 haereditatis
1561 2043 1706 2089 sorte

179 2110 444 2177 suscipere,
487 2121 788 2176 pratstante
842 2116 1079 2171 Domino
1116 2127 1171 2172 et
1217 2118 1494 2174 Salvatore
1521 2130 1706 2176 nostro

176 2193 284 2251 Iesu
311 2197 535 2261 Christo,
567 2200 655 2254 cui
708 2211 795 2254 est
844 2204 1023 2271 gloria
1066 2214 1121 2259 et
1162 2206 1444 2276 imperium
1490 2209 1602 2280 (36)
1648 2209 1703 2267 in

173 2286 340 2340 saecula
372 2290 711 2343 saeculorum.
753 2291 956 2345 Amen.

689 2397 987 2454 HOMILIA
1025 2399 1187 2455 Xlll.’

172 2482 237 2538 De
259 2483 446 2554 Lachis,
475 2496 524 2542 et
555 2486 758 2553 Latna,
797 2495 952 2561 uage
980 2489 1213 2561 Chebron
1235 2490 1550 2561 civitatibus,
1574 2507 1702 2561 quas

533 2568 781 2625 ceperunt
834 2557 944 2628 (37)
975 2558 1077 2624 ﬁlii
1113 2557 1301 2612 Israel.

235 2645 280 2699 l.
306 2661 325 2695 ι
349 2644 466 2700 Haec
489 2646 694 2711 omnia,
724 2661 863 2716 quae
891 2647 1189 2716 ﬁguraliter
1231 2648 1543 2702 accidebant
1576 2648 1699 2717 illis,

181 2733 352 2801 scripta
377 2745 498 2789 sunt
522 2747 701 2790 autem
738 2745 972 2805 propter
1002 2753 1098 2792 nos
1133 2738 1186 2791 in
1209 2752 1343 2805 quos
1376 2738 1508 2793 ﬁnes
1535 2753 1702 2793 saecu-

174 2822 319 2877 lorum
350 2825 454 2895 (38)
483 2827 832 2882 devenerunt
854 2827 921 2879 ".
961 2845 979 2878 ο
1011 2809 1144 2881 Cum
1174 2827 1300 2896 legit
1324 2828 1367 2881 is
1391 2828 1478 2896 qui
1510 2829 1561 2881 in
1584 2843 1701 2882 ma-

176 2913 344 2967 nifesto
370 2914 577 2971 Iudaeus
615 2927 742 2982 est,
803 2925 860 2970 et
915 2917 1004 2985 qui
1060 2916 1395 2972 manifestam
1448 2918 1606 2973 habet
1645 2921 1697 2975 in

1807 1842 2128 1912 signiﬁcatio
2152 1842 2262 1912 (41)
2287 1844 2559 1897 nominum
2590 1860 2730 1898 nunc
2753 1844 2818 1897 ad
2851 1843 2974 1897 mali
3002 1843 3171 1911 regni,
3204 1857 3345 1897 nunc

1803 1934 1966 1986 etiam
1993 1932 2059 1986 ad
2084 1932 2213 1986 boni
2244 1931 2648 1999 intelligentiam
2673 1948 2824 2000 posse
2848 1932 3102 1986 conferri.
3129 1931 3193 1986 Ut
3215 1942 3343 1999 puta

1804 2020 1988 2075 Lebna
2012 2022 2207 2075 candor
2236 2021 2619 2090 interpretatur
2639 2022 2775 2090 (42).
2821 2020 3033 2075 Candor
3061 2030 3235 2073 autem
3265 2021 3342 2074 di-

1804 2124 1961 2165 verse
2004 2110 2342 2180 intelligitur.
2386 2111 2481 2164 Est
2515 2111 2657 2163 enim
2704 2112 2906 2163 candor
2943 2111 3126 2177 leprze,
3159 2118 3241 2164 est
3288 2116 3343 2163 et

1803 2199 2009 2254 candor
2026 2197 2181 2252 lucis.
2197 2197 2453 2252 Possibile
2472 2211 2600 2265 ergo
2624 2207 2705 2251 est
2729 2198 2890 2251 etiam
2915 2198 3144 2251 nominis
3177 2198 3345 2269 ipsius

1803 2288 2274 2358 interpretatione,
2307 2287 2586 2354 utriusque
2631 2297 2802 2340 status
2851 2286 3176 2340 diuerentias
3205 2287 3344 2342 indi-

1801 2381 1934 2445 carl,
1976 2386 2033 2430 ut
2074 2378 2365 2431 candorem
2410 2376 2626 2447 quidem
2678 2375 2839 2442 leprze
2875 2375 3121 2429 habuerit
3158 2375 3340 2433 Lebna

1801 2455 1899 2520 sub
1935 2467 2147 2535 regibus
2174 2465 2327 2519 malis
2364 2484 2377 2519 :
2414 2479 2522 2533 quo
2569 2464 2842 2518 destructo
2895 2473 3055 2532 atque
3094 2479 3339 2532 everso,

1800 2570 1920 2608 cum
1953 2556 2021 2608 ad
2054 2553 2406 2609 lsraeliticum
2433 2566 2652 2621 regnum
2682 2553 2923 2619 pervenit
2957 2551 3138 2606 Lebua
3161 2591 3176 2617 ,
3207 2567 3340 2607 can-

1800 2645 1984 2698 dorem
2018 2646 2151 2699 Iucis
2182 2644 2474 2712 acceperit,
2506 2644 2631 2712 quia
2655 2645 2853 2696 candor
2883 2642 2935 2695 in
2964 2643 3259 2711 Scripturis
3286 2652 3341 2697 et

1801 2735 2081 2790 laudabilis
2112 2744 2166 2790 et
2194 2734 2476 2802 culpabilis
2506 2733 2737 2801 ponitur.
2786 2732 2852 2809 Et
2894 2733 3084 2785 iterum
3145 2733 3341 2787 Lachis

1800 2828 2180 2896 interpretatur
2214 2828 2315 2879 iter
2355 2823 2487 2896 (45).
2521 2825 2624 2877 lter
2656 2824 2833 2878 autem
2877 2832 2932 2878 et
2976 2822 3240 2877 laudabile
3284 2831 3340 2876 et

1798 2907 2062 2984 culpabile
2091 2917 2144 2970 in
2177 2912 2471 2983 Scripturis
2518 2912 2760 2967 habetur.
2811 2912 2960 2979 Quod
2995 2913 3205 2966 diﬁlcile
3232 2927 3337 2967 non

174 3016 317 3057 carne
343 3004 843 3069 circumcisionem,
877 3009 1121 3061 nesciens
1148 3008 1275 3076 quid
1303 3009 1369 3062 sit
1405 3008 1456 3061 in
1490 3009 1698 3064 occulto
1723 3027 1770 3089 ο
1800 3014 1879 3061 est
1909 3005 2156 3074 probare,
2191 3005 2328 3059 sicut
2365 3004 2559 3058 dicitur
2592 3003 2646 3056 in
2697 3003 2924 3057 Psalmis
2962 3004 3007 3035 ”
3036 3019 3049 3056 :
3087 3020 3104 3052 t
3140 3003 3205 3056 Et
3238 3004 3340 3058 iter

175 3103 277 3144 esse
313 3092 539 3148 Iudaeum
573 3096 630 3150 in
661 3094 1089 3148 circumcisione
1124 3095 1337 3157 cordis,
1386 3095 1517 3149 nihil
1555 3096 1696 3151 aliud

173 3189 304 3251 putat
330 3197 443 3238 esse
467 3184 567 3238 nisi
599 3184 744 3238 bella
771 3184 1069 3252 descripta,
1091 3191 1145 3238 et
1166 3183 1412 3238 interitus
1438 3184 1693 3246 ltOstium,

175 3277 221 3321 ct
262 3271 513 3327 lsraelitas
559 3274 702 3327 duce
749 3273 885 3330 Iesu
935 3274 1227 3338 vincentes,
1280 3283 1335 3327 et
1383 3273 1698 3342 diripientes

174 3359 384 3425 gentium
415 3375 597 3429 regna.
626 3363 732 3427 Qui
777 3376 910 3415 vero
942 3361 994 3414 in
1040 3362 1252 3416 occulto
1278 3359 1492 3416 Iudaeus
1516 3371 1619 3425 est,
1644 3362 1697 3416 id

174 3455 244 3499 est
268 3447 609 3514 Christianus,
661 3449 757 3517 qni
811 3447 995 3504 Iesum
1043 3464 1146 3502 non
1192 3458 1296 3503 tam
1344 3450 1514 3504 ﬁlium
1550 3450 1698 3505 Nave

174 3548 310 3602 quam
338 3537 529 3592 Filium
575 3540 670 3592 Dei
709 3541 989 3606 sequitur,
1044 3538 1157 3592 haec
1215 3540 1391 3593 omnia
1445 3540 1695 3610 mysteria

174 3624 396 3695 intelligit
436 3643 557 3684 esse
605 3629 762 3697 regni
805 3628 1084 3693 caelorum,
1119 3637 1173 3681 et
1209 3629 1336 3683 dicit
1373 3631 1495 3696 quia
1532 3629 1695 3682 etiam

172 3728 296 3771 nunc
347 3718 599 3773 Dominus
638 3732 796 3772 meus
823 3716 979 3773 Iesus
1006 3717 1252 3773 Christus
1298 3718 1458 3775 bellat
1507 3720 1698 3774 adver-

171 3818 271 3859 sum
294 3809 516 3864 virtutes
546 3809 883 3871 contrarias,
915 3817 971 3863 et
998 3808 1144 3876 ejicit
1169 3824 1259 3863 eas
1300 3810 1366 3863 de
1392 3809 1697 3865 civitatibus

171 3908 288 3962 quas
319 3900 664 3965 possidebant
686 3938 705 3965 ,
743 3899 796 3952 id
833 3908 917 3952 est
948 3900 1014 3952 de
1046 3898 1323 3952 animabus
1358 3900 1591 3964 nostris;
1641 3910 1698 3954 et

171 3985 399 4042 interﬁcit
429 4003 586 4058 reges
617 3988 715 4057 qui
749 3990 1047 4056 regnabant
1084 3989 1136 4041 in
1166 3989 1449 4043 animabus
1477 3990 1693 4054 nostris,

172 4087 228 4127 ne
257 4076 386 4129 ultra
413 4088 603 4147 regnet
630 4079 687 4132 in
712 4078 866 4134 nobis
896 4085 1176 4144 peccatum
1214 4095 1228 4131 :
1260 4086 1318 4130 ut
1342 4089 1692 4147 posteaquam

169 4160 477 4220 interemerit
515 4180 700 4235 regem
737 4164 940 4234 peccati
980 4166 1047 4219 de
1090 4165 1305 4220 civitate
1343 4168 1537 4220 animae
1592 4181 1692 4221 no-

176 4263 303 4317 stra,
335 4255 425 4309 ﬁat
457 4257 638 4309 anima
668 4266 853 4309 nostra
889 4255 1076 4309 civitas
1114 4253 1230 4317 Dci,
1265 4264 1315 4309 et
1338 4263 1520 4323 regnet
1553 4258 1606 4309 in
1630 4272 1691 4311 ea

1799 3094 2084 3162 impiorum
2130 3093 2345 3161 peribit.
2378 3111 2397 3143 ι
2432 3092 2499 3145 Ει
2541 3092 2669 3146 alibi
2717 3093 3026 3146 econtrario
3056 3091 3101 3124 “
3131 3108 3146 3146 :
3182 3110 3200 3143 ο
3232 3090 3340 3145 iter

1798 3193 2001 3237 rectum
2035 3182 2195 3237 facite
2222 3181 2443 3247 pedibus
2465 3182 2714 3236 vestris.»
2744 3180 2924 3235 Potest
2951 3195 3080 3249 ergo
3110 3179 3336 3248 intelligi

1796 3273 1962 3325 etiam
1996 3272 2106 3335 hic,
2138 3271 2279 3338 quod
2306 3271 2406 3324 iter
2440 3272 2721 3338 impiorum
2758 3270 2920 3324 fuerit
2949 3273 3120 3338 primo
3143 3269 3353 3327 civitas.

1796 3355 1991 3411 Lachis
2023 3370 2037 3407 :
2080 3370 2189 3424 quo
2215 3358 2485 3410 destructo
2507 3366 2666 3423 atque
2688 3356 2964 3422 subverso,
3001 3356 3335 3424 postmodum

1796 3445 2052 3499 Israelitis
2088 3446 2433 3513 regnantibus
2477 3445 2543 3497 ad
2587 3447 2688 3499 iter
2717 3448 2969 3511 perducta
2999 3446 3070 3499 sit
3103 3454 3330 3499 rectum.

1797 3535 2059 3590 Similiter
2093 3543 2269 3588 autem
2303 3542 2359 3587 et
2393 3532 2662 3595 Chebron,
2693 3548 2853 3601 quam
2883 3533 3221 3601 interpretari
3249 3534 3333 3587 di-

1795 3635 1923 3682 cunt
1945 3623 2357 3691 conjunctionem
2392 3622 2476 3675 vel
2523 3623 2820 3691 conjugium
2857 3620 2987 3692 (44).
3013 3621 3332 3691 Conjunctio

1794 3730 1922 3770 vero
1951 3714 2142 3768 animae
2172 3722 2368 3766 nostra:
2440 3712 2542 3765 fuit
2580 3713 2754 3779 primo
2780 3727 2901 3766 cum
2934 3712 3074 3764 malo
3111 3712 3246 3772 viro,
3277 3716 3332 3763 et

1795 3806 1991 3858 marito
2020 3803 2252 3871 pessimo
2281 3800 2494 3855 diabolo
2518 3819 2531 3854 :
2555 3815 2659 3869 quo
2678 3802 2948 3854 destructo
2968 3809 3022 3853 et
3040 3799 3326 3861 exstincto,

1793 3891 2016 3944 liberata
2068 3899 2152 3945 est
2199 3890 2375 3944 anima
2408 3889 2519 3959 (45)
2550 3903 2580 3941 a
2619 3888 2732 3958 lege
2776 3889 2972 3957 prioris
3011 3896 3066 3942 et
3111 3886 3325 3957 pessimi

1793 3982 1917 4045 viri,
1946 3990 2001 4036 et
2028 3981 2313 4050 conjuncta
2343 3989 2425 4035 est
2448 3981 2563 4034 viro
2590 3980 2727 4034 bono
2757 3989 2812 4033 et
2845 3981 3101 4046 legitimo,
3127 3979 3226 4042 illi,
3257 3978 3323 4031 de

1794 4086 1898 4141 quo
1944 4072 2074 4125 dicit
2115 4071 2387 4139 apostolus
2418 4071 2614 4125 Paulus
2636 4070 2680 4101 ⁶¹
2710 4087 2724 4122 :
2759 4089 2777 4121 ι
2816 4068 2986 4124 Statui
3022 4078 3199 4122 autem
3231 4084 3328 4123 vos

1795 4162 1883 4216 uni
1917 4164 2032 4215 viro
2073 4161 2335 4229 virginem
2369 4169 2571 4213 castam
2622 4159 2877 4213 exhibere
2906 4158 3140 4212 Christo.
3178 4176 3197 4210 ι
3236 4156 3327 4214 Sic

1795 4267 1922 4321 ergo
1965 4252 2125 4305 etiam
2182 4250 2451 4303 nominum
2487 4251 2722 4318 ipsorum
2759 4248 3104 4316 intelligentia
3137 4249 3200 4302 ad
3231 4263 3326 4317 ge-

168 4340 309 4407 Deus,
330 4354 381 4398 et
405 4348 624 4401 dicatur
651 4346 714 4399 ad
744 4361 843 4401 nos
867 4346 913 4378 ⁵⁸
938 4385 954 4410 ,
988 4346 1111 4414 quia
1160 4364 1177 4395 ι
1202 4360 1326 4400 ecce
1353 4362 1572 4416 regnum
1601 4350 1692 4404 Dei
1724 4334 1769 4390 Β
1796 4342 1996 4394 mitium
2044 4341 2187 4395 hunc
2215 4340 2632 4409 uniuscujusque
2663 4341 2896 4395 civitatis
2927 4349 3184 4394 consonat
3212 4348 3325 4393 sta-

169 4430 286 4485 intra
317 4451 409 4489 vos
435 4446 540 4489 est.
576 4454 598 4487 ι
636 4434 728 4490 Est
748 4450 876 4505 ergo
906 4451 1040 4505 Opus
1061 4450 1279 4490 summa:
1310 4436 1693 4493 misericbrdia:

167 4518 254 4573 huc
277 4525 411 4590 quod
454 4525 695 4579 haeretici
737 4525 1073 4580 crudelitatis
1121 4536 1396 4589 accusant,
1419 4529 1560 4594 quod
1590 4528 1691 4582 Do-

167 4613 323 4667 minus
364 4614 521 4669 Iesus
570 4615 947 4670 adumbratum
994 4616 1143 4685 prius
1188 4630 1218 4668 a
1258 4616 1368 4670 ﬁlio
1413 4616 1556 4672 Nave
1594 4633 1689 4687 per

225 4723 394 4793 Ϋξῧίιιὲ
424 4741 496 4788 Vl.
530 4726 623 4783 Η.
725 4728 771 4759 ⁸⁸
796 4727 950 4781 lCor.
985 4744 1082 4793 xv,
1118 4729 1201 4781 10.

166 4788 380 4860 ⁸⁸]1ε1π.
402 4810 500 4857 xtt,
532 4795 623 4849 13.
692 4796 735 4837 “-
765 4794 804 4848 ll
831 4796 953 4850 Cor.
986 4788 1140 4859 ιι,’2.

228 4883 330 4957 (55)
358 4885 488 4950 Quae
522 4897 644 4957 sunt
668 4889 916 4941 calorum.
949 4904 1127 4957 regna.
1168 4888 1291 4942 Haec
1318 4888 1509 4957 desunt
1543 4889 1595 4943 in
1626 4889 1690 4945 li-

167 4949 453 5023 bri§_an_t_ea
490 4956 671 5016 editis,
703 4958 794 5009 sed
826 4949 1069 5023 leguntur
1100 4959 1150 5009 in
1184 4956 1433 5009 omnibus
1458 4972 1589 5009 mss.

228 5020 331 5088 ('56)
351 5020 511 5093 pnus
534 5025 703 5076 codex
728 5020 936 5081 Ehroie.
963 5033 1082 5093 post
1107 5042 1126 5075 ι
1155 5025 1436 5093 imperium
1463 5041 1481 5073 ι
1518 5026 1685 5090 addit,

174 5102 192 5134 ι
213 5087 318 5155 cum
348 5087 552 5155 Spiritu
592 5104 798 5145 sancto.
825 5109 844 5143 ι

229 5154 333 5222 (37)
359 5154 540 5211 Codex
578 5156 856 5228 Sangerm.
884 5197 899 5221 ,

172 5236 191 5271 ε
215 5234 538 5290 receperunt.
563 5244 584 5276 ι

232 5289 333 5357 (38)
364 5293 503 5345 Idem
533 5292 716 5356 πηδῷ(
741 5296 933 5348 saeculi.
957 5314 976 5347 ι
1410 5342 1411 5345 η

250 5359 333 5421 59)
357 5361 557 5413 Omnes
577 5376 732 5423 mss.,
769 5380 787 5411 ι
814 5363 916 5416 Dei.
941 5381 960 5414 ι
992 5361 1144 5416 Libb.
1176 5361 1319 5423 editi,
1345 5378 1365 5412 ε
1393 5358 1528 5414 ﬁdei.
1555 5381 1574 5414 ι

182 5456 192 5495 ~_
233 5425 333 5495 (40)
369 5426 519 5480 Unus
569 5428 939 5495 Ebroicensis,
974 5449 991 5479 ί
1025 5439 1082 5481 ut
1106 5428 1186 5495 isti
1217 5443 1399 5481 omnes
1428 5431 1513 5494 qui
1552 5440 1679 5484 ante

169 5487 328 5571 Iesum
354 5505 406 5569 et
440 5509 628 5563 regem
661 5494 757 5548 Gai
811 5506 863 5548 et
907 5487 1080 5565 regem
1121 5493 1292 5548 Lebna
1328 5487 1677 5566 sub-regibus

168 5569 412 5622 pessimis.
435 5580 455 5612 ι

940 5178 959 5211 ι
986 5167 1261 5228 ceperunt.
1284 5175 1309 5210 ι
1348 5156 1500 5212 Libb.
1528 5159 1684 5225 editi,

1311 4728 1357 4760 "
1391 4726 1499 4783 Ios.
1534 4746 1589 4795 χ,
1620 4731 1710 4786 25.

1797 4434 1949 4485 tum.‘

1864 4535 1917 4588 5.
1946 4533 2054 4603 Ego
2082 4544 2210 4605 puto
2238 4535 2381 4604 quod
2437 4535 2515 4589 sic
2553 4536 2741 4590 melius
2788 4544 2871 4590 est
2921 4536 3139 4605 intelligi
3190 4534 3322 4588 bella

1792 4622 2103 4687 Israelitica,
2137 4633 2189 4676 et
2223 4623 2363 4691 quod
2384 4625 2474 4678 'sic
2506 4623 2693 4677 melius
2722 4624 2951 4692 pratliari
2993 4624 3147 4679 Iesus
3172 4633 3326 4692 pute-

1788 4732 1831 4765 ⁸⁷
1879 4730 1894 4783 l
1940 4728 2068 4786 Cor.
2121 4746 2194 4795 Χ,
2236 4737 2322 4789 il.
2395 4737 2441 4769 ³⁸
2461 4734 2749 4797 Luc.xvn,
2788 4735 2881 4789 21.
2956 4735 3002 4767 ⁸⁹
3027 4735 3165 4792 Psal.
3197 4751 3237 4802 ι,
3264 4734 3319 4790 6.

1861 4892 1969 4965 (41)
1990 4892 2175 4965 Codex
2200 4893 2500 4963 Saugerm.,
2530 4914 2549 4946 ι
2573 4895 2910 4965 signiﬁcatio.
2940 4913 2959 4951 ι
2985 4894 3138 4949 Libb.
3168 4896 3315 4961 editi,

1792 4976 1815 5013 ι
1840 4960 2215 5021 signiﬁcantia.
2240 4980 2259 5012 ι

1857 5018 1966 5098 (42)
2000 5028 2174 5082 Lebna
2218 5031 2413 5082 candor
2455 5032 2838 5098 interpretatur.
2878 5033 2922 5084 Α
2959 5018 3049 5115 p5
3094 5030 3311 5082 talbum

1787 5113 1966 5235 Chii-'5;
2001 5162 2184 5217 Lac/tis
2210 5164 2576 5231 interpretatur
2597 5167 2711 5219 iter.
2732 5166 2813 5219 Ab
2837 5148 2926 5244 157
2958 5182 2977 5214 ι
3005 5165 3107 5215 iter
3127 5161 3304 5215 fecit.)

1859 5252 1968 5324 (44)
1999 5253 2413 5324 Chebron,quaut
2436 5253 2768 5324 interpretari
2789 5247 3309 5324 dicunt,eor:jurtcl_io-

1792 5318 1903 5374 nent
1934 5318 2007 5375 uel
2040 5322 2355 5389 conjugium.
2388 5322 2468 5374 Ab
2506 5331 2624 5379 nan
2651 5336 2669 5369 ι
2693 5318 3033 5383 conjunctus,
3071 5318 3311 5365 sociatus

1791 5399 1962 5529 esiii’i)
1989 5457 2196 5518 Anima,
2233 5455 2381 5529 deest
2412 5454 2462 5505 in
2494 5453 2618 5507 libb.
2656 5452 2813 5506 editis
2837 5488 2852 5515 ,
2890 5446 2982 5502 sed
3025 5444 3217 5511 legitur
3242 5444 3308 5502 in

1783 5523 1881 5580 ms‘.
1916 5523 2382 5595 Saugermanensi,
