3822 6202
429 280 526 338 891

1859 270 2172 331 ORIGENIS

3619 254 3704 312 892

431 407 539 462 tur,
569 404 622 451 et
655 395 932 451 destruere
975 397 1157 461 urbes,
1192 410 1254 450 ac
1307 410 1466 466 regna
1517 398 1848 452 subvertere.
1882 394 1972 448 Sic

2134 402 2246 444 rum
2271 424 2288 451 ,
2327 393 2382 440 et
2415 397 2601 438 muros
2659 379 2976 438 elationis
3022 378 3396 431 exstruxerat
3442 371 3546 466 (5%)
3577 373 3702 427 :ch

433 487 576 538 enim
618 494 672 539 et
707 484 833 538 illud
863 483 1062 538 dictum
1102 484 1406 553 religiosius
1437 494 1491 538 et
1523 484 1835 539 clementius
1859 481 1970 552 (4.6)

434 575 735 643 apparebit,
767 576 906 642 quod
947 574 1144 626 dicitur
1176 574 1248 626 ita
1285 574 1606 628 subvertisse
1652 582 1702 627 et
1731 582 1972 626 vastasse

435 665 675 732 singulas
697 678 935 732 quasque
965 665 1142 726 urbes,
1175 673 1231 715 ut
1253 664 1384 716 nihil
1412 665 1463 716 in
1485 665 1561 717 eis
1585 663 1973 729 relinqueretur

435 756 576 823 quod
610 757 860 822 spiraret,
911 767 1083 820 neque
1129 754 1217 820 qui
1255 755 1436 806 salvus
1478 752 1648 811 ﬁeret.
1684 766 1854 818 neque
1883 748 1972 817 qui

435 844 710 913 ell'ugeret.
745 844 956 899 Utinam
991 845 1132 897 enim
1173 843 1427 895 Dominus
1458 843 1522 896 de
1552 843 1829 895 animabus
1856 856 1974 896 cre—

434 935 687 988 dentibus
712 934 840 996 sibi,
871 943 923 987 et
946 949 1079 1001 quas
1112 947 1207 986 suo
1230 932 1460 984 vindicat
1485 946 1668 999 regno.
1692 939 1746 983 et
1767 930 1832 984 de
1859 945 1972 984 mea

435 1023 604 1090 ipsius
634 1024 809 1076 anima
843 1023 913 1074 ita
947 1021 1125 1088 eiiciat
1157 1030 1211 1076 et
1243 1021 1552 1088 exstinguat
1583 1021 1758 1072 omnia
1791 1021 1972 1088 priora

433 1111 598 1171 mala.
621 1120 680 1164 ut
705 1109 881 1162 nullus
913 1111 963 1162 in
992 1125 1076 1163 me
1098 1109 1318 1162 malitiae
1344 1123 1537 1163 sensus
1563 1109 1696 1162 ultra
1723 1109 1971 1175 respiret,

435 1199 615 1253 nullus
651 1199 762 1262 irae,
793 1199 966 1251 nullus
995 1198 1439 1266 concupiscentia:
1471 1197 1697 1264 alicuius
1726 1198 1878 1250 malae
1918 1197 1970 1250 in

433 1302 522 1340 me
563 1287 798 1341 salvetur
827 1287 1080 1351 allectus,
1137 1288 1314 1342 nullus
1365 1289 1600 1356 supersit
1634 1289 1725 1355 qui
1756 1287 1976 1354 eﬁ‘ugiat

433 1387 610 1427 sermo
653 1374 822 1428 malus
868 1374 934 1428 de
983 1389 1076 1428 ore
1111 1389 1248 1428 meo.
1301 1374 1392 1428 Sic
1441 1376 1582 1428 enim
1631 1384 1815 1442 potero
1847 1375 1974 1428 Jesu

434 1467 569 1518 duce
600 1474 853 1533 purgatus
885 1467 952 1519 ab
975 1466 1224 1520 omnibus
1255 1466 1522 1532 prioribus
1555 1465 1728 1530 malis,
1759 1465 1893 1518 ellici
1922 1467 1972 1518 in

433 1553 743 1608 civitatibus
803 1554 1032 1606 filiorum
1093 1553 1297 1619 Israel,
1349 1555 1414 1608 de
1469 1554 1660 1622 quibus
1718 1555 1972 1620 scriptum

432 1650 513 1695 est
535 1643 577 1674 “
605 1656 620 1693 :
657 1660 674 1692 ι
712 1641 1139 1695 Ᾱῖάὶίὶοειιιιιηιιιι·
1169 1643 1411 1695 civitates
1442 1641 1590 1696 Iudae
1621 1642 1753 1712 (47),
1792 1651 1845 1696 et
1874 1643 1972 1695 ha-

431 1730 674 1783 bitabunt
704 1731 757 1782 in
785 1731 880 1784 eis.
922 1749 941 1781 ι
988 1730 1193 1783 Etenim
1229 1745 1368 1783 nunc
1417 1731 1832 1799 uniuscujusque
1871 1747 1971 1785 no-
2004 1707 2046 1760 Β

437 1829 611 1876 atrum
654 1820 762 1890 (48)
799 1822 1030 1872 animam
1059 1820 1215 1874 Jesus
1259 1821 1484 1874 destruit
1525 1831 1578 1875 et
1627 1821 1855 1875 aediﬁcat
1885 1838 1898 1873 :
1925 1831 1979 1875 et

432 1909 573 1962 sicut
613 1911 919 1964 dicebamus
951 1920 1074 1965 tunc
1103 1926 1222 1965 cum
1261 1911 1546 1966 leremiam
1591 1913 1978 1968 dissereremus

431 1998 554 2065 quia
585 1997 693 2068 (49)
721 2009 999 2068 acceperat
1036 2003 1198 2055 verba
1233 2002 1286 2054 in
1326 2017 1386 2054 os
1438 2017 1590 2055 suum
1622 2004 1814 2070 quibus
1849 2003 1978 2056 sub-

430 2096 668 2141 verteret
716 2098 769 2142 et
807 2090 1122 2152 aedificaret,
1177 2091 1426 2146 evelleret
1456 2100 1509 2146 et
1556 2091 1862 2158 plantarct;
1900 2094 1972 2146 ita

433 2179 594 2231 etiam
646 2193 783 2232 nunc
816 2179 869 2230 in
899 2179 981 2233 bis
1008 2194 1123 2246 qua:
1160 2181 1414 2234 habemus
1445 2183 1494 2233 in
1535 2182 1782 2235 manibus
1820 2181 1975 2236 intel-

430 2266 697 2335 ligendum
731 2281 858 2336 puto
883 2310 898 2334 ,
950 2285 1053 2323 non
1086 2271 1372 2324 secundum
1405 2272 1708 2337 haereticos,
1752 2272 1833 2326 vel
1885 2287 1974 2326 se-

431 2358 662 2409 cundum
691 2355 936 2424 Iudaeos;
974 2361 1066 2412 sed
1091 2359 1232 2413 sicut
1264 2361 1331 2413 ibi
1373 2363 1438 2416 ad
1461 2360 1746 2416 .leremiam
1776 2361 1976 2415 dictum

431 2456 513 2498 est
535 2443 617 2496 ⁶³ε
656 2463 674 2496 ι
709 2445 846 2502 Ecce
879 2448 1132 2501 constitui
1177 2460 1224 2501 te
1256 2450 1414 2503 hodie
1463 2463 1622 2517 super
1687 2460 1874 2518 gentes
1921 2459 1977 2504 et

432 2547 620 2603 regna,
651 2536 946 2602 eradicare,
982 2546 1034 2591 et
1065 2539 1392 2602 subvertere,
1434 2548 1490 2592 et
1527 2540 1793 2607 perditum
1825 2541 1974 2608 dare,

433 2631 490 2675 et
520 2632 640 2690 post
670 2625 782 2678 lucc
809 2626 1095 2691 aediﬁcare,
1129 2635 1181 2680 et
1214 2627 1496 2694 plantare;
1530 2645 1556 2678 ι.
1585 2629 1657 2680 ita
1711 2637 1764 2682 et
1799 2629 1863 2683 de
1909 2629 1976 2684 iis

437 2725 556 2779 qua‘
588 2728 680 2781 per
709 2715 888 2768 Iesum
923 2717 1233 2770 scribuntur
1269 2728 1414 2785 gesta
1473 2719 1799 2772 credendum
1848 2729 1930 2774 est
1959 2737 1974 2774 :

437 2801 544 2854 imo
590 2804 766 2869 potius
807 2805 871 2857 de
919 2806 982 2858 iis
1021 2821 1138 2875 quze
1186 2822 1280 2874 per
1312 2816 1548 2860 nostrum
1583 2808 1862 2862 Dominum
1891 2810 1978 2864 Je-

437 2905 554 2943 sum
580 2893 739 2943 etiam
760 2907 898 2946 nunc
919 2905 1178 2960 geruntur
1204 2897 1252 2948 in
1279 2895 1446 2949 nobis.
1476 2894 1715 2950 Primum
1743 2914 1976 2968 namque

435 2991 568 3046 Opus
597 2978 751 3032 Verbi
788 2977 878 3032 Dei
911 2990 988 3032 est
1016 3019 1032 3043 ,
1066 2982 1340 3036 eradicare
1395 2983 1747 3048 praecedentia
1789 2985 1926 3037 mala
1957 3023 1973 3049 ,
2003 3023 2046 3078 Ο

433 3067 616 3137 Spinas
643 3082 704 3121 ac
736 3068 958 3122 tribulos
1001 3069 1266 3123 vitiorum.
1304 3069 1436 3122 Dum
1469 3071 1609 3123 enim
1662 3071 1778 3126 istae
1821 3075 1975 3129 mala:

437 3156 646 3209 radices
678 3166 988 3225 occupatam
1015 3158 1256 3210 detinent
1287 3167 1480 3212 terram
1511 3199 1526 3221 ,
1559 3175 1661 3212 non
1691 3169 1866 3228 potest
1891 3179 1976 3219 se-

436 3243 580 3296 mina
607 3243 738 3296 bona
767 3255 819 3296 et
850 3253 1034 3298 sancta
1059 3247 1348 3314 suscipere.

505 3329 558 3382 4.
599 3328 971 3384 Necessarium
1002 3345 1132 3401 ergo
1161 3343 1214 3386 et
1242 3334 1466 3401 primum
1504 3336 1604 3389 hoc
1646 3352 1778 3405 Opus
1814 3340 1973 3392 Verbi

436 3416 528 3472 Dei
559 3429 658 3484 est,
691 3421 924 3489 plantam
960 3422 1070 3493 (50)
1091 3424 1364 3478 eradicarc
1396 3427 1633 3492 peccati,
1681 3437 1734 3480 et
1763 3444 1974 3483 omnem

437 3509 670 3576 plantam
717 3527 873 3578 quam
920 3527 1023 3566 non
1067 3513 1321 3580 plantavit
1360 3513 1518 3569 Pater
1545 3517 1797 3582 ctelcstis,
1827 3519 1974 3572 evel-

436 3597 575 3660 lere,
612 3600 824 3667 ignique
854 3615 1192 3656 consumere.
1242 3602 1470 3657 Secundi
1516 3605 1624 3671 jam
1675 3608 1854 3675 operis
1893 3617 1978 3662 est

435 3687 695 3754 plantare.
735 3687 872 3754 Quid
905 3700 988 3743 est
1023 3691 1161 3758 quod
1194 3691 1397 3758 plantat
1430 3694 1610 3748 Deus?
1641 3680 1852 3765 Moyses
1899 3699 1978 3751 di-

436 3777 530 3840 cit,
577 3778 700 3845 quia
747 3779 1055 3846 paradisum
1105 3781 1362 3848 plantavit
1394 3782 1552 3838 Deus.
1589 3785 1691 3838 Sed
1735 3795 1787 3838 et
1835 3802 1977 3840 nunc

437 3866 641 3932 plantat
677 3866 816 3918 Deus
845 3865 954 3937 (51)
982 3884 995 3931 ;
1022 3877 1074 3920 et
1106 3870 1342 3936 quotidie
1371 3871 1576 3938 plantat
1611 3874 1662 3926 in
1693 3877 1978 3930 animabus

437 3954 790 4009 credentium.
841 3954 898 4008 In
951 3957 1130 4010 anima
1165 3958 1307 4010 enim
1341 3960 1405 4013 de
1437 3975 1538 4027 qua
1585 3963 1785 4016 excidit
1816 3965 1976 4030 iram,

438 4043 895 4098 mansuetudinem
931 4045 1179 4113 plantat;
1203 4059 1257 4101 et
1301 4049 1368 4103 de
1402 4064 1504 4117 qua
1550 4053 1750 4106 excidit
1793 4069 1978 4122 super-

441 4131 602 4194 biam,
634 4131 842 4196 plantat
865 4135 1258 4200 humilitatem;
1283 4141 1422 4194 etde
1442 4157 1543 4209 qua
1567 4142 1806 4195 eradicat
1829 4143 1980 4198 lasci-

439 4217 601 4281 viam,
634 4222 936 4287 pudicitiam
969 4225 1210 4292 plantat;
1244 4229 1383 4282 etde
1411 4244 1513 4297 qua
1543 4232 1802 4299 exstirpat
1831 4233 1979 4302 igno-

2074 491 2256 534 sermo
2286 475 2380 528 Dei
2416 472 2698 527 subvertit
2765 479 2838 525 et
2902 465 3185 524 subruit,
3224 470 3285 513 ut
3322 459 3516 514 merito
3544 474 3705 515 secun-

2073 571 2202 621 dum
2255 562 2564 632 Apostolum
2601 561 2650 593 “
2688 559 3043 615 efﬁciamur
3086 570 3109 603 ι
3139 551 3247 605 Dei
3297 549 3533 612 cultura,
3557 560 3606 604 et
3631 553 3706 607 Dei

2075 655 2404 717 aediﬁcatio,
2460 667 2625 722 supra
2697 649 3183 703 fundamentum
3263 639 3618 710 apostolorum
3664 651 3706 696 et

2074 745 2470 814 prophetarum
2514 740 2687 810 positi
2743 739 2824 792 ab
2874 737 3014 805 ipso
3053 732 3186 803 (53)
3247 745 3470 784 summo
3504 732 3705 799 angulari

2073 834 2242 906 429
2275 833 2453 901 lapide
2479 831 2712 886 Christo
2747 826 2925 892 Jesu,
2969 840 3047 878 ex
3071 836 3200 892 quo
3231 821 3500 890 iunctura
3530 819 3708 874 aedilicii

2075 932 2294 979 crescat
2327 924 2380 976 in
2420 919 2690 988 templum
2721 918 2830 972 Dei
2883 918 2945 970 in
2975 915 3203 984 spiritu
3226 952 3242 975 ,
3282 930 3304 964 ι
3342 919 3399 963 et
3429 911 3501 964 ita
3534 909 3713 965 demum

2074 1013 2212 1066 ellici
2255 1027 2573 1066 mereamur
2604 1011 2660 1062 in
2693 1007 3068 1063 haereditate
3095 1014 3276 1056 terra:
3301 999 3573 1054 sanctaain
3594 1009 3714 1068 parte

2074 1102 2400 1166 Israelitica,
2433 1101 2734 1156 exstinctis
2788 1097 3089 1151 omnibus
3145 1103 3208 1146 et
3244 1090 3553 1161 peremptis
3579 1091 3716 1143 hosti-

2076 1192 2178 1245 bus
2208 1190 2411 1244 nostris
2447 1206 2462 1252 ;
2503 1190 2579 1241 ita
2615 1196 2677 1242 ut
2704 1203 2820 1242 non
2864 1185 3266 1252 relinquatur
3315 1195 3384 1233 ex
3432 1181 3512 1232 eis
3540 1179 3621 1246 qui
3653 1194 3716 1232 re-

2075 1280 2253 1348 spiret
2285 1281 2338 1332 in
2375 1279 2556 1342 nobis,
2586 1277 2687 1331 sed
2717 1276 2882 1331 solus
2922 1275 2984 1328 in
3027 1273 3211 1326 nobis
3251 1270 3496 1338 respiret
3521 1268 3718 1337 Spiritus

2077 1369 2286 1424 Christi
2312 1384 2411 1436 per
2435 1383 2558 1433 ora,
2593 1376 2652 1421 et
2684 1381 3034 1429 sermones,
3067 1373 3131 1416 et
3167 1361 3596 1430 intelligentiam
3633 1360 3719 1426 spi-

2078 1459 2324 1524 ritalem,
2359 1456 2666 1511 secundum
2706 1455 3058 1510 doctrinam
3101 1448 3247 1506 Jesu
3295 1448 3508 1504 Christi
3541 1447 3718 1502 Domini

2076 1547 2279 1611 nostri,
2315 1547 2402 1600 cui
2437 1554 2518 1600 est
2559 1544 2676 1615 (54)
2707 1545 2906 1598 virtus
2934 1550 2995 1598 et
3026 1551 3308 1611 potestas
3337 1541 3396 1592 in
3434 1537 3621 1593 saecula
3640 1552 3719 1590 sai-

2075 1636 2342 1690 culorum.
2367 1634 2565 1688 Amen.

2640 1739 2952 1796 HOMILIA
3001 1739 3169 1794 XIV.

2079 1831 2155 1885 De
2172 1831 2334 1885 labin
2354 1847 2474 1900 rege
2497 1831 2658 1890 Asor.
2685 1841 2740 1882 et
2766 1831 3112 1900 dercarteris
3149 1830 3405 1900 regibus,
3429 1828 3519 1900 qui
3537 1844 3718 1898 conareb

2464 1900 2578 1968 gari
2611 1909 2739 1951 sunt
2781 1899 3106 1951 adversum
3152 1897 3371 1952 Israel.

2152 1990 2202 2043 l.
2241 1990 2349 2042 llas
2381 1990 2600 2042 easdem
2629 1986 2985 2056 Scripturas
3014 1998 3164 2043 ante
3200 1989 3513 2042 adventum
3536 1989 3716 2059 quidem

2079 2077 2292 2131 Domini
2344 2078 2517 2130 nostri
2569 2075 2699 2130 Jesu
2731 2077 2962 2131 Christi
3000 2092 3144 2130 cum
3184 2078 3413 2148 legeret
3459 2079 3617 2132 Israel
3647 2079 3717 2131 ille

2079 2170 2169 2236 qui
2197 2169 2498 2223 secundum
2527 2181 2759 2222 carnem
2780 2174 2896 2231 est,
2930 2168 3090 2221 nihil
3120 2169 3290 2222 aliud
3319 2171 3376 2223 in
3403 2170 3470 2222 iis
3492 2169 3715 2222 nisibella

2077 2269 2132 2312 et
2163 2257 2484 2312 effusionem
2517 2259 2822 2328 sanguinis
2857 2258 3275 2328 intelligebat,
3315 2275 3388 2314 ex
3430 2275 3538 2328 quo
3580 2261 3715 2313 etiam

2077 2352 2142 2405 ad
2179 2351 2396 2403 nimiam
2428 2349 2782 2404 ferocitatem
2819 2352 3212 2405 acuebantur
3252 2352 3430 2404 animi
3461 2358 3715 2415 eorum,ct

2077 2455 2291 2506 semper
2326 2439 2485 2493 bellis
2530 2455 2597 2494 ac
2636 2440 3048 2496 seditionibus
3083 2442 3507 2512 pascebantur.
3549 2440 3710 2494 Postea

2076 2541 2207 2581 vero
2241 2543 2403 2594 quam
2433 2529 2734 2596 praesentia
2783 2529 3030 2584 Domini
3082 2533 3202 2585 mei
3241 2531 3382 2586 Jesu
3412 2531 3608 2586 Christi
3632 2533 3712 2585 hu-

2079 2617 2258 2671 manis
2302 2618 2560 2672 cordibus
2606 2619 2901 2686 placidum
2963 2622 3248 2677 scientia:
3305 2622 3491 2678 lumen
3529 2622 3709 2683 infudit,

2077 2707 2273 2776 quippe
2298 2722 2419 2761 cum
2452 2710 2762 2763 secundum
2804 2713 3175 2778 Apostolum
3215 2715 3264 2746 ⁸⁸
3311 2715 3432 2782 ipse
3455 2715 3524 2768 sit
3569 2730 3586 2763 ι
3627 2729 3709 2780 pax

2080 2808 2286 2864 nostra,
2322 2816 2340 2849 ι
2370 2813 2567 2867 pacem
2613 2813 2720 2854 nos
2775 2801 2961 2855 docet
3013 2818 3089 2856 ex
3129 2805 3260 2873 ipsa
3312 2804 3541 2859 lectione
3568 2804 3709 2858 bello-

2078 2903 2217 2940 rum.
2246 2887 2356 2941 Pax
2384 2889 2530 2943 enim
2564 2890 2828 2944 redditur
2869 2893 3120 2957 anitum,
3158 2896 3208 2950 si
3241 2896 3316 2950 ab
3338 2912 3403 2951 ea
3432 2898 3604 2950 hostes
3640 2896 3708 2948 sui

2079 2983 2295 3042 peccata
2351 2991 2414 3030 ac
2465 2976 2597 3029 vitia
2650 2978 3102 3046 propellantur.
3153 2983 3230 3039 Et
3268 2985 3395 3040 ideo
3442 2989 3707 3039 secundum

2084 3069 2428 3122 traditionem
2480 3071 2702 3124 Domini
2758 3077 2958 3129 nostri
3019 3076 3167 3132 Jesu
3203 3081 3438 3145 Christi,
3483 3095 3596 3134 cum
3625 3093 3712 3133 nos

2079 3157 2308 3226 legimus
2331 3159 2456 3222 ista,
2482 3175 2774 3215 armamur
2801 3167 3049 3232 quidem
3082 3170 3265 3223 etiam
3290 3185 3408 3232 nos.
3431 3181 3479 3225 et
3495 3170 3705 3225 concita-

2077 3264 2200 3301 mur
2239 3249 2305 3300 ad
2341 3250 2618 3318 prmlium,
2655 3253 2752 3304 sed
2789 3256 3100 3311 adversus
3142 3260 3280 3313 illos
3315 3261 3486 3313 hostes
3520 3259 3603 3324 qui
3644 3259 3704 3310 de

2078 3349 2264 3393 nostro
2289 3341 2450 3393 corde
2477 3343 2821 3409 procedunt,
2851 3348 3270 3416 cogitationes
3300 3349 3496 3404 scilicet
3521 3346 3696 3407 malm,

2078 3426 2243 3492 furta,
2270 3428 2408 3481 falsa
2442 3429 2788 3497 testimonia,
2817 3434 3267 3506 blasphemias,
3307 3451 3622 3506 ueteresque
3643 3441 3700 3490 iis

2079 3516 2287 3570 similes
2336 3517 2692 3572 adversarios
2739 3521 2962 3576 anima:
3018 3537 3287 3583 nostras:
3319 3529 3386 3583 de
3422 3542 3522 3595 qua
3558 3539 3697 3579 cona-

2080 3620 2220 3670 mur,
2267 3606 2571 3658 secundum
2609 3611 2760 3674 quod
2795 3611 2927 3666 hac
2961 3616 3270 3692 scriptura
3317 3617 3505 3679 refert,
3529 3617 3567 3668 si
3599 3614 3693 3666 ﬁeri

2075 3707 2273 3767 potest,
2305 3713 2412 3751 non
2459 3699 2784 3767 relinquere
2812 3705 3006 3761 ullum
3045 3712 3146 3777 qui
3176 3711 3369 3766 salvus
3402 3711 3510 3774 ﬁat,
3551 3721 3694 3774 neque

2075 3791 2165 3858 qui
2193 3792 2446 3859 respiret.
2487 3793 2544 3847 Si
2566 3795 2716 3848 enim
2742 3796 2854 3850 hos
2891 3797 3100 3855 hostes
3133 3803 3558 3863 obtinuerimus,
3577 3814 3692 3852 com-

2077 3890 2326 3948 petenter
2361 3883 2749 3939 obtinebimus
2793 3887 2981 3941 etiam
3035 3905 3250 3946 aereas
3300 3901 3616 3961 potestates,
3649 3895 3692 3939 et

2077 3986 2244 4039 regno
2275 3987 2373 4026 suo
2407 3987 2524 4039 eas,
2565 3978 2713 4043 quod
2748 3977 2906 4031 intra
2940 3995 3052 4034 nos
3082 3997 3264 4052 supra
3291 3984 3538 4037 vitiorum
3563 3979 3697 4032 sedes.

2079 4063 2502 4127 collocaverant,
2535 4066 2916 4134 depellemus.
2953 4069 3021 4124 In
3063 4072 3364 4141 prioribus
3403 4067 3693 4126 lectionibus

2083 4169 2177 4206 rex
2209 4153 2510 4210 Jerusalem
2561 4172 3038 4228 congregaverat
3092 4179 3292 4221 secum
3330 4167 3466 4219 alios
3489 4169 3691 4232 quatuor

2084 4256 2237 4310 reges
2268 4242 2560 4298 adversum
2607 4244 2806 4300 Jesum
2842 4258 2905 4303 et
2964 4253 3282 4308 adversum
3335 4254 3473 4307 filios
3521 4246 3690 4307 Israel.

442 4308 707 4410 rantiam:
742 4311 929 4410 inserit
961 4317 1262 4410 scientiam.
1310 4318 1422 4373 Non
1466 4321 1557 4374 tibi
1606 4322 1821 4375 videtur
1852 4325 1976 4378 talis
2010 4328 2051 4380 D
2085 4308 2227 4386 IIII—llc
2263 4339 2443 4383 autem
2471 4331 2586 4398 jam
2623 4349 2734 4388 non
2781 4353 2940 4394 unus
2980 4352 3241 4410 quatuor
3272 4348 3577 4410 congregat,
3615 4344 3691 4388 aut

441 4409 560 4448 esse
605 4397 796 4451 debere
832 4401 1088 4469 plantatio
1124 4421 1281 4471 quam
1329 4409 1535 4477 plantat
1590 4411 1748 4476 Deus,
1807 4414 1976 4480 magis

437 4499 600 4554 quam
661 4489 986 4544 sensibilium
1039 4501 1479 4569 terrenorumque
1524 4499 1838 4569 lignorum?
1883 4502 1978 4557 Est

441 4576 570 4628 item
603 4575 655 4628 in
704 4579 893 4645 primis
949 4594 1082 4647 opus
1137 4583 1293 4640 Verbi
1346 4587 1441 4652 Dei
1476 4627 1491 4654 ,
1537 4590 1814 4644 destruere
1852 4590 1979 4644 tedi—

444 4664 564 4717 licia
597 4665 891 4732 diabolica,
931 4684 1048 4735 qua:
1087 4671 1136 4724 in
1171 4675 1346 4728 anima
1371 4679 1675 4732 construxit
1718 4679 1975 4732 humana.

443 4757 536 4814 Ille
593 4760 792 4814 etenim
835 4769 1012 4815 turres
1061 4767 1324 4832 superbia:
1374 4770 1428 4822 in
1481 4785 1801 4838 unoquoque
1879 4786 1977 4825 no-

514 4893 559 4926 “
582 4892 743 4948 Amos
770 4909 842 4962 tx,
875 4895 956 4949 14.

535 5027 622 5101 46)
651 5029 832 5101 Codex
866 5029 1145 5101 sangcrm.
1186 5053 1217 5087 ι
1255 5038 1452 5093 rectius
1485 5046 1541 5092 et
1572 5037 1906 5094 clementius.
1956 5060 1976 5094 ι

537 5098 624 5167 47)
651 5098 818 5167 Idem,
849 5118 868 5152 ι
895 5098 1108 5158 Ιυιῖωει).
1137 5123 1155 5156 ι

654 5165 822 5238 Idem,
860 5187 877 5220 t
902 5182 1157 5227 vestrum.
1185 5192 1220 5226 ι,

519 5235 628 5317 μθ)
653 5235 795 5317 idem
842 5242 1432 5317 cum_uno__Ebroicensi
1466 5259 1478 5295 :
1513 5241 1945 5317 rdissereremus
1967 5283 1983 5311 ,

449 5304 634 5378 quiat;
661 5304 816 5378 μω).
843 5309 992 5378 editi,
1024 5326 1042 5360 ι
1071 5311 1480 5375 disserebamus,
1512 5311 1625 5378 qui.
1652 5327 1672 5361 ι

522 5371 632 5442 QQ)
661 5373 824 5442 Idem,
859 5393 878 5426 ι
903 5376 1127 5442 plautas.
1151 5397 1169 5430 ι

525 5438 757 5508 ιδῃ-δρα
789 5451 836 5494 et
867 5438 999 5496 nime
1040 5447 1239 5508 plantat
1281 5447 1440 5500 Deus.
1471 5445 1594 5503 Haec
1624 5448 1808 5504 desunt
1837 5447 1891 5501 in
1921 5448 1987 5502 li-

819 5511 911 5566 sed
955 5503 1201 5582 leguntur
1247 5517 1299 5571 in
1358 5514 1640 5584 Sangerm.
1673 5532 1770 5580 ms.
1803 5525 1853 5570 et
1881 5533 2005 5575 uuo_

2084 4422 2340 4490 quinque,
2374 4424 2468 4476 sed
2500 4425 2625 4478 vide
2652 4440 2802 4481 unus
2833 4441 3128 4496 quantam
3165 4433 3563 4491 multitudinem
3585 4442 3691 4480 (‘Oll-

2080 4519 2264 4578 gregat
2292 4527 2305 4562 :
2337 4528 2368 4566 ι,
2387 4510 2458 4564 Ut
2478 4520 2661 4565 autem
2680 4511 3232 4587 audivitdnquit“,
3255 4520 3420 4576 Jabin
3441 4532 3530 4572 rex
3555 4517 3687 4575 Asor.

2083 4597 2233 4651 misit.
2265 4599 2330 4650 ad
2358 4597 2535 4652 .lobab
2564 4614 2756 4667 regem
2811 4603 3321 4673 Amorrhazorum,
3358 4619 3414 4667 et
3446 4609 3508 4660 ad
3533 4616 3687 4671 regem

2052 4667 2341 4752 'Symeon,
2367 4696 2422 4745 et
2453 4687 2520 4741 ad
2553 4703 2742 4756 regem
2778 4691 2878 4745 Zif
2901 4693 3056 4766 (55),
3083 4706 3144 4751 et
3170 4701 3239 4754 ad
3268 4667 3426 4768 reges
3448 4696 3533 4767 qui
3555 4667 3687 4747 erant

2083 4775 2226 4830 circa
2281 4777 2542 4832 Sidonem
2599 4795 2892 4850 magnam,
2959 4796 3021 4844 et
3079 4805 3189 4859 per
3243 4801 3524 4851 montana,
3567 4781 3694 4837 etin

1057 4899 1102 4931 “
1120 4897 1318 4955 Jerem.
1351 4919 1386 4964 ι,
1416 4903 1500 4957 ιο.
1573 4903 1627 4938 ⁸⁵-
1648 4901 1666 4954 l
1689 4903 1812 4960 Cor.
1844 4921 1924 4970 ιιι,
1955 4907 1976 4962 9

2134 4907 2309 4976 Ephes.
2336 4911 2517 4977 11,20.
2595 4914 2642 4949 °'
2684 4916 2902 4986 Ephes.
2943 4937 3010 4990 ιι,
3044 4925 3140 4980 ιι.
3223 4927 3270 4959 ⁸⁸
3311 4927 3430 4982 los.
3457 4941 3531 4989 xl,
3556 4919 3694 4984 Μελ,

2161 5043 2278 5127 i5?)
2325 5047 2510 5102 Codex
2556 5048 2872 5127 Sangerm.
2904 5096 2923 5123 ,
2993 5078 3015 5112 σ
3061 5069 3441 5116 exstruxerat.
3477 5077 3496 5110 ι
3548 5055 3682 5111 hibb.

2088 5114 2240 5168 editi.
2278 5133 2296 5166 c
2321 5119 2620 5175 exstruxit.
2653 5139 2673 5172 ι

2090 5183 2276 5304 mgf:
2317 5185 2488 5253 “em’
2520 5192 2737 5260 “905"”
2769 5194 2844 5252 ab
2872 5197 3017 5266 ipso.
3044 5216 3072 5252 ι
3098 5197 3258 5255 Libb.
3290 5197 3457 5262 editi,
3488 5215 3507 5249 ι
3535 5197 3684 5266 posito

2088 5264 2284 5438 ἐξῇ(ἓῶ
2328 5323 2504 5396 Idem,
2541 5348 2562 5384 ι
2603 5333 2692 5386 cui
2724 5345 2838 5393 est.
2871 5357 2892 5392 ι
2922 5337 3085 5394 Libb.
3119 5337 3270 5399 editi.
3307 5355 3336 5389 ε
3365 5337 3514 5418 opius
3540 5340 3634 5415 est.
3657 5345 3674 5380 ι

2152 5390 2300 5438 Idem
2333 5406 2457 5438 που
2495 5417 2515 5438 .
2555 5411 2812 5438 uno“.-.
2841 5428 2859 5438 .
2893 5413 3060 5438 Mn-..
3087 5424 3219 5438 ...ωε
3249 5407 3582 5438 annuum“.
3601 5399 3674 5438 ad.

2090 5390 2300 5466 Ibidem
2333 5406 2463 5463 post
2489 5390 2515 5452 ἦ
2555 5390 3584 5472 potestas-vt—codex-unusrlibroiéensis
3600 5399 3679 5455 ad-

2090 5453 2282 5545 ἀιιηξνς
2312 5479 2472 5545 έξιιιιιΔ
2489 5471 2713 5545 Spiritu
2742 5491 2969 5537 sancto.
3007 5499 3028 5537 ι
3385 5543 3394 5545 ι
3576 5543 3584 5545 _

2091 5524 2423 5658 ριιξξῗδιῖίίο
2451 5524 2614 5605 Miller-
3085 5571 3104 5606 ι
3123 5549 3281 5616 hinc,
3307 5564 3325 5599 ι
3349 5543 3480 5599 alter
3515 5561 3533 5594 ι
3561 5543 3674 5596 Ase-
