3822 6206
443 303 546 360 895

1861 285 2176 368 ORIGENIS

3633 276 3719 330 836

445 419 725 475 Dominum
754 417 915 471 Deum
945 416 1197 479 adorabo,
1235 425 1287 470 et
1320 415 1415 484 ipsi
1461 413 1556 469 soli
1594 411 1841 468 serviam.
1873 408 1981 460 Au-

2145 403 2347 452 centem
2381 393 2447 447 ad
2480 389 2806 459 discipulos
2834 399 2991 442 suos
3030 382 3092 417 ⁷⁸
3135 400 3151 437 :
3187 399 3208 432 ι
3244 380 3372 437 Sint
3400 381 3558 438 lumbi
3583 391 3720 443 vestri

445 512 598 566 dittnt
630 517 805 562 autem
837 508 1005 572 illum,
1030 509 1118 575 qui
1156 516 1280 560 sunt
1303 521 1368 559 ex
1414 515 1565 573 parte
1599 503 1732 568 ejus,
1763 501 1902 554 sicut
1928 503 1982 552 et

444 613 588 653 nunc
619 597 744 651 fecit
799 598 899 651 iste
951 597 1211 666 Symeon,
1269 596 1417 648 illum
1467 595 1690 648 audiens
1741 590 1886 644 venit
1913 589 1980 641 ad

445 703 673 755 pugnam
706 696 891 739 contra
939 685 1142 739 Iesum.
1176 684 1339 738 Mittit
1368 692 1545 736 autem
1600 691 1654 735 et
1684 681 1749 733 ad
1799 691 1979 742 regem

448 777 546 829 Zil‘.
569 775 846 828 Zil‘autem
867 775 1242 842 interpretatur
1265 772 1643 841 quomodoﬂuit
1665 769 1684 821 !
1703 767 1809 838 (66)
1842 766 1982 818 velut

445 866 757 919 admirantis
779 879 1024 918 sermone
1051 881 1065 916 :
1096 863 1217 932 quia
1253 869 1306 914 et
1341 875 1524 914 revera
1550 857 1846 911 mirandum
1876 862 1980 917 est,

445 956 711 1021 quomodo
728 952 890 1004 ﬂuunt
911 953 1084 1005 omnia
1107 966 1222 1018 qua:
1248 959 1371 1003 sunt
1395 949 1551 1017 hujus
1582 946 1763 1000 mttndi
1793 959 1984 998 carna-

443 1041 533 1105 lia,
555 1051 606 1094 et
633 1042 897 1108 quomodo
921 1041 1057 1092 ﬂuxa
1077 1049 1200 1091 sunt
1231 1047 1284 1090 et
1313 1038 1532 1100 caduca,
1558 1050 1673 1103 quae
1700 1035 1834 1102 apud
1860 1032 1980 1086 inﬂ-

443 1131 587 1183 deles
615 1131 856 1183 homines
884 1129 1247 1198 permanentia
1273 1128 1596 1193 deputantur
1624 1132 1676 1177 et
1709 1131 1979 1192 perpetua.

441 1220 540 1285 Qui
571 1232 745 1274 autem
777 1234 952 1272 rerum
984 1218 1288 1271 considerat
1319 1217 1602 1276 rationem,
1631 1223 1683 1267 et
1723 1214 1842 1264 vitae
1883 1212 1982 1263 hu-

435 1310 523 1377 jus
549 1325 666 1378 quae
686 1318 939 1378 putantur
961 1309 1117 1370 bona,
1150 1315 1454 1369 contuetur,
1475 1305 1738 1372 quomodo
1769 1316 1982 1369 semper

445 1407 724 1450 mutentur
775 1407 828 1450 et
861 1405 1162 1457 transeant,
1199 1393 1298 1445 iste
1329 1390 1770 1454 dicit,Quomodo
1824 1388 1977 1442 ﬂuit!

441 1486 612 1539 Vocat
643 1493 821 1539 autem
853 1493 1040 1538 contra
1069 1482 1208 1534 ﬁlios
1249 1479 1408 1534 Israel
1439 1478 1676 1532 diabolus
1703 1478 1863 1532 etiam
1891 1490 1985 1531 eos

442 1576 533 1644 qui
563 1576 702 1629 circa
737 1574 986 1628 Sidonem
1023 1587 1265 1640 magnam
1303 1579 1446 1624 sunt.
1481 1569 1590 1639 Ego
1617 1569 1830 1638 quidem
1858 1583 1980 1622 cum

443 1666 495 1718 in
523 1665 651 1720 locis
677 1665 888 1719 Sidonis
910 1663 1193 1730 aliquoties
1220 1662 1526 1715 demoratus
1549 1660 1670 1724 sim,
1707 1673 1979 1727 nunquam

443 1757 675 1825 comperi
706 1756 836 1808 duas
863 1768 980 1808 esse
1004 1753 1251 1814 Sidonas,
1272 1766 1430 1803 unam
1453 1765 1720 1818 magnam,
1745 1757 1798 1801 et
1823 1748 1979 1801 aliam

442 1859 683 1913 parvam,
709 1855 962 1912 quantum
994 1842 1059 1895 ad
1094 1850 1360 1894 terrenum
1388 1840 1618 1907 pertinet
1650 1837 1846 1891 locum.
1875 1835 1981 1889 Sed

444 1935 487 1987 si
513 1935 576 1986 ad
601 1934 1092 2001 interpretationem
1121 1931 1352 1985 nominis
1379 1929 1617 1991 redeam,
1645 1927 1788 1996 quod
1817 1927 1983 1994 signi-

448 2023 574 2075 ﬁcat
618 2024 962 2088 venatricem,
1012 2021 1093 2075 vel
1149 2030 1432 2074 venatores
1479 2015 1609 2090 (67),
1656 2015 1809 2069 video
1839 2015 1981 2083 quod

445 2110 874 2164 adversariorum
903 2111 1186 2174 virtutum,
1215 2109 1269 2162 in
1306 2109 1495 2176 quibus
1529 2106 1706 2159 multae
1734 2117 1856 2158 sunt
1883 2103 1985 2157 dif-

444 2199 704 2262 ferentiae,
733 2201 948 2267 quidam
981 2209 1105 2253 sunt
1158 2207 1441 2253 venatores
1469 2198 1522 2251 in
1553 2197 1753 2265 parvis,
1783 2204 1838 2250 et
1867 2195 1986 2263 qui-

445 2287 567 2341 dam
623 2296 900 2340 venatores
943 2287 996 2339 iu
1044 2286 1284 2355 magnis;
1327 2285 1378 2338 id
1430 2290 1541 2345 est,
1576 2283 1716 2350 quod
1753 2281 1843 2334 alii
1887 2294 1984 2349 per

446 2389 608 2444 parva
637 2384 858 2442 peccata
917 2376 1148 2438 animas,
1185 2375 1275 2427 alii
1326 2388 1420 2442 per
1461 2386 1648 2441 magna
1690 2370 1981 2440 decipiunt.

449 2463 606 2518 Verbi
636 2465 832 2534 gratia,
881 2478 1002 2518 cum
1037 2464 1088 2516 in
1125 2459 1487 2529 voluptatibus
1518 2460 1699 2514 saeculi
1723 2469 1774 2514 et
1805 2460 1985 2513 carnis

449 2555 654 2608 deliciis
687 2554 861 2608 anima
883 2554 1163 2622 decipitur,
1195 2554 1245 2605 in
1271 2566 1434 2618 parvo
1457 2559 1606 2617 capta
1639 2550 1862 2604 dicenda
1883 2557 1985 2605 est.

447 2644 580 2698 Cum
613 2659 736 2698 vero
773 2653 862 2697 aut
915 2643 1315 2697 Providentiam
1350 2648 1525 2709 negat,
1585 2649 1674 2692 aut
1719 2640 1987 2693 daemones

447 2733 598 2800 quasi
637 2734 799 2785 Deum
845 2732 996 2795 colit,
1027 2733 1137 2785 haec
1170 2731 1220 2783 in
1265 2745 1454 2797 magno
1497 2729 1726 2795 putanda
1757 2739 1838 2782 est
1871 2743 1989 2781 esse

449 2821 689 2887 decepta.
709 2819 772 2871 Et
793 2819 908 2872 ideo
927 2833 1066 2870 nunc
1086 2817 1247 2868 mittit
1262 2815 1325 2868 ad
1341 2813 1592 2868 Sidonem
1611 2827 1855 2880 magnam
1875 2812 1986 2880 (68)

448 2913 539 2978 qui
579 2913 729 2980 quasi
759 2912 823 2965 ad
850 2911 1181 2964 venationem
1209 2923 1450 2978 magnam
1467 2909 1988 2962 conveniantcontra

2084 485 2378 556 praecincti,
2401 491 2454 536 et
2490 482 2741 535 lucernae
2776 487 3017 532 vestra:
3050 474 3362 527 ardentes.
3399 491 3422 527 ι
3466 472 3721 548 Suntergo

2083 591 2268 631 eorum
2313 573 2405 642 qui
2448 573 2504 626 in
2555 571 2824 626 Ecclesia
2879 568 3077 620 fidem
3131 563 3474 618 catholicam
3524 568 3719 634 docent,

2083 678 2139 721 et
2178 666 2393 734 plebem
2433 663 2526 717 Dei
2561 648 2742 716 verbo
2774 659 3080 714 veritatis
3121 654 3488 718 illuminant,
3526 656 3722 715 lucerna

2085 763 2361 816 ardentes.
2395 758 2431 811 li
2470 771 2602 812 vero
2653 756 2752 825 qui
2813 751 3124 808 haeretica
3185 748 3454 818 dogmata
3506 765 3566 802 ex
3591 750 3719 822 431

2085 851 2381 917 Scriptura:
2451 855 2658 899 sanctze
2732 837 3122 897 testimoniis
3203 835 3369 890 falsis
3444 839 3721 890 assertioni-

2083 945 2186 997 bus
2235 941 2468 1002 docent,
2519 950 2622 1005 pro
2678 948 2748 988 eo
2819 931 2989 1000 quod
3036 927 3395 995 Scripturas
3448 926 3724 996 leguttt,ri-

2085 1035 2288 1088 dentur
2329 1029 2636 1084 accendere
2679 1026 2972 1078 lucernas
3007 1039 3026 1075 ;
3064 1019 3177 1073 sed
3213 1018 3349 1087 quia
3385 1016 3538 1069 falsis
3579 1032 3724 1070 asser-

2085 1123 2326 1176 tionibus
2358 1126 2614 1179 utuntur,
2644 1131 2757 1169 non
2787 1122 2935 1167 sunt
2962 1111 3270 1172 lucernze,
3289 1106 3390 1161 sed
3409 1105 3558 1173 quasi
3588 1105 3725 1161 lucer-

2087 1225 2193 1264 ηαξ.
2230 1210 2377 1262 Misit
2403 1209 2570 1262 etiam
2615 1207 2682 1258 ad
2718 1216 3016 1269 campos;
3059 1211 3319 1251 necesse
3351 1195 3498 1248 enim
3540 1204 3658 1255 erat,
3683 1208 3725 1246 ιιι

2085 1296 2138 1350 in
2165 1297 2487 1351 societatem
2514 1309 2672 1346 suam
2705 1299 2952 1345 vocaret
2979 1288 3182 1340 etiam
3215 1298 3320 1337 eos
3355 1283 3449 1351 qui
3485 1283 3534 1336 in
3558 1286 3724 1352 campis

2086 1397 2236 1451 sunt,
2277 1397 2332 1441 et
2374 1385 2606 1440 humilia
2651 1384 2894 1452 sapiunt
2948 1394 3024 1433 ac
3073 1386 3352 1432 terrena.
3409 1375 3552 1428 Misit
3598 1385 3644 1428 et
3685 1378 3722 1428 in

2084 1475 2436 1542 Faneandor,
2493 1474 2590 1543 qui
2643 1474 3095 1540 interpretatur
3157 1468 3453 1520 conversio
3508 1465 3628 1536 (72).
3676 1463 3726 1519 Et

2086 1567 2378 1621 conversio
2412 1548 3039 1633 duplex'intelligitur.
3097 1558 3216 1612 Est
3249 1559 3405 1612 enim
3454 1561 3723 1621 conversio,

2087 1672 2192 1726 qua
2228 1657 2350 1723 quis
2378 1657 2447 1709 ad
2486 1657 2660 1708 Deum
2695 1654 3118 1716 convertitur,
3159 1651 3256 1704 vel
3299 1665 3330 1702 a
3366 1650 3475 1701 Deo
3511 1656 3587 1701 est
3617 1662 3722 1703 con-

2082 1763 2268 1802 versus
2307 1749 2374 1800 ad
2421 1747 2588 1800 bona.
2651 1744 2755 1798 Est
2787 1753 2995 1798 autem
3045 1752 3109 1798 et
3153 1743 3276 1796 alia
3310 1741 3428 1810 (75)
3456 1741 3724 1805 conversio,

2083 1853 2185 1904 qua
2219 1851 2312 1890 rex
2341 1834 2529 1897 Jabiu,
2565 1835 2618 1888 id
2651 1844 2740 1888 est
2782 1834 3094 1900 diabolus,
3150 1834 3230 1887 ad
3279 1847 3344 1886 se
3393 1833 3594 1884 animas
3617 1846 3724 1884 con-

2083 1928 2268 1990 vertit,
2333 1926 2473 1979 sicut
2525 1934 2581 1978 et
2635 1924 2704 1978 de
2761 1923 3077 1994 Symeone
3119 1939 3315 1991 supra
3357 1923 3721 1990 exposuimus:

2084 2018 2258 2085 qualis
2290 2015 2528 2083 putanda
2578 2023 2664 2068 est
2719 2023 2779 2067 ct
2817 2015 2915 2067 illa
2966 2013 3338 2076 conversio,
3388 2028 3510 2080 quze
3557 2011 3722 2066 Calatis

2085 2106 2379 2169 acciderat,
2431 2106 2498 2157 de
2526 2120 2635 2172 qua
2676 2103 2822 2156 dicit
2866 2102 3213 2172 Apostolus
3264 2102 3364 2152 "z
3406 2121 3422 2152 ι
3453 2101 3722 2155 Currebatis

2083 2196 2244 2259 bene,
2297 2195 2420 2263 quis
2457 2209 2556 2248 vos
2607 2193 2942 2261 impedivit,
2987 2211 3008 2243 ι
3080 2193 3208 2246 hoc
3267 2201 3362 2246 est
3414 2191 3655 2244 convertit
3697 2202 3720 2240 a

2084 2304 2247 2343 cursu
2284 2287 2428 2340 bono
2465 2293 2520 2338 et
2556 2284 2772 2337 itinere
2812 2283 3036 2336 recto?
3077 2282 3275 2334 Mittit
3309 2291 3369 2335 et
3417 2281 3481 2332 ad
3512 2278 3720 2346 eos,qui

2083 2386 2241 2434 erant
2269 2378 2324 2432 in
2360 2375 2659 2430 maritimis
2689 2373 2867 2440 locis,
2915 2377 2992 2428 ad
3031 2375 3280 2430 vicinos
3318 2373 3578 2427 ﬂuctuum
3609 2370 3721 2424 Cha-

2088 2484 2325 2530 nanteos,
2381 2468 2472 2535 qui
2528 2469 3003 2535 interpretantur
3049 2465 3200 2520 velut
3248 2465 3499 2519 commoti
3534 2461 3719 2533 (7i),id

2087 2568 2168 2614 est
2196 2558 2287 2626 qui
2329 2569 2545 2625 semper
2581 2555 2946 2609 motionibus
2997 2565 3060 2609 et
3115 2557 3403 2610 ﬂuetibus
3445 2561 3719 2623 permovent

2086 2656 2303 2710 cuncta,
2362 2657 2417 2700 et
2451 2647 2521 2698 ad
2575 2645 2910 2698 maritimos
2966 2645 3385 2700 Amorrhzeos.
3447 2642 3718 2698 Atnorrbmi

2089 2739 2522 2806 interpretantur
2561 2744 2992 2788 amarescentes
3040 2736 3214 2807 (75),
3259 2737 3356 2805 qui
3397 2744 3520 2790 sunt
3548 2732 3718 2787 similes

2091 2827 2216 2889 illis,
2250 2827 2316 2879 de
2359 2824 2561 2892 quibus
2602 2825 2878 2892 superius
2920 2823 3348 2878 disseruimus.
3400 2822 3541 2876 Talis
3583 2822 3720 2887 igitur

2091 2926 2178 2972 est
2225 2913 2506 2983 catalogus
2571 2913 2747 2968 totius
2805 2914 3042 2968 militiae
3097 2914 3474 2968 invisibilium
3514 2913 3719 2966 hostium

451 3003 588 3056 ﬁlios
610 3001 793 3055 Israel.
825 3000 989 3053 Mittit
1022 3009 1074 3052 et
1101 2999 1166 3052 ad
1202 3008 1474 3052 montana.
1509 2998 1758 3052 Montana
1792 2999 1991 3052 intelli-
2018 3024 2062 3084 ρ
2093 3008 2184 3076 qui
2242 3012 2645 3072 congregantur
2677 3017 2783 3071 per
2835 3019 3044 3073 regem
3078 3004 3256 3058 Jabin
3283 3045 3298 3068 ,
3353 3013 3408 3059 ιιι
3443 3008 3720 3071 expugnent

451 3093 624 3160 genda
654 3101 778 3144 sunt
819 3091 994 3143 omnis
1039 3104 1226 3143 sensus
1260 3089 1352 3156 qui
1384 3089 1589 3142 extollit
1635 3103 1694 3141 se
1743 3097 1796 3141 et
1831 3088 1992 3155 erigit

453 3181 710 3234 adversus
735 3179 1011 3233 scientiam
1061 3177 1176 3232 Dei.
1214 3177 1374 3232 Mittit
1398 3189 1451 3232 et
1484 3180 1535 3231 iu
1588 3177 1791 3229 Araha.
1823 3178 1993 3234 Inter.-

454 3281 695 3339 pretatur
727 3277 902 3322 autem
926 3268 1102 3321 Araba
1126 3268 1328 3321 insidia:
1355 3267 1483 3338 (69).
1511 3267 1701 3320 Invitat
1724 3283 1853 3336 ergo
1886 3269 1995 3320 vir-

455 3368 595 3412 tutes
621 3359 996 3422 insidiatrices,
1015 3372 1131 3426 quae
1154 3359 1417 3411 humanas
1439 3357 1638 3410 animas
1670 3373 1772 3409 non
1804 3358 1876 3421 vi,
1897 3372 1996 3412 nec

454 3449 650 3516 apertis
672 3447 1156 3517 impugnationibus
1188 3443 1322 3516 (70),
1352 3447 1441 3500 sed
1461 3447 1764 3515 improvisis
1788 3448 1996 3502 insidiis

455 3537 762 3604 callidisque
794 3537 1096 3604 decipiant:
1132 3534 1270 3588 forte
1300 3535 1492 3602 quales
1530 3545 1657 3589 sunt
1699 3544 1753 3589 et
1786 3536 1895 3601 illi,
1929 3536 1995 3590 de

453 3631 647 3697 quibus
695 3629 955 3699 Propheta
1001 3629 1130 3682 dicit
1155 3628 1243 3679 '“:
1285 3645 1303 3678 t
1342 3626 1632 3681 Insidiatur
1674 3628 1727 3680 in
1782 3627 1995 3680 occulto

455 3723 596 3775 sicut
644 3720 725 3772 leo
754 3720 805 3771 in
841 3719 1000 3772 cubili
1034 3733 1152 3793 suo,
1186 3717 1466 3770 insidiatur
1491 3727 1547 3770 ttt
1579 3719 1751 3786 rapiat
1798 3732 1998 3786 paupe-

455 3826 590 3865 rem.
615 3829 633 3861 ι
651 3809 754 3864 Sed
785 3814 828 3862 si
860 3810 982 3877 quis
1007 3809 1126 3862 talis
1144 3816 1224 3862 est
1245 3807 1417 3874 qualis
1434 3806 1648 3872 Paulus,
1668 3809 1996 3862 conlidenter

457 3901 582 3952 dicit
613 3900 700 3954 ἠε
741 3917 760 3951 ι
806 3898 920 3953 Νοη
975 3899 1114 3952 enim
1169 3898 1472 3964 ignoramus
1527 3898 1750 3952 astutias
1799 3899 1934 3967 ejus.
1969 3917 1987 3951 ι

459 3987 616 4042 Mittit
647 3997 698 4042 et
719 3989 770 4040 in
801 3987 1082 4042 Ceneroth.
1107 3987 1490 4056 Interpretatur
1519 3996 1696 4041 autem
1730 3986 1997 4043 Ceneroth

459 4081 607 4144 quasi
634 4079 855 4131 lucerna:
874 4077 1002 4147 (7i).
1036 4075 1147 4130 Non
1176 4077 1423 4146 lucernae,
1451 4078 1544 4134 sed
1569 4079 1718 4146 quasi
1745 4077 1997 4133 lucernae.

461 4168 619 4219 Aliud
654 4175 733 4220 est
767 4168 908 4219 enim
940 4167 1174 4232 lucerna,
1209 4168 1349 4221 aliud
1385 4169 1537 4238 quasi
1569 4168 1807 4221 lucerna.
1837 4166 1998 4221 Joan-

463 4273 556 4309 nes
589 4275 606 4306 ‹
637 4259 854 4310 lucerna
904 4268 1018 4312 erat
1069 4261 1263 4316 ardens
1291 4258 1355 4326 ⁷³,
1399 4279 1418 4311 ι
1457 4260 1580 4329 quia
1616 4266 1732 4312 erat
1778 4257 2000 4327 angelus

2095 3110 2191 3149 nos
2257 3093 2350 3161 qui
2414 3091 2711 3158 sequimur
2766 3090 2992 3144 ducem
3051 3091 3256 3146 Jesum
3309 3101 3367 3148 et
3411 3091 3720 3145 Salvatoretn

2094 3187 2360 3238 nostrum;
2415 3180 2523 3234 Sed
2561 3179 2697 3248 qttid
2724 3179 2874 3233 dicit
2912 3180 3254 3236 Dominus?
3313 3202 3332 3234 ι
3359 3181 3434 3235 Ne
3481 3178 3716 3240 verearis,

2096 3273 2272 3342 inquit
2301 3272 2368 3336 "°,
2403 3285 2432 3323 a
2461 3268 2604 3323 facie
2630 3283 2868 3333 eorum,
2905 3270 3050 3339 quia
3085 3273 3338 3326 crastina
3366 3273 3450 3324 die
3475 3271 3570 3322 hac
3596 3269 3715 3322 hora

2096 3362 2301 3414 tradam
2333 3375 2430 3415 eos
2460 3359 2515 3413 in
2549 3372 2756 3413 manus
2793 3369 2956 3417 tuas.
2989 3381 3013 3414 ι
3045 3360 3234 3417 Video
3267 3361 3403 3432 quod
3428 3359 3579 3413 hodie
3613 3371 3712 3410 non

2096 3466 2377 3522 possumus
2408 3449 2535 3505 illos
2577 3465 2782 3504 omnes
2822 3453 3222 3522 opprimere,
3259 3470 3361 3510 nec
3392 3460 3612 3507 cunctos
3646 3451 3715 3502 in-

2098 3541 2363 3606 terﬁcere,
2418 3540 2515 3594 sed
2583 3541 2851 3594 crastino
2913 3545 3313 3610 perimentur,
3381 3545 3432 3598 id
3483 3550 3564 3596 est
3610 3545 3712 3609 post

2096 3630 2622 3685 consummationem
2650 3629 2826 3698 hujus
2859 3637 3100 3691 smculi.
3149 3637 3309 3692 Tunc
3340 3639 3536 3692 etenim
3562 3633 3712 3689 omnis

2095 3723 2268 3776 virtus
2297 3719 2578 3774 contraria
2608 3721 2992 3792 destruetur,
3036 3737 3099 3782 et
3139 3737 3273 3783 tunc
3309 3728 3524 3797 penitus
3559 3725 3711 3776 vince-

2097 3820 2204 3876 ῑυν,
2251 3824 2376 3863 cum
2421 3809 2627 3863 Videris
2663 3811 2734 3866 iis
2782 3815 2886 3882 qui
2939 3831 2975 3870 a
3032 3818 3293 3873 sinistris
3339 3825 3466 3872 sunt
3511 3816 3706 3871 dici":

2103 3901 2221 3954 tlte
2273 3899 2327 3952 in
2369 3900 2551 3968 ignem
2605 3909 2922 3969 aeternum,
2982 3921 3160 3974 quem
3226 3907 3555 3978 praeparavit
3594 3904 3709 3956 Deus

2101 3987 2314 4043 diabolo
2335 3996 2390 4040 et
2417 3988 2628 4056 angelis
2662 3989 2814 4059 ejus.
2848 4012 2870 4047 ι
2914 3993 3089 4052 Tunc
3123 3999 3274 4054 enim
3305 4006 3365 4053 et
3400 4013 3499 4051 nos
3525 3996 3568 4050 si
3591 3995 3711 4047 vice-

2100 4079 2290 4141 rimus.
2321 4086 2376 4131 et
2407 4077 2671 4133 obtinere
2701 4087 3058 4154 poterimus,
3099 4101 3405 4158 sequentes
3431 4088 3605 4144 Jcsum
3628 4087 3709 4137 du-

2098 4182 2235 4230 cem,
2289 4168 2670 4236 percipiemus
2722 4190 2971 4243 regnum
3010 4185 3168 4246 quod
3223 4179 3546 4249 praeparavit
3591 4177 3711 4229 Deus

2102 4256 2266 4309 Pater
2294 4261 2505 4314 sanctis
2533 4262 2674 4328 suis,
2707 4274 2768 4318 et
2804 4267 2876 4320 iis
2906 4271 3006 4336 qui
3041 4273 3305 4324 mandata
3339 4270 3459 4337 ejus
3492 4279 3544 4322 et
3567 4263 3708 4333 justi-

461 4345 617 4400 lucis.
653 4346 811 4412 Quasi
852 4348 1065 4401 lucerna
1101 4361 1277 4404 autem
1338 4359 1418 4404 est
1461 4349 1548 4402 ille
1589 4349 1677 4416 qui
1719 4346 1999 4416 transﬂgu—
2030 4333 2074 4388 Ῐ)
2107 4343 2206 4396 tias
2252 4344 2646 4414 impleverunt,
2707 4366 2814 4419 per
2885 4333 3079 4424 ipsum
3134 4333 3432 4412 Dominum
3488 4365 3708 4412 nostrum

466 4443 550 4509 rat
585 4449 641 4488 se
693 4437 743 4488 in
779 4438 1021 4506 angelum
1062 4439 1217 4493 lucis.
1260 4439 1325 4493 Et
1364 4440 1410 4493 si
1459 4439 1539 4491 vis
1582 4438 1753 4490 adhuc
1782 4436 1998 4490 eviden-

466 4526 570 4576 tius
608 4538 826 4578 noscere
861 4526 1184 4581 diﬂ'crentias
1224 4529 1604 4591 lacernarum,
1638 4535 1688 4578 et
1726 4525 1877 4594 quasi
1920 4526 2001 4578 lu-

465 4627 769 4678 cernarum,
804 4631 919 4683 qua:
944 4615 996 4666 in
1031 4615 1292 4670 Ceneroth
1329 4626 1470 4681 sunt,
1507 4617 1628 4669 audi
1664 4615 1996 4669 Salvatorem

531 4702 579 4733 τί
613 4702 802 4754 Psalm.
824 4717 892 4754 ix.
969 4703 1010 4734 ⁷³
1039 4704 1079 4756 Il
1113 4704 1234 4758 Cor.
1267 4721 1326 4771 tt,
1359 4705 1442 4758 l-l.
1516 4705 1562 4736 "
1583 4703 1736 4757 Joau.
1774 4719 1826 4768 v,
1853 4703 1940 4757 '53.

467 4787 592 4834 xxv,
626 4772 713 4825 4i.

538 4861 646 4928 (66)
687 4860 778 4928 Zif
821 4869 994 4931 autem
1048 4861 1435 4929 interpretatur,
1483 4863 1738 4931 quonde
1767 4861 1928 4929 ﬂuit!
1963 4862 2006 4915 Α

463 4943 551 4993 3W
574 4933 650 4983 vel
673 4940 760 4989 :71
794 4948 812 4981 ι
851 4929 1028 4982 ﬂuere.
1064 4947 1081 4978 ι
1188 4994 1192 4997 ι

541 5000 650 5069 (67)
694 5001 843 5079 Quod
871 4999 1125 5067 signiﬁcat
1167 5003 1495 5064 venatricem,
1532 4998 1606 5052 vel
1635 5007 1928 5051 venatores.
1961 5000 2002 5051 Α

466 5079 561 5131 'nx
601 5087 619 5118 r
657 5084 858 5122 vcuart.
891 5085 910 5116 ι

539 5139 650 5208 (68)
692 5137 953 5204 Magnam.
984 5135 1140 5191 Deest
1167 5139 1216 5190 in
1244 5138 1371 5190 libb.
1402 5136 1578 5198 editis,
1614 5133 1704 5185 sed
1735 5133 1926 5201 legitur
1952 5134 2004 5186 itt

473 5207 846 5261 Centeticensi.

544 5278 655 5344 (69)
695 5276 1070 5342 Interpretatur
1109 5285 1279 5328 autem
1322 5275 1491 5326 Araba
1529 5269 1752 5326 insidite.
1785 5269 1865 5323 Ab
1890 5280 2008 5329 τῆς

479 5361 499 5393 ι
535 5347 810 5397 insidiatus
833 5353 931 5396 est.
969 5363 987 5395 ι

545 5412 652 5481 (70)
692 5412 866 5465 Codex
895 5413 1199 5480 S:mgerm.,
1236 5431 1256 5463 ε
1289 5407 1761 5480 impUguatoribus.
1795 5424 1813 5457 ι
1852 5405 2002 5460 Libb.

479 5479 625 5548 editi,
655 5500 671 5529 ι
702 5479 1166 5548 espugnatoribus.
1191 5500 1210 5534 ι
1524 5544 1533 5548 _
1711 5541 1723 5548 _
1764 5515 1796 5548 _~

550 5547 658 5614 (il)
698 5541 1073 5614 Interpretatur
1100 5563 1265 5601 autem
1300 5544 1546 5601 Cencroth
1575 5541 1723 5611 quasi
1758 5541 2000 5597 lacerate.

483 5607 612 5669 ex;
641 5607 660 5665 ἃ
694 5607 852 5682 quasi
877 5632 894 5664 ι
927 5624 981 5668 et
1003 5627 1071 5681 ’τι
1107 5638 1124 5667 ι
1152 5619 1384 5672 lucerna.
1430 5635 1447 5666 ι

2015 4703 2060 4735 ⁷⁵
2086 4703 2217 4760 Luc.
2254 4720 2356 4771 xu,
2379 4705 2472 4759 55.

2106 4435 2287 4490 Jcsum
2314 4436 2624 4503 Christum,
2651 4444 2742 4495 cui
2771 4456 2864 4498 est
2894 4449 3080 4515 gloria
3125 4461 3183 4506 et
3218 4452 3508 4520 imperium
3540 4449 3586 4502 in
3619 4461 3707 4501 sa:-

2107 4525 2227 4578 cula
2250 4526 2600 4583 Steculorum.
2631 4532 2836 4589 Amen.

2552 4709 2600 4740 ⁷⁸
2633 4710 2760 4769 Gal.
2797 4731 2850 4782 v,
2890 4717 2946 4771 ’7.
3030 4720 3078 4752 ⁷⁸
3101 4718 3216 4775 .Ios.
3245 4736 3318 4781 Il,
3351 4719 3406 4775 6.
3475 4716 3704 4772 "Matth.

2135 4931 2144 4941 _
2181 4862 2700 4945 (7?)-Faueandor,
2734 4877 2830 4942 qui
2858 4876 3254 4945 interpretatur
3282 4879 3579 4932 conversio.
3618 4874 3706 4927 Me-

2111 4929 2218 4982 lius
2243 4929 2714 5015 interpretaretur
2747 4929 2768 4993 ἒ
2796 4929 3100 5000 conversio
3122 4929 3548 5015 generationis»
3570 4962 3596 4998 a
3616 4951 3705 5002 ωε

2118 5016 2136 5048 ι
2163 5013 2436 5084 egure-qut
2464 5022 2483 5054 ι
2519 5017 2576 5060 et
2592 5016 2704 5084 :m'
2742 5029 2761 5061 ι
2793 5018 3104 5082 generatio.
3132 5013 3169 5067 is

2329 5069 2464 5152 Mss.
2503 5092 2522 5126 ‹
2556 5076 2690 5129 alia.
2728 5099 2746 5130 ι
2784 5067 2950 5135 Εἱω).
2994 5067 3124 5136 editi
3153 5099 3169 5135 :
3203 5103 3220 5135 ι
3251 5083 3361 5134 illa.
3395 5102 3417 5135 ι

2182 5138 2707 5222 (ZALCnanqnwos,
2773 5153 2868 5221 qui
2921 5154 3341 5218 interpretantur
3396 5152 3534 5222 velut
3577 5165 3703 5222 cum-

2111 5208 2259 5284 rnoti.
2291 5206 2372 5259 Ex
2390 5219 2453 5269 ζμ
2483 5213 2628 5284 sient
2658 5206 2743 5273 iet
2761 5206 2856 5284 151:
2886 5206 3149 5283 unoveri,
3176 5221 3564 5273 commoveri.»
3597 5218 3702 5284 L'teg

2113 5280 2285 5358 iam"!
2307 5282 2604 5358 pfoﬂ'elut
2622 5280 3080 5358 conlututisquod
3099 5280 3290 5358 legitur
3318 5290 3374 5340 in
3408 5302 3562 5352 mss.,
3589 5282 3700 5358 libri

2114 5307 2285 5353 '”'.“."'
2309 5307 3080 5358 Pwnctutcontmotnquou
3099 5307 3290 5354 tcuur
3318 5307 3374 5340 tn
3408 5307 3562 5352 mss.,
3589 5307 3698 5338 uurt

2109 5343 2484 5422 edttlbabent
2519 5371 2538 5403 ε
2569 5357 2724 5413 velut
2756 5362 3074 5416 commotio.
3107 5377 3124 5409 ι
3150 5307 3356 5412 ibidem
3390 5357 3521 5409 libb.
3544 5353 3698 5406 editi:

2116 5425 2268 5498 fflul'
2294 5428 2526 5498 §ell1per
2549 5423 2608 5478 in
2641 5433 2978 5486 motionibus
3006 5433 3064 5484 et"
3094 5427 3334 5481 ﬂuctibus
3365 5429 3700 5492 permanent,

2112 5487 2165 5528 cl
2186 5483 2646 5562 ,ίὶίξδηὲπῖιίηὶοεν
2676 5483 2986 5555 t‘séli'iis’s'.
3019 5483 3077 5552 ut
3109 5499 3158 5552 in
3186 5483 3378 5548 nostro'
3397 5501 3568 5562 textu.

2181 5547 2651 5645 (ﬁliumin-Mi
3109 5547 3514 5621 vri—taurorum“.
3533 5561 3575 5613 Δ
3587 5565 3700 5614 ’ΠΩ

2116 5630 2135 5664 ι
2169 5631 2433 5678 ulnarum
2474 5647 2625 5694 esse.
2663 5660 2683 5692 Ι
