3822 6208
434 309 538 366 895

436 425 716 481 Dominum
746 423 906 477 Deum
936 422 1189 484 adorabo,
1227 431 1279 475 et
1312 421 1407 489 ipsi
1453 417 1548 474 soli
1586 416 1835 472 serviam.
1866 412 1975 464 An-

437 518 589 572 dium
621 524 796 568 autem
828 514 997 579 illum,
1022 514 1110 580 qui
1148 521 1271 565 sunt
1295 527 1360 564 ex
1407 521 1557 579 parte
1592 507 1726 573 ejus,
1757 505 1895 559 sicut
1921 507 1976 556 et

436 619 580 660 nunc
610 603 736 658 fecit
791 603 891 657 iste
943 603 1204 672 Symeon,
1260 601 1410 654 illum
1459 600 1684 652 audiens
1735 594 1880 649 venit
1907 593 1976 646 ad

437 710 665 762 pugnam
697 701 884 745 contra
931 691 1134 745 Jesum.
1167 689 1332 743 Mittit
1361 697 1539 742 autem
1594 695 1647 740 et
1677 686 1742 738 ad
1793 681 1981 762 κατ’

561 782 839 835 Zifautem
859 781 1235 848 interpretatur
1258 776 1637 847 quomodoﬂuit
1658 774 1678 826 !
1697 771 1804 848 (66)
1836 758 1983 848 ’⁸⁸ης

438 872 750 926 admirantis
772 885 1058 924 sermone:
1089 868 1210 937 quia
1246 875 1300 920 et
1335 880 1518 920 revera
1544 843 1842 937 miranr'”f
1900 831 1981 937 Ῠθξ

438 962 704 1028 quomodo
721 958 882 1010 ﬂuunt
903 958 1077 1010 omnia
1100 971 1215 1024 qua:
1241 964 1365 1010 sunt
1389 935 1987 1028 hujusmz'ﬂ'ildj‘y'ef

437 1047 526 1112 lia,
548 1057 600 1100 et
627 1047 890 1114 quomodo
914 1046 1050 1098 ﬂuxa
1071 1055 1193 1098 sunt
1225 1053 1278 1097 et
1307 1009 1981 1130 caducajznﬁlnss."f'gl"

437 1097 582 1190 deles
609 1097 850 1190 homines
877 1135 1241 1204 permanentia
1268 1135 1457 1198 depnta
1476 1130 1497 1151 ‘
1695 1099 1739 1204 5:
1772 1116 1784 1151 ³
1805 1097 1988 1204 .fAFkal:

436 1227 535 1291 Qui
566 1238 740 1280 autem
771 1239 947 1278 rerum
978 1224 1282 1276 considerat
1313 1203 1496 1291 1⁵9⁸]ξῖ
1520 1188 1650 1287 ίὲ¹⁰¹¹ί
1698 1188 1779 1291 de,
1804 1201 1869 1240 "s
1895 1201 1986 1291 9"}

431 1276 518 1384 iis
543 1332 661 1384 quae
681 1324 934 1384 putantur
957 1315 1112 1377 bona,
1144 1320 1282 1384 cont:
1393 1276 1582 1384 [δίει
1616 1276 1982 1384 (ξιξιῖτξιξυξεεξι

441 1365 719 1457 inritent";
771 1413 823 1456 et
857 1411 1159 1462 transeant,
1193 1381 1438 1462 '9omme
1485 1365 1577 1418 De'
1625 1376 1794 1419 "05m
1837 1380 1988 1462 "ch-

436 1454 818 1546 iniam—ni
849 1454 1036 1544 comm
1061 1454 1304 1541 pe'enim
1341 1469 1536 1508 currus
1569 1463 1622 1508 et
1662 1469 1827 1520 equos
1877 1454 1988 1508 Deo

439 1543 1047 1651 qni—circaSidonem"
1105 1545 1171 1597 ad
1223 1543 1576 1596 ῖηνοοίιηάιιηι
1618 1550 1822 1611 spectat
1855 1544 1988 1596 :sea

441 1630 1104 1698 :g;;;_';,;;;;;‘Zenon,
1159 1632 1282 1698 quia
1335 1630 1476 1683 sicut
1518 1643 1616 1683 nos
1671 1631 1986 1683 invocamus

439 1673 492 1724 in
519 1672 648 1726 locis
674 1672 888 1734 Sidonis

439 1763 672 1831 comperi
703 1763 840 1831 ἀυξέ
877 1763 1050 1831 ”Ϊ.Ϊζζ’
1081 1763 1700 1831 εΪΪῙ.’.’ζῖῙ.’ζζΪ“ζῖῘῖ-Ϊ’ξ

446 1810 672 1831 ”’“τ“’
708 1810 853 1878 "Hes,
911 1827 1044 1880 quos
1081 1810 1398 1864 invocabant
1449 1819 1634 1878 gentes
1688 1810 1821 1874 illae,
1872 1824 1989 1876 quae

439 1863 785 1920 Parvamy’,
816 1917 845 1920 ,Α
870 1903 906 1920 Α,
940 1903 1073 1920 ,γη-
1098 1917 1124 1920 _
1169 1901 1412 1920 μμιῌ,
1473 1899 1575 1920 ομ,
1617 1909 1661 1920 Α,
1725 1899 1953 1920 ημ-ῌΛΑ

442 1899 703 1994 gi;
748 1903 910 1956 Israel
940 1903 1131 1956 bellum
1163 1901 1437 1994 ger-ebant.
1473 1899 1576 1954 Sed
1612 1899 1988 1994 et_1Egyptio-

447 1989 766 2084 acy’cquos
799 1999 1182 2044 commemorat
1235 1989 1512 2055 Scriptura
1540 2028 1554 2053 ,
1596 1997 1649 2044 et
1682 1989 1813 2042 istos
1849 1989 1992 2053 ipsos

441 2077 582 2149 gaios
614 2096 752 2134 nunc
799 2080 1035 2134 interimi
1080 2079 1247 2146 jubet.
1299 2077 1445 2132 Unde
1486 2078 1588 2132 hoc
1639 2078 1855 2147 intelligi
1901 2078 1993 2128 da-

452 2182 536 2225 tur
561 2171 690 2241 (8'5),
715 2171 852 2238 quod
876 2170 926 2223 in
961 2179 1083 2238 typo
1112 2169 1322 2237 quidem
1355 2169 1625 2222 asinorum
1658 2178 1843 2236 gentes
1874 2183 1994 2235 qua:

453 2261 516 2312 ad
564 2260 930 2312 credulitatem
983 2259 1219 2319 veniunt,
1274 2257 1464 2310 merito
1515 2265 1903 2309 reservantur:
1936 2257 1989 2310 in

457 2361 576 2419 typo
624 2363 750 2402 vero
798 2363 1074 2417 equorum,
1127 2359 1180 2402 et
1233 2363 1522 2414 curruum,
1581 2349 1846 2402 dazmones
1900 2350 1990 2416 qui

455 2439 698 2492 humanae
735 2438 888 2490 saluti
919 2437 1205 2490 adversarii
1240 2446 1381 2502 sunt,
1435 2445 1489 2490 et
1539 2437 1763 2500 inimici,
1798 2440 1994 2492 merito

453 2528 808 2594 perimuntur.
841 2525 942 2580 Sed
974 2535 1027 2579 et
1061 2527 1103 2580 si
1133 2527 1407 2592 passiones
1441 2527 1678 2595 corporis
1700 2564 1717 2590 ,
1773 2527 1826 2580 id
1877 2537 1995 2590 est,

455 2616 754 2680 libidinem,
785 2615 1074 2676 lasciviam,
1110 2615 1192 2669 vel
1222 2614 1524 2682 superbiam
1549 2653 1564 2679 ,
1598 2629 1661 2668 ac
1696 2614 1991 2690 levitatem,

456 2705 652 2772 quibus
701 2703 884 2756 infelix
939 2703 1113 2756 anima
1168 2701 1310 2755 velut
1358 2704 1608 2771 equitans
1641 2712 1912 2768 vectatur,
1944 2712 2002 2756 et

457 2797 626 2852 fertur
684 2798 749 2851 ad
792 2796 1101 2866 praecipitia,
1158 2807 1324 2861 equos
1369 2809 1510 2848 nunc
1544 2795 1647 2848 dici
1692 2803 1746 2848 et
1802 2809 1993 2848 currus

460 2886 846 2954 intelligamus,
887 2894 940 2938 et
989 2884 1128 2951 ipsos
1155 2897 1273 2936 esse
1327 2883 1414 2949 qui
1465 2899 1531 2936 ex
1579 2894 1851 2952 praacepto
1907 2884 2000 2937 Dei

458 2976 766 3030 subnervari
794 2974 1066 3042 jubentur,
1114 2987 1216 3025 non
1258 2971 1362 3024 erit
1413 2974 1606 3027 rationi
1645 2986 1840 3030 nostra:
1872 2990 2002 3028 cou-

459 3067 622 3123 tnria
685 3066 1052 3135 intelligentia.
1118 3065 1488 3120 Subnervatur
1572 3079 1744 3134 equus
1808 3066 2002 3134 quippe

459 3159 668 3224 quando
723 3158 937 3227 jejuniis
985 3167 1040 3213 et
1087 3156 1306 3226 vigiliis,
1358 3166 1413 3210 et
1465 3155 1611 3210 omni
1665 3158 2004 3210 abstinentiae

461 3247 744 3302 afﬂictione
793 3262 990 3315 corpus
1039 3247 1371 3301 humiliatur.
1422 3247 1490 3301 Et
1519 3262 1710 3302 currus
1741 3247 1847 3316 igni
1874 3262 2004 3300 exu-

463 3346 668 3400 runtur,
723 3351 840 3389 cum
896 3337 947 3390 in
1007 3337 1159 3390 nobis
1213 3337 1514 3404 completur
1567 3352 1744 3391 sermo
1793 3336 2005 3393 Domini

463 3425 687 3479 dicentis
703 3423 816 3472 ":1
839 3426 1015 3493 Ignem
1039 3427 1160 3478 veni
1203 3426 1414 3479 mittere
1439 3426 1490 3478 in
1519 3434 1737 3491 terram,
1767 3435 1820 3480 et
1843 3440 2004 3495 quam

464 3514 583 3567 volo
617 3524 674 3567 ut
705 3516 1042 3567 accendatur.
1082 3532 1100 3565 ι
1163 3514 1278 3577 Quo
1315 3514 1433 3580 igne
1473 3513 1584 3580 jam
1611 3529 1668 3568 se
1710 3515 1783 3567 illi
1817 3517 2006 3569 ardere

464 3602 692 3658 cunfessi
716 3612 854 3666 sunt,
889 3603 977 3672 qui
1010 3603 1256 3657 dicebant
1276 3604 1319 3635 ⁸³
1342 3620 1355 3655 :
1381 3621 1399 3653 ι
1429 3604 1615 3658 Nonne
1647 3620 1741 3658 cor
1766 3616 2002 3659 nostrum

463 3701 580 3746 erat
600 3693 792 3745 ardens
823 3692 958 3744 intra
989 3706 1109 3758 nos,
1153 3706 1274 3745 cum
1315 3693 1623 3759 adaperiret
1657 3694 1810 3747 nobis
1847 3694 1999 3748 Scri-

465 3783 685 3852 pturas?
717 3806 734 3834 ι
767 3782 891 3836 ldeo
913 3797 1040 3848 ergo
1070 3792 1122 3836 et
1157 3783 1319 3838 falsus
1342 3797 1511 3852 equus
1549 3784 1746 3838 dicitur
1773 3785 1836 3835 ad
1860 3783 2005 3837 salu-

469 3882 594 3934 tem,
639 3873 682 3926 si
729 3882 903 3927 nt0lus
951 3875 1190 3940 corporis
1247 3874 1414 3928 nostri
1465 3873 1593 3927 ferri
1636 3875 2005 3942 permittamus

466 3960 726 4024 infrenes,
757 3977 855 4016 nec
891 3962 1228 4016 abstinentiae
1257 3960 1386 4032 jugo
1426 3963 1626 4016 lasciva
1666 3965 1848 4018 carnis
1893 3961 2006 4032 (84)

466 4061 523 4104 et
552 4052 775 4118 superba
811 4052 944 4106 colla
977 4054 1286 4109 subdamus.
1340 4055 1447 4109 Sed
1489 4063 1543 4107 et
1602 4067 1744 4106 nunc
1790 4052 1833 4105 si
1883 4055 2008 4121 quis

877 1699 945 1774 ita
977 1721 1050 1774 illi
1102 1721 1353 1774 invocant
1379 1734 1570 1777 currus
1611 1727 1666 1772 et
1696 1733 1883 1787 equos,
1930 1719 1984 1772 id
2019 1689 2060 1746 Β

3643 230 3738 284 900

2223 375 2428 443 equini
2477 373 2714 440 generis
2763 370 2838 422 de
2880 360 3111 433 spoliis
3146 353 3409 410 hostium
3435 360 3594 443 capta
3625 351 3740 405 sul)-

2154 441 2286 518 rvet.
2303 441 2540 528 Quorum
2563 471 2762 516 autem
2783 455 2928 523 equi
2961 441 3451 506 subnervantur?
3474 441 3566 494 Est
3585 443 3737 528 etiam

2083 527 2181 608 hoc
2203 527 2378 620 Opera:
2403 551 2643 619 pretium
2675 555 2980 615 quaerere.
3020 537 3261 606 Equos,
3293 531 3572 599 inquit",
3601 527 3742 586 labi.

1854 289 2169 372 ORIGENIS

2003 410 2050 466 Α
2078 403 2218 457 dice'

2079 507 2146 552 πμ,

2081 645 2242 715 433
2255 639 2695 694 subnervandos.
2715 634 2892 690 Jabin
2917 636 3136 683 autem
3161 621 3471 715 prudentia
3499 620 3744 715 interpre-

2086 707 2232 786 diu?
2278 729 2364 782 vel
2393 743 2606 783 sensus.
2658 723 2799 790 Quae
2852 725 2959 773 est
2993 720 3118 770 ista
3153 708 3498 783 prudentia,
3530 708 3612 760 vel
3642 707 3747 776 quis

2085 835 2309 885 sensus,
2346 816 2502 884 cujus
2547 809 3019 869 subnervandus
3065 813 3164 858 est
3208 798 3472 856 currus?
3509 796 3648 850 lllius
3675 800 3746 851 ni-

2087 913 2319 975 mirum,
2357 910 2423 963 de
2450 921 2558 974 qua
2589 904 2729 958 dicit
2761 896 3104 970 Apostolus
3139 893 3219 957 ",
3256 891 3398 960 quia
3437 905 3458 939 ι
3483 890 3747 959 prudentia

2087 1002 2272 1055 carnis
2319 997 2547 1053 inimica
2579 1001 2668 1048 est
2719 992 2833 1045 Deo
2864 1007 2882 1043 :
2931 1007 2956 1041 ι
3019 997 3086 1042 et
3134 985 3238 1039 ille
3289 995 3544 1043 sensus,
3574 981 3750 1049 dequo

2087 1094 2221 1147 dicit
2263 1092 2331 1156 ⁹¹,
2388 1108 2406 1140 ι
2438 1088 2612 1142 innati
2651 1100 2821 1142 sensu
2881 1079 3110 1136 carnis
3161 1089 3314 1130 suae.
3350 1093 3372 1126 ι
3435 1071 3599 1128 Jabin
3641 1089 3749 1128 vero

2090 1195 2185 1234 rex
2214 1181 2374 1233 Asor.
2417 1179 2563 1231 Asor
2594 1185 2786 1229 autem
2840 1172 2996 1225 aula
3034 1172 3506 1234 interpretatur.
3547 1161 3663 1215 Haec
3681 1174 3748 1215 est

2087 1271 2231 1323 Asor
2262 1282 2384 1336 qua:
2411 1265 2660 1320 omnium
2696 1263 2914 1318 borum
2981 1268 3328 1326 regnorum
3359 1253 3613 1307 obtinere
3641 1253 3751 1306 dici-

2089 1369 2180 1414 tur
2226 1359 2647 1426 principatum:
2701 1355 2799 1423 qui
2848 1349 3246 1419 intelligitur
3298 1346 3568 1414 princeps
3618 1343 3750 1409 hujus

2089 1448 2280 1502 mundi
2317 1461 2558 1516 regnans
2587 1447 2641 1499 in
2675 1445 2805 1498 aula
2841 1482 2857 1506 ,
2919 1443 2984 1496 id
3021 1449 3122 1494 est
3149 1479 3167 1503 ,
3201 1451 3386 1506 super
3420 1446 3647 1500 terram,
3685 1439 3751 1491 vel

2090 1539 2234 1606 quod
2283 1537 2459 1606 majus
2488 1545 2621 1599 est,
2666 1537 2725 1589 in
2761 1534 2930 1588 vitiis
2974 1532 3225 1587 carnis.
3282 1528 3403 1583 Sed
3453 1538 3510 1582 ct
3541 1529 3750 1581 omnium

2095 1628 2308 1681 illorum
2355 1641 2568 1696 regum,
2617 1640 2872 1693 quorum
2926 1624 3062 1676 vim
3112 1619 3452 1674 secundum
3508 1618 3750 1672 nominum

2091 1730 2314 1770 suorum
2341 1715 2866 1784 interpretationem
2895 1712 3034 1779 jam
3071 1719 3219 1763 ante
3241 1707 3628 1775 exposuimus,
3651 1709 3751 1772 equi

2093 1808 2162 1861 ab
2185 1805 2315 1860 Jesu
2346 1807 2608 1860 dicuntur
2641 1803 2926 1858 interfici.
2972 1800 3260 1864 Quorum
3297 1811 3406 1851 nos
3439 1796 3484 1848 si
3513 1805 3648 1848 recte
3671 1796 3753 1846 $th

2091 1897 2218 1952 Jesu
2265 1899 2405 1950 duce
2461 1894 2817 1958 militamus,
2885 1893 3205 1946 debemus
3252 1888 3312 1941 in
3374 1887 3753 1952 nobismetipsis

2093 1988 2417 2040 abscindere
2450 1985 2612 2048 vitia,
2647 1992 2706 2038 et
2734 1994 2996 2052 accepto
3038 1979 3311 2046 spiritali
3351 1977 3538 2047 gladio
3559 1977 3754 2031 subner-

2094 2091 2220 2127 vare
2245 2089 2464 2127 omnem
2510 2074 2680 2126 istum
2718 2073 3075 2140 equitatum
3133 2071 3464 2138 pessimum
3505 2065 3754 2122 vitiorum!

2097 2162 2202 2216 Sed
2231 2172 2286 2216 et
2327 2178 2522 2217 currus
2547 2163 2825 2216 debemus
2859 2163 3218 2216 incendere
3241 2201 3257 2223 ,
3294 2161 3351 2213 id
3384 2168 3494 2223 est,
3517 2171 3707 2212 omnem
3727 2171 3750 2208 a

2098 2251 2254 2305 nobis
2279 2254 2614 2321 arrogantiae
2651 2262 2710 2306 et
2748 2253 3053 2308 elationis
3093 2253 3381 2319 spiritum
3421 2265 3676 2312 resecare,
3705 2261 3751 2300 ut

2097 2344 2238 2396 ultra
2279 2357 2390 2396 non
2425 2343 2478 2395 in
2510 2345 2674 2410 equis
2714 2357 2916 2410 neque
2955 2343 3021 2396 itt
3061 2343 3261 2396 armis
3288 2381 3306 2405 ,
3351 2342 3449 2396 sed
3488 2343 3538 2394 in
3567 2341 3752 2394 nomine

2099 2432 2310 2485 Domini
2354 2432 2448 2486 Dei
2482 2434 2659 2485 nostri
2710 2434 3108 2486 invocemus.
3150 2433 3463 2497 Quomodo
3505 2441 3672 2486 autem
3707 2430 3747 2480 in

2098 2522 2510 2590 nobismetipsis
2554 2521 2997 2588 complebimus
3050 2536 3116 2577 et
3172 2525 3292 2576 hoc
3336 2524 3488 2590 quod
3526 2523 3664 2588 dicit,
3707 2531 3751 2574 ut

2100 2627 2205 2664 non
2257 2611 2577 2664 remittatur
2628 2611 2784 2664 ullus
2821 2611 2933 2679 qui
2998 2612 3273 2680 respiret
3299 2612 3326 2665 τ
3368 2610 3655 2667 Videndum
3685 2626 3752 2666 est

2099 2700 2220 2767 quis
2249 2699 2322 2752 sit
2351 2701 2443 2766 qui
2490 2713 2594 2753 nec
2642 2700 2960 2769 respirare
3014 2703 3275 2770 quidem
3327 2718 3432 2771 per
3461 2712 3750 2770 pneceptum

2106 2789 2322 2842 Domini
2349 2787 2599 2856 jnbetur.
2647 2789 2828 2844 Verbi
2864 2804 3064 2845 causa
3105 2831 3123 2852 ,
3168 2792 3219 2846 si
3271 2793 3358 2847 ira
3394 2794 3685 2848 ascenderit
3710 2793 3750 2845 in

2101 2892 2195 2931 cor
2226 2893 2402 2930 meum
2429 2916 2444 2942 ,
2479 2887 2662 2946 potest
2697 2879 2827 2933 fieri
2882 2889 2958 2934 ut
2991 2895 3190 2951 opera
3231 2884 3464 2950 quidem
3497 2885 3755 2938 iracundiae

2028 2995 2072 3052 α
2107 2984 2209 3023 non
2242 2969 2526 3035 impleam,
2558 2969 2648 3023 vel
2687 2980 2848 3024 metu
2884 2972 3268 3040 deterritus,
3301 2974 3391 3030 vel
3419 2976 3578 3030 etiam
3608 2975 3752 3030 futuri

2099 3059 2288 3127 judicii
2318 3059 2514 3112 timore
2546 3059 2841 3115 cohibitus
2873 3081 2889 3116 :
2940 3065 3077 3120 sed.
3119 3081 3269 3129 non,
3310 3067 3506 3136 inquit,
3539 3067 3634 3120 hoc
3656 3066 3756 3118 sur-

2105 3151 2239 3215 ﬁcit,
2265 3150 2530 3218 agendum
2566 3149 2662 3202 tibi
2694 3151 2900 3218 potius
2933 3165 3061 3218 est,
3092 3167 3387 3224 quatenus
3421 3173 3487 3212 ne
3509 3162 3615 3226 ipsa
3642 3159 3755 3224 qui-

2107 3239 2226 3292 dem
2257 3237 2554 3290 commotio
2581 3238 2907 3295 iracundiae
2943 3243 3160 3298 locum
3203 3247 3412 3301 habeat
3442 3247 3574 3299 intra
3605 3257 3671 3298 te.
3704 3243 3752 3295 Si

2109 3328 2252 3384 enim
2275 3327 2584 3382 effervescit
2617 3327 2858 3385 animus
2881 3341 2951 3385 et
2986 3335 3404 3398 conturbatur,
3422 3334 3622 3388 etiamsi
3657 3351 3751 3386 non

2106 3417 2414 3487 impleverit
2446 3432 2584 3484 opus
2611 3456 2627 3478 ,
2658 3418 2785 3484 ipsa
2836 3430 3058 3477 tamen
3117 3425 3473 3493 perturbatio
3513 3425 3751 3478 indecens

2107 3518 2190 3564 est
2233 3508 2282 3561 ei
2333 3507 2424 3574 qui
2471 3508 2574 3561 sub
2600 3507 2738 3562 Jesu
2782 3511 3022 3566 militat
3079 3516 3262 3570 duce.
3321 3516 3578 3571 Similiter
3615 3525 3665 3568 et
3695 3517 3749 3567 de

2106 3599 2561 3666 concupiscentiae
2615 3599 2758 3652 vitio
2794 3638 2810 3664 ,
2869 3613 2938 3656 et
2994 3605 3077 3661 de
3123 3608 3417 3672 tristitiae,
3465 3607 3746 3670 exterisque

2107 3688 2359 3741 omnibus
2381 3688 2738 3740 sentiendum
2766 3698 2882 3744 est.
2918 3691 3011 3748 De
3033 3697 3264 3763 quibus
3289 3696 3506 3750 cunctis
3530 3695 3596 3748 ita
3612 3708 3746 3762 agen-

2110 3779 2233 3832 dum
2260 3787 2345 3831 est
2392 3776 2666 3844 discipulo
2699 3775 2873 3843 Jesu,
2913 3794 2987 3837 ut
3022 3785 3182 3838 nihil
3225 3788 3461 3840 omnino
3489 3788 3664 3839 horum
3701 3782 3745 3833 in

2074 3918 2078 3922 .
2109 3868 2225 3937 ejus
2260 3869 2430 3922 corde
2479 3870 2720 3936 respiret
2751 3888 2769 3925 :
2808 3889 2887 3927 ne
2915 3875 3088 3930 forte
3120 3879 3170 3931 si
3211 3878 3378 3946 parvi
3412 3875 3628 3946 alicujus
3653 3871 3745 3924 vitii

2109 3969 2201 4010 aut
2231 3960 2573 4012 consuetudo
2602 3968 2701 4012 aut
2741 3964 3043 4031 cogitatio
3083 3968 3457 4037 relinquatur
3483 3967 3536 4020 in
3571 3965 3712 4019 corde
3733 3998 3746 4024 ,

2109 4063 2368 4118 processu
2393 4051 2660 4118 temporis
2685 4055 3112 4121 convalescat,
3143 4070 3206 4113 et
3229 4059 3499 4128 paulatim
3531 4059 3663 4110 vires
3684 4052 3748 4106 la-

468 4139 603 4193 forte
653 4155 716 4194 ex
761 4143 840 4194 his
899 4157 1016 4208 qua:
1059 4143 1287 4197 dicimus
1334 4144 1426 4196 Dei
1474 4145 1652 4197 verbis
1699 4141 2008 4196 Stimulatur
2041 4159 2081 4213 υ
2111 4139 2320 4192 titando
2355 4139 2652 4208 conquirat
2679 4181 2696 4206 ,
2751 4151 2939 4211 atque
2980 4150 3061 4202 ad
3101 4148 3380 4204 ultimum
3421 4157 3630 4205 revocet
3670 4159 3749 4199 nos

470 4239 628 4296 atque
649 4233 1038 4298 compungitur,
1066 4244 1120 4286 et
1141 4233 1185 4285 is
1215 4234 1306 4301 qui
1337 4234 1588 4286 hesterno
1620 4233 1703 4285 die
1725 4245 1934 4299 pronus
1953 4241 2007 4284 et

473 4317 704 4372 fervidus
759 4329 1006 4386 tanquam
1065 4336 1234 4388 equus
1285 4323 1336 4375 in
1390 4322 1660 4378 libidinem
1716 4321 2007 4382 ferebatur,

475 4404 629 4456 hodie
657 4405 700 4456 si
727 4405 808 4457 his
837 4406 1031 4460 auditis
1058 4411 1301 4475 poenitet,
1329 4411 1688 4474 convertitur,
1721 4425 1784 4463 ac
1815 4425 2008 4464 secun-

473 4493 596 4546 dum
631 4496 936 4561 prophetam
974 4512 1002 4548 a
1045 4497 1234 4557 timore
1270 4500 1362 4554 Dei
1392 4501 1636 4556 confixus
1667 4500 1904 4554 refrenat
1931 4516 2008 4564 se,

473 4591 528 4634 ct
552 4590 765 4634 revocat
791 4598 819 4633 ιι
852 4594 1090 4649 peccato,
1118 4595 1173 4638 et
1197 4589 1441 4655 pudicam
1477 4591 1666 4644 dehinc
1694 4599 2005 4658 castamque

473 4673 644 4741 diligit
680 4673 877 4736 vitam,
923 4675 1222 4729 videbimur
1273 4679 1433 4733 etiam
1493 4694 1588 4734 nos
1637 4680 1810 4750 gladio
1861 4680 2007 4733 verbi

477 4763 568 4814 Dei
601 4757 900 4830 ‘evaginato
951 4763 1303 4820 subnervasse
1337 4782 1503 4835 equos
1536 4784 1550 4821 :
1580 4780 1633 4821 et
1687 4769 1854 4836 magis
1915 4783 2009 4837 per

478 4852 576 4904 hoc
592 4850 748 4917 digne
765 4851 1012 4917 impletur
1035 4862 1356 4922 praeceptum
1381 4857 1493 4921 Dei,
1509 4869 1665 4923 quam
1689 4855 1734 4908 si
1758 4855 2010 4908 animalia

543 4959 588 4991 ⁸⁸
613 4958 727 5012 Isai.
768 4973 876 5021 xiv,
905 4958 990 5012 14.

473 5139 655 5262 hu(80)
703 5137 828 5194 Mss.
881 5157 900 5191 ι
943 5155 1098 5210 super
1153 5157 1307 5209 quos.
1352 5161 1370 5193 ι
1423 5139 1580 5202 Editi,
1626 5156 1644 5192 ‹
1694 5151 1856 5206 super
1900 5138 2020 5206 qui-

550 5224 595 5260 s.
625 5227 646 5261 ο

479 5352 499 5394 ι
547 5280 656 5344 (8t)
690 5276 814 5332 Mss.
857 5296 874 5328 ι
906 5277 1230 5334 incentores.
1263 5297 1282 5331 ι
1315 5279 1466 5332 Libb.
1509 5275 1659 5329 editi.
1713 5291 1731 5323 ι
1777 5274 2011 5329 incesta-

503 5359 641 5394 ores.
677 5364 696 5394 ι

503 5359 641 5396 ores.
677 5364 696 5396 ι

548 5433 656 5500 (82)
691 5432 812 5486 Mss.
847 5454 866 5486 ‹
897 5435 1278 5490 invocahimus.
1304 5453 1321 5485 ι
1357 5435 1509 5488 Libb.
1549 5431 1679 5486 editi
1727 5448 1746 5480 ι
1794 5433 2008 5499 magni-

483 5498 777 5552 llcabi'mur.
807 5521 826 5552 ο
886 5503 1002 5555 Mox
1060 5507 1228 5558 codex
1279 5506 1559 5570 Sangerm.
1611 5511 1828 5570 «neque
1862 5498 2004 5553 enim

484 5577 673 5622 currus
703 5578 755 5622 et
781 5584 942 5639 equos
972 5573 1076 5628 Deo
1110 5569 1415 5640 contuleris,
1453 5571 1546 5626 sed
1585 5569 1793 5636 utique,
1822 5584 1845 5622 ι
1895 5577 2000 5623 etc.

1069 4960 1114 4990 ⁸⁸
1137 4962 1277 5018 Psal.
1312 4978 1480 5026 xxxii,
1501 4962 1586 5014 l7.
1659 4961 1703 4992 ⁸⁷
1736 4960 1875 5014 Psal.
1904 4962 2067 5024 xx,7.

475 5029 519 5062 “
551 5028 703 5083 Boni.
734 5043 844 5091 un,
873 5029 925 5081 7.
997 5029 1042 5061 ⁹²
1065 5029 1264 5086 Coloss.
1301 5047 1360 5096 ιι,
1389 5032 1471 5084 18.
1545 5027 1590 5059 ³⁸
1618 5028 1804 5081 Matth.
1834 5044 1928 5095 xu,
1967 5029 2056 5084 45.

2110 4231 2176 4283 ad
2205 4231 2465 4284 vomitum
2498 4240 2783 4294 nostrum,
2831 4245 2893 4288 et
2927 4239 3088 4293 liant
3127 4257 3149 4291 ι
3191 4241 3445 4294 hominis
3478 4240 3612 4293 illius
3635 4254 3652 4288 ι
3678 4234 3748 4288 cui

2112 4322 2216 4374 hoc
2264 4321 2566 4384 acciderit,
2629 4337 2652 4372 ι
2683 4323 3022 4382 novissima
3083 4331 3294 4398 pejora
3341 4331 3614 4401 prioribus
3647 4328 3703 4376 ⁸³.
3731 4345 3746 4375 ι

2111 4407 2226 4460 lloc
2259 4416 2379 4459 erat
2407 4408 2553 4474 quod
2593 4415 2652 4461 et
2697 4407 3008 4478 Propheta
3049 4418 3434 4486 prospiciens
3472 4419 3526 4470 in
3558 4412 3750 4468 Psalmis

2113 4505 2407 4565 praemonet
2441 4495 2633 4552 dicens
2672 4498 2764 4553 ’δε
2826 4520 2849 4554 ‹
2889 4502 3128 4561 Beatus
3179 4509 3282 4576 qui
3331 4518 3484 4562 tenet
3512 4515 3567 4560 et
3606 4502 3748 4557 allidit

2115 4583 2369 4654 parvulos
2405 4593 2529 4639 tuos
2556 4585 2626 4640 ad
2658 4597 2929 4656 petram;
2976 4611 2999 4643 ι
3044 4594 3380 4665 Babylonis
3415 4593 3622 4648 scilicet
3647 4601 3747 4656 par-

2113 4671 2288 4737 vulos,
2327 4674 2418 4742 qui
2454 4675 2590 4728 nulli
2627 4677 2724 4730 alii
2765 4679 3226 4751 intelliguntur,
3273 4686 3386 4743 uisi
3426 4683 3749 4754 cogitationes

2118 4765 2271 4817 mala:
2303 4779 2425 4832 qua:
2454 4780 2552 4818 cor
2597 4777 2860 4823 nostrum
2893 4775 3288 4831 confundunt
3327 4788 3386 4832 et
3431 4775 3743 4832 conturbant.

2117 4857 2232 4911 Hoc
2267 4858 2416 4911 enim
2450 4859 2859 4928 interpretatur
2908 4865 3182 4940 Babylon
3218 4873 3368 4944 (85).
3399 4872 3530 4939 Quae
3564 4865 3745 4935 cogita-

2162 4961 2371 5044 τεηιυρ.
2397 4981 2501 5029 xtl,
2526 4967 2621 5022 £9.
2647 5039 2670 5044 Α
2723 4972 2770 5003 ⁸⁸
2802 4972 3126 5044 Luc.xxw,
3168 4979 3269 5033 52.
3379 4980 3428 5013 ⁸ο
3462 4978 3572 5032 Jos.
3599 4989 3670 5036 xi,
3699 4969 3741 5020 6.

2132 5031 2180 5063 “
2207 5031 2352 5086 Psal.
2380 5048 2613 5104 cxxxvt,
2642 5039 2700 5094 9.

2116 5142 2475 5280 ngﬁijflss.
2531 5167 2550 5199 ι
2579 5152 2822 5226 intelligi
2850 5159 3045 5214 datur.
3092 5179 3112 5212 ι
3151 5160 3327 5217 Libb.
3369 5161 3523 5226 editi,
3560 5152 3738 5209 «intel-

2355 5283 2550 5367 μω»,
2581 5292 2747 5367 editi,
2797 5313 2818 5347 ι
2863 5297 2984 5352 ﬁeri
3037 5301 3451 5367 permittamus
3503 5296 3737 5367 infreneS.

2119 5363 2220 5434 pec
2252 5353 2607 5434 abstinentia;
2633 5353 2769 5434 jugo
2801 5353 3092 5421 lasciviant
3129 5353 3356 5423 carnis.
3394 5353 3439 5417 ιθ
3464 5367 3568 5422 Sed
3589 5363 3738 5418 codex

2121 5415 2649 5492 Sa!_'$¢rll_t_auensis'
2666 5415 3256 5492 uti..".{.;ar'a‘is;r.;:

2194 5489 2312 5558 (85)
2355 5489 2474 5546 Hoc
2529 5501 2688 5555 enim
2739 5489 3729 5574 intcrjiretuturﬁBnbylon.«Confusio'

2112 5571 2360 5647 Babylon
2390 5584 2817 5658 interpretatur
2843 5571 3000 5655 375‘):
3024 5613 3042 5646 ι
3077 5571 3362 5652 confudit.
3397 5615 3418 5648 ι
