3822 6190
167 256 267 329 got

1150 267 1216 323 IN
1253 269 1512 325 LIBRUM
1547 259 1707 325 JESU
1744 267 1930 326 NAVE
1960 257 2244 324 HOMILIA
2279 268 2396 324 XV.

3293 269 3401 336 902

194 383 355 438 tiones
383 372 512 431 dum
548 365 736 431 adhuc
782 382 1034 447 parvulae
1071 394 1216 450 sunt,
1250 393 1304 439 et
1351 387 1502 439 initia
1541 386 1757 450 habent,
1787 391 1835 448 Α
1859 383 2044 439 Potest
2075 390 2253 436 autem
2299 383 2461 437 etiam
2499 385 2566 438 de
2604 384 2722 452 ipso
2767 385 2990 445 Domino
3021 399 3076 446 et
3127 390 3411 450 Salvatore

189 467 435 526 tenendae
461 474 609 529 sunt,
634 477 690 519 et
718 469 1008 525 allidendaa
1037 471 1101 525 ad
1126 483 1352 540 petram,
1377 475 1467 542 qui
1498 484 1580 528 est
1605 475 1762 529 Chri-

1861 479 2048 526 nostro
2075 470 2210 535 dici,
2241 471 2364 537 quia
2397 485 2514 539 quae
2543 477 2797 542 praecepit
2835 478 3043 548 Moyses
3079 483 3130 534 in
3161 484 3300 552 lege.
3326 483 3412 538 fe-

185 569 346 621 stus;
390 566 447 612 et
471 559 594 624 ipso
614 554 840 622 iubente
870 556 1180 630 jugulandae
1203 602 1218 627 ,
1252 570 1312 614 ut
1348 562 1480 615 nihil
1529 563 1580 615 in
1610 561 1763 617 nobis
1859 559 1936 614 cit
1967 557 2142 622 Jesus,
2175 567 2230 612 et
2259 574 2363 611 non
2393 566 2475 612 est
2517 566 2886 628 transgressus
2913 568 3238 636 quidquam:
3271 587 3408 640 quo-

180 648 433 704 mideat
461 649 607 716 quod
653 649 913 714 respiret.
947 647 1102 703 Sicut
1139 665 1269 721 ergo
1298 652 1369 705 ibi
1404 653 1614 705 beatum
1652 660 1757 716 est,

179 735 481 804 Babylonis
518 736 772 805 parvulos
816 746 1024 804 tenere,
1052 750 1104 793 et
1147 741 1363 796 allidere
1407 745 1470 797 ad
1518 752 1742 812 petram,

175 833 234 877 et
262 825 631 894 cogitationes
657 827 822 879 malas
851 828 1028 880 statim
1061 829 1112 880 in
1143 830 1304 883 initiis
1335 847 1522 884 nccare
1558 851 1568 883 :
1597 833 1666 886 ita
1691 841 1744 886 et

175 913 269 966 hic
300 913 535 968 beatum
572 915 976 984 intelligendum
1023 927 1103 969 est
1142 926 1195 969 et
1238 921 1547 984 perfectum.
1583 921 1625 973 si
1659 921 1741 973 ni-

171 1003 254 1055 hil
295 1003 650 1071 relinquatur
686 1004 740 1056 in
785 1004 941 1058 nobis
977 1005 1116 1072 quod
1159 1008 1322 1072 possit
1363 1010 1623 1077 gentiliter
1653 1025 1739 1063 re-

167 1093 412 1160 spirare.

44 1169 296 1228 ‘-—'4.
340 1193 362 1226 ι
394 1175 462 1230 Ει
498 1192 725 1241 omnes,
764 1180 939 1249 inquit
983 1180 1049 1247 ’⁵,
1084 1194 1238 1250 reges
1266 1193 1447 1234 eorum
1488 1181 1757 1237 interfecit

156 1262 331 1318 Iesus
372 1266 430 1318 in
485 1281 590 1322 ore
634 1268 820 1337 gladii.
853 1289 871 1320 ι
930 1270 986 1323 ln
1039 1271 1290 1323 omnibus
1322 1271 1473 1324 nobis
1509 1271 1754 1336 regnavit

157 1364 463 1421 peccatum
488 1395 506 1418 ,
531 1367 586 1410 et
618 1358 935 1412 inomnibus
965 1361 1116 1413 nobis
1146 1361 1269 1412 vitia
1296 1373 1668 1427 regnaverunt,
1701 1372 1754 1417 et

155 1443 343 1497 fuitin
364 1446 531 1500 nobis
549 1449 808 1500 omnibus
837 1464 1055 1518 regnum
1089 1452 1338 1517 generale
1369 1454 1591 1518 peccati,
1615 1455 1753 1507 sicut

156 1541 218 1586 et
255 1535 574 1602 Apostolus
613 1537 748 1589 dicit
776 1539 857 1590 "2
909 1556 928 1587 ι
955 1538 1150 1591 Omnes
1181 1540 1319 1590 enim
1353 1553 1749 1606 peccaverunt,

155 1633 220 1676 et
250 1634 418 1692 egent
468 1625 649 1693 gloria
701 1628 816 1680 Dei.
854 1645 873 1678 ι
917 1626 1292 1694 Unusquisque
1338 1636 1513 1682 tamen
1568 1631 1752 1684 habuit

1857 647 2002 700 niam
2032 647 2244 716 quidem
2277 647 2407 700 dicit
2433 648 2721 715 Apostolus
2749 652 2789 712 ',
2819 654 2942 719 quia
2977 673 2998 704 ι
3020 671 3140 710 cum
3165 662 3402 716 venisset

1855 733 2129 802 plenitudo
2158 734 2414 801 temporis
2444 735 2552 804 (88)
2588 737 2733 790 misit
2758 738 2895 794 Deus
2921 742 3110 797 Filium
3141 761 3294 802 suum
3321 750 3402 804 fa-

1858 830 1999 875 ctum
2030 836 2095 875 ex
2124 822 2367 885 muliere,
2402 823 2606 877 factum
2636 827 2737 881 sub
2765 826 2898 898 lege.
2931 850 2950 882 ι
2988 831 3045 886 Si
3073 848 3199 903 ergo
3231 839 3403 896 factus

1858 923 1939 967 est
1983 915 2080 967 sub
2124 913 2276 982 lege,
2305 930 2428 968 cum
2461 915 2559 970 sub
2589 917 2703 987 lege
2734 931 2874 976 esset
2911 923 3044 992 (89),
3079 929 3254 980 omnia
3286 944 3406 997 quae

1853 1002 1939 1055 lex
1970 1004 2257 1057 mandabat
2292 1003 2546 1074 implevit,
2584 1018 2642 1060 ut
2670 1025 2768 1064 nos
2800 1013 3087 1066 redimeret
3115 1031 3144 1069 a
3178 1018 3401 1072 maledi-

1854 1100 1942 1145 cto
1970 1092 2123 1158 legis.
2152 1091 2255 1147 Sed
2289 1103 2342 1148 et
2380 1096 2490 1163 ipse
2516 1097 2580 1150 de
2607 1112 2665 1150 se
2697 1098 2824 1153 dicit
2853 1101 2893 1165 ³,
2925 1103 3054 1170 quia
3099 1123 3118 1156 ι
3151 1120 3255 1159 non
3281 1107 3404 1164 veni

1853 1178 2024 1249 legem
2048 1183 2274 1248 solvere,
2305 1185 2399 1238 sed
2429 1174 2748 1254 adimplere.
2777 1204 2796 1236 ι

1926 1269 1979 1324 5.
2017 1291 2035 1322 ι
2065 1273 2130 1327 Ει
2163 1276 2401 1344 accepit,
2450 1277 2683 1344 inquit",
2720 1276 2872 1333 Jesus
2907 1295 3091 1338 omnes
3135 1284 3190 1337 in
3226 1286 3397 1352 bello,

1852 1363 1974 1428 quia
2024 1377 2118 1430 per
2161 1364 2442 1418 Dominum
2489 1367 2692 1420 factum
2744 1378 2827 1422 est
2883 1375 2941 1420 ut
2997 1369 3396 1428 confortaretur

1850 1449 2012 1520 434
2041 1466 2134 1504 cor
2167 1468 2372 1516 eorum,
2404 1463 2459 1508 et
2485 1469 2833 1511 occurrerent
2857 1461 2906 1512 in
2940 1462 3179 1528 praelium
3211 1474 3397 1518 contra

1851 1538 2038 1593 Israel.
2068 1560 2086 1591 ι
2129 1541 2242 1595 Νοιι
2292 1545 2428 1598 dixit
2462 1547 2585 1612 quia
2638 1549 2846 1616 aliquos
2897 1552 3103 1618 accepit
3144 1551 3299 1607 Jesus
3342 1557 3398 1610 in

1853 1628 1989 1681 bello
2014 1668 2029 1694 ,
2061 1643 2112 1682 et
2138 1631 2345 1700 aliquos
2379 1649 2481 1686 non
2518 1637 2765 1703 accepit,
2803 1641 2896 1692 sed
2931 1655 3115 1696 omnes
3147 1645 3397 1712 accepit,

157 1717 216 1768 in
252 1731 318 1768 se
351 1717 602 1783 aliquem
628 1717 923 1785 specialem
956 1732 1156 1783 regem,
1189 1719 1277 1785 qui
1307 1719 1357 1770 iit
1388 1733 1449 1771 eo
1479 1721 1748 1787 regnabat,
1787 1699 1827 1756 Β
1858 1717 1904 1768 id
1929 1728 2027 1777 est.
2058 1721 2198 1787 cepit
2224 1735 2430 1786 omnes,
2461 1725 2685 1791 peremit
2715 1741 2923 1781 omnes.
2953 1731 3159 1783 Etenim
3193 1699 3399 1801 species

152 1815 212 1857 et
244 1806 654 1860 dominabatur
686 1807 758 1861 ei.
796 1805 953 1860 Verbi
986 1821 1177 1870 causa,
1205 1807 1256 1858 in
1287 1807 1392 1860 alio
1425 1823 1643 1876 regnum
1677 1819 1756 1862 te-

152 1896 332 1948 nebat
363 1896 640 1958 avaritia,
675 1895 732 1947 in
760 1894 866 1948 alio
899 1897 1168 1973 superbia,
1200 1897 1251 1948 in
1284 1895 1392 1950 alio
1419 1899 1753 1951 mendacium

150 1988 432 2054 regnabat
459 2026 476 2050 ,
513 1989 572 2040 in
609 1987 721 2041 alio
767 1985 933 2038 libido
966 1986 1345 2040 dominabatur
1372 2026 1386 2048 ,
1419 1995 1471 2040 et
1506 1989 1641 2042 alius
1671 2005 1755 2042 re-

149 2090 273 2142 gem
308 2078 653 2144 patiebatur
682 2077 944 2130 furorem.
986 2076 1134 2140 Quod
1170 2087 1345 2130 autem
1384 2076 1496 2130 haec
1522 2079 1593 2130 ita
1626 2079 1750 2140 sint,

147 2176 205 2220 et
232 2168 284 2219 in
313 2184 673 2236 unoquoque
699 2179 939 2223 nostrum
972 2180 1157 2240 regnet
1184 2181 1480 2236 peccatum,
1509 2169 1751 2237 apostolo

147 2255 321 2311 Paulo
346 2261 530 2312 crede
573 2259 798 2312 dicenti.
829 2259 918 2312 Ait
949 2261 1088 2313 enim
1110 2263 1188 2313 ’7:
1224 2280 1241 2311 ι
1268 2261 1379 2313 Νοιι
1406 2273 1533 2328 ergo
1570 2269 1751 2327 regnet

119 2359 440 2416 peccatum
476 2350 536 2400 in
571 2357 762 2400 vestro
791 2350 1001 2402 mortali
1033 2365 1257 2417 corpore
1295 2351 1358 2402 ad
1398 2351 1746 2401 obediendum

97 2443 170 2496 ei.
226 2459 248 2491 ι
301 2441 461 2493 Erat
497 2453 642 2506 ergo
680 2454 902 2507 regnum
952 2443 1152 2508 peccati
1196 2443 1246 2493 in
1291 2455 1607 2506 unoquoque
1652 2455 1749 2491 no-

102 2545 304 2585 strum
325 2542 658 2597 antequam
691 2531 1058 2587 crederemus.
1085 2532 1272 2584 Postea
1306 2545 1430 2582 vero
1462 2545 1619 2596 quam
1656 2545 1747 2582 ve-

127 2622 212 2672 nit
245 2617 446 2684 Jesus,
483 2629 549 2673 et
595 2620 796 2674 occidit
830 2634 1020 2672 omnes
1062 2632 1243 2687 reges,
1273 2617 1362 2682 qui
1399 2617 1450 2668 in
1483 2615 1636 2669 nobis
1666 2623 1744 2668 te-

141 2711 336 2765 nebant
381 2726 587 2780 regna
631 2711 880 2776 peccati,
932 2709 1187 2776 praecepit
1231 2706 1386 2758 nobis
1443 2706 1744 2758 interficere

139 2818 320 2860 Omnes
349 2807 527 2860 istos
567 2819 728 2873 reges
750 2843 764 2866 ,
802 2813 855 2856 et
881 2801 1084 2854 nullum
1114 2816 1180 2854 ex
1229 2801 1308 2852 eis
1336 2800 1653 2867 relinquere.
1684 2799 1742 2853 Si

141 2896 262 2963 quis
285 2896 456 2949 enim
521 2893 772 2960 aliquem
805 2893 996 2945 horum
1032 2893 1081 2945 in
1129 2891 1416 2958 semetipso
1451 2892 1744 2945 servaverit

138 2987 310 3040 vivum
341 3029 359 3051 ,
407 2988 480 3040 in
517 2985 772 3039 exercitu
807 2982 932 3036 Jesu
979 2997 1097 3037 esse
1123 2997 1228 3035 non
1263 2983 1478 3049 poterit.
1524 2983 1578 3034 Si
1615 2997 1740 3052 ergo
1765 3017 1807 3074 α

137 3088 318 3147 regnet
358 3077 582 3131 adhuc
613 3074 725 3144 (86)
778 3076 828 3127 in
864 3083 914 3127 te
965 3074 1228 3135 avaritia,
1282 3073 1324 3126 si
1353 3072 1607 3140 iactantia
1635 3112 1650 3136 ,
1691 3075 1738 3127 si

136 3170 432 3236 superbia,
475 3167 528 3221 si
568 3166 758 3230 libido,
793 3179 898 3218 non
934 3164 1042 3217 eris
1073 3162 1400 3215 lsraeliticus
1432 3163 1604 3225 miles,
1639 3178 1736 3216 nec

130 3257 319 3326 imples
351 3262 731 3325 praeceptum
781 3252 924 3320 quod
961 3252 1106 3305 dedit
1147 3251 1401 3303 Dominus
1437 3252 1502 3303 ad
1535 3250 1734 3304 Jesum.

141 3364 162 3398 ι
187 3348 328 3401 Sicut
359 3342 726 3408 constituit,
761 3343 940 3410 inquit
968 3341 1032 3404 ’⁸,
1063 3342 1110 3394 ei
1153 3340 1362 3409 Moyses
1390 3355 1524 3408 puer
1555 3340 1737 3392 Domi-

139 3437 217 3489 ni.
253 3454 270 3486 ι
312 3436 436 3489 Hic
495 3446 643 3501 puer
683 3431 891 3484 Domini
943 3431 1151 3498 Moyses
1179 3471 1193 3494 ,
1230 3443 1406 3483 sermo
1458 3429 1569 3494 ipse
1608 3429 1738 3494 legis

139 3527 495 3594 appellatur,
543 3522 693 3577 sicut
733 3532 788 3574 et
813 3522 862 3573 in
891 3521 1181 3589 Evangelio
1211 3519 1340 3572 dicit
1366 3519 1447 3570 9°:
1487 3535 1504 3564 ι
1534 3517 1739 3571 [labent

137 3616 356 3684 Moysen
425 3623 494 3668 et
551 3612 891 3681 prophetas,
947 3611 1164 3664 audiant
1217 3607 1354 3662 illos.
1391 3625 1408 3658 ι
1446 3605 1555 3658 Lex
1608 3621 1737 3672 ergo

137 3708 410 3775 pmcepit
459 3703 634 3756 nobis
659 3701 962 3754 interficere
992 3713 1175 3753 omnes
1206 3713 1360 3766 reges
1392 3696 1616 3764 peccati,
1649 3696 1737 3762 qui

137 3811 244 3850 nos
279 3801 623 3865 provocant
674 3791 739 3844 ad
783 3800 1082 3858 peccatum.
1123 3808 1140 3840 ι
1177 3788 1267 3843 Sic
1303 3788 1430 3841 fecit
1461 3786 1613 3839 Jesus
1637 3826 1652 3851 ,
1687 3795 1739 3839 et

139 3902 254 3941 non
299 3894 396 3940 est
459 3892 849 3948 transgressus
895 3880 1184 3948 quidquam
1229 3879 1295 3931 ab
1346 3877 1590 3931 omnibus
1624 3891 1740 3943 qua:

136 3975 446 4031 constituit
473 3973 530 4026 ei
571 3969 842 4039 Moyses‘.
878 3989 896 4021 ι
935 3970 1174 4022 Diximus
1192 3969 1406 4037 quidem
1448 3968 1737 4021 secundum

133 4066 390 4135 priorem
454 4059 827 4130 expositionis
863 4058 973 4126 (87)
1010 4060 1282 4122 ordinem,
1332 4058 1454 4126 quia
1483 4071 1736 4124 quwcun-

135 4167 252 4222 que
277 4155 364 4206 lex
399 4151 532 4212 Dei,
564 4147 660 4215 qui
689 4161 832 4200 nunc
858 4145 1066 4215 Moyses
1093 4145 1407 4212 appellatur,
1438 4141 1734 4203 constituit,

133 4244 335 4312 implet
367 4241 551 4296 Jesus
584 4239 639 4290 in
693 4237 884 4289 nobis:
923 4245 976 4288 et
1012 4236 1124 4301 ipse
1154 4245 1236 4287 est
1268 4236 1354 4301 qui
1393 4232 1653 4286 interimit
1682 4233 1734 4284 in

1854 1807 2058 1870 peccati
2096 1811 2338 1878 purgavit
2372 1811 2627 1867 Dominus
2657 1815 2831 1881 Jesus,
2868 1833 3158 1888 omnesque
3191 1825 3398 1877 destru-

1854 1894 1950 1947 xit.
1983 1896 2170 1951 Cuncti
2201 1915 2428 1968 namque
2472 1918 2492 1953 ι
2525 1919 2739 1960 eramus
2766 1907 3020 1963 insensati
3044 1950 3060 1974 ,
3091 1911 3348 1967 increduli
3375 1953 3392 1979 ,

1852 1997 2112 2053 errantes,
2148 1991 2444 2045 servientes
2483 1994 2762 2049 desideriis
2793 1999 2976 2064 variis,
3011 2000 3061 2053 in
3097 2003 3299 2056 malitia
3338 2013 3395 2059 et

1852 2080 2046 2133 invidia
2081 2093 2333 2149 agentes,
2365 2084 2586 2138 odibiles
2611 2123 2626 2148 ,
2658 2089 2898 2143 odientes
2940 2090 3166 2145 invicem
3197 2094 3242 2158 ⁸,
3275 2079 3395 2149 i‘et

1849 2169 2007 2223 omne
2034 2173 2392 2241 quodcunque
2421 2174 2546 2227 illud
2576 2186 2656 2229 est
2688 2180 2890 2245 peccati
2922 2194 3108 2248 genus,
3138 2184 3277 2250 quod
3307 2184 3391 2236 in-

1849 2259 2060 2312 venitur
2089 2260 2140 2312 in
2166 2261 2472 2315 hominibus
2506 2272 2790 2332 antequam
2818 2270 3061 2322 credant.
3093 2269 3234 2324 Bene
3260 2287 3392 2340 ergo

1847 2345 1999 2410 dicit,
2029 2347 2153 2414 quia
2185 2361 2368 2402 omnes
2391 2350 2588 2402 occidit
2610 2350 2766 2406 Je‘sus
2791 2355 2880 2420 qui
2911 2355 3160 2410 exierunt
3183 2359 3249 2410 ad
3279 2359 3392 2412 bel-

1846 2433 1973 2487 lum.
2012 2434 2162 2488 Nulla
2194 2438 2336 2490 enim
2369 2440 2572 2507 species
2605 2443 2809 2509 peccati
2843 2450 2986 2497 tanta
3016 2454 3116 2509 est,
3147 2462 3247 2514 qua
3281 2464 3384 2503 non

1843 2525 1913 2578 sit
1937 2527 2182 2592 superior
2208 2525 2384 2592 Jesus,
2415 2529 2505 2597 qui
2536 2541 2618 2584 est
2647 2529 2876 2586 Verbum
2906 2541 2961 2587 ιιι
2983 2535 3239 2604 sapientia
3269 2537 3387 2593 Dei.

1843 2615 2032 2669 Omnia
2061 2617 2201 2669 enim
2225 2627 2440 2685 superat
2464 2628 2518 2672 et
2543 2620 2730 2674 vincit.
2761 2622 2951 2676 Annon
2979 2624 3051 2678 ita
3094 2627 3387 2694 credimus,

1843 2704 1966 2770 quia
1991 2718 2150 2758 omne
2180 2721 2350 2774 genus
2378 2709 2577 2774 peccati
2609 2725 2727 2762 cum
2753 2712 2818 2764 ad
2845 2711 3075 2767 salutare
3111 2715 3382 2772 lavat-runt

1841 2794 2083 2847 venimus
2118 2797 2410 2850 aufertur?
2442 2796 2551 2850 lloc
2584 2799 2726 2851 enim
2770 2810 2822 2853 et
2870 2803 3142 2870 apostolus
3191 2806 3388 2864 Paulus

1841 2883 2123 2953 designat:
2161 2887 2250 2955 qui
2285 2902 2406 2941 cum
2435 2889 2680 2942 universa
2711 2900 3050 2957 peccatorum
3083 2909 3274 2962 genera
3307 2898 3390 2952 di-

1842 2987 2192 3039 nnmerasset,
2236 2977 2383 3030 addit
2427 2987 2545 3046 post
2569 2979 2766 3043 omnia,
2796 2990 2848 3033 et
2886 2982 3013 3035 dicit
3043 2983 3098 3037 °:
3132 3001 3149 3033 ι
3181 2986 3242 3037 Et
3274 2987 3389 3041 haec

1840 3066 2051 3131 quidem
2082 3065 2277 3130 fuistis,
2307 3065 2401 3120 sed
2429 3066 2596 3121 abluti
2646 3067 2777 3119 estis
2800 3105 2814 3130 ,
2888 3066 2984 3121 sed
3063 3069 3384 3123 sanctificati

1845 3153 1998 3216 estis,
2027 3154 2420 3220 sedjustificati
2455 3157 2586 3210 estis
2633 3155 2746 3226 (90)
2796 3157 2848 3209 in
2908 3158 3125 3213 nomine
3172 3161 3388 3217 Domini

1843 3240 2007 3293 nostri
2030 3239 2150 3294 Jesu
2185 3241 2406 3294 Christi.
2440 3259 2458 3292 ι
2486 3242 2596 3296 Ηοο
2628 3257 2757 3312 ergo
2785 3245 2937 3298 modo
2964 3260 3150 3301 omnes
3177 3250 3386 3316 cepisse

1839 3329 1894 3381 in
1934 3330 2113 3396 prrelio
2146 3329 2345 3384 dicitur
2368 3368 2384 3394 ,
2427 3339 2481 3383 et
2509 3346 2697 3384 omnes
2728 3333 3049 3398 peremisse,
3084 3352 3102 3385 ι
3135 3336 3258 3404 quia
3290 3350 3386 3404 per

1841 3419 2114 3472 Dominum
2146 3418 2340 3471 factum
2371 3428 2451 3472 est
2497 3429 2550 3471 ut
2593 3420 2941 3474 inVaIesceret
2966 3435 3060 3474 cor
3087 3437 3291 3488 eorum,
3327 3435 3384 3481 et

1839 3515 2182 3562 occurrerent
2211 3506 2262 3558 in
2295 3505 2534 3574 praelium
2587 3516 2771 3560 contra
2809 3510 3006 3573 Israel,
3040 3521 3096 3563 ut
3127 3514 3384 3568 exterrui-

1839 3605 2114 3650 narentur.
2152 3617 2170 3649 ι
2207 3597 2341 3650 Dum
2371 3599 2514 3651 enim
2564 3614 2668 3652 non
2699 3600 2918 3652 veniunt
2946 3600 3179 3656 inimicae
3215 3603 3384 3661 virtu-

1841 3697 1918 3741 tes
1944 3727 1958 3750 ,
2001 3702 2121 3756 quae
2152 3697 2366 3756 peccata
2417 3697 2708 3756 Operantur
2752 3690 2803 3743 in
2847 3691 3033 3755 nobis,
3068 3707 3164 3745 nec
3191 3707 3382 3760 provo-

1840 3788 1961 3832 cant
1991 3793 2086 3832 nos
2113 3779 2180 3830 ad
2216 3780 2560 3846 peccandum,
2595 3795 2692 3832 nec
2723 3779 2995 3834 lacessunt
3028 3782 3092 3834 ad
3120 3783 3383 3837 dimican-

1839 3870 1961 3922 dum
1983 3909 1997 3932 ,
2033 3869 2258 3922 interfici
2289 3884 2391 3922 non
2427 3879 2686 3938 possunt,
2717 3885 2813 3924 nec
2856 3872 3222 3924 exterminari.
3257 3853 3379 3928 Ideo

1839 3972 1964 4025 ergo
1996 3955 2134 4010 Deus
2163 3957 2358 4010 dicitur
2391 3959 2732 4024 permittere,
2766 3959 2873 4012 imo
2903 3969 2956 4012 et
3000 3960 3220 4012 incitare
3249 3975 3376 4029 pro-

1839 4045 2120 4113 pemodum
2153 4046 2486 4101 adversarias
2524 4048 2749 4100 virtutes
2776 4048 2925 4101 exire
2957 4050 3233 4101 adversum
3275 4064 3378 4104 nos

1838 4136 1891 4190 in
1929 4135 2168 4202 praelium
2199 4174 2213 4200 ,
2249 4144 2308 4188 ut
2336 4145 2389 4189 et
2422 4150 2516 4188 nos
2546 4137 2820 4190 victoriam
2859 4139 3152 4206 capiamus,
3185 4148 3239 4191 et
3275 4140 3378 4194 illa:

1839 4225 2113 4280 interitutn
2146 4237 2558 4292 consequantur.
2596 4224 2746 4279 Unde
2774 4226 2902 4278 mihi
2929 4226 3136 4279 videtur
3151 4240 3268 4279 esse
3294 4227 3380 4279 in-

136 4337 305 4390 nobis
333 4333 506 4393 vitia,
539 4337 598 4382 et
646 4327 981 4394 nequissima
1034 4326 1235 4392 peccati
1270 4339 1427 4392 regna
1460 4321 1740 4375 subvertit.
1773 4318 1816 4371 ι)
1848 4317 2025 4370 finitus
2040 4317 2254 4385 quidam
2278 4331 2533 4369 numerus
2549 4317 2940 4371 contrariarum
2968 4317 3216 4371 virtutum
3243 4318 3376 4388 (9i),

207 4474 260 4507 ”
288 4471 418 4525 Jos.
456 4483 540 4529 xl,
587 4465 678 4518 l2.
780 4465 826 4495 ⁸⁸
859 4462 1010 4516 Rom.
1054 4478 1130 4526 ιιι,
1172 4463 1261 4515 25.

132 4545 155 4575 ³
183 4541 312 4595 Gal.
351 4555 435 4601 tv,
471 4536 532 4590 4.
612 4534 633 4564 ³
663 4534 854 4586 Matth.
889 4546 939 4596 ν,
976 4533 1061 4582 17.
1135 4532 1155 4560 ι
1183 4531 1292 4584 Jos.
1335 4546 1408 4595 si,
1441 4533 1523 4590 18,
1558 4529 1643 4580 17.

206 4675 333 4746 (86)
392 4671 618 4725 Adhuc.
654 4667 819 4722 Deest
862 4665 918 4719 in
964 4665 1091 4719 libb.
1126 4664 1306 4731 editis,
1333 4662 1426 4718 sed
1472 4668 1647 4716 exstat
1674 4661 1728 4714 in

128 4762 337 4905 missu)
356 4831 623 4905 _Uterque
667 4824 1074 4904 Ebroicensisa
1105 4842 1123 4874 ι
1153 4822 1389 4892 priorem
1433 4820 1729 4903 espositio-

128 4902 246 4958 nis'.
282 4921 303 4952 ι
349 4902 902 4969 Sangermanensis,
951 4908 969 4940 ι
1000 4907 1228 4969 priorem
1265 4905 1675 4958 exposntonunt.
1706 4906 1724 4937 ι

127 4972 304 5025 Libh.
341 4962 520 5029 editi',
561 4982 581 5014 ι
608 4963 815 5029 prioris
845 4962 1212 5026 expositionis.
1249 4977 1268 5010 ι

229 5061 335 5118 88)
375 5057 568 5111 Codex
598 5053 929 5118 Sangerm.,
967 5064 985 5097 ι
1017 5054 1326 5118 temporum.
1360 5067 1378 5098 ι

229 5061 308 5114 88
375 5061 568 5111 Codex
598 5061 929 5118 Sangerm.,
967 5064 985 5097 ι
1017 5061 1326 5113 temporum.
1360 5067 1378 5098 ι

203 5061 338 5200 ξδθζ
368 5124 534 5177 Libb.
564 5121 741 5200 editi,
783 5133 804 5200 ι
838 5115 1088 5200 cum‘sub
1112 5115 1224 5184 lege
1249 5130 1353 5169 non
1379 5122 1540 5169 esset.
1573 5133 1590 5165 ι
1623 5113 1728 5167 Sed

122 5189 271 5253 mss.
315 5189 338 5244 ἱ
369 5205 500 5246 cum
540 5189 648 5242 sub
685 5189 808 5252 lege
839 5190 1006 5235 esset.
1039 5199 1058 5232 ι

198 5286 334 5358 (90)
387 5282 451 5336 ln
507 5293 622 5334 ms.
675 5275 976 5340 Sangerm.
1037 5270 1184 5326 deest
1240 5289 1258 5322 ι
1307 5272 1397 5326 sed
1451 5269 1729 5340 justific'ati

119 5366 522 5492 “230,0nde
554 5410 698 5489 mihi
737 5407 944 5492 videtur
980 5422 1084 5492 esse
1110 5407 1588 5492 inﬁnitusuquidnm
1634 5421 1730 5458 nu-

116 5476 316 5545 mihi?
354 5476 1127 5545 contrarianum“pirtutum,
1187 5477 1493 5545 etc._‘H_nnc
1554 5476 1728 5545 locum

246 5539 419 5620 parte
468 5548 745 5604 imitatur
793 5539 1148 5596 Hieronvmus
1199 5544 1264 5596 ad
1295 5541 1492 5599 llabac.
1526 5558 1609 5608 ιιι,
1640 5541 1724 5596 14.

1366 4463 1408 4492 ⁸⁷
1437 4461 1586 4511 Rom.
1615 4474 1694 4522 Vl,
1722 4456 1809 4510 ΓΞ.

1718 4523 1874 4577 "fit.
1907 4537 1988 4586 ιιι,
2016 4520 2071 4572 5.
2145 4519 2164 4550 ⁸
2196 4519 2217 4572 ι
2244 4520 2365 4573 Cor.
2403 4529 2476 4587 vi,
2510 4519 2595 4572 11.

1915 4452 1958 4483 ⁸⁸
1985 4451 2098 4504 Jos.
2128 4466 2206 4512 ιιι,
2247 4449 2328 4503 12.
2435 4452 2478 4482 ’³
2506 4450 2632 4504 an.
2661 4466 2767 4518 xw,
2810 4450 2901 4507 29.
3002 4453 3019 4483 ¹
3042 4450 3152 4506 Jos.
3185 4469 3260 4517 ιιι,
3286 4453 3372 4510 15.

1833 4654 1975 4722 [item
2001 4654 2259 4722 Origenes
2289 4655 2355 4708 ad
2386 4654 2605 4710 Joannis
2630 4670 2709 4720 in,
2741 4655 2810 4710 49
2837 4672 2852 4710 :
2891 4672 2910 4706 ι
2941 4654 3198 4709 Convenit
3215 4654 3367 4722 juxta

1837 4719 2162 4788 Scriptura's,
2187 4735 2466 4791 peccantes
2492 4725 2650 4777 multa
2673 4719 2850 4791 facere
2872 4734 3061 4791 praeter
3084 4719 3363 4789 rationem;

1839 4805 1942 4858 non
1960 4787 2041 4845 iob
2067 4787 2232 4854 aliud,
2264 4793 2362 4845 nisi
2392 4794 2512 4858 quia
2542 4792 2671 4846 facti
2704 4787 2900 4845 fuerint
2929 4805 3150 4858 capaces
3177 4787 3366 4857 opera;

1839 4857 2000 4926 tionis
2017 4859 2135 4910 mali
2159 4860 2395 4926 spiritus.
2412 4857 2500 4913 vel
2516 4861 2798 4913 voluntatis
2820 4857 3073 4911 immundi
3089 4860 3360 4911 daemonis.

1839 4924 1952 4996 _Non
1983 4924 2290 4996 dubitarunt
2320 4929 2482 4996 igitur
2507 4929 2586 4981 vel
2615 4943 2675 4980 ea
2700 4943 2819 4994 quas
2843 4926 3218 4996 existimantur
3246 4940 3364 4979 esse

1837 4992 1974 5046 levia
2006 5004 2224 5061 peccata
2256 4992 2529 5048 daemoniis
2558 4992 2790 5049 tribuere
2817 5034 2832 5058 ,
2881 4995 2953 5047 illi
2983 4993 3072 5058 qui
3121 4994 3367 5046 dixerunt

1836 5064 2167 5138 repentinam
2197 5063 2354 5138 iram,
2381 5064 2734 5138 similiterque
2758 5061 3143 5138 detractionem
3167 5062 3366 5138 daemo-

1833 5127 1977 5184 nium
2023 5145 2158 5185 esse.
2206 5149 2226 5184 ι
2286 5133 2484 5198 Aperte
2532 5127 2749 5198 respicit
2793 5131 2857 5182 ad
2908 5127 3118 5198 Hermze
3163 5127 3362 5198 lib._tt,

1831 5201 2080 5252 mandato
2100 5201 2154 5261 2.
2183 5201 2270 5253 ubi
2303 5192 2858 5252 t'detractio'idicitur
2891 5197 3230 5247 «inconstans
3259 5192 3364 5244 dae-

1830 5268 2082 5338 monium.
2115 5287 2132 5318 ι
2161 5269 2288 5320 Item
2317 5267 2413 5338 lib.
2435 5281 2517 5338 ιιι,
2544 5267 2704 5321 simil.
2729 5265 2786 5338 9,:
2809 5278 2931 5338 cap._
2953 5261 3086 5338 22,4
3118 5272 3363 5338 magnum

1837 5333 2154 5388 daemonium
2188 5348 2289 5398 est,
2317 5336 2537 5388 audacia
2572 5344 2628 5404 et
2653 5331 2964 5404 confidentia
3001 5331 3215 5404 inanis;
3251 5342 3269 5374 ι
3307 5332 3366 5378 et

1836 5417 1953 5474 cap.
1979 5405 2067 5468 25,
2098 5405 2328 5474 hortatio
2359 5404 2415 5455 fit
2445 5413 2501 5474 ut
2531 5419 2550 5452 ι
2585 5403 2651 5474 ab
2676 5401 2768 5474 ira:
2793 5400 3050 5474 dmtttonio
3077 5411 3096 5443 ι
3133 5407 3228 5474 nos
3259 5405 3363 5474 pu-

1836 5459 2122 5524 riticemus.
2166 5472 2269 5525 Sed
2309 5481 2362 5524 et
2399 5469 2645 5535 scriptori
2681 5464 3125 5535 Recognitionum,
3156 5459 3246 5512 lib.
3297 5473 3361 5524 tt,

1834 5552 1952 5608 cap.
1980 5540 2072 5607 $5,
2111 5539 2407 5610 ignorantia
2435 5529 2524 5592 est
2545 5537 2744 5591 daitnon
2777 5529 3060 5603 pessimus.
