3822 6216
411 255 517 313 905

1821 227 2140 290 ORIGENIS

3589 207 3681 262 9οι

413 379 509 436 pro
536 377 601 416 eo
635 361 774 431 quod
803 374 896 428 per
927 357 1164 429 singulos
1192 370 1328 426 pene
1360 354 1607 409 homines
1637 358 1764 406 sunt
1789 345 1951 415 spirio

2167 339 2358 394 :riores
2413 333 2720 393 tenebras,
2769 328 2873 382 vel
2945 335 3066 392 quo
3121 315 3374 387 quisquis
3421 313 3507 370 ille
3556 315 3690 374 locus

2212 430 2244 436 ··
2505 434 2512 436 Α
2645 423 2658 436 -
2707 420 3000 436 ιηι---η-
3057 425 3085 436 ι.
3142 410 3291 436 ζιιειΙΛ
3344 406 3512 436 ἶιιιιῖηΔ
3553 405 3687 436 [Ἴης-

415 464 500 507 tus
525 453 710 518 aliqui,
740 451 948 503 diversa
981 449 1031 500 iu
1058 448 1122 499 iis
1155 453 1496 512 peccatorum
1524 455 1716 517 genera
1744 439 1966 500 moliens

417 554 514 600 tes.
546 542 703 596 Verbi
736 555 920 602 causa,
951 548 1035 592 est
1065 537 1261 604 aliquis
1302 531 1677 587 fornicationis
1709 529 1956 596 spiritus,

414 646 496 690 est
527 637 618 689 ira:
658 633 878 701 spiritus
912 629 1086 682 alius:
1134 636 1217 680 est
1253 624 1492 677 avaritia:
1523 622 1741 688 Spiritus
1765 656 1780 681 ,
1826 617 1964 670 alius

412 740 543 780 vero
573 723 854 791 superbiae.
891 722 953 774 Et
983 719 1027 772 si
1063 717 1274 771 eveniat
1313 713 1422 784 (92)
1454 726 1573 766 esse
1604 710 1832 776 aliquem
1869 708 1964 760 ho-

417 815 636 875 minem,
668 812 757 880 qui
793 814 875 864 IIIS
907 810 1158 864 omnibus
1191 805 1366 868 malis,
1407 811 1499 854 aut
1532 801 1693 852 etiam
1722 798 1964 866 pluribus

421 905 669 971 agitetur,
700 915 889 954 omnes
922 901 1020 952 hos
1041 937 1056 962 ,
1081 898 1163 952 vel
1188 896 1348 950 etiam
1381 891 1559 959 plures
1589 891 1638 942 in
1677 903 1734 942 se
1768 888 1966 940 habere

416 991 660 1046 inimicos
687 990 952 1058 putandus
992 997 1072 1042 est
1100 987 1347 1055 spiritus.
1378 982 1528 1038 Unde
1561 989 1616 1033 et
1651 993 1746 1046 per
1778 977 1966 1044 singu-

418 1083 498 1137 los
527 1087 705 1150 plures
732 1095 848 1133 esse
879 1077 1131 1132 credendi
1159 1083 1305 1139 sunt,
1333 1073 1456 1142 quia
1489 1085 1590 1124 non
1620 1067 1827 1136 singula
1857 1067 1966 1118 siu-

419 1173 524 1240 guli
557 1171 796 1224 homines
834 1169 1031 1222 habent
1066 1166 1215 1227 vitia,
1256 1165 1334 1218 vel
1365 1171 1580 1230 peccata
1605 1158 1964 1216 committunt,

421 1263 510 1316 sed
539 1261 688 1330 plura
717 1261 784 1312 ab
810 1272 1127 1324 unoquoque
1151 1256 1396 1308 videntur
1422 1251 1650 1305 admitti.
1682 1249 1746 1302 Et
1771 1249 1964 1302 iterum

421 1369 527 1408 non
563 1362 646 1407 est
675 1351 964 1420 putandum
995 1348 1136 1417 quod
1171 1360 1307 1398 unus
1337 1342 1713 1398 fornicationis
1745 1339 1967 1407 spiritus

419 1445 636 1500 seducat
661 1457 780 1495 eum
810 1440 919 1508 qui,
946 1438 1097 1492 verbi
1133 1435 1322 1504 gratia,
1364 1435 1416 1486 in
1449 1432 1739 1486 Britanniis
1786 1429 1966 1484 forni-

418 1543 593 1595 catur,
623 1541 674 1585 et
705 1530 850 1582 illum
880 1526 969 1595 qui
1002 1527 1051 1578 in
1083 1525 1230 1578 India
1261 1562 1276 1586 ,
1305 1523 1388 1577 vel
1421 1524 1472 1577 in
1517 1523 1636 1575 aliis
1667 1520 1778 1588 (95)
1811 1520 1966 1583 locis,

419 1638 592 1685 neque
623 1635 782 1672 unum
818 1631 937 1671 esse
972 1617 1066 1668 irae
1101 1614 1348 1680 spiritum
1377 1652 1392 1676 ,
1422 1613 1510 1679 qui
1543 1610 1772 1664 diversis
1807 1609 1856 1661 in
1892 1608 1968 1661 lo-

2074 432 2155 485 eis
2196 430 2391 497 dignus
2437 434 2557 488 est,
2605 420 3000 476 abducantur
3056 425 3089 464 a
3135 410 3292 478 justo
3338 406 3512 474 judice
3553 405 3688 457 Chri-

2068 532 2177 582 sto,
2221 495 2412 587 agonis
2445 514 2614 583 hujus
2653 511 2796 565 vita
2833 502 3182 560 mortalium
3217 496 3466 565 pra:side.
3495 495 3555 548 Et
3581 495 3689 550 inite

2068 621 2150 662 est
2176 609 2320 676 quod
2350 607 2593 676 plurimo
2634 604 2980 658 dzemonum
3036 588 3420 655 numerojam
3461 587 3609 649 victo,
3633 589 3689 638 ad

2071 699 2451 752 credulitatem
2482 703 2680 764 gentes
2729 691 2944 744 venire
2985 685 3366 740 relaxantur:
3416 677 3502 744 qui
3533 676 3692 742 utique

2071 789 2383 842 nullatenus
2416 789 2744 840 sinerentur
2774 779 2940 851 (96),
2972 776 3024 830 si
3064 775 3306 840 integra;
3337 782 3546 830 eorum,
3576 767 3693 820 sicut

2077 879 2230 944 prius
2267 877 2516 938 fuerant,
2551 871 2954 926 subsisterent
2984 863 3276 933 legiones.
3307 856 3461 922 Quod
3487 856 3530 908 si
3558 854 3693 908 alicui

2073 965 2287 1021 difﬁcile
2309 967 2530 1018 videtur
2557 975 2686 1016 esse
2709 958 2870 1028 quod
2897 955 3154 1009 dicimus
3179 967 3282 1019 per
3305 949 3541 1017 singulos
3560 962 3696 1015 quos-

2072 1075 2177 1128 que
2222 1055 2576 1126 peccantium
2621 1051 2805 1106 muita
2847 1060 3071 1102 vacare
3117 1043 3240 1112 (97)
3281 1040 3546 1093 dzemonia
3574 1079 3589 1104 ,
3618 1048 3696 1095 aut

2076 1151 2381 1204 fabulosum
2414 1149 2522 1202 hoc
2573 1152 2776 1214 putat,
2850 1139 3061 1193 redeat
3113 1134 3189 1189 ad
3225 1131 3508 1201 Evangelii
3538 1143 3696 1186 aucto-

2076 1244 2340 1302 ritatem,
2381 1249 2438 1292 et
2499 1235 2753 1290 inveniet
2811 1231 2981 1282 illum
3043 1225 3146 1294 qui
3209 1225 3268 1278 in
3325 1221 3578 1292 sepulcris
3620 1221 3697 1274 ba-

2075 1333 2288 1386 bitabat
2352 1328 2466 1398 (98)
2536 1327 2865 1380 da:monem
2945 1318 3188 1387 patiens
3236 1359 3252 1382 ,
3323 1329 3446 1369 cum
3497 1313 3696 1367 interro-

2073 1432 2298 1490 garetur
2331 1417 2497 1490 535
2543 1432 2573 1469 a
2611 1414 2951 1476 Salvatore,
3002 1408 3169 1480 quod
3228 1407 3332 1461 tibi
3386 1419 3572 1458 nomen
3599 1414 3693 1466 est,

2077 1509 2437 1578 respondisse
2476 1507 2641 1574 legio.
2709 1522 2729 1555 α
2779 1501 2968 1556 Multa
3026 1500 3232 1562 enim,
3305 1496 3478 1564 inquit
3521 1494 3561 1559 ⁸,
3605 1493 3694 1548 dae-

2077 1600 2257 1652 monia
2286 1613 2498 1652 sumus.
2543 1616 2562 1648 ι
2597 1595 2746 1661 Quid
2798 1607 2948 1662 ergo
3015 1592 3240 1644 mirum
3295 1586 3529 1648 videtur,
3554 1585 3594 1638 si
3621 1601 3696 1653 per

420 1713 498 1766 cis
542 1712 782 1763 diversos
812 1706 1058 1760 homines
1091 1704 1256 1773 agitet
1284 1721 1297 1756 :
1345 1678 1595 1770 sedputo
1626 1700 1792 1767 magis
1821 1700 1971 1767 prin—
1999 1678 2042 1732 Β
2073 1690 2283 1756 singula
2314 1703 2516 1756 genera
2546 1697 2925 1756 peccatorum
2983 1679 3208 1750 singuli
3255 1679 3529 1732 dartnones
3553 1678 3695 1731 ascri-

422 1800 590 1866 cipem
647 1797 858 1865 quidem
904 1793 1272 1846 loruicationis
1325 1791 1572 1858 spiritum
1607 1804 1767 1842 unum
1805 1803 1925 1841 csse
1951 1827 1967 1851 ,

423 1893 737 1944 innumeros
771 1902 897 1940 vero
941 1900 1059 1940 esse
1090 1886 1179 1952 qui
1214 1885 1267 1937 in
1298 1885 1397 1936 hoc
1424 1881 1472 1936 ei
1501 1880 1674 1935 oﬂicio
1706 1889 1966 1947 pareant,

421 1993 475 2033 et
517 1996 612 2048 per
640 1979 882 2047 singulos
927 1989 1170 2044 quosque
1218 1974 1462 2029 homines
1508 1971 1704 2026 diversi
1748 1971 1970 2038 spiritus

422 2070 520 2121 sub
546 2083 609 2120 eo
633 2066 869 2134 principe
901 2064 1210 2125 militantes,
1240 2062 1306 2114 ad
1335 2059 1700 2126 hujuscemodi
1726 2072 1819 2111 eos
1848 2072 1971 2124 pec-

422 2164 536 2208 cata
595 2153 903 2206 sollicitent.
954 2150 1217 2203 Similiter
1270 2157 1326 2199 et
1370 2145 1662 2200 iracundiae
1719 2144 1970 2210 spiritqu

423 2244 717 2312 principem
773 2256 938 2293 unum
979 2253 1101 2292 esse
1157 2238 1436 2300 arbitror,
1483 2235 1793 2288 innumeros
1845 2247 1972 2286 vero

421 2345 541 2386 esse
570 2333 665 2384 sub
694 2331 806 2398 ipso
835 2339 1080 2397 agentes,
1108 2329 1196 2396 qui
1227 2341 1319 2395 per
1343 2325 1581 2393 singulos
1605 2339 1847 2392 quosque
1873 2323 1972 2376 ho-

425 2424 594 2475 mines
630 2420 854 2487 hujusce
892 2418 1008 2471 vitii
1052 2427 1268 2486 peccata
1310 2414 1659 2469 suceendant.
1709 2411 1975 2465 Similiter

424 2520 480 2566 et
510 2510 747 2563 avaritiae
782 2523 943 2560 unum
979 2520 1097 2559 esse
1139 2504 1454 2572 principem,
1497 2501 1576 2556 sic
1601 2512 1657 2556 et
1687 2502 1971 2568 superbize,

425 2609 480 2655 et
506 2609 818 2655 caaterorum
845 2596 1126 2649 malorum.
1156 2595 1220 2647 Et
1253 2594 1372 2647 ideo
1399 2608 1504 2646 non
1538 2607 1674 2646 unus
1706 2593 1974 2660 principa-

429 2698 515 2744 tus
541 2690 735 2743 dicitur
760 2689 810 2740 in
839 2685 1126 2740 contrariis
1154 2684 1444 2736 virtutibus
1482 2682 1550 2734 ab
1571 2682 1852 2749 Apostolo,
1879 2683 1973 2735 sed

427 2780 640 2848 plures,
682 2775 964 2828 adversum
1005 2787 1140 2839 quos
1170 2785 1402 2838 pugnam
1436 2769 1535 2823 sibi
1573 2783 1693 2824 esse
1736 2778 1788 2822 et
1822 2769 1976 2823 nobis

434 2867 681 2920 oumibus
729 2864 934 2916 scribit.
971 2863 1101 2916 Esse
1145 2870 1321 2913 tamen
1356 2873 1478 2913 reor
1511 2859 1701 2912 horum
1731 2858 1974 2911 omnium

429 2954 541 3022 (94)
573 2953 908 3020 principem,
938 2951 1087 3004 velut
1131 2947 1536 3004 eminentiorem
1586 2947 1872 3014 quemdam
1921 2948 1972 3000 in

433 3045 666 3113 nequitia
696 3084 711 3108 ,
749 3053 803 3096 et
837 3043 889 3094 in
919 3040 1120 3095 scelere
1160 3040 1465 3100 celsiorem,
1500 3037 1590 3106 qui
1619 3046 1786 3090 totum
1821 3053 1977 3090 mun-

432 3140 578 3203 dum,
611 3152 769 3205 quem
795 3136 880 3189 isti
937 3135 1001 3188 ad
1040 3144 1256 3203 peccata
1283 3131 1477 3201 singuli
1503 3129 1699 3199 quique
1730 3145 1822 3198 per
1857 3146 1978 3198 pec-

431 3238 670 3283 catorum
711 3228 922 3294 species
951 3241 1046 3294 pro
1079 3233 1230 3293 parte
1272 3222 1568 3277 sollicitant
1594 3260 1608 3283 ,
1655 3221 1802 3274 solus
1834 3222 1978 3275 velut

429 3317 669 3371 omnium
705 3316 1003 3384 principum
1048 3316 1154 3368 dux
1180 3353 1195 3378 ,
1222 3322 1278 3366 et
1309 3312 1472 3366 totius
1496 3309 1743 3365 nefandae
1776 3310 1978 3364 militiae

433 3407 706 3475 magister,
745 3407 1007 3474 exagitet;
1040 3405 1193 3472 cujus
1220 3405 1443 3473 ﬁguram
1470 3415 1592 3455 cum
1621 3400 1776 3455 Jabin
1802 3402 1979 3456 discu-

433 3503 707 3559 teremus,
739 3511 833 3564 pro
867 3509 1031 3563 parvo
1073 3493 1438 3562 intelligentia:
1479 3500 1679 3545 nostra:
1719 3501 1877 3559 captu
1925 3491 1977 3544 in

433 3587 798 3654 superioribus
821 3583 1190 3651 patefecimus.

503 3673 557 3727 6.
615 3674 746 3727 Puto
800 3688 931 3727 sane
985 3673 1107 3740 quia
1174 3671 1347 3726 sancti
1413 3669 1612 3738 quique
1681 3683 1981 3738 repugnan-

438 3772 516 3819 tes
586 3765 840 3818 adversns
902 3764 1036 3818 istos
1094 3764 1401 3817 incentores
1469 3767 1810 3828 peccatorum
1870 3759 1981 3827 spi-

436 3859 590 3918 ritus,
637 3863 691 3909 et
734 3855 1006 3908 vincentes
1043 3868 1170 3918 eos,
1215 3863 1374 3919 atque
1407 3866 1595 3905 eorum
1623 3865 1980 3917 unumquem-

434 3960 538 4014 que
565 3954 896 4013 superantes,
931 3945 1248 3998 imminuant
1297 3942 1592 3996 exercitum
1639 3940 1980 4008 daemonum,

437 4047 491 4090 et
517 4036 659 4089 velut
680 4035 1096 4104 quamplurimos
1119 4035 1228 4102 (95)
1253 4048 1438 4088 eorum
1483 4032 1816 4087 interimant.
1847 4031 1981 4088 Ver-

437 4125 491 4180 bi
547 4140 732 4187 causa,
763 4135 821 4178 ut
847 4127 891 4178 is
939 4125 1026 4192 qui
1062 4133 1208 4178 caste
1255 4124 1550 4190 pudiceque
1604 4121 1831 4177 vivendo
1876 4122 1985 4175 for-

437 4216 719 4269 nicationis
772 4215 1017 4283 spiritum
1086 4213 1452 4280 superaverit,
1525 4227 1632 4268 non
1701 4214 1839 4267 ultra
1905 4213 1984 4268 fas

2074 1782 2294 1840 bantur,
2327 1793 2452 1832 cum
2483 1778 2756 1844 scriptum
2788 1776 2870 1829 sit
2927 1774 2990 1826 in
3027 1785 3152 1825 uno
3212 1770 3441 1823 homine
3463 1767 3695 1835 integram

2077 1870 2244 1920 fuisse
2268 1869 2583 1921 daan'ionum
2621 1863 2960 1934 legionem?
3019 1859 3264 1915 Memini
3324 1868 3500 1913 autem
3529 1858 3694 1913 similia

2075 1975 2160 2014 me
2202 1959 2408 2013 dixisse
2450 1957 2619 2010 etiam
2652 1955 2709 2007 in
2751 1955 2826 2006 iis
2860 1952 3038 2017 locis,
3097 1951 3157 2004 in
3189 1951 3397 2018 quibus
3420 1949 3690 2018 exponeba-

2075 2064 2194 2102 mus
2228 2045 2561 2100 versiculum
2597 2044 2800 2112 psalmi
2836 2044 2896 2096 in
2932 2056 3059 2111 quo
3097 2041 3381 2108 scriptum
3411 2049 3489 2093 est
3517 2040 3535 2071 ’
3563 2054 3575 2091 :
3603 2059 3618 2090 ι
3649 2040 3693 2092 in

2075 2137 2354 2191 matutinis
2388 2135 2799 2190 interfieiebam
2832 2147 3059 2186 omnes
3087 2141 3430 2200 peccatores
3457 2139 3618 2190 terrm,
3647 2139 3693 2179 nt

2074 2227 2384 2294 disperdam
2421 2227 2489 2280 de
2522 2225 2760 2279 civitate
2792 2224 3036 2276 Domini
3069 2236 3282 2277 omnes
3314 2221 3407 2291 qui
3442 2229 3695 2290 operantur

2075 2317 2443 2385 iniquitatem.
2483 2335 2501 2366 ι
2545 2316 2622 2368 Ita
2657 2314 2920 2378 denique
2963 2314 3154 2366 etiam
3190 2311 3247 2364 in
3277 2325 3439 2363 manu
3465 2311 3692 2377 justorum

2073 2411 2237 2476 gladii
2309 2408 2583 2475 ancipites
2664 2420 2796 2460 esse
2862 2405 3192 2465 dicuntur,
3267 2401 3390 2455 sine
3438 2399 3584 2453 dubio
3618 2399 3690 2465 qui

2073 2499 2386 2556 contrarias
2423 2499 2660 2551 virtutes
2693 2497 3018 2564 perimant.
3059 2495 3214 2549 Puto
3252 2503 3436 2547 autem
3463 2491 3588 2561 quod
3617 2504 3692 2541 vc-

2074 2590 2388 2644 hcmeutior
2419 2589 2487 2641 ad
2530 2588 2650 2642 haec
2705 2587 3020 2656 probanda
3064 2600 3198 2655 qua:
3230 2584 3472 2639 diximus
3507 2577 3692 2652 apostoli

2074 2680 2226 2733 Pauli
2258 2680 2349 2733 illa
2407 2679 2648 2749 proferri
2716 2681 2913 2749 possit
2969 2683 3269 2746 assertio,
3323 2677 3456 2735 cum'
3481 2678 3595 2734 dicit
3619 2673 3690 2726 “z

2079 2789 2098 2821 ο
2140 2770 2280 2824 Deus
2306 2782 2487 2824 autem
2513 2772 2670 2838 pacis
2703 2779 2982 2824 conterat
3015 2771 3312 2826 Satanam
3359 2771 3459 2824 sub
3502 2766 3696 2837 pedibus

2077 2860 2280 2912 vestris
2309 2859 2602 2913 velociter.
2646 2877 2668 2910 ι
2713 2858 2775 2913 Si
2811 2861 2977 2914 enim
3021 2877 3182 2916 unus
3213 2869 3301 2916 est
3328 2862 3568 2922 Satanas,
3585 2872 3696 2927 quo-

2002 2991 2045 3046 ϐ
2081 2951 2241 3004 modo
2270 2959 2450 3018 potest
2480 2952 2601 3019 ipse
2633 2952 2930 3006 contritus
2962 2966 3104 3027 esse
3142 2953 3252 3008 sub
3287 2952 3508 3022 pedibus
3535 2963 3694 3004 servo-

2087 3057 2202 3093 rum
2235 3040 2352 3104 Dei,
2385 3049 2441 3094 et
2471 3040 2674 3094 iterum
2702 3025 2993 3110 operari?
3049 3042 3116 3097 Si
3151 3045 3305 3097 enim
3338 3044 3586 3098 contritus
3608 3047 3693 3099 est,

2083 3138 2138 3183 et
2166 3145 2194 3182 a
2223 3129 2333 3181 Deo
2389 3129 2692 3194 contritus,
2743 3115 3243 3202 operari'utique
3294 3132 3408 3202 (99)
3440 3131 3569 3182 ultra
3605 3142 3694 3181 non

2085 3228 2281 3286 potest.
2312 3219 2389 3273 Ne
2417 3218 2559 3273 forte
2584 3235 2722 3288 ergo
2755 3224 2905 3275 tanti
2933 3238 3069 3277 esse
3104 3225 3341 3293 putandi
3366 3225 3470 3278 sint
3489 3222 3692 3283 Satanw,

2085 3312 2270 3378 quanti
2309 3321 2435 3363 sunt
2492 3310 2590 3372 illi,
2622 3312 2720 3380 qui
2774 3325 3115 3380 operantur
3145 3330 3318 3383 opera
3356 3315 3572 3367 Satanae.
3602 3309 3694 3362 iiuc

2085 3401 2230 3454 enim
2270 3400 2402 3453 mihi
2431 3401 2655 3455 videtur
2682 3403 2879 3457 indica
2897 3407 2946 3459 ri
2983 3415 3044 3460 et
3087 3407 3143 3459 in
3183 3406 3484 3476 Sapientia,
3527 3403 3602 3458 ubi
3627 3403 3694 3453 di-

2086 3489 2230 3541 είυιι·
2287 3488 2354 3551 ¹¹ε
2404 3488 2532 3555 (illia
2563 3507 2582 3538 ι
2619 3489 2836 3558 impius
2897 3493 3265 3550 maledicens
3311 3494 3575 3553 Satanam,
3600 3491 3690 3557 ipse

2087 3579 2628 3633 maledicitanimam
2652 3595 2846 3636 suam.
2885 3603 2906 3636 ›
2950 3584 3072 3640 Sed
3105 3597 3167 3640 et
3199 3587 3254 3640 in
3288 3585 3471 3654 aliquo
3491 3582 3686 3652 quodam

2088 3669 2290 3736 libello,
2321 3670 2412 3739 qui
2468 3671 2792 3739 appellatur
2850 3673 3286 3731 Testamentum
3341 3675 3686 3738 duodecimpa-

2088 3762 2469 3827 triarcharum,
2497 3764 2762 3831 quamvis
2793 3780 2916 3820 non
2950 3768 3242 3824 habeatur
3271 3769 3328 3824 in
3392 3780 3598 3829 canone,
3626 3772 3688 3815 ta-

2089 3850 2190 3904 lem
2232 3859 2415 3905 tamen
2445 3853 2757 3919 quemdam
2798 3869 3048 3912 sensum
3083 3860 3437 3924 invenimus‘,
3466 3855 3590 3925 quod
3613 3833 3696 3920 μετ’

2089 3941 2338 4007 singulos
2366 3951 2664 4008 peccantes
2684 3945 2902 4013 singuli
2940 3947 3183 4004 Satanae
3212 3950 3444 4020 intelligi
3476 3947 3689 4003 debeant.

2090 4029 2408 4083 Evidentius
2437 4039 2626 4084 autem
2655 4043 2715 4086 et
2747 4034 2878 4103 ipsa
2922 4039 3184 4094 nominis
3234 4040 3358 4108 ejus
3409 4039 3686 4104 interpreta-

2092 4119 2183 4182 tio,
2213 4120 2355 4174 sicut
2381 4121 2614 4176 stndiosi
2645 4124 3040 4183 Hebraeorum
3079 4132 3332 4193 tradunt,
3363 4129 3464 4183 hoc
3492 4128 3612 4180 idem
3627 4122 3689 4176 si-

2090 4208 2352 4276 gnificare
2376 4210 2622 4265 videtur.
2656 4211 2911 4271 Satanas
2945 4234 3198 4289 namque
3223 4221 3550 4274 adversarius
3573 4215 3691 4268 dici-

439 4304 513 4359 sit
577 4303 722 4357 illum
768 4304 1034 4370 spiritum,
1071 4303 1161 4369 qui
1211 4303 1278 4354 ab
1321 4301 1410 4354 illo
1447 4311 1632 4356 sancto
1685 4303 1860 4358 victus
1887 4316 1993 4374 est,
2026 4320 2070 4374 ι)
2099 4306 2205 4351 lur.
2232 4299 2436 4353 Omnes
2487 4314 2624 4369 ergo
2681 4305 2777 4370 qui
2822 4307 3224 4362 adversantur
3284 4310 3380 4364 Dei
3441 4302 3690 4362 voluntati.

440 4397 750 4463 impugnare
818 4395 1010 4447 iterum
1077 4395 1237 4445 alium
1315 4393 1629 4456 hominem;
1697 4394 1791 4446 scd
1858 4395 2000 4452 sicut

441 4483 518 4539 illi
566 4483 805 4551 Spiritus,
849 4482 938 4548 qui
975 4481 1236 4548 rogabant
1293 4478 1471 4533 Jesum
1521 4495 1589 4535 ne
1637 4481 1688 4534 in
1742 4483 1996 4552 abyssum

443 4575 789 4627 mitterentur
843 4572 900 4635 ⁷,
949 4570 1091 4638 quod
1145 4585 1285 4623 nunc
1331 4569 1542 4624 interim
1597 4572 1852 4627 Dominus
1900 4589 1997 4643 pro

445 4664 701 4736 praesenti
749 4661 1149 4732 dispensatione
1196 4663 1502 4726 concessit;
1555 4665 1628 4718 ita
1659 4680 1998 4735 consequens

442 4755 700 4816 videtur,
758 4750 896 4818 quod
945 4750 1141 4816 singuli
1215 4751 1412 4818 quique
1474 4766 1704 4812 nequam
1774 4756 1998 4823 spiritus

444 4856 566 4897 cum
604 4844 893 4896 vincuntur
938 4855 968 4893 a
1016 4839 1237 4902 sanctis,
1283 4839 1366 4893 vel
1427 4840 1480 4892 in
1528 4841 1774 4910 abyssum
1826 4844 1905 4896 vel
1944 4845 1998 4896 in

2096 4385 2314 4439 Satanae
2343 4397 2579 4454 possunt
2603 4390 2735 4444 dici.
2765 4391 2905 4448 Haec
2935 4412 3083 4464 ergo
3114 4398 3361 4451 diximus
3385 4411 3478 4466 pro
3497 4410 3556 4448 eo
3574 4389 3691 4460 quod

2095 4479 2358 4546 scriptum
2389 4487 2476 4534 est
2505 4479 2574 4544 “,
2606 4498 2628 4532 ι
2666 4484 2801 4550 quia
2855 4487 3216 4542 confortavit
3260 4487 3514 4542 Dominus
3552 4480 3687 4536 corda

2095 4584 2285 4623 eorum
2335 4580 2398 4624 ut
2449 4571 2669 4626 exirent
2729 4576 2802 4629 ad
2845 4578 3114 4644 prmlium
3174 4589 3369 4632 contra
3417 4574 3590 4636 lsrael,
3643 4577 3691 4620 ιιι

2094 4660 2623 4716 exterminarentur.
2665 4682 2684 4716 ι
2723 4665 2946 4724 Beatus
2982 4684 3124 4740 ergo
3150 4682 3240 4724 est
3277 4669 3369 4736 qui
3413 4663 3688 4719 indesinen-

2097 4757 2178 4800 ter
2209 4747 2512 4814 spiritalem
2539 4751 2882 4808 machaeram
2930 4765 3156 4822 tenens,
3194 4773 3306 4810 non
3338 4754 3511 4808 aufert
3536 4763 3640 4804 eam
3663 4759 3687 4796 I

2097 4838 2408 4896 cervicibus
2437 4843 2631 4896 horum
2665 4843 2953 4914 hostium,
2986 4849 3058 4903 de
3096 4848 3303 4916 quibus
3335 4844 3569 4914 superius
3594 4853 3688 4891 me-

512 5014 535 5048 '
564 5015 752 5069 Matth.
777 5031 892 5070 vut.
964 5017 985 5048 ⁸
1018 5015 1145 5068 Luc.
1183 5028 1297 5074 vttt,
1324 5011 1412 5064 30.
1481 5011 1502 5041 ⁹
1533 5011 1669 5065 Psal.
1699 5027 1774 5075 αι,
1813 5012 1866 5067 8.
1945 5015 1976 5048 ¹¹

2167 5056 2172 5070 .
2212 5021 2455 5086 χνι,20.
2531 5025 2573 5056 ¹¹
2608 5023 2759 5079 Eccl.
2795 5039 2922 5093 χιι,
2950 5027 3045 5082 50.
3124 5028 3168 5058 "
3202 5026 3326 5082 Jos.
3365 5040 3441 5088 ιι,
3471 5023 3555 5077 20.

520 5127 628 5198 (θὲ)
663 5126 786 5182 Mss.
839 5145 857 5178 I
886 5134 940 5182 et
983 5127 1028 5181 si
1070 5127 1304 5181 eveniat.
1337 5143 1354 5175 ι
1409 5123 1562 5179 l.ibb.
1608 5123 1759 5189 editi,
1799 5143 1816 5175 ι
1851 5136 1906 5180 et
1939 5127 1984 5180 si

447 5201 709 5253 Inveniat.
737 5213 757 5249 ο

484 5265 639 5384 ﬁgo),
682 5266 808 5322 Mss.
850 5285 870 5317 ‹
900 5264 980 5319 vel
1030 5264 1082 5317 in
1124 5263 1263 5317 aliis.
1303 5283 1322 5315 ι
1370 5263 1488 5318 Lib.
1538 5260 1702 5323 editi,
1761 5278 1778 5311 ι
1827 5271 1881 5372 et
1931 5263 1983 5317 in

449 5349 588 5387 allls.
621 5354 639 5386 I
1843 5370 1845 5372 ς

521 5404 632 5471 (94)
659 5403 812 5456 Libb.
838 5403 1006 5466 editi,
1056 5420 1074 5453 ι
1111 5415 1336 5469 pugnam
1380 5415 1496 5454 esse
1537 5399 1692 5454 nobis
1731 5396 1984 5453 omnibus

453 5472 660 5523 scribit.
693 5471 889 5525 Tamen
923 5486 1042 5525 reor
1080 5472 1340 5522 omnium.
1376 5489 1393 5519 ι

522 5539 631 5605 (93')
680 5540 790 5592 Duo
829 5555 956 5594 mss.
989 5539 1370 5600 Ebroicenses,
1410 5555 1426 5618 Ie
1459 5537 1600 5591 velut
1629 5551 1797 5605 equos
1827 5535 1989 5604 pluri-

2097 5143 2242 5183 mos.

2173 5145 2188 5181 ι
2225 5169 2242 5183 .

2351 5205 2561 5282 Omnes
2613 5211 2978 5282 manuscripti
3010 5247 3028 5277 ,
3082 5229 3101 5262 ι
3141 5211 3483 5266 sinerentur.
3520 5224 3538 5258 ι
3581 5202 3683 5256 Lib.

2037 5337 2042 5342 ἰ
2095 5268 2313 5342 Willet
2361 5280 2683 5336 linireutttr.
2722 5299 2742 5334 ι

2329 5346 2461 5419 Duo
2489 5351 2877 5414 Ebroicenses,
2919 5368 2937 5402 ‹
2970 5349 3175 5419 vagari.
3212 5369 3233 5402 ι

2329 5415 2528 5491 iidem,
2566 5442 2584 5476 ς
2616 5409 2919 5478 habitabat.
2942 5441 2960 5472 ι
3003 5409 3152 5476 ιῖυυ.
3179 5412 3680 5491 γθιιίιῖηιιιηιιίιρι..)

2165 5477 2298 5610 (ε)ξὲ
2327 5477 2532 5564 Utique
2586 5497 2737 5552 deest
2785 5495 2839 5550 in
2889 5493 3018 5548 libb.
3064 5490 3246 5552 editis,
3290 5477 3384 5542 sed
3427 5490 3592 5539 exstat
3640 5480 3683 5530 in

2165 5562 2209 5604 30
2300 5567 2760 5610 anaermnnmisi-

2095 5558 2209 5604 nis.
2248 5558 2761 5636 Sangermaueusi.
