3822 6196
102 174 105 177 ’
155 220 270 307 ωε

1193 247 1263 304 IN
1298 247 1550 304 LIBRUM
1589 247 1748 305 IESU
1787 247 1974 304 NAVE
2011 248 2289 306 HOMILIA
2327 250 2464 305 XVI.

3164 232 3195 247 ι,

3292 254 3398 307 9ου

194 343 536 417 notavimus.
587 343 735 403 sicut
780 357 837 403 et
884 350 1171 416 Ieremias
1216 364 1469 432 propheta
1514 363 1641 416 dicit
1674 362 1717 393 ¹³
1751 377 1763 413 :
1796 365 1844 425 Α
1869 376 1935 418 eo
1958 364 2304 432 appellamur,
2332 365 2472 434 quod
2500 363 2790 433 longaevam
2823 365 3068 421 duxerint
3094 366 3277 434 vitam,
3306 370 3399 423 sed

202 468 223 502 ι
251 437 559 502 Maledictus
583 436 745 493 homo
772 441 870 507 qui
898 442 1037 498 facit
1064 462 1226 517 Opera
1260 450 1461 502 Domini
1496 448 1762 517 negligen-

202 550 298 600 ter,
321 544 379 591 et
403 532 579 587 aufert
603 532 928 587 machaeram
957 550 1116 589 suam
1150 554 1179 591 a
1215 538 1473 606 sanguine
1516 537 1759 602 inimico-

198 643 341 685 rum.
376 644 399 678 ι
431 624 544 679 Hoc
564 621 609 676 si
637 621 936 676 secundum
970 622 1211 679 litteram
1246 625 1622 694 intelligamus,
1670 637 1762 677 ne-

194 733 348 776 cesse
415 716 527 772 erit
571 728 671 768 nos
725 712 1101 768 indesinenter
1162 715 1472 781 sanguinem
1518 712 1760 766 fundere.

192 810 347 877 Quod
378 807 562 863 Iudaei
617 813 871 873 putantes
899 805 993 873 qui
1046 819 1111 858 ex
1164 805 1369 873 integro
1405 818 1531 857 caro
1559 811 1680 855 sunt
1709 810 1764 856 et

190 899 449 968 sanguis,
514 894 764 951 crudeles
793 902 849 947 et
893 893 1258 961 implacabiles
1319 893 1472 954 ﬁunt,
1526 890 1759 945 dicentes

188 986 649 1045 maledictiouem
683 984 914 1054 positam
943 997 1063 1037 esse
1092 983 1173 1045 iis,
1204 982 1292 1051 qui
1322 997 1351 1035 a
1401 984 1659 1051 sanguine
1685 982 1765 1036 ef-

186 1078 479 1136 fundenda
507 1074 867 1137 cessaverint,
893 1084 950 1126 et
980 1073 1099 1126 ideo
1147 1074 1305 1140 pedes
1353 1087 1533 1127 eorum
1560 1073 1766 1126 veloces

185 1176 316 1224 sunt
338 1167 417 1222 ad
448 1165 839 1220 eﬂundendum
868 1166 1201 1231 sanguinem.
1228 1161 1335 1217 Sed
1378 1162 1479 1218 illis
1514 1163 1763 1231 hujusce.

185 1257 338 1312 modi
372 1254 769 1325 intelligentia,
814 1255 939 1321 quia
991 1267 1118 1307 caro
1153 1262 1208 1306 ct
1247 1253 1467 1322 sanguis
1519 1261 1663 1317 sunt,
1687 1251 1766 1303 vi-

185 1350 444 1412 deatur;
512 1346 652 1400 mihi
708 1353 887 1398 autem
940 1352 1158 1411 praestet
1208 1343 1463 1398 Dominus
1499 1355 1763 1411 nunquam

184 1436 479 1506 negligere
508 1448 682 1503 Opera
709 1432 937 1490 Domini,
964 1442 1062 1482 nec
1086 1429 1298 1485 auferre
1324 1430 1617 1498 spiritalem
1654 1429 1768 1497 gla-

186 1527 337 1581 dium
364 1524 530 1579 verbi
569 1523 663 1578 Dei
695 1537 726 1575 a
763 1524 1027 1589 sanguine
1071 1521 1459 1575 contrariarum
1488 1519 1766 1581 virtutum,

1867 466 1965 522 pro
1988 454 2299 506 maturitate
2338 468 2525 508 sensus
2548 462 2600 506 et
2644 454 2904 521 gravitate
2944 457 3066 512 vitae
3094 461 3400 513 veneranda

1868 541 1969 594 hac
1992 540 2347 610 appellatione
2394 540 2731 604 decorentur,
2781 543 3007 598 maxime
3028 560 3146 601 cum
3185 547 3401 602 additur

1869 628 1932 683 ad
1970 630 2330 700 presbyterum
2374 644 2554 684 sermo
2600 630 2700 685 iste
2734 633 2822 700 qui
2872 635 3129 702 sequitur,
3162 652 3182 687 ι
3216 636 3404 706 plenus

1869 718 2097 775 dierum.
2133 737 2153 770 ι
2184 718 2240 772 Si
2269 720 2408 772 enim
2447 719 2543 774 aevi
2573 719 2875 789 prolixitate
2911 723 3269 792 appellandus,
3308 729 3402 796 qui

1867 808 2169 877 presbyter,
2196 807 2277 863 vel
2315 807 2493 863 senior
2537 809 2827 867 videretur.
2857 824 3014 878 quem
3047 814 3215 883 magis
3239 829 3400 883 opor-

1873 897 2016 950 tebat
2061 898 2218 951 alium
2270 898 2371 952 hoc
2423 900 2636 952 nomine
2688 898 2917 962 censeri,
2973 914 3130 968 quam
3170 902 3401 971 primum

1869 989 2059 1053 Adam,
2086 992 2167 1045 vel
2195 1000 2340 1044 certe
2376 990 2745 1056 Mathusalem,
2791 1001 2884 1045 aut
2920 990 3052 1056 Noe,
3098 995 3189 1061 qui
3220 995 3406 1066 utique

1870 1077 2022 1148 longe
2044 1081 2284 1149 pluribus
2310 1080 2383 1150 (5)
2415 1095 2573 1149 quam
2608 1081 2784 1135 caeteri
2812 1082 2967 1136 annis
2998 1083 3050 1136 in
3079 1084 3181 1137 hoc
3208 1087 3406 1141 mundo

1870 1168 2067 1221 vixisse
2096 1168 2469 1222 declarantur?
2514 1167 2619 1224 Sed
2651 1185 2792 1224 nunc
2839 1171 3115 1226 videamus
3168 1174 3309 1240 quod
3338 1189 3404 1228 ex

1872 1257 1976 1312 illis
2002 1258 2214 1325 quidem
2240 1257 2400 1329 436
2433 1259 2606 1314 nullus
2656 1259 2888 1313 refertur
2917 1276 2945 1313 a
2977 1259 3253 1330 Scriptura
3283 1278 3405 1331 prc-

1872 1348 2054 1415 sbyter
2079 1354 2171 1400 aut
2207 1349 2386 1401 senior
2431 1348 2744 1417 appellatus,
2775 1349 2867 1403 sed
2899 1349 2943 1404 is
2984 1351 3074 1417 qui
3102 1350 3256 1419 longe
3286 1352 3407 1407 bre-

1870 1436 2034 1490 vioris
2078 1437 2330 1503 temporis
2377 1436 2535 1490 vitam
2566 1437 2738 1498 duxit,
2770 1437 2970 1505 primus
2998 1437 3052 1491 in
3114 1438 3406 1507 Scripturis

1871 1524 2071 1579 sanctis
2114 1524 2378 1577 Abraham
2424 1527 2723 1593 presbyter,
2770 1525 2850 1579 vel
2884 1526 3063 1580 senior
3087 1528 3405 1595 appellatur.

184 1624 244 1668 et
274 1613 628 1668 mortificare
649 1626 743 1666 eas
770 1611 825 1664 in
871 1624 1194 1679 unoquoque
1222 1609 1541 1663 auditorum.
1601 1606 1769 1661 Inter-
1805 1682 1831 1687 _
1874 1612 2077 1665 Dictum
2107 1621 2190 1665 est
2231 1613 2391 1665 etiam
2420 1613 2487 1667 ad
2516 1612 2727 1682 Moysen
2776 1628 2807 1667 a
2844 1613 3070 1670 Domino
3099 1616 3175 1671 ¹⁶;
3208 1635 3227 1668 ι
3261 1617 3409 1687 Elige

187 1704 465 1760 ﬁciuntur
496 1710 686 1755 autem
716 1700 770 1755 in
797 1699 952 1755 vobis
981 1700 1053 1754 ita
1082 1699 1315 1761 demum,
1362 1698 1408 1751 si
1460 1696 1545 1752 his
1573 1696 1769 1750 auditis
1803 1682 1842 1742 Β
1874 1701 1968 1754 tibi
2005 1702 2071 1754 ab
2092 1701 2234 1754 omni
2263 1700 2454 1769 populo
2476 1703 2840 1771 presbyteros,
2872 1718 3004 1771 quos
3032 1711 3084 1757 tu
3118 1709 3255 1761 nosti
3278 1682 3407 1777 quia

185 1808 386 1849 earum
412 1805 593 1859 opera
629 1805 735 1844 non
769 1789 960 1857 agatis.

258 1882 316 1936 7.
348 1882 572 1936 Dicitur
608 1890 791 1933 autem
823 1879 877 1932 in
904 1878 1353 1947 consequentibus
1386 1878 1451 1942 “,
1476 1876 1598 1944 quia
1632 1894 1650 1927 ι
1683 1889 1770 1930 ce-

185 1972 267 2041 pit
302 1970 473 2026 Iesus
501 1984 728 2024 omnem
759 1976 977 2031 terram,
1010 1969 1150 2022 sicut
1193 1966 1461 2019 mandavit
1510 1964 1770 2020 Dominus

189 2060 395 2130 Moysi.
439 2078 460 2111 ι
495 2059 597 2113 Ille
621 2058 782 2113 Iesus
816 2057 956 2110 filius
986 2056 1152 2119 Nave,
1199 2071 1303 2109 non
1338 2056 1489 2109 video
1518 2055 1655 2122 quod
1684 2070 1771 2108 ce-

189 2150 341 2219 perit
367 2163 597 2203 omnem
659 2157 882 2202 terram.
927 2148 1192 2214 Quantum
1224 2146 1365 2199 enim
1421 2154 1575 2198 terra:
1605 2144 1765 2210 cepit,

185 2240 281 2307 qui
317 2238 574 2293 Iudaeam
614 2237 791 2291 tenuit
818 2235 1027 2291 solam?
1068 2233 1259 2287 Noster
1284 2243 1458 2286 autem
1520 2232 1772 2285 Dominus

188 2328 361 2385 Iesus
392 2329 514 2397 ipse
537 2341 672 2382 vere
694 2329 839 2395 cepit
862 2341 1073 2379 omnem
1104 2334 1323 2383 terram,
1368 2324 1418 2374 in
1451 2337 1514 2375 eo
1540 2321 1679 2389 quod
1707 2336 1771 2374 ex

185 2418 344 2473 anni
374 2427 553 2479 terra,
585 2425 754 2483 atque
805 2430 871 2468 ex
892 2414 1140 2467 omnibus
1171 2411 1494 2472 nationibus,
1549 2410 1614 2463 ad
1652 2424 1771 2463 eum

188 2506 486 2562 concurrit
511 2504 855 2560 credentium
886 2506 964 2572 (1)
999 2501 1303 2557 multitudo.
1335 2500 1561 2553 Additur
1608 2498 1771 2552 etiam

190 2606 318 2665 post
358 2595 485 2650 haec
528 2601 881 2662 posteaquam
908 2606 1123 2646 omnem
1175 2601 1371 2646 terram
1406 2589 1546 2655 cepit
1574 2586 1770 2645 Iesus:

197 2702 221 2738 ι
247 2684 315 2741 Et
345 2684 653 2753 requievit,
680 2682 857 2752 inquit
879 2683 946 2746 ³⁸,
986 2690 1129 2735 terra
1178 2695 1208 2734 a
1255 2679 1426 2734 bellis.
1462 2698 1481 2731 ι
1510 2678 1620 2733 Hoc
1641 2694 1774 2749 quo-

195 2775 361 2831 modo
384 2789 522 2829 vere
547 2773 826 2827 videbitur
859 2773 965 2826 dici
995 2772 1060 2826 de
1086 2770 1195 2824 lilio
1227 2768 1388 2833 Nave,
1431 2770 1552 2836 quia
1596 2784 1775 2824 cessa-

196 2867 274 2922 vit
329 2877 486 2921 terra
535 2880 569 2918 a
615 2864 796 2930 bellis,
841 2880 959 2932 quae
1004 2877 1275 2931 nunquam
1304 2860 1414 2915 fere
1450 2863 1775 2929 temporibus

196 2955 312 3025 eius
338 2955 592 3011 cessavit
641 2970 672 3008 a
722 2954 917 3009 bellis?
947 2953 1052 3007 Sed
1101 2954 1199 3006 hoc
1226 2951 1524 3020 completur
1569 2953 1619 3004 in
1661 2952 1775 3006 solo

199 3044 434 3100 Domino
461 3057 600 3097 meo
645 3042 771 3097 Iesu
799 3042 1038 3098 Christo.
1093 3039 1148 3095 Si
1199 3041 1342 3095 enim
1389 3040 1695 3095 consideres
1726 3051 1777 3094 te

197 3137 286 3204 qui
313 3135 524 3195 venisti
577 3133 650 3187 ad
700 3131 905 3192 Iesum,
936 3131 1083 3183 etab
1121 3143 1185 3182 eo
1229 3142 1324 3197 per
1373 3128 1623 3197 baptismi
1652 3142 1776 3197 gra-

204 3230 352 3293 tiam,
382 3225 789 3282 remissionem
841 3229 1164 3276 consecutus
1202 3234 1260 3275 es
1307 3229 1678 3287 peccatorum,
1722 3227 1777 3275 et

195 3319 302 3387 jam
348 3319 402 3372 in
459 3327 522 3371 te
560 3328 670 3368 non
702 3320 908 3381 pugnat
949 3313 1076 3363 caro
1111 3309 1369 3369 adversus
1411 3308 1676 3377 spiritum,
1723 3315 1781 3363 et

199 3407 423 3475 spiritus
456 3404 741 3458 adversus
791 3413 1029 3457 carnem,
1058 3398 1292 3452 cessavit
1332 3395 1408 3465 (2)
1456 3405 1593 3450 terra
1635 3405 1721 3449 tua
1747 3411 1777 3449 a

198 3498 348 3553 bellis
378 3514 399 3551 :
438 3495 491 3550 si
526 3502 715 3546 tamen
763 3497 992 3541 mortem
1041 3484 1165 3539 Iesu
1216 3484 1414 3540 Christi
1459 3484 1511 3537 in
1553 3498 1780 3552 corpore

200 3596 292 3643 tuo
323 3583 731 3642 circumferas,
781 3580 851 3632 ita
887 3586 947 3631 ut
968 3576 1305 3631 cessantibus
1345 3577 1397 3628 in
1432 3584 1484 3629 te
1531 3575 1779 3629 omnibus

199 3677 395 3746 praeliis
425 3671 707 3730 efﬁciaris
733 3668 1011 3737 paciﬁcus,
1049 3674 1104 3719 et
1131 3665 1273 3719 filius
1304 3664 1394 3717 Dei
1419 3664 1649 3718 voceris.
1675 3662 1779 3716 Sed

202 3768 305 3823 hoc
329 3768 423 3822 ﬁet
454 3771 828 3834 posteaquam
859 3756 995 3812 bella
1024 3755 1370 3822 transegeris,
1421 3763 1475 3806 et
1525 3754 1780 3806 adversa-

200 3858 312 3912 rios
333 3854 574 3911 viceris.
603 3850 760 3903 Tunc
786 3847 882 3900 tibi
906 3845 1121 3899 dabitur
1143 3845 1370 3911 requies,
1397 3850 1454 3895 ut
1477 3842 1781 3907 requiescas

202 3947 305 4002 sub
332 3949 449 4002 vite
479 3954 606 4006 tua,
630 3938 722 4007 qui
752 3946 836 3991 est
856 3934 1105 3989 Christus
1123 3932 1298 3996 Iesus,
1324 3942 1379 3985 et
1414 3933 1512 3985 sub
1538 3930 1641 3982 ﬁcu
1668 3941 1780 3994 tua,

204 4038 295 4104 qui
336 4045 422 4090 est
466 4032 719 4100 Spiritus
758 4037 997 4090 sanctus,
1026 4034 1084 4077 ut
1119 4024 1189 4076 ita
1231 4021 1429 4088 gratias
1454 4018 1653 4073 referas
1674 4020 1782 4074 Deo

205 4124 350 4180 Patri
372 4118 758 4187 omttipotenti
799 4117 850 4170 in
895 4118 1011 4185 ipso
1033 4112 1247 4167 Christo
1287 4108 1411 4162 Iesu
1437 4108 1658 4162 Domino
1686 4122 1782 4161 no-

204 4225 342 4278 stro,
393 4212 496 4271 cui
525 4218 614 4265 est
638 4207 809 4276 gloria
843 4217 898 4261 et
921 4201 1201 4272 imperium
1242 4197 1319 4266 (5)
1355 4197 1408 4251 iu
1457 4197 1648 4251 saecula
1682 4211 1782 4251 sre-

204 4295 489 4359 culorum.
508 4301 714 4355 Amen.

783 4380 1060 4437 IIOIIILIA
1096 4378 1236 4432 XVI.

210 4483 286 4538 De
306 4500 367 4537 eo
388 4485 540 4553 quod
565 4470 944 4553 scriptunt'est,
960 4490 978 4551 ς
994 4469 1220 4553 Ειιιζεριιξ
1244 4460 1672 4553 erat-presbpter;
1684 4458 1779 4553 {133

377 4530 639 4605 Etiam
670 4530 941 4610 provectus,
962 4542 1012 4589 in
1039 4539 1217 4590 diebus
1263 4534 1489 4610 s_uis‘,'iet
1524 4530 1779 4610 quomodo

277 4603 571 4675 Ilieretiilas
623 4603 715 4679 per
761 4608 972 4678 Moysen
997 4611 1117 4658 data
1158 4613 1228 4655 es:
1260 4603 1457 4652 duabus
1498 4603 1649 4647 sentis
1682 4603 1781 4647 trt-

281 4690 451 4742 bubus
479 4686 585 4754 (4).

282 4781 339 4832 1.
373 4778 555 4831 Etiam
586 4780 717 4824 ante
750 4783 847 4821 nos
879 4767 1091 4833 quidam
1137 4765 1484 4814 observantes
1526 4762 1780 4807 notarunt

210 4866 269 4921 in
299 4864 635 4933 Scripturis,
669 4857 796 4926 quia
847 4851 1168 4922 presbyteri,
1212 4848 1294 4901 vel
1319 4844 1558 4900 seniores
1587 4857 1690 4895 non
1718 4856 1781 4894 cx

1874 1791 2165 1859 presbyteri
2192 1802 2336 1846 sunt.
2378 1808 2398 1840 ι
2435 1789 2539 1843 Sed
2564 1790 2786 1845 observa
2820 1794 2981 1846 etiam
3008 1802 3086 1858 tu,
3117 1810 3149 1848 ο
3175 1799 3406 1865 auditor,

1874 1878 1927 1932 in
1951 1880 2092 1933 omni
2123 1879 2424 1948 Scriptura,
2455 1880 2626 1933 sicubi
2651 1880 2895 1935 invenire
2918 1896 3066 1951 potes
3097 1887 3407 1953 appellatio-

1874 1984 1996 2024 nem
2034 1971 2170 2025 banc
2197 1970 2379 2024 senior
2408 1977 2462 2022 et
2493 1969 2677 2036 plenus
2714 1970 2939 2038 dierum,
3000 1974 3221 2042 positam
3252 1992 3411 2045 super

1875 2057 2051 2125 aliquo
2077 2066 2377 2124 peccatore.
2409 2055 2562 2109 Nunc
2592 2071 2719 2124 ergo
2742 2060 2915 2112 sancti
2944 2058 3176 2128 Spiritus
3210 2078 3305 2116 vox
3329 2071 3409 2117 est

1874 2148 2273 2216 pronuntiantis
2321 2145 2504 2198 Iesum
2546 2147 2941 2215 presbyterum,
2999 2149 3083 2203 vel
3119 2151 3407 2213 seniorem,

1875 2245 1929 2290 et
1964 2245 2273 2303 provectum
2305 2235 2355 2286 in
2389 2235 2598 2289 diebus.
2632 2235 2706 2289 Ita
2739 2238 2880 2290 enim
2908 2237 3039 2290 dicit
3071 2238 3111 2268 "
3155 2255 3169 2291 :
3205 2257 3225 2290 ι
3255 2238 3409 2295 Iesus

1875 2325 2017 2380 enim
2053 2334 2190 2388 erat,
2240 2324 2432 2391 inquit,
2483 2324 2778 2394 presbyter,
2829 2326 2910 2379 vel
2937 2329 3117 2382 senior
3137 2336 3193 2381 et
3220 2343 3408 2396 prove-

1876 2422 1997 2471 ctus.
2017 2414 2242 2467 dierum.
2274 2432 2293 2464 ι
2322 2413 2471 2478 Quod
2523 2415 2705 2481 utique
2726 2415 2789 2468 de
2841 2424 3125 2483 peccatore
3167 2417 3270 2471 dici
3303 2432 3407 2472 non

1876 2511 2107 2571 poterat,
2138 2503 2263 2571 quia
2311 2511 2562 2571 peccator
2603 2519 2705 2558 non
2738 2513 2821 2558 est
2849 2515 3134 2572 provectus
3179 2505 3409 2564 dierum.

1876 2591 1991 2646 Non
2022 2592 2162 2646 enim
2189 2606 2246 2646 se
2272 2593 2517 2648 extendit
2540 2592 2606 2646 ad
2629 2607 2690 2648 ea
2718 2608 2836 2660 quae
2867 2602 2992 2648 ante
3015 2603 3140 2648 sunt
3161 2594 3257 2665 (6),
3278 2595 3416 2651 obli-

1877 2683 2090 2737 viscens
2121 2697 2183 2735 ea
2219 2698 2337 2751 quae
2382 2692 2679 2738 retrorsum
2728 2694 2875 2751 sunt,
2914 2687 3005 2740 sed
3029 2700 3240 2751 semper
3269 2698 3413 2743 retro

1880 2771 2228 2835 convertitur,
2258 2779 2311 2824 et
2341 2770 2404 2823 ad
2430 2770 2683 2824 vomitum
2707 2786 2860 2824 suum
2894 2772 3048 2837 redit,
3082 2783 3134 2827 et
3163 2774 3281 2829 ideo
3308 2790 3412 2828 non

1879 2868 2032 2927 aptus
2055 2868 2136 2913 est
2164 2874 2327 2928 regno
2357 2859 2638 2914 ctelorum.
2670 2860 2766 2926 Qui
2801 2872 2978 2917 autem
3004 2879 3213 2933 semper
3242 2865 3319 2934 (7)
3345 2866 3413 2919 ad

1877 2948 2056 3016 priora
2091 2949 2417 3015 extenditur,
2446 2959 2499 3002 et
2530 2950 2596 3002 ad
2645 2950 3025 3017 perfectionem
3076 2953 3265 3019 fertur,
3314 2954 3416 3009 isto

1879 3048 2162 3106 provectus
2213 3047 2293 3092 est
2326 3039 2381 3092 in
2412 3040 2598 3093 diebus
2644 3042 2775 3094 suis.
2828 3042 2893 3096 Et
2931 3058 3071 3098 nunc
3112 3059 3241 3113 ergo
3284 3044 3415 3100 dicit

1877 3127 2134 3182 Dominus
2165 3128 2228 3181 ad
2261 3126 2439 3182 Iesum
2471 3129 2516 3160 ¹⁸
2549 3150 2561 3183 ;
2596 3146 2616 3179 ι
2650 3130 2726 3182 Tu
2753 3140 3038 3198 provectus
3066 3148 3123 3189 es
3145 3134 3199 3188 iu
3228 3135 3416 3191 diebus

1878 3215 2001 3269 tuis.
2036 3233 2056 3265 ι
2091 3212 2281 3268 Nescio
2303 3228 2400 3282 ego
2430 3216 2475 3268 si
2506 3216 2557 3268 in
2597 3218 2698 3270 hoc
2736 3216 2853 3271 loco
2890 3218 3017 3273 illud
3068 3228 3241 3288 potest
3265 3221 3415 3275 vide-

1879 3303 1946 3367 ri,
1970 3304 2093 3372 quia
2120 3304 2221 3357 hoc
2264 3304 2479 3357 dicebat
2527 3305 2782 3359 Dominus
2835 3307 2901 3362 ad
2951 3306 3154 3371 Iesum,
3186 3311 3324 3378 quod
3348 3310 3416 3366 de

1879 3401 2033 3446 aetate
2055 3393 2170 3461 ejus
2196 3393 2352 3445 senili
2395 3408 2581 3447 omnes
2610 3395 2886 3459 videbant,
2935 3405 2990 3450 et
3041 3411 3228 3453 omnes
3254 3413 3417 3453 nove-

1881 3490 2024 3535 rant.
2054 3482 2118 3535 Et
2143 3496 2263 3549 quae
2283 3490 2407 3535 sunt
2435 3491 2540 3536 tam
2579 3498 2767 3552 magna
2800 3498 3049 3553 responsa
3084 3489 3184 3542 ista
3212 3489 3415 3553 divina,

1879 3587 1996 3640 quze
2018 3571 2321 3625 hominibus
2355 3571 2689 3638 deferuntur,
2735 3583 2793 3627 ut
2833 3575 3014 3630 dicant
3042 3579 3153 3632 seni
3193 3579 3415 3645 homini,

1879 3662 2003 3730 quia
2036 3676 2196 3715 senex
2224 3676 2304 3721 es,
2338 3662 2480 3728 quod
2511 3676 2696 3715 omnes
2721 3663 2989 3729 videbant,
3019 3675 3074 3719 et
3109 3682 3300 3723 omnes
3322 3685 3421 3722 ne»

1880 3752 2102 3806 verant?
2131 3752 2235 3805 Sed
2272 3751 2399 3804 mibi
2448 3750 2654 3804 videtur
2697 3767 2949 3818 magnqu
3008 3753 3222 3821 aliquod
3259 3760 3417 3810 testi-

1882 3842 2116 3896 monium
2145 3856 2174 3893 a
2201 3842 2425 3893 Domino
2455 3855 2549 3908 per
2570 3841 2681 3894 haec
2732 3842 2848 3895 dari
2879 3842 2988 3895 lilio
3017 3843 3185 3905 Nave,
3216 3859 3335 3898 cum
3366 3847 3414 3900 ei

1881 3930 2094 3995 dicitur,
2130 3929 2254 3997 quia
2314 3937 2601 3997 provectus
2649 3930 2854 3984 dierum
2907 3946 2985 3987 es.
3041 3932 3104 3985 Et
3160 3943 3415 4001 quantum

1882 4020 2094 4088 quidem
2127 4018 2367 4086 proloqui
2395 4017 2566 4081 nobis,
2595 4019 2677 4072 vel
2708 4020 2916 4087 aperire
2955 4022 3019 4074 de
3054 4021 3252 4078 divinis
3300 4041 3418 4095 my-

1883 4108 2064 4163 steriis
2091 4106 2173 4159 fas
2198 4116 2299 4171 est,
2332 4121 2429 4173 ego
2454 4106 2687 4160 arbitror
2711 4107 2850 4175 quod
2892 4107 3029 4160 sicut
3070 4111 3147 4163 sol
3184 4111 3283 4166 iste
3308 4113 3420 4167 dies

1882 4201 2010 4254 facit
2040 4201 2237 4254 mundo
2288 4199 2432 4260 huic,
2461 4198 2531 4249 ita
2559 4206 2612 4250 et
2645 4197 2721 4251 sol
2743 4197 2965 4265 justitia:
3013 4199 3172 4254 faciat
3213 4203 3421 4271 aliquos

1809 4301 1859 4360 ι)
1884 4289 1996 4343 dies
2030 4287 2320 4356 spiritales,
2340 4289 2427 4355 qui
2460 4287 2665 4356 fulgore
2692 4288 2931 4340 veritatis
2980 4297 3034 4340 et
3062 4288 3305 4355 lampade
3333 4306 3422 4343 sa-

1884 4380 2101 4448 pientia:
2128 4379 2480 4433 illustrentur.
2517 4379 2572 4431 Si
2601 4377 2721 4445 quis
2761 4392 2891 4446 ergo
2936 4377 2986 4431 in
3023 4381 3300 4447 praeceptis
3322 4380 3419 4433 Dei

1886 4471 2048 4523 vitam
2082 4472 2219 4524 hanc
2245 4478 2580 4537 praesentem,
2616 4482 2754 4533 quae,
2799 4468 2939 4522 sicut
2985 4467 3149 4522 Iacob
3183 4468 3422 4532 dicebat,

1884 4573 2172 4633 paucorum
2201 4558 2539 4612 etmalorum
2595 4558 2800 4611 dierum
2840 4564 2941 4618 est,
2980 4558 3316 4626 transegerit,
3364 4567 3423 4613 et

1886 4647 2283 4705 immaculatum
2327 4662 2386 4701 se
2419 4650 2483 4700 ab
2513 4646 2616 4700 hoc
2660 4648 2855 4701 mundo
2886 4649 3235 4713 custodierit,
3262 4657 3421 4715 atque

1887 4753 2074 4795 omnes
2097 4736 2429 4790 adversarios
2449 4744 2502 4790 et
2530 4737 2711 4792 hostes
2741 4752 2865 4792 suos
2890 4738 3163 4805 subegerit
3206 4738 3421 4806 spirita-

1887 4831 1989 4892 les,
2016 4828 2080 4881 ab
2115 4827 2229 4880 istis
2279 4826 2463 4895 paucis
2492 4834 2547 4880 et
2598 4826 2753 4880 malis
2783 4826 2971 4882 diebus
3010 4827 3319 4896 provehitur
3368 4834 3423 4878 ct

287 5024 335 5058 ³⁸
385 5022 502 5076 Ier.
538 5030 733 5074 sum,
775 5010 859 5064 10.
934 5006 1114 5059 “Jos.
1156 5004 1350 5065 χι,25.
1430 4998 1473 5028 ³⁵
1525 4997 1651 5051 ibid.
1730 4997 1772 5026 ³⁵

1880 5007 1964 5046 nn.
1996 5003 2069 5043 xt.
2105 4986 2189 5041 16.
2270 4986 2308 5016 ’⁷
2352 4982 2465 5042 Ios.
2497 5000 2613 5049 xtn,
2639 4985 2692 5039 1.
2766 4984 2808 5015 ³⁸
2838 4984 2971 5038 ibid.

289 5179 371 5249 (1)
398 5178 606 5232 Omnes
665 5182 826 5231 mss.,
881 5182 900 5214 ι
958 5161 1303 5218 credentium.
1359 5175 1378 5207 ι
1420 5151 1579 5206 Libb.
1631 5150 1782 5213 editi,

216 5269 241 5302 ¢
279 5250 555 5313 gentium.
589 5261 609 5293 ι

290 5286 611 5383 Zei'biiiiie;
656 5322 817 5370 mss.,
849 5321 868 5354 ι
896 5301 1141 5356 cessavit.
1172 5314 1190 5346 ι
1220 5291 1372 5347 Libb.
1423 5286 1577 5350 editi,
1613 5303 1631 5336 ι
1668 5301 1790 5340 ces-

218 5389 390 5441 sauit.
435 5403 455 5435 ι
1239 5431 1252 5441 .
1346 5423 1543 5441 ...μμ
1598 5422 1716 5441 -.ηε

417 5422 545 5504 ῐῖηει
583 5464 603 5519 ς
644 5441 931 5519 imperium
962 5456 978 5487 ι
1009 5448 1139 5488 unus
1160 5431 1319 5485 codex
1346 5423 1567 5480 Ebroic.
1594 5422 1784 5475 addit:

224 5540 247 5575 ί
289 5517 415 5571 cum
455 5517 665 5583 Spiritu
700 5518 906 5583 sapuit).
949 5524 963 5551 ι
1014 5572 1041 5583 Η

293 5557 813 5655 (ὦηειεγᾴιλέιηοάο
861 5572 1121 5621 hmredilos
1153 5581 1235 5628 per
1272 5562 1484 5627 Moysen
1537 5557 1665 5610 data
1704 5564 1786 5609 est

608 5672 885 5725 I’A'rntzt.
919 5662 1027 5717 (is.
1077 5655 1203 5716 KH.

1884 5146 2082 5197 duabus
2104 5141 2257 5195 semis
2291 5140 2543 5194 tribubus.
2594 5137 2716 5193 Haec
2762 5136 3139 5191 desiderantur
3189 5131 3422 5187 inlibris

1886 5226 2039 5268 antea
2077 5211 2254 5272 editis,
2308 5211 2398 5263 sed
2430 5208 2676 5276 leguntur
2709 5207 2760 5258 in
2798 5220 2901 5276 ms.
2950 5202 3419 5276 Sangermanensi.

1957 5281 2032 5350 (5)
2064 5267 2592 5350 Msas'angermftt
2648 5272 3025 5350 utique-longe
3065 5267 3340 5338 pluribus.
3395 5280 3417 5315 ο

1887 5339 2042 5405 Libb.
2072 5347 2218 5407 editi,
2250 5364 2267 5394 ι
2300 5339 2507 5410 uirique
2536 5344 2688 5409 longe
2722 5339 2979 5407 pluribus.
3020 5354 3041 5386 ι

1958 5417 2034 5483 (6)
2063 5416 2158 5469 Ms.
2188 5415 2485 5483 Sangertn.,
2520 5428 2538 5483 ε
2572 5411 2771 5483 mante
2798 5413 2941 5483 stt-nt:
2980 5421 2999 5453 ι

2063 5460 2326 5550 ξξῦιιῖὲῖξο
2340 5460 2499 5552 Deest
2528 5477 2579 5528 in
2625 5474 2775 5527 libris
2809 5470 2987 5543 editis,
3021 5470 3116 5524 sed
3145 5468 3342 5536 legitur
3364 5460 3427 5521 in

1894 5546 1993 5609 ms.
2019 5546 2487 5617 'Sangermauensi.
