3822 6194
410 266 516 327 907
1851 243 2159 302 ORIGENIS
3551 205 3642 263 908

420 384 758 448 promovetur
788 375 854 428 ad
891 372 1006 426 illos
1037 369 1149 424 dies
1174 379 1400 424 aeternos
1444 375 1497 421 et
1528 367 1712 429 bonos,
1763 363 1944 418 :eterni
1978 368 2020 420 A
2047 360 2111 412 ad
2142 359 2274 411 fines
2299 351 2450 408 orbis
2482 358 2766 404 terrarum
2806 342 2867 396 in
2902 337 3231 433 conspectu
3249 326 3363 396 ejus
3387 340 3525 448 proci
3548 328 3642 448 '91:

421 416 748 448 ν.υ...ν.υ....
788 416 854 428 ....
892 416 1006 426 η.--
1039 416 1148 424 --.η
1174 416 1398 424 ..-------
1449 416 1496 421 --
1766 416 1800 418 ,ι
1843 416 1855 418 -
1978 416 2020 420 __
3217 421 3231 433 .
3513 416 3522 425 ο

419 470 548 524 solis
581 469 699 522 luce
751 467 1006 534 signatos.
1053 460 1166 514 Tali
1191 475 1316 528 ergo
1365 460 1589 526 quodam
1639 457 1823 512 ordine
1869 456 1948 507 in-
2046 449 2362 516 Ethiopes;
2421 460 2438 490 ι
2493 450 2550 495 et
2575 440 2623 471 "
2675 455 2689 490 :
2750 435 2907 534 ι.Ρῆ
2965 437 3131 534 "'81:?
3174 416 3640 534 ξιρῗ

422 501 548 524 ουιιδ
584 501 699 522 ιυιρυ
751 501 1006 534 mauu-um.
1061 501 1166 514 ..ιι--
1192 501 1316 528 νιον
1365 501 1589 526 κτηνυυη.
1641 501 1823 512 VH"..-
1871 501 1920 507 _-_
2047 501 2062 502 κ
2238 501 2249 516 ι
2351 501 2360 506 _

422 559 736 627 telligendus
766 565 921 610 estet
947 553 1099 608 Iesus
1140 566 1203 606 ex
1250 551 1441 604 divinis
1469 547 1737 617 responsis
1757 559 1948 616 prove-
2046 535 2339 602 Ethiopiaz
2370 529 2608 585 offerent
2657 517 2974 627 sacrificia.
3012 501 3643 627 ιῌηῗίἱῖιῖἶεᾟ

425 592 736 614 ιῦιιιυῠιιυυυ
766 592 848 610 Dat
869 592 921 610 υι
947 592 1099 608 ονομα
1141 592 1203 606 υσ-
1251 592 1441 604 u-v-u-u
1471 592 1552 603 -νυ
1595 592 1736 603 vn...-
1798 592 1850 600 -ν
1869 592 1918 600 ι-
2238 592 2249 602 ,

424 601 770 702 ριιιεοάἰθιιιιιι
798 642 1157 714 pronuntiari.
1557 592 1588 617 Υ
1760 592 1788 616 r
2050 627 2100 677 in
2134 620 2372 676 secundo
2407 619 2646 670 adventu
2697 611 2845 663 hanc
2905 611 3132 714 tlefraltl.
3172 592 3406 714 "milia:
3429 600 3645 714 quiis:

2318 711 2328 714 -
2378 709 2388 714 -
2472 707 2482 714 .
2511 705 2542 714 ,ν
2602 701 2623 714 «ι
2847 709 2905 714 -.-
2999 701 3084 714 ...Α
3119 703 3133 714 ι
3167 697 3272 714 ann
3335 696 3348 714 ι
3396 695 3407 714 I

491 675 540 702 LIS
567 675 770 701 υισιίυιιι
837 675 1157 698 ιυιιυιιιιαιιο
2174 675 2182 676 ί
3335 679 3346 690 .
3393 677 3406 689 .
3565 676 3574 687 ι
3603 675 3614 686 ι

491 740 544 792 2.
575 737 771 792 Verum
798 675 1059 804 lquoniam
1112 729 1438 784 instituimus
1484 741 1602 795 quae
1627 727 1690 780 de
1713 723 1834 778 Jesu
1867 723 1950 776 di—
2051 721 2251 782 perest,
2281 705 2552 804 obtinebit
2597 701 2817 804 Jesus':
2843 692 2949 804 sed
2980 685 3144 804 lle-1‘“:
3167 678 3648 804 5‘1'2::ll":;;“:l‘:'p‘f':

493 767 544 792 Ἀ.
588 767 771 792 ῐῠιιιιιι
807 767 820 788 ι
848 767 1059 788 ιιυιιιαιιι
1112 767 1438 784 annon-unauna
1524 767 1602 779 uw
1628 767 1690 780 ..υ
1713 767 1834 778 νυ-..
1870 767 1916 776 ι..
2053 767 2066 782 ,
2241 767 2249 772 ,
2364 777 2377 789 ,
3312 770 3323 782 .
3449 767 3460 778 .

423 835 615 882 cuntur
635 827 791 880 etiam
816 767 869 878 et
892 822 956 876 ad
982 820 1260 874 Dominum
1285 827 1338 870 et
1363 767 1688 870 Salvatorem
1712 820 1950 866 nostrum
2052 803 2228 871 primo
2279 799 2395 864 ejus
2450 795 2697 882 adventu
2727 781 2950 882 obte‘nti
3010 784 3168 879 sunt.
3222 771 3652 882 fer:

425 857 604 882 υυιιιυι
635 857 791 880 cum"
816 857 869 878 cr.
892 857 956 876 au
982 857 1260 874 υνιιιιιιυι...
1286 857 1338 870 ν.
1364 857 1592 870 “una...”
1607 857 1688 868 ν...
1713 857 1850 866 ην--.
1867 857 1950 864 .-_--
2054 857 2068 871 ,
2306 857 2322 864 _
3280 862 3292 873 .
3448 858 3457 868 '

425 913 646 976 referre,
671 911 791 978 quis
816 909 891 962 ita
924 908 1204 977 presbyter
1233 913 1288 958 et
1323 903 1503 957 senior
1534 908 1817 969 provectus
1842 899 1955 953 die-
2053 892 2190 961 grati
2220 897 2400 950 erunt,
2430 883 2547 952 qui,
2588 879 2778 934 multis
2799 866 3156 978 adversariis
3178 857 3579 978 resrstehntlbus:
3594 865 3654 978 :t

425 947 646 976 ισιυιιυ,
671 947 791 978 qu...
817 947 891 962 ι...
945 947 1193 975 ..νυ-υ.-.
1235 947 1288 958 ν.
1323 947 1496 957 ..-...--
1537 947 1814 969 ,μνη-η-
1847 947 1922 953 ν--
2053 947 2084 961 υ
2391 947 2397 950 _
2450 947 2462 952 _
3495 949 3505 960 _

423 1019 546 1061 rum
585 947 1082 1067 intelligiturfsicut
1107 997 1219 1063 ipse
1243 994 1331 1062 qui
1357 1003 1438 1046 est
1479 990 1815 1060 principium,
1851 986 1956 1054 pri-
2057 981 2236 1034 multis
2265 978 2512 1032 hostibus
2543 965 3066 1066 impugnantibtts..
3100 956 3251 1012 bello
3277 964 3347 1054 ρι’
3376 947 3655 1067 ²ξ¹ῖ¹¹⁵ίξ¹³ζ

425 1037 546 1061 ιιι...
585 1037 919 1067 ...ιωηοηυη
946 1037 1082 1052 νη...
1108 1037 1219 1063 ,νυν
1245 1037 1330 1062 .,_.
1359 1037 1438 1046 ν--
1482 1037 1815 1060 ,.-.----,.-____,
1853 1037 1932 1054 Γ,
2625 1037 2641 1040 _
3277 1043 3288 1054 .
3335 1043 3347 1054 .

425 1090 724 1161 mogenitus
751 1087 926 1142 omnis
948 1084 1241 1139 creaturae?
1267 1082 1387 1136 Ideo
1411 1079 1648 1134 fortassis
1676 1079 1788 1145 ipse
1812 1077 1954 1132 solus
2057 1071 2342 1124 reditatem
2401 1075 2581 1161 terrae-
2624 1049 3137 1161 repromissionis.-

423 1132 551 1237 νει-ἒ
574 1187 626 1232 ct
663 1179 866 1245 integre
891 1174 1169 1243 presbyter
1209 1170 1424 1232 dicitur,
1457 1176 1580 1221 ante
1605 1180 1764 1235 quem
1799 1178 1958 1218 nemo
2057 1173 2185 1212 vero
2237 1172 2304 1210 ex
2367 1150 2707 1206 necessitate
2764 1146 2897 1213 quis
2961 1137 3170 1242 fuerit-
3198 1132 3497 1245 subjeJctuns,
3527 1136 3659 1228 .tuuc

434 1218 551 1237 ,ων
575 1218 626 1232 ν.
664 1218 771 1232 ......
813 1218 865 1228 ,ν
932 1218 1044 1227 .-νη
1090 1218 1159 1226 ---
1212 1218 1424 1232 _----_-,
1615 1218 1740 1235 την
3527 1218 3538 1228 ο

426 1280 528 1324 est.
572 1269 734 1337 igitur
760 1218 968 1320 thertsi
1000 1218 1123 1316 qunt
1167 1260 1255 1328 qui
1306 1259 1551 1313 dicantur
1588 1259 1640 1310 in
1669 1256 1958 1323 Scripturis
2056 1247 2272 1316 quando
2325 1244 2489 1298 etiam
2556 1238 2931 1292 novissimum
3001 1228 3309 1328 inimicum
3342 1221 3542 1319 destrtn
3578 1234 3658 1318 ne-

427 1309 722 1430 presbyleri
753 1355 838 1409 vel
869 1354 1127 1414 seniores,
1175 1352 1257 1404 vel
1289 1349 1586 1418 pontifices,
1643 1356 1819 1398 tamen
1854 1345 1959 1398 Do-
2058 1351 2210 1393 cesse
2236 1343 2342 1399 est,
2379 1332 2594 1386 scilicet
2645 1335 2913 1386 mortem,
2953 1335 3070 1374 non
3105 1317 3219 1372 erit
3245 1315 3358 1381 jam
3416 1309 3574 1379 gratia
3603 1309 3659 1360 iis

427 1424 604 1504 minus
627 1447 784 1503 Jesus
808 1447 946 1500 sicut
977 1445 1028 1497 in
1073 1441 1410 1511 pontificibus
1458 1436 1764 1506 pontificum
1812 1435 1960 1504 prin-
2058 1426 2147 1496 qui
2179 1424 2570 1492 subjiciuntur.
3199 1494 3213 1511 ‘
3293 1482 3316 1504 ⁸,

429 1552 554 1606 ceps
581 1545 682 1597 est,
715 1543 767 1589 et
813 1534 949 1587 sicut
982 1533 1032 1583 in
1063 1529 1365 1598 pastoribus
1396 1528 1642 1594 princeps
1691 1532 1958 1592 pastorum
2127 1515 2183 1570 4.
2211 1515 2342 1567 Post
2374 1513 2491 1564 haec
2529 1522 2658 1562 eum
2687 1507 3095 1606 enumerasset
3160 1493 3432 1606 p‘l‘urimas
3480 1497 3660 1606 geglfs.

428 1578 532 1694 est,
585 1627 657 1680 ita
688 1635 740 1679 et
771 1625 822 1676 in
872 1578 1196 1690 presbyteris
1224 1620 1304 1672 vel
1363 1616 1661 1672 senioribus
1719 1613 1960 1681 princeps
1993 1677 2032 1694 ἢ
2060 1603 2219 1675 437
2250 1602 2318 1656 de
2364 1599 2609 1654 Sidoniis
2641 1595 2778 1650 solis
2827 1592 2974 1694 dixit
2997 1589 3116 1694 "n3.
3137 1605 3159 1638 ι
3188 1585 3262 1638 Et
3308 1594 3493 1694 omnes
3531 1578 3662 1694 Sigo—

428 1669 1167 1788 pre’sbyterorumrputandus
1193 1719 1296 1772 est,
1341 1715 1394 1761 et
1443 1707 1492 1758 in
1519 1703 1784 1772 episcopis
1816 1701 1962 1768 prin-
1993 1677 2034 1730 Β
2066 1695 2182 1746 nios
2212 1706 2312 1762 ego
2343 1687 2729 1743 exterminabo
2766 1699 2797 1736 a
2841 1682 3000 1736 facie
3031 1677 3286 1781 filiorum
3318 1671 3544 1771 lsrae|.:
3578 1669 3661 1767 No:

470 1758 588 1771 ’ννυ
629 1758 857 1769 ’ν’ν¹“”“
906 1758 1164 1779 I'“""“"‘
1202 1758 1296 1772 "'1
1348 1758 1390 1761 τί
1554 1758 1568 1772 ι
1706 1758 1717 1770 .
1818 1758 1830 1768 ,
2250 1758 2269 1762 γ
3533 1760 3544 1770 ⁸
3651 1758 3660 1767 0

429 1758 554 1876 ἔθυε
577 1758 1045 1872 episcoporummt
1067 1811 1224 1851 omne
1253 1795 1611 1864 quodcunque
1655 1788 1962 1844 honorabile
2067 1784 2250 1837 minati
2305 1789 2433 1834 sunt
2482 1774 2829 1838 Cbananaei,
2886 1767 3180 1869 nominati
3239 1771 3372 1867 sunt
3418 1770 3468 1814 et
3515 1761 3546 1812 it
3587 1774 3660 1876 qui

432 1848 492 1862 νν
530 1848 554 1860 υ
580 1848 606 1860 ν
646 1848 964 1870 ὐννιη---η--ν
996 1848 1043 1852 τ’
1074 1848 1217 1851 --π--η
1271 1848 1284 1864 1
1339 1848 1376 1849 νν
1526 1848 1539 1860 .

430 1848 750 1953 nottnenrest,
785 1891 1012 1959 primum
1048 1888 1099 1940 in
1139 1887 1256 1950 hoc,
1293 1894 1345 1938 et
1377 1882 1665 1950 principem
1693 1893 1812 1933 esse
1841 1890 1960 1930 cre-
2069 1881 2256 1926 contra
2296 1869 2493 1924 faciem
2529 1864 2761 1934 Egypti
2809 1870 2986 1926 sunt,
3028 1868 3090 1913 et
3142 1857 3181 1911 ii
3227 1855 3336 1959 qui
3364 1860 3485 1955 sunt
3519 1866 3576 1904 ex
3615 1848 3663 1899 ﬁ-

433 1986 659 2041 dendum
678 1943 1126 2040 estSalvatorem,
1152 1977 1274 2043 quia
1295 1975 1407 2042 ipse
1428 1971 1758 2025 estomnium
1780 1977 1959 2035 caput.
2069 1963 2226 2016 nibus
2254 1961 2505 2013 Accaron
2526 1997 2541 2020 ,
2589 1966 2646 2008 et
2680 1951 2940 2006 sinistris
2993 1948 3260 2017 partibus
3303 1943 3595 2043 fluminum,
3617 1947 3662 2037 et

501 2075 554 2128 5.
591 2072 750 2126 Addit
780 2078 952 2123 autem
983 2027 1492 2129 adhu'clresponsum
1525 2057 1764 2112 divinum
1807 2027 1861 2109 et
1886 2056 1965 2108 di-
2069 2053 2187 2104 aliae
2215 2047 2636 2117 quamplurimas
2665 2049 2892 2110 gentes,
2923 2049 2979 2092 et
3025 2037 3101 2090 de
3131 2034 3273 2089 solis
3301 2031 3530 2087 Sidoniis
3554 2027 3662 2080 dicit

433 2163 506 2216 cit
535 2161 614 2212 ":
653 2179 672 2210 ι
703 2158 778 2211 Tu
811 2165 1089 2226 provectus
1117 2168 1174 2206 es
1204 2122 1493 2212 in-diebus,
1527 2157 1578 2200 et
1613 2157 1752 2198 terra
1784 2144 1963 2197 relicta
2073 2140 2334 2195 Dominus
2365 2135 2513 2205 quod
2545 2148 2642 2187 eos
2678 2143 3004 2185 eversurus
3043 2127 3146 2182 sit.
3194 2122 3408 2178 Sidonii
3445 2122 3663 2172 dicuntur

433 2261 512 2305 est
548 2249 711 2304 multa
747 2247 914 2300 valde.
952 2264 968 2295 ι
1008 2243 1060 2296 In
1088 2230 1454 2308 superioribus
1479 2237 1778 2299 dicebatur,
1829 2235 1968 2289 sicut
2072 2241 2273 2291 autem,
2297 2229 2438 2281 sicut
2472 2235 2599 2278 ante
2626 2223 2744 2290 jam
2779 2223 3069 2284 diximus,
3103 2227 3408 2271 venatores.
3434 2211 3529 2279 Qui
3555 2226 3660 2276 ergo

434 2336 854 2397 observavimus,
887 2333 1010 2400 quia
1041 2329 1270 2384 cessavit
1309 2335 1448 2380 terra
1479 2340 1507 2376 a
1539 2322 1711 2384 hellis,
1747 2329 1801 2375 et
1843 2319 1964 2386 quia
2075 2317 2448 2385 intelliguntur
2482 2314 2567 2367 isti
2611 2311 2740 2364 mali
2782 2317 3108 2362 venatores
3139 2319 3284 2374 quos
3320 2303 3562 2356 Dominus
3587 2314 3663 2350 ex-

436 2428 588 2483 Jesus
611 2427 753 2494 cepit
784 2436 989 2477 omnem
1024 2430 1217 2473 terram
1257 2425 1358 2468 :et
1399 2415 1484 2467 hic
1522 2415 1679 2466 modo
1709 2410 1966 2478 scriptum
2076 2409 2363 2468 terminat,
2407 2405 2509 2458 nisi
2559 2403 2666 2456 illa;
2710 2400 2973 2453 virtutes
3031 2394 3342 2452 contraria:
3392 2393 3453 2445 de
3500 2388 3663 2454 quibus

435 2525 514 2569 est
545 2513 642 2584 (8),
672 2491 794 2580 quia
831 2519 968 2562 terra
998 2506 1176 2560 relicta
1206 2513 1288 2557 est
1339 2501 1498 2554 multa
1527 2499 1696 2552 valde.
1736 2498 1968 2551 Putasne
2074 2500 2203 2553 dicit
2252 2497 2524 2564 Propheta
2563 2495 2634 2556 ’⁸,
2671 2493 2805 2562 quia
2857 2510 2877 2541 ‹
2913 2491 3168 2558 laqueos
3222 2493 3545 2553 paraverunt
3584 2494 3662 2546 pe-

437 2570 707 2659 coutraria
728 2600 827 2654 sibi
854 2597 1123 2662 Scriptura
1159 2591 1462 2646 contineat?
1519 2589 1626 2642 Hoc
1652 2603 1749 2641 nec
1786 2587 1969 2642 leviter
2075 2589 2232 2641 dibus
2279 2585 2474 2638 meis?»
2491 2583 2692 2652 quibus
2727 2581 2962 2636 scilicet
3013 2587 3300 2632 venentur
3331 2585 3385 2628 et
3430 2570 3663 2639 decipiant

437 2692 810 2761 suspicandum
844 2697 944 2740 est.
980 2685 1084 2738 Sed
1134 2684 1410 2736 redeamus
1456 2681 1520 2732 ad
1565 2678 1969 2742 intelligentiam
2078 2677 2288 2728 animas
2314 2675 2380 2727 ad
2413 2683 2726 2742 peccatum.
2768 2673 2919 2726 Istos
2952 2685 3103 2739 ergo
3135 2667 3405 2722 Dominus
3443 2659 3664 2716 extermi-

441 2759 749 2850 spiritalem,
782 2786 834 2830 et
865 2777 915 2828 in
949 2788 1010 2827 ea
1039 2772 1166 2825 nihil
1201 2771 1436 2824 invenies
1463 2783 1582 2822 esse
1618 2767 1966 2820 contrarium.
2076 2775 2205 2828 nat;
2244 2765 2391 2832 quia,
2440 2764 2483 2816 si
2523 2762 2611 2816 isti
2649 2761 2788 2814 tales
2831 2759 3179 2814 interierint
3230 2763 3524 2813 venatores,
3561 2761 3658 2801 cum

440 2837 648 2922 Intuere
671 2863 876 2918 Domini
904 2870 957 2914 et
1005 2859 1299 2913 Salvatoris
1333 2857 1498 2910 nostri
1553 2855 1724 2923 primo
1754 2855 1969 2922 quidem
2073 2855 2183 2922 jam
2218 2867 2375 2906 nemo
2413 2851 2578 2905 fuerit
2611 2854 2705 2920 qui
2743 2851 2992 2919 laqueos
3034 2849 3238 2903 tendat
3259 2856 3313 2899 et
3342 2843 3490 2902 retia,
3517 2849 3565 2891 ut
3589 2837 3664 2889 de-

439 2958 669 3012 adventu
698 2967 816 3008 cum
850 2951 992 3003 venit
1036 2949 1301 3002 seminare
1332 2947 1550 2999 verbum
1599 2960 1750 2997 suum
1779 2946 1829 2996 in
1879 2959 1969 2997 or-
2002 2994 2043 3012 Α
2078 2941 2241 3008 cipiat
2286 2941 2498 2993 animas
2546 2941 2600 2992 in
2654 2949 2912 3007 peccato,
2970 2947 3116 2991 tunc
3163 2934 3470 3004 requiescet
3521 2941 3662 2981 unus-

441 3051 562 3102 bem
592 3054 763 3108 terrae,
807 3039 1068 3108 quomodo
1099 3037 1234 3103 cepit
1273 3050 1484 3089 omnem
1532 3044 1724 3086 terram
1749 3032 1863 3086 solo
1891 3047 1976 3087 se—
2000 3028 2044 3051 “
2079 3031 2305 3100 quisque
2329 3031 2430 3084 sub
2461 3029 2573 3082 vite
2602 3044 2725 3092 sua,
2756 3038 2813 3082 et
2849 3031 2958 3080 sub
3000 3028 3117 3080 ficu
3153 3041 3279 3080 sua.

437 3105 784 3202 minisjactu,
816 3105 870 3183 et
894 3129 1156 3195 quomodo
1184 3125 1515 3178 adversar-ias
1573 3132 1870 3192 potestates
1910 3139 1976 3176 ex
2045 3179 2055 3190 ,
2150 3123 2203 3175 5.
2247 3123 2354 3175 Sed
2400 3130 2456 3175 et
2505 3120 2638 3172 illud
2701 3120 2870 3172 nobis
2927 3120 3114 3172 hodie
3169 3119 3368 3170 lectum
3407 3121 3518 3173 est,
3557 3105 3660 3178 quia

441 3239 504 3278 ea
532 3233 584 3277 et
607 3201 822 3290 angelos
846 3220 1075 3285 refugas,
1099 3216 1186 3282 qui
1222 3215 1496 3282 gentilium
1537 3223 1741 3266 mentes
1765 3214 1980 3267 obsede—
2080 3211 2290 3280 Moyses
2323 3209 2534 3262 dederit
2570 3209 2963 3261 hmreditatem
3007 3207 3357 3276 quibusdam
3385 3222 3397 3256 :
3429 3212 3535 3270 post
3569 3201 3663 3252 huc

441 3321 586 3376 rant,
614 3309 887 3379 eﬂ'ugavit,
914 3316 969 3362 et
1015 3306 1229 3358 interim
1260 3304 1543 3358 seminavit
1581 3303 1795 3356 verbum
1822 3312 1981 3370 atque
2078 3316 2208 3355 vero
2255 3299 2471 3367 legitur,
2519 3299 2648 3367 quia
2691 3307 2748 3351 et
2797 3297 2970 3352 Jesus
3024 3297 3342 3351 secundum
3377 3299 3660 3361 praeceptum

445 3399 714 3454 Eeclesias
759 3394 1086 3464 propagavit.
1121 3392 1240 3445 Haec
1291 3403 1372 3447 est
1416 3392 1587 3460 prima
1641 3391 1756 3458 ejus
1819 3393 1981 3445 totius
2085 3390 2298 3444 Domini
2324 3389 2606 3442 distribuit
2638 3388 3072 3442 ltzereditatem.
3100 3389 3326 3442 Primus
3346 3400 3468 3455 ergo
3487 3383 3662 3450 Moyses

444 3497 598 3543 terrae
628 3486 907 3555 possessio.
933 3485 1165 3550 Sequere
1190 3491 1364 3534 autem
1392 3495 1555 3544 me,o
1594 3481 1829 3542 auditor,
1885 3495 1980 3548 per
2081 3479 2446 3533 lnereditatem
2507 3478 2836 3539 distribuit,
2899 3479 3203 3532 secundus
3273 3487 3450 3530 autem
3514 3471 3656 3524 Jesus.

443 3578 663 3634 subtiles
704 3576 871 3630 lineas
914 3573 1080 3634 verbi,
1113 3580 1170 3624 et
1223 3572 1496 3626 ostendam
1563 3571 1658 3624 tibi
1717 3571 1982 3638 quomodo
2082 3569 2234 3622 Nunc
2268 3567 2485 3636 Moysen
2523 3566 2698 3634 legem
2751 3566 3034 3634 intellige.
3087 3567 3156 3620 Hi
3203 3581 3336 3637 ergo
3379 3565 3465 3634 qui
3501 3576 3660 3617 secun-

440 3669 605 3722 etiam
634 3667 866 3720 secundo
893 3667 1070 3734 capiat
1098 3677 1292 3718 terram
1329 3664 1484 3724 hanc,
1520 3677 1636 3730 qua:
1668 3676 1807 3714 nunc
1845 3660 1982 3714 dici-
2084 3658 2212 3711 dum
2259 3657 2428 3724 legem
2478 3657 2760 3721 vixerunt,
2799 3657 2972 3723 primi
3035 3668 3378 3726 acceperunt
3423 3652 3662 3709 haeredita-

449 3767 536 3808 tur
581 3756 646 3808 ad
702 3754 879 3808 Jesum
920 3753 1080 3806 multa
1114 3767 1234 3806 esse
1293 3751 1565 3805 derelicta.
1623 3751 1760 3804 Audi
1811 3751 1876 3802 de
1919 3765 1983 3804 eo
2088 3757 2216 3811 tem,
2244 3747 2339 3800 sed
2370 3757 2524 3799 extra
2563 3756 2775 3800 terram
2818 3748 3316 3814 repromissionis.
3343 3747 3472 3801 Tum
3504 3743 3662 3798 deinde

447 3845 668 3901 Paulum
697 3847 958 3899 dicentem
985 3846 1028 3876 ²⁰
1061 3862 1074 3896 :
1113 3862 1130 3894 ι
1165 3843 1383 3911 Oportet
1410 3843 1551 3894 enim
1581 3855 1698 3894 eum
1736 3856 1982 3904 regnare,
2085 3852 2207 3890 eum
2236 3837 2579 3903 accepissent
2610 3844 2821 3888 terram
2857 3836 3250 3902 hmrcditatis,
3287 3853 3392 3890 non
3425 3851 3530 3890 eam
3563 3847 3663 3900 pos-

451 3937 620 3989 donec
643 3943 806 4003 ponat
837 3948 1020 3986 omnes
1045 3933 1290 3985 inimicos
1312 3944 1438 3983 suos
1474 3928 1762 3981 scabellum
1794 3929 1984 3994 pedum
2086 3927 2267 3979 sident
2335 3939 2510 3992 neque
2564 3925 2824 3978 dividunt
2892 3927 3052 3980 inter
3099 3944 3200 3994 se,
3252 3929 3346 3983 sed
3387 3932 3662 3994 exspectant

451 4039 686 4078 suorum.
731 4041 748 4073 ι
781 4022 903 4076 Ηίεο
929 4035 1057 4090 ergo
1086 4030 1170 4074 est
1197 4030 1355 4083 terra,
1382 4035 1500 4085 (luat:
1547 4033 1687 4071 nunc
1713 4018 1875 4070 multa
1908 4019 1987 4071 di-
2087 4029 2366 4082 usquequo
2423 4015 2504 4066 eis
2557 4028 2654 4080 per
2717 4013 2920 4070 Jesum
2985 4018 3364 4072 distribuatur
3425 4018 3475 4070 in
3523 4023 3660 4068 sorte.

447 4113 595 4166 citur
619 4126 739 4166 esse
769 4111 1038 4173 derelicta,
1078 4111 1245 4164 donec
1301 4123 1485 4162 omnes
1511 4108 1729 4160 omnino
1754 4108 1986 4161 subdan-
2088 4101 2275 4156 Nonne
2310 4101 2596 4156 evidenter
2640 4102 2749 4158 hoc
2789 4114 2885 4158 est
2937 4109 3093 4174 quod
3137 4107 3432 4178 Apostolus
3462 4103 3576 4159 dicit
3608 4100 3661 4152 ad

453 4210 540 4252 tur
570 4200 668 4253 sub
694 4199 916 4266 pedibus
941 4196 1081 4264 ejus,
1115 4205 1166 4248 et
1219 4210 1312 4261 per
1339 4196 1448 4248 haec
1479 4194 1786 4247 lnereditate
1811 4193 1988 4260 capiat
2088 4191 2374 4256 Hebraeos,
2425 4193 2678 4246 scribens
2730 4195 2802 4248 de
2857 4199 3162 4263 prioribus
3233 4199 3506 4267 patribus,
3549 4204 3664 4260 quos

453 4289 751 4342 universos.
786 4305 804 4336 ι
847 4287 910 4339 Ει
948 4288 1058 4339 haec
1105 4296 1208 4346 est,
1259 4285 1426 4353 inquit
1458 4285 1524 4350 “,
1560 4293 1720 4348 terra,
1752 4297 1868 4350 quae
1893 4284 1984 4339 de-
2013 4291 2060 4347 ι)
2088 4282 2222 4334 dixit
2266 4283 2368 4334 fide
2405 4282 2682 4348 placuisse
2731 4281 2896 4337 Deo?
2953 4287 3025 4340 Et
3071 4288 3227 4342 addit
3282 4284 3524 4342 dicens"
3551 4299 3564 4336 :
3591 4300 3606 4332 ι
3631 4280 3662 4333 li

456 4377 640 4431 relicta
665 4384 764 4439 est,
789 4391 973 4429 omnes
1002 4377 1130 4428 fines
1162 4375 1511 4437 Philisthiim,
1551 4393 1568 4422 ι
1597 4382 1650 4426 et
1675 4373 1779 4425 alia
1807 4387 1985 4440 quam-
2090 4382 2266 4424 autem
2291 4385 2481 4424 omnes
2517 4372 2908 4427 testimonium
2945 4377 3228 4431 habentes
3256 4392 3354 4445 per
3379 4377 3527 4430 tidem
3555 4387 3666 4426 non-

457 4467 679 4536 plurima
728 4480 844 4534 quae
893 4475 1204 4533 sequuntur.
1257 4464 1414 4516 Multa
1472 4464 1643 4517 adhuc
1700 4472 1987 4531 supersunt
2090 4462 2212 4515 dum
2243 4460 2526 4514 consecuti
2559 4471 2686 4513 sunt
2727 4467 3241 4531 repromissiones,
3277 4468 3384 4520 Deo
3416 4479 3506 4533 pro
3535 4459 3665 4514 nobis

458 4564 712 4625 quantum
740 4554 804 4608 ad
832 4563 1008 4606 nostra
1043 4563 1276 4620 tempora
1329 4561 1553 4618 spectat,
1583 4567 1699 4617 qua:
1747 4553 1986 4605 videmus
2091 4552 2282 4604 melius
2331 4549 2446 4618 (10)
2496 4550 2708 4617 aliquid
2751 4555 3115 4621 providente,
3155 4558 3235 4609 uti
3290 4572 3357 4609 ne
3399 4555 3508 4607 sine
3540 4549 3666 4602 nobis

457 4645 693 4698 nondum
726 4643 947 4711 pedibus
970 4640 1092 4694 Jesu
1137 4654 1254 4693 esse
1281 4641 1536 4708 subjecta,
1563 4655 1716 4707 quem
1770 4656 1988 4695 necesse
2090 4641 2312 4710 perfecti
2345 4639 2718 4694 efﬁcerentur.
2742 4659 2762 4691 ι
2803 4641 3037 4698 Habent
3069 4647 3237 4714 igitur
3274 4645 3383 4714 jam
3414 4637 3666 4709 repromis-

458 4740 539 4786 est
560 4731 636 4800 (9)
663 4730 843 4797 utique
865 4729 1042 4784 omnia
1069 4729 1326 4781 obtinere.
1355 4728 1536 4794 Neque
1561 4728 1700 4781 enim
1735 4729 1854 4782 finis
1875 4743 1992 4783 esse
2093 4731 2296 4785 sionem
2327 4745 2518 4796 suam,
2552 4741 2608 4786 et
2645 4731 3060 4799 requieverunt
3103 4735 3145 4804 (ι
3165 4735 3246 4803 l),
3286 4744 3342 4786 et
3386 4729 3518 4798 digni
3545 4725 3664 4794 judi-

458 4821 653 4890 poterit
673 4834 872 4880 rerum,
910 4818 1010 4872 nisi
1039 4817 1237 4870 fuerint
1263 4817 1310 4868 ei
1338 4817 1484 4883 prius
1511 4825 1701 4869 cuncta
1731 4819 1989 4885 subjecta.
2095 4819 2201 4871 cati
2233 4829 2362 4873 sunt
2399 4835 2498 4887 per
2529 4820 2751 4891 Moysen
2787 4837 3002 4892 capere
3035 4825 3410 4878 hacreditatem
3438 4837 3451 4872 :
3484 4828 3664 4868 rerum-

463 4911 552 4966 δίο
579 4911 718 4966 enim
749 4917 803 4964 ει
828 4908 1092 4977 Propheta
1142 4907 1265 4960 die“
1299 4907 1359 4966 ”›
1387 4906 1508 4973 (illia
1543 4923 1562 4954 ί
1594 4920 1778 4960 omnes
1808 4919 1994 4976 gentes
2097 4917 2276 4960 tamen
2302 4909 2486 4963 adlmc
2517 4919 2573 4962 et
2605 4910 2708 4978 ipsi
2741 4921 3031 4979 pugnant,
3059 4923 3113 4966 et
3143 4913 3198 4965 in
3239 4908 3527 4965 certamine
3561 4908 3663 4956 sunt

461 5002 693 5061 servient
727 5001 806 5065 ei;
854 5016 873 5050 ι
908 5006 962 5052 et
995 4996 1081 5048 "z
1123 5015 1142 5048 ι
1175 4997 1216 5049 Α
1272 4995 1466 5049 finibus
1510 4994 1785 5049 ﬂuminum
1823 5013 1994 5067 usque
2097 5013 2194 5066 pro
2222 4997 2290 5052 iis
2317 4999 2410 5066 qui
2447 5000 2550 5054 sub
2577 4997 2709 5053 Jesu
2747 5000 3022 5056 militant.
3058 5000 3164 5056 Sed
3205 4998 3437 5070 requiris
3463 4995 3543 5063 qui
3571 4989 3662 5043 sint

533 5139 574 5170 "
616 5136 723 5191 Jos.
757 5152 874 5199 xm,
905 5137 954 5190 1,
1028 5135 1072 5166 ’⁸
1101 5135 1116 5187 l
1144 5134 1266 5188 Cor.
1293 5149 1381 5196 xv,
1403 5133 1491 5185 25.
1568 5135 1608 5164 ²¹
1639 5133 1746 5186 Jos.
1776 5150 1891 5196 xm,
1915 5137 1970 5189 Ξ.
2046 5139 2090 5168 ³³
2120 5137 2264 5194 Psal.
2294 5155 2469 5204 Lxxu,
2501 5141 2590 5194 il.
2664 5140 2710 5170 ’³
2735 5138 2896 5204 ibid.,
2928 5139 2986 5207 8,
3019 5139 3074 5193 9.
3149 5138 3196 5169 ’⁸
3222 5101 3456 5205 Sophon.
3494 5144 3566 5190 tu.
3590 5121 3658 5179 ιο.

463 5207 509 5240 ³⁸
546 5205 653 5260 los.
699 5220 821 5271 xm,
850 5205 900 5259 6.
977 5206 1022 5236 ²⁰
1058 5203 1196 5257 Psal.
1223 5217 1358 5265 Lvn,
1403 5202 1457 5257 6.
1543 5203 1584 5231 ’⁷
1625 5201 1786 5258 Hebr.
1818 5219 1900 5268 XI,
1925 5206 2011 5268 59,
2036 5206 2125 5258 40.
3419 5241 3428 5246 -

534 5348 609 5418 (8)
635 5347 784 5410 Mssa
826 5365 844 5397 ε
878 5345 1129 5412 scriptum
1155 5349 1255 5397 εει·
1295 5358 1312 5390 ι
1345 5339 1495 5394 Libb-
1542 5341 1688 5405 editi.
1729 5358 1748 5391 ε
1793 5342 1993 5395 dictum
2180 5350 2301 5421 (ιο)
2345 5352 2561 5408 Melius.
2592 5353 2759 5407 Deest
2806 5353 2861 5407 in
2901 5351 3029 5405 libb.
3060 5347 3240 5412 editis,
3287 5344 3380 5399 sed
3415 5339 3590 5408 legitur
3615 5332 3660 5384 in

465 5425 565 5466 est.
604 5435 621 5465 ι
2105 5429 2221 5466 uno
2262 5437 2345 5466 ms
2397 5423 2743 5466 thnimmsi-

538 5431 565 5465 1..
604 5435 621 5465 ι
1674 5479 1684 5491 .
1915 5481 1926 5492 ‘
1958 5481 1968 5492 ι
2105 5429 2221 5471 uno
2262 5437 2369 5480 ms.
2397 5424 2744 5479 Ebroicensi.

538 5481 610 5548 (9)
656 5483 802 5546 lllss.,
854 5501 871 5532 ε
937 5496 1088 5562 quem
1133 5493 1348 5534 necesse
1407 5488 1508 5531 est.
1569 5500 1586 5530 ι
1630 5478 1782 5532 ιλιι).
1845 5480 1994 5543 θᾱιιι,
2183 5487 2302 5562 tu)
2346 5491 2509 5560 διερὴν
2565 5514 2583 5547 ι
2621 5494 3025 5562 τρψιίενρτιωὶ.
3054 5505 3070 5537 ι
3120 5483 3276 5538 Libb.
3321 5478 3446 5534 editi
3487 5493 3502 5530 :
3540 5482 3660 5525 «re-

479 5565 497 5598 ι
539 5562 651 5613 quae
683 5565 892 5603 necesse
919 5559 1017 5602 est.
1054 5568 1072 5600 ι
2115 5557 2372 5619 quirunt.
2404 5584 2420 5615 ι
