3822 6202
204 237 330 296 909

1181 239 1250 296 IN
1288 241 1541 300 LIBRUM
1574 242 1736 301 JESU
1770 242 1953 298 NAVE
1987 243 2264 299 HOMILIA
2299 243 2460 300 XVII.

3299 241 3401 298 910

208 351 318 409 isti
369 353 461 421 qui
490 350 730 421 pugnant,
771 349 824 397 el
869 360 1001 415 Quae
1040 360 1124 408 est
1156 354 1247 410 illa
1280 373 1455 428 pugna
1498 374 1657 428 quam
1708 359 1780 413 illi
1807 361 1855 418 Α
1881 360 2105 414 veritate
2158 359 2381 414 adorent
2402 358 2467 411 ³⁸.
2496 355 2608 421 ,Sic
2658 370 2791 426 ergo
2840 365 3097 426 praesente
3151 356 3395 424 veritate,

207 450 452 512 gerunt.
490 440 599 511 Ego
628 438 701 493 sic
738 433 981 492 arbitror
1012 446 1157 511 quod
1185 449 1388 501 omnes“
1411 448 1484 501 illi
1525 451 1614 517 qui
1659 451 1780 503 dor-

211 532 479 589 mierunt
528 539 650 585 ante
691 542 789 583 nos
832 540 1057 598 patres,
1106 545 1351 604 pugnent
1401 536 1675 590 nobiscum
1726 545 1782 590 et

218 619 495 690 adiuvent
542 633 640 674 nos
671 617 1005 673 orationibus
1042 622 1179 674 suis.
1218 622 1295 674 lta
1343 637 1573 689 namque
1618 623 1779 676 etiam

227 711 528 778 quemdam
558 711 624 764 de
658 708 962 764 senioribus
1004 710 1275 777 magistris
1302 711 1481 763 audivi
1517 711 1779 764 dicentem

232 801 288 856 in
317 815 385 854 eo
428 801 573 865 loco,
606 799 662 853 in
688 813 795 867 quo
826 798 1083 866 scriptum
1114 809 1196 851 est
1226 797 1278 850 in
1315 796 1560 852 Numeris
1582 797 1627 829 ³⁸
1654 798 1780 864 quia

234 907 257 941 ι
282 888 527 956 ablinget
565 901 837 957 synagoga
872 885 960 938 illa
987 905 1007 937 ι
1042 886 1181 938 hanc
1218 899 1564 954 synagogam.
1598 903 1617 936 ‹
1645 880 1783 939 sicut

224 976 463 1045 ablingit
491 976 692 1029 vitulus
717 975 934 1028 herbam
960 974 1182 1026 viridem
1209 972 1261 1025 in
1290 987 1528 1051 campo.)
1563 973 1781 1027 Dicebat

223 1078 409 1133 ergo:
438 1062 624 1128 Quare
674 1062 974 1129 huiusmodi
1028 1060 1316 1115 similitudo
1349 1072 1619 1129 assumpta
1663 1072 1777 1127 est,

224 1153 343 1208 nisi
377 1154 510 1220 quia
555 1153 661 1207 hoc
707 1161 789 1206 est
831 1153 969 1220 quod
1022 1152 1417 1222 intelligendum
1461 1161 1545 1205 est
1576 1152 1628 1204 in
1682 1153 1782 1205 hoc

221 1241 378 1304 loco,
401 1241 552 1310 quod
581 1254 854 1310 synagoga
886 1240 1115 1306 Domini,
1145 1255 1263 1307 quae
1296 1254 1394 1294 nos
1420 1240 1694 1307 praecessit
1726 1238 1780 1292 in

221 1331 468 1394 sanctis,
508 1343 609 1383 ore
637 1338 691 1385 et
720 1329 898 1398 lingua
933 1330 1197 1383 consumit
1231 1329 1585 1384 adversariam
1621 1342 1783 1399 syna-

220 1433 453 1487 ασκεω,
494 1418 553 1472 id
586 1426 692 1480 est,
721 1417 1053 1470 orationibus
1085 1427 1138 1470 et
1169 1418 1411 1486 precibus
1448 1418 1781 1473 adversarios

224 1516 455 1561 nostros
486 1506 760 1560 absumit?
803 1504 919 1561 Non
951 1520 1078 1575 ergo
1122 1506 1283 1560 armis
1322 1506 1660 1575 pugnandum
1701 1514 1783 1562 est

221 1597 394 1650 nobis
453 1595 751 1653 adversum
807 1595 990 1648 hostes
1052 1604 1261 1649 nostros
1322 1595 1641 1659 invisibiles,
1689 1597 1780 1650 sed

1882 454 2039 516 typus
2061 452 2116 499 et
2143 444 2327 499 umbra
2355 445 2583 498 cessavit
2608 461 2624 498 :
2655 455 2710 499 et
2743 460 2862 500 cum
2892 446 3105 501 adesset
3128 447 3399 514 templum,

1880 533 2018 600 quod
2069 546 2164 601 per
2214 532 2467 600 Spiritum
2501 531 2594 584 Dei
2632 540 2687 585 et
2737 534 2985 587 virtutem
3034 535 3292 589 Altissimi
3345 537 3401 589 in

1881 627 2031 673 utero
2055 619 2273 688 virginis
2300 619 2616 674 fabricatum
2643 626 2748 683 est,
2775 619 3006 674 dirutum
3037 630 3120 677 est
3151 623 3400 690 templum

1879 723 1944 762 ex
1979 708 2241 776 lapidibus
2288 709 2626 764 fabricatum.
2666 710 2864 763 Aderat
2908 712 3144 779 pontifex
3189 713 3397 766 futuro-

1883 811 1998 850 rum
2045 796 2324 850 bonorum.
2371 794 2725 849 Cessaverunt
2771 796 2880 865 (16)
2911 798 3188 865 pontiﬁces
3221 808 3398 854 tauro-

1881 899 1998 938 rum
2037 892 2091 938 et
2124 883 2412 938 hircorum.
2443 884 2604 939 Venit
2627 885 2806 955 Agnus
2839 887 2954 951 Dei,
2977 886 3067 953 qui
3101 886 3236 940 tollit
3278 901 3402 954 pec-

1879 983 2053 1029 catum
2088 974 2268 1029 mundi
2294 974 2377 1037 ³³,
2423 976 2625 1030 destitit
2667 990 2833 1045 agnus
2876 989 2940 1030 ex
2987 977 3273 1044 pecudibus
3315 990 3402 1032 as-

1880 1073 2122 1132 sumptus
2150 1073 2205 1117 et
2236 1064 2593 1132 nequidquam
2626 1073 2700 1117 tot
2734 1064 2939 1119 saeculis
2963 1065 3233 1134 iugulatus
3262 1064 3397 1134 (17).

1879 1148 2043 1215 Igitur
2071 1151 2115 1203 si
2162 1150 2274 1204 haec
2312 1150 2487 1205 omnia
2531 1165 2647 1218 quae
2676 1151 2727 1204 in
2758 1152 2939 1205 umbra
2976 1152 3240 1220 prioribus
3273 1154 3398 1207 data

1879 1240 2106 1303 fuerant,
2141 1250 2403 1309 praesente
2438 1251 2492 1295 et
2530 1243 2809 1297 assistente
2845 1243 3063 1296 veritate
3107 1249 3405 1308 cessarunt,

1880 1344 2209 1398 consequens
2253 1329 2368 1384 sine
2411 1331 2572 1385 dubio
2622 1342 2738 1386 erat
2784 1341 2871 1396 ut,
2913 1329 3221 1385 haereditate
3258 1329 3407 1399 regni

1879 1419 2132 1472 caelorum
2198 1420 2458 1488 patefacta
2483 1462 2498 1486 ,
2552 1422 2829 1475 haereditas
2890 1431 3096 1475 terrena
3153 1427 3402 1474 cessaret.

1877 1504 2030 1559 Ratio
2053 1514 2227 1558 autem
2268 1520 2370 1574 qua
2409 1510 2520 1561 haec
2552 1517 2742 1562 cuncta
2778 1509 3101 1570 desinerent,
3132 1508 3218 1561 illa
3246 1507 3410 1578 438

1876 1604 1979 1657 est,
2008 1601 2066 1647 ut
2092 1607 2249 1647 omne
2297 1610 2357 1647 os
2401 1596 2725 1660 obstruatur,
2755 1606 2810 1649 et
2836 1596 3080 1650 subditus
3119 1594 3209 1648 ﬁat
3237 1594 3409 1650 omnis

218 1684 606 1748 orationibus,
632 1692 691 1738 et
719 1683 868 1736 verbi
898 1682 989 1736 Dei
1029 1683 1476 1747 meditationibus,
1503 1694 1557 1736 et
1594 1656 1779 1750 operi-
1811 1656 1853 1710 Β
1884 1679 2108 1733 mundus
2142 1678 2268 1743 Deo,
2320 1694 2388 1732 ne
2434 1678 2521 1746 qui
2567 1656 2721 1731 forte
2746 1695 2814 1732 ex
2866 1680 3139 1734 incredulo
3185 1679 3398 1749 p0pulo,

222 1770 357 1832 bus,
390 1785 458 1824 ac
507 1770 764 1825 sensibus
809 1771 991 1824 rectis.
1041 1767 1131 1822 Sic
1174 1771 1314 1824 enim
1360 1772 1704 1825 armabantur
1728 1780 1783 1825 et

223 1867 444 1927 patres,
486 1858 598 1912 ﬁde
644 1867 701 1910 et
758 1857 1011 1926 operibus
1058 1858 1505 1913 vlncentes.Yide
1552 1858 1781 1927 denique

228 1946 367 2014 quia
401 1946 487 1999 sic
543 1944 805 2013 scriptum
841 1952 926 1998 est
970 1945 1037 2001 de
1067 1946 1181 1999 eis:
1227 1962 1247 1996 ι
1274 1944 1658 2008 Crediderunt,
1703 1950 1782 1998 in-

217 2037 349 2103 quit
374 2036 445 2098 ”,
488 2033 627 2097 Deo,
659 2043 715 2087 et
747 2033 913 2102 Moysi
959 2031 1155 2088 famulo
1191 2032 1322 2100 ejus.
1347 2051 1366 2083 ι
1407 2034 1468 2085 Ει
1505 2042 1627 2086 tunc
1659 2048 1783 2086 can-

219 2125 369 2178 tavit
411 2123 631 2193 Moyses
660 2126 924 2177 canticum
959 2123 1060 2175 hoc
1085 2130 1140 2173 et
1184 2122 1317 2176 dixit
1337 2122 1381 2152 ³ο
1409 2138 1421 2174 :
1457 2140 1475 2172 ι
1498 2121 1783 2175 Cantemus

217 2212 488 2275 Domino.
519 2211 758 2281 gloriose
787 2211 931 2264 enim
964 2209 1343 2264 houoriﬁcatus
1366 2218 1468 2264 est.
1489 2227 1508 2260 ι
1546 2208 1621 2261 Ita
1656 2224 1782 2278 ergo

217 2312 279 2358 et
313 2317 424 2357 nos
456 2302 622 2356 ﬁdem
654 2300 868 2368 plenam
899 2307 952 2352 et
993 2313 1153 2365 opera
1183 2298 1295 2368 (l2)
1327 2299 1582 2367 perfeCta,
1633 2299 1783 2352 inde-

215 2394 483 2448 sinentes
516 2393 820 2455 orationes,
853 2390 1246 2444 meditationem
1279 2389 1422 2442 verbi
1481 2388 1666 2452 divini,
1701 2389 1782 2440 in-

214 2483 595 2551 telligentiam
637 2480 933 2548 spiritalem
972 2481 1230 2546 colentes,
1255 2485 1307 2532 et
1339 2479 1390 2531 in
1422 2479 1504 2532 liis
1536 2478 1784 2533 omnibus

216 2570 389 2625 velut
439 2570 615 2623 armis
663 2568 761 2623 Dei
806 2567 1032 2632 muniti,
1078 2576 1278 2623 stemus
1334 2569 1585 2622 adversus
1635 2575 1783 2621 astu-

217 2661 334 2714 tias
373 2657 488 2728 (l5)
540 2657 763 2721 diaboli,
796 2658 1102 2711 invocantes
1136 2659 1297 2711 Deum
1343 2656 1635 2723 adiutorem
1685 2650 1783 2710 no;-

214 2756 410 2803 ﬂrum
441 2748 499 2801 in
523 2747 745 2802 Christo
768 2746 891 2800 Jesu
923 2747 1144 2800 Domino
1175 2755 1376 2809 nostro,
1400 2747 1483 2800 cui
1511 2754 1593 2800 est
1616 2745 1782 2816 gloria

216 2846 277 2893 et
309 2838 613 2906 imperium
646 2838 698 2890 in
728 2837 921 2890 saecula
956 2835 1290 2889 saeculorum.
1317 2837 1506 2891 Amen.

791 2925 1065 2981 HOMlLlA
1104 2924 1260 2980 XVII.

214 3013 304 3069 De
339 3029 407 3069 eo
447 3014 595 3084 quod
626 3013 965 3133 Levitw‘non
1004 3023 1301 3153 αεῇιῧηιηι
1334 3016 1389 3069 in
1422 3015 1779 3070 hwreditatem

861 3097 1031 3134 erram
1196 3121 1210 3135 ο

861 3097 1031 3134 erram
1081 3097 1210 3135 1141.

293 3174 364 3227 1.
402 3171 564 3227 Sicut
594 3170 804 3224 umbrae
843 3178 897 3224 et
937 3172 1225 3239 exemplari
1272 3171 1576 3227 deserviunt
1619 3174 1809 3229 caele»

212 3263 401 3318 stium
438 3262 497 3326 ii,
530 3260 624 3329 qui
657 3260 828 3329 legem
859 3260 1175 3330 suscipiunt,
1207 3277 1325 3328 qua:
1353 3272 1434 3316 est
1474 3262 1617 3318 illius
1648 3278 1786 3317 vera:

213 3349 371 3417 legis
415 3348 748 3410 umbra,,ita
792 3349 1066 3417 exemplar
1104 3359 1154 3403 et
1188 3351 1430 3404 umbram
1488 3360 1783 3419 sequuntur

215 3440 521 3494 divisionis
556 3438 798 3492 caelestis
831 3437 886 3501 ii,
915 3439 1003 3500 qui
1038 3439 1088 3490 in
1137 3437 1317 3492 Judaza
1354 3441 1666 3494 haereditate
1700 3443 1782 3494 di-

217 3526 427 3580 vidunt
461 3533 692 3578 terram.
731 3522 856 3577 Erat
901 3538 1029 3591 ergo
1070 3524 1120 3577 in
1168 3526 1316 3579 caelis
1349 3526 1569 3589 veritas,
1599 3528 1785 3581 umbra

211 3627 364 3669 vero
392 3622 449 3667 et
477 3611 768 3680 exemplar
798 3611 912 3681 (15)
937 3613 1174 3667 veritatis
1219 3616 1271 3666 in
1312 3615 1490 3667 terris.
1522 3613 1588 3666 Et
1620 3614 1785 3669 donec

210 3703 425 3755 umbra
460 3702 581 3755 haec
609 3701 896 3754 conStabat
920 3701 972 3753 in
1010 3702 1187 3765 terris,
1216 3711 1331 3756 erat
1357 3701 1648 3756 Jerusalem
1677 3712 1784 3757 ter-

211 3791 447 3854 restris,
474 3799 594 3843 erat
634 3788 908 3856 templum,
948 3797 1067 3842 erat
1092 3791 1283 3853 altare,
1313 3802 1430 3844 erat
1464 3800 1517 3844 et
1559 3791 1785 3846 visibilis

211 3879 430 3941 cultus,
476 3885 644 3931 erant
689 3876 968 3943 pontifices
1012 3884 1067 3929 et
1109 3880 1436 3941 sacerdotes,
1471 3879 1785 3933 constabant

211 3965 398 4018 etiam
429 3964 694 4018 civitates
735 3970 790 4015 et
818 3962 917 4016 vici
952 3962 1169 4029 Iudaeae,
1212 3975 1265 4017 et
1304 3967 1480 4018 omnia
1514 3967 1624 4021 haec
1671 3982 1786 4035 quae

212 4065 375 4105 nunc
422 4051 479 4103 in
513 4051 626 4103 hoc
667 4047 807 4101 libro
852 4049 1113 4116 descripta
1148 4052 1456 4103 recitantur.
1487 4053 1615 4105 Cum
1658 4068 1785 4107 vero

210 4137 277 4191 in
317 4138 562 4192 adventu
616 4135 915 4189 Salvatoris
961 4135 1128 4187 nostri
1172 4136 1262 4189 Dei
1292 4152 1323 4190 e
1366 4139 1514 4192 caelis
1563 4141 1786 4193 descen-

1877 1771 2183 1822 occasiones
2209 1781 2318 1821 suae
2349 1767 2681 1822 inﬁdelitatis
2710 1769 3035 1836 acciperent,
3062 1777 3117 1822 et
3141 1769 3404 1823 habentes

1878 1856 2095 1909 umbras
2120 1854 2418 1922 antiquitus
2446 1855 2546 1909 sibi
2583 1856 2823 1920 traditas,
2851 1856 2935 1908 vel
2967 1857 3178 1925 templi,
3208 1856 3291 1910 vel
3325 1856 3404 1908 al-

1877 1943 2024 2005 taris,
2071 1942 2148 1994 vel
2197 1942 2536 2009 pontiﬁcum,
2581 1943 2666 1997 vel
2703 1943 3039 1997 sacerdotum
3072 1943 3206 2013 (18),
3256 1944 3403 1997 vide-

1879 2040 2062 2085 rentur
2102 2031 2201 2084 sibi
2243 2039 2591 2098 permanente
2627 2032 2824 2098 antiqui
2858 2033 3031 2086 cultus
3073 2042 3216 2085 statu
3263 2047 3401 2100 prae-

1879 2119 2097 2171 varicari
2141 2119 2409 2185 religionis
2436 2122 2674 2174 ordinem
2707 2123 2749 2173 si
2786 2123 3074 2174 transirent
3103 2122 3168 2173 ad
3221 2120 3399 2177 ﬁdem.

1880 2203 2164 2274 Pr0pterea
2194 2221 2323 2274 ergo
2368 2205 2570 2260 auferri
2620 2208 2730 2262 haec
2774 2208 2950 2261 omnia
2985 2223 3102 2275 quae
3151 2209 3203 2262 in
3246 2211 3403 2266 terris

1881 2291 2072 2343 dudum
2112 2290 2320 2345 fuerant
2355 2294 2690 2359 adumbrata,
2718 2295 2893 2348 divina
2930 2296 3260 2361 providentia
3291 2297 3399 2351 dis-

1880 2377 2156 2444 pensavit,
2201 2388 2257 2430 ut
2290 2378 2426 2430 viam
2473 2381 2862 2446 quodammodo
2915 2382 3175 2449 accipiant
3223 2384 3401 2451 requi-

1880 2466 2055 2518 rendae
2078 2464 2318 2519 veritatis
2357 2467 2685 2520 cessantibus
2730 2470 2886 2537 typis.
2934 2468 2988 2520 Si
3024 2484 3157 2537 ergo
3187 2472 3402 2525 veniens

1881 2553 1947 2605 ad
1976 2550 2269 2606 Jerusalem
2304 2554 2570 2606 civitatem
2598 2561 2884 2621 terrenam,
2925 2569 2957 2609 ο
3001 2555 3206 2619 Iudaee,
3252 2557 3403 2612 inve-

1881 2640 1994 2695 nies
2017 2655 2133 2695 eam
2168 2642 2475 2695 subversam
2521 2652 2576 2694 et
2624 2642 2676 2695 in
2718 2643 2927 2696 cineres
2969 2659 3032 2697 ac
3073 2643 3276 2698 favillas
3314 2659 3403 2700 re-

1882 2729 2110 2794 dactam,
2132 2729 2238 2784 noli
2267 2728 2409 2792 ﬁere,
2443 2730 2579 2784 sicut
2608 2744 2747 2784 nunc
2769 2730 2944 2784 facitis
2966 2739 3215 2799 tanquam
3248 2733 3403 2798 pueri

1884 2815 2148 2880 sensibus,
2179 2814 2285 2868 noli
2332 2815 2627 2879 lamentari,
2662 2816 2754 2870 sed
2797 2830 2892 2883 pro
2936 2825 3144 2870 terrena
3193 2818 3406 2886 require

1884 2903 2175 2958 ctelestem.
2211 2904 2432 2972 Sursum
2466 2904 2685 2971 respice,
2710 2913 2762 2957 et
2799 2905 2871 2958 ibi
2915 2905 3153 2959 invenies
3187 2904 3405 2960 Jerusa-

1887 2992 1987 3045 lem
2013 2992 2302 3056 cualestem,
2334 3008 2452 3060 qua:
2481 3002 2560 3045 est
2586 2993 2823 3045 omnium
2858 3000 3026 3046 mater
3047 2993 3110 3046 “.
3147 2992 3201 3046 Si
3232 2994 3403 3049 altare

1884 3084 2085 3138 videris
2115 3084 2445 3144 destitutum,
2471 3082 2591 3136 nolo
2623 3082 2977 3138 contristeris.
3002 3083 3056 3138 Si
3096 3085 3402 3153 pontiﬁcem

1884 3185 1987 3224 non
2028 3169 2283 3233 invenias,
2329 3169 2448 3222 uolo
2481 3170 2747 3236 desperes.
2791 3171 2884 3225 Est
2917 3170 2969 3223 in
3019 3172 3169 3226 ccelis
3214 3174 3403 3240 altare,

1884 3267 1939 3310 et
1971 3258 2172 3312 assistit
2204 3257 2253 3310 ei
2301 3257 2537 3324 pontifex
2574 3257 2872 3312 futurorum
2910 3260 3168 3314 bonorum
3211 3276 3404 3314 secun-

1884 3345 2007 3398 dum
2047 3345 2283 3399 ordinem
2329 3345 2720 3399 Melchisedech
2772 3347 2972 3401 electus
3006 3362 3034 3399 a
3075 3348 3268 3404 Deo".
3312 3348 3405 3404 Sic

1884 3445 2009 3500 ergo
2035 3431 2185 3485 vobis
2229 3432 2424 3499 pietate
2448 3441 2502 3485 et
2532 3433 2893 3488 misericordia
2926 3434 3015 3488 Dei
3045 3436 3204 3489 etiam
3236 3437 3406 3492 haere-

1885 3522 2024 3574 ditas
2055 3529 2260 3572 terrena
2302 3520 2506 3573 sublata
2535 3530 2639 3586 est,
2667 3529 2725 3575 ut
2755 3521 3116 3578 haereditatem
3148 3525 3396 3592 quaeratis

1886 3610 1937 3662 in
1965 3608 2136 3662 caelis.

1950 3696 2003 3750 2.
2049 3698 2416 3751 Verumtamen
2473 3698 2745 3753 videamus
2815 3700 2937 3767 quid
2991 3707 3072 3753 est
3121 3700 3260 3768 quod
3311 3716 3407 3769 per

1885 3788 2125 3839 umbram
2170 3786 2509 3850 describitur,
2555 3789 2679 3854 quia
2724 3787 2773 3840 in
2809 3790 2996 3843 umbra
3040 3789 3172 3859 legis
3210 3791 3408 3846 veritas

1885 3874 2216 3929 deformatur
2243 3872 2372 3942 (19).
2418 3873 2667 3927 Refertur
2709 3888 2834 3944 ergo
2867 3877 3034 3943 prima
3077 3886 3131 3930 et
3175 3880 3406 3933 secunda

1884 3965 2211 4018 haereditatis
2247 3963 2384 4018 facta
2417 3965 2631 4020 divisio.
2665 3965 2840 4018 Prima
2879 3966 3093 4035 quidem
3130 3983 3223 4035 per
3259 3968 3407 4037 Moy-

1884 4069 2008 4119 sen;
2040 4055 2269 4108 secunda
2322 4068 2469 4117 vero,
2506 4069 2623 4122 quae
2654 4056 2917 4122 potentior
2966 4066 3070 4119 est,
3102 4071 3194 4123 per
3224 4058 3404 4113 Jesum

1886 4143 2021 4197 facta
2053 4144 2387 4197 describitur.
2415 4144 2480 4196 Et
2511 4144 2715 4213 Moyses
2742 4153 2890 4198 trans
2919 4144 3203 4200 Iordanem
3237 4148 3404 4201 tribui

216 4228 368 4281 deus
401 4244 423 4278 ι
450 4226 668 4279 veritas
690 4224 756 4276 de
804 4235 945 4277 terra
975 4233 1092 4277 orta
1119 4233 1220 4287 est,
1247 4234 1301 4279 et
1323 4225 1527 4292 iustitia
1560 4228 1624 4281 de
1650 4229 1784 4283 coelo
1819 4245 1861 4298 ι)
1887 4231 2092 4296 Ruben,
2133 4240 2186 4284 ct
2234 4233 2392 4284 tribui
2424 4232 2558 4294 Gud,
2597 4241 2653 4285 et
2678 4219 2906 4286 dimidiae
2954 4235 3114 4287 tribui
3164 4234 3408 4290 Manasse

212 4315 511 4383 prospexit
533 4312 854 4374 ",iumbrze
878 4321 932 4366 et
974 4312 1296 4378 exemplaria
1328 4315 1654 4369 ceciderunt.
1688 4319 1784 4371 Ce-

211 4399 360 4453 cidit
394 4400 546 4453 enitn
577 4395 903 4458 Jerusalem,
933 4397 1129 4449 cecidit
1162 4397 1437 4464 templum,
1465 4402 1634 4453 altare
1663 4401 1783 4453 sub.

209 4486 395 4542 latum
424 4496 536 4550 est,
567 4487 647 4540 uti
676 4486 788 4553 iam
825 4498 998 4551 neque
1046 4483 1098 4535 in
1134 4494 1311 4537 monte
1332 4483 1586 4548 Garizint,
1615 4503 1785 4554 neque

212 4580 275 4633 in
321 4575 688 4646 Jerosolymis
733 4574 804 4627 sit
836 4572 988 4625 locus
1038 4572 1125 4623 ubi
1161 4581 1370 4637 oportet
1405 4574 1649 4639 adorare,
1693 4577 1783 4630 sed

212 4669 342 4722 veri
386 4671 721 4724 adoratores
753 4661 842 4727 qui
890 4661 1117 4712 adorant
1155 4659 1463 4723 Patrem,in
1499 4663 1685 4730 spiritu
1736 4671 1789 4718 et

286 4803 342 4835 ’⁸
374 4801 544 4855 Num.
578 4811 699 4851 xm
723 4832 739 4859 ,
768 4795 825 4847 4.

206 4868 305 4926 29.
381 4872 421 4902 ³⁸
462 4869 593 4924 Gal.
639 4880 713 4918 tv.
792 4862 838 4894 ³⁸
881 4860 1120 4914 llebr.v.

284 5011 395 5080 (12)
432 5011 598 5069 Mss.,
632 5027 651 5059 ι
683 5007 853 5059 ﬁdem
890 5003 1107 5071 plenam
1133 5012 1185 5056 et
1207 5017 1414 5071 opera.»
1443 5004 1599 5061 Libb.
1617 5008 1777 5062 editi:

208 5094 234 5130 ι
267 5078 389 5149 litigi
422 5081 586 5149 plena
615 5088 816 5149 opera.
845 5091 868 5121 ι
958 5140 970 5149 _
1124 5137 1135 5149 .

279 5146 391 5207 (15)
422 5138 590 5202 Unus
619 5138 1005 5196 Ehroicensis
1031 5159 1044 5191 :
1077 5157 1095 5188 ι
1123 5138 1351 5207 insidias.
1376 5157 1396 5190 ι

272 5205 383 5276 (14)
416 5217 614 5271 Codex
646 5210 993 5276 δέδωκα-ων
1028 5225 1047 5276 ς
1072 5205 1412 5260 ltteredilatem
1445 5214 1620 5262 terra.
1646 5226 1668 5261 ι

265 5273 375 5342 (15)
413 5287 570 5339 Mem
598 5294 617 5331 :
666 5293 688 5325 ι
720 5273 1103 5337 exemplaria.
1127 5290 1146 5321 ι

398 5352 571 5411 Μει,
615 5363 638 5394 ι
674 5347 952 5411 cessant.
982 5357 1004 5389 ι

242 5406 354 5480 ({7}
392 5406 473 5476 Ει
528 5406 947 5480 gigquidqttqm
984 5414 1055 5457 tot
1081 5406 1280 5480 _ue_culis
1313 5406 1601 5480 iugulatus.
1649 5410 1780 5480 Haec

158 5470 351 5546 vesani
392 5470 472 5543 Ῑῤ
528 5470 684 5534 tibi).
734 5470 952 5535 editis,
1006 5474 1093 5526 sed
1147 5470 1470 5539 leguntur'in
1522 5478 1780 5535 omnibus

905 4792 969 4863 f’g
992 4792 1161 4847 Exod.
1189 4807 1299 4856 xtv,
1324 4793 1409 4846 5i.
1483 4795 1527 4828 ⁸⁸
1592 4797 1757 4854 Exod.
1800 4816 1887 4863 xv,
1919 4803 1966 4854 1.

1886 4320 2266 4387 possessionem
2297 4319 2572 4383 decernit;
2601 4321 2777 4373 caeteri
2822 4335 2947 4374 vero
2972 4336 3157 4376 omnes
3198 4339 3292 4391 per
3318 4325 3406 4377 Je-

1887 4420 2002 4459 sum
2037 4406 2333 4472 suscipiunt
2373 4405 2756 4459 baereditatem.
2798 4406 3034 4460 Diximus
3061 4408 3126 4461 de
3174 4410 3257 4463 his
3297 4410 3409 4478 iam

1886 4493 2053 4560 prius,
2080 4494 2342 4559 quomodo
2383 4493 2417 4545 ii
2449 4493 2536 4560 qui
2577 4507 2670 4560 per
2703 4494 2872 4562 legem
2923 4495 3236 4565 placuerunt
3279 4497 3409 4563 Deo,

1889 4579 2242 4647 praecedentes
2289 4590 2527 4647 tempore
2564 4596 2655 4635 eos
2699 4583 2787 4648 qui
2841 4596 2934 4648 per
2976 4583 3130 4636 ﬁdem
3175 4583 3297 4637 Jesu
3345 4588 3410 4635 ad

1891 4671 2204 4737 repromissa
2272 4672 2624 4736 perveniunt,
2687 4674 2919 4726 nondum
2988 4688 3106 4741 qua:
3177 4673 3413 4743 perfecta

2041 4801 2081 4832 "
2121 4800 2262 4856 Psal.
2294 4818 2487 4867 Lxxxv,
2513 4804 2601 4858 11.
2685 4804 2727 4837 ³⁵
2764 4804 2919 4861 Joan.
2954 4821 3027 4861 tv.
3107 4806 3151 4838 ³³
3188 4805 3343 4864 Joan.
3367 4817 3412 4876 ι,

1882 5025 2060 5152 misi-8)
2109 5077 2198 5130 Vel
2238 5081 2544 5152 te_mp_li,_vef
2577 5081 2794 5152 altaris,
2837 5083 2916 5137 vel
2950 5086 3283 5152 pontiﬁcum,
3334 5084 3411 5152 vel

1880 5146 2218 5199 sacerdotum.
2272 5146 2345 5199 In‘
2369 5148 2494 5204 libb.
2527 5150 2683 5203 editis
2727 5154 2893 5212 deest,
2940 5146 3069 5204 ivel
3095 5146 3287 5214 'templi
3324 5150 3410 5201 vel

1881 5215 2084 5294 altaris,
2112 5232 2130 5266 ι
2166 5225 2222 5268 et
2266 5216 2457 5284 legitur
2492 5234 2506 5271 :
2553 5234 2570 5266 ι
2620 5221 2701 5269 vel
2744 5216 3034 5284 pontiﬁcii,
3084 5217 3164 5269 vel
3219 5227 3404 5267 sacer-

1885 5283 2245 5471 :(Zilﬁ),Mss.,
2300 5369 2318 5404 α
2342 5350 2687 5407 deformatur.
2710 5368 2728 5401 ι
2778 5349 2931 5402 Libb.
2977 5346 3132 5413 editi,
3178 5364 3198 5398 ι
3227 5345 3402 5402 refer.

1939 5432 1965 5470 a
1994 5432 2074 5471 ur.
2102 5436 2120 5470 ι

1881 5431 2074 5471 matur.
2102 5436 2120 5470 ι
