3822 6202
422 259 520 315 9ἒ1
1864 230 2174 289 ttRlGENlS
3557 205 3646 260 91'!

423 378 546 425 sunt
586 365 695 436 (90)
732 370 1149 430 consequuntur.
1187 364 1559 428 exspectantes
1596 368 1688 406 eos
1721 319 1817 420 qui
1857 365 1952 418 po-
1983 354 2024 408 Λ
2058 345 2268 413 Moyses
2307 339 2497 394 dicere
2527 349 2638 390 non
2689 327 2900 436 potuit,
2937 322 3159 426 idcirco
3196 319 3312 436 ipsa
3359 316 3469 385 (ἢ)
3511 318 3650 372 habt-

587 410 694 436 μη
735 410 1149 430 ν....---.------νη.
1363 410 1366 411 ν
1740 410 1752 420 ,
1860 410 1871 418 ,
2146 410 2158 413 _

424 457 678 512 stcriores
720 454 931 507 diverso
985 449 1197 517 quidem
1254 457 1490 512 tempore
1542 443 1634 496 sed
1694 456 1800 493 una
1855 437 1955 489 lide
2056 433 2230 489 tacula
2285 427 2639 481 sacerdotum
2687 430 2747 474 et
2809 416 3158 472 Levitarum
3208 410 3520 476 dispensare
3559 423 3652 461 non

2905 505 2918 517 ο
3057 499 3222 517 --1-ᾼ-
3281 494 3486 517 --μειηι
3541 506 3582 517 Α.
3611 497 3652 517 εμ

427 494 678 512 υιυιιυινυ
721 494 858 507 \IIVVI
872 494 928 506 νν
987 494 1197 517 Ίν-σ-ν--ι
1257 494 1390 512 -ν---Ικ
1407 494 1446 496 ws
1471 494 1485 497 ν
1549 494 1561 496 ἡ
1581 494 1593 496 ἡ

427 547 730 617 placebant,
774 544 912 598 sicut
953 539 1236 609 Apostolus
1284 536 1414 590 dicit
1440 533 1504 600 ",
1553 551 1571 582 ι
1601 531 1678 584 uti
1730 544 1797 583 ne
1841 528 1956 580 sine
2054 521 2250 592 potuit.
2283 517 2486 571 Beatus
2523 526 2658 580 ergo
2693 517 2786 564 est
2815 505 2918 576 qui
2952 517 3016 556 se
3056 499 3228 553 talem
3273 494 3512 559 exhibet,
3537 497 3657 550 etin

1856 614 1872 617 _
2060 612 2070 617 -
2133 612 2143 617 -
2355 605 2387 617 η
2618 615 2627 617 -
2683 594 2962 617 a-s-.._-_2.
3021 590 3184 617 ΙΑηηο
3245 586 3518 617 ἶηυΔηῖΙιηι
3555 599 3657 617 Acen

429 586 730 617 ,μανψ-...η
775 586 912 598 ων...
953 586 1232 609 "rw---"
1290 586 1412 590 κ-.-
1491 586 1504 600 ,
2058 586 2072 592 _

428 636 584 689 nobis
623 631 1008 700 perfectionem
1055 635 1525 696 consequerentur.
1552 638 1570 671 υ
1615 618 1818 671 Interea
1855 614 1953 667 Le-
2059 612 2178 664 istis
2220 605 2480 662 omnibus
2512 615 2638 671 quae
2683 594 2966 667 pracepit
3014 590 3211 651 Jesus,
3245 586 3518 639 invenitur
3555 599 3661 637 esse

2168 699 2177 700 κ
2546 691 2558 700 .
2627 688 2647 700 1
2852 699 2855 700 ,
2914 693 3024 700 --,-_
3101 676 3346 700 -..ιιηηιιι-
3395 673 3660 700 ...ιι-ιρὲιιηὶ-

431 673 584 689 ...ηηο
625 673 1007 700 νν..υ.,......,....
1408 673 1435 674 η

431 725 554 777 vitis
597 735 767 787 neque
796 719 1000 787 Moyses
1038 715 1183 770 dedit
1232 712 1625 773 hmreditatem,
1667 719 1836 775 neque
1874 702 1960 755 Je-
2059 699 2353 768 perfectus,
2403 703 2462 746 ut
2512 691 2582 744 ab
2620 688 2758 742 Jesu
2805 693 3030 739 sortem
3095 676 3348 732 caelestis
3395 673 3664 729 mansionis

2327 786 2330 787 ,
2423 783 2438 787 -
2663 781 2695 787 _
2965 773 2999 787 ιι
3048 773 3086 787 ο.
3141 771 3257 787 ς---
3313 767 3562 787 n-___:_---_
3595 763 3641 787 Ι-

439 763 554 777 ......
599 763 767 787 ..νη-,ν
796 763 999 787 κη---
1042 763 1182 770 _----_
1613 763 1624 773 ,
1753 763 1768 775 _
2060 763 2076 768 _

431 830 544 876 sus,
576 813 699 881 quia
728 809 982 864 Dominus
1009 806 1147 859 Deus
1183 805 1297 872 ipse
1325 811 1406 856 est
1439 799 1724 854 haereditas
1755 809 1958 849 eorum.
2062 788 2292 856 accipiat
2323 786 2378 838 in
2416 783 2629 836 futuro.
2663 781 2742 832 De
2790 790 2909 844 quo
2944 773 3094 826 dicit
3141 771 3262 836 ipse
3313 767 3564 819 Dominus
3590 763 3662 819 Je-

431 903 487 956 ln
517 856 619 969 qua
653 913 708 952 re
734 894 860 966 quid
884 893 1024 948 aliud
1053 856 1386 946 sentiendum
1413 897 1517 948 est,
1545 886 1652 939 nisi
1685 883 1825 952 quod
1854 881 1964 937 sint
2063 891 2155 931 sus
2176 875 2222 907 ⁸ο
2250 892 2265 928 :
2305 891 2325 924 ι
2349 873 2539 934 Pater,
2569 869 2698 922 volo
2733 877 2793 920 ut
2845 864 2943 918 ubi
2999 875 3112 930 ego
3157 873 3282 913 sum
3306 897 3323 922 ,
3367 866 3422 910 et
3451 856 3532 910 isti
3577 858 3670 912 sint

435 997 488 1050 in
523 994 759 1050 Ecclesia
803 988 1006 1042 Domini
1039 985 1292 1054 quidam,
1333 981 1422 1047 qui
1467 977 1663 1029 virtute
1704 950 1868 1025 animi
1911 978 1966 1022 et
2064 978 2310 1028 mecum;
2342 980 2360 1013 ι
2407 971 2462 1015 et
2484 961 2531 992 ’δι
2573 977 2587 1012 :
2628 977 2648 1009 ι
2686 958 2847 1011 Sicut
2898 968 3012 1022 ego
3065 953 3124 1005 in
3182 959 3264 1012 te,
3311 958 3368 1002 et
3416 957 3470 1000 tu
3505 950 3553 1000 in
3599 963 3670 1001 me

437 1087 746 1145 meritorum
825 1077 992 1148 gratia
1063 1081 1287 1128 casteros
1358 1080 1544 1122 omnes
1617 1059 1925 1128 prmcedunt

2065 1071 2229 1109 unum
2265 1067 2478 1116 sumus,
2513 1059 2576 1104 ut
2606 1059 2663 1102 et
2694 1048 2788 1101 isti
2825 1046 2882 1098 in
2924 1043 3101 1096 nobis
3135 1053 3308 1092 unum
3342 1039 3472 1091 sint.
3495 1054 3512 1087 ι

432 1178 631 1248 quibus
655 1174 768 1242 ipse
797 1130 1052 1222 Daumiuus
1092 1159 1376 1215 hrereditas
1405 1168 1525 1208 esse
1567 1150 1794 1205 dicitur?
1825 1147 1891 1200 Et
1922 1146 1967 1199 si
2139 1145 2192 1198 '5.
2240 1143 2394 1208 Quod
2453 1142 2496 1194 si
2541 1139 2778 1192 audiens
2829 1134 3233 1204 perfectorum
3275 1138 3333 1183 et
3369 1130 3667 1181 eminentio-

1458 1245 1466 1248 _
1673 1241 1701 1248 ..
1735 1240 1744 1248 .
1805 1238 1832 1248 ..
1917 1236 1965 1248 .-
2234 1238 2244 1248 .
2401 1233 2454 1248 ιο-
2500 1238 2547 1248 .-
2596 1246 2607 1248 -
2664 1227 2974 1248 n-_.:-.-----
3034 1222 3147 1248 -I:..:
3223 1222 3446 1248 ἶηηΛ-ηιι
3489 1227 3536 1248 nl
3581 1233 3665 1248 nun,

435 1222 520 1325 ἷξε
550 1273 634 1319 est
662 1222 858 1316 audere
892 1257 943 1309 in
978 1253 1190 1311 talibus,
1214 1257 1267 1302 et
1290 1245 1469 1299 arcani
1493 1240 1746 1296 reconditi
1770 1236 1969 1304 aliquid
2069 1250 2188 1289 rum
2233 1233 2613 1287 haereditatem
2664 1227 2976 1282 Dominum
3032 1222 3175 1283 dici,
3223 1222 3447 1287 ignoras
3489 1227 3542 1270 et
3581 1233 3670 1270 am.

439 1356 670 1428 aperire,
700 1351 977 1403 videamus
1004 1358 1067 1397 ne
1101 1341 1238 1394 forte
1270 1337 1396 1390 illud
1426 1335 1517 1397 sit,
1545 1333 1684 1400 quod
1717 1327 1970 1383 sacerdo-
2069 1322 2208 1390 bigis
2246 1321 2382 1389 quid
2437 1319 2570 1373 illud
2617 1316 2690 1370 sit
2745 1315 2897 1382 quod
2958 1310 3071 1364 sub
3123 1311 3233 1363 hoc
3284 1308 3502 1360 nomine
3553 1307 3672 1358 desi-

1302 1427 1310 1428 ,
1923 1415 1933 1425 .
2084 1427 2091 1428 ,
2326 1425 2388 1428 ,η
2415 1410 2447 1428 ιε
2490 1407 2609 1428 .___:-
2653 1404 2931 1428 n..---:......
2969 1399 3261 1428 annhhuh.
3302 1406 3381 1428 ηρ·
3448 1395 3536 1428 l‘ni
3569 1410 3672 1428 ιιι-ειη

442 1395 552 1501 uim
580 1395 670 1497 vei
690 1439 1003 1494 Levitarum
1038 1431 1256 1499 ﬁguram
1301 1427 1532 1478 latenter
1557 1418 1812 1482 ostendit,
1848 1415 1971 1482 quia
2072 1419 2290 1478 gnatur,
2322 1410 2448 1461 audi
2483 1407 2614 1475 quia
2652 1404 2934 1458 Dominus
2969 1399 3262 1467 sapientia
3301 1406 3408 1450 cst.
3448 1395 3538 1449 Cui
3569 1410 3676 1464 ergo

442 1540 495 1592 in
527 1532 672 1590 omni
707 1528 896 1599 populo
937 1525 1142 1596 (eorum
1177 1520 1296 1573 dico
1341 1516 1430 1584 qui
1472 1506 1764 1575 salvantur)
1807 1505 1974 1573 major
2073 1500 2275 1553 dicitur
2317 1497 2610 1551 haereditas
2653 1507 2784 1548 esse
2840 1491 2965 1558 (23)
3030 1487 3343 1548 Dominus,
3395 1487 3494 1540 iSIe
3533 1486 3677 1537 haere-

1640 1598 1645 1599 ,
2096 1587 2147 1599 ι..
2201 1597 2208 1599 .
2477 1585 2489 1596 -
2574 1584 2605 1599 ,ο
2715 1597 2758 1599 Α-
2815 1581 2886 1599 εΑ.
2985 1577 3267 1599 n--u:-..-
3316 1575 3516 1599 2....atn2-
3565 1574 3650 1599 .din‘.

442 1625 559 1679 sine
597 1574 757 1672 dubiro
795 1629 918 1682 pars
941 1574 1056 1672 est,
1090 1617 1143 1661 et
1185 1607 1337 1672 longe
1380 1598 1718 1655 numerosior
1760 1609 1970 1658 eorum,
2007 1655 2044 1682 η
2077 1587 2304 1640 ditatem
2374 1584 2661 1652 sapientiae
2703 1581 2916 1648 capiet.
2985 1577 3270 1631 Dominus
3311 1575 3518 1643 justitia
3564 1574 3676 1625 dici-

443 1655 559 1679 muo
597 1655 757 1672 υυυιυ
796 1655 917 1682 ιιι-ια
944 1655 1056 1672 νυν,
1095 1655 1143 1661 ν-
1187 1655 1249 1658 --γ
1275 1655 1329 1672 υκ
1957 1655 1963 1658 _

439 1711 534 1782 qui
571 1705 882 1774 simpliciter
921 1701 1198 1752 credentes
1229 1694 1281 1746 in
1313 1692 1502 1744 timore
1537 1687 1650 1752 Dei,
1683 1701 1775 1752 per
1813 1696 1969 1750 opera
2007 1655 2046 1712 Β
2079 1687 2184 1731 tur.
2225 1675 2322 1730 Cui
2361 1688 2492 1741 ergo
2537 1671 2842 1726 haereditas
2897 1668 3190 1721 Dominus
3231 1675 3356 1728 est,
3395 1665 3492 1718 iste
3533 1665 3678 1716 hatre-

1776 1774 1787 1782 “
2097 1768 2148 1782 "‘
2196 1775 2238 1782 ’ί
2271 1780 2295 1782 υ
2337 1764 2350 1782 ⁵
2380 1763 2558 1782 ναυτιι
2630 1755 3022 1782 -—'---------....
3109 1755 3386 1782 n-....:......
3438 1769 3530 1782 η..-
3576 1761 3640 1782 Δρ.

445 1755 603 1860 bona,
642 1755 700 1849 ei
737 1806 832 1862 per
862 1790 1112 1842 honestos
1159 1796 1354 1843 mores,
1396 1789 1449 1830 et
1480 1787 1630 1830 actus
1676 1770 1978 1842 probabiles
2077 1768 2303 1820 ditatem
2333 1763 2563 1832 iustitiae
2625 1755 3044 1826 censequetur.
3109 1755 3388 1808 Dominus
3438 1769 3532 1821 pax
3576 1761 3672 1814 est,

446 1887 674 1944 Domino
719 1882 948 1948 placent.
981 1874 1144 1928 Pauci
1177 1885 1302 1924 vero
1348 1874 1507 1928 sunt,
1552 1873 1606 1916 et
1636 1862 1786 1915 valde
1833 1859 1976 1920 rari,
2078 1857 2335 1910 Dominus
2386 1852 2696 1917 redemptio
2748 1858 2839 1903 est
2867 1887 2884 1911 ,
2946 1847 3235 1899 Dominus
3299 1845 3445 1898 salus
3489 1854 3596 1906 cst,
3636 1845 3678 1896 in

445 1973 538 2042 qui
567 1966 841 2038 sapientiae
877 1975 940 2016 ac
971 1959 1206 2014 scientiae
1237 1968 1451 2023 operam
1488 1953 1696 2012 dantes,
1739 1959 1790 2001 et
1836 1963 1981 2000 men-
2078 1946 2243 2017 439
2281 1944 2507 1996 Domino
2546 1949 2676 1994 sunt
2714 1940 2979 1991 thesauri
3021 1937 3326 2005 sapientia:
3371 1945 3424 1987 et
3477 1933 3682 1986 scientia:

449 2077 552 2118 tem
602 2073 752 2112 suam
806 2051 1054 2107 mundam
1098 2057 1398 2115 puramque
1465 2050 1777 2099 servantes,
1824 2047 1983 2104 atque
2079 2035 2402 2088 absconditi.
2442 2032 2569 2085 Haec
2630 2031 2826 2084 omnia
2867 2031 2929 2081 in
2985 2028 3384 2081 [nereditatem
3421 2025 3670 2094 percipiet,

448 2149 695 2207 omnibus
741 2140 1013 2212 praeclaris
1067 2132 1351 2187 virtutibus
1401 2145 1523 2181 suas
1570 2127 1776 2178 animas
1823 2138 1981 2177 exco-
2080 2125 2234 2192 cujus
2282 2123 2580 2176 hacreditas
2633 2119 2915 2172 Dominus
2978 2118 3180 2172 fuerit.
3221 2114 3594 2168 Verumtamen
3641 2121 3682 2165 et

450 2243 642 2304 lentes,
687 2232 900 2289 eteteris
958 2221 1374 2294 simplicioribus
1422 2233 1516 2285 per
1561 2216 1815 2268 doctrinae
1860 2229 1983 2282 gra-
2083 2215 2171 2267 isti
2207 2212 2405 2279 quibus
2449 2209 2725 2272 sapientia
2753 2207 2885 2271 Dei,
2923 2215 2984 2258 et
3021 2204 3277 2258 Verbum
3313 2203 3407 2257 Dei
3439 2214 3488 2255 et
3518 2201 3684 2255 veritas

449 2333 578 2387 tiam
605 2326 905 2383 illuminant
949 2320 1053 2372 iter
1088 2329 1190 2382 quo
1221 2311 1554 2380 gradiuntur,
1584 2316 1638 2359 et
1667 2307 1888 2358 veniunt
1920 2305 1984 2357 ad
2084 2301 2369 2367 etjustitia
2405 2298 2704 2351 limreditas
2750 2311 2884 2350 esse
2923 2297 3171 2358 dicitur,
3205 2295 3584 2346 habitationem
3613 2292 3682 2344 iu-

452 2421 701 2477 salutem.
739 2415 776 2468 li
808 2409 1051 2466 fortassis
1077 2419 1216 2458 nunc
1243 2403 1339 2455 sub
1383 2399 1683 2452 Levitarum
1715 2405 1768 2448 et
1808 2409 1988 2448 sacer—
2087 2390 2249 2444 terim
2292 2404 2416 2442 cum
2447 2387 2554 2440 illis
2587 2386 2901 2454 accipiunt,
2939 2400 3197 2453 quorum
3226 2383 3509 2435 bzereditas
3549 2381 3682 2434 liabe-

450 2513 638 2566 dotum
670 2503 886 2559 nomine
916 2498 1278 2564 designantur,
1307 2504 1532 2558 quorum
1567 2484 1850 2539 haereditas
1879 2484 1988 2549 ipse
2087 2491 2172 2534 tnr
2199 2481 2249 2531 in
2288 2478 2451 2531 terris
2489 2495 2503 2529 :
2538 2489 2598 2529 ut
2632 2492 2698 2529 ex
2735 2477 3003 2542 ipsorum
3040 2475 3338 2529 consortio
3387 2474 3442 2534 ii,
3473 2472 3558 2538 qui
3601 2485 3678 2537 per

457 2599 734 2658 Dominus,
764 2592 850 2659 qui
883 2595 965 2642 est
993 2582 1272 2652 sapientia,
1303 2593 1463 2647 quam
1497 2592 1607 2645 pra:
1637 2575 1846 2628 exteris
1881 2589 1989 2627 om-
2087 2571 2408 2638 semetipsos
2435 2569 2680 2620 nondum
2709 2567 2928 2628 valent,
2984 2581 3094 2632 per
3127 2566 3254 2617 illos
3292 2563 3566 2632 participes
3594 2555 3682 2614 εα-

459 2692 616 2746 nibus
663 2685 982 2741 dilexerunt,
1010 2690 1127 2728 esse
1173 2671 1502 2740 perhibetur.
1547 2666 1762 2718 Invenio
1809 2674 1986 2717 tamen
2089 2663 2308 2715 ciantnr
2334 2659 2624 2725 sapientiae
2656 2665 2714 2710 ct
2745 2656 3017 2708 scicntia:
3053 2655 3186 2717 Dei,
3231 2662 3290 2707 et
3324 2650 3558 2705 veritatis
3588 2649 3681 2713 ejus

461 2781 692 2846 aliquam
723 2768 1080 2828 differentiarum
1118 2765 1170 2816 in
1203 2763 1270 2813 iis
1296 2774 1414 2828 qua:
1447 2756 1658 2824 Moyses
1700 2756 1989 2822 distribuit,
2091 2766 2153 2802 ac
2178 2749 2363 2804 Verbi.
2393 2748 2458 2800 Et
2486 2749 2555 2799 ita
2587 2747 2759 2799 etiam
2800 2745 2873 2798 ad
2907 2745 3196 2798 minimos
3228 2755 3475 2811 quosque
3501 2741 3683 2808 dispen-

461 2878 511 2922 et
663 2864 729 2914 iis
774 2873 890 2926 quae
940 2853 1112 2908 Jesus.
1164 2849 1370 2917 Moyses
1430 2860 1656 2911 namque
1695 2845 1896 2898 duabus
1940 2854 1993 2898 et
2091 2839 2231 2893 satio
2265 2838 2444 2890 divina
2477 2837 2785 2904 pertendit,
2824 2842 2885 2886 ut
2914 2833 3440 2902 quiprincipaliter
3468 2843 3684 2896 nonpos-

467 2955 627 3009 semis
662 2950 904 3003 trihuhus
937 2955 1133 2996 terram
1163 2937 1486 2991 distribuens
1514 2935 1650 2987 ultra
1683 2933 1989 2998 Iordanem,
2019 2959 2062 3016 ο
2096 2936 2224 2981 sunt
2263 2926 2460 2980 divinae
2493 2924 2685 2990 gratiae
2713 2938 2962 2991 capaces
2999 2925 3311 2986 exsistere,
3345 2917 3609 2974 illuminari
3632 2930 3686 2970 ex

465 3058 572 3096 non
619 3038 764 3092 dedit
811 3031 1010 3088 Levitis
1063 3025 1350 3080 habitaculi
1397 3023 1694 3092 portionem
1741 3038 1858 3089 quae
1901 3037 1995 3077 eos
2025 3007 2062 3016 ⁷
2100 3017 2327 3070 istorum
2364 3015 2648 3068 consortio
2687 3021 2994 3066 mere-antu
3010 3030 3061 3076 r,
3103 3023 3166 3068 et
3195 3011 3526 3081 compleatur
3559 3007 3684 3068 illud,

468 3126 846 3196 contingebat:
877 3121 1031 3175 Jesus
1063 3126 1239 3171 autem
1271 3113 1435 3176 dedit,
1481 3125 1582 3164 non
1620 3110 1786 3164 solum
1840 3110 1892 3163 in
1932 3111 1999 3164 iis
2100 3106 2240 3172 quod
2271 3105 2532 3170 scriptum
2563 3112 2650 3156 est
2680 3103 2727 3133 δ’
2771 3117 2786 3153 :
2828 3120 2848 3152 ‹
2894 3104 3008 3167 Qui
3043 3105 3312 3168 multum,
3352 3117 3454 3155 non
3483 3098 3688 3152 abunda-

467 3218 714 3275 tribubus
737 3226 871 3279 quas
904 3211 1015 3278 ipse
1053 3207 1342 3273 diSpensat,
1370 3216 1549 3254 verum
1578 3209 1632 3252 et
1662 3199 1712 3252 in
1745 3199 1850 3253 illis
1880 3214 2000 3266 quas
2101 3197 2210 3261 vit;
2241 3205 2294 3249 et
2321 3199 2412 3262 qui
2442 3193 2761 3257 minimum,
2789 3208 2908 3246 non
2942 3195 3277 3249 minoratus
3293 3191 3534 3245 est.»Sed
3561 3198 3605 3242 et
3632 3185 3684 3239 il-

473 3271 713 3376 aMoyse
749 3271 896 3354 trans
924 3271 1229 3350 'Jordanem
1261 3290 1466 3343 fuerant
1501 3287 1790 3342 collocatae.
1838 3287 2001 3342 l-labi-
2104 3284 2200 3336 lud
2229 3281 2370 3350 quod
2406 3281 2706 3348 Apostolus
2739 3281 2809 3334 ad
2843 3280 3194 3334 Corinthios
3252 3281 3382 3334 dicit
3419 3279 3480 3330 de
3520 3271 3686 3329 sanctis

475 3364 649 3450 tacula
691 3393 890 3446 etenim
921 3382 1128 3441 Levitis
1166 3380 1216 3432 in
1263 3377 1483 3445 singulis
1531 3375 1773 3429 tribubus
1813 3378 2000 3428 (lecer-
2102 3369 2504 3438 Jerosolymitis
2539 3385 2553 3419 :
2598 3385 2616 3417 ι
2660 3367 2734 3421 Ut
2795 3379 3024 3433 vestra,
3058 3370 3246 3437 inquit
3281 3368 3350 3432 ",
3399 3364 3682 3419 abundantia

475 3495 697 3547 nuntur,
744 3492 801 3535 ut
834 3495 930 3549 per
964 3479 1066 3532 hoc
1117 3476 1282 3528 multo
1331 3468 1759 3540 magnificentius
1801 3475 2001 3534 myste-
2107 3461 2201 3514 liat
2235 3460 2300 3511 ad
2327 3459 2549 3513 illorum
2583 3459 2855 3525 inopiam,
2892 3469 2952 3512 et
2990 3459 3226 3512 illorum
3275 3455 3582 3512 abundantia
3609 3451 3683 3501 ﬁat

473 3577 615 3631 rium
665 3584 1006 3627 posceremus
1053 3566 1186 3636 (2|).
1234 3565 1338 3616 iste
1373 3562 1513 3616 enim
1565 3557 1695 3612 ordo
1739 3555 2008 3610 Leviticus
2106 3549 2170 3600 ad
2207 3558 2441 3600 vestram
2473 3547 2738 3614 iunpiam.
2784 3565 2804 3597 ι
2850 3547 2933 3600 lta
2973 3557 3221 3618 ergo-et
3253 3561 3397 3600 nunc
3422 3542 3686 3598 cohabitare

474 3667 559 3720 vel
587 3661 952 3723 sacerdotalis,
982 3657 1071 3722 qui
1103 3655 1193 3706 Dei
1229 3649 1498 3718 sapientiae
1523 3656 1576 3700 et
1607 3643 1845 3698 scientiae
1880 3654 2004 3705 ope-
2102 3636 2360 3704 jubentur
2384 3635 2574 3688 Levita
2608 3645 2663 3686 et
2686 3637 2965 3690 sacerdos
2997 3639 3101 3705 qui
3139 3651 3252 3689 non
3285 3636 3481 3688 habent
3505 3642 3682 3688 terram,

475 3771 590 3810 ram
633 3749 910 3819 impendit,
941 3721 1050 3799 non
1083 3741 1252 3811 pomit
1278 3754 1307 3791 a
1352 3736 1530 3805 Moyse
1570 3742 1768 3786 sortem
1799 3727 2007 3782 habita-
2111 3727 2362 3780 Israelita:
2389 3728 2480 3796 qui
2511 3728 2679 3781 habet
2727 3735 2974 3787 terram.
3011 3739 3076 3781 ut
3105 3728 3415 3796 percipiant
3447 3725 3509 3778 ab
3545 3721 3680 3776 Israe-

479 3845 640 3899 tionis
688 3840 968 3907 accipere;
1021 3833 1144 3901 quia
1189 3845 1294 3882 non
1329 3835 1445 3880 erat
1491 3824 1696 3892 Moyses
1744 3819 2007 3883 veritatis,
2113 3813 2204 3867 lite
2249 3815 2498 3869 sacerdos
2548 3807 2604 3870 et
2646 3817 2845 3870 Levita
2897 3826 3136 3870 terrena
3182 3831 3306 3884 quae
3343 3829 3449 3868 non
3491 3812 3678 3869 habent;

481 3937 573 3989 sed
605 3931 807 3985 umbra:
837 3937 890 3980 et
922 3900 1242 3988 exemplaris
1283 3915 1543 3970 minister.
1573 3910 1729 3964 Jesus
1754 3921 1880 3961 vero
1912 3907 2012 3958 Do-
2113 3910 2168 3955 ει
2209 3917 2399 3956 rursus
2445 3904 2720 3959 lsraelites
2767 3904 3058 3974 percipiat
3090 3905 3229 3973 (24)
3280 3919 3310 3956 a
3364 3900 3613 3956 sacerdote
3640 3904 3682 3948 et

484 4024 662 4077 minus
694 4028 896 4079 noster,
942 4014 1029 4080 qui
1061 4020 1176 4063 erat
1206 4005 1466 4074 sapientia
1507 4002 1619 4062 Dei,
1650 4001 1761 4066 ipse
1809 3997 2014 4050 habita-
2112 3992 2297 4046 Levita
2325 3991 2574 4046 cmlestia
2615 4001 2672 4045 et
2697 3993 2898 4045 divina
2933 4010 3066 4062 quae
3103 4009 3220 4048 non
3255 3995 3436 4048 habet.
3463 3990 3558 4061 Lex
3574 3984 3687 4039 enim

483 4113 601 4167 cuia
637 4107 961 4176 sapientibus
997 4101 1216 4168 praebet.
1262 4073 1375 4147 Non
1423 4091 1560 4144 cnim
1619 4088 1788 4155 potuit
1837 4086 2014 4138 dicere
2117 4081 2207 4133 Dei
2250 4079 2628 4133 sacerdotibus
2672 4082 2991 4135 commissa
3025 4093 3117 4137 est.
3150 4093 3208 4138 et
3260 4081 3485 4144 Levitis,
3515 4087 3563 4131 et
3589 4073 3690 4129 huic

485 4161 756 4268 Moyses'"
790 4209 804 4245 :
847 4211 864 4241 ι
897 4161 1060 4250 Vade,
1094 4186 1261 4238 vende
1289 4182 1465 4233 omnia
1501 4188 1590 4230 tua
1620 4191 1740 4245 quae
1770 4176 1933 4228 habes
1962 4182 2016 4225 et
2117 4169 2216 4222 soli
2246 4182 2468 4235 operam
2502 4168 2780 4233 tribuant,
2813 4180 2872 4223 et
2913 4172 3097 4226 verbo
3131 4173 3231 4227 Dei
3265 4175 3470 4239 absque
3491 4167 3580 4220 ulla
3606 4161 3692 4216 sol-

489 4252 958 4354 da‘pauperibus,
998 4287 1050 4330 et
1109 4273 1328 4327 habebis
1385 4271 1688 4322 thesaurum
1743 4265 1795 4317 in
1854 4262 2019 4326 coelo,
2057 4265 2098 4318 ι)
2125 4257 2402 4310 licitudiue
2447 4265 2670 4309 vacent.
2715 4255 2830 4312 Sed
2887 4259 3126 4314 interim
3170 4272 3231 4314 ut
3264 4273 3461 4314 vacare
3500 4252 3692 4325 possint,

489 4385 545 4429 et
571 4372 712 4432 veni,
750 4381 970 4433 sequere
1013 4379 1113 4415 me.
1138 4381 1155 4412 ι
1193 4360 1302 4412 Hoc
1341 4365 1424 4409 est
1467 4355 1606 4407 enim
1640 4362 1848 4419 partem
1889 4353 2018 4402 dare
2123 4346 2385 4399 laicorum
2411 4347 2490 4398 uti
2526 4346 2860 4403 ministeriis
2889 4352 3124 4407 debent.
3162 4352 3221 4406 Si
3254 4353 3400 4405 enim
3431 4349 3581 4401 laicus
3603 4354 3696 4409 Qut

489 4461 711 4519 Levitis.
753 4457 857 4508 Dice
908 4451 1078 4521 potuit
1115 4450 1294 4501 dicere
1345 4445 1548 4512 Moyses
1594 4443 1669 4506 ³⁸,
1719 4443 1843 4508 quia
1880 4458 1898 4490 ι
1928 4440 2018 4506 qui
2127 4434 2429 4488 necessaria
2466 4445 2595 4488 sunt
2624 4451 2734 4490 non
2768 4443 3092 4506 praebuerit
3130 4440 3505 4495 sacerdotibus
3546 4430 3695 4485 ctLe-

493 4563 598 4601 non
633 4539 1014 4597 renuntiaverit
1054 4536 1299 4588 omnibus
1321 4547 1438 4598 qua:
1473 4530 1724 4597 possidet,
1768 4542 1872 4580 non
1929 4542 2024 4592 νο·
2131 4525 2276 4588 vitis,
2305 4525 2563 4592 occupati
2596 4525 2672 4578 illi
2725 4526 2780 4578 in
2833 4529 3098 4594 talibus,_
3130 4531 3186 4584 id
3238 4539 3324 4582 est
3372 4521 3696 4594 corporalibus

497 4645 598 4691 test
619 4646 738 4686 esse
763 4644 910 4682 meus
943 4623 1251 4691 discipulus.
1277 4639 1294 4669 ι
1333 4620 1438 4672 Nec
1469 4619 1640 4686 potuit
1675 4618 1852 4671 dicere
1881 4617 2027 4684 Moy-
2135 4619 2302 4677 curis,
2339 4617 2521 4670 minus
2553 4618 2657 4687 legi
2687 4620 2783 4673 Dei
2821 4623 3137 4677 vacabunt.
3173 4622 3290 4676 illis
3320 4628 3608 4674 autemnon
3629 4623 3698 4657 ιιι·

497 4741 583 4781 ses
604 4724 682 4774 ’9:
713 4739 730 4770 ι
765 4717 948 4774 Omnis
973 4713 1060 4781 qui
1095 4727 1198 4763 non
1230 4710 1398 4762 oderit
1425 4717 1626 4772 patrem
1659 4706 1738 4758 vel
1781 4715 2025 4766 matrem,
2134 4707 2410 4770 cantibus,
2457 4722 2637 4775 neque
2673 4724 2909 4777 operam
2953 4715 3230 4767 dantibus
3275 4712 3375 4781 legi
3414 4709 3520 4772 Dei,
3551 4715 3596 4756 tu
3623 4714 3697 4768 pe-

494 4823 553 4870 et
579 4805 773 4864 fratres
797 4815 851 4860 et
877 4814 1088 4858 sorores
1110 4809 1160 4852 et
1190 4797 1352 4856 tilios,
1379 4795 1596 4861 insuper
1625 4795 1784 4846 etiam
1828 4804 1881 4846 et
1911 4794 2028 4846 ani-
2139 4795 2426 4850 riclitaris.
2460 4796 2871 4854 Obscurabitur
2907 4804 3065 4856 enim
3104 4805 3197 4856 lux
3238 4801 3500 4859 scientiae.
3529 4805 3630 4861 qua
3655 4788 3695 4836 i"

499 4914 639 4955 mam
673 4910 847 4956 suam,
880 4905 984 4944 non
1017 4894 1193 4956 potest
1219 4896 1365 4934 meus
1389 4893 1505 4933 esse
1533 4879 1837 4943 discipulus.
1863 4897 1880 4928 ι
1917 4879 2028 4933 lloc
2136 4883 2244 4938 illis
2269 4893 2374 4948 est,
2412 4895 2466 4940 te
2511 4903 2619 4941 non
2656 4888 3135 4947 subministrante
3165 4894 3346 4947 oleum
3393 4890 3621 4942 lucernae,
3657 4883 3700 4927 el

500 5110 548 5142 ⁵³
1113 5021 1528 5144 szsitiiiiihitiu’
1563 5017 1653 5071 2L
1725 5017 1770 5047 u
1807 5017 1933 5071 Luc'
1982 5035 2088 5083 κη’
2131 5022 2221 5075 53°
2299 5024 2342 5056 ³⁸
2384 5025 2543 5090 ibid.,
2581 5027 2674 5082 96.
2767 5029 2814 5060 ⁸ο
2856 5029 3025 5086 Joan.
3054 5032 3314 5097 νίψει.
3413 5026 3457 5059 ⁸⁸
3494 5020 3608 5077 ibid.
3627 5014 3697 5070 Ἠ.

572 5223 682 5292 (20)
720 5219 873 5274 Libb.
899 5214 1050 5276 editi,
1092 5229 1110 5261 ι
1141 5211 1605 5276 repromissionem
1635 5211 1880 5266 veniunt,
1928 5219 2012 5255 nor

503 5304 599 5359 per
638 5291 781 5343 illam
818 5299 937 5354 quae
981 5279 1212 5351 perfecta
1252 5283 1394 5329 sunt.
1427 5292 1445 5323 ι
1495 5272 1617 5327 Mss.
1647 5279 1703 5324 ut
1748 5272 1798 5323 in
1847 5282 2012 5325 nosm

2188 5211 2330 5332 1522.5)
2373 5213 2526 5271 Ene'
2574 5217 2740 5273 Dee“
2789 5218 2845 5272 in
2883 5218 3021 5273 libb.
3080 5218 3264 5280 editis,
3311 5213 3405 5268 sed
3454 5211 3618 5264 exstat
3655 5211 3697 5253 In

510 5353 674 5412 iextn.
835 5353 850 5354 ί
1412 5409 1428 5412 _
1458 5410 1519 5412 η
1656 5409 1682 5412 __
1718 5409 1727 5412 Α

2213 5353 2333 5412 (24)
2362 5355 2438 5407 Ab
2486 5355 2734 5410 Israelite
2789 5359 3042 5409 sacerdos
3073 5367 3118 5409 et
3172 5353 3275 5404 levi

519 5369 686 5493 Lexegi.)
722 5423 871 5483 Mss.,
921 5437 938 5470 ι
971 5427 1328 5471 nosceremus.
1350 5429 1366 5460 ι
1409 5409 1562 5464 Libb.
1603 5409 1751 5470 editi,
1790 5425 1808 5458 ι
1836 5422 2025 5462 cerne-

519 5508 710 5544 remus.
741 5511 758 5539 ι

2213 5351 2333 5420 (94)
2362 5355 2438 5407 Ab
2486 5355 2734 5410 Israelite
2789 5359 3042 5409 sacerdos
3073 5367 3118 5409 et
3172 5353 3332 5404 levita
3373 5360 3564 5400 terrena
3597 5349 3693 5406 qua!

2184 5434 2253 5471 οη
2283 5427 2475 5478 habent
2503 5445 2520 5491 ;
2557 5437 2602 5478 et
2637 5441 2824 5479 rursus
2850 5426 3124 5478 Israelites
3162 5421 3434 5483 iwrcipiat.
3471 5414 3582 5466 llaec
3615 5408 3693 5457 de-

2184 5488 2470 5544 Idet‘attlur
2496 5499 2547 5544 in
2576 5496 2728 5544 libris
2755 5506 2914 5544 antea
2933 5496 3111 5544 editis.
3139 5492 3234 5544 sed
3255 5493 3503 5544 leguntur
3532 5480 3693 5532 inemo

732 5511 904 5610 Codex
939 5555 1238 5620 Sangerm.,
1275 5566 1292 5599 ι
1327 5550 1455 5616 ipse.
1482 5566 1498 5596 ι

2184 5488 2470 5610 litteratum
2496 5487 2547 5549 in
2576 5496 2728 5549 libris
2755 5506 2914 5550 attica
2933 5496 3111 5555 editis,
3139 5492 3234 5545 sed
3255 5493 3503 5555 leguntur
3532 5487 3580 5532 in
3598 5487 3693 5528 our

2246 5575 2313 5615 us
2346 5579 2477 5619 “iss.
