3822 6190
175 337 298 402 915

1207 342 1271 396 IN
1309 339 1563 397 LIBRUM
1601 336 1760 393 JESU
1791 334 1971 390 NAVE
2007 330 2292 389 HOMILIA
2333 328 2514 388 XVIII.

3314 332 3427 389 9η.

176 449 357 519 culpa
393 460 478 506 ιυει
499 445 608 505 illud
635 434 894 509 “enim.
940 453 1108 517 quod
1139 453 1275 508 dixit
1303 454 1552 509 Dominus
1574 452 1641 516 “,
1664 450 1785 520 quia
1815 451 1866 511 Α
1892 450 2051 501 etiam
2082 452 2296 516 possunt
2329 458 2428 500 nos
2461 446 2723 502 instruere
2749 446 2813 500 ad
2834 445 3079 501 salutem.
3102 446 3279 500 Primo
3298 461 3412 500 om-

187 554 420 602 tcatcus
438 555 570 597 caeco
600 534 856 592 ducam"!
923 545 1220 608 praebens,
1277 545 1433 598 ambo
1482 544 1534 597 in
1583 542 1787 596 foveam

198 633 423 689 cadent.
457 650 477 682 ι
503 630 671 684 Sedet
698 615 839 673 illud
880 623 953 679 in
998 639 1056 684 te
1085 633 1438 701 complebitur
1458 633 1594 700 quod
1615 632 1791 686 Domi-

212 736 316 776 nus
343 722 485 775 dixit
506 721 548 753 δ’
575 735 591 774 :
620 739 636 771 ι
663 712 718 769 Si
737 711 905 769 enim
940 718 1045 775 lux
1076 738 1195 792 quae
1233 726 1282 777 in
1327 734 1378 778 te
1425 734 1529 788 est,
1563 724 1791 777 tenebrae

220 819 367 871 sunt,
427 812 557 878 ipsa:
597 806 820 863 tenebrae
874 817 1116 875 quantae
1166 814 1322 867 sunt?
1358 833 1377 865 ι
1415 813 1484 868 Ut
1526 828 1655 882 ergo
1702 812 1791 864 lux

222 902 471 955 scientiae
512 903 565 955 in
594 897 973 956 sacerdotibus
1003 904 1232 974 fulgeat,
1268 915 1323 959 et
1354 905 1566 960 lucerna
1606 919 1789 957 eorum

222 989 292 1042 sit
322 1004 551 1058 semper
580 1002 817 1051 accensa,
861 996 927 1043 tu
968 992 1135 1061 imple
1159 994 1388 1048 oﬂicium
1425 1003 1591 1055 tuum,
1641 1009 1790 1047 com-

220 1077 308 1147 ple
343 1081 658 1133 mandatum
692 1078 782 1132 Dei
810 1092 951 1148 erga
979 1083 1235 1151 obsequia
1258 1086 1618 1138 sacerdotum.
1642 1082 1792 1146 Quod

223 1164 267 1216 si
293 1164 447 1218 forte
487 1166 748 1233 susceptis
787 1180 818 1218 a
864 1173 923 1221 te
962 1182 1084 1236 quae
1127 1169 1425 1223 necessaria
1456 1177 1599 1233 sunt,
1631 1176 1684 1220 et
1712 1169 1789 1221 sic

224 1265 333 1303 non
361 1250 521 1316 quasi
550 1252 769 1304 avaritia
797 1253 895 1306 sed
940 1255 1098 1322 quasi
1146 1256 1512 1309 benedictione
1546 1254 1679 1326 (25),
1717 1255 1789 1308 illi

222 1338 573 1408 neglexerint
604 1341 900 1396 eruditioni
959 1358 1179 1412 operam
1212 1348 1360 1407 dare,
1398 1354 1450 1398 et
1496 1346 1657 1397 verbo
1695 1345 1787 1398 Dei

219 1440 451 1492 vacare,
496 1428 626 1482 etin
659 1429 777 1498 lege
815 1429 909 1484 Dei
948 1434 1195 1486 meditari
1248 1433 1335 1487 die
1373 1448 1435 1486 ac
1484 1442 1660 1498 nocte,
1690 1433 1787 1501 ipsi

219 1518 501 1573 videbunt
551 1520 825 1588 quomodo
872 1536 974 1590 pro
1018 1523 1297 1578 animabus
1340 1524 1533 1578 vestris
1566 1524 1791 1577 reddant

215 1606 454 1659 Domino
484 1608 782 1662 rationem.
815 1606 922 1662 Sed
947 1611 1296 1678 deprecemur
1324 1612 1497 1679 potius
1534 1611 1623 1663 Dei
1677 1610 1787 1680 (26)

213 1696 623 1762 omnipotentis
658 1696 1112 1762 misericordiam,
1165 1708 1223 1751 ut
1268 1713 1365 1752 suo
1423 1699 1641 1761 lumine,
1690 1713 1786 1752 sua

211 1779 481 1843 veritate,
524 1795 630 1834 suo
671 1782 974 1849 splendore,
1002 1772 1186 1838 omnes
1223 1800 1320 1839 nos
1357 1785 1653 1839 illuminare
1699 1786 1783 1839 di-

211 1879 418 1936 gnetur
464 1878 522 1922 et
575 1872 709 1926 dare
761 1872 1031 1926 lucernam
1079 1874 1300 1942 pedibus
1333 1878 1529 1930 nostris
1564 1877 1781 1929 verbum

1886 536 2033 591 nium
2059 536 2222 591 Caleb
2247 535 2629 603 interpretatur
2654 536 2799 603 quasi
2831 551 2920 589 cor
2944 535 3079 606 (52).
3115 534 3242 599 Quis
3286 549 3411 600 ergo

1885 639 1966 683 est
1999 628 2147 698 quasi
2181 640 2294 691 cor,
2325 624 2425 679 nisi
2448 626 2494 679 is
2514 625 2603 695 qui
2628 625 2680 678 in
2708 623 3261 679 omnibusintellectui
3289 637 3415 691 ope-

1888 729 2000 768 ram
2056 714 2259 779 tribuit,
2289 714 2379 782 qui
2418 729 2527 768 non
2569 713 2781 783 aliquod
2830 711 3122 764 membrum
3172 709 3411 778 corporis

1894 803 2145 857 Ecclesia:
2169 817 2285 859 esse
2328 802 2541 870 dicitur,
2578 803 2682 857 nisi
2720 803 2848 857 illud
2893 800 3031 870 quod
3065 808 3146 854 est
3179 800 3234 853 in
3267 799 3413 853 nobis

1888 893 2195 963 praclarius
2243 905 2378 949 cor:
2415 893 2467 947 id
2495 900 2596 959 est,
2630 894 2716 962 qui
2755 895 2929 948 omnia
2966 907 3087 947 cum
3124 892 3329 946 ratione
3360 898 3414 944 et

1888 983 2166 1050 prudentia
2210 982 2371 1050 gerit,
2411 990 2465 1034 et
2490 982 2563 1035 ita
2592 992 2783 1036 cuncta
2811 984 3081 1053 dispensat
3107 982 3262 1052 quasi
3307 995 3414 1035 non

1888 1073 1956 1126 sit
1985 1072 2152 1135 aliud,
2184 1072 2285 1126 nisi
2329 1072 2460 1126 cor?
2501 1070 2887 1139 Interpretatur
2927 1084 3102 1128 autem
3131 1083 3184 1127 et
3212 1070 3416 1127 Jel'l'one

1887 1172 2037 1232 pater
2060 1160 2172 1228 ejus
2197 1162 2456 1215 conversio
2495 1161 2629 1231 (55).
2667 1162 2765 1217 Hic
2798 1179 2923 1232 ergo
2955 1164 3115 1218 Caleb
3161 1162 3301 1216 ﬁlius
3333 1168 3418 1214 est

1887 1251 2265 1307 conversionis.
2294 1251 2429 1317 Quid
2475 1252 2576 1305 nisi
2617 1252 2743 1319 quia
2772 1253 2837 1305 ad
2890 1253 3054 1306 Deum
3102 1265 3416 1313 conversus,

1888 1341 2042 1393 talem
2070 1355 2135 1392 ex
2162 1354 2218 1392 se
2251 1339 2480 1392 fructum
2514 1340 2795 1406 proferret,
2838 1349 2895 1393 ut
2923 1355 3015 1394 cor
3052 1338 3212 1392 lilium
3260 1351 3419 1406 gene—

1888 1429 2068 1482 raret?
2097 1428 2192 1482 Est
2223 1443 2352 1495 ergo
2385 1430 2557 1482 omnis
2583 1430 2672 1497 qui
2722 1430 2917 1484 divinis
2967 1429 3214 1484 sensibus
3242 1432 3414 1486 vacat,

1887 1529 1940 1573 ct
1969 1521 2259 1588 prudenter
2283 1530 2474 1575 cuneta
2525 1536 2589 1574 ac
2635 1520 3023 1574 rationabiliter
3054 1518 3181 1588 agit,
3229 1518 3412 1572 Caleb.

1888 1609 1983 1663 Ilic
2002 1611 2172 1676 primo
2204 1611 2416 1678 quidem
2444 1610 2681 1665 eruditus
2703 1624 2731 1662 a
2759 1608 2925 1669 Mose,
2949 1606 3182 1662 secundo
3204 1621 3327 1661 vero
3351 1606 3418 1659 ab

1886 1698 2029 1760 Jesu,
2058 1699 2142 1753 cui
2191 1701 2498 1759 assistebat,
2539 1700 2670 1753 dicit
2691 1700 2780 1751 ηε
2824 1716 2842 1749 ι
2898 1697 2976 1751 'I‘u
3021 1697 3156 1751 nosti
3193 1696 3417 1750 verbum

1888 1790 2027 1853 quod
2053 1786 2259 1839 locutus
2296 1797 2376 1840 est
2402 1787 2658 1840 Dominus
2685 1788 2749 1839 ad
2792 1785 2971 1839 Mosen
3004 1784 3271 1839 hominem
3300 1781 3412 1835 Dei.

1888 1874 1964 1926 Tu
1996 1874 2157 1944 440
2187 1876 2293 1928 scis
2317 1877 2535 1928 verbum
2567 1877 2706 1943 quod
2733 1875 2940 1928 locutus
2970 1882 3051 1927 est
3083 1872 3351 1926 Dominus.
3393 1889 3413 1922 ι

210 1970 398 2021 suum,
437 1966 495 2010 et
539 1957 727 2011 lumen
777 1959 987 2014 semitis
1021 1962 1239 2026 nostris,
1282 1963 1450 2030 ipsum
1504 1963 1784 2018 Dominum
1883 1960 2011 2026 Quis
2036 1964 2176 2016 enim
2199 1963 2333 2016 alius
2356 1978 2507 2018 nosse
2524 1973 2693 2033 potest
2713 1966 2930 2019 verbum
2952 1963 3086 2031 quod
3113 1962 3316 2018 locutus
3333 1970 3416 2017 est

209 2054 470 2097 nostrum
507 2043 698 2098 Jesum
745 2046 1041 2111 Christum,
1064 2049 1154 2115 qui
1185 2058 1270 2102 est
1294 2063 1417 2104 vera
1449 2049 1536 2104 lux
1584 2052 1784 2117 mundi,

208 2132 302 2186 cui
328 2142 420 2186 est
449 2133 635 2203 gloria
669 2144 723 2188 et
768 2137 1051 2205 imperiunm
1084 2137 1192 2209 (27)
1225 2140 1278 2193 in
1323 2141 1515 2195 saecula
1563 2142 1787 2197 saeculo-

208 2236 361 2278 rum.
396 2224 609 2280 Amen.

763 2312 1042 2368 HOMILIA
1091 2315 1274 2371 XVIII.

209 2418 291 2475 De
319 2423 486 2476 initio
517 2424 792 2476 divisionis
817 2436 988 2484 (erm.
1012 2443 1126 2493 qua:
1148 2428 1316 2481 divisa
1344 2439 1419 2483 est
1464 2432 1526 2482 ab
1553 2430 1697 2491 Jesu,
1741 2441 1788 2483 et

282 2492 566 2567 quomodo
610 2494 829 2545 accessit
852 2495 921 2546 ad
956 2492 1133 2548 laxum
1182 2494 1358 2562 Caleb,
1384 2508 1430 2550 et
1466 2499 1611 2567 petiit
1641 2499 1704 2550 ab
1732 2514 1788 2551 eo

286 2556 574 2612 Chebron.

290 2669 345 2723 ι.
399 2667 695 2723 Discamus
736 2684 799 2726 ex
853 2671 966 2739 lege
994 2687 1152 2741 quam
1184 2675 1491 2729 necessarie
1520 2677 1787 2744 descripta

202 2756 299 2812 'est
333 2770 505 2812 terra:
559 2760 779 2826 divisio,
808 2777 925 2829 quae
962 2763 1136 2830 primo
1179 2779 1276 2832 per
1322 2765 1521 2830 Mosen,
1556 2769 1790 2820 secundo

216 2849 396 2902 etiam
424 2848 542 2918 (28)
578 2864 678 2918 per
708 2849 890 2904 Iesum
925 2852 1122 2905 dicitur
1154 2852 1314 2913 facta,
1361 2869 1463 2908 non
1496 2865 1555 2907 ut
1591 2864 1790 2909 utram-

218 2952 327 3005 que
390 2952 706 3003 servemus,
754 2942 846 2993 sed
892 2940 1158 2994 rationem
1210 2942 1490 3008 utriusque
1526 2943 1790 2997 discentes

1888 2052 2138 2105 Dominus
2167 2053 2231 2104 ad
2266 2052 2466 2115 Mosen,
2502 2054 2603 2107 nisi
2634 2052 2789 2107 Jesus
2814 2053 2995 2107 solus?
3020 2053 3187 2107 Nemo
3227 2052 3302 2107 sic
3328 2051 3415 2105 in-

1888 2137 2086 2191 tellexit
2113 2139 2278 2207 legem
2307 2141 2446 2195 sicut
2469 2140 2652 2193 docuit
2680 2140 2853 2194 Iesus.
2901 2139 3018 2207 Ipse
3042 2139 3183 2193 enim
3234 2139 3415 2193 omnia

1886 2229 2084 2292 docuit,
2110 2238 2164 2283 et
2193 2230 2422 2296 aperuit,
2451 2229 2564 2296 ipse
2609 2230 2861 2283 revelnvit
2902 2228 3083 2289 Paulo,
3119 2228 3244 2295 quia
3271 2244 3291 2277 ε
3332 2226 3412 2281 lex

1886 2317 2139 2386 spiritalis
2157 2330 2239 2373 est
2266 2320 2330 2371 δ’.
2370 2318 2519 2372 Sicut
2546 2317 2751 2371 locutus
2775 2326 2877 2380 est,
2925 2316 3190 2385 inquit“,
3226 2316 3292 2370 de
3332 2330 3418 2369 me

1887 2413 1940 2459 et
1971 2405 2035 2459 de
2068 2415 2139 2460 te.
2179 2424 2197 2455 ι
2234 2407 2305 2459 De
2334 2421 2438 2466 me,
2465 2405 2659 2472 inquit,
2686 2414 2741 2456 et
2769 2404 2832 2457 de
2860 2412 2912 2458 te
2954 2402 3163 2456 locutus
3190 2409 3275 2454 est
3303 2398 3415 2453 Mo-

1887 2507 1992 2548 ses.
2022 2495 2093 2547 De
2129 2504 2178 2547 te
2203 2496 2438 2562 quidem,
2476 2496 2577 2548 hoc
2595 2503 2679 2548 est
2706 2494 2850 2561 quod
2882 2491 3018 2545 dixit
3048 2489 3302 2543 Dominus
3326 2487 3371 2519 ⁵⁸
3393 2527 3409 2553 ,

1888 2585 2010 2651 quia
2057 2577 2144 2636 «Si
2169 2584 2458 2638 crederetis
2482 2583 2637 2649 Mosi,
2664 2573 2955 2636 crederetis
2979 2582 3157 2649 utique
3175 2589 3228 2634 et
3262 2579 3415 2643 mihi,

1887 2672 1953 2725 de
1980 2687 2063 2725 tne
2081 2673 2221 2726 enim
2250 2672 2336 2724 ille
2378 2673 2616 2741 scripsit.
2659 2691 2677 2722 ι
2717 2673 2789 2726 De
2818 2686 2902 2725 me
2926 2685 3051 2723 vero
3091 2669 3231 2737 quod
3262 2668 3416 2729 dixit,

1889 2760 1989 2813 hoc
2021 2769 2106 2815 est
2128 2761 2195 2813 de
2224 2758 2404 2823 Caleb,
2429 2761 2518 2827 qui
2567 2774 2662 2814 eor
2702 2768 2805 2826 est,
2837 2770 3042 2813 certum
3083 2766 3166 2812 est
3202 2757 3322 2826 quia
3354 2756 3417 2810 dc

1887 2852 2047 2904 corde
2076 2851 2350 2917 scripserit
2387 2850 2573 2917 Moses,
2601 2852 2795 2920 quippe
2831 2851 2922 2918 qui
2956 2850 3130 2904 omnia
3184 2848 3417 2918 pruden-

1892 2950 1973 2993 ter
1994 2941 2367 3008 sapienterque
2391 2941 2786 3008 conscripserit.
2814 2936 2902 2992 Ait
2927 2954 3055 3007 ergo
3074 2939 3119 2971 ⁸³
3146 2953 3159 2990 :
3201 2955 3219 2989 ι
3255 2936 3418 2991 Hodie

217 3027 374 3082 iilam
405 3029 586 3082 solam
627 3037 926 3095 teneamus,
951 3044 1068 3098 quae
1095 3031 1159 3083 ab
1185 3028 1309 3084 Jesu
1348 3041 1533 3084 nostro
1570 3031 1790 3086 Domino
1814 3050 1858 3108 α
1893 3030 2045 3085 valeo
2080 3031 2219 3083 sicut
2254 3031 2491 3085 valebam
2525 3040 2673 3087 tunc.
2717 3049 2735 3083 ι
2775 3029 3003 3084 Sanctus
3046 3028 3239 3096 quippe
3268 3027 3419 3081 simi-

208 3115 484 3176 ,traditur.
523 3115 693 3183 Igitur
724 3115 869 3168 illam
908 3126 1126 3180 terram,
1157 3133 1275 3185 qua:
1303 3128 1385 3172 est
1419 3128 1564 3171 trans
1606 3117 1790 3172 Jorda-

218 3218 375 3269 netu,
402 3204 623 3274 Moyses
657 3206 933 3258 distribuit
967 3224 982 3259 :
1014 3206 1150 3260 hanc
1177 3217 1353 3260 autem
1383 3223 1499 3275 qua:
1528 3217 1610 3260 est
1648 3218 1790 3261 terra

216 3306 413 3352 sancta
438 3304 497 3351 et
523 3307 672 3349 terra
702 3297 816 3364 (29)
845 3295 1009 3359 bona,
1038 3295 1311 3350 distribuit
1338 3296 1492 3351 Iesus
1515 3307 1563 3350 et
1588 3297 1790 3366 princi-

218 3399 318 3454 pes
361 3386 603 3439 tribuum
639 3385 826 3439 Israel.
878 3385 1038 3440 Vides
1065 3400 1192 3454 ergo
1221 3388 1367 3455 quia,
1411 3401 1532 3440 cum
1570 3388 1793 3453 ca-perit

224 3488 361 3527 vera
395 3476 493 3528 illa
522 3472 816 3529 haéreditas
842 3483 999 3530 terra:
1028 3483 1223 3528 sanctae
1254 3490 1281 3527 a
1317 3474 1592 3529 Salvatore
1619 3474 1795 3529 distri-

224 3564 349 3629 bui,
386 3574 746 3620 assum‘entur
779 3564 888 3635 (50)
921 3566 1083 3618 etiam
1129 3565 1392 3632 principes
1425 3564 1658 3618 tribuum
1684 3565 1793 3619 veri

225 3666 281 3708 et
305 3656 578 3723 spiritalis
600 3655 796 3709 Israel.
827 3654 974 3720 Quos
1007 3664 1180 3708 autem
1224 3664 1472 3721 putamus
1501 3668 1621 3707 esse
1648 3654 1795 3721 prin-

224 3750 378 3815 cipes
415 3747 663 3800 tribuum
719 3756 1044 3809 nostrarum,
1077 3746 1157 3798 vel
1203 3743 1452 3799 Ecclesia:
1500 3745 1790 3813 principes,

222 3834 332 3887 nisi
384 3845 611 3888 sanctos
645 3834 935 3902 apostolos,
981 3835 1044 3884 ad
1095 3849 1228 3901 quos
1265 3833 1392 3886 dicit
1443 3832 1687 3886 Salvator
1727 3833 1791 3898 “,

227 3926 361 3991 quia
396 3942 415 3975 ι
450 3924 719 3977 sedebitis
741 3931 795 3975 et
822 3937 917 3975 vos
944 3936 1103 3989 super
1126 3922 1403 3974 duodecim
1446 3920 1682 3985 thronos,
1711 3921 1797 3988 Ju-

229 4013 481 4068 dicantes
521 4012 806 4067 duodecim
859 4011 1029 4064 tribus
1075 4012 1278 4064 Israel?
1310 4030 1329 4062 ι
1366 4011 1672 4065 Assumitur
1719 4021 1795 4066 ta-

230 4115 361 4155 men
387 4104 451 4155 ad
488 4102 815 4155 divisionem
843 4101 1004 4154 etiam
1033 4102 1305 4162 sacerdos,
1332 4099 1421 4167 qui
1464 4109 1541 4152 est
1569 4115 1797 4157 arcanus

230 4199 289 4244 et
326 4192 596 4261 mysticus
618 4205 799 4242 sermo
829 4189 941 4241 Dei.
981 4190 1070 4241 Sic
1106 4190 1248 4241 enim
1278 4189 1428 4267 dicit,
1452 4189 1578 4256 quia
1605 4205 1796 4245 conve-

235 4283 419 4335 nerint
444 4283 614 4337 Jesus
643 4290 700 4336 et
732 4281 959 4336 Eleazar
1007 4280 1166 4334 simul
1211 4282 1276 4334 ad
1310 4280 1646 4334 dividendam
1691 4292 1797 4336 ter-

232 4385 351 4424 ram
376 4373 516 4439 (δι).

306 4460 358 4512 2.
386 4462 451 4518 Ει
470 4463 767 4517 videamus
800 4460 921 4528 quis
949 4468 1050 4522 est,
1081 4460 1170 4528 qui
1218 4460 1420 4527 primus
1453 4458 1653 4526 accepit
1685 4460 1793 4512 hm-

233 4554 522 4608 reditatem
556 4553 630 4604 ab
652 4550 798 4604 Jesu.
829 4567 848 4600 ‹
872 4550 1058 4612 Caleb,
1086 4551 1256 4617 inquit
1277 4549 1343 4612 ⁸⁷,
1375 4549 1512 4601 tilius
1536 4547 1786 4603 Jetl‘oue.»

235 4642 342 4696 ilic
377 4646 527 4696 enim
563 4639 777 4709 primus
816 4640 968 4706 petit,
1016 4647 1072 4691 et
1119 4640 1249 4705 petit
1282 4638 1446 4692 certis
1478 4638 1788 4705 quibusdam

231 4735 546 4790 rationibus
575 4741 633 4786 et
657 4731 853 4793 verbis,
891 4745 1008 4799 qua:
1036 4730 1300 4797 descripta
1323 4737 1466 4791 sunt,
1495 4741 1611 4794 qua:
1633 4726 1789 4780 verba

1891 3119 2016 3173 liter
2040 3120 2180 3173 valet
2209 3129 2261 3172 et
2288 3120 2339 3173 in
2388 3120 2738 3188 praesentibus
2763 3128 2815 3173 et
2855 3120 2907 3171 in
2948 3117 3256 3187 praeteritis,
3286 3125 3340 3169 et
3367 3114 3419 3169 in

1891 3210 2041 3263 novis
2073 3216 2125 3262 et
2159 3210 2210 3262 in
2244 3211 2533 3272 veteribus,
2561 3219 2616 3263 et
2664 3209 2715 3261 in
2761 3207 3061 3275 Evangeliis
3085 3214 3138 3260 et
3184 3206 3238 3258 in
3285 3204 3418 3273 lege.

1890 3299 2003 3352 Hoc
2029 3310 2260 3365 estergo
2292 3301 2430 3366 quod
2461 3299 2610 3364 dicit,
2645 3299 2824 3352 valere
2875 3311 2932 3352 se
2981 3297 3138 3349 hodie
3167 3297 3264 3350 sub
3295 3294 3418 3349 Jesu

1891 3388 2028 3441 sicut
2057 3398 2179 3440 tunc
2208 3387 2306 3439 sub
2337 3385 2502 3450 Mose,
2529 3386 2653 3453 quia
2699 3386 2751 3438 in
2795 3386 3073 3439 utriusque
3121 3382 3420 3436 testamenti

1891 3476 2163 3548 mysteriis
2196 3490 2289 3529 cur
2314 3476 2535 3544 vigilans
2560 3475 2717 3529 valet.

1958 3569 2013 3620 5.
2046 3567 2152 3621 Sed
2208 3566 2478 3618 videamus
2511 3566 2669 3618 etiam
2726 3564 3032 3631 petitionem
3082 3562 3199 3627 ejus
3256 3574 3417 3629 quam

1892 3659 2119 3726 primam
2151 3658 2393 3727 paposcit
2424 3658 2492 3711 ab
2509 3656 2632 3711 Iesu
2651 3656 2811 3710 Caleb
2834 3655 2969 3709 ﬁlius
2995 3654 3216 3708 Jeil'one.
3248 3670 3267 3704 ί
3294 3653 3425 3706 Peto

1893 3763 1923 3802 a
1957 3759 2006 3802 te
2035 3759 2267 3801 montem
2303 3749 2464 3808 hunc,
2496 3747 2667 3814 inquit
2697 3746 2766 3808 ⁸³,
2802 3745 2944 3799 sicut
2987 3744 3122 3797 dixit
3172 3741 3425 3796 Dominus

1895 3838 1946 3890 in
1983 3837 2068 3890 die
2096 3837 2204 3889 illa.
2245 3854 2263 3886 ι
2298 3834 2436 3897 Nihil
2460 3834 2678 3899 humile,
2704 3833 2783 3886 vel
2812 3831 3072 3899 deiectum
3104 3841 3319 3885 sanctus
3341 3844 3424 3882 re-

1892 3923 2075 3992 quirit,
2110 3923 2244 3976 nihil
2285 3924 2425 3992 quod
2476 3924 2528 3976 in
2562 3922 2821 3976 demersis
2855 3919 3184 3975 convallibus
3227 3918 3423 3985 jaceat,

1893 4014 1982 4067 sed
2022 4020 2251 4066 montem
2285 4014 2472 4081 quaerit
2503 4012 2793 4076 excelsum,
2826 4012 2916 4066 sed
2964 4022 3196 4065 montem
3227 4010 3280 4062 in
3321 4023 3426 4076 quo

1892 4103 2134 4156 civitates
2182 4117 2384 4170 magna:
2432 4111 2487 4156 et
2537 4103 2752 4156 munitae
2805 4111 2951 4155 sunt.
3020 4102 3287 4168 Scriptum
3340 4108 3422 4152 est

1892 4192 2035 4245 enim
2067 4191 2133 4257 “,
2162 4192 2285 4259 quia
2331 4208 2349 4242 ι
2384 4191 2454 4244 ibi
2481 4200 2603 4245 sunt
2634 4190 2827 4256 Maelii,
2855 4191 3099 4245 civitates
3140 4201 3344 4256 magna:
3373 4194 3427 4238 et

1894 4281 2160 4337 munitam
2186 4281 2249 4333 Et
2276 4281 2388 4334 lucc
2417 4280 2688 4349 poscebat,
2711 4279 2833 4348 quia
2860 4286 3083 4334 noverat
3105 4277 3425 4346 belligerari,

1826 4367 1871 4421 D
1900 4370 2041 4422 sicut
2067 4370 2324 4437 scriptum
2353 4379 2438 4423 est
2464 4370 2510 4401 ⁵⁸
2545 4385 2559 4423 :
2595 4387 2613 4420 ο
2645 4368 2902 4423 Civitates
2942 4369 3172 4421 munitas
3200 4381 3424 4433 occupa-

1899 4457 1975 4511 bit
2002 4459 2234 4526 sapiens,
2267 4467 2321 4511 et
2364 4459 2603 4512 destruet
2641 4458 2989 4511 munitionem
3032 4457 3082 4509 in
3112 4470 3216 4524 qua
3257 4456 3426 4508 contl-

1897 4547 2087 4600 debant
2126 4549 2291 4615 impii.
2328 4568 2346 4599 ι
2388 4548 2548 4602 Putas
2594 4563 2713 4603 cum
2755 4549 2868 4602 haec
2905 4546 3105 4602 diceret
3158 4545 3427 4603 Salomon,

1898 4637 1999 4690 hoc
2021 4652 2116 4690 nos
2151 4638 2360 4690 volebat
2401 4638 2615 4702 docere,
2654 4640 2776 4706 quia
2813 4639 3026 4706 sapiens
3055 4642 3271 4705 caperet
3293 4633 3427 4687 civi-

1897 4734 2034 4779 tates
2059 4736 2111 4778 et
2139 4729 2462 4781 munitiones
2477 4730 2778 4782 destrueret
2805 4743 2869 4782 ex
2898 4728 3159 4797 lapidibus
3183 4732 3429 4780 construe

308 4842 572 4899 “Matth.
608 4840 806 4902 xv,l£.
882 4840 925 4872 ⁸³
953 4838 1135 4891 Matth.
1164 4854 1234 4899 vr,
1261 4839 1351 4892 25.
1425 4837 1469 4868 ⁸⁸
1500 4836 1684 4907 Matth.
1708 4827 1817 4900 six,
1837 4835 1925 4907 28.
1960 4906 1974 4907 η
2000 4835 2165 4907 "dos.
2196 4853 2284 4891 xlv
2305 4837 2399 4907 ,6.
2475 4838 2519 4869 ⁸⁸
2550 4837 2677 4907 ibid.
2720 4837 2763 4870 "
2791 4836 2946 4893 Rom.
2975 4853 3071 4901 vit,
3094 4836 3179 4907 η.
3250 4835 3297 4866 ⁸⁸
3320 4833 3429 4888 Jos.

231 4917 418 4973 x1v,6.
504 4910 728 4964 "Joan.
766 4925 817 4975 v,
849 4909 936 4962 46.
1010 4909 1055 4939 ⁸²
1080 4908 1191 4962 Jos.
1229 4923 1339 4970 xw,
1374 4907 1456 4958 II.

308 5006 416 5079 (25)
450 5007 637 5079 Libb_._
660 5003 812 5079 editi,
846 5022 862 5052 ι
911 5001 1212 5079 avaritiam,
1246 4999 1338 5053 sed
1376 4997 1527 5079 quasi
1573 4997 1789 5079 benedi-

232 5069 502 5139 ctionem,
542 5093 562 5125 ι
589 5074 689 5127 Ms.
720 5073 1068 5138 Sangerman.
1104 5069 1231 5120 utin
1261 5075 1459 5139 nostra
1483 5073 1650 5139 textu_.

311 5144 417 5210 (26)
446 5133 952 5210 CodexSangérm,
988 5157 1005 5188 ι
1042 5139 1131 5190 sed
1170 5136 1343 5210 potius
1378 5146 1591 5210 oremus
1768 5150 1786 5182 ι

313 5200 421 5282 (27)
446 5210 611 5282 I_Jn_us
636 5200 973 5262 Ebroi’censis
999 5213 1117 5273 post
1157 5200 1180 5252 ὁ
1216 5200 1497 5267 imperium
1535 5217 1554 5247 ι
1584 5201 1735 5253 addit
1775 5216 1789 5252 :

244 5296 268 5330 α
300 5278 419 5332 eum
451 5278 669 5332 Spiritu
712 5282 918 5328 sancto.
956 5293 974 5324 ι

317 5345 424 5418 (28)
462 5334 668 5399 Etiam.
697 5343 858 5396 Abest
895 5360 922 5394 a
949 5341 1073 5395 Ilbb.
1100 5338 1272 5400 editis,
1303 5336 1402 5389 sed
1444 5334 1706 5401 reperitur
1741 5336 1792 5388 in

239 5430 357 5468 ms.
383 5419 673 5470 Sangertu.

321 5482 432 5552 (29)
463 5470 656 5552 form.
710 5482 866 5532 Deest
900 5478 953 5531 in
997 5475 1121 5530 libb.
1166 5473 1348 5535 editis,
1403 5470 1495 5522 sed
1537 5477 1713 5523 exstat
1744 5472 1796 5525 in

244 5548 438 5605 eodem
485 5565 590 5601 ms.
621 5548 898 5615 Sangerm.
1268 5606 1289 5616 _
1318 5605 1352 5616 η
1378 5604 1390 5616 ,

327 5616 436 5689 (30)
467 5617 614 5672 Idem
650 5604 762 5669 ms:
785 5633 803 5665 ι
841 5620 1182 5668 assumantur.
1218 5628 1235 5662 ι
1266 5604 1429 5660 Libb.
1459 5604 1579 5659 editi
1615 5624 1626 5658 :
1661 5623 1679 5656 ι
1711 5621 1800 5662 as-

1530 4904 1576 4936 ⁵³
1612 4906 1770 4969 ibid.,
1799 4905 1883 4958 l2.
1957 4906 2003 4937 ⁵⁵
2037 4904 2168 4959 ibid.
2242 4907 2285 4937 ⁵⁵
2308 4906 2468 4960 Prov.
2490 4921 2601 4964 xxi.
2624 4905 2714 4961 22.

1893 5006 2187 5050 SUIIIIIIIIIII‘.
2224 5017 2243 5049 ι

1965 5065 2073 5136 (3i)
2103 5065 2242 5120 Idem
2292 5082 2392 5136 ms.
2427 5084 2445 5117 ι
2489 5066 2693 5136 primus
2734 5066 2959 5134 accepit.
2998 5083 3016 5115 ι
3064 5062 3219 5116 Libb.
3252 5060 3377 5114 editi
3412 5076 3423 5107 :

1901 5149 1920 5182 ι
1955 5134 2179 5206 primum
2208 5135 2417 5206 cepit.»
2626 5204 2636 5206 _
2775 5202 2787 5206 _
2958 5199 2989 5206 ,,
3028 5198 3039 5206 ,
3318 5193 3331 5206 .

1990 5202 2077 5268 32)
2110 5203 2254 5257 Unus
2273 5198 2451 5256 'codex
2481 5201 2819 5255 Ebroicensis
2851 5215 2868 5253 :
2907 5218 2926 5250 ι
2956 5198 3164 5268 Primus
3190 5198 3428 5268 om_uium

1896 5259 2076 5339 Caleb.
2103 5271 2264 5324 Caleb
2298 5271 2678 5337 interpretatus
2704 5267 2897 5339 dicitur
2918 5265 3064 5334 quasi
3082 5278 3196 5315 cor.
3224 5279 3241 5310 ι
3263 5259 3431 5339 I’orro

1899 5336 2059 5390 Caleb
2108 5336 2489 5406 interpretatur
2530 5354 2548 5384 ι
2579 5336 2731 5404 quasi
2772 5348 2901 5388 corr
2952 5349 2980 5384 a
3012 5344 3043 5388 Ξ
3081 5348 3100 5380 t
3129 5336 3276 5396 quasi
3312 5345 3331 5378 ι
3376 5340 3430 5381 et

1912 5410 1990 5457 2‘1
2015 5418 2033 5449 ί
2054 5413 2196 5454 θον.»

1971 5495 2081 5562 ('53)
2119 5494 2503 5569 Interpretatur
2557 5500 2729 5569 autem
2780 5499 2827 5541 et
2866 5488 3065 5557 Je/fone
3121 5493 3266 5553 pater
3318 5485 3437 5555 eius

1905 5564 2184 5618 conversio.
2212 5565 2255 5616 A
2286 5572 2387 5623 ru}:
2428 5580 2446 5614 ι
2477 5564 2753 5615 cuthrtit.
2786 5574 2806 5607 ι
