3806 6220
370 336 478 389 915

379 533 514 585 muri
548 537 674 586 sunt
704 526 986 595 impiorum
1017 522 1281 589 dogmata,
1322 525 1375 569 et
1405 513 1696 584 syllogismi
1742 510 1913 579 philo-

377 623 691 691 sophorum,
719 618 912 687 quibus
942 618 1188 667 aslruuut
1214 608 1372 677 impia
1407 619 1629 674 quaeque
1649 611 1703 655 et
1727 600 1918 654 divinae

379 689 478 784 legi
507 709 802 774 contraria,
830 720 948 775 quae
972 702 1109 772 apud
1156 713 1390 769 paganos
1411 697 1494 750 vel
1541 695 1797 749 barbaros
1825 689 1920 743 ob-

380 781 700 861 servantur?
727 796 832 852 Sed
859 804 914 851 et
943 793 1033 847 illa
1077 791 1131 846 in
1158 789 1242 844 his
1277 786 1577 857 deputanda
1611 792 1736 837 sunt
1764 790 1817 834 et
1843 781 1921 833 ci-

382 895 576 947 vitates
606 887 824 941 munita:
863 897 1002 946 esse,
1036 889 1195 949 atque
1227 879 1279 931 in
1323 875 1595 929 montibus
1625 870 1921 933 collocatae,

383 995 501 1049 quae
531 975 768 1033 haeretici
796 973 847 1026 in
881 971 1277 1038 Scripturarum
1312 962 1723 1023 assertionibus,
1757 957 1919 1012 veluti

385 1072 437 1125 in
462 1069 583 1123 altis
612 1065 906 1126 montibus,
936 1059 1218 1114 collocant.
1250 1056 1378 1109 Istas
1415 1068 1542 1122 ergo
1566 1051 1810 1105 civitates
1838 1062 1924 1100 sa-

385 1160 537 1226 piens
560 1154 787 1222 quisque
811 1151 1028 1203 verbum
1058 1145 1349 1215 praedicans
1371 1140 1656 1203 destruxit,
1684 1147 1739 1193 et
1765 1134 1926 1190 urbes

388 1244 651 1300 mendacii
691 1240 938 1295 veritatis
967 1238 1131 1291 ariete
1163 1232 1444 1295 subvertit,
1484 1230 1622 1284 sicut
1657 1227 1928 1296 apostolus

387 1335 586 1389 Paulus
632 1332 843 1386 dicebat
879 1329 967 1377 “:
1010 1345 1027 1377 ι
1069 1323 1435 1392 Cogitationes
1488 1319 1849 1378 destruentes,
1876 1322 1931 1368 et

388 1438 602 1479 omnem
631 1418 961 1474 altitudinem
993 1428 1111 1482 quae
1139 1428 1196 1467 se
1220 1410 1426 1464 extollit
1455 1409 1709 1462 adversus
1751 1405 1928 1458 scien-

394 1516 523 1568 tiam
555 1508 796 1566 Deinlla
840 1520 966 1575 ergo
996 1503 1156 1557 etiam
1196 1514 1337 1554 nunc
1364 1499 1452 1553 hic
1504 1495 1932 1564 sapientissimus

388 1602 555 1657 Caleb
586 1600 791 1655 assistit
831 1605 955 1651 ante
995 1591 1198 1655 Iesum,
1233 1600 1287 1644 et
1332 1587 1597 1657 promittit
1645 1585 1822 1638 valere
1872 1597 1932 1638 se

390 1692 457 1745 ad
487 1689 703 1752 bellum,
738 1695 791 1740 ct
817 1692 1123 1753 promptum
1169 1694 1290 1734 esse
1321 1678 1385 1730 ad
1419 1675 1686 1746 praelium;
1722 1683 1775 1726 et
1816 1674 1933 1726 ideo

391 1778 638 1848 deposcit
661 1774 895 1846 permitti
938 1772 1037 1825 sibi
1071 1770 1217 1825 velut
1253 1766 1549 1835 disputandi
1603 1763 1930 1824 facultatem,

392 1880 453 1925 ut
473 1868 849 1939 congrediatur
874 1878 994 1918 cum
1026 1858 1331 1913 dialecticis
1365 1853 1565 1919 saeculi,
1597 1868 1715 1908 cum
1747 1855 1813 1908 iis
1843 1851 1931 1919 qui

394 1975 494 2029 pro
519 1963 662 2013 veris
695 1957 827 2010 falsa
865 1952 1203 2013 conﬁrmant,
1232 1958 1289 2002 ut
1315 1963 1408 2003 eos
1431 1946 1666 2001 confutet
1687 1951 1740 1997 et
1774 1956 1933 2009 supe-

393 2059 498 2113 ret,
530 2058 584 2103 et
627 2047 901 2101 subvertat
954 2043 1154 2107 omnia,
1180 2055 1298 2109 qua:
1359 2037 1431 2091 illi
1471 2036 1619 2089 falsis
1676 2032 1934 2087 assertio-

394 2137 552 2191 nibus
580 2142 1015 2189 coustruxerunt.
1038 2131 1159 2185 ldeo
1190 2127 1416 2194 denique
1454 2126 1641 2178 videns
1685 2122 1935 2176 alacrita-

394 2235 504 2281 tem
554 2226 690 2293 ejus,
724 2243 743 2275 ι
802 2223 1090 2285 benedicit,
1143 2218 1315 2288 inquit
1360 2219 1427 2283 ⁵⁷,
1461 2231 1605 2280 eum,
1662 2233 1681 2266 ι
1731 2213 1937 2267 scilicet

396 2316 539 2385 quod
569 2315 689 2368 talia
714 2314 986 2379 deposcat,
1017 2320 1072 2364 et
1104 2309 1312 2363 audeat.
1343 2305 1446 2361 Sed
1468 2313 1520 2357 et
1549 2312 1603 2356 tu
1628 2303 1673 2358 si
1700 2303 1780 2356 vis
1810 2301 1937 2354 dare

395 2420 609 2476 cperam
651 2404 860 2467 studiis,
900 2410 955 2455 et
985 2401 1152 2469 legem
1178 2397 1270 2451 Dei
1295 2394 1583 2465 prudenter
1607 2391 1849 2447 meditari
1884 2398 1939 2444 et

394 2493 530 2549 elﬁci
560 2506 653 2547 cor
691 2493 742 2544 in
778 2490 895 2558 lege
941 2489 1054 2553 Dei,
1086 2493 1237 2554 potes
1269 2485 1401 2536 istas
1432 2493 1648 2547 magnas
1679 2485 1733 2532 et
1765 2476 1937 2530 muni-

399 2593 482 2636 tas
506 2582 686 2646 urbes,
712 2578 765 2632 id
800 2586 885 2631 est
934 2574 1265 2630 asSertiorres
1303 2574 1615 2625 subvertere
1662 2566 1936 2629 falsitatis,

399 2681 459 2726 ut
488 2679 543 2724 et
576 2679 630 2723 tu
663 2665 920 2721 merearis
946 2662 1191 2718 benedici
1239 2660 1305 2714 ab
1331 2659 1478 2722 .lesu,
1512 2667 1567 2711 et
1594 2657 1838 2725 accipere
1870 2654 1938 2708 ab

399 2775 466 2813 eo
504 2758 775 2813 Chebron.
817 2754 1203 2822 Interpretatur
1243 2758 1421 2802 autem
1451 2747 1696 2801 Chebron
1750 2764 1769 2795 ι
1811 2759 1940 2798 con-

394 2845 621 2917 iunctio,
641 2844 719 2896 vel
744 2841 1045 2910 coniugium
1063 2840 1192 2910 (54).
1206 2836 1332 2891 »Ρθν
1347 2835 1485 2904 quod
1517 2842 1688 2901 potest
1711 2830 1940 2886 fortasse

402 2936 528 2990 illud
555 2934 782 2996 ostendi,
810 2930 949 3000 quod
1001 2928 1257 2996 spelunca
1296 2922 1488 2991 duplex
1533 2927 1841 2988 comparata
1872 2917 1940 2972 ab

402 3025 670 3081 Abraham
703 3020 1006 3091 patriarcha
1046 3019 1098 3070 in
1132 3031 1195 3070 ea
1222 3023 1325 3077 est,
1360 3014 1411 3066 in
1449 3026 1554 3081 qua
1577 3009 1819 3078 coniugia
1842 3022 1939 3077 pa-
1968 3039 2011 3096 ο

403 3126 544 3169 trum
587 3123 640 3166 et
683 3110 920 3179 reliquiae
972 3122 1154 3162 eorum
1194 3105 1402 3173 jacent,
1450 3101 1502 3156 id
1539 3109 1620 3156 est
1672 3099 1942 3153 Abraham

404 3218 525 3255 cum
555 3201 708 3265 Sara,
739 3200 886 3254 Isaac
910 3212 1029 3251 cum
1057 3195 1322 3259 Rebecca,
1355 3192 1519 3246 Jacob
1552 3207 1673 3246 cum
1696 3190 1810 3245 Lia.
1838 3187 1947 3243 Me—

406 3292 515 3343 ruit
543 3305 674 3358 ergo
715 3288 879 3343 Caleh
922 3299 1133 3356 patrum
1178 3284 1433 3352 reliquias
1481 3283 1532 3336 in
1579 3282 1947 3337 hzereditatem

405 3380 701 3448 suscipere,
730 3380 846 3432 sine
877 3377 1039 3432 dubio
1069 3376 1194 3445 quia
1227 3390 1323 3442 per
1367 3373 1682 3441 sapientiam
1724 3386 1842 3441 quae
1892 3371 1947 3426 in

406 3484 471 3521 co
502 3475 637 3532 erat,
664 3483 768 3536 qua
798 3468 1015 3536 vigebat
1061 3473 1116 3518 et
1154 3465 1254 3519 sub
1283 3463 1428 3518 Mose
1459 3472 1513 3517 et
1542 3462 1640 3519 sub
1674 3461 1824 3528 Jesu,
1863 3462 1948 3515 in-

412 3558 689 3612 tellexerat
743 3555 1138 3624 coniunctionis
1182 3553 1349 3621 ipsius
1395 3552 1683 3616 rationem,
1733 3559 1787 3604 et
1829 3565 1951 3618 per-

406 3652 656 3714 spexerat
689 3644 815 3712 quid
840 3652 982 3697 esset
1006 3654 1205 3706 causae,
1228 3640 1369 3709 quod
1392 3655 1513 3694 cum
1533 3639 1804 3693 Abraham
1838 3638 1949 3693 sola

409 3735 541 3789 Sara
576 3734 645 3787 ibi
668 3733 897 3800 iaceret,
930 3740 984 3785 et
1017 3744 1191 3798 neque
1216 3729 1382 3798 Agar,
1425 3743 1597 3797 neque
1625 3727 1856 3781 Cethura
1900 3727 1948 3780 ei

408 3825 693 3879 meruisset
725 3822 938 3892 adiungi
978 3840 990 3875 :
1017 3820 1104 3873 vel
1136 3819 1264 3888 quid
1295 3827 1439 3872 esset
1464 3832 1640 3872 causa:
1663 3816 1801 3884 quod
1828 3831 1949 3869 cum

407 3911 575 3966 Jacob
598 3911 713 3966 sola
736 3909 830 3964 Lia
857 3912 1040 3978 jacere
1077 3908 1369 3971 videretur,
1418 3915 1473 3960 et
1511 3920 1681 3973 neque
1725 3904 1950 3970 Rachel,

408 4017 529 4070 quae
554 4002 780 4070 amplius
808 4000 985 4055 fuerat
1023 3999 1238 4062 dilecta,
1278 4011 1452 4066 neque
1489 3996 1668 4064 aliqua
1706 4009 1772 4049 ex
1819 4010 1952 4050 con-

415 4092 625 4146 cubinis
650 4094 702 4145 in
733 4091 978 4158 sepulcro
1003 4091 1049 4144 ei
1078 4090 1252 4143 fuerat
1274 4087 1538 4156 copulata.
1568 4086 1686 4153 Ipse
1727 4100 1856 4155 ergo
1897 4085 1952 4139 in

411 4179 686 4234 memoriis
713 4190 919 4247 patrum
946 4176 1317 4231 hrcreditatem
1345 4175 1488 4243 capit
1509 4174 1745 4243 prudens
1782 4182 1837 4227 et
1868 4188 1956 4227 sa-

409 4269 562 4337 piens
587 4268 768 4321 Caleb.
801 4268 903 4336 Ipsi
927 4267 1082 4321 .lesus
1108 4264 1492 4319 Euachitarum
1537 4265 1712 4332 gentis
1760 4273 1956 4318 metro-

1825 298 2142 363 DRlGENlS

375 441 525 498 etas?
569 441 650 495 An
706 412 864 493 illud
894 433 1072 504 potius
1126 430 1344 491 indicat,
1395 428 1537 498 quod
1583 424 1826 480 civitates
1862 422 1988 476 etA

3540 262 3633 317 9|!

2582 394 2889 456 IlOMlLlA
2938 384 3096 444 XIX.

2267 497 2343 551 De
2365 493 2569 564 finibus
2609 481 2969 543 luvreditalis
3014 474 3194 529 tribus
3225 469 3408 557 ludar.

2090 594 2142 646 l.
2170 558 2458 645 Distribuit
2488 581 2672 635 Moses
2696 571 3138 630 hmreditatem,
3172 558 3459 616 distribuit
3482 558 3643 614 hare~

2016 684 2240 739 ditatem
2267 688 2322 731 et
2351 675 2536 732 Jesus.
2568 668 2676 722 Sed
2713 679 2832 718 non
2861 667 2955 713 est
2991 654 3276 721 scriptum
3319 651 3374 732 in
3407 647 3644 704 distribu—

2022 737 2166 826 tione
2195 762 2534 822 baereditatis
2561 752 2919 825 Moysi,quia
2946 742 3207 802 cessavit
3243 748 3394 795 terra
3418 754 3447 792 a
3468 737 3643 793 bellis:

2022 863 2075 916 in
2106 856 2499 915 distributione
2524 864 2656 905 vero
2684 845 2821 900 Jesu
2856 843 2983 910 ipsa
3007 835 3177 892 verbi
3210 830 3465 901 praefatio
3479 830 3555 884 sic
3576 830 3648 883 in-

2024 952 2157 1021 cipit
2189 967 2204 1002 :
2243 965 2263 1000 ‹
2304 947 2374 1002 Ει
2396 935 2663 1003 cessavit,
2708 936 2904 1007 inquit
2926 933 3000 996 ⁸⁸,
3035 938 3201 983 terra
3247 939 3281 978 a
3335 921 3509 978 bellis.
3558 939 3574 971 ι
3598 917 3650 974 Si

2025 1018 2156 1109 ergo
2180 1049 2234 1092 tu
2266 1038 2465 1105 dignus
2501 1034 2586 1087 vis
2614 1028 2759 1086 elﬁci
2784 1025 2887 1095 qui
2933 1018 3343 1077 haereditatem
3369 1024 3654 1079 consequa-

2028 1132 2103 1186 ris
2126 1130 2193 1183 ab
2220 1127 2374 1190 .lesu,
2405 1135 2461 1179 et
2488 1133 2712 1178 sumere
2747 1117 2824 1171 ab
2858 1129 2932 1169 eo
2969 1109 3328 1190 portionem,
3358 1109 3569 1172 oportet
3607 1109 3653 1156 te

2026 1221 2181 1289 prius
2204 1216 2390 1271 omnia
2416 1213 2559 1269 bella
2592 1210 2784 1272 ﬁnire,
2812 1214 2873 1261 et
2924 1189 3006 1258 in'
3035 1212 3188 1270 pace
3240 1194 3568 1254 consistere,
3605 1197 3654 1241 ut

2030 1276 2194 1361 etiam
2240 1305 2310 1359 de
2344 1314 2450 1357 tuae
2487 1300 2681 1357 carnis
2741 1307 2906 1351 terra
2963 1292 3224 1346 dicatur.
3261 1282 3392 1338 uuia
3446 1276 3657 1335 cessavit

2032 1406 2177 1450 terra
2204 1410 2233 1445 a
2260 1393 2448 1448 bellis.

2102 1484 2158 1537 2.
2188 1481 2344 1535 Tunc
2373 1479 2577 1535 deinde
2604 1490 2733 1531 cum
2765 1466 3152 1529 consuetudo
3187 1462 3269 1518 sit
3304 1465 3511 1515 sancta:
3532 1452 3661 1509 Scri-

2033 1581 2208 1641 pturae
2259 1579 2494 1638 quatuor
2538 1576 2730 1635 partes
2773 1560 2940 1616 orbis
2998 1567 3199 1618 terrae,
3253 1565 3396 1621 quas
3425 1545 3506 1600 vel
3550 1557 3660 1597 axes

2035 1635 2120 1717 vel
2147 1635 2334 1731 plagas
2365 1657 2659 1714 nominant
2693 1652 2842 1723 (56),
2871 1647 3207 1719 appellare,
3238 1643 3296 1695 in
3327 1635 3662 1731 descriptione

1964 1732 2008 1786 Β
2038 1728 2226 1805 [inium
2244 1728 2434 1803 tribus
2456 1745 2634 1807 Judze,
2667 1744 2796 1797 dua:
2834 1732 3264 1793 tantummodo
3309 1728 3658 1789 nominantur,

2036 1845 2157 1897 duae
2218 1842 2541 1896 reticentur.
2596 1835 2895 1903 Scriptum
2948 1830 3118 1886 enim
3175 1827 3262 1882 sic
3306 1832 3394 1879 est
3444 1821 3576 1872 ":t
3610 1816 3663 1872 Et

2038 1931 2166 1985 facti
2226 1940 2357 1985 sunt
2426 1925 2568 1980 lines
2618 1924 2810 1979 tribus
2864 1920 3131 1973 ﬁliorum
3183 1913 3334 1969 Juda
3395 1906 3662 1966 secundum

2035 2022 2219 2091 plebes
2256 2034 2468 2081 eorum,
2517 2031 2547 2068 a
2611 2014 2825 2066 finibus
2874 2009 3185 2070 Idumam,
3247 2019 3278 2059 a
3316 2003 3529 2056 deserto
3561 1997 3661 2061 Sin,

2037 2117 2103 2169 ad
2134 2113 2496 2167 occidentem.
2516 2106 2616 2161 »Ει
2654 2118 2788 2159 eum
2849 2099 3278 2170 descripsisset
3329 2096 3463 2149 lines
3490 2092 3553 2147 ab
3584 2106 3665 2145 oc-

2038 2205 2270 2267 cidente,
2326 2209 2457 2254 tunc
2502 2197 2708 2253 deinde
2767 2194 2921 2248 dicit
2968 2191 3018 2224 “
3092 2205 3107 2241 :
3168 2207 3192 2241 ι
3244 2188 3317 2242 Ει
3369 2186 3439 2239 ab
3479 2183 3663 2237 oriente

2035 2285 2193 2363 441,
2249 2305 2414 2348 omne
2435 2330 2449 2353 ,
2504 2287 2724 2355 inquit,
2749 2296 2915 2336 mare
2943 2279 3180 2336 salsum
3211 2293 3229 2332 :
3271 2295 3291 2328 ι
3311 2282 3368 2329 et
3395 2272 3526 2357 alias
3550 2270 3663 2324 duas

2035 2353 2219 2451 partes
2248 2379 2486 2443 reticuit,
2527 2353 2599 2431 id:
2615 2382 2704 2429 est
2752 2369 3214 2441 septentrionis,
3245 2366 3337 2422 vel
3380 2353 3659 2418 meridiani.

2038 2450 2173 2526 Vide
2210 2483 2341 2539 ergo
2373 2468 2418 2523 si
2455 2482 2563 2520 non
2609 2464 2830 2533 repleta
2859 2471 3004 2515 sunt
3047 2460 3168 2514 ista
3204 2454 3509 2528 mysteriis.
3537 2450 3666 2506 Licet

2039 2576 2138 2615 nos
2177 2559 2388 2626 singula
2434 2556 2519 2611 vel
2554 2555 2771 2609 sentire
2799 2592 2816 2616 ,
2849 2551 2943 2606 vel
2977 2549 3294 2620 explicare
3329 2555 3665 2615 nequeamus,

2041 2660 2220 2704 tamen
2253 2655 2414 2716 prout
2448 2643 2724 2698 Dominus
2754 2639 3027 2709 prmbere
3062 2637 3365 2706 dignatur,
3392 2640 3447 2687 et
3478 2643 3570 2686 nos
3592 2641 3667 2683 ca-

2039 2752 2164 2809 pere
2194 2736 2434 2790 valcmus
2465 2733 2578 2803 (5⁸1)
2601 2774 2617 2799 ,
2652 2730 2950 2786 discutere
2985 2727 3223 2796 singula
3250 2736 3482 2794 quaeque
3517 2729 3667 2775 tenus

2039 2808 2238 2883 bimus.
2261 2845 2280 2878 ι
2306 2824 2458 2879 Facti
2474 2831 2627 2888 sunt,
2657 2820 2878 2888 inquit,
2912 2818 3062 2871 lines
3083 2815 3237 2870 Juda
3264 2808 3666 2879 secundumple—

2039 2919 2136 2975 bes
2167 2932 2354 2974 eorum
2386 2931 2415 2969 a
2455 2914 2659 2967 finibus
2693 2911 2963 2965 Idumaeas
2995 2925 3030 2963 a
3068 2908 3312 2965 deserto
3333 2906 3429 2961 Sin
3456 2905 3519 2959 ad
3539 2902 3670 2957 oeci»

2043 3009 2280 3064 dentem.
2301 3024 2321 3058 ι
2341 3004 2513 3075 igitur
2536 3001 2676 3056 ﬁnes
2690 3000 2909 3055 Judaaae
2924 2998 3190 3069 proximi
3215 3007 3351 3053 sunt
3368 2992 3670 3052 finibusldu-

2049 3113 2213 3153 maeae.
2246 3096 2480 3151 ldumtca
2508 3108 2669 3158 vero,
2706 3093 2864 3147 sicut
2887 3106 3046 3162 saepe
3075 3093 3205 3163 jam
3237 3090 3496 3152 diximus,
3522 3087 3667 3140 inter-

2047 3197 2291 3258 pretatur
2337 3194 2550 3238 terrena
2604 3181 2751 3252 (38).
2802 3181 2945 3237 Post
2991 3192 3301 3239 terrenam
3334 3193 3466 3249 ergo
3508 3174 3667 3232 statim

2047 3284 2450 3344 consequuntur
2481 3275 2620 3328 lines
2643 3271 2888 3327 Judaeaz.
2921 3272 3044 3328 Sed
3069 3283 3132 3328 et
3156 3289 3190 3327 a
3225 3272 3469 3330 deserto,
3496 3263 3664 3333 inquit,

2049 3368 2169 3424 Sin.
2202 3367 2603 3437 Interpretatur
2630 3374 2825 3420 autem
2859 3365 2967 3421 Sin
3010 3366 3350 3420 nutatione:
3389 3360 3523 3433 (59).
3558 3355 3667 3411 Post

2051 3457 2382 3513 tentationes
2409 3469 2543 3522 ergo
2572 3467 3023 3526 consequuntur
3052 3456 3207 3511 ﬁnes
3232 3449 3566 3510 hmreditatis
3589 3446 3667 3502 Ja-

2051 3549 2197 3603 drean.
2233 3547 2501 3602 Occidens
2534 3557 2592 3601 et
2623 3548 2821 3603 oriens
2860 3549 3242 3612 nominatur,
3278 3554 3341 3601 et
3376 3544 3547 3599 vicina
3570 3539 3666 3593 loca

2053 3654 2114 3693 ea
2156 3649 2279 3707 quae
2322 3653 2488 3706 supra
2527 3638 2799 3703 diximus,
2837 3639 2962 3695 imo
2993 3638 3276 3695 conﬁnia.
3313 3637 3423 3692 Sed
3459 3642 3514 3689 et
3538 3629 3667 3685 vallis

2052 3727 2272 3798 Egypti
2308 3728 2489 3782 vicina
2523 3729 2994 3785 occidentalibus
3038 3730 3313 3799 partibus
3344 3722 3664 3794 designatur.

2053 3836 2172 3888 qute
2214 3832 2298 3874 est
2330 3835 2361 3872 a
2394 3820 2614 3875 deserto
2647 3820 2721 3874 ad
2752 3823 3132 3877 occidentem
3170 3838 3187 3877 :
3225 3822 3302 3878 ab
3330 3820 3537 3878 oriente
3558 3825 3667 3869 vero

2052 3912 2342 3979 cinguntur
2375 3911 2517 3967 fines
2545 3913 2689 3966 mari
2717 3913 2902 3968 salso.

2125 3999 2178 4054 5.
2217 3999 2342 4054 Post
2372 4001 2514 4067 hoc,
2547 4019 2567 4051 ί
2601 4016 2631 4054 a
2661 4002 2940 4070 collibus,
2974 4004 3168 4076 inquit
3206 4006 3254 4038 “
3286 4044 3305 4072 ,
3339 4004 3435 4076 qui
3471 4002 3669 4058 tendun-

2058 4101 2143 4145 tur
2171 4094 2238 4146 ad
2277 4094 2645 4159 occidentem,
2677 4102 2737 4148 et
2774 4094 2911 4150 inde
2948 4098 3294 4153 ascenditur
3320 4098 3391 4151 ab
3419 4093 3669 4150 occidente

2055 4196 2227 4251 usque
2256 4180 2652 4269 CadesDarue
2676 4223 2693 4249 ,
2734 4202 2755 4236 ι
2799 4196 2862 4240 et
2909 4188 3000 4242 sic
3049 4188 3413 4257 pertenditur
3446 4187 3511 4240 ab
3541 4181 3669 4238 occi-

2056 4273 2219 4327 dente
2253 4273 2321 4326 ad
2347 4274 2693 4328 occidentem
2728 4275 2943 4332 Gades.
2973 4279 3045 4334 Et
3082 4280 3142 4335 hi
3178 4289 3317 4334 sunt
3344 4277 3482 4331 fines
3505 4284 3668 4328 eorum

410 4357 574 4426 polim
604 4357 788 4410 tribuit
816 4357 1084 4421 Chebron,
1116 4366 1171 4412 et
1196 4356 1423 4411 eﬂicitur
1453 4355 1501 4409 ei
1540 4369 1658 4409 sors
1698 4369 1868 4423 usque
1902 4356 1954 4408 in
1987 4348 2031 4401 Ι)
2060 4362 2128 4415 ab
2146 4360 2355 4426 Africo,
2385 4372 2444 4416 et
2471 4363 2597 4418 inde
2621 4367 2886 4433 perrexit
2914 4384 3104 4438 usque
3130 4371 3200 4424 ad
3223 4368 3427 4423 vallem
3452 4362 3670 4434 Egypti-

413 4444 726 4498 hodiernum
746 4443 904 4498 diem.
938 4444 1147 4498 Utinam
1168 4454 1223 4499 et
1252 4445 1381 4498 mihi
1408 4446 1622 4498 daretur
1638 4459 1755 4498 sors
1780 4445 1954 4499 Abra-

413 4535 565 4598 ham,
595 4541 649 4585 et
692 4532 855 4596 Isaac,
889 4543 943 4587 et
966 4533 1154 4597 Jacob,
1198 4543 1251 4587 et
1288 4533 1591 4588 efﬁceretur
1626 4549 1774 4588 meus
1819 4534 1957 4589 Deus

415 4640 566 4679 meus
593 4623 702 4693 ('55)
731 4625 868 4678 sicut
895 4625 1115 4677 effectus
1143 4633 1224 4678 est
1251 4624 1388 4679 Deus
1408 4624 1700 4691 Abraham,
1734 4635 1788 4679 et
1818 4627 1956 4682 Deus

414 4716 581 4777 Isaac,
599 4723 653 4768 et
680 4714 818 4768 Deus
840 4713 1023 4779 Jacoh,
1049 4713 1101 4766 in
1127 4712 1340 4767 Christo
1363 4711 1486 4766 Jesu
1506 4712 1728 4767 Domino
1752 4724 1953 4783 nostro,

417 4806 502 4859 cui
524 4813 604 4858 est
636 4803 803 4874 gloria
848 4813 901 4858 et
945 4801 1225 4872 imperium
1285 4802 1337 4856 in
1390 4801 1578 4855 saecula
1622 4803 1955 4860 saeculorum.

414 4895 605 4949 Amen.

483 5049 591 5122 I"Il
630 5051 754 5107 Cor.
779 5067 831 5116 κ,
872 5053 925 5122 4,
948 5054 1000 5110 5.
1078 5052 1124 5084 ⁸⁷
1154 5048 1266 5106 Jos.
1308 5063 1418 5110 xtv,
1445 5047 1531 5102 15.

415 5135 487 5174 v.1
511 5160 526 5186 ,
559 5121 644 5175 14.

488 5251 1004 5331 (ῗᾷἂλιηιειξρ-νειαειιν
1051 5248 1506 5331 αυιεῃμϐἰιεὺνοη
1537 5252 1830 5331 ςοηῙιιηειὶο
1884 5257 1963 5310 vel

413 5321 971 5406 ωίιέιέρὶχηιεΑὺη-ῃη
1009 5349 1029 5383 ι
1071 5321 1411 5406 εουίυιιριιιιξ,
1452 5321 1685 5375 sociatus
1708 5332 1854 5406 est“!

618 5390 791 5474 (ludes
818 5388 1206 5474 Sang'ermani,
1241 5406 1260 5438 ι
1304 5388 1607 5474 ellice'retur
1648 5406 1796 5444 meus
1822 5391 1965 5448 Deus

418 5470 590 5532 liuius.
625 5474 657 5532 ι
678 5459 825 5532 Lihb.
854 5457 1017 5530 edi‘ii:
1058 5486 1080 5520 ι
1114 5458 1422 5532 efﬁceretur
1447 5457 1585 5532 Deus
1636 5472 1852 5532 meus.)

415 5520 1332 5637 etlgﬁl'cml‘e‘a:ﬁéﬁgéﬁna"ensis,
1366 5542 1384 5575 ι
1421 5527 1718 5581 nominant.
1755 5545 1773 5578 ι
1802 5526 1959 5585 Libb.

508 5605 538 5637 ει
564 5605 574 5635 ;
599 5605 614 5631 ε
660 5605 964 5676 11011111ιῦιοῖ

1624 5049 1801 5108 “los.
1827 5071 1934 5121 xxv,
1974 5059 2057 5114 l9.
2130 5062 2176 5095 "
2201 5062 2316 5121 Jos.
2353 5081 2449 5135 xv,
2499 5068 2554 5125 1.

2062 4448 2226 4505 Vides
2255 4453 2532 4518 quomodo
2560 4452 2627 4525 in.
2644 4455 2974 4512 occidentis
3005 4460 3269 4528 partibus
3294 4468 3353 4513 et
3373 4455 3602 4523 Africum
3625 4456 3671 4501 et

2061 4538 2356 4609 Egyptum
2389 4540 2643 4595 nominat
2672 4552 2732 4597 et
2758 4548 3080 4601 occasum?
3110 4548 3249 4602 Sine
3273 4546 3466 4609 dubio,
3501 4552 3557 4596 ut
3574 4541 3673 4594 haec

2062 4633 2243 4686 omnia
2267 4633 2408 4687 sciat
2427 4635 2530 4689 sibi
2558 4638 2959 4709 unusquisque
2981 4639 3275 4694 evadenda
3302 4652 3427 4694 esse
3450 4646 3505 4690 et
3522 4643 3673 4687 trans-

2062 4722 2264 4785 eunda,
2299 4731 2359 4775 ut
2392 4724 2465 4775 ita
2497 4724 2721 4779 demum
2763 4729 2949 4796 possit
2993 4731 3063 4784 ad
3098 4730 3307 4783 tribum
3340 4727 3541 4797 regiam
3567 4735 3675 4790 per-

2066 4813 2293 4879 venire,
2341 4817 2409 4868 de
2458 4831 2566 4884 qua
2611 4817 2749 4873 dicit
2797 4820 3101 4889 Apostolus
3127 4822 3173 4853 "
3214 4838 3229 4874 :
3281 4838 3302 4871 ι
3347 4818 3565 4874 Certqu
3598 4819 3669 4866 est

2069 4911 2251 4958 autem
2301 4905 2450 4973 quod
2475 4919 2539 4961 ex
2566 4906 2710 4963 .luda
2746 4922 2910 4967 ortus
2936 4920 3024 4968 est
3054 4912 3329 4967 Dominus
3359 4917 3556 4964 uoster.
3586 4920 3603 4954 ι
3631 4899 3668 4953 Α

2632 5071 2679 5103 ⁸⁸
2719 5073 2858 5129 ibid.
2911 5072 2969 5127 5.
3061 5072 3261 5128 “ibid.
3288 5070 3348 5126 9.
3429 5069 3475 5100 ⁸³
3523 5062 3669 5120 Hebr.

2171 5264 2266 5338 gn)
2297 5268 2445 5325 “Cm
2477 5290 2490 5326 :
2521 5272 2779 5331 valemus.
2811 5277 2970 5332 Libl).
3000 5272 3149 5338 editi,
3180 5271 3476 5324 valeamus.

2149 5329 2269 5404 (5⁸)
2322 5338 2572 5397 Idumam
2628 5329 3282 5415 vero..._.minlerpreiatur
3333 5352 3559 5393 terrena.
3595 5329 3667 5386 Ab

2076 5410 2248 5465 manu
2294 5419 2464 5466 terra.
3068 5414 3076 5424 ‘

2081 5475 2719 5602 ιε’ξῇιξξιιηιετρτειαιαι·
2769 5499 2945 5544 autem
3000 5484 3096 5541 Sin
3137 5478 3471 5541 mutationes.
3508 5473 3552 5528 Α
3576 5474 3671 5530 τω
