3806 6230
122 330 428 438 “4‘”-
477 429 502 438 Δ
555 427 570 438 Δ
727 428 750 438 _
773 430 790 438 _
1308 327 1396 389 ΙΝ
1437 338 1702 398 LIBRUM
1734 341 1895 399 JESU
1926 339 2110 396 NAVE
2137 334 2419 396 HOMILIA
2455 335 2569 392 XX.
3400 332 3504 387 9|8

1068 453 1157 502 est
1183 444 1503 545 desertum.
1545 457 1711 511 Paulo
1755 466 1876 511 ante
1903 459 1949 515 Α
1972 454 2112 510 fecto
2135 495 2151 520 ,
2188 456 2253 509 de
2298 464 2402 521 quo
2443 451 2650 506 dicebat
2678 449 2829 545 Iesus
2870 452 2959 545 θ’)
3018 469 3049 545 «Α
3074 450 3174 517 Qui
3213 458 3391 545 autem
3425 447 3507 503 bi-

155 510 309 628 ἓέί
328 510 578 628 “38::
590 516 829 628 ([θξξδῖίο
860 528 969 587 δίη
993 572 1013 601 υ
1051 539 1202 607 quod
1228 544 1564 601 tentationes
1602 548 1866 616 signiﬁca-
1903 510 2102 605 "berit
2129 510 2192 600 de
2214 510 2351 613 aqua
2378 557 2535 611 quam
2562 555 2660 611 ego
2687 541 2755 595 do
2779 541 2866 605 ei,
2915 540 3008 594 lict
3036 510 3181 594 inweo
3208 538 3328 593 l‘ons
3356 554 3507 607 aqua

377 606 435 653 et
453 600 583 659 ideo
611 624 856 673 necesse
886 632 985 678 est
1017 641 1129 685 nos
1156 629 1383 685 transire
1419 600 1864 691 eremumutenta-
1966 637 2212 699 salientis
2237 600 2472 688 invitam
2500 600 2775 687 aternam.
2804 648 2822 681 ι
2853 629 3020 698 Hujus
3045 629 3208 695 igitur
3228 628 3357 682 solis
3382 643 3502 682 cnin

302 653 341 688 4

302 669 338 688 .,
797 669 852 673 η
893 669 985 678 η-
1019 669 1129 685 ...ω
1158 669 1382 685 ...ηπ-ι..
1419 669 1661 690 ...σι-...ιιι
1694 669 1864 691 πω..-
1966 669 2212 699 ww...“
2500 669 2775 687 ...ωηωηη
2804 669 2821 681 .
2854 669 3020 698 ....,....
3045 669 3199 695 .,.....
3228 669 3357 682 ..νην

171 669 479 790 ﬁo“.
505 704 569 793 ιξί
609 700 698 793 βία
728 715 1046 793 Ροεείιηιιε
1095 720 1380 789 pervenire
1411 723 1468 777 in
1505 725 1866 780 hareditatem
1966 728 2124 783 talem
2159 724 2368 793 qualem
2416 722 2645 777 diximus
2688 720 2955 773 inveneris
3000 719 3229 783 fontem,
3270 717 3507 771 invenies

223 783 689 891 iiitommgflda-
719 790 837 891 Sed
868 809 929 855 et
962 783 1278 865 ascendere
1306 823 1405 864 nos
1433 821 1644 880 oportet
1676 827 1867 867 ascen-

257 899 394 954 ωσι
450 875 670 936 comm“
734 885 1027 961 Acrabin,
1089 901 1236 968 quod
1284 875 1669 969 interpretatur
1727 919 1869 956 scor-

282 985 461 1051 piones
490 970 628 1045 μθ).
654 973 1020 1039 Transeundi
1054 1002 1189 1059 ergo
1217 989 1371 1044 nobis
1398 1000 1526 1045 sunt
1556 1002 1610 1046 et
1634 992 1869 1047 calcandi

293 1074 462 1125 etiam
483 1063 825 1134 scorpiones,
858 1069 941 1124 illi
971 1073 1097 1129 sine
1131 1076 1290 1130 dubio
1318 1076 1383 1130 de
1409 1077 1600 1144 quibus
1629 1080 1871 1134 Salvator

303 1159 395 1212 ait
414 1157 460 1191 “
484 1170 502 1212 :
535 1175 554 1209 ι
587 1156 726 1213 Ecce
755 1158 881 1214 dedi
901 1162 1062 1217 vobis
1089 1152 1423 1232 potestatem'
1440 1168 1683 1222 calcandi
1714 1183 1872 1239 super

307 1250 614 1310 serpentes,
644 1253 699 1298 et
724 1248 1062 1316 scorpiones.
1096 1271 1116 1304 ι
1147 1253 1246 1319 Qui
1270 1271 1394 1325 ergo
1416 1259 1557 1320 vult,
1582 1271 1634 1315 et
1656 1262 1864 1317 deside-

304 1338 400 1384 rat
420 1330 629 1401 ingredi
652 1333 705 1387 in
728 1334 1103 1394 hareditatem
1127 1343 1292 1397 tribus
1324 1345 1490 1410 Juda,
1516 1358 1724 1415 Oportet
1742 1365 1864 1407 eum

297 1420 609 1474 ascendere
636 1426 978 1481 ascensiones
1001 1429 1149 1493 istas,
1175 1441 1227 1486 et
1251 1434 1450 1488 calcare
1468 1444 1624 1504 atque
1644 1440 1863 1495 evadere

295 1509 631 1576 scorpiones
671 1513 763 1579 qui
794 1515 1080 1572 obsistunt.
1125 1519 1275 1574 Unde
1306 1523 1532 1577 arbitror
1558 1528 1696 1594 quod
1722 1527 1861 1583 istud

295 1595 415 1648 iter
446 1599 628 1667 agenti
663 1601 935 1656 Ezechieli
964 1606 1240 1674 propheta
1267 1609 1473 1664 dicebat
1497 1611 1749 1667 Dominus
1775 1615 1818 1646 “
1842 1633 1853 1667 :

292 1700 320 1732 σ
358 1682 467 1737 Fili
497 1686 756 1751 hominis,
782 1689 837 1741 in
856 1692 1032 1746 medio
1056 1695 1389 1762 scorpionum
1420 1708 1474 1751 tu
1502 1700 1724 1754 habitas.
1747 1719 1765 1750 ι
1790 1732 1859 1741 -

1966 817 2125 872 etiam
2141 815 2410 870 civitatem
2440 811 2572 880 ejus.
2605 828 2624 862 ι
2659 810 2751 863 Est
2768 809 2908 873 enim
2928 846 2944 872 ,
2969 808 3141 876 inquit
3167 808 3243 871 ⁸⁸,
3270 806 3341 861 ibi
3357 815 3413 862 et
3430 806 3506 861 ci-

1965 908 2103 960 vitas
2129 903 2275 959 solis.
2308 920 2327 954 ι
2365 902 2566 957 Dicitur
2585 910 2639 955 et
2671 902 2723 953 in
2745 898 2974 968 Egypto
3002 897 3187 952 civitas
3222 895 3368 952 solis.
3398 895 3503 950 Sed

1967 995 2069 1049 ista
2094 994 2285 1048 civitas
2312 1006 2430 1060 qua
2458 991 2512 1044 in
2536 989 2764 1059 Egypto
2789 996 2901 1052 est,
2943 986 3097 1053 hujus
3132 984 3263 1039 solis
3303 997 3496 1039 nomen

1968 1082 2195 1150 accepit,
2223 1092 2378 1147 quem
2410 1077 2567 1131 Pater
2590 1075 2822 1131 caelestis
2862 1074 3013 1140 jubet
3050 1073 3179 1127 oriri
3212 1085 3371 1140 super
3405 1068 3501 1123 bo-

1968 1186 2066 1225 nos
2105 1177 2159 1225 et
2201 1169 2385 1224 malos.
2437 1167 2527 1220 Illa
2566 1181 2696 1221 vero
2736 1164 2925 1219 civitas
2952 1178 3068 1232 qua
3098 1163 3150 1216 in
3175 1160 3356 1214 Judaa
3387 1167 3502 1223 est,

1967 1269 2270 1316 sanctorum
2305 1256 2672 1311 tantummodo
2707 1254 2970 1315 efﬁcitur,
3013 1253 3133 1320 quia
3177 1250 3368 1305 civitas
3408 1248 3505 1304 Dei

1968 1360 2069 1405 cst.
2124 1351 2189 1403 Et
2221 1350 2340 1403 fons
2382 1348 2468 1401 ille
2505 1347 2567 1399 de
2597 1359 2702 1411 quo
2737 1343 2981 1411 superius
3013 1340 3277 1404 diximus,
3317 1337 3507 1392 ﬂuvius

1969 1436 2188 1491 elfectus
2213 1444 2295 1490 est
2323 1433 2594 1488 latiticans
2624 1429 2734 1499 (45)
2763 1428 3031 1483 civitatem
3065 1427 3178 1480 Dei.
3208 1426 3312 1480 Sed
3352 1435 3407 1480 et
3450 1435 3506 1479 tu

1970 1528 2015 1581 si
2047 1543 2111 1580 ex
2141 1525 2285 1580 omni
2322 1532 2474 1593 parte
2501 1520 2734 1573 munitus
2762 1519 2868 1581 sis,
2907 1528 2962 1571 et
2993 1518 3331 1572 continentia
3358 1530 3508 1569 mnro

1971 1615 2363 1680 circumdatus,
2405 1614 2448 1668 si
2481 1611 2752 1679 sapientia
2783 1617 2835 1662 et
2865 1606 3316 1671 magnanimitatis
3352 1605 3511 1658 turri-

1974 1704 2068 1759 bus
2104 1702 2452 1759 contir'matus
2490 1716 2584 1766 es,
2615 1702 2774 1755 etiam
2814 1707 2866 1751 tu
2900 1697 3152 1751 etlicieris
3176 1695 3360 1751 civitas
3395 1695 3505 1747 Dei.

290 1788 315 1820 ε
357 1771 434 1824 Et
466 1782 619 1834 sunt,
659 1792 677 1824 ι
713 1776 884 1844 inquit
909 1778 972 1842 ⁸⁸,
1015 1797 1033 1829 ι
1065 1780 1197 1835 ﬁnes
1228 1798 1393 1851 usque
1419 1784 1605 1841 Cades.
1637 1806 1655 1837 ι
1688 1788 1857 1842 Cades
1902 1766 1943 1820 Β
1973 1792 2027 1846 Si
2064 1806 2193 1847 vero
2236 1792 2304 1845 ad
2358 1792 2470 1843 hac
2510 1788 2686 1842 omnia
2733 1785 2995 1854 adieceris
3034 1784 3125 1838 tibi
3168 1782 3404 1837 scientia
3432 1780 3509 1833 lu-

281 1858 703 1928 interprelatur
745 1874 980 1919 sanctum
1019 1869 1103 1921 vel
1142 1873 1479 1939 sanctiﬁcatio
1527 1874 1654 1943 (41).
1702 1877 1855 1933 Fines

272 1961 428 2016 ergo
457 1949 617 2003 Iuda
646 1966 817 2019 usque
843 1953 909 2007 ad
935 1956 1401 2013 sanctiﬁcationem
1429 1964 1764 2030 perveniunt.

361 2045 430 2097 4.
463 2045 573 2097 Sed
608 2044 890 2099 videamus
923 2048 1085 2100 etiam
1115 2050 1204 2117 qui
1235 2050 1346 2104 sint
1376 2050 1508 2105 lines
1542 2065 1604 2105 ex
1633 2051 1872 2118 partibus

275 2131 697 2185 orientalibus.
740 2131 856 2185 Non
893 2147 998 2201 quo
1026 2134 1180 2189 velim
1226 2151 1366 2190 nunc
1400 2137 1634 2192 locorum
1672 2137 1872 2192 catalo-

274 2235 430 2289 gttm
473 2220 701 2286 facere,
735 2224 827 2275 sed
867 2232 922 2276 ut
957 2224 1336 2292 mysteriorum
1377 2242 1493 2295 qua
1528 2243 1622 2295 per
1657 2228 1770 2281 hac
1800 2228 1872 2280 si-

272 2307 664 2376 gniﬁcantur,
691 2319 1045 2364 contueamur
1065 2310 1177 2380 (4‘2)
1204 2311 1480 2382 imagines.
1510 2315 1716 2367 Dicitur
1743 2329 1871 2381 ergo

275 2393 362 2448 ab
403 2396 650 2449 orientis
680 2399 926 2465 partibus
953 2399 1120 2453 tribus
1147 2396 1296 2453 Juda
1327 2415 1473 2455 mare
1501 2415 1617 2455 esse
1649 2403 1867 2463 salsum,

268 2494 338 2536 et
378 2494 517 2551 post
552 2487 659 2539 hoc
691 2487 744 2539 in
785 2499 935 2556 parte
977 2488 1091 2557 ejus
1125 2491 1426 2544 nominatur
1470 2490 1589 2542 fons
1632 2490 1792 2554 solis,
1821 2499 1872 2543 et

271 2573 503 2627 civitas
543 2575 712 2637 solis,
763 2585 818 2630 et
858 2578 910 2629 in
951 2578 1134 2632 eadem
1170 2580 1310 2633 tribu
1340 2592 1459 2632 esse
1487 2579 1645 2630 etiam
1680 2579 1872 2631 civitas

273 2662 637 2716 litterarum.
671 2663 892 2739 Oportet
934 2666 1098 2735 igitur
1126 2682 1337 2722 omnem
1380 2667 1470 2735 qui
1500 2667 1611 2720 vult
1651 2668 1870 2721 introire

273 2752 340 2805 in
401 2762 627 2819 partem
670 2754 909 2807 liliorum
948 2754 1081 2809 Iuda
1103 2797 1117 2822 ,
1156 2758 1383 2811 transire
1413 2756 1561 2825 prius
1588 2771 1734 2810 mare
1765 2755 1868 2809 sal-

271 2856 452 2907 sum,
479 2844 609 2896 vita
637 2845 849 2899 scilicet
877 2847 1037 2915 hujus
1061 2848 1227 2901 undas
1249 2857 1301 2901 et
1331 2848 1567 2901 turbines
1593 2862 1779 2915 supera
1791 2863 1869 2909 re,

272 2942 339 2985 et
365 2933 620 2986 evadere
651 2935 832 2987 omnia
862 2949 978 3001 qua
1012 2935 1063 2987 in
1093 2936 1192 2989 hoc
1220 2936 1413 2990 mundo
1439 2952 1533 3005 pro
1558 2938 1760 2989 incerto
1787 2936 1869 2990 sui

273 3030 339 3072 et
377 3020 605 3074 lubrico
635 3021 865 3074 marinis
899 3020 1148 3077 ﬂuctibus
1171 3031 1556 3091 comparantur
1575 3061 1591 3085 ,
1621 3033 1677 3074 ut
1703 3022 1868 3088 possit

1972 1896 2091 1936 men
2112 1921 2127 1946 ,
2166 1881 2300 1935 sicut
2322 1880 2451 1934 dixit
2478 1876 2640 1930 Isaias
2666 1876 2709 1906 ”
2733 1892 2747 1928 :
2780 1892 2801 1926 t
2838 1874 3135 1927 llluminate
3160 1873 3311 1926 vobis
3332 1870 3507 1923 lumen

1970 1973 2227 2036 scientia,
2266 1989 2284 2023 ι
2316 1979 2370 2023 et
2415 1970 2490 2024 sol
2542 1978 2590 2022 te
2636 1967 2855 2036 justitia
2900 1963 3228 2026 radiaverit,
3257 1959 3511 2013 eflicieris

1970 2064 2130 2116 etiam
2162 2071 2214 2114 tu
2244 2060 2438 2115 civitas
2474 2059 2621 2124 solis,
2648 2058 2730 2111 vel
2763 2056 3030 2110 civitatem
3066 2053 3194 2106 solis
3225 2060 3371 2104 sorte
3402 2051 3511 2103 ha-

1971 2148 2211 2202 reditatis
2246 2147 2490 2214 accipies.
2531 2146 2635 2198 Sed
2679 2151 2732 2197 et
2774 2141 2817 2194 si
2860 2151 2910 2194 te
2943 2140 3224 2195 tradideris
3262 2139 3361 2205 legi
3392 2137 3509 2200 Dei,

1970 2246 2023 2290 et
2070 2237 2122 2290 in
2173 2236 2283 2303 ipsa
2335 2234 2676 2289 meditaberis
2715 2233 2827 2303 (44)
2865 2234 2949 2288 die
2981 2245 3045 2284 ac
3089 2238 3271 2290 nocte,
3304 2236 3362 2281 ut
3403 2241 3508 2280 non

1971 2324 2183 2378 recedat
2228 2323 2362 2377 liber
2407 2323 2540 2392 legis
2580 2324 2646 2375 de
2684 2336 2845 2374 manu
2878 2329 2998 2383 tua,
3040 2320 3176 2372 sicut
3211 2316 3407 2369 dicitur
3441 2313 3510 2367 ad

1969 2414 2182 2476 Jesum,
2208 2421 2261 2466 et
2293 2414 2338 2466 si
2371 2427 2570 2466 memor
2605 2413 2679 2464 sis
2708 2410 2959 2480 pracepti
2997 2406 3293 2462 Salvatoris
3325 2407 3375 2458 in
3399 2419 3507 2473 qu)

1971 2501 2045 2554 ait
2076 2516 2089 2552 :
2113 2517 2130 2548 ι
2158 2497 2478 2553 Scrutamini
2501 2496 2804 2564 Scripturas
2822 2495 2961 2565 (45);
2989 2514 3007 2546 ι
3031 2494 3076 2549 si
3091 2507 3219 2562 ergo
3234 2491 3430 2545 talibus
3458 2499 3512 2544 te

1971 2580 2162 2633 studiis
2201 2579 2621 2647 mancipnveris,
2655 2587 2708 2632 ct
2739 2578 3097 2634 eruditionem
3136 2576 3265 2645 legis
3293 2574 3509 2637 divina,

1972 2669 2052 2722 vel
2077 2670 2299 2738 legendo
2321 2708 2334 2731 ,
2367 2668 2446 2721 vel
2468 2668 2733 2722 audiendo
2761 2667 3055 2723 obtinueris
3077 2706 3092 2731 ,
3118 2674 3218 2720 tua
3252 2666 3513 2735 portioni:

1969 2755 2231 2809 efﬁcietur
2251 2756 2436 2810 civitas
2465 2756 2785 2808 litterarum.
2815 2753 2882 2806 Et
2910 2754 3022 2807 hac
3044 2752 3256 2820 quidem
3282 2766 3378 2806 nos
3406 2766 3502 2820 pro

1969 2845 2327 2913 possibilitate
2355 2860 2543 2898 sensus
2571 2846 2774 2907 nostri,
2802 2841 2885 2895 vel
2917 2843 3076 2896 etiam
3108 2856 3205 2910 pro
3231 2842 3389 2896 vestri
3421 2855 3512 2894 au-

1969 2934 2115 2990 ditus
2140 2934 2432 2999 capacitate
2452 2933 2796 2986 discussimus
2821 2947 2837 2986 :
2861 2943 3069 2984 summa
3094 2944 3221 2983 vero
3248 2930 3508 2993 scientia,

1967 3029 2019 3074 et
2059 3019 2370 3089 profundior
2408 3035 2472 3074 ac
2508 3019 2738 3074 lucidior
2771 3018 2962 3072 borum
2995 3016 3342 3086 intelligentia
3372 3018 3511 3087 apud

277 3109 358 3162 ad
393 3105 559 3162 Juda
585 3116 795 3162 terram
828 3110 1127 3176 pervenire,
1161 3120 1214 3165 et
1239 3110 1303 3164 ad
1332 3108 1529 3163 fontem
1560 3110 1689 3162 solis
1714 3123 1868 3162 acce—
1894 3096 1934 3153 (ἒ
1969 3110 2088 3163 illos
2115 3109 2251 3171 erit,
2288 3108 2379 3176 qui
2412 3123 2590 3162 veram
2623 3108 2985 3162 hareditatem
3032 3106 3143 3160 veri
3176 3114 3230 3158 et
3252 3105 3509 3176 unigeniti

276 3197 453 3249 dere.
483 3195 624 3261 Quis
646 3204 828 3249 autem
852 3201 933 3250 eat
956 3197 1077 3251 fons
1100 3197 1250 3263 solis,
1273 3198 1355 3251 vel
1378 3198 1527 3265 cujus
1548 3197 1711 3251 solis?
1730 3197 1869 3250 illius

276 3282 425 3337 sine
466 3283 640 3336 dubio
664 3320 681 3345 ,
716 3283 785 3335 de
811 3297 920 3350 quo
949 3282 1205 3349 scriptum
1242 3292 1326 3336 est
1357 3282 1401 3314 ⁸⁸
1430 3299 1443 3334 :
1484 3299 1502 3332 ι
1540 3281 1869 3334 Timentibus

278 3381 485 3422 autem
542 3383 748 3422 nomen
791 3384 962 3422 meum
1010 3369 1212 3423 orietur
1246 3370 1327 3424 sol
1362 3368 1602 3436 justitia.
1653 3387 1672 3419 ι
1708 3367 1872 3435 llujus

279 3472 428 3525 ergo
471 3456 648 3521 solis,
692 3457 739 3510 si
783 3457 929 3525 prius
973 3459 1209 3513 evaseris
1241 3473 1390 3513 mare
1422 3460 1638 3523 salsum,
1672 3456 1870 3511 l‘ontem

280 3547 552 3601 invenies
588 3545 646 3599 in
685 3553 832 3600 terra
863 3545 1031 3601 Juda.
1073 3547 1239 3614 Quem
1274 3546 1513 3605 fontem?
1558 3547 1704 3600 illum
1751 3561 1874 3615 pro-

270 3788 406 3852 ‘Ex
441 3798 573 3872 τῷν
613 3799 945 3872 Ὠρέγένους
990 3803 1076 3872 εὶς
1118 3800 1222 3872 τὸν
1260 3803 1488 3869 Ἰησοῦν
1532 3804 1636 3857 τὸν
1677 3805 1864 3872 Ναυῆ.

364 3898 437 3945 -:
476 3868 634 3945 Ἀπὸ
659 3866 769 3934 τῆς
795 3874 846 3945 κς
869 3871 1100 3936 ὁμιλίας
1129 3869 1244 3923 τῶν
1268 3866 1353 3935 sic
1372 3875 1476 3925 τὸν
1504 3873 1735 3940 Ἰησοῦν
1766 3866 1868 3925 τὸν⁴

364 3935 573 4004 Ναυῆ,
609 3952 746 4003 κεφ.
779 3935 865 3989 ιε’.

374 4024 444 4076 Ἥ
480 4026 592 4094 μὲν
618 4023 767 4093 ἄκρα
808 4023 1038 4092 ὠφέλεια
1072 4026 1180 4079 ἀπὸ
1208 4027 1314 4080 τῶν
1353 4028 1601 4080 τοιούτων
1630 4029 1870 4096 ἀναγνω-

284 4112 527 4181 σμάτων
560 4111 679 4181 (46)
732 4112 810 4182 τῷ
833 4113 1109 4185 δυναμένῳ
1131 4114 1314 4184 νοῆσαι
1344 4116 1440 4187 τὴν
1472 4116 1641 4186 ἀληθῆ
1675 4116 1866 4188 κληρο-

281 4200 481 4254 δοσίαν
533 4201 650 4255 ἀπὸ
697 4202 867 4270 Ἰησοῦ
917 4203 1272 4275 μεριζομένην
1320 4209 1428 4267 τοῖς
1476 4208 1607 4269 υἱοῖς
1663 4207 1871 4277 Ἰσραὴλ

287 4290 537 4359 γίνεται,
567 4293 666 4343 καὶ
700 4291 777 4360 τῷ
808 4292 903 4362 οἴῳ
943 4310 1000 4345 τε
1038 4294 1308 4364 γενομένῳ
1341 4295 1598 4364 ἀναϐῆναι
1645 4298 1733 4349 ἐπὶ
1774 4296 1870 4367 τὴν
1901 4279 1945 4331 Ῑ)

288 4380 402 4448 γῆν
424 4379 529 4448 τὴν
567 4378 754 4445 ἁγίαν,
782 4378 880 4447 τὴν
906 4379 1180 4449 ἀληθινὴν,
1210 4382 1308 4452 τὴν
1334 4382 1499 4444 ὅντως
1522 4383 1750 4454 ἀγαθὴν,
1779 4385 1870 4438 καὶ

291 4460 619 4539 ἔφαρμόσαι
671 4471 734 4521 ἐκ
762 4471 857 4538 τῆς
886 4469 1173 4538 ὀνομασίας
1211 4471 1317 4524 τῶν
1338 4473 1631 4544 εἰρημένων
1660 4476 1723 4544 τῇ
1754 4474 1868 4526 δια-

290 4561 443 4629 φορᾷ
472 4558 593 4612 τῶν
619 4557 1092 4627 κληρονομούντων
1133 4558 1198 4611 τὰ
1242 4561 1379 4614 κατὰ
1418 4562 1541 4623 τοὺς
1567 4562 1760 4623 τόπους
1789 4562 1878 4615 λε-

369 4672 416 4703 “
444 4672 586 4731 Luc,
618 4686 681 4734 Χ,
709 4670 798 4724 19.
874 4669 1131 4724 “Ezech.
1181 4687 1240 4735 tt,
1276 4678 1328 4728 li.
1402 4675 1444 4706 ⁸⁸
1471 4673 1582 4727 Jos.
1615 4689 1698 4738 xv,
1740 4674 1790 4727 1.

295 4739 345 4770 ⁸⁹
392 4739 563 4793 Osee.
601 4755 660 4800 χ,
698 4739 786 4793 12.

372 4834 492 4901 (40)
543 4832 797 4910 Acrabin,
844 4831 987 4900 quod
1030 4832 1395 4901 interpretatur
1430 4834 1741 4902 scorpiones.
1786 4833 1866 4887 Ab

293 4910 462 4988 :an
495 4915 723 4967 scorpio.

379 4992 492 5058 ul)
522 4989 692 5043 Gades
734 4990 1115 5053 interpretatur
1134 4997 1365 5042 sanctum
1398 4992 1474 5044 vel
1501 4989 1866 5056 sanctiﬁcatio.

301 5061 348 5113 Α
376 5068 506 5134 nrtp
531 5066 775 5111 sanctum
800 5070 939 5109 esse.

375 5147 486 5218 (42)
520 5146 656 5218 Mss.
717 5153 1094 5218 confiteantur.
1110 5142 1426 5218 _Libb._editi
1460 5165 1479 5218 εγ
1508 5156 1867 5218 contueantur.

370 5210 481 5288 (45)
517 5215 773 5288 {iterque
802 5210 1151 5288 Ebroicensis
1180 5225 1205 5287 ε.
1223 5213 1429 5278 effectus
1461 5215 1715 5280 lati/teat.

395 5281 469 5339 44’
519 5283 675 5336 Unus
711 5281 945 5331 Ebroic.
981 5281 1250 5329 meditaris.

395 5287 479 5423 453
649 5362 781 5422 quo.
805 5344 886 5409 ait
934 5357 953 5392 .'
983 5342 1250 5423 Scrtttatnit

395 5285 457 5339 44
519 5285 675 5336 Unus
711 5285 945 5331 Ebroic.
981 5285 1250 5329 meditaris.

365 5285 479 5467 £45;
524 5349 597 5402 In
649 5362 759 5416 quo
805 5344 886 5409 ait
934 5357 953 5392 .'
983 5342 1290 5398 Scrutamiui
1318 5346 1638 5416 Scripturas.
1672 5347 1795 5404 Hac
1821 5352 1873 5405 in

403 5463 416 5467 -
453 5418 628 5467 editis
664 5413 884 5466 omissa
915 5407 1119 5467 supplet
1150 5425 1279 5464 unus
1308 5420 1472 5467 codex
1509 5416 1870 5467 Ebroicensis.

281 5407 417 5480 libb,
453 5407 628 5476 aditis
660 5407 884 5466 bmisSa
915 5407 1119 5473 supplet
1150 5425 1279 5464 unus
1308 5407 1472 5470 codex
1509 5416 1870 5473 Ebroicensis.

333 5499 462 5581 (46)
511 5501 692 5581 3MP.
738 5495 871 5581 es?
895 5494 1203 5581 _f€‘f_'_"_?ﬂ’1
1240 5499 1740 5581 dramvsmerwr-
1807 5508 1872 5561 Et

250 5561 458 5640 mox?
504 5563 853 5635 Βουλόμεοα
891 5561 1375 5626 παραμυθήσασθαι’
1409 5561 1539 5631 “robe
1582 5571 1874 5635 ἀκούοντας

1973 3194 2090 3247 Filii
2128 3196 2240 3258 Dei,
2263 3211 2380 3264 qua:
2406 3196 2729 3263 repromissa
2756 3202 2837 3248 est
2866 3194 2931 3247 iis
2950 3232 2965 3257 ,
2990 3193 3082 3261 qui
3118 3207 3239 3246 eum
3273 3194 3511 3261 perfecte

1969 3284 2252 3338 dilexerint
2277 3323 2292 3347 ,
2346 3286 2603 3352 consequi
2653 3283 2998 3338 merebuntur
3041 3284 3093 3336 in
3135 3283 3350 3337 Christo
3384 3281 3510 3337 Jesu

1977 3371 2200 3425 Domino
2238 3383 2443 3435 nostro,
2473 3373 2554 3425 cui
2595 3380 2677 3425 est
2712 3370 2880 3441 gloria
2908 3379 2961 3424 et
2992 3370 3274 3440 imperium
3310 3372 3363 3425 in
3401 3384 3508 3425 sa—

1976 3458 2095 3512 cula
2125 3459 2457 3513 saeculorum.
2492 3459 2678 3514 Amen.

1969 3804 2127 3877 M2
2147 3803 2227 3877 Ea:
2248 3805 2944 3877 0rigenis_cottm_tentariis_in
2959 3805 3135 3858 Iesum
3160 3802 3323 3877 ape.
3342 3831 3409 3842 —
3425 3801 3509 3857 Ex

2196 3871 2407 3926 honulia
2432 3874 2501 3926 ΞΟ
2532 3876 2583 3927 in
2613 3873 2790 3926 Iesum
2827 3873 3003 3940 Nave,
3033 3888 3147 3936 cap.
3192 3871 3281 3925 15.

2043 4022 2260 4077 Summa
2288 4023 2488 4077 utilitas
2511 4025 2578 4077 ab
2600 4023 2859 4093 ejusmodi
2890 4023 3114 4078 lectione
3140 4023 3206 4076 ad
3228 4038 3347 4078 eum
3374 4037 3498 4092 per-

1973 4113 2149 4176 venit,
2176 4113 2265 4180 qui
2293 4127 2471 4166 veram
2500 4122 2652 4167 terra
2681 4112 3102 4168 distributionem
3138 4127 3168 4166 a
3201 4112 3325 4168 Jesu
3356 4112 3503 4167 Nave

1977 4200 2173 4254 tactam
2199 4201 2321 4254 ﬁliis
2358 4200 2519 4255 Israel
2550 4200 2841 4268 intelligere
2865 4210 3069 4269 potest,
3096 4211 3149 4255 et
3171 4202 3238 4255 ad
3262 4215 3387 4255 eum
3412 4204 3507 4269 qui

1973 4292 2142 4360 potuit
2184 4293 2471 4345 ascendere
2521 4292 2572 4343 in
2629 4302 2823 4343 terram
2868 4299 3142 4354 sanctam,
3188 4305 3406 4354 veram,
3450 4300 3505 4345 et

1974 4396 2099 4436 vere
2118 4383 2329 4446 bonam,
2351 4390 2404 4435 et
2425 4396 2487 4434 ex
2509 4382 2863 4448 appellatione
2887 4397 3069 4435 eorum
3094 4396 3210 4449 qua
3234 4383 3503 4443 dicuntur,

1972 4470 2197 4524 diversis
2235 4470 2608 4535 sortientibus,
2646 4484 2762 4537 qua
2794 4470 2860 4523 de
2895 4470 3116 4539 singulis
3148 4470 3279 4525 locis
3309 4485 3506 4524 memo-

1988 4568 2194 4622 rantur,
2224 4559 2642 4614 accommodare.
2671 4558 2772 4613 Sed
2804 4560 3050 4627 quoniam
3076 4560 3290 4615 difﬁcile
3314 4571 3396 4615 est
3426 4561 3505 4612 in-

1865 4674 1908 4705 ⁸⁸
1953 4672 2177 4726 Malaclt.
2209 4688 2277 4734 Iv,
2304 4672 2357 4725 2.
2429 4668 2643 4724 "Joan.
2673 4685 2748 4736 iV,
2790 4671 2876 4735 15,
2912 4670 2998 4724 14.
3074 4671 3118 4703 ⁸⁸
3155 4670 3263 4725 Jos.
3303 4686 3392 4736 xv,
3416 4671 3501 4725 10.

1973 4826 2323 4903 μὴᾷξκκακεῖν
2367 4831 2459 4903 ξπ).
2482 4833 2617 4903 *ταῖς
2643 4832 2986 4903 ἀναγνώσεσι.
3022 4832 3116 4903 Τίς
3142 4827 3231 4885 οὖν
3249 4834 3294 4903 -ἡ
3333 4846 3501 4903 παρα-

1975 4898 2137 4969 μύθία
2162 4900 2294 4968 ὑπὲρ
2315 4899 2406 4951 τοῦ
2437 4901 2508 4969 μὴ
2528 4898 2779 4953 ὲκκακείν
2824 4901 2911 4953 τὸν
2935 4900 3194 4954 ἀκούοντα
3207 4898 3312 4951 τῶν
3335 4898 3500 4969 τοιού-

1971 4967 2074 5023 ’ξων
2100 4967 2547 5036 ἀναγνωσμάτων,
2581 4970 2810 5022 λεκτέον.
2836 4969 2898 5022 Ει
2922 4983 3060 5036 sape
3089 4968 3331 5021 lectionis
3355 4967 3500 5036 Scri-

1974 5046 2144 5103 ptura
2196 5038 2516 5090 mentionem
2567 5039 2693 5090 facit
2736 5038 2834 5089 hoc
2877 5035 3046 5103 capite
3088 5053 3102 5089 :
3146 5036 3335 5103 prisca
3359 5035 3500 5085 enim

1976 5102 2223 5158 Ecclesia
2259 5117 2318 5154 ea
2361 5106 2686 5158 consuetudo
2742 5104 2870 5167 fuit,
2915 5102 2970 5157 ut
3014 5102 3202 5170 populo
3236 5102 3301 5153 ad
3349 5115 3499 5153 sacra

1972 5181 2154 5227 coacto
2181 5181 2357 5238 partes
2381 5174 2633 5239 quasdam
2670 5172 2956 5239 Scriptura
2984 5168 3215 5239 pralegi,
3245 5176 3295 5221 et
3326 5182 3354 5218 a
3379 5182 3497 5220 con-

1973 5241 2243 5293 cionatore
2285 5242 2473 5305 exponi
2518 5250 2725 5294 curaret
2776 5240 3093 5305 episcOpus._
3127 5240 3383 5305 Hunnus.
3409 5264 3493 5305 A—

1982 5305 2106 5360 Vide
2136 5300 2531 5374 insuper'notas
2557 5310 2621 5360 ad
2645 5300 2892 5374 Origcnis
2918 5300 3185 5374 liotniliam
3210 5300 3273 5352 de
3305 5300 3478 5374 Pytho

1976 5377 2113 5430 nissa
2154 5369 2333 5442 lilii—eg.
2386 5390 2572 5428 xxvm.
2610 5369 3052 5442 ΜοξίΡΙι-ἱιοιςᾳῌα
3086 5369 3497 5442 ιῃεκνθειοιὴιι-

1972 5443 2058 5522 bet
2081 5443 2159 5512 τῷ
2181 5431 2455 5512 δυνᾶμένῳ
2478 5443 2677 5511 νοῆσαι.
2710 5438 2856 5492 Libri
2885 5434 3007 5489 editi
3029 5471 3044 5498 ,
3067 5431 3172 5483 τῶν
3196 5431 3498 5503 δυναμένων

1969 5526 2173 5581 vendat.
