3806 6224
374 321 478 377 919
1825 252 2138 349 oatcsms

376 433 563 488 venire
582 470 598 496 ,
628 431 717 500 qui
745 436 949 484 tantum
980 428 1156 497 capiat
1183 425 1434 481 utilitatis
1456 460 1473 486 ,
1517 416 1791 474 adhortari
1819 429 1914 469 vo-
1940 411 1991 468 Δ

377 525 553 579 lnmus
591 522 902 583 audientes,
937 533 1002 571 ne
1044 518 1277 571 animum
1325 516 1466 568 inter
1506 511 1786 577 legendum
1823 506 1914 557 de-

378 609 694 680 spondeant.
741 606 1015 673 Quodnam
1065 605 1222 673 igitur
1266 601 1512 657 solatium
1545 598 1637 659 sit,
1686 610 1752 648 ne
1793 607 1916 646 suc-

376 698 595 753 cumbat
616 736 634 763 ,
665 696 761 764 qui
792 695 839 748 ei
879 694 1086 747 lectioni
1116 694 1359 756 interest,
1387 688 1683 743 dicendum.
1723 684 1916 749 Quem-

380 786 665 838 admodum
716 782 874 850 igitur
930 778 1321 834 carmina‘vim
1374 774 1657 845 quamdam
1723 771 1917 824 habent

383 873 619 936 insitam,
645 880 806 938 utque
830 869 1135 938 imprudens
1156 867 1352 934 aliquid
1378 881 1407 918 a
1437 862 1674 918 carmine
1701 858 1916 924 accipit,

379 963 474 1032 qui
501 961 818 1023 incantatur,
837 975 898 1013 ea
925 959 1172 1013 nimirum
1198 966 1277 1011 est
1306 965 1494 1008 natura
1523 964 1773 1006 sonorum
1800 961 1919 1000 car-

384 1051 574 1115 minis,
606 1049 716 1103 sive
738 1048 790 1101 in
822 1048 1071 1101 damnum
1092 1086 1105 1110 ,
1132 1046 1243 1098 sive
1268 1043 1333 1096 ad
1365 1043 1646 1096 sanitatem
1674 1035 1918 1103 corporis

2013 461 2287 566 λοῦμενον,
2324 485 2628 560 βουλόμεθα
2672 468 3237 566 παραμυθήσασθαι
3282 461 3647 566 tabidaru-

2013 549 2123 647 τοιςι
2143 583 2216 653 μὴ
2257 549 2515 634 ἐκκακεῖν
2578 572 2679 625 ἐπὶ
2729 570 2867 629 ταῖς
2927 557 3326 628 ἀναγνώσεσι.
3378 554 3473 617 Τίς
3507 549 3646 623 οὖνὴ

2013 673 2335 746 παραμυθία
2358 669 2497 737 ὑπὲρ
2533 662 2632 717 τοῦ
2681 661 2761 732 μὴ
2805 655 3095 710 ὲκκακεῖν
3129 649 3232 700 τὸν
3265 644 3530 698 ἀκούοντα
3554 642 3650 695 τῶν

2013 764 2267 818 τοιούτων
2300 755 2787 825 ἀναγνωσμάτων,
2822 744 3073 800 λεκτέον
3094 758 3109 770 ·
3161 737 3365 807 ὥσπερ
3397 733 3568 787 τοίνυν
3603 733 3652 786 αἱ

2015 851 2220 922 ἐπῳδαὶ
2241 822 2469 917 δύναμῖν
2495 822 2623 897 τινα
2670 842 2867 909 ἔχουσι
2915 832 3208 903 φυσικὴν,
3239 827 3341 922 καὶ
3381 824 3457 895 μὴ
3479 822 3654 922 ναῦνιὸ

2015 913 2451 1009 κατεπᾳδόμενος
2478 931 2758 1002 λαμϐάνει
2794 945 2851 979 τι
2886 928 2960 977 ὲκ
2991 922 3107 991 τῆς
3136 916 3388 1009 ἐπῳδῆς,
3413 914 3552 1009 κατὰ
3570 913 3655 983 τὴν

2017 1004 2305 1098 φύσιν
2334 1024 2589 1094 φθόγγων
2613 1020 2718 1089 τῆς
2743 1015 3002 1085 ἐπῳδῆς,
3034 1010 3276 1098 εῐτεᾷεῐς
3308 1004 3534 1098 βλάϐην,
3560 1004 3655 1055 sit:

2015 1092 2098 1180 εἰς
2123 1116 2264 1168 ἴασιν
2285 1092 2538 1181 σώματος
2566 1109 2602 1179 ἢ
2635 1106 2824 1176 ψυχῆς
2848 1100 3093 1163 ἑαυτοῦ,
3123 1096 3283 1151 οὕτω
3311 1111 3409 1166 μοι
3442 1092 3552 1149 νόει
3571 1093 3660 1147 πά-

2020 1223 2117 1276 σης
2139 1204 2353 1273 ἐπῳδῆς
2382 1196 2771 1266 δυνατωτέραν
2813 1190 2965 1246 εἶναι
3008 1189 3121 1259 τὴν
3163 1186 3450 1256 σημασιαν
3478 1184 3579 1236 τῶν
3609 1186 3658 1235 ὲν

2018 1272 2136 1356 ταῖς
2167 1272 2339 1353 θεῖαις
2360 1289 2611 1360 Γραφαῖς
2636 1283 2936 1353 ὀνομάτων
2959 1298 2976 1311 ο
3017 1280 3140 1331 εἰσὶ
3176 1278 3295 1347 γάρ
3338 1291 3486 1338 τινες
3520 1272 3659 1331 δυνά-

2024 1403 2145 1456 μεις
2187 1387 2245 1437 ὲν
2279 1385 2416 1453 ἡμῖν
2455 1374 2533 1433 ὧν
2576 1380 2634 1431 αἱ
2677 1376 2780 1445 μὲν
2817 1374 3167 1443 κρείττονες
3210 1368 3307 1421 διὰ
3339 1367 3542 1419 τούτων
3569 1367 3662 1419 τῶν

2019 1476 2182 1528 οἱονεὶ
2232 1470 2457 1541 ἐπῳδῶν
2512 1467 2840 1539 τρέφονται,
2883 1462 3207 1529 συγγενεῖς
3254 1453 3421 1510 οὖσαι
3472 1455 3660 1523 αὐταῖς,

385 1139 468 1193 vel
517 1138 679 1191 animi
718 1136 798 1191 sui
843 1152 858 1189 :
905 1136 982 1190 sic
1015 1134 1171 1189 velim
1208 1132 1481 1187 exiStimes
1509 1128 1653 1183 omni
1680 1125 1917 1181 carmine

385 1228 738 1297 potentiorem
778 1239 898 1280 esse
937 1222 1381 1293 signiﬁcationem
1416 1219 1687 1272 nominum
1727 1214 1919 1268 divinae

385 1319 701 1388 Scriptura.
748 1318 886 1370 Sunt
926 1315 1069 1369 enim
1111 1312 1352 1380 quaedam
1389 1309 1445 1363 in
1474 1307 1629 1361 nobis
1659 1306 1918 1369 virtutes,

385 1424 613 1479 quarum
656 1423 774 1476 qua:
815 1406 1064 1461 meliores
1103 1412 1266 1467 sunt,
1309 1415 1404 1469 per
1444 1399 1558 1454 haec
1602 1398 1757 1452 veluti
1798 1412 1918 1451 car-

384 1498 551 1564 mina,
576 1497 770 1565 quibus
795 1511 911 1549 cum
942 1501 1177 1562 cognatae
1204 1501 1366 1558 atque
1394 1486 1577 1545 aﬂines
1614 1490 1739 1551 sint,
1770 1487 1923 1539 alun-

384 1597 504 1653 tur,
548 1587 702 1641 nobis
736 1600 840 1640 non
869 1581 1284 1653 percipientibus
1313 1579 1537 1631 virtutes
1567 1575 1922 1643 iutelligentes

384 1690 448 1729 ea
469 1690 586 1744 quae
613 1675 899 1736 dicuntur,
941 1671 1264 1739 potentiores
1290 1669 1343 1720 in
1376 1666 1529 1719 nobis
1564 1664 1679 1716 lieri
1708 1663 1772 1715 ad
1802 1663 1922 1715 vita:

387 1774 587 1820 nostra:
618 1762 911 1817 subsidium
947 1770 1108 1828 atque
1146 1755 1535 1823 adiumentum.
1572 1751 1926 1820 Esse-quippe

391 1855 446 1909 in
493 1855 645 1908 nobis
666 1893 681 1918 ,
714 1866 832 1919 qua:
864 1866 967 1905 non
998 1849 1310 1909 videantur,
1343 1858 1511 1912 eaque
1544 1843 1707 1896 multa
1730 1880 1747 1906 ,
1786 1840 1927 1894 indi-

387 1944 528 1997 cabit
553 1942 786 2011 psalmus
818 1939 905 2008 qui
937 1939 1063 1992 dicit
1093 1939 1137 1970 ⁷ο
1168 1952 1185 1992 :
1229 1954 1248 1986 ι
1287 1934 1533 1996 Benedic,
1574 1932 1746 1984 anima
1787 1945 1926 1994 mea,

390 2032 634 2096 Domino,
667 2038 722 2082 et
745 2028 923 2082 omnia
951 2040 1068 2095 quas
1099 2026 1237 2076 intra
1263 2037 1345 2076 me
1373 2029 1497 2075 sunt
1516 2018 1718 2073 nomini
1742 2027 1928 2070 sancto

1953 1721 1995 1774 Β

389 2120 524 2186 eius.
576 2137 597 2169 ι
633 2117 771 2172 Sunt
800 2116 967 2185 igitur
996 2116 1048 2168 in
1085 2113 1238 2167 nobis
1261 2112 1500 2179 plurima:
1534 2110 1787 2170 virtutes,
1813 2119 1931 2173 qua:

388 2209 554 2261 veluti
600 2207 884 2262 sortitione
923 2206 1129 2258 animas
1167 2212 1383 2256 nostras
1412 2209 1465 2254 et
1500 2212 1723 2265 corpora
1760 2197 1930 2264 possi-

389 2299 547 2365 dent,
580 2312 718 2368 quaa,
756 2297 800 2351 si
825 2303 1024 2350 sancta:
1064 2294 1204 2355 sint,
1251 2291 1478 2344 lectione
1520 2289 1810 2357 Scripturze
1843 2286 1931 2351 jn-

388 2398 619 2455 vantur,
659 2396 713 2441 et
765 2385 1049 2439 validiores
1079 2382 1247 2443 ﬁunt;
1282 2381 1382 2433 etsi
1430 2393 1575 2432 mens
1608 2386 1785 2431 nostra
1818 2375 1932 2429 fru-

389 2492 533 2536 ctum
582 2492 689 2533 non
734 2476 954 2534 sentiat,
996 2469 1441 2540 quemadmodum
1471 2467 1726 2534 scriptum
1755 2473 1834 2519 est
1866 2465 1931 2518 de

393 2586 477 2635 eo,
501 2568 591 2638 qui
615 2566 794 2635 lingua
815 2561 1106 2631 loquitur"
1139 2577 1152 2613 :
1175 2576 1193 2608 ι
1223 2557 1355 2623 Quia
1378 2557 1596 2623 spiritus
1619 2569 1767 2607 meus
1790 2561 1929 2615 orat,

392 2672 543 2711 mens
564 2663 741 2708 autem
764 2665 880 2705 mea
902 2649 1016 2704 sine
1035 2647 1206 2701 fructu
1224 2654 1325 2700 cst.
1351 2665 1370 2698 ι
1398 2646 1582 2713 Cogita
1612 2644 1791 2712 igitur,
1811 2658 1930 2696 cum

396 2744 681 2813 aliquando
723 2756 871 2795 mens
906 2750 1089 2794 nostra
1123 2737 1356 2790 fructum
1388 2750 1493 2788 non
1528 2734 1782 2801 percipit,
1822 2733 1931 2785 vir-

397 2844 540 2888 tutes
564 2847 681 2901 qua:
698 2830 876 2883 animo
900 2836 955 2882 et
981 2826 1146 2880 menti
1175 2833 1228 2878 et
1255 2825 1410 2877 nobis
1425 2822 1672 2874 omnibus
1696 2819 1932 2872 subsidio

396 2928 555 2983 sunt,
582 2920 685 2973 hoc
707 2914 1033 2977 rationabili,
1056 2912 1194 2980 quod
1221 2926 1249 2963 a
1280 2910 1450 2963 sacris
1476 2910 1668 2962 litteris
1695 2917 1749 2961 et
1772 2908 1935 2960 nomi-

398 3010 555 3063 nibus
568 3016 670 3071 est,
691 3005 1018 3059 nutrimento
1038 3000 1275 3061 educari,
1295 3007 1346 3050 et
1361 2998 1608 3050 educatas
1624 2994 1735 3047 ﬁeri
1755 2995 1819 3047 ad
1835 3008 1932 3048 nos

394 3096 655 3168 iuvandos
668 3094 1008 3164 potentiores.
1020 3090 1088 3145 Ut
1106 3091 1265 3159 igitur
1280 3086 1524 3140 meliores
1538 3087 1757 3138 virtutes
1770 3086 1933 3139 veluti

398 3187 799 3259 permulceatur
819 3194 871 3238 et
893 3182 1164 3250 juvantur,
1196 3178 1433 3244 ﬁuntque
1460 3191 1550 3245 per
1565 3176 1821 3245 ejusmodi
1850 3179 1936 3231 lit-

398 3277 558 3351 M3
589 3287 728 3330 teras
757 3283 811 3328 et
853 3273 1066 3327 nomina
1111 3269 1472 3339 potentiores;
1506 3269 1583 3321 sic
1615 3268 1937 3323 adversariae

402 3370 456 3424 in
490 3367 641 3422 nobis
672 3365 896 3419 virtutes
969 3360 1169 3413 divinis
1214 3356 1544 3412 carminibus
1578 3356 1934 3420 deducuntur,

403 3467 457 3512 ut
497 3459 571 3511 ita
603 3457 793 3515 dicam,
830 3461 885 3506 et
917 3450 1224 3515 vincuntur,
1261 3455 1314 3500 et
1342 3446 1493 3500 victae
1534 3446 1852 3514 sopiuntur:
1884 3456 1939 3500 et

402 3550 445 3603 si
481 3547 600 3616 quis
632 3558 862 3612 unquam
899 3550 1137 3595 nostrum
1181 3538 1319 3590 vidit
1355 3536 1681 3590 carminibus
1710 3537 1937 3604 sopitam

403 3638 662 3706 aspidem,
714 3645 804 3689 aut
843 3634 982 3687 aliud
1016 3646 1047 3685 e
1079 3628 1376 3691 venenatis,
1411 3626 1538 3679 illud
1581 3636 1820 3680 assumat
1872 3628 1940 3682 ad

405 3727 735 3793 Seripturam
763 3721 1061 3788 exemplum
1089 3732 1244 3785 :quaa
1282 3717 1325 3769 si
1370 3716 1578 3783 legatur
1609 3728 1707 3768 nec
1743 3715 1942 3769 intelli-

404 3825 583 3886 gatur,
612 3815 877 3868 interdum
926 3810 1222 3881 languescit
1261 3818 1315 3861 et
1364 3807 1659 3860 succumbit
1694 3809 1938 3871 auditor;

360 3920 367 3926 ‘
404 3917 460 3959 et
485 3905 668 3959 credat
714 3917 831 3971 qua:
869 3901 920 3953 in
951 3914 1007 3953 se
1036 3907 1162 3950 sunt
1191 3895 1423 3962 aspidcs,
1455 3902 1508 3947 et
1543 3908 1658 3961 quae
1694 3894 1745 3946 in
1778 3909 1835 3947 se
1865 3895 1944 3947 vi-

405 4010 566 4065 perae,
602 3991 976 4046 imbecilliores
1025 3987 1140 4040 lleri
1188 3985 1588 4038 medicamentis
1617 3983 1940 4048 curantium,

407 4083 849 4153 quemadmodum
884 4095 911 4132 a
941 4077 1181 4145 sapiente
1210 4075 1374 4139 Mose,
1406 4089 1435 4127 a
1470 4074 1706 4142 sapiente
1736 4071 1880 4135 Jesu,
1912 4090 1942 4128 a

409 4173 737 4242 sapientibus
791 4169 991 4224 sanctis
1038 4165 1334 4235 prOphetis.
1381 4163 1496 4217 Non
1544 4164 1705 4232 igitur
1763 4164 1943 4218 animo

410 4262 780 4330 langueamus,
813 4272 930 4313 cum
957 4257 1203 4310 audimus
1226 4255 1536 4322 Scripturas
1563 4268 1695 4322 quas
1725 4267 1830 4306 non
1860 4255 1944 4306 in-

1962 3055 2005 3111 (Ξ

2022 1566 2116 1618 καὶ
2144 1562 2300 1632 ἡμῶν
2348 1560 2422 1629 μὴ
2473 1556 2748 1610 νοούντων
2787 1552 3029 1614 ὲκείνας
3072 1549 3185 1612 τὰς
3233 1548 3503 1618 δυνάμεις
3530 1548 3663 1600 νοοὺο

2025 1668 2122 1713 σας
2173 1649 2248 1702 τὰ
2300 1649 2577 1716 λεγόμενα
2603 1683 2620 1708 ,
2665 1644 3084 1713 δυνατωτέρας
3142 1643 3206 1693 ὲν
3252 1641 3396 1709 ἡμῖν
3444 1637 3663 1705 γίνεσθαι

2024 1743 2159 1813 πρὸς
2192 1742 2253 1794 τὸ
2298 1742 2584 1809 συνεργεῖν
2633 1736 2716 1806 τῷ
2769 1734 3057 1807 ἡμετέρῳ
3104 1731 3218 1801 βίῳ
3244 1748 3259 1761 ·
3297 1731 3383 1782 ὅτι
3415 1731 3520 1799 γάρ
3563 1729 3663 1781 ἔστι

2024 1850 2144 1885 τινα
2187 1835 2244 1885 ὲν
2286 1833 2416 1901 ἡμῖν
2456 1829 2691 1898 ἀόρατα,
2726 1826 2828 1878 καὶ
2858 1824 3053 1877 πολλά
3106 1839 3179 1890 γε
3218 1820 3425 1880 ταῦτα,
3454 1818 3661 1889 δηλώσει

2025 1925 2054 1975 ὁ
2091 1922 2260 1976 εἰπὼν
2302 1919 2540 1990 ψαλμός·
2574 1937 2592 1968 ι
2634 1916 2904 1983 Εῦλόγει,
2947 1916 2986 1983 ἡ
3037 1912 3204 1982 ψυχή
3233 1930 3380 1981 μου,
3427 1911 3514 1963 τὸν
3560 1910 3661 1963 Κῦ-

2031 2031 2162 2086 ριον,
2209 2013 2303 2064 καλ⁸
2328 2010 2507 2064 πάντα
2557 2008 2627 2060 τὰ
2681 2006 2842 2068 ἐντός
2902 2022 3016 2074 μου
3076 2003 3146 2054 τὸ
3205 2002 3391 2071 ὄνομα
3430 2000 3489 2052 τὺ
3533 1999 3662 2068 ἅγιον

2027 2102 2447 2156 αὑτοῦ.ιἜστιν
2467 2097 2562 2152 οὖν
2604 2098 2819 2170 πλῆθός
2875 2114 2937 2148 τι
2983 2097 3052 2149 ὲν
3092 2096 3242 2165 ἡμῖν
3275 2093 3554 2162 δυνάμεων
3584 2107 3663 2144 κε-

2031 2195 2398 2265 κληρωμένων
2421 2191 2581 2261 ήμῶν
2613 2188 2720 2251 τὰς
2745 2187 2938 2258 ψυχὰς,
2975 2188 3086 2239 καὶ
3111 2185 3194 2237 τὰ
3214 2184 3474 2254 σώματα,
3494 2182 3665 2244 αἵτινες

2028 2285 2124 2338 ἐὰν
2166 2279 2299 2336 ὦσιν
2333 2282 2508 2349 ἅγιαι,
2532 2281 2636 2350 τῆς
2671 2279 2916 2348 Γραφῆς
2965 2275 3519 2344 ἀναγινωσκομένης
3545 2272 3665 2340 ὠφεο

2027 2375 2243 2428 λοῦνται
2287 2373 2383 2426 κει.)⁸
2421 2372 2668 2440 γίνονται
2714 2369 3100 2439 ἰσχυρότεραι
3126 2383 3143 2397 ο
3181 2364 3294 2419 κᾶν
3323 2367 3354 2417 ὁ
3383 2364 3508 2425 νοῦς
3531 2360 3664 2433 ἡμῶν

2029 2464 2277 2535 ἄκαρπος
2296 2459 2353 2536 ᾗ,
2376 2462 2451 2523 ὡς
2472 2461 2797 2531 γέγραπται
2822 2460 2968 2529 περὶ
2991 2458 3101 2512 τοῦ
3120 2457 3360 2527 γλώσσῃ
3387 2454 3662 2514 λαλοῦντος,

2036 2554 2180 2606 ι”Οτι
2199 2552 2258 2604 τὺ
2274 2550 2495 2620 πνεῦμὰ
2530 2567 2633 2619 μου
2663 2549 2780 2618 (47)
2816 2548 3254 2619 προσεύχεται,
3282 2549 3313 2599 ὁ
3339 2546 3398 2598 δὲ
3439 2544 3556 2606 νοῦς
3579 2560 3663 2613 μου

2031 2640 2277 2711 ἄκαρπός
2300 2640 2439 2695 ὲστι.
2461 2656 2480 2688 ι
2502 2637 2635 2688 Νόει
2661 2632 2759 2688 οὖν
2788 2652 2886 2705 μοι
2920 2636 3019 2688 ὅτι
3049 2634 3198 2686 ποτὲ
3235 2632 3335 2686 τοῦ
3360 2634 3419 2685 ὲν
3440 2631 3565 2700 ἡμῖν
3585 2627 3660 2681 νοῦ

2033 2732 2279 2800 ἀκάρπου
2296 2730 2468 2790 ὄντος,
2494 2728 2548 2778 αἱ
2589 2725 2866 2794 δυνάμεις
2904 2726 2970 2777 αἱ
3024 2741 3165 2777 συνε
3177 2721 3415 2794 ργοῦσαι
3447 2722 3511 2789 τῇ
3541 2717 3663 2787 ψυχῇ

2033 2820 2128 2874 καὶ
2155 2819 2232 2888 τῷ
2259 2819 2355 2888 νῷ,
2380 2819 2475 2870 καὶ
2503 2817 2673 2868 πᾶσιν
2697 2818 2862 2885 ἡμῖν,
2898 2814 3234 2885 τρέφονται
3264 2811 3461 2879 λογικῇ
3487 2810 3548 2878 τῇ
3573 2804 3665 2860 ara

2033 2909 2141 2963 τῶν
2165 2908 2324 2978 ἱερῶν
2347 2908 2697 2976 γραμμάτων
2719 2906 2821 2958 καὶ
2850 2906 2975 2957 τῶν
2999 2904 3314 2974 ὀνομάτων
3339 2900 3536 2953 τούτων
3559 2910 3656 2965 τρο-

2038 3001 2132 3068 φῇ,
2151 2997 2244 3051 καὶ
2262 2995 2596 3067 τρεφόμεναι
2616 2995 2870 3063 γίνονται
2889 2993 3307 3064 δυνατώτεραι
3329 2990 3463 3062 πρὸς
3482 2988 3538 3041 τὸ
3554 2987 3665 3058 ἡμῖν

2043 3091 2322 3158 συνεργεῖν
2338 3104 2351 3118 ’
2369 3087 2564 3156 ὥσπερ
2579 3085 2637 3138 δὲ
2660 3087 2719 3138 αἱ
2747 3084 3065 3155 κρείττους
3089 3085 3369 3153 δυνάμεις
3389 3078 3543 3133 οἱονεὶ
3555 3092 3666 3129 κατ-

2041 3177 2324 3247 επᾴδονται
2354 3178 2447 3228 καὶ
2479 3174 2854 3243 ὠφελοῦνται,
2895 3174 3004 3226 καὶ
3032 3175 3298 3242 γίνονται
3328 3167 3662 3238 δυνατώτεραι

2043 3266 2149 3319 ἀπὸ
2185 3266 2293 3318 τῶν
2327 3264 2435 3334 (48)
2478 3263 2742 3316 τοιούτων
2787 3256 3179 3334 γραμμάτων
3236 3264 3339 3316 καὶ
3385 3260 3656 3329 ὀνομάτων,

2042 3356 2212 3418 οὕτως
2239 3356 2294 3408 αἱ
2323 3354 2705 3424 ἀντικείμεναι
2746 3354 2865 3405 τῶν
2911 3357 2977 3407 ὲν
3022 3357 3176 3425 ἡμῖν
3207 3355 3495 3423 δυνάμεων
3522 3346 3659 3402 οἱονεὶ

2043 3448 2396 3502 καθέλκονται
2423 3446 2516 3499 καὶ
2547 3444 2815 3498 νικῶνται
2841 3444 2962 3497 ἀπὸ
2982 3445 3111 3497 τῶν
3142 3444 3245 3498 τοῦ
3278 3442 3418 3497 Θεοῦ
3444 3436 3656 3508 ὲπῳδιῖιν,

2044 3540 2141 3593 καὶ⁸
2187 3536 2486 3607 νικώμεναι
2537 3534 2919 3603 κοιμίζονται.
2977 3534 3109 3588 Καὶ
3165 3534 3359 3588 εἴποτέ
3402 3549 3485 3595 τις
3527 3525 3658 3599 ἡμῶν

2046 3629 2286 3698 ἑώρακεν
2322 3626 2432 3697 (49)
2478 3626 2589 3678 ἀπὸ
2630 3623 2866 3694 ἐπῳδῶν
2918 3624 3151 3678 ἀσπίδα
3197 3614 3657 3694 κοιμιζομένην,ἢ

2046 3714 2173 3768 ἄλλο
2202 3730 2255 3764 τι
2287 3710 2492 3764 τούτων
2525 3710 2636 3763 τῶν
2670 3709 2928 3774 ἰοϐόλων,
2960 3713 3174 3765 ἐκεῖνο
3205 3712 3556 3782 παράδειγμα
3578 3706 3659 3759 λα-

2047 3800 2187 3853 ϐέτω
2221 3801 2299 3861 εἰς
2329 3798 2427 3867 τὴν
2466 3797 2718 3867 Γραφὴν,
2753 3793 2828 3867 ἧς
2863 3798 3432 3869 ἀναγινωσκομένης
3473 3795 3560 3849 καὶ
3599 3793 3655 3862 μὴ

2050 3887 2363 3958 νοουμένης,
2380 3887 2552 3938 ἐνίοτε
2581 3885 2786 3955 ἀκηδιᾷ
2808 3885 2912 3938 καὶ
2935 3887 3193 3940 ἑκκακεῖ
3217 3889 3249 3939 ὁ
3273 3884 3562 3957 ἀκροατὴς,
3583 3879 3661 3933 καὶ

2050 3976 2352 4029 πιστευέτω
2382 3975 2465 4028 ὅτι
2496 3975 2555 4027 αἱ
2588 3978 2645 4026 ὲν
2684 3973 2843 4044 αὐτῷ
2888 3976 3165 4040 ἀσπίδες,
3204 3977 3305 4031 καὶ
3342 3978 3398 4029 αἱ
3442 3977 3497 4027 ὲν
3538 3966 3661 4038 αὐτῷ

2049 4066 2253 4136 ἔχιδναι
2332 4063 2664 4134 ὰτονὼτεραι
2714 4064 2977 4131 γίνονται
3042 4068 3165 4121 ἀπὸ
3222 4067 3339 4120 τῶν
3381 4062 3658 4134 φαρμάκων

2048 4154 2158 4207 τῶν
2192 4153 2684 4224 φαρμακευόντων,
2723 4147 2844 4205 οἷον
2879 4154 3050 4226 παρὰ
3097 4155 3279 4223 σοφοῦ
3314 4154 3503 4222 Mcos-7},
3531 4146 3659 4217 παρὰ

2053 4242 2216 4309 σοφοῦ
2273 4242 2470 4311 Ἰησοῦ,
2520 4241 2673 4311 παρὰ
2726 4243 2921 4312 σοφῶν
2972 4244 3096 4298 τῶν
3144 4245 3329 4314 ἁγίων
3371 4238 3659 4314 προφητῶν.

414 4328 720 4419 telligimus,
757 4349 848 4405 sed
879 4349 969 4403 iiat
995 4348 1149 4402 nobis
1177 4346 1467 4400 secundum
1495 4344 1650 4399 tidem
1680 4353 1916 4397 nostram

2165 4332 2492 4402 ὲκκακῶμεν
2518 4328 2611 4386 οὖν
2634 4333 2946 4398 ἀκούοντες
2961 4336 3242 4408 Γραφῶν,
3260 4335 3330 4399 ἃς
3354 4335 3414 4387 οὐ
3438 4330 3656 4400 νοοῦμεν,

413 4415 619 4513 qua—et
658 4441 920 4494 credimus
952 4438 1076 4505 quia
1128 4455 1147 4488 ι
1175 4436 1349 4490 omnis
1374 4435 1647 4502 Scriptura
1693 4433 1915 4487 divinitu

2157 4420 2190 4473 ὰ
2224 4422 2507 4513 γενηθήτω
2540 4422 2673 4491 ἡμῖν
2704 4421 2858 4476 κατὰ
2891 4423 2999 4490 τὴν
3042 4426 3243 4477 πίστιν
3278 4422 3459 4495 ἡμῶν,
3496 4421 3556 4491 ἣν
3584 4415 3660 4468 καὶ

415 4535 671 4604 inspirata
695 4531 838 4585 utilis
858 4541 940 4584 est
955 4528 1054 4579 τ’.)
1077 4528 1312 4581 Alterum
1326 4527 1464 4581 enim
1492 4541 1521 4580 e
1540 4527 1744 4580 duobus
1761 4525 1949 4579 admit-

417 4634 530 4676 tere
567 4632 617 4675 te
650 4626 862 4687 oportet
890 4618 943 4671 in
986 4617 1050 4669 iis
1081 4616 1393 4682 Scripturis,
1419 4614 1498 4667 vel
1524 4629 1629 4668 non
1659 4628 1778 4668 esse
1805 4615 1945 4668 divi-

418 4712 561 4764 nitus
585 4712 754 4771 datas,
784 4706 1041 4773 siquidem
1068 4704 1222 4757 utiles
1253 4718 1358 4755 non
1386 4711 1526 4765 sunt,
1555 4712 1613 4756 ut
1646 4704 1947 4771 suspicetur

417 4800 612 4869 aliquis
646 4796 877 4852 inﬁdelis
905 4814 917 4849 :
947 4793 1031 4846 vel
1063 4801 1121 4846 ut
1159 4792 1327 4845 ﬁdelis
1363 4791 1606 4853 admitte,
1637 4792 1759 4858 quia
1794 4792 1950 4846 utiles

418 4901 562 4957 sunt,
594 4888 849 4944 divinitus
870 4898 988 4939 esse
1007 4884 1175 4936 datas.
1191 4879 1476 4934 Sciendum
1501 4889 1583 4931 est
1608 4880 1773 4947 igitur
1794 4881 1951 4936 nobis

420 4997 519 5038 nec
542 4980 895 5036 sentientibus
936 4987 1170 5046 persaape
1195 4970 1488 5044 .utilitatem
1527 4970 1724 5034 venire,
1762 4985 1952 5037 quem.

419 5071 703 5126 admodum
755 5081 896 5136 saepe
942 5066 1119 5120 cibum
1166 5060 1394 5128 aliquem
1439 5070 1650 5110 sumere
1701 5058 1952 5126 jnbemur

419 5163 673 5220 acuendis
706 5159 894 5223 oculis,
925 5155 1148 5211 necdum
1187 5162 1361 5204 tamen
1400 5148 1453 5200 in
1486 5160 1550 5200 eo
1596 5150 1852 5202 sumendo
1878 5149 1954 5203 le-

2054 4512 2402 4582 πιστεύομεν,
2459 4514 2542 4566 ὅτι
2605 4515 2805 4566 «πᾶσα
2840 4516 3050 4587 Γραφὴ
3097 4516 3473 4577 θεόπνευστος
3523 4505 3655 4568 οὖσαν

2053 4600 2327 4670 ὠφέλιμός
2354 4601 2491 4653 ἐστι’
2521 4619 2539 4652 ι
2592 4601 2654 4653 τὸ
2692 4601 2809 4674 γὰρ
2846 4603 2908 4657 ἓν
2939 4604 3055 4657 τῶν
3087 4606 3191 4659 δύο
3224 4606 3313 4658 δεῖ
3342 4622 3401 4657 σε
3447 4598 3659 4671 παραδέο

2057 4686 2249 4751 ξασθαι
2282 4689 2375 4741 ἐπὶ
2405 4689 2611 4743 τούτων
2647 4690 2760 4743 τῶν
2792 4693 3065 4764 Γραφῶν,
3101 4696 3136 4765 ἢ
3186 4696 3273 4748 ὅτι
3301 4696 3402 4748 οὐκ
3429 4694 3530 4746 εἶσὶ
3562 4687 3660 4742 Θεό-

2057 4791 2333 4839 πνευστοι,
2378 4777 2501 4829 ἐπεὶ
2528 4778 2630 4830 οὐκ
2662 4780 2807 4833 εἰσὶν
2855 4783 3158 4855 ὠφέλιμοι,
3189 4784 3271 4847 ὡς
3317 4779 3658 4851 ὑπολαμϐάνοι

2058 4861 2125 4915 ἂν
2154 4863 2183 4914 ὁ
2217 4862 2468 4929 ἄπιστος,
2512 4866 2547 4936 ἢ
2600 4866 2679 4930 ὡς
2718 4870 2920 4933 πιστὸς
2955 4872 3402 4944 παραδέξασθαι,
3439 4872 3517 4921 ὅτι
3553 4863 3657 4919 ἔπει

2057 4953 2196 5004 εἰσιν
2255 4951 2547 5025 ὠφέλιμοι,
2583 4954 2949 5014 θεόπνευστοί
3011 4964 3170 5015 εἰσιν
3210 4962 3390 5014 ἰστέον
3435 4961 3654 5029 μέντοιγε

2058 5050 2141 5103 δτι
2171 5055 2269 5107 καὶ
2293 5055 2716 5126 ἀνεπαισθὴτως
2750 5062 2919 5131 ἡμῶν
2947 5063 3212 5125 πολλάκις
3239 5061 3503 5129 γίνεταιή
3533 5053 3657 5123 tinﬁ-

2058 5150 2205 5216 λεια,
2240 5149 2353 5209 οἷον
2374 5155 2637 5221 πολλάκις
2652 5162 2870 5232 τροφήν
2892 5179 3018 5217 τινα
3032 5159 3436 5230 διατασσόμεθα
3455 5155 3651 5211 ἐσθίειν,

526 5301 574 5333 ⁷⁸
611 5300 752 5354 Psal.
785 5314 881 5360 cn,
912 5299 962 5351 l.
1038 5295 1081 5328 ⁷³
1125 5290 1295 5346 lCor.
1329 5303 1436 5350 xw,
1473 5287 1553 5339 M.
1630 5289 1672 5318 τ’
1696 5286 1733 5339 II
1788 5287 1925 5342 Tim.
1977 5305 2057 5356 ιιι,
2089 5292 2180 5346 l6.

497 5444 605 5511 (47)
647 5443 927 5496 Pltilocalia
960 5457 1082 5503 nts.,
1109 5437 1169 5511 τὸ
1198 5431 1412 5511 πνεῦμά
1435 5428 1746 5511 ’μου-μιτίωξ.
1774 5431 1902 5511 editi
1938 5449 1951 5483 :

498 5497 610 5575 (‘48)
635 5511 889 5563 Pliilocal.
920 5528 1017 5565 ms.
1050 5497 1486 5575 άπὸγτῶγείμιιιι).
1515 5497 1641 5549 editi
1837 5498 1965 5575 τῷν.

1991 5434 2025 5503 ἢ
2054 5433 2288 5501 γλῶσσά
2321 5462 2444 5515 μου.

503 5563 607 5641 ζῶθδ
657 5580 726 5629 Ei’
758 5578 898 5629 ποτέ
938 5563 1024 5645 τιξ
1059 5574 1226 5646 ἡμῶν
1255 5567 1526 5634 ἑώρακεν,
1558 5574 1661 5618 etc.
1699 5563 1824 5619 Vide
1854 5566 2006 5622 Plinii

1782 5568 1824 5619 lc
1854 5566 2088 5624 Plinium
2115 5572 2218 5631 lib.
2254 5595 2377 5650 vm,
2411 5599 2534 5656 cap.
2562 5587 2652 5654 10,
2676 5598 2732 5645 ct
2767 5589 2864 5645 lib.
2898 5601 3084 5652 xxvm,
3110 5596 3218 5651 caP-
3248 5579 3285 5632 9
