3806 6204
148 279 316 370 fit
1280 305 1347 358 IN
1382 303 1635 360 LIBRUM
1672 305 1828 363 JESU
1869 304 2054 361 NAVE
2094 302 2368 359 llOMlLlA
2411 306 2522 361 xx.
3355 305 3459 361 929-

165 393 590 490 éﬁo6aputghv,
637 401 738 453 καὶ
777 408 1048 480 οὒδήπου
1104 419 1163 471 ὲν
1207 421 1285 490 τῷ
1338 422 1532 475 ἐσθίειν
1580 422 1810 475 αἰσθανά

1926 424 2034 476 vari
2061 422 2271 477 oculum
2300 423 2587 486 sentimus;
2623 423 2713 476 sed
2735 425 2963 478 secunda
2989 421 3072 478 vel
3101 420 3257 477 tertia
3289 419 3458 475 inter-

185 529 202 580 ι
231 487 591 581 λιθαῷογδτι
619 490 1006 567 ὠφελούμεθα
1035 508 1128 560 τὸν
1157 487 1446 580 ὀφθαλμὸν,
1469 513 1579 564 ἀλλ’
1605 512 1810 581 ἡμέρας

1918 512 2053 579 jeeta
2090 513 2175 566 die
2208 513 2509 566 distributio
2536 513 2636 565 cibi
2671 513 2758 580 qui
2793 514 3002 566 oculum
3024 513 3198 580 juvat,
3231 513 3363 566 facit
3398 521 3456 566 ut

199 579 609 652 ῦιαγενομένης
653 583 928 656 δευτέρας
967 597 1072 648 καὶ
1115 579 1394 670 τρίτης,γή
1442 579 1681 664 avaram;
1717 579 1810 670 rei];

1921 604 2122 670 experti
2150 603 2448 667 credamus,
2480 603 2634 658 oculo
2667 619 2762 656 nos
2792 619 2910 658 esse
2943 605 3140 659 levatos
3169 622 3181 658 :
3207 607 3297 658 sed
3325 612 3379 656 et
3403 603 3456 656 in

223 672 438 742 τροφῆς
467 673 561 742 τῆς
594 673 921 749 ὠφελούσης
965 686 1067 740 τὸν
1100 689 1370 759 ὀφθαλμὸν
1410 695 1549 744 ποιεῖ
1580 694 1724 760 ἡμᾶς
1756 693 1810 760 τῇ

1923 692 2139 759 reliquis
2174 693 2326 757 cibis,
2363 693 2685 759 quibusdam
2736 695 2975 760 partibus
3019 696 3262 761 corporis
3309 694 3457 747 utili-

243 762 410 834 πείρα
435 763 716 818 πιστεῦσαι
740 768 824 821 ὅτι
850 772 947 825 τὸν
969 775 1250 848 ὀφθαλμὸν
1267 781 1634 850 ὠφελούμεθα.
1666 781 1810 832 Ἀλλὰ

1921 780 2042 846 bus,
2081 783 2132 834 id
2167 782 2360 834 intueri
2393 782 2534 836 licet.
2579 784 2668 836 Sic
2713 784 2873 851 igitur
2897 791 2950 836 et
2986 783 3052 836 de
3100 783 3277 836 divina
3314 785 3459 837 Scri-

243 855 350 910 καὶ
372 856 451 908 ἐπ’
477 855 644 908 ἄλλων
670 859 895 930 τροφῶν
927 864 1256 932 ὠφελουσῶν
1283 887 1400 921 τινα
1435 870 1566 939 μέλη
1593 869 1684 922 τοῦ
1720 867 1810 920 σώ-

1925 881 2077 938 ptura
2115 881 2315 924 certum
2355 873 2514 934 habe,
2546 873 2718 938 juvari
2748 873 3008 938 animum,
3041 874 3141 926 etsi
3169 888 3318 926 mens
3346 873 3461 924 fru—

250 965 426 1020 ειατος
458 947 570 1002 ἐστι
600 949 756 1003 τοῦτο
788 951 941 1006 ἰδεῖν·
972 957 1119 1010 οὕτω
1140 960 1317 1011 τοίνυν
1344 959 1558 1011 πίστευε
1581 960 1674 1011 καὶ
1696 958 1810 1027 περ)

1927 968 2068 1010 etum
2103 973 2206 1012 non
2231 961 2489 1028 percipiat
2519 961 2654 1028 ejus,
2683 976 2799 1029 qua:
2829 977 2858 1014 a
2892 962 3086 1016 litteris
3114 977 3144 1016 e
3178 965 3316 1015 nuda
3348 962 3459 1016 sola

243 1044 361 1111 τῆς
384 1041 526 1102 Θείας
558 1042 799 1113 Γραφῆς,
844 1047 930 1098 ὅτι
981 1049 1266 1117 ὠφελεῖταί
1322 1067 1412 1101 σου
1453 1053 1485 1118 ἡ
1519 1049 1682 1118 ψυχὴ,
1724 1047 1810 1100 κᾶη

1927 1044 2156 1101 lectione
2204 1048 2434 1116 proﬂuit,
2469 1051 2757 1103 utilitatis:
2785 1051 3131 1104 ineantantnr
3165 1051 3308 1104 enim
3343 1065 3462 1117 quae.

249 1133 340 1203 μὴ
381 1133 408 1184 ὁ
451 1131 574 1194 νοῦς
617 1133 710 1184 τὸν
765 1138 981 1205 καρπὸν
1023 1139 1269 1210 λαμϐάνῃ
1317 1140 1414 1207 τῆς
1443 1139 1699 1206 ὠφελείας
1730 1138 1810 1206 τῆς

1930 1137 1981 1190 in
2018 1137 2170 1191 nobis
2215 1151 2355 1201 sunt,
2389 1140 2600 1193 aluntur
2630 1141 2870 1206 meliora,
2903 1141 3081 1208 pejora
3114 1139 3262 1192 irrita
3299 1140 3448 1190 fiunt.

247 1223 368 1276 ἀπὸ
409 1223 514 1276 τῶν
551 1226 924 1293 γραμμάτων,
965 1231 1029 1282 ὲκ
1071 1231 1241 1300 μόνης
1281 1229 1439 1298 ψιλῆς
1478 1230 1573 1298 τῆς
1605 1225 1976 1294 ἀναγνώσεως.
2027 1228 2106 1281 Τὰ
2150 1228 2256 1298 γὰρ
2315 1232 2372 1284 ὲν
2414 1232 2542 1300 ἡμῖν
2575 1231 2849 1301 ἐπᾴδεται,
2883 1231 2976 1283 καὶ
3028 1229 3097 1282 τὰ
3144 1229 3239 1298 μὲν
3277 1227 3460 1298 κρείτ-

246 1332 392 1374 τονα
413 1322 689 1392 τρέφεται,
713 1322 785 1376 τὰ
812 1322 870 1376 δὲ
893 1323 1108 1393 χείρονα
1140 1325 1504 1392 καταργεῖται.

693 1604 925 1659 EADEM
969 1605 1244 1660 HOMILIA
1281 1605 1397 1660 XX.
1845 1615 1888 1668 Β
1917 1616 2184 1676 stuporem
2245 1606 2528 1676 quemdam
2587 1621 2776 1662 sensus
2826 1605 3086 1677 inﬂigere,
3138 1605 3224 1660 ubi
3279 1616 3455 1660 tamen

752 1711 1090 1752 INTERPBETE
1129 1714 1336 1754 RUFINO.

242 1787 326 1842 De
382 1785 697 1858 diﬁicultale
750 1787 1206 1858 intelligentiae!
1232 1789 1340 1858 Ade?
1369 1787 1524 1858 Calepb
1565 1790 1818 1858 quomodo

495 1855 702 1922 accepit
742 1854 998 1917 Chebron,
1037 1868 1083 1908 et
1119 1857 1182 1908 de
1207 1856 1419 1923 ﬁliabus
1450 1854 1583 1923 ejus.

320 1967 384 2020 ‘l.
419 1967 478 2021 Si
524 1967 730 2035 quibus
766 1967 1018 2034 possibile
1049 1976 1129 2021 est
1170 1969 1461 2023 ascendere
1511 1969 1576 2023 ad
1621 1977 1816 2023 terram

153 2109 158 2116 _
237 2068 526 2120 sanctam,
560 2067 617 2111 et
663 2057 859 2110 bonam
897 2067 1094 2110 terram
1122 2057 1430 2123 viventium,
1458 2059 1510 2111 in
1541 2074 1642 2126 qua
1677 2073 1819 2112 mors

236 2161 359 2198 non
393 2154 496 2212 est,
517 2146 563 2198 si
593 2147 720 2214 quis
748 2160 841 2212 per
864 2146 1109 2213 spiritum
1138 2147 1332 2200 meruit
1361 2147 1426 2200 ad
1457 2147 1570 2200 inec
1592 2147 1818 2200 videnda

235 2233 651 2295 conscendere,
717 2234 808 2286 ille
867 2243 1042 2302 potest
1096 2234 1273 2287 verius
1319 2248 1474 2288 nosse
1538 2234 1818 2287 heredita-

238 2329 366 2374 tum
395 2320 537 2389 (51),
573 2329 633 2374 et
668 2319 908 2375 locorum
947 2328 1000 2373 et
1034 2321 1448 2389 appellationum
1487 2337 1607 2390 quae
1652 2323 1702 2374 in
1735 2322 1819 2378 his

238 2413 387 2467 locis
415 2414 647 2478 scripta:
676 2421 826 2476 sunt,
856 2410 1207 2466 differentias.
1238 2413 1432 2465 Verum
1460 2413 1584 2480 quia
1607 2411 1819 2466 diﬂicile

237 2514 333 2556 est
373 2503 445 2554 ita
479 2501 784 2564 eruditam,
817 2501 899 2552 vel
939 2502 1105 2568 gratia
1137 2501 1357 2569 spiritus
1389 2501 1641 2569 repletam
1671 2503 1819 2556 inve-

238 2595 366 2646 nire
397 2593 677 2652 animam,
710 2591 1027 2643 conabimur
1055 2603 1150 2643 nos
1173 2590 1556 2644 consolationis
1580 2607 1818 2645 comnm-

239 2681 329 2733 nis
356 2693 554 2737 causa,
579 2693 650 2730 ne
675 2676 818 2732 forte
838 2679 994 2731 taedio
1013 2677 1272 2731 efﬁciatur
1293 2678 1621 2733 auditoribus
1639 2696 1816 2737 sermo

240 2770 466 2822 divinus
498 2777 560 2821 et
608 2768 793 2830 lectio,
843 2769 888 2822 si
939 2768 1071 2821 nihil
1113 2769 1504 2836 explanationis
1553 2772 1812 2839 accipiat,

240 2863 541 2916 orantibus
593 2861 772 2923 vobis,
826 2871 880 2914 et
934 2860 1155 2916 Domino
1187 2863 1415 2916 donante
1451 2865 1563 2917 haec
1601 2866 1814 2917 interim

1917 1696 2114 1750 Christi
2163 1711 2265 1750 non
2320 1698 2574 1751 restiterit
2609 1698 2738 1752 lides
2768 1713 2782 1751 :
2813 1709 3014 1766 quanto
3073 1697 3240 1762 magis
3293 1697 3458 1750 totius

1917 1786 2372 1854 prmcanlationis,
2402 1795 2456 1839 et
2493 1789 2753 1840 carminis
2784 1788 3094 1840 validiorem
3120 1796 3171 1839 et
3197 1785 3458 1854 potentio-

1919 1891 2029 1928 rem
2076 1876 2370 1929 ducendam
2417 1877 2685 1931 credimus
2719 1892 3092 1946 quamcunque
3125 1876 3267 1929 illam
3310 1875 3454 1929 Scri-

1919 1976 2082 2032 ptura:
2098 1975 2313 2029 sanctae,
2334 1964 2411 2016 vel
2430 1979 2756 2026 sermonum,
2775 1968 2853 2019 vel
2868 1964 3259 2033 nominum(56)
3278 1965 3456 2034 appel-

1917 2053 2195 2106 lationem?
2225 2054 2373 2106 Sicnt
2397 2055 2538 2106 enim
2582 2053 2720 2119 apud
2760 2053 2996 2105 infideles
3032 2054 3315 2106 contrariis
3351 2053 3456 2104 vir-

1920 2149 2055 2194 tutes
2075 2141 2348 2194 audientes
2369 2141 2453 2192 illa
2469 2140 2548 2192 vel
2562 2140 2647 2192 illa
2675 2141 2882 2192 nomina
2899 2141 3009 2208 (57)
3031 2140 3081 2191 in
3106 2140 3452 2200 carminibus,

1917 2229 1999 2284 vel
2029 2231 2560 2298 praecantationilms,
2604 2231 2800 2283 adsunt
2835 2241 2888 2283 et
2933 2233 3190 2284 exhibent
3233 2230 3456 2282 famulao

1918 2326 2046 2384 tum,
2077 2329 2129 2371 et
2159 2320 2284 2372 dant
2316 2334 2530 2386 operam
2570 2321 2621 2372 in
2656 2321 2776 2381 hoc,
2824 2320 2888 2372 ad
2936 2321 3077 2388 quod
3134 2319 3366 2372 invocari
3396 2332 3454 2372 se

1917 2422 1982 2461 ex
2019 2409 2106 2461 illo
2133 2408 2214 2461 vel
2238 2423 2301 2461 ex
2334 2408 2419 2461 illo
2449 2408 2661 2461 nomine
2685 2412 2973 2470 senserint,
3015 2407 3170 2462 cilicii
3204 2409 3287 2461 sui
3339 2422 3452 2459 rem

1916 2499 2305 2567 quodammodo
2342 2514 2408 2552 ac
2440 2498 2720 2552 ministerii
2761 2499 2842 2551 cui
2890 2500 3208 2566 semetipsos
3255 2499 3456 2551 manci-

1915 2590 2157 2658 paverint
2207 2590 2602 2657 dependentes:
2636 2603 2698 2642 eo
2747 2589 2912 2656 magis
2971 2590 3154 2657 utique
3205 2589 3451 2643 cmlestes

1915 2680 2140 2732 virtutes
2165 2689 2219 2731 et
2250 2677 2418 2745 angeli
2461 2679 2574 2740 Dei,
2614 2678 2702 2745 qui
2738 2677 3011 2729 nobiscum
3044 2687 3187 2742 sunt,
3229 2678 3368 2731 sicut
3399 2685 3456 2732 et

1915 2769 2169 2822 Dominus
2202 2768 2266 2821 de
2319 2767 2550 2836 parvulis
2587 2767 2840 2820 Ecclesiae
2885 2768 3094 2831 dicit",
3125 2769 3246 2836 quia
3281 2767 3455 2834 angeli

1918 2873 2100 2914 eorum
2135 2871 2344 2924 semper
2383 2859 2639 2911 assistunt
2688 2859 2738 2910 in
2781 2867 3070 2925 conspectu
3107 2859 3338 2921 Domini,
3372 2859 3455 2910 vi-

241 2950 306 3003 de
338 2949 740 3018 hujuscemodi
772 2950 1093 3003 lectionibus
1123 2951 1502 3021 perstringere,
1535 2969 1652 3021 quae
1684 2955 1814 3008 :edi-
1844 2921 1887 2980 δ
1917 2950 2102 3004 dentes
2138 2947 2328 3001 faciem
2362 2947 2494 3016 ejus,
2528 2947 2762 3000 libenter
2804 2957 2856 2999 et
2900 2956 3049 3015 grate
3085 2949 3372 3014 accipiunt,
3409 2948 3453 3000 si

238 3037 404 3094 Icare
442 3040 678 3109 possint
711 3040 924 3092 animas
952 3048 1179 3093 nostras.
1215 3040 1270 3094 Si
1321 3057 1423 3108 qua
1453 3052 1629 3097 autem
1667 3055 1813 3110 sunt,

225 3145 350 3196 quae
378 3133 470 3186 vel
505 3146 622 3184 nos
665 3132 732 3183 ad
769 3145 1006 3198 praesens
1034 3132 1236 3184 sentire
1266 3147 1367 3185 non
1399 3148 1701 3200 possumus,
1732 3137 1814 3190 vel

211 3234 313 3276 vos
349 3223 631 3277 nondum
672 3221 896 3287 potestis
921 3221 1125 3286 audire,
1152 3235 1214 3273 ex
1251 3222 1330 3274 his
1366 3232 1538 3277 tamen
1568 3240 1684 3292 qua:
1710 3227 1816 3281 dis-

198 3315 467 3367 serimus
520 3310 897 3364 corrcctiores
945 3318 1104 3376 atque
1153 3311 1544 3368 emendatiores
1592 3317 1810 3380 redditi,

189 3397 381 3453 etiam
419 3401 529 3453 illa
563 3415 690 3467 qua:
721 3413 862 3452 nunc
890 3412 1082 3465 capere
1110 3412 1211 3449 non
1240 3413 1540 3464 possumus,
1568 3404 1814 3459 meliores

181 3489 400 3545 effecti
456 3491 975 3558 comprehensuros
1022 3503 1116 3543 nos
1158 3506 1379 3560 sperare
1427 3493 1702 3548 debemus.
1749 3495 1815 3548 Et

174 3583 449 3655 quidem
485 3579 772 3648 Optimum
801 3579 903 3631 erit
931 3582 1040 3632 base
1069 3581 1300 3648 assequi,
1331 3582 1452 3633 dum
1486 3583 1536 3634 in
1573 3582 1673 3638 hac
1706 3585 1812 3638 vita

185 3688 443 3735 sumus,
480 3671 584 3722 ubi
620 3669 822 3721 laboris
845 3669 1121 3735 prazmium
1140 3669 1340 3736 justum
1365 3680 1448 3724 est
1473 3689 1486 3724 :
1508 3673 1589 3726 sin
1617 3675 1811 3738 minus,

213 3772 356 3828 post
387 3761 624 3814 obitum
661 3755 894 3810 fortasse
927 3757 1264 3812 innotescent
1296 3761 1360 3814 iis
1392 3761 1483 3828 qui
1526 3764 1812 3816 merebun-

236 3861 342 3905 tur.
373 3853 793 3906 Verumtamen
821 3847 985 3900 etiam
1018 3847 1142 3900 illud
1181 3849 1461 3913 admoneo,
1497 3864 1599 3902 non
1627 3866 1809 3918 parum

233 3953 301 3992 ex
334 3940 435 3992 hoc
475 3938 612 4003 ipso
648 3935 898 3988 utilitatis
936 3935 1130 3988 animat
1175 3935 1431 3999 conferri,
1468 3939 1609 4005 quod
1655 3955 1812 3996 aures

233 4037 449 4080 nostras
476 4026 620 4078 licet
641 4021 1042 4093 Mobscura
1065 4025 1489 4096 videantur(52),
1513 4039 1810 4096 penetrant.

235 4115 293 4168 Si
340 4116 494 4169 enim
547 4113 822 4166 creditum
873 4119 955 4164 est
1001 4126 1031 4164 a
1073 4113 1341 4180 gentibus,
1386 4117 1523 4180 quod
1569 4119 1810 4185 qumdam

1915 3049 2127 3103 semper
2159 3035 2320 3088 verba
2371 3034 2679 3102 Scripturae,
2710 3040 2763 3086 et
2805 3034 2993 3086 hormn
3045 3035 3320 3087 nominum
3357 3051 3453 3104 ap-

1914 3136 2224 3201 pellationes
2252 3134 2392 3187 velut
2418 3133 2649 3185 carmina
2669 3132 2907 3198 quaedam
2932 3143 2985 3185 et
3008 3134 3454 3200 praecantationes

1913 3239 1978 3278 ex
2005 3234 2190 3278 nostro
2217 3238 2309 3277 ore
2332 3236 2658 3290 promaums.
2693 3223 2827 3286 Quia
2861 3221 2956 3274 etsi
2993 3237 3088 3274 nos
3122 3237 3222 3274 non
3258 3221 3452 3274 intelli-

1914 3314 2086 3381 gimus
2110 3325 2228 3378 qua:
2253 3310 2320 3362 de
2352 3323 2444 3362 ore
2491 3305 2828 3374 proferimus,
2864 3308 2964 3360 illa:
3016 3318 3192 3360 tamen
3234 3308 3456 3361 virtutes

1914 3415 2031 3468 qua:
2059 3400 2213 3452 nobis
2236 3399 2428 3451 adsunt
2448 3397 2769 3465 intelligunt,
2791 3406 2844 3450 et
2873 3398 3018 3450 velut
3049 3399 3287 3451 carmine
3319 3411 3454 3466 quo-

1912 3492 2032 3544 dam
2064 3490 2300 3542 invitalze
2333 3488 2520 3542 adesse
2551 3494 2721 3555 nobis,
2761 3498 2813 3542 et
2846 3488 2987 3542 ferre
3019 3488 3273 3540 auxilium
3307 3488 3453 3541 dele-

1913 3591 2143 3635 ctantur.
2197 3581 2331 3644 Quia
2375 3589 2548 3632 autem
2583 3589 2706 3632 sunt
2760 3594 2862 3632 non
2920 3577 3090 3631 solum
3151 3577 3297 3630 circa
3354 3590 3453 3628 nos

1913 3670 2092 3722 multa:
2123 3669 2315 3723 divinae
2349 3669 2596 3735 virtutes,
2626 3669 2717 3723 sed
2749 3667 2908 3722 etiam
2935 3667 3070 3718 intra
3103 3680 3218 3730 nos,
3250 3665 3453 3717 indicat

1911 3759 2173 3827 Propheta
2215 3773 2336 3812 cum
2381 3758 2509 3812 dicit
2556 3759 2610 3810 in
2650 3755 2932 3809 Psalmis"
2964 3773 2977 3807 :
3011 3753 3297 3817 «Benedic,
3329 3753 3451 3805 ani-

1911 3864 1996 3903 ma
2029 3863 2169 3914 mea,
2191 3847 2496 3909 Dominum,
2518 3853 2572 3900 et
2592 3846 2770 3899 omnia
2803 3843 3055 3898 interiora
3087 3856 3224 3906 mea,
3259 3855 3449 3894 nomen

1911 3948 2154 3995 sanctum
2184 3937 2318 4002 ejus.
2342 3954 2359 3986 ι
2399 3934 2508 3988 lloc
2539 3943 2623 3988 est
2656 3933 2835 3987 omnia
2876 3947 2993 4000 qua:
3022 3932 3158 3984 intra
3193 3945 3277 3984 me
3309 3939 3450 3984 sunt.

1910 4029 2128 4083 Constat
2154 4043 2281 4096 ergo
2310 4027 2509 4079 multas
2542 4041 2661 4079 esse
2691 4026 2918 4077 virtutes
2943 4025 3082 4076 intra
3112 4037 3231 4084 nos,
3259 4023 3452 4090 quibus

1909 4119 1993 4172 vel
2025 4118 2322 4170 animarum
2353 4126 2679 4180 nostrarum,
2722 4114 2804 4167 vel
2848 4129 3130 4181 corporum
3168 4128 3293 4167 cura
3327 4127 3451 4179 per-

232 4206 511 4268 carmina,
568 4216 713 4268 quas
763 4202 1212 4267 praecantationes
1265 4203 1563 4270 appellant,
1621 4207 1812 4274 quibus
1842 4224 1887 4278 ι)
1915 4208 2078 4261 missa
2104 4216 2209 4268 est,
2241 4219 2359 4273 qua?
2406 4205 2590 4272 utique
2641 4208 2684 4258 si
2730 4213 2927 4258 sancta:
2967 4214 3112 4268 sunt,
3147 4218 3268 4257 cum
3307 4201 3455 4255 Scri-

232 4294 377 4347 istud
411 4292 571 4348 artis
605 4299 714 4351 est,
760 4289 1180 4351 insusurrantes,
1228 4293 1664 4364 nominibus(55)
1688 4299 1808 4364 qui-

228 4382 464 4436 busdam
497 4377 849 4445 compellatis
888 4392 1007 4445 qua:
1041 4393 1108 4432 ne
1147 4379 1220 4431 illi
1269 4380 1482 4446 quidem
1527 4384 1617 4450 qui
1653 4387 1807 4441 invo-

231 4480 381 4533 cant,
413 4475 660 4527 norunt,
700 4479 766 4518 ex
810 4465 924 4518 solo
958 4465 1103 4518 vocis
1149 4479 1284 4518 sono
1325 4466 1410 4518 vel
1455 4469 1668 4535 sopiunt
1695 4486 1812 4525 ser-

230 4571 451 4629 pentes,
496 4557 592 4611 vel
637 4556 802 4609 etiam
835 4557 900 4609 de
944 4558 1191 4610 cavernis
1236 4559 1557 4625 protrahunt
1597 4563 1807 4616 abstru-

231 4653 310 4705 sis
337 4651 477 4720 (54).
516 4648 682 4714 δεῖρε
727 4655 903 4698 autem
932 4656 986 4700 et
1014 4647 1064 4700 in
1097 4649 1417 4713 corporibus
1453 4650 1699 4705 immanis
1727 4663 1809 4705 tu-

231 4757 440 4807 mores,
483 4737 576 4790 vel
621 4739 858 4789 fervores
872 4734 1003 4805 (55),
1027 4747 1117 4790 aut
1145 4739 1251 4791 alia
1287 4738 1646 4804 hujuscemodi
1679 4759 1809 4799 voce

229 4833 352 4887 sola
403 4828 725 4899 reprimere
766 4826 1036 4890 dicuntur,
1081 4827 1352 4880 interdum
1406 4832 1569 4883 etiam
1615 4834 1808 4890 animm

303 4943 354 4975 "
381 4943 590 4997 Matth.
649 4953 808 5003 xvtn,
858 4938 939 4992 10.
1011 4937 1060 4970 ⁷⁸
1080 4937 1222 4992 Psal.
1249 4953 1364 5002 cm,
1394 4941 1445 4993 1.

305 5040 426 5106 (50)
457 5036 620 5090 Libri
652 5044 808 5109 antea
847 5033 997 5097 editi,
1044 5034 1247 5109 ἐσθίειν
1291 5034 1403 5109 οὐκ-
1430 5039 1812 5109 αἰ-σθανόμεθα,

229 5103 334 5194 sed
366 5103 523 5161 recte
547 5120 579 5158 a
611 5103 893 5158 codicibus
927 5118 1054 5157 mss.
1084 5105 1243 5154 abest
1271 5104 1533 5166 particula
1565 5103 1812 5175 neg'ativa

227 5192 431 5310 “if-si)
474 5241 682 5296 Omnes
722 5253 852 5294 mss.
894 5239 1282 5294 hereditatum.
1323 5237 1466 5293 Libb.
1507 5243 1638 5295 editi
1669 5246 1814 5301 :Izw-

232 5316 709 5447 "‘{gé'ieii'tquug
739 5373 1068 5447 Ebroicensis
1092 5371 1299 5435 codex,
1336 5393 1353 5425 ε
1373 5376 1622 5430 videatur
1647 5378 1808 5438 lectio

232 5445 418 5499 divini
449 5445 988 5506 sermonis,illabitnr.
1011 5463 1030 5494 ›

311 5513 434 5580 (55)
464 5513 645 5582 Codex
673 5505 962 5580 sangerm.,
993 5505 1328 5582 numinibus.

314 5575 436 5650 (ει)
466 5580 687 5648 Sapiam
725 5575 982 5647 serpentes,
1012 5575 1088 5629 vel
1130 5575 1306 5628 etiam
1335 5579 1394 5632 de
1422 5584 1664 5638 cavernis
1689 5602 1807 5653 pro-

1917 4306 2088 4364 ptura:
2117 4295 2362 4363 leguntur
2402 4294 2511 4364 (58)
2544 4310 2572 4346 a
2607 4295 2781 4358 nobis,
2829 4293 3186 4356 delectantur,
3235 4301 3288 4345 et
3317 4292 3452 4345 vali-

1917 4387 2092 4441 diores
2131 4399 2256 4452 erga
2305 4385 2471 4438 nostri
2519 4384 2846 4451 diligentiam
2893 4385 3026 4436 ﬁunt
3065 4383 3110 4436 si
3154 4383 3346 4453 linguis
3375 4383 3454 4437 lo-

1915 4492 2162 4546 quamnr,
2215 4485 2269 4529 et
2320 4476 2535 4544 spiritus
2598 4484 2782 4529 noster
2831 4484 2972 4536 oret,
3032 4489 3222 4528 sensus
3275 4465 3460 4528 autem"

1915 4578 2099 4622 noster
2127 4569 2240 4622 sine
2271 4568 2444 4620 fructu
2475 4567 2544 4621 sit
2589 4561 2658 4614 ⁷⁸.
2708 4566 2848 4620 Dixit
2868 4566 3010 4620 enim
3034 4575 3088 4620 et
3118 4567 3215 4618 hoc
3237 4576 3453 4620 sanctus

1911 4655 2218 4724 Apostolus,
2250 4664 2304 4707 et
2331 4657 2524 4708 mirum
2568 4657 2966 4725 quodammodo
2996 4657 3303 4722 mysterium
3349 4655 3450 4706 htt-

1915 4748 2088 4800 manis
2121 4746 2338 4798 auribus
2360 4745 2800 4813 protulit.diceus
2830 4745 3116 4814 aliquando
3137 4745 3249 4798 ﬁeri
3274 4756 3450 4812 posse,

1913 4845 1973 4889 ut
1999 4835 2218 4904 spiritus
2247 4835 2336 4903 qui
2371 4835 2422 4888 in
2471 4834 2623 4889 nobis
2659 4842 2740 4890 est
2776 4845 2916 4900 oret,
2950 4846 3006 4890 et
3053 4851 3239 4890 sensus
3271 4842 3452 4888 noster

1523 4945 1568 4974 ⁷⁸
1589 4943 1605 4996 1
1630 4945 1751 5002 Cor.
1777 4966 1887 5017 xiv,
1911 4949 2000 5004 ﬂ.

1917 5045 2127 5097 trahunt
2147 5043 2419 5097 abstrusis.
2444 5043 2533 5097 Sic
2559 5052 2704 5097 recte
2731 5043 2888 5096 habet
2912 5055 3048 5092 unus
3070 5037 3407 5092 Ehroicensis
3429 5056 3446 5091 :

1916 5112 2038 5166 libri
2084 5126 2206 5165 vero
2253 5112 2380 5164 editi
2425 5131 2442 5162 ι
2463 5112 2740 5178 sopiantur
2767 5118 3060 5176 serpentes,
3087 5107 3166 5158 vel
3193 5106 3351 5157 etiam
3380 5105 3449 5159 de

1917 5179 2566 5248 cavernisprotrahantur
2600 5180 2852 5248 abstrusi.
2887 5195 2904 5248 ρ

1985 5248 2092 5318 (55)
2134 5237 2223 5318 Vel
2244 5249 2485 5318 fervores.
2510 5247 2667 5301 Deest
2696 5247 2748 5300 in
2781 5244 2930 5298 libris
2957 5249 3109 5294 antea
3141 5237 3317 5299 editis,
3349 5237 3447 5292 sed

1915 5315 2107 5385 legitur
2138 5317 2190 5385 in
2223 5315 2466 5385 omnibus
2496 5330 2622 5368 mss.

1985 5379 2096 5454 (56)
2122 5384 2299 5438 Codex
2324 5382 2625 5454 Sangerm.,
2654 5399 2674 5432 ι
2698 5379 2988 5433 numinum.
3011 5393 3029 5425 ι

1982 5449 2092 5512 (57)
2125 5453 2263 5504 Idem
2291 5468 2304 5502 :
2339 5469 2357 5500 ι
2379 5449 2613 5501 numina.
2636 5466 2656 5498 ›

1983 5507 2092 5589 (58)
2115 5519 2268 5571 Libb.
2298 5519 2424 5569 editi
2457 5535 2469 5569 :
2502 5533 2519 5564 α
2547 5517 2587 5566 si
2613 5521 2808 5569 sancta:
2835 5509 3116 5570 Scriptura:
3137 5507 3440 5575 leguntura

1914 5587 2040 5644 Mss.
2077 5587 2134 5642 ut
2164 5588 2214 5640 in
2251 5594 2432 5639 nostro
2463 5592 2625 5637 textu.
