3806 6270
152 340 259 397 925

1575 331 1892 393 ORIGENIS

3516 285 3647 346 92‘

157 461 277 517 sine
307 458 482 517 fructu
512 461 602 518 sit.
642 461 888 533 intelligo
915 474 1046 532 ergo
1072 475 1139 516 ex
1164 461 1289 526 hoc,
1331 459 1454 528 quia
1498 458 1559 514 ﬁt
1600 460 1698 513 ati-
1724 465 1773 520 Α
1800 466 1974 510 tamen
2006 449 2281 507 debemus
2315 444 2453 516 quia
2479 441 2647 498 utilis
2676 444 2804 533 est.
2844 430 3063 533 Salen
3076 433 3105 479 ι

162 555 382 622 quando
416 562 599 608 noster
626 554 843 622 quidem
877 567 1067 607 sensus
1095 552 1212 606 sine
1243 550 1417 605 fructu
1443 564 1458 602 :
1484 550 1704 618 spiritus

160 655 363 707 autem,
409 646 462 699 id
505 654 587 700 est
616 646 844 698 virtutes
888 643 1012 708 illae,
1048 657 1166 711 quae
1200 642 1392 696 animae
1424 652 1620 694 nosme
1652 639 1705 691 in

164 733 490 801 adiutorium
551 734 688 787 data:
735 743 884 796 sunt,
941 740 1237 801 pascuntur
1286 738 1341 782 et
1394 727 1708 782 reﬁciuntur

162 836 232 877 ex
261 823 448 877 auditu
474 822 770 891 Scriptum
796 832 1023 885 sanctae,
1051 821 1200 873 velut
1223 833 1289 872 ex
1315 816 1511 870 divinis
1540 827 1593 869 et
1622 832 1709 869 ra-

169 912 512 968 tionabilibus
558 912 714 967 cibis.
761 910 899 976 Quid
948 911 1068 963 dico
1096 909 1221 977 quia
1266 907 1458 960 divinae
1484 906 1709 959 virtutes

165 1012 455 1073 pascantur
487 1012 542 1057 et
582 1003 866 1071 epulentur
909 1001 962 1054 in
999 1001 1175 1064 nobis,
1216 998 1261 1052 si
1310 1012 1406 1051 nos
1438 997 1598 1050 verba
1631 996 1712 1049 di-

166 1092 306 1147 vina:
339 1091 633 1161 Scriptura:
670 1092 1013 1161 proferamus
1039 1103 1104 1143 ex
1147 1088 1275 1143 ore?
1304 1086 1424 1155 Ipse
1457 1084 1712 1139 Dominus

168 1191 353 1239 noster
377 1182 533 1237 Jesus
557 1181 803 1236 Christus
833 1180 878 1234 si
920 1194 1016 1234 nos
1061 1178 1301 1232 inveniat
1328 1177 1411 1230 his
1436 1185 1710 1240 vacantes,

169 1282 223 1328 ct
253 1272 619 1341 hujuscemodi
652 1272 845 1325 studiis
868 1280 923 1324 et
949 1270 1228 1325 exercitiis
1252 1283 1471 1337 operam
1500 1270 1711 1335 dantes,

170 1378 274 1418 non
315 1362 488 1417 solum
516 1360 661 1428 pasci
691 1368 743 1414 et
773 1360 917 1415 reﬁci
950 1362 1200 1429 dignatur
1241 1362 1294 1414 in
1325 1364 1499 1427 nobis,
1528 1375 1712 1415 verum

170 1452 334 1506 etiam
370 1450 414 1505 si
471 1450 571 1504 bas
622 1451 806 1519 epulas
839 1450 981 1519 apud
1031 1465 1128 1504 nos
1165 1450 1359 1505 viderit
1406 1462 1711 1522 apparatas,

170 1541 386 1596 Patrem
430 1554 613 1594 secum
665 1539 914 1608 dignatur
960 1540 1246 1594 adducere.
1292 1540 1395 1594 Sed
1441 1543 1553 1595 haec
1590 1543 1715 1610 quia

173 1630 305 1684 satis
332 1643 520 1698 magna
549 1638 604 1683 et
630 1643 789 1696 supra
823 1627 1091 1681 hominem
1122 1627 1393 1693 videntur,
1431 1643 1534 1681 non
1584 1629 1718 1684 meis

173 1722 289 1789 tibi,
320 1720 412 1775 sed
462 1720 632 1788 ipsius
687 1718 896 1772 Domini
941 1724 996 1770 et
1035 1716 1331 1772 Salvatoris
1378 1717 1718 1786 sermonibus

1804 548 1933 601 bere
1952 543 2228 598 interdum
2250 512 2439 593 cib-um
2458 536 2746 603 aliquem,
2767 521 3134 611 interdum
3164 512 3397 611 etiam
3420 515 3648 611 potum

1806 635 1953 696 dare,
1980 631 2131 686 verbi
2166 629 2350 700 gratia
2374 627 2447 681 ad
2472 618 2943 680 discutiendam
2972 607 3379 705 caliginem
3413 607 3611 705 visus
3624 613 3647 653 :

1803 694 1966 794 “5
2018 735 2119 776 nec
2167 694 2368 774 tamen
2413 717 2470 770 iu
2504 711 2743 769 edendo
2781 710 2930 779 ipso
2968 703 3204 794 cibo,
3250 694 3369 749 vel
3432 694 3655 794 ill-P0-

1809 780 1972 866 GH)
1994 809 2272 865 sentimus
2312 807 2445 875 quia
2488 802 2631 858 utile
2686 809 2811 862 est,
2860 805 2934 852 et
2999 788 3322 862 prodest
3375 780 3648 875 oculis:

1808 900 1904 955 sed
1941 915 2064 954 cum
2095 871 2387 952 transierit
2418 897 2542 949 dies
2588 905 2713 947 una
2746 899 2813 945 et
2842 886 3073 941 altera
3132 885 3212 935 et
3240 874 3455 932 tertia
3486 871 3652 943 (61),

1809 1005 1908 1046 suo
1934 992 1985 1044 in
2018 1000 2263 1058 tempore
2300 1002 2405 1057 per
2433 984 2700 1041 occultos
2724 980 3067 1051 quosdam
3116 970 3423 1031 ‘meatus
3455 970 3651 1026 relata

1811 1082 1878 1135 ad
1909 1081 2082 1135 visum
2114 1081 2223 1135 cibi
2266 1079 2415 1135 illius
2453 1088 2552 1132 aut
2580 1076 2779 1147 poculi
2812 1075 3074 1135 virtus,
3108 1066 3473 1140 paulatim
3509 1079 3658 1134 pur-

1812 1182 1902 1242 gat
1944 1181 2259 1241 aspectum,
2291 1182 2350 1226 et
2399 1179 2534 1225 tunc
2576 1169 2822 1223 demum
2881 1164 3184 1220 sentire
3258 1158 3650 1229 incipimus,

1814 1264 1941 1331 quia
1976 1264 2131 1316 cibus
2165 1262 2255 1316 ille
2291 1261 2378 1317 vel
2428 1270 2598 1330 potus
2646 1256 2884 1327 profuit
2951 1252 3244 1310 oculis.
3288 1250 3437 1306 Sed
3491 1259 3561 1304 et
3591 1250 3652 1304 in

1815 1351 1936 1405 aliis
1968 1351 2221 1406 similiter
2261 1351 2523 1420 corporis
2565 1349 2845 1418 partibus
2887 1346 3163 1401 eadem
3224 1341 3384 1398 ﬁeri
3413 1340 3651 1398 solent.

1815 1437 1931 1492 Hoc
1965 1453 2098 1508 ergo
2135 1438 2298 1492 modo
2326 1438 2675 1493 credendum
2719 1444 2816 1490 est
2869 1436 3105 1489 etiam
3166 1433 3262 1489 de
3308 1432 3653 1502 Scriptura

1817 1535 2025 1590 sancta,
2074 1531 2201 1593 quia
2253 1528 2408 1581 utilis
2437 1535 2552 1592 est,
2584 1538 2644 1581 et
2694 1527 2932 1581 animae
2994 1524 3347 1595 prodest,
3388 1520 3651 1578 etiamsi

1818 1629 2010 1671 sensus
2045 1626 2237 1671 noster
2262 1618 2329 1671 ad
2361 1632 2618 1685 praesens
2659 1617 3219 1688 intelligentiam
3268 1630 3414 1671 non
3463 1616 3654 1686 capit,

1821 1710 2097 1776 quoniam,
2123 1718 2181 1762 ut
2210 1710 2472 1773 diximus,
2499 1719 2556 1763 et
2577 1709 2750 1764 bonae
2767 1710 3072 1764 virtutes
3115 1722 3289 1777 qua:
3329 1705 3525 1762 nobis
3548 1705 3655 1761 ad-

173 1813 589 1881 comprobentur
629 1809 926 1865 dicentis”
955 1826 968 1862 :
999 1826 1017 1859 ι
1040 1809 1208 1862 Amen
1247 1808 1368 1861 dico
1413 1807 1562 1862 vobis
1594 1808 1719 1876 quia
1751 1792 1793 1845 Β
1821 1808 1968 1864 sunt,
1999 1799 2325 1853 reﬁciuntur
2348 1804 2403 1853 in
2430 1800 2520 1854 bis
2546 1801 2958 1855 sermonibus
2992 1808 3071 1881 et
3118 1806 3550 1867 pascuntur,
3588 1812 3650 1852 et

174 1919 275 1973 ego
302 1910 357 1955 et
385 1902 545 1957 Pater
572 1901 872 1964 veniemus,
905 1908 959 1952 et
998 1899 1326 1951 mansionem
1357 1898 1637 1961 faciemus,
1666 1904 1724 1950 et

178 1993 509 2049 cmunbimus
541 1990 680 2060 apud
725 2004 869 2043 eum.
901 2007 920 2039 ο
960 1988 1165 2054 Quem?
1196 1988 1338 2040 illum
1368 1988 1604 2056 profecto
1632 1985 1725 2055 qui

178 2094 272 2134 sua
302 2080 550 2133 mandata
589 2077 839 2131 custodit.
871 2076 996 2141 Sed,
1025 2078 1166 2129 sicut
1198 2075 1452 2139 diximus,
1499 2075 1626 2142 quia
1656 2089 1722 2127 ex

180 2168 545 2236 hujuscemodi
590 2166 1046 2227 meditationibus,
1090 2164 1390 2218 divinarum
1438 2178 1567 2232 erga
1622 2177 1721 2217 nos

180 2260 437 2310 virtutum
465 2256 730 2309 consortia
749 2265 803 2307 et
823 2253 992 2308 oﬁicia
1019 2266 1377 2321 provocamus
1402 2267 1416 2305 :
1443 2251 1517 2305 ita
1547 2266 1576 2305 e
1597 2265 1729 2306 con-

184 2347 350 2401 trario
375 2346 724 2415 malignarum
750 2345 1000 2397 virtutum
1025 2342 1268 2406 insidias,
1286 2351 1341 2396 et
1369 2341 1725 2410 pessimorum

185 2437 485 2490 daemonum
515 2434 869 2496 incursiones,
898 2448 963 2486 ex
1014 2431 1382 2503 hujuscemodi
1418 2444 1727 2485 sermonum

185 2536 239 2580 ct
274 2528 546 2579 nominum
588 2525 1034 2596 appellationibus
1064 2524 1381 2591 cﬁ'ugamus.
1410 2519 1569 2575 Verbi
1602 2533 1729 2591 gra-

191 2617 286 2680 tia,
308 2625 366 2669 ut
394 2617 439 2669 si
471 2616 591 2686 quis
611 2625 845 2670 vestrum
871 2615 1163 2685 aliquando
1185 2613 1452 2683 perspexit
1481 2626 1726 2680 praecan-

189 2707 474 2762 tationibus
512 2708 741 2776 sopitum
784 2715 1087 2776 serpentem
1122 2706 1328 2774 portari
1364 2706 1417 2758 in
1452 2703 1725 2770 manibus,

188 2795 270 2848 vel
299 2796 535 2862 protrahi
570 2796 635 2850 de
656 2796 899 2850 cavernis
942 2795 1075 2849 nihil
1130 2796 1396 2848 valentem
1426 2807 1619 2847 nocere
1642 2808 1733 2847 ve-

92 2886 97 2891 ’
194 2886 367 2949 uenis,
397 2894 579 2953 utpote
606 2886 985 2940 incantationis
1023 2886 1221 2939 virtute
1255 2883 1589 2951 torpentibus
1619 2900 1632 2935 :
1660 2883 1734 2937 ita

190 2976 350 3029 etiam
379 2975 622 3031 lectionis
660 2977 849 3032 divinae
880 2976 1097 3038 virtute,
1126 2975 1169 3028 si
1196 2974 1315 3043 quis
1352 2974 1489 3026 intra
1519 2986 1617 3026 nos
1643 2979 1731 3025 est

193 3067 473 3121 contrariae
521 3068 802 3137 potestatis
846 3080 1094 3136 serpens,
1144 3065 1188 3118 si
1223 3065 1344 3133 quis
1378 3064 1443 3117 ad
1478 3063 1736 3116 insidian-
1763 3099 1808 3160 ο

194 3156 317 3209 dum
344 3157 560 3211 coluber
590 3157 740 3224 latet,
774 3158 818 3212 si
860 3157 1131 3226 patienter
1155 3155 1317 3219 feras,
1352 3154 1396 3207 si
1425 3168 1529 3206 non
1579 3154 1736 3208 taedio

194 3243 444 3313 fatigatus
468 3255 682 3300 avertas
708 3247 969 3310 auditum,
999 3244 1295 3312 Scriptura:
1327 3242 1660 3297 carminibus
1683 3251 1739 3297 et

197 3332 359 3387 divini
393 3336 654 3390 sermonis
684 3335 1002 3390 assiduitate
1032 3332 1335 3401 depellitur.

264 3421 321 3477 2.
347 3420 403 3475 Si
436 3437 563 3492 ergo
600 3424 768 3487 vides,
798 3439 830 3478 ο
865 3424 1097 3489 auditor,
1123 3422 1410 3491 aliquando
1428 3422 1567 3493 legis
1591 3422 1741 3477 Scri-

198 3524 407 3580 pturam
437 3512 489 3565 in
520 3514 742 3569 auribus
773 3516 876 3569 tuis
901 3529 1059 3583 quam
1090 3528 1194 3568 non
1220 3512 1492 3583 intelligis,
1523 3523 1578 3567 et
1609 3528 1739 3568 sen-

200 3618 292 3658 sus
312 3601 425 3671 ejus
452 3604 544 3658 tibi
566 3606 774 3660 videtur
801 3607 1083 3669 obscurus,
1106 3604 1318 3658 interim
1346 3604 1485 3657 hanc
1510 3603 1740 3672 primam

201 3695 410 3762 suscipe
437 3695 738 3759 utilitatem,
775 3697 917 3764 quod
949 3695 1062 3749 solo
1092 3694 1280 3748 auditu
1317 3694 1463 3748 velut
1495 3709 1740 3763 praecan-

201 3781 403 3836 tatione
449 3782 701 3850 quadam,
730 3784 1011 3836 noxiarum
1042 3781 1321 3843 virtutum,
1358 3795 1477 3848 quae
1520 3789 1572 3834 te
1598 3780 1746 3845 obsi-

204 3872 334 3924 dent
357 3878 411 3922 et
437 3885 554 3937 quae
578 3870 670 3924 tibi
715 3870 1051 3933 insidiantur,
1078 3869 1228 3922 virus
1267 3867 1550 3935 depellitur
1576 3879 1630 3923 et
1662 3869 1746 3923 fu-

205 3970 380 4029 gatur.
411 3959 646 4014 Observa
695 3968 894 4013 tantum
945 3974 1011 4012 ne
1058 3957 1307 4013 cﬁlciaris
1349 3958 1486 4012 sicut
1533 3959 1749 4029 aspides

207 4049 409 4114 surdae,
442 4058 498 4103 et
527 4051 840 4105 obturantes
864 4049 975 4120 (59)
1006 4065 1160 4104 aures
1192 4066 1316 4105 suas
1334 4052 1403 4116 ⁷⁷,
1436 4067 1503 4105 ne
1527 4052 1751 4105 audiant

207 4151 392 4191 vocem
420 4138 795 4194 incantationis
820 4148 873 4193 et
898 4139 1167 4204 veneﬁcii,
1199 4142 1338 4207 quod
1380 4140 1688 4194 incantatur
1718 4153 1749 4193 a

209 4225 471 4293 Sapiente.
510 4227 677 4297 Verbi
697 4242 889 4292 causa,
906 4237 989 4281 est
1019 4241 1237 4279 carmen
1284 4227 1425 4295 quod
1456 4238 1751 4294 praecanta-

210 4324 303 4370 tur
325 4328 379 4369 et
410 4317 619 4370 canitur
647 4316 758 4386 (60)
803 4333 831 4369 a
863 4318 1106 4385 sapiente
1144 4317 1312 4381 Mose,
1349 4326 1403 4371 et
1436 4319 1577 4385 quod
1614 4331 1753 4385 prte-

212 4414 459 4461 cantatur
487 4414 543 4460 et
569 4409 780 4460 canitur
813 4422 842 4460 a
879 4407 1118 4476 sapiente
1147 4404 1271 4460 Jesu
1304 4406 1474 4469 Nave,
1519 4416 1576 4461 et
1608 4409 1751 4476 quod

213 4504 574 4567 prmeantatur
603 4502 657 4547 et
691 4496 898 4548 canitur
927 4510 955 4547 a
989 4495 1322 4564 sapientibus
1353 4494 1602 4550 omnibus
1630 4511 1754 4563 pro-

213 4585 412 4656 phetis.
446 4584 570 4637 llaac
604 4594 778 4636 autem
828 4584 1028 4637 idcirco
1075 4585 1324 4646 diximus,
1366 4598 1432 4637 ne
1482 4585 1754 4639 fastidium

216 4675 491 4744 capiamus
520 4674 796 4726 audientes
828 4673 1161 4740 Scripturas,
1194 4674 1353 4726 etiam
1387 4677 1430 4728 si
1468 4690 1571 4727 non
1602 4674 1759 4727 intel-

217 4765 453 4834 ligimus,
501 4761 594 4815 sed
636 4764 727 4814 ﬁat
771 4761 925 4815 nobis
969 4763 1258 4815 secundum
1301 4761 1457 4815 ﬁdem
1493 4772 1757 4827 nostram,

217 4841 563 4912 credentibus
587 4853 713 4923 quia
761 4870 779 4902 ι
802 4852 975 4905 onmis
1003 4850 1280 4920 Scriptura
1308 4851 1563 4907 divinitus
1595 4853 1761 4922 inspi-

220 4956 337 5002 rata
368 4944 516 4998 utilis
540 4946 702 4998 est".
734 4957 752 4990 ι
791 4942 848 4995 Si
874 4956 1002 5010 ergo
1029 4940 1288 4993 divinitus
1318 4940 1573 5008 inspirata
1598 4949 1682 4994 est
1706 4948 1763 4994 et

223 5037 389 5102 utilis,
427 5035 638 5091 etiamsi
698 5046 803 5087 non
855 5030 1148 5086 sentiamus
1192 5027 1499 5089 utilitatem,
1543 5028 1762 5082 credere

1824 1891 2116 1943 contrariae
2151 1898 2477 1959 torpescunt
2532 1892 2625 1946 his
2675 1880 3322 1957 meditationibus,
3371 1900 3440 1945 et
3495 1888 3651 1946 εσυ·

1824 1988 2039 2048 gantur.
2059 1980 2164 2034 Sed
2184 1980 2423 2037 fortasse
2440 1983 2659 2037 dicitur
2687 1983 2766 2037 ab
2796 1984 3275 2039 auditoribus
3299 1983 3446 2054 (62)
3464 2000 3481 2035 :
3512 1983 3651 2038 Hac

1827 2070 1981 2124 nobis
2015 2070 2224 2125 idcirco
2247 2072 2410 2136 dicis,
2448 2082 2507 2127 ut
2532 2082 2587 2128 te
2612 2075 2688 2130 ab
2720 2074 2944 2130 oﬂicio
2987 2075 3524 2145 disputationis
3544 2088 3651 2130 ex-

1825 2174 1982 2215 cuses
2009 2170 2064 2214 et
2103 2161 2157 2213 in
2194 2162 2263 2216 iis
2299 2161 2485 2226 ﬁnias,
2530 2177 2722 2233 neque
2764 2164 3177 2234 quidquam
3241 2179 3526 2234 prorsus
3556 2164 3649 2217 vel

1825 2265 1895 2304 ex
1925 2250 1993 2303 iis
2025 2250 2225 2318 quibus
2272 2252 2543 2321 possibile
2572 2262 2690 2316 est,
2727 2253 3269 2309 consolationis
3309 2253 3645 2321 exhibeas,

1827 2353 2004 2408 neque
2058 2350 2118 2393 ut
2166 2340 2464 2396 Dominum
2515 2344 2876 2411 depreceris
2926 2355 3305 2413 praestare
3374 2346 3645 2416 gratiam

1827 2442 1980 2483 suam
2017 2431 2083 2484 ad
2127 2432 2424 2492 revelanda
2477 2447 2544 2487 ea
2588 2449 2722 2502 quae
2778 2434 2963 2491 lecta
3010 2446 3225 2500 sunt,
3261 2445 3340 2491 ut
3384 2451 3643 2507 parvum

1829 2519 2022 2575 saltem
2061 2522 2243 2575 cibum
2279 2538 2348 2577 ex
2397 2523 2766 2578 occultorum
2802 2535 2876 2580 et
2916 2537 3386 2583 secretorum
3427 2528 3642 2598 expla-

1832 2612 2055 2665 natione
2102 2625 2416 2667 sumamus.
2465 2612 2590 2668 Non
2643 2615 2757 2668 ista
2792 2616 2879 2670 de
2954 2633 3199 2672 causa
3275 2620 3423 2674 hac
3483 2619 3646 2674 dixi-

1832 2713 1975 2763 mus,
2007 2715 2107 2755 nec
2163 2712 2499 2756 excusantes
2560 2719 2667 2758 nos
2722 2705 2843 2758 ista
2894 2709 3394 2773 protulimus,
3424 2710 3537 2765 sed
3583 2719 3649 2765 ut

1835 2791 2255 2844 ostenderemus
2297 2791 2351 2843 in
2384 2790 2707 2860 Scripturis
2744 2797 3011 2851 sanctis
3052 2812 3226 2854 esse
3263 2801 3402 2854 vim
3440 2817 3623 2870 quam

1834 2879 1980 2946 dam,
2032 2894 2153 2948 qua:
2190 2878 2392 2949 legenti
2430 2881 2605 2935 etiam
2677 2884 2814 2940 sine
2877 2887 3409 2956 explanatione
3472 2892 3645 2949 suni-

1835 2970 1963 3024 ciat.

1906 3058 1960 3111 5.
1999 3056 2153 3114 Nunc
2175 3073 2332 3121 vero,
2359 3062 2632 3128 quoniam
2678 3078 2802 3118 non
2842 3067 3065 3124 nobis
3107 3072 3369 3129 suﬂicit
3406 3082 3646 3146 tempus

1838 3155 1896 3199 ut
1916 3148 1984 3201 de
2008 3150 2262 3203 omnibus
2296 3165 2421 3218 quae
2462 3151 2609 3206 lecta
2658 3163 2805 3208 sunt
2845 3155 2999 3230 (65)
3045 3162 3507 3232 disseramus,
3551 3170 3645 3223 vel

1836 3237 2251 3332 pauca-saltem,
2281 3242 3185 3318 proutDominnsdonaverit,
3235 3258 3642 3332 perstringe-

1840 3340 1980 3381 mus.
2021 3326 2238 3380 initium
2279 3329 2694 3388 distribuendae
2732 3337 3177 3399 hmreditatis
3226 3361 3433 3414 quam
3464 3326 3643 3406 lesus

1839 3415 2126 3478 distribuit,
2151 3418 2766 3486 incipitaCalrb.Data
2804 3438 2912 3482 est
2946 3434 3228 3490 etenim
3264 3438 3425 3496 huic
3454 3438 3640 3500 Caleb

1841 3506 2108 3598 partionis
2142 3523 2254 3561 suae
2284 3523 2409 3565 sors
2451 3511 2803 3581 priusquam
2829 3518 3068 3577 tribus
3091 3538 3257 3592 sua,
3284 3543 3436 3598 qua:
3458 3542 3555 3586 est
3580 3532 3642 3586 ti-

1841 3595 2037 3651 liorum
2060 3596 2217 3660 Juda,
2245 3599 2596 3667 perciperet;
2624 3612 2683 3659 et
2714 3605 2910 3663 datur
2934 3611 3003 3666 ei
3044 3630 3193 3670 non
3238 3595 3330 3673 ini
3343 3622 3642 3679 extremis

1844 3684 2114 3755 aliquibus
2135 3691 2403 3757 partibus,
2421 3694 2519 3747 sed
2543 3693 2599 3746 in
2620 3696 2821 3751 medio
2844 3699 3160 3758 ﬁliorum
3183 3705 3365 3764 Juda
3391 3715 3639 3768 :etdata

1844 3784 1929 3875 est
1953 3778 2000 3875 ei
2028 3778 2204 3875 portio
2232 3794 2338 3833 nou
2357 3796 2455 3850 per
2472 3792 2718 3847 sortem,
2741 3784 2853 3840 sed
2900 3804 3032 3858 per
3061 3808 3496 3875 praceptum
3525 3800 3639 3859 Do-

1848 3865 2071 3928 mini,et
2091 3867 2253 3920 datur
2274 3868 2322 3922 ei
2348 3869 2553 3925 civitas
2585 3873 3097 3944 integra.Quem
3122 3865 3344 3942 alium
3379 3890 3637 3962 dignum

1848 3957 2146 4053 erat-talem
2175 3960 2435 4028 consequi
2471 3961 2922 4037 hereditatem,
2951 3982 3028 4028 et
3058 3975 3276 4033 talem
3309 3957 3639 4053 percipere

1850 4047 2178 4115 portionem,
2220 4050 2320 4103 nisi
2348 4050 2539 4116 (Zaleb,
2567 4054 2668 4122 qui
2716 4057 2896 4115 solus
2952 4065 3200 4123 salvus
3231 4047 3518 4130 eiectus—
3546 4083 3639 4129 est

1851 4150 1971 4229 cum
1992 4136 2118 4191 Jesu
2136 4137 2303 4229 Dave,
2322 4153 2389 4193 ex
2414 4144 2706 4198 sexcentis
2730 4146 3026 4208 millibus
3053 4169 3512 4227 armatorum,
3533 4162 3635 4229 qui

1854 4225 2186 4322 exierant-de
2214 4225 2458 4322 AEgvpto
2481 4231 2507 4282 Ἰ
2541 4229 2736 4299 Ipsum
2766 4245 3138 4303 oportebat
3167 4247 3316 4317 (64)
3354 4225 3636 4322 accipere

1856 4317 2221 4386 metmpolim.
2244 4316 2314 4372 Et
2336 4319 2457 4374 ideo
2493 4323 2779 4391 scriptum
2817 4339 2926 4382 est
2952 4332 3042 4387 ὐς
3082 4354 3109 4387 ι
3148 4316 3430 4396 beditei
3459 4316 3637 4400 Jesus

1783 4433 1829 4505 Ι)
1858 4402 2131 4504 civitatem
2150 4404 2329 4458 Arbuc
2347 4409 2709 4505 metropolim
2728 4411 2981 4481 Enacb,
3004 4436 3166 4488 qua:
3185 4437 3296 4480 est
3312 4428 3635 4498 Chebron,

1858 4492 1911 4545 in
1949 4507 2054 4559 qua
2093 4503 2253 4546 erant
2299 4496 2585 4550 memoriae
2632 4509 2901 4566 patrum.
2937 4524 2963 4558 ι
3006 4509 3138 4565 Hic
3218 4517 3433 4587 igitur
3484 4492 3637 4576 civi;

1860 4582 2196 4679 tate-Arboc,
2232 4598 2355 4652 qtue
2384 4596 2531 4679 erat-
2564 4593 2919 4679 metropolis
2978 4582 3282 4673 Enacln:
3343 4625 3492 4679 qua:
3540 4623 3634 4668 est

1858 4670 2128 4768 (Ellebron,
2168 4671 2560 4768 exterminavit
2600 4676 2735 4768 inde
2775 4688 2909 4736 tres
2957 4684 3138 4745 ﬁlios
3185 4670 3421 4751 Einac-h
3470 4700 3625 4768 (65).

1863 4761 2002 4826 Quid
2087 4771 2247 4827 putas
2317 4762 2481 4817 nobis
2556 4766 2758 4823 volens
2834 4771 3198 4846 Scriptura
3286 4761 3628 4847 ostendere

1864 4849 2164 4945 etiam-boc-
2188 4850 2520 4920 designavit,
2558 4855 2711 4945 quod
2756 4858 2950 4916 Caleb
2994 4880 3287 4939 accepta
3327 4882 3622 4945 portione

1868 4938 2197 5034 haereditatis
2210 4954 2344 5006 suae,
2363 4950 2420 4995 et
2448 4950 2565 4997 tres
2599 4943 2748 5000 ﬁlios
2774 4946 2992 5006 Enaeb
3028 4938 3547 5034 exterminavit,
3568 4976 3630 5023 et

1870 5028 2088 5081 nomina
2117 5043 2308 5083 eorum
2333 5031 2731 5102 descripsit,id
2758 5050 2853 5093 est
2879 5038 3103 5112 Susui,
3140 5028 3542 5121 Achlmacb,
3564 5067 3630 5112 et

292 5152 338 5185 ⁷⁸
360 5148 516 5206 Joan.
547 5163 656 5215 xlv,
687 5146 780 5202 25.
851 5147 895 5178 ’⁷
915 5143 1004 5199 Ps.
1034 5159 1185 5208 Lvm,
1219 5144 1273 5208 4,
1305 5144 1356 5200 5.
1430 5144 1475 5176 ⁷⁸
1502 5143 1545 5197 ll
1574 5145 1712 5205 Tim.
1744 5164 1795 5203 ιιι

1081 5159 1185 5208 ινιιι,
1219 5144 1273 5208 4,
1305 5144 1356 5200 5.
1430 5144 1475 5176 ⁷⁸
1502 5143 1545 5197 ll
1574 5145 1712 5205 Tim.
1744 5149 1939 5218 111,16.
2014 5149 2060 5181 ⁷⁹
2083 5149 2197 5206 los.
2243 5167 2333 5217 xv,
2367 5154 2459 5219 l3,
2497 5154 2584 5211 14.

295 5263 407 5334 (59)
444 5262 619 5334 C_odex
647 5260 951 5334 Sange_rm.,
985 5257 1367 5334 gobdnrantes.
1389 5277 1408 5311 ι

298 5327 409 5401 (60':
450 5331 515 5401 Et
553 5327 783 5384 canitur.
807 5330 962 5382 Deest
992 5328 1043 5380 in
1080 5327 1206 5381 libb.
1232 5328 1410 5391 editis,
1438 5330 1530 5383 sed
1567 5327 1763 5399 legitur

230 5400 285 5455 lu
311 5399 568 5453 omnibus
603 5414 733 5452 mss.

308 5450 421 5538 (ﬁli)
452 5450 576 5520 Dies
600 5450 704 5538 aha
722 5450 776 5519 iet
805 5465 972 5517 altera
992 5465 1320 5538 et_lertia_su_q
1346 5463 1399 5517 in
1431 5474 1654 5538 tempore
1680 5482 1771 5538 per
1829 5450 1846 5463 ’

236 5533 458 5601 oceultos
474 5536 721 5601 quosdam
750 5546 949 5586 meatus
975 5534 1135 5586 relata
1159 5533 1246 5584 ad.
1278 5533 1401 5585 Haec
1416 5536 1682 5592 desutttin
1704 5534 1772 5588 li-

237 5600 349 5651 brts
377 5600 553 5664 editis,
585 5605 677 5656 sed
704 5611 918 5656 exstant
940 5603 989 5654 in
1017 5601 1263 5655 omnibus
1298 5615 1428 5654 mss.

313 5668 421 5736 (θα)
460 5668 575 5724 Duo
606 5685 734 5725 mss.
772 5669 1160 5727 Ebroicenscs:
1203 5686 1222 5720 ι
1254 5670 1382 5725 dicit
1412 5668 1602 5738 aliquis
1626 5670 1775 5726 audi-

1869 5270 2073 5318 tarum.
2115 5281 2134 5313 ι

1941 5330 2053 5468 iis?)
2092 5332 2321 5386 Iidemzc
2346 5335 2488 5390 lecta
2509 5348 2668 5397 sunt.
2708 5360 2729 5394 ι
2752 5342 2923 5401 Libb.
2958 5347 3161 5404 editi:
3200 5371 3224 5403 ι
3251 5355 3428 5412 dicta
3449 5371 3617 5418 sum,

1969 5400 2060 5468 δ4)
2099 5400 2306 5457 Omnes
2363 5421 2502 5460 mss.
2557 5427 2578 5459 ι
2630 5414 2968 5468 Oportebat.
3028 5434 3056 5468 ι
3120 5419 3324 5468 Litm-
3394 5432 3549 5468 mam
3595 5446 3614 5458 ο

1882 5484 1903 5518 ⁸
1928 5400 2306 5532 ()(gﬁllgnmes
2363 5421 2502 5460 mss.
2557 5427 2578 5459 ι
2630 5400 3614 5485 ορονιθιιδιζ(ινιξίῖῶῗῖδῖιῖ-

1941 5534 2268 5622 (βξῌᾼιιζ).
2302 5542 2541 5622 editiis
2586 5561 2714 5622 (ωδε
2753 5559 2877 5622 erat
2904 5551 3259 5622 ghebron.
3296 5575 3360 5618 et
3402 5576 3613 5622 exter

1882 5609 2110 5692 ruinam}
2141 5609 2271 5665 inde
2301 5609 3133 5692 tres_ﬁlios—Enacb.»Sicque
3156 5609 3381 5688 tibi};
3404 5609 3611 5692 gitti;—

1884 5682 2022 5730 tunt.
2049 5672 2180 5732 Mss.
2214 5693 2348 5736 vero
2382 5690 2440 5735 ut
2467 5682 2525 5737 in
2563 5672 2973 5743 uostrote—xtn.
