3806 6250
208 337 308 393 υιὸ
1243 338 1313 394 ΙΝ
1354 337 1612 396 LIBRUM
1649 338 1806 395 JESU
1841 338 2022 393 NAVE
2058 329 2342 394 HOMILIA
2374 331 2489 393 XX.
3324 337 3426 394 926

217 447 462 512 Thalami,
484 431 840 526 ιεηθηξθξιέε
872 431 1129 526 Εηεεὶι
1151 454 1181 507 ‘i
1210 456 1494 510 Videamus
1538 472 1662 526 ergo
1684 457 1807 525 quid
1837 463 1878 516 Α
1905 458 2064 514 Caleb
2090 451 2423 519 metropolim
2465 457 2767 512 humilitatis
2809 457 3000 514 inanis.
3035 459 3170 514 Duas
3203 458 3424 514 humili-

225 551 310 599 est
329 536 461 604 quod
477 547 560 586 nec
598 513 903 621 sumti‘tnei
964 534 1198 598 dicere
1237 545 1370 600 ﬁlios
1415 513 1626 608 Enach:
1644 513 1730 599 scil
1756 555 1810 598 et
1908 556 2037 602 tates
2072 561 2190 600 esse
2213 552 2416 597 certum
2443 547 2726 606 est.Unatn
2753 548 3088 613 laudabilem,
3113 549 3176 601 de
3215 562 3316 616 qua
3345 547 3425 601 di-

228 628 444 687 nomina
471 625 676 688 ῖρεοτιιω
700 605 970 712 Milia“.
1023 638 1097 682 et.
1137 649 1300 701 super
1317 636 1494 688 omnia
1529 635 1721 702 adjecit
1742 638 1806 699 °°,
1905 638 1978 691 cit
2006 637 2248 689 Salvator
2274 632 2320 664 ⁸³
2351 649 2365 684 :
2396 652 2415 686 ι
2458 635 2651 689 Discite
2682 651 2710 688 a
2753 652 2857 699 me,
2885 637 3006 702 quia
3046 637 3188 689 mitis
3217 605 3330 689 sum
3368 639 3425 688 et

239 740 262 773 ι
301 721 412 774 ιειω
442 718 575 762 θτδῐιῑ
599 706 1009 776 ῑθηθτθίῖοηθε
1044 717 1272 777 Enach.
1310 741 1328 774 ι
1367 721 1470 776 Sed
1505 732 1555 776 et
1594 725 1646 777 in
1679 739 1808 779 con-
1907 724 2117 779 humilis
2142 723 2320 784 corde,
2354 731 2408 775 et
2452 724 2727 778 invenietis
2767 726 3002 792 requiem
3037 723 3313 777 animabus
3330 737 3424 776 ve-

239 794 565 874 sequeutibus
593 793 762 852 refe“.
790 799 998 865 ψιθύ,
1035 819 1272 875 accepta
1305 811 1623 864 hereditatis
1647 822 1804 874 sorte,
1907 815 2049 867 stris.
2095 829 2113 862 ι
2151 812 2211 864 Ει
2253 813 2318 864 de
2353 813 2448 864 hac
2493 813 2794 866 humilitate
2837 812 3038 866 dictum
3093 823 3173 866 est
3197 811 3260 874 ⁸⁸,
3299 809 3422 877 quia

243 891 408 950 Caleb
437 903 453 936 ι
479 883 698 940 ascendit
724 877 786 933 ad
825 895 936 939 eos
971 895 1086 958 qui
1141 897 1456 951 habitabant
1505 898 1682 954 Dabir.
1710 899 1810 953 No-
1913 919 1931 952 ι
1968 901 2139 954 omnis
2167 900 2254 968 qui
2295 915 2351 953 se
2380 900 2637 964 humiliat,
2680 899 3017 954 cxaltabitur.
3047 919 3065 952 ι
3103 902 3166 954 Et
3205 901 3327 954 alibi
3353 903 3419 954 ":

247 995 377 1038 men
413 985 578 1029 amem
603 971 758 1026 03V“
785 983 916 1027 θτδὶ
982 983 1155 1048 prius
1202 987 1390 1040 civitas
1435 987 1750 1040 litterarum.

1922 1006 1931 1039 l
1958 990 2316 1043 llumiliamini
2333 987 2804 1056 subpotenlissima
2819 1003 2978 1041 mann
2997 986 3106 1040 Dei.
3121 1006 3136 1035 ι
3155 988 3314 1059 M6
3333 990 3425 1044 Est

248 1065 542 1122 Videndum
567 1075 688 1130 ergo
709 1067 788 1114 est
809 1062 958 1128 quid
1001 1079 1096 1124 est
1123 1072 1266 1140 quod
1295 1073 1444 1140 prius
1479 1081 1592 1127 erat
1621 1071 1809 1126 civitas
1907 1087 2078 1131 autem
2106 1085 2158 1130 et
2181 1077 2282 1129 alia
2317 1077 2587 1129 humilitas
2624 1076 2899 1143 culpabilis
2930 1085 3288 1143 peccatorum,
3315 1079 3426 1133 sic-

249 1157 569 1217 litterarum,
597 1159 648 1206 et
669 1160 848 1220 postea
882 1151 1044 1216 facta
1083 1168 1168 1230 est
1197 1160 1376 1214 Dahir.
1907 1175 1965 1218 ut
1997 1165 2081 1217 illa
2112 1179 2268 1231 quam
2300 1167 2364 1218 de
2410 1165 2596 1217 illicito
2629 1165 2770 1218 coitu
2821 1166 2948 1218 dicit
2979 1165 3270 1232 Scriptura,
3301 1168 3426 1234 quia

325 1247 386 1299 4.
421 1243 679 1298 Praeterea
703 1239 966 1306 refertur,
994 1248 1126 1313 quia
1159 1257 1214 1301 et
1242 1249 1399 1301 ﬁliam
1428 1250 1626 1302 habens
1652 1248 1809 1302 Caleb
1907 1256 2205 1308 huntiliavit
2233 1255 2397 1316 illam,
2417 1255 2553 1322 quod
2585 1254 2648 1306 de
2670 1255 2890 1307 Ammon
2917 1257 3167 1324 scriptum
3190 1259 3425 1326 est,qnia

246 1333 599 1406 proposuerit
621 1331 780 1386 talem
805 1334 1110 1398 quamdam
1149 1337 1503 1391 conditionem
1534 1337 1748 1390 dicens"

1920 1341 2200 1396 iumiliavit
2227 1340 2461 1394 Thamar
2501 1355 2736 1395 sororem
2765 1355 2912 1394 suam
2942 1341 3006 1394 ⁸⁸.
3041 1343 3129 1396 Est
3167 1359 3292 1412 ergo
3326 1345 3423 1396 hu-

249 1443 271 1476 c
323 1427 646 1491 Quicunque
684 1423 1004 1478 exscindere
1038 1427 1269 1494 potuerit
1298 1425 1568 1478 civitatem
1608 1425 1809 1478 littera-
1907 1431 2099 1485 militas
2128 1430 2299 1483 inanis
2327 1444 2443 1496 quae
2465 1429 2736 1482 descendit
2765 1446 2826 1483 ex
2867 1441 3100 1496 peccato.
3126 1432 3293 1498 Hujus
3327 1433 3428 1500 igi-

240 1526 402 1575 rum,
433 1520 492 1565 et
521 1511 807 1565 obtinuerit
833 1524 979 1576 eam,
1013 1513 1153 1567 dabo
1175 1513 1224 1566 ei
1253 1514 1421 1565 Axam
1453 1513 1608 1576 ﬁliam
1639 1527 1806 1565 meam
1908 1528 1991 1571 tur
2025 1518 2340 1572 humilitatis
2379 1518 2549 1571 inanis
2574 1520 2904 1584 metropolim
2935 1521 3072 1589 cepit
3098 1522 3177 1574 vel
3203 1522 3428 1575 exscidit

239 1613 508 1652 uxorem.
558 1617 576 1650 ι
605 1599 842 1667 Cumque
866 1599 957 1652 ille
987 1601 1091 1654 hoc
1125 1603 1502 1668 proposuisset,
1528 1601 1808 1656 Gothoniel
1907 1605 2086 1668 Caleb,
2112 1613 2164 1658 et
2187 1605 2455 1658 interemit
2495 1615 2604 1660 tres
2631 1607 2762 1661 ﬁlios
2792 1608 2990 1672 Enach,
3021 1609 3108 1675 qui
3139 1619 3291 1662 erant
3335 1609 3426 1662 ﬁlii

236 1689 394 1742 ﬁlius
446 1687 701 1742 Chenner
744 1687 914 1742 frater
945 1688 1106 1742 Caleb
1138 1690 1320 1757 junior
1361 1691 1500 1757 cepit
1541 1691 1804 1744 civitatem
1907 1690 2078 1744 inanis
2099 1690 2423 1756 humilitatis,
2447 1700 2500 1744 ct
2528 1692 3074 1762 illisinterfectisipse
3098 1696 3426 1764 habitat(67)

238 1775 589 1829 litterarum.
626 1776 730 1829 Sed
771 1785 828 1829 et
863 1777 1034 1843 ipsum
1090 1776 1394 1842 quaestionis
1445 1777 1618 1830 locum
1664 1776 1806 1830 Scri-
1837 1769 1877 1821 Β
1905 1778 2191 1839 civitatem,
2221 1785 2274 1829 et
2318 1776 2442 1829 facit
2487 1793 2603 1844 quae
2651 1780 2700 1830 in
2734 1782 3176 1847 consequentibus
3230 1783 3426 1849 scripta

232 1874 410 1932 plura
467 1873 668 1917 sancta
702 1867 960 1931 posuerit,
995 1867 1037 1918 si
1074 1874 1267 1927 tamen,
1301 1876 1357 1918 ut
1402 1864 1650 1927 diximus,
1675 1866 1805 1918 nihil
1905 1871 2049 1916 sunt.
2097 1862 2194 1926 Qui
2230 1873 2403 1915 autem
2453 1876 2576 1916 sunt
2623 1865 2708 1917 isti
2756 1865 2846 1918 ﬁlii
2893 1868 3065 1920 inanis
3113 1867 3429 1922 humilitatis

233 1955 428 2007 otiose
451 1953 506 2006 in
549 1954 639 2006 his
677 1953 851 2006 verbis
880 1956 1328 2020 praaterenndum,
1358 1955 1500 2021 quod
1525 1955 1807 2008 Gothoniel
1904 1967 2037 2019 quos
2071 1953 2448 2006 exterminavit
2471 1953 2627 2006 Caleb
2652 1955 2676 2006 ?
2705 1954 2911 2008 Primus
2949 1956 3102 2010 Susui
3130 1959 3216 2024 qui
3263 1957 3429 2010 inter-

230 2045 419 2097 frater
467 2057 594 2098 esse
651 2045 848 2098 dicitur
895 2043 1076 2106 Caleb,
1100 2051 1152 2095 ct
1192 2042 1350 2097 Caleb
1384 2043 1524 2098 ﬁlius
1554 2045 1807 2098 scribitur
1905 2049 2137 2106 pretatur
2160 2050 2302 2092 extra
2331 2056 2407 2092 me
2437 2038 2566 2109 (68),
2594 2041 2693 2093 hoc
2715 2051 2794 2095 est
2833 2050 2982 2094 extra
3019 2054 3279 2104 sanctum,
3307 2045 3426 2110 quia

231 2131 478 2196 Jeﬁ'one,
515 2144 573 2187 et
595 2134 886 2188 Gotboniel
925 2134 1062 2186 ﬁlius
1089 2134 1353 2187 Chenner.
1383 2133 1656 2198 Quomodo
1682 2148 1808 2203 ergo
1905 2136 2054 2180 extra
2083 2137 2320 2180 sanctum
2367 2137 2448 2180 est
2489 2129 2626 2179 ﬁlius
2665 2130 2840 2180 inanis
2875 2129 3213 2192 humilitatis,
3242 2131 3346 2182 imo
3376 2138 3429 2182 ct

231 2223 526 2276 videbitur
568 2220 745 2275 frater
774 2235 894 2276 esse
933 2221 1118 2282 Caleb,
1152 2222 1242 2288 qui
1283 2236 1386 2275 non
1420 2231 1502 2274 est
1530 2222 1669 2276 ﬁlius
1695 2223 1806 2276 δεῖ.
1905 2224 2052 2268 extra
2089 2215 2271 2268 Deum.
2295 2217 2388 2266 Est
2417 2225 2469 2269 et
2507 2218 2642 2269 alius
2670 2218 2948 2278 Achiman,
2982 2218 3068 2284 qui
3112 2219 3432 2284 interpreta-

233 2310 394 2376 fone,
424 2311 525 2365 sed
553 2310 650 2364 ille
676 2310 875 2363 dicitur
921 2311 1060 2363 ﬁlius
1091 2308 1309 2373 Jetl'one,
1332 2311 1434 2364 iste
1465 2321 1639 2363 autem
1673 2312 1808 2366 ﬁlius
1908 2314 1991 2357 tur
2012 2305 2168 2370 frater
2186 2319 2323 2356 meus
2348 2313 2491 2357 eastra
2512 2305 2776 2356 consilium
2801 2305 3094 2374 (69),velut
3115 2306 3158 2358 si
3185 2307 3426 2358 dicamus

233 2398 527 2461 Chenner.
565 2397 662 2465 qui
689 2397 890 2450 dicitur
917 2400 1118 2464 cepisse
1147 2397 1417 2449 civitatem
1464 2396 1808 2453 litterarum?
1906 2394 2070 2446 fraler
2125 2393 2239 2445 Sine
2261 2392 2497 2445 οοιιείιῑοο
2544 2393 2737 2448 Omnes
2783 2395 2976 2448 etenim
3010 2395 3200 2448 fratres
3231 2397 3318 2464 Qui
3365 2396 3430 2450 de

231 2489 311 2542 De
349 2503 468 2556 quo
501 2488 756 2550 additur,
786 2487 912 2554 quia
954 2496 1010 2538 et
1035 2486 1218 2554 junior
1264 2494 1399 2549 erat,
1424 2495 1475 2538 et
1505 2502 1597 2552 per
1635 2489 1809 2541 condi-
1907 2483 2203 2537 humilitate
2234 2481 2380 2533 inani
2425 2491 2732 2543 nascuntur,
2767 2492 2968 2535 certum
2997 2483 3224 2550 estquia
3253 2493 3306 2534 et
3335 2498 3426 2535 ex-

237 2578 446 2631 tionem
475 2576 711 2629 virtutis
759 2576 948 2627 merito
977 2576 1238 2642 acceperit
1269 2575 1436 2626 Axam
1459 2575 1618 2626 ﬁliam
1650 2575 1808 2629 Caleb
1909 2583 1986 2626 tra
2022 2574 2300 2628 consilium
2341 2585 2480 2628 sunt.
2518 2573 2726 2626 Tertius
2759 2572 3022 2636 Thalami,
3051 2574 3140 2640 qui
3176 2574 3431 2640 interpre-

234 2681 499 2726 uxorem,
535 2665 668 2733 quia
701 2665 932 2718 exscidit
967 2674 1021 2718 et
1050 2664 1275 2731 perdidit
1312 2663 1580 2716 civitatem
1609 2663 1810 2716 littera-
1907 2671 2049 2715 tatur
2075 2663 2414 2730 pm'cipitium
2449 2663 2526 2716 vel
2553 2664 2813 2729 suspensio
2842 2663 2950 2731 (70)
2982 2680 2994 2715 :
3021 2664 3158 2731 quod
3193 2663 3432 2731 designat

238 2770 380 2807 rum.
425 2753 650 2806 Exiens
706 2762 882 2805 autem
919 2753 986 2806 de
1021 2753 1177 2804 domo
1205 2751 1368 2819 patris
1401 2750 1484 2804 sui
1514 2749 1646 2813 Axa,
1693 2764 1810 2818 qua:
1907 2751 2037 2804 nihil
2071 2751 2120 2802 in
2151 2765 2214 2803 eo
2240 2751 2563 2814 stabilitatis,
2585 2752 2674 2804 sed
2702 2766 2828 2819 vaga
2854 2752 3027 2804 omnia
3047 2762 3099 2804 ct
3122 2753 3172 2804 in
3202 2767 3433 2820 pra-cepa

237 2841 283 2894 ei
316 2858 383 2895 ex
417 2849 586 2894 certa
633 2839 941 2893 conditione
988 2847 1206 2906 nuptum
1239 2837 1430 2890 tradita
1474 2844 1590 2902 est,
1621 2838 1811 2890 sedens
1910 2841 2133 2894 ruentia.
2168 2840 2301 2893 istos
2337 2856 2463 2906 ergo
2486 2850 2590 2894 tres
2616 2840 2748 2892 ﬁlios
2781 2841 2952 2893 Enach
2980 2842 3350 2894 exterminavit
3379 2850 3434 2895 et

239 2945 402 2997 super
454 2929 686 2982 asinum
725 2927 933 2980 dicebat
975 2928 1092 2978 viro
1146 2941 1241 2978 suo
1267 2925 1311 2955 ⁸¹
1343 2943 1356 2978 :
1387 2942 1406 2975 ι
1456 2925 1633 2978 Petam
1663 2939 1690 2977 a
1721 2939 1812 2991 pa-
1910 2929 2173 2982 interfecit
2205 2929 2383 2991 Caleb,
2417 2939 2471 2982 et
2513 2939 2634 2998 post
2668 2930 2797 2982 istos
2841 2929 3112 2982 descendit
3151 2929 3201 2982 in
3251 2929 3427 2984 Dahir.

237 3031 320 3075 tre
357 3035 486 3074 meo
539 3018 845 3086 portionem
892 3016 1028 3083 agri.
1066 3015 1130 3067 Et
1157 3015 1474 3067 exclamavit
1518 3015 1583 3067 de
1611 3024 1806 3076 monte,
1837 3057 1878 3112 ϐ
1912 3015 2110 3072 Nomen
2152 3028 2265 3072 erat
2304 3020 2465 3073 Dahir
2511 3023 2660 3089 prius
2693 3021 2882 3074 civitas
2922 3020 3240 3078 litterarum.
3268 3021 3434 3074 Dahir

239 3123 293 3165 et
341 3112 484 3164 dixit
543 3111 595 3162 ei
635 3108 832 3168 Caleb,
857 3106 991 3172 Quid
1045 3112 1127 3157 est
1168 3103 1308 3157 tibi?
1339 3113 1391 3156 et
1433 3103 1563 3155 dixit
1599 3103 1646 3155 ei
1684 3117 1700 3153 :
1737 3102 1808 3153 Da
1842 3102 1878 3112 “”
1911 3107 2286 3174 interpretatur
2314 3109 2512 3177 loquela
2543 3111 2672 3178 (7|).
2701 3112 2804 3165 Sed
2835 3126 3025 3164 nomen
3070 3111 3249 3174 Dahir,
3282 3110 3432 3178 prius

239 3199 370 3252 mihi
397 3197 870 3257 benedictionem,
899 3194 1020 3260 quia
1049 3193 1099 3244 in
1125 3202 1268 3244 terra
1295 3191 1460 3245 austri
1490 3199 1702 3258 nuptum
1727 3204 1813 3244 me
1909 3194 2095 3248 civitas
2151 3195 2470 3250 litterarum.
2511 3198 2676 3267 igitur
2721 3200 2986 3253 civitatem
3024 3201 3314 3253 litterarum
3351 3201 3434 3252 in-

241 3289 551 3349 tradidisti.
587 3287 659 3340 Et
698 3285 904 3352 accepit
935 3284 1212 3338 Gonetlam
1242 3282 1586 3348 superiorem,
1617 3290 1670 3335 et
1705 3281 1812 3336 ϐο·
1911 3282 2083 3350 tellige
2127 3299 2283 3337 omne
2341 3286 2664 3339 Testamenti
2705 3285 2912 3340 Veteris
2977 3288 3428 3340 instrumentum:

240 3381 446 3434 uetiam
484 3377 837 3432 inferiorem.
869 3393 887 3424 ι
912 3374 976 3426 Ει
1001 3373 1264 3427 conclusit
1291 3370 1564 3436 Scriptura
1593 3369 1806 3424 dicens:
1909 3369 2057 3424 idest
2085 3379 2136 3423 et
2163 3372 2299 3442 hanc
2323 3373 2484 3439 ipsam
2519 3389 2674 3441 quam
2711 3390 2846 3428 nunc
2887 3377 3148 3430 disserere
3175 3389 3434 3430 conamur

250 3485 272 3520 ο
307 3467 436 3522 llaec
488 3475 586 3519 est
626 3463 914 3518 haereditas
965 3461 1133 3515 tribus
1185 3459 1338 3514 Juda.
1373 3475 1392 3508 ι
1438 3455 1639 3512 Videtis
1685 3457 1808 3525 quia
1907 3457 2229 3525 Scripturam
2255 3500 2268 3523 ,
2310 3460 2662 3528 intelligamus
2695 3477 2812 3515 esse
2829 3463 3429 3526 civitatemlitterarum,

239 3571 367 3611 vere
396 3553 624 3608 auxilio
649 3552 744 3605 Dei
767 3565 902 3618 opus
935 3559 1036 3609 est,
1063 3559 1118 3601 ut
1147 3549 1257 3602 haec
1281 3546 1550 3615 explanari
1579 3545 1810 3612 queant?
1905 3561 2020 3614 qua:
2048 3549 2376 3615 postmodum
2410 3549 2664 3602 efﬁciatur
2695 3551 2870 3616 Dahir,
2914 3551 3052 3618 quod
3095 3560 3174 3605 est
3204 3551 3430 3617 loquela.

242 3642 602 3713 impossibile
641 3653 866 3708 prorsus
895 3648 978 3692 est
1017 3638 1176 3691 ullum
1212 3638 1482 3690 hominum
1510 3635 1573 3688 de
1611 3635 1676 3687 iis
1702 3635 1808 3688 dis-
1907 3635 2029 3690 Haec
2057 3637 2251 3690 etenim
2278 3653 2395 3706 quae
2425 3639 2570 3706 prius
2594 3641 2645 3692 in
2678 3641 2862 3694 litteris
2891 3649 3025 3700 erat,
3054 3649 3106 3694 et
3133 3640 3425 3692 secundum

241 3747 460 3794 serere.
507 3728 629 3782 nisi
675 3727 1004 3780 illuminatus
1051 3740 1146 3792 per
1182 3725 1295 3799 'Dei
1345 3721 1565 3791 gratiam
1625 3719 1803 3775 fuerit.
1903 3723 2200 3778 litterarum
2242 3726 2651 3794 intelligebatur,
2683 3730 2838 3780 modo
2863 3728 2913 3779 in
2945 3727 3193 3780 Ecclesiis
3225 3725 3434 3779 Christo

245 3819 370 3874 Ideo
411 3832 554 3888 ergo
599 3815 784 3882 juvate
815 3829 898 3868 me
918 3813 1271 3874 orationibus,
1300 3821 1353 3865 et
1380 3826 1583 3866 mecum
1609 3813 1808 3880 pariter
1904 3813 2168 3866 revelante
2205 3814 2446 3876 Domino,
2481 3815 2685 3882 loquela
2730 3816 2913 3868 eﬂ'ecta
2942 3824 3046 3879 est,
3093 3815 3434 3882 loquentibus

242 3909 512 3970 laborate,
533 3913 607 3959 ut
637 3903 895 3956 Dominus
924 3903 976 3954 in
1000 3902 1080 3955 his
1108 3910 1216 3954 tam
1241 3903 1481 3955 obscuris
1501 3911 1554 3954 et
1578 3902 1804 3955 abscon-
1904 3913 1958 3956 et
2005 3904 2388 3957 disserentihns
2427 3905 2599 3970 primo
2635 3906 2832 3958 sanctis
2868 3905 3136 3973 apostolis,
3163 3915 3218 3959 et
3259 3919 3436 3958 remo-

242 3999 369 4051 ditis
405 3997 550 4051 locis
576 3995 758 4046 lucem
781 3980 1025 4046 veritatis
1052 3993 1204 4046 nobis
1233 3991 1481 4059 dignetur
1508 3992 1802 4053 ostendere,
1901 3991 2145 4044 ventibus
2185 3992 2516 4058 superﬁciem
2548 3994 2758 4057 litterze,
2805 3994 3193 4061 proferentihus
3220 4009 3346 4048 vero
3367 3995 3434 4048 de

242 4095 299 4140 ut
328 4095 381 4138 et
413 4098 518 4138 nos
551 4080 716 4133 vobis
742 4079 1002 4148 possimus
1027 4079 1235 4147 aperire
1255 4077 1515 4145 quomodo
1535 4079 1648 4132 haec
1676 4091 1803 4131 vera
1901 4094 1961 4132 ea
2005 4080 2294 4146 spiritalem
2324 4080 2609 4147 loquelam.
2651 4081 2753 4135 Sed
2793 4091 2844 4134 et
2882 4082 3076 4150 singuli
3111 4083 3307 4150 quique
3339 4082 3432 4136 do-

243 4185 296 4227 et
329 4174 486 4226 utilia
518 4179 580 4224 et
627 4169 806 4222 divina
832 4174 974 4232 sunt,
999 4168 1091 4220 sed
1114 4181 1210 4235 pro
1241 4165 1529 4232 fragilitate
1555 4166 1801 4219 humanze
1900 4177 2074 4220 clores
2116 4168 2471 4221 Ecclesiarum
2512 4169 2737 4221 litteram
2760 4169 2891 4237 legis
2925 4169 3209 4238 loquelam,
3239 4178 3292 4223 et
3324 4169 3434 4223 dis-

244 4271 453 4314 naturae
496 4258 729 4311 obtecta
775 4255 1124 4307 sacramentis
1163 4262 1218 4307 et
1244 4254 1477 4306 involuta
1514 4253 1800 4321 mysteriis.
1900 4255 2224 4322 putationem
2275 4255 2631 4324 evangelicam
2676 4257 2894 4310 faciunt.
2945 4257 3044 4321 Qui
3094 4265 3269 4309 autem
3314 4263 3439 4308 sunt

310 4349 365 4402 5.
405 4347 612 4401 Primo
637 4357 766 4411 ergo
792 4341 1143 4395 discutiamus
1170 4356 1338 4409 quare
1365 4342 1689 4407 metropolim
1715 4354 1803 4394 ac-
1833 4365 1876 4418 ι)
1906 4354 2012 4400 tres
2065 4344 2153 4397 ﬁlii
2194 4345 2392 4406 Enach,
2438 4359 2573 4412 quos
2601 4344 2780 4409 Caleb,
2801 4346 2850 4398 in
2883 4344 3031 4408 cujus
3069 4358 3294 4411 persona
3333 4344 3436 4397 vir-

243 4438 387 4505 cepit
423 4433 628 4497 Caleb,
658 4440 712 4485 et
746 4429 888 4482 illam
921 4445 1038 4497 quae
1081 4431 1251 4498 prima
1284 4431 1422 4484 inter
1446 4440 1662 4484 caeteras
1687 4445 1797 4483 om-
1910 4444 2073 4488 tutam
2115 4433 2242 4501 legis
2286 4433 2695 4499 ascripseramus
2721 4471 2736 4496 ,
2774 4433 3066 4486 interimit?
3115 4432 3290 4485 inanis
3342 4433 3440 4484 hu-

245 4541 343 4580 nes
374 4527 429 4580 in
460 4533 618 4578 terra
672 4519 1101 4588 repromissionis
1145 4520 1453 4587 metr0polis
1482 4521 1801 4582 nominatur,
1908 4521 2103 4573 milites
2130 4519 2436 4588 accipienda
2475 4529 2554 4582 est
2583 4520 2698 4583 illa,
2729 4535 2888 4588 quam
2930 4535 3113 4574 omnes
3150 4518 3305 4585 hujus
3336 4532 3439 4572 sae-

247 4625 298 4668 et
333 4612 693 4682 metropolim
740 4609 941 4662 Enach.
987 4609 1164 4662 Enach
1207 4609 1586 4675 interpretatur
1635 4608 1802 4660 humi-
1907 4609 2007 4662 culi
2047 4621 2210 4676 poeta:
2247 4609 2324 4660 vel
2355 4608 2641 4674 philosophi
2692 4611 2754 4662 de
2806 4609 3076 4662 divinitate
3127 4614 3440 4668 senserunt,

248 4705 370 4756 litos
400 4703 609 4766 inanis,
651 4699 734 4752 vel
760 4700 1017 4766 responsio
1055 4699 1226 4750 inanis
1248 4696 1383 4765 (66).
1423 4697 1641 4764 Accepit
1677 4711 1804 4764 ergo
1905 4697 2031 4764 quia
2065 4707 2116 4750 et
2150 4696 2364 4749 humilia
2391 4705 2441 4750 et
2474 4697 2581 4750 Deo
2617 4698 2826 4766 indigna
2849 4707 2970 4752 sunt
3004 4710 3119 4764 qua:
3139 4702 3438 4748 senserunt.

313 4805 486 4862 9°Jos.
507 4801 712 4868 “7,15.
752 4809 796 4842 ⁸⁸
823 4809 972 4875 ibid.,
997 4808 1084 4861 16.
1157 4808 1202 4840 ⁸³
1223 4806 1377 4870 ibid.,
1451 4807 1534 4871 18,
1576 4809 1656 4872 l9,
1685 4809 1753 4863 20

250 4883 294 4914 ⁶⁴
323 4881 343 4933 l
371 4882 514 4935 Rea.
556 4893 683 4932 xm.

1933 4809 2115 4866 Matth.
2167 4824 2242 4873 ιι,
2287 4811 2374 4864 29.
2448 4811 2494 4842 ⁸⁸
2521 4809 2650 4864 Luc.
2693 4826 2802 4874 xlv,
2841 4811 2925 4864 11.
2998 4808 3089 4861 ⁸⁸1
3135 4808 3354 4869 Petr.v,
3385 4804 3436 4858 6.

423 4896 514 4950 eg.
556 4893 683 4932 χιιι.

323 5018 440 5085 <66)
485 5016 680 5070 Εηαειι
712 5017 1081 5085 επιενρνειαων
1119 5010 1598 5085 “militumad?
1629 5010 1707 5085 υρι
1731 5025 1810 5063 τε·
1919 5015 2086 5085 ’πων
2109 5010 2164 5085 ει
2185 5002 2546 5085 senatus!“
2585 5017 2732 5085 suam
2773 4999 2987 5085 (item?
3001 5004 3259 5085 £1233?!
3279 4994 3450 5085 Im?

257 5071 470 5144 sponsio
520 5085 726 5154 inanis.
763 5071 860 5154 A_b'
886 5091 988 5144 my
1022 5097 1040 5129 ι
1072 5079 1366 5146 respondit,
1397 5078 1752 5144 ltumiliavit,i

1950 5084 2070 5146 ueus
2105 5087 2121 5117 ι
2149 5078 2203 5122 et
2224 5079 2313 5154 ID,
2343 5080 2408 5133 ra,
2441 5090 2458 5120 ι
2491 5079 2699 5138 praeter,
2728 5077 2875 5122 extra
2895 5108 2912 5129 ,
2949 5084 2966 5112 ι
2997 5073 3049 5114 et
3073 5071 3188 5120 mni
3222 5079 3238 5107 ι
3277 5074 3453 5109 C0nSl-

255 5136 848 5231 p'ﬁnivacuusginanis.
883 5136 1000 5231 ii".
1250 5227 1264 5231 _
1301 5136 1421 5231 ..⁷η
1484 5213 1604 5231 dm
1704 5136 1734 5231 Ἰ

1704 5136 1716 5144 ⁷
1921 5136 2066 5190 lium.
2098 5155 2116 5185 ι
2231 5136 2240 5154 ¹
2492 5136 2506 5138 ί
3053 5209 3065 5219 .
3111 5207 3122 5217 .
3154 5206 3164 5216 ς

325 5202 436 5290 (87)
471 5202 578 5274 Ms.
612 5202 923 5286 senserim”
942 5232 962 5265 ι
987 5214 1209 5267 habitat.
1249 5227 1269 5260 ι
1301 5209 1447 5266 L'bb.
1476 5213 1641 5267 editi:
1677 5233 1694 5265 ι
1723 5215 1814 5266 Ita-
1991 5218 2097 5287 (70)
2125 5218 2372 5280 Thalami,
2401 5220 2485 5286 qui
2512 5220 2880 5290 interpretatur
2910 5202 3468 5290 pirwcipitiumeetsu-

258 5282 541 5364 bilit’igiLl-D
640 5353 651 5364 .
729 5282 781 5364 '_
836 5351 848 5364 ,
897 5360 906 5364 _
1234 5354 1363 5364 __,_,
1580 5346 1631 5364 ιι
1710 5355 1761 5364 --.

1969 5282 2134 5350 tensio.
2169 5282 2453 5364 Suspensio
2476 5314 2503 5350 ει
2530 5282 2682 5354 Γὸηήι
2715 5289 3030 5364 suspendit,
3063 5301 3079 5329 ι
3104 5282 3472 5364 praecipitium

328 5356 454 5443 φρ),
476 5351 1197 5443 saevaesaevae:
1566 5346 1650 5399 At»
1710 5355 1816 5428 γπη
1921 5338 2503 5430 Ξῗιῖὲζῖἐιᾜῦξᾱὶῖὧὶ’ᾞίόῖ
2532 5338 2698 5443 “.34..
2884 5356 3117 5417 vis...
3151 5352 3259 5403 ,πεδί
3302 5366 3332 5401 ε
3361 5338 3482 5410 sn

259 5439 278 5468 '
311 5414 504 5497 ἐξέέαε
539 5431 600 5497 9‘.
631 5414 964 5494 ιῖιίοηοηιὲηρ
988 5414 1290 5497 ,δηίηῗὶλμ
1724 5414 1748 5497 ’,
1922 5414 2232 5497 ἲ“ἑὶέίἑῖυὲ.“’ῖ

259 5477 1815 5620 ..ii.it’auinc.hs§':pié:3";si";3537333315.?iig'iii'é‘iiii?
1987 5525 2089 5593 (τι)
2104 5524 2628 5588 υαὺίνίηεενιπεεαταν
2641 5513 2863 5584 ίοφιεία·
2879 5508 3089 5559 “3“
3109 5497 3331 5548 ¹⁰⁰““¹⁵
3349 5499 3457 5544 ⁸⁵⁸·
3472 5510 3492 5542 ³
