3806 6256
336 344 432 398 927

1736 321 2046 382 ORIGENIS

3465 281 3557 336 9‘13

339 453 471 520 Quid
509 453 649 507 enim
693 459 801 505 tam
849 449 1048 504 humile
1091 455 1145 501 et
1189 446 1314 514 quid
1362 453 1466 499 tam
1511 444 1738 498 inaniter
1769 444 1869 497 hn-
1897 443 1944 498 A
1970 448 2093 489 num
2154 432 2338 520 (ξανθῇ
2362 439 2540 520 alie“:
2571 422 2810 520 θξὴξυτη
2838 415 2868 468 Ῡ
2893 409 3050 520 illam
3241 397 3556 520 Ἰξωῖἓῗξῗξ

339 542 462 594 mile
496 557 652 610 quam
693 541 836 606 ligna
882 548 936 592 et
988 538 1183 604 lapides
1229 537 1354 589 deos
1400 535 1480 588 vel
1519 544 1756 588 astruere
1789 533 1868 587 vel

339 639 524 699 putare
559 628 700 700 (72)?
719 629 881 696 Hujus
910 643 1036 696 ergo
1063 627 1234 679 inanis
1261 626 1575 678 humilitatis
1598 625 1734 677 ﬁlius
1760 625 1868 690 pri-

338 735 459 784 mus
488 727 570 772 est
604 717 780 779 Susui,
812 717 898 784 qui
930 717 1121 770 dicitur
1145 723 1289 766 extra
1317 729 1422 775 me,
1445 715 1542 765 hoc
1567 721 1649 764 est
1672 712 1870 776 primus

342 822 528 859 sensus
549 823 730 860 eorum
752 818 806 858 et
827 814 976 858 ρχιιθει
999 804 1299 862 veritatem,
1327 811 1382 854 ει
1415 811 1566 853 extra
1585 799 1746 851 Deum
1767 806 1870 848 est.

345 895 618 950 Secundus
651 909 777 949 vero
810 896 1089 958 Aehiman,
1114 895 1163 947 id
1192 902 1272 947 est
1304 893 1468 945 frater
1490 892 1604 944 sine
1632 886 1871 941 consilio.

346 987 565 1039 Rectum
584 994 664 1039 est
680 1000 824 1050 vero,
849 988 968 1053 quia
985 996 1035 1038 et
1049 987 1145 1038 iste
1159 985 1323 1038 frater
1343 981 1562 1036 sitillius
1577 976 1872 1044 errorisqui

345 1079 459 1130 sine
481 1076 703 1130 consilio
716 1077 932 1143 geritur.
948 1075 1080 1138 Quid
1103 1074 1239 1126 enim
1263 1081 1366 1125 tam
1392 1072 1506 1124 sine
1525 1068 1746 1123 consilio
1772 1077 1874 1131 est,

348 1179 502 1234 quam
555 1163 855 1230 relinquere
889 1163 1050 1214 Deum
1109 1161 1197 1228 qui
1237 1174 1330 1211 nos
1353 1158 1499 1222 fecit,
1533 1166 1587 1211 et
1611 1155 1760 1222 sequi
1785 1169 1878 1208 eos

351 1271 482 1324 quos
519 1269 617 1308 nos
650 1254 916 1308 fecimus?
946 1254 1157 1307 Tertius
1183 1251 1383 1306 erroris
1417 1263 1603 1303 sensus
1630 1256 1711 1300 est
1741 1247 1878 1299 Tha-

351 1345 500 1407 lami,
525 1343 666 1410 quod
701 1351 784 1396 est
812 1342 1156 1409 praacipitium
1200 1340 1281 1392 vel
1329 1339 1627 1405 suspensio.
1654 1336 1880 1388 Novissi-

352 1445 433 1482 ma
470 1444 695 1497 namque
720 1429 871 1494 hujus
901 1429 1103 1481 erroris
1134 1428 1352 1480 tendunt
1383 1427 1434 1478 in
1457 1425 1798 1492 prtecipitium
1829 1431 1883 1477 et

353 1521 405 1574 in
451 1521 764 1590 profundum
814 1520 1030 1575 inferni.
1064 1520 1204 1588 Ergo
1238 1520 1331 1572 hos
1353 1515 1664 1584 gentilitatis
1691 1527 1883 1566 sensus

352 1618 603 1676 tanquam
655 1610 790 1664 ﬁlios
835 1610 1012 1662 Enach
1053 1608 1244 1660 vetusti
1287 1605 1488 1659 erroris
1517 1604 1740 1656 abscidit
1775 1603 1880 1666 lex,

354 1712 469 1764 quae
490 1699 649 1753 etiam
677 1697 964 1751 secundum
998 1696 1228 1750 litteram
1252 1696 1412 1748 Deum
1437 1707 1616 1746 verum
1645 1701 1698 1744 et
1725 1691 1883 1744 Crea-

355 1793 522 1839 torem
549 1785 783 1838 onmium
814 1785 1085 1853 prwdieat.

423 1873 475 1926 6.
517 1874 620 1927 Sed
657 1888 797 1926 nunc
830 1874 1072 1926 ascendit
1117 1872 1280 1925 Caleb
1312 1872 1377 1923 ad
1423 1870 1575 1923 istam
1614 1869 1882 1921 civitatem

355 1961 742 2025 litterarum,et
768 1961 898 2014 dixit
920 1962 961 1992 ⁸⁷
995 1978 1007 2012 :
1038 1978 1057 2010 ‹
1086 1960 1395 2026 Quicunque
1432 1957 1715 2011 exsciderit
1749 1957 1879 2008 civi-

359 2059 522 2104 tatem
562 2051 716 2103 istam
759 2050 1074 2112 litterarum,
1106 2058 1160 2102 et
1184 2049 1474 2101 obtinuerit
1498 2061 1645 2109 eam,
1674 2044 1811 2097 dabo
1839 2044 1887 2097 ei

360 2140 523 2191 Axam
550 2138 706 2190 ﬁliam
731 2153 901 2192 meam
941 2152 1184 2190 uxorem.
1215 2136 1279 2189 Et
1305 2137 1444 2202 cepit
1467 2149 1582 2187 eam
1609 2133 1890 2187 Gothoniel

363 2227 502 2280 ﬁlius
535 2226 799 2282 Chenner.
839 2246 857 2277 ι
898 2225 1180 2280 Gothoniel
1205 2233 1384 2276 autem
1416 2226 1502 2290 qui
1532 2223 1737 2287 accepit
1766 2222 1893 2275 civi-

368 2324 531 2368 tatem
562 2314 882 2377 litterarum,
920 2314 1300 2380 interpretatur
1345 2309 1604 2380 responsio
1640 2309 1728 2360 Dei
1757 2309 1890 2377 (75).

366 2403 660 2470 Responsio
683 2412 857 2456 autem
885 2403 973 2455 Dei
1004 2403 1106 2454 diei
1131 2411 1298 2470 potest
1319 2405 1402 2456 cui
1430 2404 1705 2470 respondet
1737 2403 1893 2464 Deus,

367 2490 469 2544 hoc
501 2500 585 2543 est
609 2491 689 2546 cui
742 2491 941 2543 revelat
980 2500 1206 2554 secreta,
1236 2500 1288 2544 et
1321 2491 1503 2556 pandit
1542 2505 1755 2542 arcana.
1793 2488 1898 2543 Iste

367 2593 492 2648 ergo
525 2588 606 2632 est
642 2580 731 2646 qui
768 2588 940 2646 potest
985 2581 1224 2646 accipere
1271 2579 1534 2631 civitatem
1576 2578 1895 2641 litterarum,

368 2677 423 2721 et
447 2668 642 2721 veteris
683 2668 1014 2721 instrumenti
1051 2668 1362 2721 exscindere
1396 2668 1624 2720 litteram
1655 2668 1900 2720 occiden-

375 2766 498 2810 tem.
549 2757 737 2810 Frater
769 2756 930 2810 Caleb
954 2757 1152 2822 junior.
1186 2757 1297 2826 Ego
1352 2765 1526 2809 autem
1565 2771 1679 2809 sum
1709 2757 1774 2808 de
1802 2757 1902 2810 Ec-

373 2844 533 2898 clesia
570 2845 730 2897 frater
756 2843 918 2897 Caleb
943 2845 1138 2911 junior,
1177 2847 1265 2911 qui
1303 2845 1536 2897 exscissa
1552 2859 1614 2896 ac
1661 2844 1902 2896 discussa

377 2932 504 3002 legis
529 2933 721 2996 littera,
750 2948 965 3002 sensum
992 2935 1042 2986 in
1073 2950 1133 2986 ea
1163 2933 1486 3000 spiritualem
1527 2932 1760 2998 requiro.
1800 2933 1902 2984 Ex-

1967 490 2256 578 solvera‘nt-
2288 490 2545 585 discipuli
2611 505 2984 569 Salvatoris)
3012 538 3026 560 ,
3068 493 3202 551 dicit
3255 490 3322 546 ad
3373 496 3562 585 patrem

1968 629 2120 671 suum
2166 611 2209 642 ⁸⁹
2252 625 2264 660 :
2311 625 2330 658 ι
2389 580 2462 660 Da
2526 603 2674 658 mihi
2734 591 3245 653 benedictionem,
3298 593 3464 648 pater.
3510 580 3567 635 Et

1970 703 2174 773 accepit
2197 700 2481 756 Gonetlam
2521 693 2917 762 superiorem,
2949 693 3009 738 et
3040 673 3568 773 GenetlamIiu-fer-ie-

1972 763 2112 847 rem.-
2162 789 2322 860 M7
2357 807 2377 838 ι
2429 785 2586 851 Quod
2621 775 2952 835 evidentius
2986 767 3297 838 Apostolus
3337 764 3462 816 dicit
3489 763 3568 814 "z

1979 900 1997 932 ι
2027 858 2476 932 Pollicitationem
2524 873 2744 924 habens
2771 866 2910 917 vitae
2940 860 3068 926 ejus
3101 870 3229 925 quae
3259 866 3402 906 nunc
3422 858 3500 906 est
3527 861 3573 905 et

1974 969 2187 1022 futurae.
2231 984 2248 1016 ι
2288 964 2354 1018 Et
2406 972 2466 1016 ut
2500 959 2770 1014 Salvator
2821 946 3186 1018 repromittit
3220 945 3293 1000 iis
3334 944 3424 1012 qui
3468 959 3574 996 ver-

1977 1059 2026 1112 bi
2059 1057 2142 1111 sui
2173 1054 2568 1124 perfectionem
2605 1055 2957 1116 sequuntur,
2986 1039 3124 1110 quia
3170 1033 3442 1124 accipiant
3464 1044 3575 1085 ceu-

1980 1123 2182 1211 tupluin
2214 1141 2323 1209 (76)
2351 1141 2403 1192 in
2446 1137 2708 1206 przesenti
2749 1133 2995 1193 swculo,
3106 1125 3164 1179 in
3205 1123 3391 1176 futuro
3417 1131 3575 1174 autem

1978 1230 2144 1280 vitam
2175 1237 2436 1279 aeternam
2485 1229 2918 1289 consequantur
2946 1218 3021 1268 9‘.
3049 1214 3174 1268 Hoc
3189 1221 3418 1278 estergo
3443 1223 3576 1262 acce-

1980 1321 2124 1386 pisse
2155 1318 2206 1369 in
2238 1314 2623 1368 benedictione
2655 1309 2966 1364 Gonetlam
2997 1303 3384 1372 superiorem,
3413 1307 3466 1353 et
3489 1297 3582 1353 Go-

1981 1407 2178 1459 netlam
2212 1404 2551 1458 inferiorem.
2583 1402 2763 1466 Quam
2798 1395 3278 1452 benedictionem
3305 1404 3511 1444 oremus
3535 1398 3582 1442 ut

1981 1505 2036 1548 et
2083 1510 2180 1548 nos
2237 1493 2506 1560 consequi
2550 1503 2901 1552 mereamur,
2939 1500 3045 1554 per
3091 1482 3378 1537 Christum
3423 1479 3580 1532 Domi-

1983 1601 2109 1637 num
2146 1595 2390 1638 nostrum
2411 1624 2426 1646 ,
2457 1583 2546 1636 cui
2573 1590 2662 1635 est
2693 1579 2880 1648 gloria
2906 1585 2968 1632 et
3002 1573 3310 1642 imperium
3342 1570 3394 1623 in
3411 1568 3584 1624 saecula

1983 1676 2324 1729 saeculorum.
2347 1679 2523 1728 Amen
2543 1723 2546 1725 Α

2541 1783 2840 1842 llOMlLlA
2887 1779 3042 1834 XXI.

1983 1879 2060 1932 De
2092 1877 2216 1945 ﬁliis
2256 1876 2433 1938 Iuda,
2464 1877 2556 1943 qui
2603 1891 2710 1927 non
2761 1877 3078 1945 potuerunt
3114 1866 3418 1934 disperdere
3444 1861 3585 1918 Iebu-

2474 1939 2610 1996 sceos
2656 1951 2724 1995 de
2763 1939 3117 1994 Jerusalem.

2058 2058 2110 2110 1.
2135 2057 2252 2110 Filii
2281 2055 2414 2109 Juda
2444 2053 2706 2107 volebant
2728 2049 3076 2119 disperdere
3099 2045 3187 2100 vel
3208 2040 3586 2100 interimeche-

1991 2147 2199 2199 busaros
2247 2147 2314 2197 de
2358 2141 2665 2195 Jerusalem
2707 2157 2727 2189 ι
2769 2147 2829 2192 et
2863 2151 2982 2189 non
3030 2141 3370 2200 potuerunt,
3403 2141 3590 2199 propter

1991 2236 2131 2304 quod
2180 2233 2495 2286 habitarunt
2531 2228 2774 2283 Jebusmi
2819 2242 2955 2280 cum
3003 2225 3142 2277 ﬁliis
3185 2221 3325 2277 Juda
3370 2221 3421 2273 in
3458 2219 3587 2272 Jeru-

1994 2325 2162 2378 salem
2208 2337 2381 2390 usque
2425 2321 2476 2374 iu
2518 2320 2863 2373 hodiernum
2902 2316 3058 2370 diem
3101 2317 3173 2368 “.
3211 2331 3230 2364 ι
3279 2311 3522 2363 Volumus
3563 2323 3587 2359 a

1993 2416 2171 2468 littera
2209 2412 2528 2479 incipientes
2569 2409 2862 2476 inquirere
2893 2407 2970 2460 ab
3009 2406 3080 2459 iis
3125 2403 3222 2473 qui
3274 2409 3456 2472 putant
3495 2400 3586 2452 hac

1996 2503 2287 2557 secundum
2326 2501 2566 2552 litteram
2590 2510 2746 2552 stare
2783 2512 2988 2567 posse,
3022 2496 3161 2563 quid
3193 2503 3278 2547 est
3311 2491 3448 2559 quod
3475 2488 3589 2541 dici-

1999 2601 2084 2644 tur
2109 2591 2218 2660 (77)
2279 2609 2297 2640 ‹
2335 2604 2506 2657 usque
2535 2590 2587 2642 in
2635 2588 2988 2641 hodiernum
3040 2587 3191 2638 diem
3228 2600 3243 2634 :
3278 2601 3297 2633 ι
3332 2579 3466 2650 quod
3488 2594 3586 2632 ver-

1999 2683 2123 2736 bum
2150 2694 2365 2746 semper
2395 2677 2685 2744 Scriptura
2738 2691 2844 2743 pro
2877 2691 2950 2729 eo
2994 2674 3158 2741 ponit
3198 2673 3281 2733 ⁸³,
3319 2681 3372 2723 ut
3399 2669 3585 2722 aeterni-

2003 2779 2160 2822 tatem
2184 2765 2364 2819 saeculi
2399 2779 2496 2832 per
2518 2765 2621 2816 hoc
2645 2761 2961 2830 significet,
2997 2760 3153 2812 sicnt
3176 2765 3234 2808 et
3257 2754 3386 2807 dicit
3413 2770 3428 2807 :
3453 2769 3470 2802 ι
3500 2749 3588 2804 Νο-

2003 2858 2093 2910 lite
2128 2855 2375 2908 recedere
2405 2869 2433 2904 a
2463 2852 2694 2905 Domino
2727 2852 2782 2902 in
2807 2850 3096 2903 hodierno
3120 2845 3232 2907 die,
3263 2864 3282 2895 ι
3314 2843 3363 2895 id
3384 2842 3585 2907 est,do-

2004 2959 2103 2997 nec
2131 2941 2381 2995 saeculum
2405 2947 2534 2993 stat.
2575 2939 2861 2991 Ostendat
2894 2951 3039 3004 ergo
3071 2934 3208 2986 mihi
3236 2930 3490 2998 quomodo
3511 2927 3584 2980 Je-

377 3022 558 3075 scindo
579 3033 752 3075 autem
777 3023 1028 3086 litteram,
1056 3039 1176 3075 eum
1202 3022 1310 3089 jam
1341 3037 1441 3074 non
1469 3021 1757 3074 secundum
1788 3036 1900 3072 car-

2027 3045 2215 3084 iusaaus
2237 3029 2408 3081 donec
2445 3026 2708 3078 smeulum
2746 3033 2887 3086 stat,
2923 3023 3153 3076 habitat
3183 3036 3305 3074 ettm
3338 3019 3452 3072 ﬁliis
3472 3015 3583 3068 Juda

381 3129 498 3167 nem
533 3113 903 3176 circumcidor,
941 3128 1108 3178 neque
1138 3111 1424 3165 secundum
1468 3125 1682 3163 carnem
1718 3124 1904 3177 azyma

383 3205 673 3266 manduco,
708 3219 876 3272 neque
917 3204 1117 3257 Pascha
1157 3217 1275 3254 cum
1313 3199 1508 3252 Judzris
1539 3197 1783 3260 observo,
1816 3213 1909 3250 ne-

384 3306 486 3361 que
508 3291 791 3344 Sabbatutn
817 3293 1105 3346 secuudum
1145 3292 1368 3344 litteram
1403 3304 1550 3342 curo.
1581 3290 1906 3342 Promissum

385 3392 616 3444 namque
650 3378 774 3430 mihi
803 3388 903 3442 est,
929 3378 1074 3446 quia,
1105 3377 1147 3430 si
1173 3376 1448 3430 exscidero
1474 3374 1738 3430 civitatem
1767 3375 1909 3426 litte-

389 3481 589 3529 rarum,
621 3477 933 3534 accepturus
962 3470 1059 3520 sint
1105 3467 1267 3519 ﬁliam
1314 3465 1495 3518 fratris
1529 3465 1629 3516 mei
1673 3463 1907 3530 majoris.

391 3555 544 3608 Eram
565 3571 790 3624 namque
806 3560 950 3624 prius
975 3558 1111 3610 ﬁlius
1125 3556 1389 3616 Chenner,
1416 3554 1504 3622 qui
1535 3554 1913 3620 interpretatur

388 3645 593 3712 spretio.
613 3645 742 3710 Quis
766 3647 907 3698 enim
935 3655 1049 3699 erat
1067 3645 1264 3711 spretio
1293 3643 1424 3711 (74),
1453 3643 1590 3696 sicut
1613 3658 1705 3694 nos
1729 3651 1914 3710 gentes

390 3734 601 3788 alienati
623 3750 650 3786 a
669 3736 1064 3789 conversatione
1085 3735 1264 3796 Israel,
1286 3748 1430 3800 spem
1450 3748 1550 3784 non
1573 3733 1845 3795 hahentcs,
1861 3739 1914 3784 et

391 3825 504 3879 sine
534 3824 641 3878 Deo
663 3825 713 3877 in
732 3825 834 3878 hoc
857 3825 1091 3878 mundo?
1118 3823 1246 3875 Nam
1281 3824 1426 3890 prior
1451 3823 1536 3875 ille
1561 3821 1720 3873 frater
1745 3836 1912 3885 meus,

391 3915 540 3982 cujus
554 3931 690 3968 nunc
704 3916 906 3982 accipio
925 3915 1077 3968 ﬁliam
1096 3929 1188 3980 pro
1200 3929 1262 3967 eo
1275 3913 1412 3980 quod
1429 3912 1626 3969 exscidi
1645 3913 1914 3965 civitatem

392 4005 709 4069 litterarum,
739 4006 825 4058 ille
846 4007 985 4060 ﬁlius
1015 4005 1216 4060 Jeﬁotie
1254 4003 1372 4064 fuit,
1408 4003 1497 4070 qui
1539 4004 1920 4069 interpretatur

394 4096 672 4148 conversio.
695 4095 790 4148 Dat
812 4095 935 4146 mihi
954 4109 1083 4162 ergo
1101 4093 1260 4146 ﬁliam
1278 4107 1446 4156 suam,
1473 4093 1523 4144 id
1546 4100 1627 4143 est
1641 4090 1918 4143 scientiam

395 4184 488 4238 Dei
517 4185 623 4247 sui,
646 4185 730 4237 vel
765 4184 1165 4253 intelligentiam
1207 4183 1335 4235 mihi
1371 4182 1478 4248 (75)
1527 4183 1718 4235 minori
1773 4180 1920 4233 lratri

398 4273 485 4326 dat
508 4273 614 4336 lex,
641 4275 927 4325 secundum
969 4273 1109 4340 quod
1131 4273 1384 4338 scriptum
1413 4283 1496 4323 est
1522 4272 1565 4302 ⁸⁸
1595 4288 1608 4324 :
1641 4289 1660 4321 ι
1704 4270 1923 4323 Aufere-

2007 3121 2058 3172 in
2084 3116 2410 3177 Jerusalem,
2443 3115 2647 3182 quippe
2683 3128 2814 3166 cum
2854 3127 2926 3164 ne
2963 3112 3070 3178 ipsi
3109 3111 3331 3179 quidem
3365 3107 3450 3158 ﬁlii
3476 3103 3584 3157 Juda

2005 3207 2246 3260 habitent
2275 3207 2326 3258 in
2361 3203 2690 3259 Jerusalem.
2726 3205 2858 3257 ldeo
2891 3220 3040 3272 ergo
3086 3217 3188 3256 nec
3235 3199 3374 3253 istud
3399 3197 3583 3248 verbum

2007 3309 2123 3350 esse
2155 3294 2372 3360 poterit,
2405 3291 2549 3358 quod
2591 3290 2836 3344 Jebusaai
2880 3307 3017 3344 cum
3051 3289 3262 3344 Judaeis
3301 3284 3521 3340 habitent
3543 3281 3584 3332 in

2008 3385 2335 3444 Jerusalem,
2365 3381 2816 3450 quandoquidem
2863 3394 2938 3432 ne
2975 3381 3080 3448 ipsi
3131 3378 3346 3446 quidem
3376 3372 3586 3426 habitant

2011 3475 2063 3528 in
2091 3488 2173 3526 ea.
2204 3472 2310 3526 Sed
2346 3485 2443 3523 nos
2475 3471 2857 3536 intelligamus
2891 3471 3018 3524 haec
3048 3465 3428 3538 spiritualiter,
3459 3473 3587 3512 assu-

2011 3573 2219 3617 mentes
2241 3561 2510 3628 Evangelii
2553 3559 2885 3627 parabolam
2919 3578 3056 3631 qua;
3076 3559 3209 3612 dicit
3232 3557 3298 3609 de
3321 3549 3584 3606 zizanii”:

2024 3667 2043 3699 ‹
2081 3646 2250 3703 Sinite
2287 3657 2520 3718 utraque
2582 3663 2868 3715 crescere,
2895 3663 2970 3704 ne
3009 3648 3293 3702 fortecum
3316 3641 3465 3695 vultis
3489 3649 3587 3690 era-

2015 3743 2194 3796 dicare
2241 3740 2482 3799 zizania,
2539 3738 2844 3792 eradicetis
2895 3739 3071 3791 simul
3129 3751 3255 3791 cum
3290 3733 3413 3802 ipsis
3451 3727 3584 3782 etiam

2015 3830 2272 3882 triticum.
2312 3847 2330 3879 ι
2371 3827 2523 3879 Sicut
2571 3841 2706 3896 ergo
2762 3829 2820 3880 in
2874 3828 3191 3897 Evangelio
3244 3822 3587 3894 permittuntur

2019 3921 2220 3972 zizauia
2261 3918 2417 3970 simul
2459 3933 2582 3970 cum
2631 3916 2827 3970 tritico
2876 3933 3148 3972 crescere
3182 3933 3196 3968 :
3227 3915 3408 3968 eodem
3457 3905 3586 3961 modo

2018 4009 2178 4062 etiam
2229 4008 2315 4060 hic
2355 4009 2406 4059 in
2451 4006 2760 4060 Jerusalem
2787 4045 2804 4069 ,
2863 4007 2920 4061 id
2979 4017 3068 4061 est
3121 4007 3177 4060 in
3216 4001 3443 4057 Ecclesia
3488 4002 3588 4050 sunt

2021 4097 2236 4164 quidam
2290 4095 2556 4160 Jehusazi,
2601 4097 2690 4150 isti
2721 4097 2820 4162 qui
2863 4097 3174 4164 ignobilem
3206 4104 3262 4150 et
3307 4094 3585 4160 degenerem

2024 4187 2184 4239 vitam
2217 4187 2443 4247 ducunt,
2469 4185 2562 4252 qui
2607 4195 2664 4238 et
2697 4187 2808 4240 ﬁde
2829 4227 2844 4248 ,
2875 4199 2935 4241 et
2969 4189 3218 4250 actibus,
3247 4194 3300 4239 et
3327 4181 3460 4238 omni
3484 4193 3587 4230 enn-

2027 4275 2326 4328 versatioue
2367 4290 2464 4327 sua
2507 4278 2754 4342 perversi
2791 4287 2953 4332 sunt.
2988 4279 3180 4346 Neque
3205 4276 3344 4329 enim
3368 4266 3586 4340 possibile

400 4369 485 4412 ῑιιτ
509 4375 538 4411 ³
568 4361 713 4412 νοῦῖε
767 4374 981 4426 regnum
1030 4358 1142 4420 Dei.
1183 4365 1238 4410 ει
1273 4357 1483 4410 dabillﬂ'
1523 4369 1666 4425 881111
1701 4359 1917 4411 facienti
1951 4351 1994 4403 Ῑ)
2023 4371 2102 4416 est
2128 4364 2192 4415 ad
2218 4364 2474 4430 liquidum
2502 4366 2719 4432 purgari
2753 4365 3070 4420 Ecclesium
3097 4369 3226 4419 dum
3261 4365 3310 4417 in
3336 4360 3480 4414 terris
3503 4363 3585 4414 est.

398 4448 602 4502 fructus
627 4447 758 4515 ejus.
797 4467 814 4499 ι
857 4447 1140 4501 Sciendum
1174 4457 1346 4500 tamen
1388 4455 1468 4499 est
1509 4447 1651 4499 aliud
1688 4462 1806 4500 esse
1849 4448 1922 4500 le-

400 4554 538 4608 gem,
584 4540 731 4607 cujus
765 4553 905 4592 nunc
954 4554 1232 4606 personam
1279 4538 1517 4591 dedimus
1553 4536 1734 4600 Caleb,
1782 4536 1922 4588 aliud

402 4631 631 4685 litteram
665 4628 867 4682 Veteris
904 4629 1420 4695 Testameuti,quam
1467 4627 1736 4680 civitatem
1791 4626 1923 4693 ﬁgu-

403 4720 587 4773 raliter
615 4718 844 4770 diximus
878 4717 1190 4770 litterarutn.
1240 4719 1468 4784 Accepta
1503 4731 1631 4782 ergo
1673 4717 1775 4767 ﬁlia
1811 4718 1925 4783 ejus

401 4824 499 4877 ego
534 4808 698 4861 frater
739 4807 851 4873 ejus
885 4805 1064 4872 junior
1093 4804 1258 4856 educo
1298 4819 1412 4856 eam
1464 4803 1529 4854 de
1560 4805 1715 4854 domo
1760 4805 1926 4870 patris

402 4900 504 4953 sui.
554 4899 682 4962 Quae
730 4911 846 4949 cum
895 4895 1102 4947 venerit
1138 4908 1340 4946 mecum
1377 4893 1564 4945 sedeas
1607 4907 1763 4959 super
1807 4895 1924 4945 ‘asi-

469 5009 512 5038 3"
546 5005 654 5060 Jos.
688 5021 775 5065 xv,
804 5005 889 5066 10,
927 5005 1010 5055 17.
1081 5003 1124 5033 ⁸⁸
1155 5001 1336 5072 hlatth.
1369 5017 1474 5063 XM,
1720 5000 1831 5056 Jos.
1864 5020 1952 5072 xv,
1995 5007 2084 5061 l9.

405 5077 495 5131 63.
567 5075 649 5125 "l
686 5075 812 5143 lleg.
834 5089 906 5125 xu
924 5111 937 5131 .
956 5072 1043 5124 20.
1088 5071 1134 5101 ⁸⁵
1153 5070 1336 5122 Matth.
1357 5085 1472 5132 xui,
1496 5070 1582 5133 ‘29,
1601 5068 1686 5120 50.

474 5167 586 5238 ('72)
627 5166 776 5238 lllss.,
827 5183 844 5215 ς
874 5165 1028 5238 λάρος
1082 5163 1162 5216 vel
1225 5171 1466 5238 astruere
1516 5160 1597 5212 vel
1645 5164 1869 5230 putare?
1910 5182 1930 5215 ι

411 5230 577 5290 ιλῡυξ
605 5236 751 5295 editi,
797 5253 814 5284 σ
855 5235 982 5286 deos
1006 5230 1282 5285 astruere?
1317 5249 1332 5276 ι

480 5305 591 5373 (³75)
633 5300 898 5356 Gothoniel
1007 5303 1372 5373 interpretatur
1403 5298 1663 5365 responsio
1691 5297 1802 5354 Dei.
1853 5299 1935 5353 Ab

419 5369 520 5454 fuit
554 5369 582 5440 «-
606 5393 874 5454 respondit
911 5405 930 5437 ι
949 5392 1004 5440 el
1026 5369 1097 5446 ΒΝ
1117 5408 1135 5440 ι
1160 5387 1351 5441 Deus.»

487 5458 600 5525 (⁸74)
639 5455 976 5524 Cﬁenner,qui
1005 5460 1371 5521 interpretatur
1396 5456 1604 5521 spretio.
1646 5455 1775 5518 Quis
1801 5457 1938 5509 enim

2027 4451 2100 4506 ita
2130 4463 2186 4506 ut
2209 4467 2384 4520 neque
2421 4454 2622 4520 impius
2647 4455 2700 4506 in
2730 4471 2796 4508 ea
2841 4460 3142 4527 quisquam
3166 4497 3182 4521 ,
3215 4467 3388 4522 neque
3429 4461 3586 4518 pecca-

2031 4555 2114 4598 tor
2144 4545 2380 4599 residere
2421 4544 2696 4608 videatur,
2727 4547 2827 4599 sed
2882 4549 2999 4602 sint
3037 4550 3092 4602 in
3129 4563 3192 4601 ea
3225 4558 3405 4599 omnes
3439 4536 3582 4593 sancti

2031 4645 2080 4689 et
2113 4635 2274 4700 beati,
2307 4643 2361 4688 et
2399 4635 2452 4687 in
2481 4636 2685 4704 quibus
2727 4638 2882 4690 nulla
2913 4654 3148 4706 prorsus
3181 4635 3381 4707 peccati
3411 4627 3582 4684 macula

2031 4723 2480 4790 deprehendatur.
2515 4723 2621 4776 Sed
2661 4722 2811 4778 sicut
2845 4727 3055 4781 dicitur
3086 4729 3155 4780 de
3188 4723 3401 4778 zizaniis
3431 4735 3446 4771 :
3481 4735 3497 4766 ι
3522 4713 3582 4766 Nc

2033 4807 2171 4862 forte
2198 4810 2543 4864 cradicantes
2574 4812 2789 4866 zizania
2817 4815 2991 4868 simul
3024 4830 3146 4869 cum
3192 4813 3294 4865 illis
3336 4802 3583 4861 eradicetis

2028 4906 2081 4950 et
2113 4899 2393 4966 triticum;
2427 4918 2444 4950 ι
2483 4901 2556 4953 ita
2581 4903 2750 4955 etiam
2785 4918 2958 4972 super
2987 4906 3054 4958 iis
3080 4903 3186 4956 dici
3223 4907 3390 4968 potest
3417 4897 3462 4948 in
3484 4889 3580 4958 ψεῖ·

2162 5009 2253 5063 σοι
2285 5008 2426 5064 Tim.
2461 5026 2536 5074 tv,
2569 5010 2626 5064 8.
2702 5011 2751 5043 "
2786 5012 2985 5068 Matth.
3011 5029 3120 5076 xix,
3147 5012 3236 5066 29.
3310 5007 3354 5039 ’ί
3373 5003 3472 5060 Jos.
3507 5010 3578 5057 xv.

2046 5183 2167 5246 nos,
2209 5191 2227 5222 δ
2267 5183 2376 5229 etc.
2413 5173 2565 5230 Unde
2599 5187 2784 5229 auten:
2817 5174 3191 5230 Chennerdici
3225 5168 3383 5239 possit
3410 5174 3578 5246 {9}"?

2047 5237 2213 5314 ηυρλ
2245 5246 2334 5314 vel
2365 5264 2382 5295 ι
2428 5247 2634 5314 spretio
2666 5235 3289 5311 litterarumuignora're
3306 5251 3386 5290 me
3413 5235 3568 5287 fateor.

2123 5309 2239 5383 ('15)
2286 5313 2443 5370 Mihi.
2462 5309 2738 5370 'ltestituit
2765 5318 2938 5370 codex
2961 5309 3240 5380 Sangerm.

2126 5381 2243 5455 (iiii)
2272 5385 2414 5455 idem
2446 5401 2574 5451 ms.,
2611 5405 2628 5436 ε
2663 5387 2943 5455 centupla.
2980 5402 3022 5455 ι-
3063 5449 3074 5455 _
3268 5443 3286 5455 ν
3444 5430 3542 5455 ἐπ’,

2127 5435 2247 5527 lii)
2281 5435 2414 5527 Missi.
2433 5435 2522 5522 ,Πῖ
2536 5435 2691 5526 quid
2704 5435 2949 5527 Es’iil‘ub’a
2975 5449 3189 5506 dicitur;
3219 5464 3240 5500 ι
3265 5441 3407 5499 Libb.
3435 5435 3568 5496 editi,

425 5523 535 5591 erat
569 5523 774 5591 spretio,
797 5528 925 5578 sicut
962 5542 1072 5588 nos,
1093 5536 1195 5577 etc.
1233 5525 1320 5576 Sic
1343 5539 1490 5583 mss.;
1524 5532 1577 5575 at
1610 5525 1735 5575 libb.
1769 5524 1990 5577 editiﬂ
2058 5533 2078 5566 ε
2109 5523 2243 5590 quid
2267 5526 2486 5582 dicitur.
2526 5545 2546 5579 ι

432 5605 450 5638 ι
485 5589 744 5659 Cheuuer,
760 5595 1230 5662 quiinterpretatur
1249 5593 1442 5662 spretio
1470 5591 1782 5656 litterarum,
1803 5592 1937 5651 sicut
