3806 6206
219 261 334 317 929

1178 238 1248 297 IN
1288 245 1562 312 LIBRUM
1597 257 1761 312 JESU
1797 256 1979 312 NAVE
2018 255 2294 312 HOMILIA
2333 259 2494 315 XXII.

3318 267 3422 322 930

214 376 323 430 δας
364 364 440 419 vel
461 357 611 416 dubia
631 350 712 408 vel
741 345 958 444 occulta
973 363 1206 421 peccata
1241 377 1392 421 sunt.
1419 367 1604 439 Neque
1646 375 1788 425 enim
1818 376 1863 430 Α
1893 379 2172 444 potuerunt
2197 371 2286 423 ﬁlii
2319 371 2544 440 Ephrem
2567 374 2870 443 disperdere
2899 377 3221 433 Chananteos
3246 419 3260 442 ,
3295 381 3419 435 illud

221 466 452 520 dicimus
486 454 549 506 de
581 449 647 502 iis
673 444 760 516 qui
785 440 1081 502 manifeste
1114 459 1171 504 et
1205 456 1489 514 evidenter
1517 463 1783 516 criminosi

227 553 471 612 sunt,nt
514 556 615 594 non
664 539 729 592 de
761 533 1005 590 Ecclesia
1057 541 1428 609 espellantur.
1477 549 1612 601 Audi
1662 563 1786 616 ergo

231 639 559 708 Scripturam
587 630 844 685 dicentem
865 667 881 692 ,
909 629 1038 698 quia
1077 647 1182 686 non
1215 647 1505 702 potuerunt
1534 639 1624 691 ﬁlii
1653 637 1784 692 Juda

231 728 541 800 disperdere
562 722 849 784 Jebuszeos,
871 721 969 774 sed
1001 721 1388 786 habitaverunt
1416 741 1536 779 cum
1569 727 1698 794 ipsis
1734 725 1783 778 in

226 819 525 874 Jerusalem
554 826 718 883 usque
754 812 806 864 in
854 811 1176 866 hodiernum
1219 814 1380 867 diem.
1412 815 1562 869 Unde
1601 815 1787 882 depre-

225 923 328 961 cor
361 921 456 958 vos
498 903 586 971 qui
615 899 796 954 ﬁdeles
835 899 1006 966 estis,
1035 909 1094 954 ut
1133 902 1205 954 ita
1253 905 1416 955 vitam
1460 913 1689 956 vestram
1732 912 1785 954 et

222 993 697 1050 conversationem
720 988 980 1051 servetis,
1008 1004 1076 1044 ne
1107 989 1157 1043 in
1201 990 1382 1056 aliquo
1401 990 1479 1043 vel
1509 992 1605 1057 ipsi
1633 1006 1785 1044 scan-

220 1086 410 1138 dalum
443 1082 743 1152 patiamini,
783 1082 866 1135 vel
893 1082 1012 1135 aliis
1053 1083 1360 1135 scandalqu
1409 1082 1619 1136 faciatis
1649 1100 1662 1134 :
1693 1085 1782 1136 sed

220 1176 293 1228 sit
324 1174 488 1228 vobis
523 1173 718 1226 summi
757 1173 949 1235 studii,
981 1186 1308 1239 summaeque
1334 1172 1548 1224 cautela:
1572 1187 1635 1223 ne
1665 1173 1783 1238 quis

220 1265 276 1316 iu
316 1263 466 1316 hanc
496 1270 740 1314 sanctam
788 1261 1252 1328 congregationem
1291 1269 1522 1312 vestram
1555 1260 1783 1325 pollutus

218 1351 489 1412 introeat,
521 1363 594 1401 ne
630 1347 750 1416 quis
773 1345 1047 1400 Jehusmus
1077 1347 1278 1400 habitet
1306 1346 1593 1399 vobiscum.
1629 1347 1783 1399 Vides

215 1456 353 1510 ergo
383 1440 524 1508 quia
559 1440 690 1493 dicit
732 1438 1008 1504 Scriptura
1030 1476 1046 1502 ,
1077 1439 1216 1504 quod
1257 1452 1357 1489 non
1382 1445 1660 1503 potuerunt
1685 1436 1783 1500 eji-

215 1545 348 1586 cere
401 1530 504 1582 ﬁlii
551 1527 688 1582 Juda
742 1525 1014 1578 Jebusaeos
1056 1526 1120 1578 de
1156 1525 1466 1578 Jerusalem.
1514 1525 1782 1578 Jehusaeus

217 1631 404 1674 autem
433 1619 835 1685 interpretatur
860 1615 1319 1686 conculcatio(78).
1351 1617 1485 1684 Ergo
1528 1617 1646 1682 quia
1679 1631 1778 1669 non

215 1723 517 1780 possumus
573 1707 775 1773 ejicere
827 1707 956 1758 istos
1009 1706 1100 1773 qui
1146 1721 1242 1759 nos
1292 1706 1599 1760 conculcant
1645 1722 1781 1761 :eos

217 1799 413 1854 saltem
469 1795 759 1864 ejiciamus
787 1809 921 1861 quos
961 1809 1271 1862 possumus,
1301 1810 1522 1862 quorum
1568 1808 1779 1862 peccata

214 1884 520 1940 manifesta
543 1892 693 1935 sunt.
719 1881 818 1937 Ubi
840 1881 981 1935 enim
1009 1890 1280 1948 peccatum
1313 1898 1415 1934 non
1438 1891 1520 1934 est
1545 1883 1779 1948 evidens,

213 1979 419 2047 ejicere
463 1978 531 2030 de
579 1974 820 2028 Ecclesia
869 1972 1133 2026 neminem
1187 1986 1497 2039 possumus,
1541 1987 1607 2026 ne
1646 1974 1782 2026 forte

212 2065 577 2120 eradicautes
624 2062 872 2128 zizania,
919 2062 1249 2115 eradicemus
1292 2061 1447 2114 simul
1485 2075 1603 2115 cum
1657 2063 1782 2131 ipsis

211 2157 378 2212 etiam
421 2154 699 2207 triticum.

281 2246 340 2298 2.
387 2244 585 2297 Movet
621 2256 708 2295 me
741 2249 916 2294 tamen
949 2239 1090 2308 quod
1121 2239 1292 2302 dixit,
1315 2238 1436 2306 quia
1465 2254 1565 2291 nou
1598 2249 1781 2306 potue-

216 2342 342 2389 runt
374 2333 589 2399 ejicere
605 2329 917 2390 Jebusaeos,
956 2328 1006 2380 id
1047 2337 1128 2380 est
1161 2341 1253 2379 eos
1281 2327 1370 2394 qui
1421 2327 1778 2393 interpretan-

217 2435 302 2478 tur
327 2421 712 2478 conculcatio.
746 2419 809 2472 Et
834 2419 953 2470 ideo
989 2417 1260 2470 videamus
1291 2417 1378 2483 qui
1428 2424 1549 2468 sunt
1592 2415 1644 2467 in
1681 2415 1780 2468 Ec-

216 2513 380 2568 clesia
411 2509 832 2566 conculcantes.
879 2505 959 2559 Illi
990 2506 1104 2558 sine
1139 2503 1295 2556 dubio
1327 2503 1390 2556 de
1423 2503 1613 2569 quibus
1651 2503 1780 2555 dicit

218 2603 483 2657 Dominus
514 2602 571 2654 in
614 2598 918 2663 Evangeliis
941 2596 986 2629 "
1017 2613 1030 2648 :
1062 2614 1081 2646 ι
1114 2595 1282 2648 Nolite
1306 2595 1513 2647 mittere
1541 2603 1777 2646 sanctum

216 2695 474 2758 canibus,
510 2704 698 2758 neque
734 2688 1053 2756 margaritas
1085 2696 1294 2739 vestras
1326 2695 1447 2736 ante
1477 2698 1686 2749 porcos,
1713 2698 1778 2736 ne

205 2787 353 2837 .l'orte
394 2780 734 2836 conculcent
770 2791 862 2831 eas
895 2774 1116 2844 pedibus
1161 2774 1303 2831 suis.
1334 2782 1388 2825 et
1409 2772 1646 2824 conversi
1685 2771 1774 2822 eli-

217 2875 342 2927 dant
383 2887 509 2926 vos.
551 2888 572 2920 ι
637 2869 744 2921 Iste
785 2876 865 2919 est
917 2878 1044 2930 ergo
1083 2861 1384 2922 Jebuszeus,
1417 2859 1772 2922 couculcatio,

1885 462 2108 514 observo
2127 463 2266 529 quod
2288 464 2567 530 Apostolus
2585 468 2914 522 commendat
2938 470 3121 524 dicens
3145 471 3189 502 "
3209 489 3223 522 :
3243 490 3260 521 ‹
3284 469 3419 524 Sub-

1887 552 2079 604 trahite
2092 566 2185 604 vos
2225 552 2291 604 ab
2307 550 2450 601 omni
2470 549 3377 628 fratreinquieteambulante448.
3393 577 3411 609 ι

1887 639 1987 691 Sed
2021 640 2270 706 quoniam
2292 639 2537 693 Salomon
2571 641 2761 694 suadet
2791 643 2903 697 haec
2935 659 3051 712 quze
3074 646 3294 713 legimus
3320 649 3418 702 de-

1884 726 2040 780 scribi
2087 727 2140 780 in
2166 727 2323 780 corde
2351 728 2625 794 tripliciter
2655 730 2722 795 ’3,
2754 731 2912 783 etiam
2963 741 3153 798 praeter
3181 736 3266 788 illa
3303 753 3419 803 qua:

1883 816 2112 869 diximus
2129 855 2144 879 ,
2171 819 2307 882 quod
2327 818 2470 870 cordi
2497 832 2613 871 meo
2638 821 2909 882 occurrit,
2934 821 2998 874 ad
3037 837 3195 876 aures
3218 839 3419 879 vestras

1884 903 2146 972 proferam
2169 923 2182 957 :
2201 915 2253 958 et
2267 921 2359 958 vos
2378 905 2533 960 facite
2553 909 2690 976 quod
2708 910 2961 976 scriptum
2976 921 3055 964 est
3067 913 3133 974 θ’,
3148 923 3202 963 ιιι
3219 929 3320 964 ιιιιο
3335 915 3418 967 di-

1883 1001 2035 1046 cente
2053 1009 2236 1047 oumcs
2267 994 2375 1061 (81)
2412 997 2738 1050 examinent.
2775 997 2856 1051 Me
2877 1014 3002 1068 ergo
3039 1001 3246 1054 dicente
3277 1003 3418 1070 quod

1883 1082 2088 1144 sentio,
2124 1097 2217 1135 vos
2252 1084 2537 1138 discet-nite
2567 1095 2617 1138 et
2651 1089 2952 1140 examinate
2979 1088 3022 1141 si
3061 1090 3184 1155 quid
3217 1101 3416 1144 rectum

1881 1178 1962 1220 est
2011 1179 2100 1221 aut
2142 1173 2315 1224 minus
2368 1183 2585 1226 rectum.
2639 1175 2708 1228 De
2754 1175 3052 1229 Jerusalem
3105 1177 3418 1247 frequenter

1882 1258 2110 1311 diximus
2150 1261 2290 1326 quod
2340 1262 2464 1313 visio
2497 1264 2640 1326 pacis
2675 1263 3074 1330 interpretatur.
3116 1266 3170 1320 Si
3202 1282 3326 1335 ergo
3364 1271 3415 1322 in

1882 1347 2038 1399 corde
2075 1358 2254 1400 nostro
2282 1348 2573 1403 Jerusalem
2603 1353 2860 1404 aediﬁcata
2883 1393 2898 1418 ,
2937 1358 3039 1408 hoc
3069 1365 3184 1420 est,
3213 1360 3254 1411 si
3285 1361 3416 1414 visio

1881 1437 2028 1503 pacis
2055 1437 2104 1488 in
2138 1439 2296 1492 corde
2323 1448 2504 1493 nostro
2535 1441 2752 1495 fundata
2777 1453 2878 1507 est,
2902 1455 2953 1497 et
2979 1445 3248 1500 Christum
3277 1464 3418 1503 sem-

1880 1537 1974 1590 per
2011 1527 2204 1591 quiest
2243 1542 2344 1594 pax
2393 1537 2604 1593 nostra,
2656 1529 2923 1584 intuemur
2966 1543 3020 1585 et
3064 1549 3333 1592 servamus
3363 1540 3413 1592 in

1882 1614 2038 1666 corde
2073 1635 2083 1667 :
2113 1615 2369 1682 siquidem
2417 1618 2484 1669 ita
2523 1620 2610 1671 ﬁxi
2640 1629 2694 1671 et
2735 1621 2951 1675 stabiles
2981 1627 3030 1675 in
3070 1626 3170 1680 hac
3215 1629 3415 1685 visione

1883 1702 2058 1767 pacis,
2101 1714 2158 1755 ut
2193 1721 2462 1772 nunquam
2498 1723 2718 1773 prorsus
2734 1712 2838 1766 ulla
2866 1714 3115 1782 cogitatio
3145 1719 3300 1781 mala,
3333 1721 3414 1774 vel

1883 1788 2100 1857 alicujus
2125 1793 2326 1859 peccati
2355 1795 2630 1848 consilium
2656 1801 2909 1853 ascendat
2935 1803 2986 1854 in
3022 1818 3115 1857 cor
3139 1818 3410 1872 nostrum;

1881 1879 1925 1931 si
1957 1881 2053 1934 hoc
2077 1883 2145 1934 ita
2173 1881 2284 1934 ﬁeri
2328 1885 2517 1951 possit,
2546 1889 2838 1951 poterimus
2862 1891 3063 1954 dicere,
3092 1896 3214 1960 quia
3246 1897 3296 1949 in
3326 1897 3415 1952 Je-

1882 1969 2104 2021 rusalem
2149 1987 2360 2035 sumus,
2393 1974 2636 2028 etnullus
2673 1976 2807 2030 alius
2855 1980 3057 2034 habitat
3095 1985 3369 2038 uobiscum
3393 2027 3410 2052 ,

1881 2055 1978 2108 nisi
2023 2057 2117 2109 soli
2151 2060 2239 2126 qui
2280 2060 2450 2112 sancti
2482 2071 2626 2113 sunt.
2663 2061 2813 2117 Nunc
2851 2080 2979 2120 vero
3008 2083 3127 2121 cum
3161 2073 3318 2124 etiam
3346 2073 3412 2124 ad

1878 2147 2126 2211 grandem
2157 2148 2446 2212 profectum
2491 2151 2762 2205 veniamus
2783 2193 2798 2216 ,
2826 2163 2879 2206 et
2919 2158 3140 2211 summis
3185 2173 3414 2214 uosmet-

1881 2233 2020 2300 ipsos
2047 2237 2234 2289 studiis
2279 2240 2617 2301 excolamus,
2647 2249 2819 2294 tamen
2871 2258 2974 2296 non
3008 2255 3136 2312 pulo
3161 2248 3409 2315 cuiquam

1882 2332 2083 2375 tantum
2119 2325 2167 2376 in
2203 2327 2357 2378 corde
2387 2328 2631 2392 puritatis
2665 2330 2908 2394 evenire,
2939 2341 2996 2385 ut
3025 2349 3290 2402 nunquam
3319 2338 3415 2390 ad-

1881 2426 2044 2465 versa:
2097 2414 2432 2480 cogitationis
2481 2417 2799 2483 contagione
2845 2421 3140 2475 maculetur
3169 2443 3180 2474 :
3207 2435 3410 2478 certum

1879 2512 1958 2554 est
1987 2503 2146 2554 etiam
2176 2502 2442 2557 Jebusmos
2486 2506 2726 2561 habitare
2763 2524 2881 2562 cum
2916 2511 3039 2564 ﬁliis
3065 2510 3198 2564 Juda
3240 2514 3290 2566 in
3323 2514 3412 2568 Je-

1878 2591 2125 2643 rusalem.
2161 2590 2274 2644 Non
2321 2603 2496 2646 tamen
2534 2595 2650 2648 ideo
2681 2597 2793 2651 hac
2835 2599 3094 2662 diximus,
3147 2604 3286 2669 quod
3319 2620 3412 2657 ue-

1876 2678 2134 2747 gligamus
2161 2693 2416 2748 quantum
2447 2685 2558 2738 ﬁeri
2591 2693 2764 2751 potest
2795 2686 2991 2753 ejicere
3020 2705 3132 2754 eos,
3158 2695 3250 2744 sed
3278 2700 3414 2749 sattl

1878 2772 2137 2835 agendum
2170 2772 2323 2824 nobis
2345 2783 2464 2836 est,
2491 2784 2545 2826 et
2577 2777 2889 2829 tentandum
2927 2779 3164 2843 quotidie
3196 2795 3287 2835 eos
3317 2787 3415 2849 eji-

1877 2871 1996 2909 cere
2039 2859 2104 2911 de
2147 2858 2438 2930 Jerusalem
2469 2879 2482 2913 :
2514 2863 2605 2915 sed
2630 2901 2647 2927 ,
2693 2864 2829 2916 sicut
2864 2866 3118 2933 scriptum
3159 2877 3272 2928 est.
3306 2885 3411 2924 non

215 2964 300 3030 qui
339 2959 555 3028 indigni
592 2956 821 3009 audiunt
850 2953 1068 3006 verbum
1114 2950 1238 3013 Dei,
1270 2958 1322 3002 et
1356 2963 1473 3000 cum
1509 2949 1772 3000 audierint
1799 2972 1841 3027 ο
1875 2962 2151 3013 possumus
2197 2949 2354 3002 simul
2405 2967 2590 3006 omnes
2642 2953 2849 3018 ejicere.
2904 2954 3012 3009 Hoc
3050 2958 3186 3012 idem
3234 2971 3411 3014 autem

215 3067 385 3120 neque
431 3061 492 3106 ut
542 3047 798 3102 inﬁdeles
827 3045 1138 3105 discedunt,
1178 3054 1348 3107 neque
1375 3049 1680 3108 permanent
1723 3051 1778 3092 ut

213 3143 430 3206 ﬁdeles,
489 3139 594 3193 sed
648 3143 897 3204 percepta
962 3133 1326 3201 mysteriorum
1384 3129 1597 3192 notitia,
1659 3130 1775 3182 ﬁdei

214 3241 409 3286 neStrac
455 3224 858 3283 secretioribus
914 3221 1195 3282 scrutatis,
1253 3219 1492 3272 conversi
1545 3229 1778 3284 postmo-

211 3323 333 3374 dum
364 3321 701 3384 impugnant
730 3327 826 3365 nos
845 3350 860 3373 ,
887 3319 940 3362 et
977 3308 1483 3362 contradictionibus
1513 3309 1624 3361 suis
1652 3322 1774 3361 cor-

210 3410 272 3461 da
307 3417 498 3463 nostra
547 3405 900 3468 dirumpunt,
949 3397 1315 3452 conculcantes
1345 3397 1488 3450 verbi
1519 3397 1775 3451 Dominici

151 3533 157 3537 ς
208 3496 569 3566 margaritas,
631 3500 687 3544 et
745 3498 1058 3542 ornamenta
1117 3486 1238 3538 ﬁdei
1303 3487 1646 3540 maculantes.
1707 3489 1777 3539 De

209 3589 322 3641 istis
354 3600 491 3652 ergo
523 3581 754 3640 dicitur,
786 3577 906 3644 quia
939 3590 1041 3628 non
1065 3584 1348 3642 potuerunt
1379 3573 1469 3626 ﬁlii
1502 3572 1649 3627 Judaa
1675 3575 1774 3640 eji-

204 3693 326 3731 cere
367 3676 695 3728 Jebusaaum
732 3669 797 3721 de
819 3665 1114 3718 Jerusalem
1151 3678 1318 3729 usque
1363 3663 1413 3714 in
1460 3663 1771 3715 hodiernum

204 3768 366 3821 diem.
423 3762 634 3818 Simile
690 3767 869 3810 autem
919 3755 1113 3820 aliquid
1183 3753 1434 3818 scriptum
1493 3761 1576 3804 est
1618 3761 1669 3803 et
1711 3753 1775 3805 de

203 3859 464 3925 Ephrem;
497 3854 585 3905 ait
618 3849 762 3902 enim
791 3847 1066 3912 Scriptura
1084 3845 1163 3898 ’δε
1189 3863 1206 3894 ι
1229 3845 1294 3896 Et
1323 3857 1424 3894 non
1463 3841 1774 3908 disperdidit

202 3945 438 4013 Ephrem
489 3943 868 3996 Cbananaaum
923 3936 1011 4002 qui
1057 3933 1324 3985 habitabat
1375 3932 1426 3982 in
1473 3930 1672 3991 Gazer,
1722 3939 1775 3983 et

201 4033 472 4090 habitavit
513 4031 866 4084 Chananaeus
915 4024 968 4075 in
1008 4022 1239 4090 Ephrem
1285 4035 1447 4086 usque
1480 4020 1528 4071 in
1563 4019 1771 4072 hodier-

202 4139 330 4178 num
366 4123 541 4175 diem.
591 4137 613 4167 ›
655 4115 884 4181 Ephrem
923 4121 1100 4163 autem
1142 4110 1517 4174 interpretatur
1548 4107 1770 4174 fructiﬁ-

197 4214 333 4266 catio
359 4211 504 4282 (79).
535 4205 647 4273 Qui
673 4218 799 4271 ergo
826 4201 1110 4254 fructiﬁeat
1135 4208 1189 4251 et
1217 4200 1413 4252 crescit
1455 4201 1505 4252 in
1534 4201 1650 4262 ﬁde,
1668 4215 1768 4252 non

197 4273 380 4370 potest
419 4273 803 4354 eatermiuare
841 4293 1197 4346 Cltnuatmum
1239 4303 1414 4341 semen
1449 4289 1765 4354 pessimum,
1799 4273 1840 4324 ί)

198 4405 383 4444 semen
429 4384 826 4445 maledictum,
880 4393 1056 4431 semen
1083 4391 1295 4442 semper
1333 4377 1555 4439 mobile,
1590 4392 1768 4429 semen

198 4479 490 4532 incertum.
545 4472 666 4526 Hoc
691 4473 830 4524 enim
874 4470 1252 4536 interpretatur
1283 4466 1606 4519 Chanaumus
1636 4465 1766 4534 (80).

198 4569 263 4623 Et
307 4579 528 4624 certum
583 4573 690 4625 est,
719 4560 843 4628 quia
883 4573 1001 4612 cum
1044 4571 1107 4609 eo
1137 4555 1225 4620 qui
1263 4554 1544 4608 fructiﬁcat
1573 4564 1625 4608 et
1649 4570 1765 4608 cre-

197 4660 315 4719 scit,
353 4670 589 4724 semper
639 4651 841 4705 habitat
887 4647 1243 4701 Chananmus.
1293 4641 1570 4710 Nunquam
1620 4643 1760 4696 enim

198 4751 570 4802 tentatiouum
617 4751 793 4794 motus
839 4745 1051 4790 cessant
1083 4736 1151 4785 ab
1195 4746 1278 4783 eo.
1321 4730 1423 4784 Sed
1464 4740 1514 4784 tu
1557 4733 1599 4785 si
1642 4746 1764 4785 vere

196 4838 500 4892 lxuctiﬁcas
546 4835 606 4886 iu
639 4833 777 4892 Deo,
811 4838 863 4880 et
897 4827 1045 4879 vides
1087 4823 1249 4875 talem
1289 4820 1514 4886 aliquem
1558 4822 1764 4889 inquic.

199 4939 340 4992 tum,
374 4927 698 4984 turbidum,
753 4917 1029 4981 mobilem,
1085 4913 1224 4966 scito
1267 4911 1398 4977 quia.
1438 4912 1762 4964 Chananteus

196 5028 294 5072 cst.
323 5017 380 5071 Si
421 5031 532 5069 non
567 5023 721 5082 potes
745 5024 864 5064 eum
895 5008 1091 5076 ejicere
1119 5000 1188 5052 de
1221 4999 1474 5060 Ecclesia,
1507 5001 1627 5066 quia
1659 5016 1760 5053 non

267 5160 311 5193 "
331 5158 532 5211 Matth.
552 5169 653 5215 vlt,
674 5151 727 5204 6.
799 5150 842 5180 ’⁸
869 5148 977 5202 Jos.
1003 5154 1095 5196 xvx
1117 5177 1133 5201 ,
1163 5137 1250 5191 10.

270 5291 380 5352 l78\
435 5289 716 5341 Iebuswus
762 5295 921 5337 autem
972 5279 1356 5337 interpretatur
1426 5274 1766 5328 conculcatw.

209 5367 279 5443 Tu
301 5368 618 5422 «spernere,
634 5353 870 5406 conculca
880 5364 993 5424 re.)
1555 5410 1566 5420 ⁸
1705 5411 1714 5420 .

272 5428 362 5443 1-...
466 5427 503 5443 ι·
550 5426 686 5443 μέμ--
755 5428 904 5443 -...-...
953 5415 1340 5443 .nlnrnrolntur
1410 5407 1712 5443 ΐνηιειοϐρηι.

268 5407 415 5491 ξῖιῖι
454 5407 687 5488 Ephrem
748 5428 905 5470 autem
953 5415 1340 5470 interpretatur
1405 5407 1767 5487 fructiﬁcatio.

213 5495 246 5544 ἢ
273 5489 385 5548 Tn:
424 5513 438 5542 ι
474 5489 822 5542 fructiﬁcavit.
845 5504 862 5533 ι

269 5539 385 5629 (Ii-:6.)-
576 5539 718 5606 enim
763 5552 1126 5615 interprclmur
1177 5539 1533 5596 C/ranana'us.
1565 5541 1768 5611 Nempe

1323 5139 1370 5178 ’ν
1403 5137 1446 5191 ιι
1469 5138 1656 5193 Thess.
1685 5155 1767 5204 ιιι,
1801 5140 1851 5194 6.

1875 3034 2032 3086 etiam
2073 3035 2124 3087 in
2159 3036 2224 3089 iis
2271 3039 2359 3103 qui
2403 3037 2724 3091 fructiﬁcant
2773 3041 3106 3094 sentiendum
3149 3055 3266 3111 est,
3317 3047 3410 3114 qui

1875 3122 2102 3189 Ephrem
2137 3125 2228 3178 ﬁlii
2259 3128 2619 3192 nominantur,
2647 3129 2736 3195 qui
2769 3139 2822 3182 et
2849 3131 2946 3198 ipsi
2976 3131 3326 3199 Chananaaos,
3358 3137 3410 3191 id

1875 3219 1957 3265 est
2004 3227 2163 3281 vagas
2194 3222 2249 3266 et
2294 3215 2526 3268 lubricas
2579 3218 2927 3283 cogitationes
2959 3232 3171 3288 semper
3214 3223 3412 3280 debent

1873 3301 2065 3369 ejicere
2093 3303 2159 3356 de
2183 3304 2456 3358 animabus
2495 3306 2622 3358 suis.
2653 3305 2846 3380 Potens
2883 3318 2965 3363 est
3019 3319 3197 3364 autem
3230 3314 3406 3380 Deus,

1875 3393 1964 3458 qui
1989 3401 2043 3444 et
2069 3390 2339 3445 Jcbuszeos
2363 3403 2415 3444 et
2448 3393 2776 3448 Cltauanzeos
2802 3397 3045 3464 subjiciat
3073 3400 3247 3466 nobis,
3268 3403 3406 3456 sicut

1875 3481 2127 3546 scriptum
2179 3489 2260 3534 est
2295 3481 2624 3548 ‘ztSubjecit
2675 3493 2849 3538 autem
2901 3485 3230 3544 Chananazos
3285 3492 3411 3547 ﬁliis

1875 3567 2338 3639 Ephrenmlpsum
2357 3584 2482 3636 ergo
2505 3569 2779 3623 Dominum
2812 3574 3176 3639 deprecemur,
3220 3587 3275 3628 nt
3307 3580 3407 3646 eji-

1874 3655 2018 3708 ciens
2046 3670 2074 3706 a
2106 3656 2256 3708 nobis
2276 3657 2440 3709 malas
2463 3658 2838 3724 cogitationes,
2865 3660 3035 3715 bonas
3053 3662 3249 3716 inferat
3271 3665 3408 3732 (8'2),

1873 3742 2055 3808 dignas
2093 3739 2381 3796 Jerusalem
2423 3743 2636 3806 civitate
2669 3743 2911 3805 caelesti,
2959 3745 3010 3796 in
3045 3746 3239 3812 quibus
3275 3749 3407 3802 nihil

1873 3830 2123 3897 pollutum
2174 3831 2476 3884 inveniatur
2508 3841 2561 3884 et
2592 3831 2859 3885 sordidum
2883 3871 2898 3898 ,
2928 3834 3066 3900 quod
3097 3850 3193 3889 nos
3232 3837 3282 3888 in
3323 3838 3407 3890 die

1865 3918 2048 3986 judicii
2103 3934 2169 3972 ex
2221 3921 2562 3972 conscientia:
2597 3921 3010 3988 cogitationibus
3051 3935 3268 3992 arguat,
3314 3927 3404 3979 sed

1870 4007 2172 4059 inveniatur
2205 4007 2257 4059 in
2300 4008 2452 4060 nobis
2498 4008 2700 4074 puritas
2731 4008 2906 4060 cordis
2944 4010 2996 4061 in
3041 4009 3252 4064 Christo
3283 4011 3404 4065 Jesu

1869 4093 2091 4147 Domino
2121 4104 2332 4158 nostro,
2357 4095 2439 4148 cui
2473 4105 2553 4148 est
2585 4095 2752 4160 gloria
2783 4104 2837 4150 et
2892 4097 3171 4165 imperium
3205 4100 3255 4152 in
3302 4117 3404 4154 stc-

1869 4182 1986 4234 cula
2021 4183 2356 4239 saeculorum.
2390 4185 2581 4236 Amen.
3121 4176 3126 4179 ’

2392 4271 2666 4325 HOMILIA
2723 4271 2884 4327 XXII.

2162 4379 2238 4432 De
2271 4382 2404 4433 tribu
2445 4379 2666 4448 Ephrem
2700 4393 2749 4436 et
2770 4383 3103 4439 'Cltananaeia.

1937 4471 1989 4524 1.
2009 4471 2289 4523 Chananzei
2311 4473 2465 4526 tertio
2483 4472 2608 4526 dicti
2635 4483 2755 4525 sunt
2773 4474 2823 4526 in
2843 4475 2962 4528 ﬁliis
2985 4492 3104 4530 esse
3131 4477 3356 4546 Ephrem
3384 4497 3398 4533 :

1869 4559 1961 4611 sed
1984 4559 2327 4613 observemus
2355 4562 2442 4627 qui
2474 4562 2542 4615 sit
2576 4564 2627 4615 in
2667 4564 2886 4631 singulis
2934 4565 3066 4618 ordo
3104 4566 3361 4620 dictorum
3383 4607 3400 4633 ,

1861 4648 1910 4699 id
1945 4657 2043 4710 est,
2071 4649 2196 4715 quid
2239 4651 2474 4702 continet
2523 4652 2728 4716 primus
2753 4666 2931 4705 sermo
2967 4655 3056 4721 qui
3093 4657 3220 4708 dicit
3263 4656 3402 4710 Cha-

1861 4751 2072 4790 nanzeos
2117 4752 2235 4790 esse
2263 4754 2380 4790 eum
2433 4737 2554 4792 ﬁliis
2593 4739 2852 4808 Ephrem,
2895 4751 2948 4794 et
2983 4744 3106 4810 quid
3138 4747 3400 4797 secundus

1859 4837 1912 4878 et
1944 4826 2148 4879 tertius.
2172 4825 2225 4879 Si
2253 4827 2393 4880 enim
2423 4828 2724 4896 diligentius
2760 4833 3102 4884 observemus
3137 4835 3400 4898 quouuulo

1863 4911 2016 4964 tertio
2037 4912 2282 4966 dicantur
2307 4929 2424 4967 esse
2473 4915 2755 4970 Cbanautei
2802 4934 2919 4971 cum
2973 4918 3093 4971 ﬁliis
3134 4919 3399 4984 Ephrem,

1861 5010 1934 5063 et,
1967 5001 2187 5055 Domino
2216 5012 2517 5071 prtestante,
2549 5007 2838 5074 poterimus
2888 5006 3204 5074 investigare
3253 5009 3399 5059 ordi-

1928 5144 1972 5180 9"
2000 5144 2154 5198 Prov.
2184 5161 2313 5209 χχιι,
2339 5146 2425 5198 20.
2499 5147 2586 5201 "l
2617 5146 2738 5200 Cor.
2774 5162 2882 5198 XIV.
2957 5147 2973 5176 ¹
3008 5144 3114 5197 Jos.
3144 5156 3248 5192 .\’Vll
3269 5181 3282 5200 ,
3317 5142 3397 5192 l5.

1878 5297 1895 5329 r
1928 5279 2120 5334 mobile
2149 5299 2165 5330 ι
2207 5280 2650 5335 antrincertum.»
2690 5295 2715 5330 a
2743 5286 2826 5339 δή)
2859 5294 2876 5325 ς
2916 5272 3144 5327 moveri,
3230 5265 3404 5317 ὶςιςεςεε..

1911 5349 1940 5398 Ἰ
2105 5365 2150 5401 e.
2193 5367 2210 5398 ι

1872 5349 1920 5400 bl
1942 5364 2277 5478 2388531112103.
2310 5416 2482 5467 Codex
2509 5415 2780 5474 Sangerm.
2816 5429 2834 5461 ι
2860 5408 3058 5462 caeteri.
3091 5417 3113 5452 ι

1941 5469 2047 5553 (8⁸2)
2084 5485 2220 5537 Idem
2249 5501 2346 5534 ms.
2381 5500 2397 5530 ι
2432 5469 2686 5532 instituat.
2727 5498 2744 5525 ο
