3806 6358
288 421 684 532 (“mm-Eme

124 336 249 544 πί
288 421 586 532 ("What

151 504 283 612 λβ
330 535 586 612 τδδίῆιιιτι

145 504 315 643 νβ’
330 504 850 642 τδξώὶὶὶζζέιῃέἳ
880 516 1184 621 Ῥοθξῖηῑ.
1217 527 1275 583 In
1321 531 1438 585 aliis
1477 530 1688 599 quidem
1711 532 1879 583 virtus

145 608 383 722 λιβρι
405 653 541 707 mm
579 608 1184 722 \a“mﬁmr:‘:|ffi,
1205 621 1362 722 quod.
1384 620 1731 722 trtdicalur‘ex
1758 635 1880 722 sen-

165 675 289 798 VVV
304 675 383 703 ’Ν
407 675 541 761 tm.“
587 675 865 740 “mg‘ﬁm
908 675 1180 759 quidam
1224 675 1581 775 .prol'ernntur
1606 718 1660 762 et
1692 708 1877 777 inepti,

194 762 226 798 ιι
302 737 467 800 A\\ll\
499 765 558 800 ιιι
584 768 648 800 ιιι
678 760 957 800 fni-ate--."
1016 788 1031 800 .
1254 796 1264 800 _
1515 796 1550 800 __
1832 798 1842 800 _

205 752 214 763 .
419 741 432 755 ι
496 747 511 761 .
923 741 1177 759 rum...
1239 741 1570 775 νιυισιιιηιι..
1606 741 1660 762 ς.
1692 741 1877 777 map...

194 741 564 876 *ἕρὲἳὶὶὶῑῖ
584 768 652 876 ξε
668 760 1070 876 1ῖιιῐλιῑιιιιιίιιίιι
1108 796 1478 850 continentes.
1510 796 1619 849 Hoc
1643 810 1770 863 ergo
1801 798 1877 851 si-

253 840 708 966 ‘w'éﬁ‘t‘mut-sub
739 869 985 966 nomine
1020 875 1306 949 Rapbaim
1344 893 1402 936 ut
1429 840 1788 950 hujuscemZdi
1815 886 1881 939 de

268 947 445 1033 iis,“
483 957 698 1009 mnu“
734 960 1055 1030 remissas.
1095 947 1222 1039 qua:
1260 986 1451 1027 sensus
1490 973 1786 1027 ineruditos
1826 981 1879 1028 et

298 1042 520 1113 \m‘Vlies
541 1044 791 1116 ιιπῐιιιιι,
822 1064 1230 1123 expurgemus.
1260 1059 1324 1113 Et
1345 1062 1479 1115 bene
1513 1064 1745 1115 servavit
1772 1063 1877 1128 spi-

319 1141 489 1199 ritalis
521 1138 901 1211 intelligentia:
945 1151 1362 1218 proprietatem.
1411 1149 1524 1203 Non
1562 1151 1703 1203 enim
1745 1150 1880 1202 dixit

316 1231 752 1287 interminandos
809 1233 1126 1304 Raphaim',
1181 1241 1273 1293 sed
1320 1240 1706 1307 expurgandus.
1763 1237 1877 1293 Non

296 1325 471 1378 enim
501 1324 653 1394 ipsos
699 1327 980 1382 naturales
1026 1329 1141 1397 (90)
1199 1331 1388 1383 animae
1432 1338 1609 1383 motus
1637 1338 1878 1383 evertere

294 1424 489 1482 atque
519 1417 891 1469 exterminare
940 1419 1274 1486 praecipitur,
1323 1419 1414 1472 sed
1452 1432 1767 1487 expurgare,
1825 1418 1876 1470 id

280 1510 393 1556 est
446 1503 646 1558 sordes
692 1514 749 1558 et
774 1505 1157 1572 immunditias,
1204 1523 1321 1575 quae
1356 1508 1434 1563 eis
1463 1523 1529 1562 ex
1577 1518 1752 1560 nostra
1784 1522 1877 1561 ne-

274 1593 581 1663 gligentia
624 1595 987 1659 advenerunt,
1034 1602 1266 1665 purgare
1305 1606 1464 1665 atque
1508 1597 1786 1665 depellere,
1818 1605 1877 1648 nt

274 1681 585 1737 natantis
611 1682 736 1749 ejus
753 1683 907 1753 vigor
938 1686 1163 1753 propria:
1205 1694 1365 1754 atque
1398 1685 1643 1755 ingenitae
1700 1686 1876 1739 virtu-

261 1771 381 1845 tis,
404 1771 702 1842 eﬁuigeat.

358 1862 438 1915 5.
484 1861 628 1917 Post
663 1863 783 1918 haec
827 1864 1031 1917 addunt
1080 1865 1251 1918 adhuc
1296 1864 1385 1918 lilii
1415 1864 1666 1933 Ephrem,
1697 1875 1751 1919 et
1793 1867 1873 1919 di-

257 1956 450 2002 cunt
479 1949 528 1980 “
563 1967 578 2003 :
611 1967 634 2000 ι
670 1948 789 2004 Νοιι
807 1950 1167 2005 suilicitnobis
1187 1967 1361 2018 mous,
1389 1960 1441 2007 et
1470 1968 1637 2022 equus
1652 1955 1871 2017 electus,

251 2042 334 2089 et
372 2036 607 2091 ferrum
656 2037 970 2093 Chananaeo
999 2048 1080 2093 est
1122 2041 1213 2108 qui
1250 2041 1463 2095 habitat
1486 2042 1538 2095 in
1574 2059 1658 2095 me
1682 2042 1811 2111 (9i).
1847 2063 1867 2097 ι

246 2122 612 2191 Nunquam
661 2126 910 2180 invenies
950 2129 1039 2195 qui
1087 2143 1279 2197 equum
1331 2130 1522 2210 habeat
1560 2131 1869 2199 lsraeliiam,

245 2215 387 2267 sed
430 2213 791 2268 Chananaaus
824 2216 988 2268 habet
1027 2217 1172 2270 illum
1218 2232 1430 2285 equum,
1472 2220 1561 2286 qui
1601 2219 1764 2273 falsus
1790 2230 1874 2275 est

242 2302 339 2356 ad
384 2302 674 2358 salutem.
706 2303 883 2358 Habet
917 2314 970 2357 et
1014 2305 1215 2360 ferrum
1250 2308 1494 2362 bellicum
1521 2308 1871 2368 Cbauanaaus.

241 2389 399 2445 Sed
450 2391 583 2459 quid
619 2392 908 2460 respondit
936 2393 1041 2448 illis
1063 2393 1262 2449 Iesus?
1296 2414 1315 2446 ι
1350 2395 1403 2449 Si
1429 2401 1648 2465 populus
1677 2400 1872 2455 multus

247 2494 333 2534 es
367 2489 482 2543 tu,
523 2492 582 2533 et
612 2482 876 2534 virtutem
910 2483 1133 2550 habens,
1172 2499 1275 2538 non
1306 2488 1411 2539 erit
1437 2487 1531 2540 tibi
1575 2502 1695 2542 sors
1741 2504 1869 2556 una,

249 2571 439 2638 quia
460 2571 646 2639 saltus
666 2582 757 2626 est
790 2573 907 2637 tibi,
942 2584 998 2628 et
1046 2577 1361 2630 emnndabis
1396 2593 1515 2630 eum
1559 2579 1626 2627 ¹³.
1660 2599 1678 2631 ι
1714 2581 1873 2635 Vides

256 2661 435 2727 Quid
467 2663 543 2715 ad
576 2677 682 2716 nos
714 2677 819 2730 per
853 2664 1145 2730 spiritalem
1170 2666 1794 2738 intelligentiamdicitur,
1819 2680 1875 2725 ut

261 2750 681 2803 emundemns
741 2750 931 2803 silvam
959 2766 1078 2818 quae
1129 2753 1180 2805 in
1212 2755 1366 2808 nobis
1398 2765 1499 2817 est,
1532 2767 1585 2809 et
1620 2759 1872 2812 exciden-

259 2844 369 2892 tes
411 2839 660 2893 inutiles
684 2847 742 2893 et
769 2839 1132 2895 infructuosas
1174 2856 1235 2895 ex
1275 2843 1669 2913 nobismetipsis
1713 2850 1873 2901 arbo-

266 2940 402 2989 res,
443 2927 732 2983 faciamus
773 2928 842 2981 ibi
881 2931 1087 2983 novalia
1127 2944 1245 2998 quae
1277 2945 1489 3000 semper
1535 2934 1870 3004 innovemus,

265 3023 333 3068 et
377 3031 459 3070 ex
486 3018 704 3102 quibus
736 3017 972 3072 fructum
1022 3020 1299 3087 capiamus
1336 3022 1663 3076 tricesimum
1702 3033 1756 3078 et
1785 3040 1872 3079 se-

1268 408 1336 462 IN
1371 407 1624 464 LIBRUM
1660 382 1822 464 issu
1849 404 2030 463 NAVE
2066 406 2341 465 liOMiLiA
2368 408 2552 465 χχιιι.

712 494 850 599 Iw?
880 516 1184 583 POSSint.
1217 527 1275 583 in
1321 531 1438 585 aliis
1477 530 1688 599 quidem
1711 532 1879 583 virtus
1908 539 1949 589 Α
1977 544 2096 583 cum
2120 539 2233 594 est,
2253 530 2412 584 citius
2455 528 2718 598 subjicere
2755 530 2929 594 nobis,
2958 536 3012 585 et
3041 531 3378 587 obedientem
3428 534 3508 587 fa-

3411 412 3518 471 954

1978 634 2121 683 cere,
2144 629 2264 688 post
2298 620 2412 673 haec
2436 620 2595 673 etiam
2627 620 3004 685 exterminare;
3041 623 3188 689 quia,
3224 622 3267 676 si
3295 622 3518 677 dimitti-

1977 723 2097 763 mus
2127 724 2248 762 eum
2273 718 2326 762 et
2354 709 2696 778 negligimus,
2722 710 2896 763 veniet
2917 709 3125 766 Pharao
3160 727 3227 766 ex
3257 712 3514 781 Egypto,

1977 805 2033 853 et
2054 798 2274 867 incipiet
2293 798 2465 852 locum
2496 808 2737 853 nostrum
2772 798 2826 851 in
2855 798 3034 852 dotem
3072 802 3199 854 dare
3238 802 3357 856 tiliae
3380 817 3514 869 suae,

1976 896 2031 941 et
2058 888 2300 956 captivos
2321 902 2417 942 nos
2460 888 2666 943 tradere
2695 888 2797 958 legi
2845 889 3072 957 peccati.
3109 889 3210 943 Sed
3244 891 3383 944 absit
3412 892 3515 947 hoc

1978 975 2044 1029 ab
2064 974 2355 1030 Israelitica
2391 975 2689 1043 nobilitate,
2741 986 2800 1030 ut
2826 977 3026 1031 serviat
3075 977 3196 1031 tiliae
3221 978 3516 1035 Pharaonis

1975 1062 2237 1127 Israelita,
2279 1064 2439 1134 450
2486 1080 2643 1132 quem
2686 1066 2795 1134 jam
2832 1066 2971 1119 Deus
3017 1067 3199 1119 eduxit
3249 1069 3317 1121 de
3369 1079 3515 1124 terra

1976 1153 2207 1221 Egypti,
2235 1152 2430 1208 iterum
2459 1157 2657 1209 serviat
2686 1156 2781 1221 illi,
2809 1157 2899 1224 qui
2941 1157 2992 1209 in
3019 1157 3151 1210 mari
3178 1155 3360 1210 Rubro
3383 1159 3513 1213 sub-

1975 1257 2181 1295 mersus
2204 1252 2305 1306 est,
2332 1235 2596 1299 Pharaoni
2619 1247 2632 1299 l
2667 1245 3019 1300 Observemus
3046 1260 3173 1314 ergo
3195 1246 3330 1299 sicut
3355 1256 3407 1298 et
3430 1248 3514 1301 hic

1974 1326 2106 1381 dicit
2153 1327 2337 1393 Jesus,
2387 1340 2444 1385 ut
2493 1332 2870 1400 przcvaleamus
2924 1349 3020 1387 nos
3062 1341 3252 1386 contra
3302 1332 3514 1387 Chana-

1975 1429 2117 1469 nteos
2155 1433 2168 1468 :
2202 1430 2267 1470 ne
2292 1417 2335 1470 si
2366 1417 2501 1472 forte
2535 1419 2646 1487 (92)
2694 1419 2767 1472 illi
2797 1419 3121 1472 invalnerint
3153 1434 3314 1486 super
3341 1434 3435 1472 nos
3458 1427 3513 1473 et

1973 1505 2299 1559 obtinuerint
2325 1521 2440 1571 nos,
2474 1508 2540 1560 de
2580 1508 2889 1562 lsraeliticis
2936 1507 3266 1561 Chananacos
3302 1521 3401 1561 nos
3425 1507 3509 1560 fa-

1973 1596 2138 1661 ciant,
2170 1595 2310 1649 sicut
2341 1608 2395 1650 et
2436 1597 2526 1651 ille
2575 1595 2798 1651 effectus
2843 1607 2943 1659 est,
2974 1611 3130 1663 quem
3165 1605 3513 1665 superaverat

1973 1683 2150 1736 carnis
2185 1684 2458 1748 illecebra,
2483 1686 2564 1738 cui
2590 1684 2788 1738 dicitur
2809 1700 2837 1736 a
2860 1686 3116 1753 propheta
3143 1686 3185 1717 "
3212 1704 3226 1739 :
3258 1704 3277 1737 ι
3314 1687 3508 1742 Semen

1974 1769 2253 1834 Chanaan,
2295 1780 2347 1825 et
2379 1787 2480 1825 non
2520 1772 2675 1837 Juda,
2729 1774 2934 1842 species
2966 1775 3180 1827 seduxit
3212 1782 3281 1828 te.
3333 1793 3353 1827 ι
3388 1775 3505 1831 Non

1969 1861 2182 1912 eveniat
2229 1874 2356 1927 ergo
2408 1861 2561 1915 nobis
2609 1863 2798 1917 audire
2846 1877 3025 1916 semen
3060 1864 3339 1930 Chanaan,
3379 1866 3506 1933 quia

1976 1963 1996 1996 ι
2052 1947 2358 2003 maledictus
2398 1950 2646 2003 Chanaan
2687 1964 2820 2018 puer
2864 1967 3050 2006 servus
3091 1955 3197 2007 erit
3239 1954 3500 2010 fratribus

1968 2037 2079 2089 suis
2130 2037 2192 2092 ".
2258 2056 2278 2087 ι
2340 2037 2502 2092 Nobis
2559 2048 2733 2093 autem
2799 2051 3012 2109 praestet
3071 2042 3367 2108 Dominus,
3442 2050 3503 2097 ut

1969 2121 2062 2174 lilii
2091 2123 2257 2177 simus
2298 2124 2588 2189 Abraham,
2612 2137 2666 2180 et
2690 2126 2864 2194 lsaac,
2907 2138 2960 2183 et
2989 2129 3175 2196 Jacob,
3215 2130 3506 2184 secundum

1969 2212 2375 2279 promissionem
2411 2215 2672 2278 lneredes,
2704 2225 2756 2269 et
2779 2217 2846 2270 ub
2875 2218 2976 2271 hoc
3001 2233 3066 2273 ex
3103 2218 3366 2286 lapidibus
3383 2232 3507 2273 sus-

1971 2302 2140 2365 citati,
2184 2312 2240 2355 ut
2282 2303 2449 2356 simus
2498 2303 2590 2357 ﬁlii
2626 2305 2896 2360 Abraham
2936 2322 2965 2360 a
2999 2307 3210 2362 Christo
3252 2307 3374 2361 Jesu
3401 2308 3506 2363 Do-

1972 2391 2114 2442 mino
2140 2400 2342 2456 nostro,
2389 2393 2473 2444 cui
2516 2402 2598 2445 est
2624 2393 2790 2462 gloria
2813 2405 2868 2447 et
2912 2396 3190 2462 imperium
3222 2397 3274 2450 in
3304 2394 3499 2453 saecula

1971 2479 2307 2533 saculomtn.
2334 2481 2518 2534 Arnen.

2481 2570 2758 2624 HOMILIA
2801 2570 2986 2625 XXIII.

2072 2653 2147 2709 De
2190 2660 2390 2711 ratione
2421 2661 2639 2731 sortium
2682 2662 2768 2711 ubi
2791 2671 2978 2728 septem
3007 2661 3169 2713 tribus
3194 2662 3401 2731 capiunt

2544 2729 2918 2784 Itwreditatem.

2038 2833 2090 2887 1.
2137 2832 2194 2886 In
2227 2835 2610 2890 consuetudine
2658 2836 2928 2890 hominum
2958 2852 3077 2891 cum
3122 2838 3316 2907 aliquid
3356 2847 3506 2895 sorte

1970 2921 2245 2986 dividitur,
2297 2923 2515 2977 fortuitu
2554 2925 2766 2978 videtur
2796 2941 2915 2979 sors
2963 2927 3049 2980 illa
3093 2929 3158 2981 ad
3207 2928 3377 2995 illum,
3418 2930 3511 3005 vel.

1970 3011 2069 3065 alia
2122 3014 2187 3066 ad
2227 3014 2391 3067 alium
2446 3014 2557 3084 (95)
2604 3016 2794 3069 cadere
2842 3037 2853 3070 :
2896 3017 2949 3069 in
2996 3015 3272 3085 Scriptura
3322 3027 3498 3074 autem

270 3110 651 3173 xagesimum
691 3118 750 3161 et
800 3110 1201 3163 centesimum?
1248 3111 1434 3164 Annon
1484 3113 1667 3167 eadem
1722 3117 1872 3171 nobis

1975 3109 2154 3156 sancta
2182 3117 2284 3155 non
2314 3103 2382 3155 ita
2416 3112 2519 3156 est.
2559 3102 2857 3171 Aliquoties
2885 3106 3188 3171 quaerebant
3222 3108 3357 3176 apud
3393 3123 3503 3162 me-

271 3195 594 3268 Evangelii
636 3211 830 3251 sermo
858 3198 1158 3264 denuntiat,
1201 3200 1385 3254 dicens
1413 3201 1454 3232 ιι
1489 3219 1501 3254 τ
1545 3220 1563 3251 ι
1605 3203 1740 3257 Ecce
1758 3205 1869 3270 jam
1897 3190 1942 3206 "
1971 3190 2268 3256 metipsum.
2296 3190 2339 3243 si
2377 3191 2443 3244 de
2473 3205 2530 3245 re
2561 3200 2706 3244 tanta
2756 3206 2819 3246 ac
2854 3192 2943 3245 tali
2985 3192 3096 3261 (94)
3126 3204 3302 3261 patres
3328 3196 3502 3249 sancti

274 3288 500 3339 securis
532 3286 734 3353 posita
767 3295 851 3337 est
884 3285 949 3338 ad
975 3286 1204 3339 radicem
1237 3286 1493 3342 arboris?
1530 3288 1715 3343 Omnis
1733 3305 1862 3358 ergo

266 3374 456 3427 arbor
471 3390 613 3445 quae
630 3388 749 3428 non
775 3373 929 3426 affert
952 3373 1206 3440 fructum,
1229 3377 1523 3440 excidetur,
1548 3385 1601 3430 et
1623 3380 1670 3431 in
1695 3380 1868 3448 ignem

264 3463 570 3519 mittetur.
611 3483 634 3516 ι
675 3463 812 3517 Hinc
840 3463 1111 3532 prioribus
1162 3465 1357 3517 nostris
1398 3463 1540 3517 Nave
1571 3467 1705 3520 illius
1736 3481 1870 3535 pra:-

261 3552 425 3620 cepit
454 3553 646 3609 Jesus
690 3552 761 3605 de
793 3552 1142 3605 infructuosis
1185 3552 1465 3605 arboribus
1538 3554 1869 3618 excidendis,

256 3640 390 3694 haec
424 3644 617 3698 nobis
673 3641 942 3695 Dominus
991 3640 1145 3695 Jcsus
1193 3640 1246 3694 in
1282 3640 1579 3708 Evangeliis
1624 3643 1869 3696 mandata

252 3731 557 3790 describit
600 3747 620 3785 :
661 3738 728 3784 et
758 3730 1027 3797 quomodo
1069 3743 1172 3782 non
1204 3743 1386 3782 verum
1419 3732 1659 3797 estquod
1688 3731 1870 3785 umbra

243 3822 578 3887 praecessit
623 3825 688 3872 et
727 3817 929 3870 veritas
964 3825 1148 3870 secuta
1170 3815 1295 3869 est?

318 3908 380 3963 6.
422 3908 638 3978 _Quid
696 3915 879 3960 autem
927 3914 1008 3959 est
1059 3906 1200 3972 quod
1245 3904 1444 3958 addidit
1488 3904 1640 3958 Jesus
1680 3923 1694 3958 :
1750 3923 1769 3957 ι
1812 3906 1867 3960 Si

232 3997 740 4059 mandaveris,
810 3995 982 4062 inquit
1035 3995 1117 4058 ",
1182 3993 1412 4056 silvam,
1450 3994 1551 4063 erit
1608 3996 1701 4047 tibi
1749 4011 1867 4050 cum

229 4084 776 4143 exterminaveris
804 4081 1202 4137 Cbananmuni?
1233 4099 1252 4133 ι
1298 4082 1542 4135 Diximus
1579 4082 1686 4150 jam
1722 4098 1870 4152 supe-

234 4178 362 4230 rius
388 4173 733 4245 quomodo
766 4162 1037 4225 nobiscum
1071 4171 1275 4238 positus
1306 4170 1660 4235 Chananaeus,
1695 4175 1868 4239 primo

228 4278 480 4323 tantum
515 4265 760 4320 tributa
806 4257 1094 4328 dependet,
1138 4259 1369 4310 secundo
1416 4259 1674 4313 obediens
1707 4260 1868 4314 cilici-

225 4365 327 4413 tnr
382 4365 455 4410 et
518 4350 847 4417 subjectus,
908 4347 1064 4401 tertio
1134 4360 1261 4399 vero
1289 4347 1340 4399 in
1391 4347 1747 4402 membrorum
1779 4363 1868 4403 no-

1968 3277 2201 3332 sortibus
2245 3277 2505 3344 judicium
2549 3280 2961 3343 commisissent,
2992 3281 3198 3348 quodsi
3221 3291 3361 3336 esset
3405 3282 3505 3336 hoc

1968 3365 2106 3432 apud
2146 3375 2359 3420 sanctos
2395 3367 2465 3419 ita
2513 3378 2738 3434 gestum,
2783 3368 2894 3435 jam
2945 3370 3008 3421 de
3050 3369 3168 3423 aliis
3203 3369 3506 3425 hominibus

1963 3457 2051 3513 vel
2092 3454 2374 3521 gentilibus
2406 3455 2514 3525 (95)
2548 3455 2677 3508 nihil
2715 3456 2907 3508 mirum
2937 3457 3226 3522 videretur,
3275 3459 3321 3511 si
3364 3457 3502 3512 nihil

1968 3542 2254 3596 haberetur
2276 3542 2529 3597 eximium
2574 3546 2633 3597 in
2680 3545 2765 3607 iis,
2795 3559 2912 3613 quae
2958 3559 2988 3596 a
3014 3547 3216 3600 sanctis
3243 3556 3386 3601 sorte
3420 3548 3503 3601 di-

1965 3637 2157 3682 cuntur
2200 3630 2390 3683 divisa.
2432 3631 2534 3684 Sed
2571 3633 2846 3686 videamus
2868 3634 2911 3686 si
2949 3632 3087 3686 forte
3128 3634 3178 3686 in
3208 3634 3503 3703 Scripturis

1965 3716 2268 3770 invenimus
2293 3718 2489 3784 aliquid
2527 3720 2780 3785 positum,
2803 3720 2944 3787 quod
2987 3720 3138 3773 nobis
3164 3720 3288 3787 quid
3324 3721 3493 3773 virtu-

1968 3805 2033 3858 tis
2071 3806 2404 3858 contineatur
2446 3807 2496 3859 in
2541 3808 2776 3860 sortibus
2817 3807 3139 3860 manifestet.
3185 3807 3501 3874 incipiamus
3549 3838 3561 3851 ι

1965 3908 2094 3963 ergo
2125 3911 2154 3946 a
2195 3893 2455 3959 Levitico,
2497 3895 2585 3948 ubi
2632 3896 2892 3962 scriptum
2938 3905 3020 3949 est
3048 3896 3090 3926 ¹³
3127 3909 3145 3948 :
3193 3913 3211 3946 ι
3251 3895 3316 3948 Ει
3360 3896 3501 3950 acci-

1965 3985 2146 4050 pient,
2219 3984 2428 4052 inquit,
2498 3985 2631 4038 duas
2676 3994 2866 4039 sortes.
2930 3985 3059 4039 Sors
3113 4000 3214 4039 uua
3256 3986 3500 4050 Domino,

1965 4081 2017 4126 et
2062 4087 2179 4126 sors
2210 4088 2313 4126 una
2359 4088 2718 4142 apopompaeo,
2763 4092 2781 4125 ι
2817 4074 2918 4128 hoc
2951 4083 3052 4137 est,
3110 4074 3501 4131 transmissori.

1969 4178 1989 4211 ι
2040 4162 2106 4215 Ει
2134 4177 2290 4230 super
2321 4178 2689 4233 quemcunque
2746 4152 2960 4217 venerit
3010 4179 3129 4219 sors
3174 4164 3500 4232 ap0pompiei

1965 4253 2188 4321 accipiet
2217 4254 2420 4307 hircum
2467 4254 2637 4316 illum,
2676 4263 2730 4308 et
2756 4254 2983 4307 adducet
3011 4255 3153 4307 illum
3178 4254 3230 4306 in
3258 4269 3495 4308 eremum

1965 4347 2169 4407 vivum,
2198 4355 2252 4399 et
2279 4346 2510 4400 dimittet
2550 4346 2692 4400 illum
2744 4347 2817 4400 ibi
2864 4347 2916 4400 in
2967 4347 3276 4401 dimissione
3320 4362 3435 4401 sua.
3470 4365 3490 4399 ι

233 4455 532 4501 utrorum
570 4434 1007 4492 mortiﬁcatione
1061 4433 1226 4488 etiam
1268 4433 1611 4487 exterminari
1649 4435 1863 4489 dicitur.
1897 4457 1939 4510 υ
1965 4434 2141 4488 Alium
2173 4448 2299 4489 vero
2316 4434 2518 4487 hircum
2544 4434 2896 4489 immolabant
2922 4436 3165 4500 Domino,
3194 4444 3247 4488 et
3273 4436 3497 4504 reliqua,

250 4534 405 4602 Quae
440 4532 500 4587 si
531 4535 703 4584 recte
744 4523 1110 4590 intelligimus,
1152 4529 1206 4576 et
1252 4521 1474 4576 donavit
1503 4522 1653 4576 nobis
1693 4524 1867 4577 Domi-

250 4640 376 4680 nus
409 4635 526 4692 per
549 4615 800 4689 gratiam
836 4628 986 4668 suam
1018 4614 1094 4667 ita
1141 4612 1254 4666 haec
1302 4612 1619 4681 intelligere,
1663 4611 1733 4665 sit
1778 4613 1870 4665 ali-

248 4716 402 4785 quid
439 4723 650 4781 operae
680 4704 848 4775 pretii
882 4705 993 4757 haec
1019 4703 1085 4758 de
1110 4703 1334 4757 secretis
1361 4712 1416 4757 et
1465 4702 1787 4757 absconditis
1811 4703 1863 4755 iu

243 4803 576 4874 publicum
605 4793 957 4865 produxisse,
991 4800 1044 4845 et
1067 4791 1277 4845 venisse
1301 4790 1366 4844 ad
1394 4789 1718 4859 agnitionem
1770 4805 1865 4844 no-

245 4906 492 4956 stram,
529 4901 668 4959 qua:
720 4882 1082 4938 servabantur
1114 4880 1360 4944 obtecta;
1405 4889 1460 4933 et
1480 4893 1732 4932 conemur
1775 4893 1863 4934 se-

236 4986 531 5042 cundum
563 4980 696 5034 haec
717 4963 840 5043 quae
878 4971 1132 5033 diximus,
1159 4968 1521 5023 Chananaeum
1551 4967 1638 5035 qui
1687 4967 1861 5022 nobis-

1968 4534 2086 4588 quae
2140 4520 2209 4574 ibi
2249 4528 2393 4573 sunt.
2443 4521 2569 4585 Quae
2615 4521 2796 4588 utique
2836 4523 3013 4575 sciunt
3056 4523 3145 4589 qui
3195 4522 3393 4589 legunt.
3438 4522 3502 4575 Et

1967 4608 2159 4663 iterum
2191 4609 2278 4660 ubi
2300 4608 2504 4676 Moyses
2534 4617 2679 4662 sorte
2712 4610 2893 4663 divisit
2921 4610 3076 4663 tribui
3102 4610 3310 4674 Ruben,
3341 4622 3392 4665 et
3411 4611 3502 4664 tri-

1964 4696 2053 4751 bui
2077 4697 2210 4777 Gad,
2228 4706 2281 4751 et
2304 4698 2534 4752 dimidia:
2557 4699 2715 4752 tribui
2734 4699 2995 4765 Manasse,
3021 4715 3138 4768 qua:
3156 4707 3500 4768 poposcerant

1968 4795 2118 4840 trans
2134 4785 2417 4840 Jordanem
2454 4788 2696 4856 accipere
2737 4797 2932 4842 terram
2965 4788 3130 4853 illam,
3156 4802 3313 4856 quam
3344 4801 3497 4841 act-e-

1965 4884 2159 4943 perunt
2198 4876 2290 4930 lilii
2322 4875 2508 4930 lsrael.
2537 4876 2698 4931 Dedit
2736 4888 2908 4931 autem
2940 4877 3099 4930 etiam
3127 4877 3278 4930 lesus
3310 4891 3498 4931 secun-

1968 4967 2091 5019 dum
2154 4976 2472 5035 praeceptum
2532 4967 2622 5021 Dei
2681 4966 2844 5021 Caieb
2902 4967 3008 5020 lilio
3063 4965 3266 5019 Jeil'une
3330 4965 3498 5018 tribus

320 5169 377 5201 “
425 5163 565 5220 Jos.
592 5171 740 5213 xvii.
776 5153 866 5207 16.
900 5219 905 5220 ί
943 5149 987 5182 ¹³
1009 5148 1140 5202 ibid.
1178 5150 1264 5214 t7,
1295 5154 1380 5204 l8.
1458 5148 1501 5177 “
1522 5145 1707 5200 Matth.
1734 5163 1815 5211 ιιι,
1853 5148 1872 5200 1

2014 5148 2056 5179 ¹⁸
2075 5146 2185 5201 Jos.
2206 5162 2325 5209 xvn,
2349 5147 2439 5201 28.
2514 5146 2557 5178 "
2580 5145 2715 5200 Dan.
2747 5161 2867 5199 xiii.
2896 5144 2983 5198 56.
3063 5143 3102 5174 "
3133 5141 3268 5197 Gen.
3305 5154 3378 5201 ix,
3403 5137 3493 5188 25.

234 5239 291 5272 ιι
337 5233 557 5290 Levit.
613 5239 732 5286 xvr,
758 5221 818 5286 8,
850 5219 940 5273 l0.

314 5346 462 5420 (99)
484 5341 710 5397 Omnes
732 5346 871 5388 mss.
905 5346 926 5381 ι
960 5327 1245 5383 naturales.
1274 5345 1293 5379 ι
1321 5324 1480 5380 Libb.
1511 5324 1636 5377 editi
1662 5340 1677 5377 :
1709 5339 1729 5374 ι
1760 5340 1859 5377 na-

226 5415 697 5556 uigans-Codex
730 5469 1028 5556 Sangerm.
1056 5478 1174 5518 cum
1206 5478 1309 5518 uno
1327 5460 1542 5516 Ebroic.
1564 5477 1582 5509 ι
1618 5459 1671 5511 in
1700 5471 1803 5512 me.
1833 5479 1853 5512 ι

221 5533 459 5687 Lil‘zlg-z
477 5546 715 5682 ῗάᾞὲςῖ
745 5551 803 5652 ιιι
830 5533 1193 5654 Ἧὲΐὲξιῗίπῖθ.
1219 5597 1269 5666 ι»
1314 5594 1472 5651 Libb.
1511 5593 1634 5647 editi
1673 5610 1685 5646 :
1719 5610 1737 5644 ι
1790 5609 1858 5649 ne

224 5690 426 5746 forte.
489 5699 513 5731 ι

2028 5321 2274 5394 (9⁵),Ῡεί
2300 5322 2407 5374 alia
2431 5323 2499 5394 ᾳά
2530 5320 2716 5394 alium.
2745 5319 2870 5394 llaec
2895 5316 3096 5394 desunt
3210 5307 3360 5362 libris
3382 5302 3497 5354 edi.

1960 5380 2045 5457 tis,
2073 5380 2164 5444 sed
2198 5399 2408 5443 exstant
2434 5390 2485 5441 in
2512 5390 2718 5457 duobus
2748 5380 3231 5457 Ebroicensibus."
3294 5454 3309 5457 _
3340 5433 3397 5457 Η

2025 5432 2841 5531 ’ἱιίἐὲξῗέιῗιξὲέ
2864 5432 3016 5500 tanta
3047 5458 3112 5495 ac
3143 5441 3255 5496 tali.
3294 5454 3315 5488 ι
3339 5432 3501 5487 Libb.

1956 5521 2079 5581 editi
2109 5521 2125 5578 ἐ
2160 5543 2179 5576 ι
2215 5525 2257 5577 si
2290 5524 2357 5577 de
2384 5525 2542 5576 tantis
2572 5537 2635 5575 ac
2664 5521 2878 5573 talibus.
2921 5530 2938 5561 ι

2026 5563 2137 5668 (ἦέ)
2161 5563 2357 5668 hang;
2385 5563 2877 5668 sinEanTIVéi‘
2912 5574 3232 5644 gentilibus.
3280 5588 3300 5622 ι
3342 5563 3507 5619 Libb.

1957 5660 2082 5719 editi
2117 5660 2130 5714 ἐ
2166 5679 2184 5712 ι
2222 5660 2301 5713 vel
2327 5660 2593 5725 gentibus.
2641 5674 2659 5705 ι
