3806 6260
385 214 489 273 933

1795 206 2115 266 ORIGENIS

3515 198 3602 253 9'56

382 340 533 394 .luda:
549 336 662 408 (96)
695 344 911 391 sortem.
939 333 1092 388 Dedit
1117 339 1292 386 autem
1317 339 1370 386 et
1395 332 1554 386 tribui
1589 331 1840 400 Ephrem,
1872 340 1924 382 et
1953 334 1998 388 Α
2027 336 2228 387 mento,
2258 322 2425 377 sicubi
2475 334 2600 375 sors
2635 319 2695 372 in
2738 316 2990 408 Christo
3029 313 3116 368 vel
3165 313 3217 366 in
3271 313 3489 408 Ecclesia
3521 332 3602 371 no.

384 429 458 484 illi
504 443 623 496 quae
669 432 992 494 supererat,
1049 422 1282 476 dimidiae
1337 421 1497 474 tribui
1546 421 1803 474 Manasse.
1860 421 1926 472 Et

2028 416 2286 474 minatur,
2327 413 2408 463 vel
2445 411 2499 462 in
2541 409 2714 462 rebus
2747 403 3044 474 mysticis,
3078 411 3134 456 et
3165 417 3283 470 quae
3311 404 3370 454 ad
3401 405 3600 459 animam

384 492 648 588 post-hate
699 492 1065 582 congregavit,
1112 510 1282 578 inquit
1311 547 1328 574 ,
1369 509 1646 563 ecclesiam
1698 509 1924 562 ﬁliorum
2025 505 2305 574 pertinere
2339 500 2663 552 videantur.
2709 494 2959 548 lnvenio
2995 492 3235 546 Paulum
3262 492 3327 544 ad
3375 492 3599 562 Ephesios

381 607 572 671 Israel,
602 615 656 660 et
691 605 824 658 dixit
846 605 886 642 '9
915 619 928 655 :
967 620 983 652 ι
1023 601 1224 652 Mittam
1251 609 1474 663 sortem,
1500 608 1551 652 et
1583 599 1850 665 proferam
1873 598 1924 650 in

382 707 671 768 conspectu
725 695 931 750 Domini
979 703 1217 754 sortem,
1271 692 1314 744 si
1366 692 1514 759 prius
1561 691 1928 744 describentes

381 799 616 852 terram,
665 786 950 840 attuleritis
997 783 1412 850 descriptionem
1469 781 1605 849 ejus.
1659 799 1677 832 ι
1731 780 1796 833 Et
1853 780 1927 832 ita

383 891 506 952 post
537 880 652 933 haec
684 876 919 930 sortibus
954 875 1132 928 missis
1166 871 1452 925 hzereditas
1476 869 1672 938 populo
1704 870 1926 923 Deidis~

386 968 659 1030 tribuitur,
683 976 736 1020 et
758 967 996 1036 agitatur
1018 980 1135 1018 sors
1165 965 1265 1016 ista
1292 976 1395 1014 non
1433 962 1682 1022 fortuitu,
1717 961 1808 1014 sed
1846 972 1931 1013 se-

384 1061 618 1111 cundum
663 1056 784 1116 hoc,
812 1055 951 1122 quod
991 1055 1427 1123 praedestinatum
1465 1061 1546 1104 est
1570 1067 1598 1102 a
1626 1052 1750 1103 Deo.
1777 1048 1930 1101 Deni-

384 1158 488 1214 que
517 1144 685 1197 tribus
727 1142 1001 1210 Benjamin
1045 1144 1216 1212 prima
1256 1143 1326 1195 ibi
1375 1141 1579 1208 accepit
1608 1149 1805 1192 sortem
1837 1138 1927 1190 ubi

385 1246 502 1292 erat
527 1235 853 1297 Jerusalem,
891 1244 1010 1302 post
1050 1234 1188 1285 hanc
1227 1232 1396 1284 tribus
1427 1229 1641 1282 Simeon
1673 1227 1926 1292 secunda,

385 1337 508 1396 post
539 1325 964 1386 hauclssachar,
1008 1323 1199 1376 deinde
1241 1319 1718 1380 Zabulon,dcinde
1771 1317 1928 1380 Aser,

388 1427 510 1485 post
539 1417 701 1470 etiam
735 1413 1100 1482 Nepbthalitn,
1125 1413 1248 1465 inde
1284 1413 1416 1464 Dan.
1443 1411 1498 1463 ln
1532 1410 1726 1476 quibus
1749 1407 1932 1460 novis—

388 1507 523 1560 sime
559 1505 780 1557 veniunt
831 1512 940 1556 tres
984 1502 1086 1554 illae
1131 1502 1322 1566 tribus,
1355 1516 1472 1569 quae
1516 1516 1581 1553 ex
1614 1497 1930 1553 concubinis

391 1593 776 1647 descenderant
802 1589 990 1643 Jacob.

2029 595 2361 650 scribentem
2395 591 2583 644 dicere
2611 588 2684 642 de
2717 586 2958 640 Christo
3001 601 3017 639 :
3069 599 3093 635 ε
3135 583 3193 637 ln
3224 597 3348 649 qua,
3385 585 3607 653 inquit”,

2029 693 2176 740 sorte
2236 685 2414 736 vocati
2453 693 2674 744 sumus,
2745 674 3146 745 praedéstinati
3196 675 3475 727 secundum
3511 693 3610 744 pro-

2029 777 2268 844 positum
2305 773 2446 842 ejus,
2479 771 2578 838 qui
2614 768 2814 824 omnia
2872 773 3145 834 operatur
3201 767 3482 818 secundum
3510 783 3611 821 con-

2031 867 2214 919 silium
2276 862 2580 916 voluntatis
2642 858 2818 931 451
2881 871 3034 918 sum,
3087 863 3148 907 ut
3208 854 3376 908 simus
3419 856 3467 908 in
3518 857 3612 910 latt-

2032 956 2151 1009 dem
2184 954 2376 1022 gloriae
2419 951 2540 1018 ejus
2575 951 2670 1019 qui
2705 958 2845 1007 ante
2885 945 3246 1015 speravimus
3278 944 3332 998 in
3361 945 3612 1004 Christo.»

2034 1042 2141 1096 Sed
2190 1053 2246 1095 ct
2285 1043 2354 1095 ad
2390 1041 2761 1094 Colossenses
2807 1038 2927 1091 bare
2983 1034 3326 1088 scribentem
3348 1033 3428 1086 ’δε
3461 1053 3478 1085 ι
3509 1034 3616 1089 Gra-

2035 1135 2137 1186 tias
2189 1140 2418 1200 agentes
2470 1131 2586 1183 Deo
2643 1127 2804 1182 Patri
2853 1127 2953 1195 qui
3012 1126 3249 1180 idoneos
3291 1140 3386 1180 nos
3431 1123 3541 1179 fecit
3577 1127 3616 1181 in

2033 1233 2186 1288 parte
2229 1220 2395 1275 sortis
2462 1228 2801 1273 sanctorum
2845 1217 2900 1269 in
2949 1217 3243 1270 lumine.»
3283 1215 3412 1268 Tam
3471 1216 3619 1271 multis

2035 1311 2198 1379 igitur
2252 1325 2317 1364 ex
2368 1310 2683 1376 Scripturis
2742 1308 2968 1362 sanctis
3039 1307 3113 1360 de
3151 1308 3622 1364 commemoratione

2033 1402 2261 1456 sortium
2339 1398 2680 1453 testimoniis
2741 1400 3158 1468 congregatis,
3227 1413 3336 1464 quo
3397 1411 3461 1451 ex
3510 1397 3621 1450 mul-

2037 1501 2220 1544 torum
2280 1490 2531 1543 locorum
2591 1489 3070 1544 consideratione
3112 1488 3371 1541 virtutem
3419 1489 3488 1542 rei
3526 1502 3622 1556 pos-

2034 1581 2206 1634 simus
2227 1579 2546 1649 diligentius
2575 1579 3031 1647 apprehendere
3052 1616 3069 1640 ,
3107 1577 3246 1630 mihi
3278 1578 3482 1644 quidem
3502 1578 3625 1629 exiis

458 1682 516 1735 2.
547 1682 676 1746 Qua:
712 1695 838 1749 ergo
879 1682 950 1734 sit
973 1681 1110 1734 ratio
1135 1680 1358 1733 sortium
1386 1679 1524 1745 apud
1556 1678 1930 1745 memetipsum
1963 1658 2006 1712 Β
2038 1669 2290 1722 omnibus
2319 1669 2405 1722 vel
2435 1669 2667 1723 evidens
2703 1668 2897 1722 adhuc
2930 1682 3144 1722 sensus
3172 1667 3245 1721 ad
3282 1667 3527 1736 liquidum
3554 1681 3622 1734 pa-

392 1773 753 1840 requirebam,
806 1779 863 1822 ut
910 1786 976 1824 ex
1037 1770 1219 1822 multis
1266 1769 1589 1822 testimoniis
1643 1766 1934 1836 Scriptura:

391 1862 533 1930 quod
559 1861 756 1915 latebat
785 1873 1150 1929 agnoscerem.
1180 1858 1521 1912 Inveniebam
1545 1875 1674 1913 sane
1701 1861 1750 1911 in
1789 1860 1938 1913 Scri-

391 1951 565 2019 pturis
595 1950 756 2003 etiam
787 1949 1012 2016 gentiles
1047 1948 1302 2002 homines
1335 1963 1461 2001 usos
1509 1963 1629 2002 esse
1675 1951 1932 2014 sortibus,

395 2051 520 2094 tune
549 2055 669 2094 cum
713 2040 994 2106 navigaret
1041 2037 1223 2100 Jonas,
1271 2047 1322 2091 et
1366 2048 1654 2107 tempestas
1699 2049 1935 2106 urgeret.

394 2131 556 2182 Aiunt
596 2143 824 2195 namque
875 2129 907 2180 ii
958 2129 1046 2195 qui
1090 2129 1416 2196 navigabant
1465 2130 1508 2159 ²⁰
1541 2143 1556 2180 :
1594 2147 1612 2178 ι
1666 2127 1940 2181 Mittamus

395 2228 615 2280 sortem,
649 2226 706 2270 et
749 2217 1025 2269 videamus
1061 2215 1215 2282 cujus
1261 2231 1418 2269 causa
1451 2219 1562 2270 haec
1591 2227 1738 2268 tanta
1783 2216 1940 2268 mali-

395 2308 467 2359 tia
491 2314 592 2373 est,
627 2323 644 2356 ι
671 2305 822 2374 quasi
851 2320 966 2358 sors
1004 2314 1204 2357 tantum
1230 2306 1450 2369 valeret,
1479 2316 1534 2356 ut
1563 2306 1789 2372 prodere
1813 2320 1935 2357 eum

397 2408 594 2466 posset,
618 2395 771 2464 cujus
794 2411 959 2448 causa
1005 2396 1304 2461 periculum
1351 2395 1730 2462 navigantibus
1763 2395 1941 2447 immi-

399 2495 575 2541 neret.
597 2486 663 2538 Et
695 2486 943 2552 quamvis
978 2483 1202 2552 gentiles
1222 2492 1423 2545 essent,
1448 2492 1501 2536 et
1523 2483 1684 2537 alieni
1708 2498 1736 2535 a
1758 2485 1942 2554 c0gni-

400 2577 543 2630 tione
575 2577 686 2641 Dei,
734 2591 839 2630 non
893 2587 1070 2628 tamen
1124 2575 1174 2627 in
1216 2581 1314 2628 hac
1363 2576 1614 2642 opinione
1660 2575 1940 2640 falluntur,

396 2669 491 2722 sed
514 2667 656 2736 quod
690 2681 874 2720 verum
901 2675 1038 2728 erat,
1063 2647 1294 2731 prodidit
1325 2665 1434 2732 (97;
1481 2666 1558 2718 eis
1609 2681 1749 2722 sors.
1777 2666 1943 2720 Deni-

397 2772 504 2826 que
547 2774 567 2807 ι
616 2755 758 2809 venit
790 2793 808 2820 ,
864 2755 1082 2821 inquit,
1141 2769 1258 2808 sors
1296 2768 1456 2821 super
1484 2753 1692 2809 .lonam.
1733 2775 1750 2806 ι
1787 2755 1944 2821 Quae-

400 2860 528 2899 rens
565 2858 692 2912 ergo
725 2845 790 2896 de
813 2843 900 2905 iis,
930 2843 1142 2896 invenio
1171 2850 1222 2895 et
1249 2841 1590 2896 Salomonem
1621 2844 1672 2895 in
1712 2842 1946 2899 Prover-

381 2937 502 2990 biis
523 2935 786 2988 dicentem
809 2933 853 2963 ἰ
881 2949 894 2984 :
923 2951 940 2982 ι
976 2931 1437 2984 Contradictiones
1471 2931 1683 2985 cohibet
1714 2947 1855 2998 sors,
1888 2942 1946 2988 et

402 3026 544 3080 inter
592 3032 839 3092 potentes
881 3022 1086 3087 delinit,
1122 3039 1140 3071 ι
1182 3021 1342 3074 veluti
1391 3035 1606 3074 cessare
1654 3025 1946 3079 ostendens

402 3113 872 3176 contradictiones,
901 3113 987 3164 ubi
1028 3112 1258 3164 mittitur
1293 3125 1429 3164 sors.
1464 3110 1567 3164 Sed
1592 3127 1717 3165 cum
1743 3113 1858 3167 haec
1891 3114 1946 3167 in

403 3202 749 3256 Testamento
797 3201 973 3255 Veteri
1009 3216 1112 3253 non
1165 3216 1329 3268 pauca
1381 3201 1573 3254 referri
1602 3203 1668 3255 de
1713 3204 1949 3259 sortibus

403 3293 718 3355 invenirem,
771 3293 1014 3345 converti
1065 3305 1150 3344 me
1194 3292 1358 3344 etiam
1408 3291 1474 3343 ad
1512 3290 1719 3344 Novum
1757 3291 1949 3346 Testa-

403 3393 726 3458 mentum,ut
750 3386 982 3438 viderem
1015 3383 1059 3438 si
1106 3382 1244 3437 forte
1301 3383 1382 3436 vel
1430 3383 1503 3437 ibi
1535 3393 1951 3438 contemnuntur

411 3488 606 3532 sortes.
641 3479 708 3530 At
734 3490 798 3530 ne
834 3478 904 3531 ibi
942 3476 1156 3543 quidem
1192 3490 1376 3529 earum
1414 3490 1540 3527 usus
1575 3473 1844 3539 abjicitur,
1898 3483 1952 3528 et

406 3569 622 3624 invenio
655 3569 796 3638 quod
828 3567 1113 3635 aliquando
1148 3581 1266 3618 cum
1311 3565 1516 3618 deesset
1556 3579 1778 3616 numero
1830 3580 1953 3634 apo-

407 3659 666 3714 stolorum
701 3675 837 3712 unus
864 3655 1161 3725 apostolus,
1208 3667 1261 3708 et
1303 3664 1447 3708 esset
1496 3657 1857 3706 necessarium
1897 3655 1947 3707 in

406 3749 526 3805 loco
565 3749 711 3803 Iuda:
740 3750 900 3803 alium
930 3749 1228 3816 subrogari,
1268 3747 1646 3801 convenientes
1693 3747 1946 3813 apostoli,

409 3841 502 3910 qui
552 3841 738 3908 utique
787 3839 952 3892 multo
979 3838 1333 3905 sapientiores
1386 3846 1542 3890 erant
1577 3851 1734 3904 quam
1788 3837 1823 3890 ii
1859 3838 1949 3906 qui

412 3945 552 3984 nunc
593 3932 872 3997 episcopos
913 3928 998 3981 vel
1035 3930 1382 3995 presbyteros
1420 3927 1500 3980 vel
1527 3929 1780 3981 diaconos
1809 3929 1953 3981 ordi-

407 4028 562 4085 nant,
604 4020 880 4087 elegerunt
915 4018 1048 4070 duos
1081 4027 1133 4070 et.
1167 4026 1469 4071 statuerunt
1511 4019 1562 4070 in
1595 4019 1770 4070 medio
1807 4035 1820 4070 :
1853 4035 1954 4073 nec

415 4115 588 4160 tamen
636 4109 703 4160 de
754 4108 832 4161 eis
881 4107 1230 4175 sibimetipsis
1270 4107 1526 4173 judicimn
1570 4110 1950 4174 permiserunt,

415 4203 474 4249 ut
504 4195 648 4246 illum
700 4196 944 4249 facerent
990 4212 1146 4264 quem
1198 4197 1296 4264 ipsi
1352 4196 1645 4248 voluissent
1687 4195 1825 4266 (98),
1859 4197 1953 4249 sed

2044 1768 2160 1810 tere
2183 1772 2290 1810 non
2335 1759 2552 1824 potuit,
2586 1757 2678 1811 vel
2730 1757 2912 1811 etiam
2947 1757 3020 1809 de
3055 1772 3118 1810 re
3163 1765 3316 1808 tanta
3357 1755 3625 1809 enuntiandi

2042 1857 2096 1898 et
2120 1845 2433 1914 proferendi
2477 1847 2668 1899 arcani
2717 1854 2912 1898 metus
2945 1845 3185 1899 insedit.
3218 1843 3357 1899 illud
3387 1853 3542 1899 tamen
3584 1845 3626 1900 in

2041 1945 2304 2003 quantum
2348 1951 2436 1988 res
2467 1935 2678 2002 patitur
2726 1935 3055 2004 contigisse
3102 1934 3373 2001 sufﬁciat,
3405 1937 3528 2004 quod
3554 1951 3628 1989 no-

2043 2026 2127 2078 bis
2154 2029 2222 2077 ab
2264 2024 2526 2093 apostolis
2565 2038 2694 2078 sors
2730 2023 2911 2077 ducta
2964 2025 3270 2092 designat,
3315 2027 3436 2094 quia
3470 2027 3544 2081 ubi
3575 2041 3626 2081 ex

2045 2114 2149 2168 ﬁde
2178 2116 2382 2184 integra
2413 2123 2469 2167 et
2498 2115 2760 2168 oratione
2789 2117 3103 2184 praemissa
3159 2130 3285 2170 sors
3331 2118 3541 2181 ducitur,
3580 2134 3627 2172 ea

2042 2219 2160 2271 qua:
2191 2203 2282 2256 Ι)ρί
2320 2203 2577 2259 voluntas
2607 2208 2872 2260 continet
2901 2208 2958 2260 in
2996 2209 3264 2274 occulto,
3299 2224 3415 2264 sors
3451 2209 3630 2263 homini-

2042 2298 2142 2351 bus
2171 2295 2410 2350 declarat
2447 2297 2498 2349 in
2528 2296 2857 2351 manifesto.

2115 2391 2169 2444 3.
2197 2390 2509 2444 Secundum
2549 2389 2887 2444 interiorem
2939 2404 3088 2444 vero
3126 2391 3493 2454 intellectum,
3523 2389 3629 2444 sicut

2043 2483 2250 2537 Paulus
2275 2483 2493 2536 videtur
2529 2483 2787 2535 indicare
2817 2496 2950 2535 cum
2993 2483 3182 2536 dicit:
3222 2500 3243 2534 ε
3287 2482 3343 2536 ln
3375 2493 3510 2552 parte
3538 2497 3628 2535 sor-

2049 2574 2116 2627 tis
2147 2583 2497 2634 sanctorum;
2535 2587 2552 2620 I
2591 2581 2676 2625 et:
2701 2571 2909 2625 «Sorte
2945 2573 3147 2626 vocati
3180 2573 3236 2626 in
3264 2571 3502 2634 Christo,
3533 2587 3548 2620 ι
3574 2569 3632 2620 εἰσ

2049 2664 2282 2717 dendum
2323 2671 2411 2715 est
2449 2676 2518 2715 ne
2553 2663 2698 2716 forte
2732 2676 2848 2714 non
2879 2661 3080 2716 solum
3120 2662 3178 2716 in
3214 2661 3532 2728 hominibus,
3563 2660 3632 2713 sed

2047 2763 2103 2808 et
2139 2755 2190 2808 in
2227 2753 2483 2820 supernis
2518 2751 2828 2806 virtutibus
2866 2766 3005 2806 sors
3041 2762 3276 2827 agatur,
3305 2765 3358 2807 et
3399 2751 3636 2820 praesideat

2049 2845 2233 2912 aliqua
2267 2843 2449 2896 virtus
2473 2842 2605 2895 huic
2637 2841 2828 2895 olIicio
2858 2881 2876 2908 ,
2903 2855 3080 2908 quae,
3124 2843 3282 2898 verbi
3317 2858 3503 2908 causa,
3537 2840 3636 2897 Jesu

1973 2965 2015 3022 ο
2051 2935 2161 2989 ﬁlio
2196 2932 2342 2986 Nave
2369 2948 2520 2986 nunc
2542 2940 2697 2986 sorte
2724 2933 3144 2988 haereditatem
3180 2922 3514 2989 distribuénti
3555 2947 3638 2985 non

2052 3027 2117 3080 ad
2149 3025 2381 3092 aliquam
2415 3023 2694 3091 gratiam,
2722 3024 2826 3078 sed
2865 3026 3198 3080 secundum
3239 3026 3382 3094 quod
3425 3027 3519 3080 scit
3559 3023 3641 3077 Deo

2051 3118 2296 3186 placere.
2329 3116 2590 3168 ducatum
2626 3116 2926 3183 przebeat:
2961 3127 3028 3171 et
3063 3119 3142 3172 illi
3172 3118 3251 3188 (1)
3286 3120 3488 3187 quidem
3515 3117 3642 3168 iaciat

2049 3207 2266 3262 evenire
2291 3220 2412 3272 quae
2436 3205 2616 3274 prima
2644 3215 2806 3270 sunt,
2835 3223 3016 3274 quem
3058 3212 3178 3265 scit
3206 3209 3350 3277 apud
3381 3209 3530 3262 Deum
3553 3205 3643 3273 pri-

2053 3313 2200 3352 tnum
2242 3297 2423 3349 locum
2459 3307 2684 3349 tenere:
2726 3311 2846 3363 quo
2901 3299 3018 3353 hoc
3053 3303 3209 3368 quod
3249 3302 3304 3354 in
3336 3299 3541 3353 occultis
3570 3299 3645 3348 ha-

2053 3387 2216 3440 betur
2254 3385 2399 3452 apud
2438 3385 2612 3438 Deum
2644 3387 2824 3442 sortis
2857 3391 3293 3456 gubernatione
3329 3391 3480 3444 etiam
3507 3386 3646 3442 homi-

2051 3476 2212 3529 nibus
2259 3475 2782 3540 demonstraretur;
2821 3478 3009 3531 alium
3051 3496 3193 3534 vero
3239 3480 3420 3534 facere
3462 3476 3642 3532 secundi

2053 3564 2188 3626 loci,
2217 3572 2272 3618 et
2297 3563 2467 3617 alium
2497 3565 2671 3618 tertii.
2706 3566 2876 3632 Quod
2900 3569 2977 3622 ita
3016 3581 3248 3640 gestum
3283 3585 3404 3625 esse
3437 3584 3529 3623 non
3574 3580 3618 3619 so

2055 3654 2166 3706 lum
2191 3653 2245 3706 in
2273 3653 2435 3705 terris
2460 3654 2738 3718 arbitror,
2772 3671 2980 3710 verum
3020 3660 3202 3713 etiam
3237 3661 3291 3713 in
3343 3655 3642 3715 caelestibus,

2053 3752 2110 3796 et
2139 3741 2455 3808 hujusmodi
2503 3752 2718 3796 sortem
2766 3760 2905 3814 qua:
2958 3749 3121 3816 apud
3167 3749 3340 3803 Deum
3379 3747 3645 3802 meritorum

2054 3831 2518 3898 contemplatione
2543 3833 2944 3902 distinguitur,
2978 3840 3163 3892 etiam
3202 3841 3298 3893 illo
3334 3850 3555 3907 tempore
3577 3836 3646 3887 ba-

2054 3921 2224 3975 bitam
2245 3939 2290 3985 ,(
2315 3935 2444 3974 cum
2476 3921 2754 3977 divideret
2785 3937 2846 3977 et
2872 3929 3268 3982 constitueret
3285 3929 3532 3982 Excelsus
3549 3937 3646 3993 gett-

2061 4020 2142 4065 tes
2161 4049 2176 4074 ,
2209 4020 2266 4064 et
2296 4011 2692 4066 disseminaret
2722 4013 2876 4068 ﬁlios
2896 4016 3114 4078 Adam,
3164 4028 3222 4073 et
3245 4019 3578 4072 constitueret
3603 4018 3647 4061 li-

2056 4117 2152 4155 nes
2186 4102 2431 4169 gentium
2469 4102 2782 4156 secundum
2841 4121 3157 4163 numerum
3208 4108 3514 4178 angelorum
3552 4101 3646 4160 Dei;

2055 4201 2112 4245 et
2160 4191 2302 4244 facta
2331 4202 2418 4245 est
2450 4193 2635 4259 portio
2669 4194 2766 4248 Dei
2796 4187 2979 4250 Jacob
3005 4237 3022 4258 .
3076 4199 3370 4254 funiculus
3412 4193 3650 4252 heredita-

413 4293 649 4346 oranlcs,
699 4285 888 4353 inquit,
921 4287 1180 4340 miserunt
1215 4292 1413 4339 sortem
1462 4301 1529 4338 ex
1580 4284 1684 4337 illis
1738 4287 1949 4339 duobus
1983 4292 2027 4345 ι)
2059 4279 2129 4332 tis
2159 4278 2276 4344 ejus
2321 4278 2491 4333 lsrael
2521 4281 2591 4332 ³⁸.
2626 4299 2646 4332 ι
2681 4281 2852 4338 Vides
2901 4287 3052 4340 enim
3103 4290 3240 4357 quia
3274 4299 3332 4343 et
3367 4287 3451 4342 hic
3481 4293 3650 4353 partem

417 4388 552 4442 quos
578 4384 874 4426 statuerant
896 4375 950 4426 in
981 4386 1266 4443 conspectu
1299 4374 1414 4437 ltei,
1439 4375 1489 4426 id
1513 4386 1595 4427 eSt
1618 4373 1835 4440 .loseph,
1861 4376 1952 4443 qui

418 4465 709 4518 vocabatur
741 4463 850 4532 (99)
877 4463 1167 4528 Barnabas,
1201 4466 1288 4532 qui
1313 4467 1717 4534 cognominatus
1739 4476 1821 4518 est
1861 4465 1956 4520 Ju-

405 4551 554 4613 ‘Stus,
613 4559 668 4604 et
705 4550 1000 4603 Matthiam.
1044 4569 1061 4601 ι
1113 4553 1175 4604 Et
1222 4554 1434 4616 cecidit,
1494 4555 1666 4621 inquit
1700 4555 1768 4617 ”,
1839 4570 1955 4609 sors

420 4654 579 4707 super
624 4639 920 4702 Matthiam,
954 4649 1007 4691 et
1057 4651 1438 4692 annumeratus
1479 4653 1560 4694 est
1621 4656 1740 4694 cum
1792 4645 1952 4696 unde-

422 4731 524 4784 cim
565 4730 841 4798 apostolis.
885 4749 904 4781 ι
928 4730 1269 4785 Prmeedente
1297 4747 1527 4800 namque
1559 4735 1821 4801 oratione,
1849 4751 1950 4789 nou

416 4819 525 4886 jam
567 4835 717 4882 casu,
762 4819 854 4871 sed
891 4819 1243 4887 providentia,
1276 4834 1391 4871 sors
1421 4821 1656 4871 divinum
1694 4820 1955 4886 judicium

420 4907 713 4965 deferebat.
762 4909 869 4963 Sed
917 4909 1089 4960 adhuc
1134 4908 1431 4974 quaerebam
1469 4909 1520 4958 in
1568 4906 1713 4960 Novo
1767 4909 1958 4964 Testa-

492 5005 535 5037 "
563 5004 674 5058 .lus.
701 5019 853 5057 xvut.
927 5002 974 5033 ³ο
997 4999 1118 5056 Jon.
1141 5018 1178 5065 ι,
1197 5001 1252 5055 9.
1324 5002 1365 5031 ²¹
1393 5000 1550 5053 Prov.
1583 5003 1827 5067 xvttt,l8.

424 5089 593 5138 χχιιι,
623 5077 674 5136 8,
711 5075 762 5127 9.

494 5164 605 5231 (96)
636 5165 746 5216 Duo
777 5163 1121 5217 Ebroicenses
1158 5179 1170 5213 :
1207 5179 1226 5210 ί
1259 5169 1314 5213 οι
1342 5159 1496 5231 tribui
1530 5158 1696 5231 Judze.
1731 5179 1750 5210 ι

492 5229 782 5313 (Ἦλϐού.
817 5235 1102 5300 Saugertn.
1149 5249 1166 5278 ι
1212 5229 1463 5298 prodidit.
1510 5248 1527 5280 ι
1579 5229 1734 5282 Libb.
1768 5232 1897 5285 editi
1943 5250 1957 5284 :

430 5316 449 5351 ε
481 5311 674 5368 prodit.
711 5321 728 5351 ι

506 5372 613 5438 (98)
655 5371 782 5421 Mss.
837 5390 854 5420 ι
906 5371 1220 5421 voluissent.
1264 5386 1280 5416 ι
1327 5367 1476 5418 Libb.
1517 5365 1642 5419 editi
1682 5389 1692 5420 :

429 5437 607 5568 l“iiii”
642 5457 830 5559 ,Iidem
877 5521 1003 5560 mss.
1059 5523 1078 5556 ι
1135 5506 1444 5559 vocabatur.
1493 5523 1511 5554 ›
1566 5502 1722 5558 Libb.
1771 5505 1903 5557 editi
1947 5521 1962 5559 :

1737 5384 1756 5415 ‹
1807 5368 1961 5422 vole-

1906 5006 1952 5036 ι·
1973 5006 2100 5062 Act.
2129 5025 2172 5076 ι,
2204 5012 2297 5071 26.

2063 4381 2118 4426 et
2141 4372 2441 4424 funiculum
2476 4373 2650 4428 Israel
2677 4375 2920 4433 Domino
2952 4379 3094 4434 dicit
3133 4398 3264 4438 esse
3286 4383 3526 4437 sortium.
3561 4376 3650 4429 Non

2061 4477 2194 4527 ergo
2225 4461 2456 4518 fortuitu
2494 4467 2900 4526 arbitrandum
2940 4483 3026 4527 est
3061 4490 3172 4543 per
3221 4485 3432 4530 sortem
3478 4471 3652 4524 venisse

2065 4552 2144 4623 (2)
2177 4553 2250 4606 illi
2289 4557 2512 4621 (tuideut
2541 4559 2749 4626 angelo
2773 4561 2929 4617 illam
2957 4576 3185 4634 gentem
3216 4571 3512 4636 suscipere,
3536 4560 3653 4615 verbi

2069 4658 2231 4697 causa
2255 4685 2269 4709 l
2302 4645 2736 4718 Ᾱῖεῖῐδιὶοτυιη,
2767 4656 2862 4708 alii
2892 4668 3078 4712 autem
3103 4659 3496 4718 ldnmzeorum,
3521 4648 3651 4706 etalii

2069 4732 2468 4802 Moabitarum,
2507 4751 2563 4793 ct
2595 4743 2694 4797 alii
2736 4747 2978 4814 Indiam,
3012 4748 3098 4800 vel
3122 4758 3561 4816 unamquamque
3584 4757 3655 4794 na-

2069 4827 2281 4880 tiomnn
2315 4846 2512 4886 earum
2543 4850 2678 4903 qua:
2724 4851 2858 4892 sunt
2889 4854 3055 4909 super
3089 4851 3336 4892 terram:
3387 4839 3478 4891 sed
3513 4844 3561 4887 et
3601 4828 3653 4880 ibi

2065 4915 2285 4971 etiamsi
2316 4923 2627 4977 secundum
2673 4940 2981 4983 numerum
3029 4926 3349 4994 angelorum
3380 4924 3469 4978 Dei
3506 4921 3656 4975 dican-

2378 5018 2428 5049 ⁸³
2450 5017 2660 5077 Eobes.
2684 5039 2729 5090 t,
2761 5023 2852 5089 ll,
2888 5023 2978 5077 12.
3032 5019 3208 5074 “Col.
3245 5034 3285 5083 t,
3314 5020 3400 5072 12.
3456 5017 3499 5047 "
3529 5017 3654 5068 Deut.

2083 5185 2102 5217 ι
2144 5180 2408 5231 vocatur.
2447 5194 2466 5226 ι

2156 5237 2412 5318 (ηέξυιίο
2445 5247 2775 5317 S=It|gertn.,
2807 5267 2826 5298 ε
2867 5249 3094 5318 ductum
3111 5238 3406 5318 praebeat}
3439 5245 3489 5288 et
3515 5233 3654 5318 illiut

2080 5298 3202 5426 1'39“,Ebroicensgsadductum—practical.
3257 5307 3462 5360 fortis:
3520 5312 3568 5354 et
3611 5298 3662 5347 il.

2130 5415 2143 5428 ο
2186 5397 2203 5429 ι

2108 5513 2119 5524 .
2165 5449 2406 5530 (2)000
2426 5459 2656 5518 Ebroic.
2685 5482 2708 5517 (
2752 5463 2824 5518 illi
2857 5457 3087 5530 quidem.
3127 5469 3142 5501 θ
3176 5443 3344 5498 Libb.
3385 5441 3511 5496 editi
3542 5455 3554 5491 :
3583 5439 3660 5486 ι.ξῖ

2082 5511 2398 5586 liquidum.
2439 5511 2461 5583 i
