3806 6268
151 275 262 454 ώῄΊ
302 435 436 454 “mn
579 453 585 454 γ
1209 363 1272 415 ΙΝ
1305 360 1555 415 LIBRUM
1580 357 1739 414 JESU
1769 357 1813 410 N

1914 357 1952 408 E
1983 355 2258 410 IIOMIIJA
2287 353 2473 408 XXlll.
3314 347 3415 401 ωε

182 465 265 548 ΚΧκ
687 464 835 556 esse
879 466 1115 533 divisae,
1143 479 1314 524 tamen
1347 471 1432 522 illa
1470 484 1608 533 sors,
1654 470 1795 521 sicut
1823 471 1866 527 Δ
1897 467 2152 531 cernitur,
2177 467 2256 518 vel
2282 464 2491 517 llebron
2523 459 2605 512 vel
2634 459 2750 512 alia}
2775 460 2993 527 singula:
3032 458 3274 512 civitates
3303 426 3420 512 sin—

207 583 258 629 Ὃ
285 527 593 629 homtutbus
622 541 896 606 diximus
925 596 945 621 ,
994 560 1124 625 quia
1157 559 1245 612 Dei
1268 559 1524 625 judicium
1559 559 1696 624 quod
1741 557 1793 606 in
1895 554 2029 620 gulis
2051 527 2345 618 quibusque
2377 545 2616 599 tribubus
2655 545 3076 602 conscribuntur,
3133 543 3228 594 nisi
3269 545 3413 608 quia,

241 623 422 706 multo
443 635 558 692 θεὶς
581 645 703 686 801⁵8
725 641 963 713 pandit
988 623 1044 698 in
1079 623 1320 714 publico,
1357 645 1478 697 talis
1527 623 1690 695 etiam
1724 641 1795 694 ibi

253 733 394 790 tuisse
423 723 685 776 credenda
711 733 795 779 est
826 744 843 780 :
880 734 1021 796 quia
1053 745 1104 786 et
1133 733 1317 786 merito
1360 740 1414 784 et
1460 733 1654 784 virtute
1703 743 1797 781 sua

267 811 610 882 unusquisque
649 813 883 880 angelus
916 818 1066 870 illam
1091 821 1172 872 vel
1200 818 1337 870 illam
1375 828 1581 884 gentem
1631 815 1680 866 in
1722 813 1800 866 di-

261 907 452 961 visione
475 903 791 968 susciperet.
828 903 904 958 Et
945 908 1075 974 quid
1127 907 1242 959 dico
1288 906 1352 958 de
1387 903 1593 972 magnis
1639 910 1691 954 et
1738 903 1802 954 de

241 992 590 1069 generalibus
637 991 802 1044 rebus
827 993 853 1044 ‘2
908 1009 1035 1048 cum
1071 1008 1134 1047 ne
1183 1007 1280 1062 per
1322 991 1556 1060 singulos
1590 990 1798 1058 quidem

234 1091 489 1142 nostrum
521 1079 732 1147 absque
760 1081 1080 1149 huiusmodi
1131 1090 1277 1134 sorte
1303 1094 1420 1148 quae
1466 1079 1556 1133 Dei
1600 1077 1801 1144 judicio

246 1177 619 1241 dispensatur,
662 1170 890 1224 evenire
918 1168 1197 1224 dicendum
1226 1176 1308 1221 est
1331 1206 1346 1230 ,
1375 1167 1517 1220 verbi
1545 1180 1722 1230 causa,
1745 1173 1803 1216 ut

247 1264 397 1315 alius
427 1267 674 1315 nostrum
715 1259 880 1311 talem
917 1258 1001 1310 vel
1039 1256 1199 1309 talem
1240 1257 1402 1309 vitam
1445 1255 1626 1307 statim
1661 1269 1803 1305 ana-

251 1351 474 1404 tivitate
516 1348 818 1401 sortiatur:
849 1345 932 1398 vel
955 1353 1098 1399 certe
1127 1343 1252 1398 illud
1283 1343 1423 1410 quod
1475 1339 1802 1409 ergabomi-

246 1455 351 1493 nes
381 1438 495 1506 geri
519 1452 588 1490 ex
619 1434 916 1502 Scripturis
966 1435 1165 1488 sanctis
1196 1447 1332 1499 szepe
1367 1424 1802 1493 docuimus,quod

242 1538 303 1581 et
327 1527 459 1581 boni
495 1525 684 1594 angeli
712 1524 908 1576 adsunt
931 1522 1233 1575 hominibus
1261 1531 1310 1572 et
1348 1517 1598 1573 contrarii
1623 1529 1638 1566 :
1666 1515 1802 1582 quod

241 1631 362 1670 non
402 1615 602 1680 utique
631 1612 861 1666 fortuitu
910 1619 960 1662 et
998 1609 1196 1674 absque
1227 1607 1424 1672 judicio
1465 1605 1552 1658 ille
1592 1602 1806 1669 angelus

239 1705 406 1757 illius
441 1701 645 1754 anima:
666 1737 682 1762 ,
712 1699 865 1752 verbi
906 1711 1065 1750 causa
1093 1733 1108 1757 ,
1140 1696 1281 1747 Petri
1317 1701 1494 1747 custos
1521 1705 1636 1744 esse
1658 1690 1808 1742 sorti-

240 1793 473 1854 tussit,
502 1799 558 1845 et
586 1790 729 1842 alius
752 1787 902 1840 Pauli
932 1825 947 1850 ,
980 1785 1063 1838 vel
1102 1785 1236 1836 alius
1281 1781 1435 1834 unius
1479 1778 1696 1833 infantis
1733 1777 1796 1830 de
1838 1767 1876 1819 Β

235 1881 546 1945 Ecclesia,
596 1881 665 1933 de
704 1891 930 1946 quorum
984 1875 1183 1941 angelis
1228 1870 1353 1923 dicit
1400 1869 1649 1921 Dominus
1685 1866 1804 1933 quia

235 1985 478 2038 semper
501 1968 729 2021 videant
760 1964 948 2016 faciem
974 1961 1148 2013 Patris
1170 1960 1248 2012 sui
1276 1957 1364 2024 qui
1391 1956 1442 2008 in
1462 1956 1608 2007 caslis
1632 1962 1714 2006 est
1743 1953 1807 2005 “.

238 2061 329 2113 De
361 2057 574 2126 quibus
597 2055 790 2121 utique
811 2049 1154 2105 dubitandum
1181 2060 1285 2098 non
1315 2052 1395 2097 est
1415 2083 1432 2108 ,
1455 2042 1594 2110 quod
1611 2040 1812 2106 judicio

238 2148 351 2200 Dei
383 2145 481 2214 qui
534 2143 756 2197 illorum
784 2139 1128 2206 dignitatem,
1156 2132 1237 2186 vel
1284 2139 1479 2184 nostra:
1521 2128 1708 2181 animae
1748 2127 1812 2178 ad

237 2235 533 2304 liquidum
585 2229 848 2298 perspicit
897 2224 1202 2293 qualitatem
1227 2259 1242 2282 ,
1279 2216 1685 2281 uniuSCttjusque
1724 2227 1815 2266 no-

245 2301 447 2380 strum
483 2319 798 2374 custodiam
829 2315 1126 2368 sortiantur
1162 2316 1306 2362 sorte
1343 2305 1568 2374 quadam
1599 2301 1813 2369 mystica

241 2411 468 2466 Christi
503 2404 912 2474 dispensatione
957 2401 1175 2452 directa.
1210 2396 1315 2462 Ego
1361 2401 1533 2446 autem
1563 2397 1812 2457 quantum

245 2501 324 2554 ad
357 2497 687 2566 Opinionem
719 2505 891 2545 meam
924 2495 1163 2556 spectat,
1195 2493 1326 2554 puto
1354 2483 1611 2536 audenter
1640 2479 1817 2532 dicen-

246 2590 393 2640 dum
425 2585 596 2637 etiam
617 2581 686 2636 de
711 2579 778 2632 iis
797 2576 1086 2632 virtutibus
1111 2588 1228 2642 quae
1269 2570 1449 2625 mundi
1475 2567 1628 2636 huius
1668 2567 1820 2621 mini-

251 2677 442 2730 steria
475 2676 867 2737 susceperunt,
899 2664 1041 2734 quod
1071 2677 1174 2717 non
1208 2660 1426 2714 fortuitu
1449 2658 1531 2712 vel
1560 2669 1686 2712 casu
1731 2653 1819 2708 illa

246 2766 447 2817 virtus
466 2772 630 2813 terrae
647 2755 728 2811 vel
748 2755 995 2808 arborum
1011 2747 1482 2820 germinationibus
1497 2744 1696 2813 praesit,
1728 2742 1818 2796 illa

256 2853 514 2906 fontium
547 2863 615 2900 ac
639 2843 917 2898 fluminum
957 2839 1183 2894 suﬂiciat
1231 2851 1294 2888 ac
1322 2828 1639 2888 suliicienter
1669 2831 1820 2883 exhi-

257 2946 432 3005 beat,
456 2938 567 2990 alia
599 2933 861 2987 imbrium
885 2969 900 2992 ,
931 2928 1031 2980 alia
1061 2934 1374 2986 ventorum,
1421 2920 1522 2972 alia
1569 2916 1817 2978 marinis,

257 3032 375 3084 alia
402 3002 591 3081 autem
630 3020 980 3076 terrestribus
999 3012 1342 3074 animalibus,
1370 3007 1448 3061 vel
1467 3004 1684 3073 singulis
1705 3002 1821 3070 qui-

255 3119 485 3184 busque
528 3127 561 3165 e
588 3120 736 3162 terra
767 3101 1106 3174 gignentibus
1143 3097 1319 3166 przesit
1350 3113 1362 3147 :
1411 3105 1464 3147 et
1491 3105 1608 3145 esse
1640 3093 1690 3149 in
1735 3088 1817 3139 his

254 3173 503 3271 singulis
531 3173 872 3251 sacramenta
919 3184 1200 3241 ineffabilia
1229 3182 1419 3235 divinae
1464 3173 1816 3243 dispensatio-

257 3265 388 3351 nis:
421 3298 482 3343 ut
512 3285 710 3340 ordine
733 3295 831 3334 suo
857 3285 1044 3331 cuncta
1083 3281 1136 3326 et
1171 3265 1487 3334 competenti
1521 3277 1614 3331 per
1639 3275 1816 3312 unam-

257 3348 550 3447 quamque
577 3372 835 3423 virtutem
876 3362 1194 3416 dirimantur
1217 3356 1406 3410 cilicio.
1449 3352 1538 3405 Sic
1581 3348 1720 3402 enim
1765 3357 1819 3399 et

260 3434 561 3532 apostolus
606 3455 806 3510 Paulus
833 3451 962 3504 dicit
982 3450 1024 3481 "
1051 3465 1065 3500 :
1104 3465 1122 3496 ι
1152 3444 1337 3497 Nonne
1360 3453 1541 3492 omnes
1567 3445 1685 3489 sunt
1717 3434 1817 3484 nii-

257 3526 434 3605 nistri
464 3545 689 3613 spiritus
718 3540 772 3592 in
827 3533 1178 3590 ministerium
1234 3526 1411 3590 missi,
1474 3533 1687 3591 propter
1729 3532 1820 3571 eos

257 3639 354 3706 qui
401 3631 774 3688 [nereditatem
809 3623 1022 3691 capiunt
1047 3615 1307 3672 salutis?»

333 3727 403 3779 4.
437 3723 518 3775 Ad
545 3722 739 3772 horum
787 3711 949 3778 igitur
987 3705 1335 3760 imitationem
1374 3694 1694 3749 credendum
1739 3700 1821 3748 est

256 3815 440 3869 etiam
466 3811 554 3862 hic
587 3805 925 3870 Scriptorum
948 3793 1148 3847 referre
1177 3798 1348 3844 sortes
1365 3784 1483 3838 duci
1514 3778 1819 3849 perJesum,

257 3865 336 3958 et:
370 3865 752 3955 [nereditatem
805 3902 898 3955 per
942 3889 1368 3946 unamquamque
1410 3871 1604 3924 tribum
1645 3865 1820 3918 divina

258 3953 691 4059 dispensatione
715 3979 792 4048 C5)
809 3953 1034 4028 decerni
1057 4009 1072 4034 ,
1105 3979 1160 4021 et
1185 3981 1277 4034 per
1315 3958 1622 4058 ineffabilem
1651 3953 1822 4059 provi—

259 4041 517 4134 denrtiam
548 4071 684 4130 Dei,
720 4041 786 4119 ac
809 4057 1148 4130 praesentiam
1175 4055 1225 4106 in
1248 4054 1330 4105 his
1361 4047 1594 4102 sortibus
1635 4041 1820 4093 adum-

255 4129 424 4225 brari
447 4129 756 4218 futurtein
788 4129 938 4205 cicelis
989 4141 1316 4200 baereditatis
1361 4131 1650 4200 exemplar.
1680 4129 1821 4190 Quo-

261 4264 421 4316 niam
441 4254 670 4324 quidem
694 4265 713 4298 ι
737 4247 820 4298 lex
839 4239 1077 4292 umbram
1102 4227 1119 4281 ὁ
1140 4232 1330 4286 dicitur
1359 4226 1588 4324 haberet
1617 4219 1824 4318 futuro:

259 4301 391 4405 ῐιιιιι
416 4301 692 4400 bonorum
716 4336 784 4396 “.
809 4353 827 4383 ι
855 4340 906 4384 et
926 4325 1078 4383 sicuti
1105 4321 1231 4375 dicit
1252 4311 1534 4381 Apostolus
1559 4309 1621 4360 de
1650 4306 1714 4357 iis
1734 4301 1823 4370 qui

261 4438 339 4490 ad
372 4425 862 4488 DominumJesum
886 4418 1152 4473 Christum
1183 4410 1469 4460 venerunt:
1493 4399 1581 4465 qui
1605 4415 1622 4448 ι
1645 4410 1822 4448 acces-
1852 4421 1899 4477 Β

256 4526 426 4578 sistis
454 4523 520 4574 ad
547 4517 693 4571 Sion
737 4517 1004 4566 montem,
1029 4510 1082 4554 et
1116 4499 1179 4550 ad
1207 4493 1475 4548 civitatem
1508 4486 1600 4538 Dei
1637 4484 1821 4536 viven-

256 4614 342 4666 tis
379 4607 690 4664 Jerusalem
726 4597 990 4651 caelestem
1024 4593 1068 4623 ”
1097 4605 1111 4640 :
1147 4613 1160 4635 ι
1189 4593 1287 4647 est“
1306 4580 1476 4644 aliqua
1503 4575 1553 4627 in
1577 4573 1723 4627 caelis
1749 4571 1823 4623 ci-

255 4665 416 4752 vitas
438 4710 565 4764 qua:
590 4688 804 4744 dicitur
835 4677 1122 4735 Jerusalem
1145 4682 1198 4725 et
1222 4683 1373 4722 mons
1399 4665 1527 4718 Sion
1562 4677 1574 4711 :
1614 4674 1716 4713 non
1742 4667 1820 4752 est

259 4745 470 4854 utique
479 4787 609 4839 sine
625 4787 793 4830 causa
811 4767 948 4836 quod
970 4759 1238 4854 Beniamin
1257 4757 1308 4853 in
1341 4761 1481 4847 sorte
1511 4763 1602 4854 sua
1621 4745 1827 4854 accepit

249 4827 582 4927 Jerusalem
611 4871 671 4914 et
712 4866 942 4909 montem
972 4849 1138 4900 Sion:
1177 4843 1274 4894 nisi
1315 4837 1438 4904 quia
1488 4830 1718 4884 caelestis
1759 4827 1823 4878 il-

253 4917 731 5012 l'i‘ii—s‘Jei-‘usaletn
771 4939 908 4992 ratio
955 4935 1069 4986 sine
1096 4929 1251 4982 dubio
1299 4925 1400 4977 hoc
1433 4917 1714 4983 exigebat,
1768 4919 1827 4962 ut

249 5000 464 5112 ἐξιῇ-ἑῶν
477 5029 784 5102 Benjamin
815 5022 931 5076 dari
960 5021 1170 5072 deberet
1200 5009 1492 5112 Jerusalem
1526 5000 1826 5112 terrestris,

250 5083 399 5203 Qut;
428 5133 585 5185 illius
603 5083 870 5173 acaelestis
899 5109 1117 5174 figuram
1160 5107 1337 5155 servat
1381 5109 1443 5147 ac
1470 5092 1711 5144 formam.
1747 5083 1831 5203 Si:

798 5199 808 5203 _
895 5192 933 5203 -ι
974 5193 1002 5203 Α.
1027 5191 1038 5203 ι
1077 5191 1088 5203 ι
1256 5179 1514 5203 ιε-.....‹1.-.η
1551 5182 1622 5203 ΔΩ.
1695 5185 1812 5203 nun:

249 5170 728 5276 uua—atem
779 5199 848 5250 de
895 5170 1194 5244 Bethlehem
1238 5179 1516 5238 dicendum
1550 5182 1658 5232 est,
1695 5170 1830 5276 qu'od

256 5258 548 5361 :cnnsine
579 5301 736 5346 certa
765 5281 998 5350 quadam
1031 5276 1228 5327 ratione
1273 5272 1322 5323 in
1359 5266 1512 5319 Judte
1552 5267 1693 5312 sorte
1740 5258 1833 5308 de-

338 5411 396 5444 "
425 5404 632 5462 Matth.
662 5407 820 5451 xvut,
846 5387 933 5438 10.

250 5483 309 5517 ﬂ
349 5479 482 5532 Luc.
530 5483 649 5523 nx.

339 5583 426 5650 (3)
451 5575 641 5632 Codex
679 5566 989 5624 Sangam.
1030 5558 1160 5608 «sub
1188 5545 1642 5620 dispensationem
1666 5537 1826 5589 Paulo

707 5623 1091 5650 -._....;_in...:.....
1123 5624 1203 5650 nn:
1236 5637 1291 5650 η..
1345 5617 1756 5650 nrmsmenllam.
1800 5623 1818 5650 ι

259 5617 664 5724 poli'uiéiri'i.
707 5617 1091 5695 providentiam
1122 5624 1205 5674 Dei
1235 5617 1292 5672 ac
1345 5617 1756 5672 nt‘wscienttam.
1799 5623 1818 5655 ι

548 5731 856 5806 ⁴Ρλτιιοι..
905 5712 1011 5770 Gn.
1062 5715 1191 5773 ΧΠ.

1020 5386 1060 5414 ³⁷
1088 5383 1215 5437 lieb.
1237 5397 1272 5445 ι,
1295 5380 1380 5432 14.
1485 5371 1531 5403 ³⁸
1555 5367 1683 5421 Heb.
1719 5381 1772 5430 ι,
1801 5368 1848 5417 l.

1902 651 1958 692 ut
1979 640 2207 693 diximus
2232 677 2246 700 ,
2273 637 2354 688 illa
2381 633 2612 686 coelestia
2647 631 2756 682 loca
2777 673 2790 694 ,
2822 632 2869 682 in
2896 631 3087 697 quibus
3118 640 3171 682 et
3201 629 3389 683 Jerusa

1898 731 1995 782 lem
2022 735 2072 777 el
2095 725 2220 778 Sion
2245 737 2362 776 esse
2394 721 2715 782 nominatur,
2767 717 2882 769 sine
2929 717 3086 770 dubio
3123 728 3177 770 et
3220 730 3412 771 caetera

1897 831 2012 882 qua:
2052 815 2118 867 iis
2158 812 2330 864 vicina
2363 809 2438 861 vel
2473 806 2750 872 conjuncta
2790 804 2945 874 452
2975 814 3096 857 sunt
3121 805 3233 857 loca
3260 846 3274 870 ,
3320 809 3418 860 hoc

1900 903 1949 954 in
1981 915 2038 954 se
2069 913 2243 953 causa:
2265 907 2316 950 et
2348 895 2564 948 rationis
2593 892 2933 945 continebant
2966 893 3018 943 in
3046 893 3192 945 caelis
3222 931 3237 956 ,
3278 896 3414 960 quod

1899 999 2041 1042 sorte
2076 988 2353 1040 distributa
2385 982 2815 1050 gubernabantur
2848 980 2899 1032 in
2938 981 3111 1033 terris.
3133 981 3268 1035 llinc
3293 997 3420 1050 ergo

1900 1086 1979 1130 est
2005 1075 2142 1142 quod
2178 1071 2502 1140 dispensavit
2545 1071 2719 1123 divina
2755 1070 3009 1137 sapientia
3040 1072 3246 1121 nomina
3278 1085 3420 1138 qum-

1903 1167 2020 1218 dam
2058 1164 2290 1217 locorum
2323 1162 2478 1215 scribi
2522 1160 2573 1212 in
2609 1159 2922 1228 Scripturis,
2963 1173 3080 1224 qua:
3144 1161 3418 1224 mysﬁcam

1903 1252 2182 1316 quamdam
2229 1246 2718 1315 interpretationem
2779 1246 3106 1306 contineant,
3163 1260 3258 1311 per
3307 1262 3424 1312 qua:

1904 1339 2164 1392 indicetur
2193 1337 2362 1398 nobis,
2397 1336 2518 1402 quia
2551 1335 2660 1386 Inec
2689 1335 2845 1387 certis
2900 1333 3196 1401 quibusque
3255 1336 3421 1387 ratio-

1905 1427 2060 1480 nibus
2091 1464 2106 1487 ,
2142 1435 2195 1478 ct
2228 1440 2332 1477 non
2370 1439 2493 1476 casn
2529 1423 2604 1474 vel
2632 1422 2849 1476 fortuitu
2883 1423 2992 1474 ﬁeri
3025 1422 3413 1490 dispensentur.

1909 1516 2060 1569 Sicut
2093 1515 2230 1568 enim
2262 1530 2363 1567 non
2399 1522 2476 1566 est
2507 1512 2798 1580 putandum
2825 1513 2960 1578 quod
3018 1512 3236 1565 fortuitu
3280 1513 3424 1566 acci-

1903 1603 2060 1667 derit,
2092 1602 2236 1655 verbi
2269 1615 2449 1664 causa,
2482 1609 2537 1652 ut
2571 1600 2654 1652 ille
2687 1599 2907 1666 angelus
2940 1599 3163 1653 Michael
3215 1614 3427 1654 vocare-

1909 1700 2011 1753 tur,
2044 1691 2178 1744 alius
2234 1699 2405 1742 autem
2454 1688 2687 1751 Gabriel,
2732 1689 2867 1740 alius
2899 1702 3024 1741 vero
3049 1688 3284 1754 Raphael
3321 1704 3334 1740 :
3369 1697 3422 1740 et

1911 1791 1966 1831 ut
1991 1781 2053 1833 ad
2079 1781 2304 1832 humana
2338 1777 2673 1836 descendam,
2705 1777 2843 1829 sicut
2871 1792 2971 1830 non
3003 1776 3098 1828 fuit
3122 1777 3340 1830 fortuitu
3367 1786 3423 1830 ut

1912 1865 1996 1920 ille
2021 1865 2318 1934 patriarcha
2355 1861 2622 1916 Abraham
2647 1875 2942 1926 vocaretur,
2974 1874 3026 1915 et
3061 1864 3147 1917 ille
3171 1864 3337 1928 Isaac,
3370 1875 3425 1918 et

1909 1955 2041 2006 alius
2069 1952 2228 2005 Israel
2258 1968 2272 2003 :
2297 1950 2388 2003 sed
2418 1964 2484 2002 ne
2516 1950 2567 2003 in
2617 1949 2829 2002 feminis
2859 1950 3068 2017 quidem
3117 1965 3243 2004 casu
3281 1953 3425 2004 acci-

1911 2061 2004 2123 dit,
2045 2057 2136 2112 sed
2161 2065 2304 2111 certa
2331 2065 2383 2110 et
2421 2055 2599 2108 divina
2633 2056 2854 2116 ratione,
2897 2065 2953 2107 ut
2983 2054 3070 2107 illa
3105 2053 3232 2108 Sara
3265 2071 3424 2109 voca-

1913 2157 2058 2199 retur
2089 2159 2154 2199 ex
2207 2145 2381 2207 Sarni,
2419 2143 2502 2196 vel
2545 2143 2629 2195 ille
2659 2141 2817 2195 Israel
2854 2158 2918 2194 ex
2968 2141 3153 2203 Jacob,
3202 2143 3279 2196 vel
3339 2144 3424 2196 ille

1911 2232 2174 2284 Abraham
2200 2246 2261 2284 ex
2299 2230 2495 2283 Abram
2529 2247 2542 2282 :
2571 2238 2624 2282 et
2675 2239 2732 2281 ut
2755 2237 2952 2281 certum
2979 2239 3059 2281 est
3096 2231 3235 2296 quod
3263 2245 3425 2282 unus-

1912 2323 2132 2388 quisque
2161 2321 2242 2373 vel
2292 2319 2631 2386 angelorum,
2671 2317 2752 2370 vel
2792 2317 3064 2370 hominum
3100 2331 3163 2369 ex
3204 2318 3265 2369 iis
3306 2333 3425 2385 qnze

1912 2409 2009 2462 sibi
2041 2409 2381 2476 injunguntttt‘
2413 2404 2594 2460 ciliciis
2639 2413 2691 2458 et
2741 2405 2943 2457 actibus
2994 2402 3154 2456 etiam
3216 2407 3427 2458 nomina

1914 2499 2220 2558 sortiantur,
2255 2496 2322 2547 ita
2347 2507 2675 2560 consequens
2710 2500 2792 2545 est
2817 2491 2974 2545 etiam
3022 2491 3136 2544 loca
3185 2493 3426 2560 quaedam

1914 2597 2032 2637 esse
2058 2582 2293 2636 celestis
2321 2590 2373 2634 et
2399 2579 2662 2636 civitates,
2694 2578 2832 2630 sicut
2878 2576 3168 2632 Jerusalem
3195 2578 3429 2631 etelestis

1916 2673 2109 2726 dicitur
2131 2681 2186 2724 et
2212 2670 2338 2724 Sion
2373 2686 2386 2721 :
2419 2681 2534 2721 esse
2562 2667 2722 2718 etiam
2759 2663 2888 2717 alias
2913 2679 3134 2732 quarum
3163 2674 3345 2734 typum
3377 2676 3431 2719 et

1918 2762 2194 2829 imaginem
2219 2760 2330 2812 ista:
2358 2772 2474 2824 quae
2501 2755 2553 2808 in
2593 2755 2748 2810 terris
2795 2762 2917 2806 sunt
2975 2755 3281 2817 continent,
3313 2769 3429 2821 qua:

1917 2863 2057 2900 nunc
2091 2848 2141 2900 in
2182 2847 2282 2898 hac
2320 2845 2590 2912 Scriptura
2630 2840 2848 2911 mystice
2905 2840 3057 2894 nobis
3108 2857 3202 2909 per
3249 2842 3428 2896 Jesum

1917 2936 2084 2989 lilium
2115 2933 2252 2988 Nave
2289 2933 2654 3001 designantur.
2689 2931 2754 2986 Et
2786 2934 2849 2986 de
2875 2933 3001 2999 ipsis
3029 2942 3156 2999 puto
3201 2933 3431 2986 civitati-

1916 3024 2016 3077 bus
2040 3022 2236 3074 rlictum
2271 3020 2314 3051 '°
2341 3036 2355 3072 :
2386 3037 2405 3070 ι
2432 3017 2857 3074 Edificabuntnr
2908 3020 3149 3073 civitates
3177 3016 3329 3082 Juda,
3377 3027 3432 3072 et

1919 3109 2290 3164 inbabitabunt
2317 3107 2409 3171 ibi,
2444 3117 2496 3159 et
2533 3105 2920 3160 haereditabnnt
2946 3121 3080 3160 eam.
3119 3125 3136 3157 ι
3196 3107 3267 3161 De
3305 3109 3432 3175 ipsis

1916 3200 2074 3252 etiam
2107 3197 2360 3251 Dominus
2382 3204 2434 3250 et
2458 3195 2702 3249 Salvator
2738 3196 2885 3257 dicit,
2919 3197 3037 3263 quia
3082 3195 3256 3250 multa:
3285 3212 3432 3248 man-

1916 3287 2089 3340 siones
2105 3292 2228 3337 sunt
2260 3283 2395 3350 apud
2421 3281 2635 3334 Patrem
2660 3283 2726 3334 ³¹.
2763 3282 2826 3336 Et
2855 3283 2920 3336 de
2964 3283 3092 3350 ipsis
3111 3284 3428 3337 credendum

1917 3373 2220 3426 civitatibus
2249 3385 2403 3424 servo
2428 3369 2497 3422 illi
2536 3369 2622 3435 qui
2653 3371 2784 3425 bene
2813 3371 3108 3438 negotiatus
3123 3368 3295 3422 fuerat
3330 3372 3433 3423 Do-

1918 3465 2114 3516 minum
2138 3462 2333 3522 dicere,
2364 3461 2483 3527 quia
2507 3468 2816 3527 potestatem
2837 3457 3052 3512 habebis
3067 3472 3224 3525 super
3250 3466 3428 3512 decem

1917 3552 2178 3611 civitates,
2208 3557 2261 3602 et
2289 3549 2378 3602 alii
2403 3563 2562 3614 super
2583 3547 2812 3614 quinque
2843 3545 3082 3600 civitates
3107 3546 3170 3598 ³¹.
3207 3545 3326 3599 Haec
3369 3547 3434 3600 de

1918 3639 2174 3691 divisione
2201 3636 2419 3690 sortium
2443 3645 2597 3688 terra
2632 3633 2776 3687 Judae
2825 3631 3061 3701 proferre
3116 3633 3180 3684 ad
3213 3647 3304 3684 vos
3354 3633 3434 3684 in-

1920 3754 2170 3812 quantum
2195 3743 2274 3796 fas
2302 3742 2420 3804 iuit,
2447 3744 2559 3802 ausi
2585 3754 2766 3793 sumus
2809 3738 3080 3804 Scriptura
3114 3745 3434 3802 provocante

1869 3857 1871 3861 ι
1919 3847 2034 3900 qua:
2061 3830 2356 3884 Jerusalem
2393 3828 2521 3882 dicit
2545 3827 2850 3883 cmlestem:
2887 3833 2944 3879 et
3000 3833 3229 3877 montem
3281 3823 3434 3888 Sion,

1919 3933 1972 3978 et
1997 3931 2187 3976 caetera
2212 3933 2329 3988 qu:e
2373 3916 2616 3970 similiter
2647 3916 2845 3981 scripta
2895 3921 3040 3976 sunt,
3065 3926 3186 3966 esse
3220 3911 3350 3964 dicit
3382 3910 3433 3962 in

1921 4009 2069 4064 caelis
2096 4025 2111 4061 :
2161 4021 2278 4071 quae
2311 4003 2459 4058 nobis
2486 4001 2816 4057 occasionem
2857 4001 3112 4052 dederunt
3139 3998 3339 4052 sentire
3367 3995 3434 4050 de

1921 4099 2004 4151 his
2042 4095 2307 4154 omnibus,
2347 4091 2483 4160 quod
2530 4089 2776 4158 mysteria
2827 4088 2877 4141 in
2934 4087 3000 4140 iis
3056 4085 3288 4140 emlestia
3348 4085 3439 4136 de-

1924 4187 2244 4240 scribantur.
2279 4181 2342 4234 Et
2366 4180 2483 4233 ideo
2515 4177 2767 4239 dicimus,
2806 4189 2873 4228 ne
2923 4190 3040 4228 cum
3089 4173 3300 4227 fastidio
3326 4172 3439 4226 hate

1925 4276 2133 4342 legatis,
2155 4283 2208 4326 et
2233 4273 2425 4340 putetis
2467 4271 2620 4323 vilem
2658 4265 2884 4331 aliquam
2931 4276 3049 4316 esse
3081 4259 3436 4327 Scripturam,

1924 4380 2018 4431 pro
2056 4377 2118 4418 eo
2157 4361 2296 4430 quod
2345 4369 2423 4414 est
2468 4357 2646 4411 multis
2682 4353 2949 4407 nominum
3003 4349 3439 4420 appellationibus

1925 4452 2125 4507 eonsita
2166 4466 2180 4502 :
2221 4452 2343 4516 quin
2388 4447 2561 4514 potius
2621 4444 2808 4497 scitote
2858 4435 3139 4491 ineffabilia
3189 4450 3280 4502 per
3327 4436 3440 4489 haec

1927 4550 2179 4607 mysteria
2209 4534 2492 4596 contineri,
2520 4541 2571 4585 et
2599 4529 2796 4595 majora
2823 4539 2980 4592 quam
3009 4534 3174 4592 poleSl
3207 4522 3286 4576 vel
3335 4523 3438 4574 hu-

1930 4641 2114 4680 manus
2145 4637 2320 4678 sermo
2342 4621 2598 4688 proferre,
2630 4617 2712 4670 vel
2734 4615 2944 4668 auditus
2971 4609 3209 4663 mortalis
3232 4608 3436 4670 audire;

1925 4729 2065 4781 quae,
2112 4721 2168 4766 ut
2211 4725 2310 4778 ego
2353 4707 2606 4768 arbitror,
2638 4706 2794 4772 digne
2832 4707 2886 4755 et
2928 4700 3131 4766 integre
3167 4697 3436 4758 explanari

1919 4821 2026 4860 non
2069 4804 2236 4857 solum
2265 4816 2290 4852 a
2327 4813 2408 4850 me
2434 4800 2657 4850 minimo
2679 4809 2782 4846 non
2812 4799 3052 4860 possunt,
3089 4793 3178 4841 sed
3231 4799 3328 4838 nec
3374 4785 3442 4836 ab

1922 4894 2046 4962 ipsis
2066 4891 2273 4960 quidem
2305 4887 2392 4955 qui
2431 4901 2514 4937 me
2554 4883 2721 4936 multo
2765 4883 3012 4936 meliores
3061 4887 3202 4931 sunt.
3251 4873 3438 4926 Nescio

1924 4960 2098 5034 autem
2127 4979 2171 5030 si
2201 4977 2280 5030 vel
2312 4977 2378 5028 ab
2401 4973 2528 5041 ipsis
2549 4971 2747 5025 sanctis
2775 4969 3026 5037 apostolis
3052 4966 3204 5028 plene
3226 4970 3278 5013 et
3298 4960 3443 5011 inte-

1923 5083 2015 5138 gre
2039 5065 2400 5135 proferuntur.
2431 5060 2546 5114 Non
2571 5059 2679 5112 dixi
2708 5059 2844 5125 quod
2873 5072 2976 5109 non
3007 5053 3161 5114 plene
3183 5049 3442 5106 sciantur.

1925 5135 2015 5211 sed
2045 5169 2146 5209 non
2184 5153 2334 5222 plene
2371 5149 2730 5218 proferantur.
2782 5145 2995 5197 Certum
3045 5146 3125 5191 est
3171 5135 3312 5189 enim
3351 5145 3442 5182 co-

1928 5249 2072 5314 gnita
2123 5258 2240 5298 esse
2283 5217 2434 5303 hinc,
2488 5251 2541 5292 et
2591 5239 2793 5304 integre
2850 5229 3174 5297 apprehensa
3224 5219 3299 5272 illi
3349 5217 3442 5283 qui

1922 5364 1963 5394 ²⁹
2004 5359 2134 5413 lleb.
2166 5371 2260 5418 xu,
2283 5353 2370 5406 22.
2431 5353 2472 5382 ³ο
2507 5349 2644 5402 Psal.
2670 5358 2812 5403 LXIX,
2835 5340 2924 5391 55.
2997 5334 3037 5364 ³¹
3061 5332 3212 5383 Joan.
3243 5339 3352 5387 xlv,
3383 5325 3442 5376 2.

1932 5536 2076 5590 Unus
2099 5524 2461 5583 Ebroicensis:
2498 5535 2516 5568 ι
2565 5507 3012 5581 Dispensationem
3040 5498 3132 5550 Dei
3192 5509 3253 5547 ac
3309 5505 3444 5558 pres-

1933 5605 2174 5656 sentiain.
2205 5616 2223 5646 ι
