3806 6258
365 270 467 327 939

1774 268 2022 325 ORIGEN
2027 270 2089 325 IS

3585 259 3685 316 940

369 397 547 454 raptus
577 393 656 438 est
685 394 848 450 usque
886 383 950 436 ad
996 384 1204 437 tertium
1235 384 1462 448 omium,
1506 387 1594 454 qui
1626 388 1801 457 utique
1833 389 1886 441 in
1916 396 1961 452 Α
1988 387 2149 457 453
2176 400 2242 440 ex
2282 384 2680 438 amaritudinis
2740 391 2944 435 turma
2978 377 3253 434 veniens
3305 374 3566 429 obsideat
3602 377 3678 429 ali

366 473 500 526 coelo
528 472 727 540 positus
756 471 884 522 vidit
918 470 1180 532 cmlestia,
1206 473 1331 526 vidit
1383 472 1675 528 Jerusalem
1712 491 1891 528 veram

363 561 629 614 civitatem
654 560 767 623 Dei,
807 560 937 611 vidit
967 560 1034 611 ibi
1062 569 1114 613 et
1154 559 1283 612 Sion
1328 572 1556 615 montem
1586 578 1894 632 quocunque

363 651 464 705 loci
492 659 595 712 est,
624 650 752 702 vidit
797 658 849 702 et
897 649 1130 710 Hebron,
1161 650 1294 702 vidit
1324 659 1376 703 et
1410 651 1584 704 omnia
1629 654 1727 707 ista
1773 669 1894 720 quae

363 739 673 792 scribuntur
698 747 841 792 sorte
881 737 1048 790 divisa
1078 755 1092 790 :
1121 746 1174 790 et
1203 752 1305 790 non
1332 739 1500 792 solum
1531 741 1689 806 vidit,
1716 745 1808 795 sed
1839 751 1893 796 et

364 827 600 881 rationes
621 840 807 880 eorum
834 825 884 878 in
931 824 1120 895 spiritu
1156 826 1582 892 comprehendit,
1626 829 1751 894 quia
1782 828 1894 895 ipse

361 915 642 969 conlitetur
669 928 724 968 se
754 914 965 967 audisse
990 913 1150 966 verba
1195 923 1248 965 et
1297 914 1606 968 traditiones
1629 916 1726 984 (4).
1787 915 1892 970 Sed

363 1018 480 1070 quae
509 1002 707 1056 verba?
739 1020 756 1053 ι
791 1000 1100 1064 lnell'abilia,
1131 1000 1302 1068 inquit
1326 1001 1390 1066 ³³,
1414 1012 1465 1056 ει
1497 1017 1616 1071 quae
1641 1018 1742 1057 non
1769 1005 1894 1058 licet

365 1093 564 1148 homini
595 1092 788 1161 loqui.»
827 1089 984 1145 Vides
1011 1105 1136 1158 ergo
1187 1091 1311 1157 quia
1362 1090 1440 1144 sic
1469 1093 1646 1145 omnia
1699 1091 1894 1148 Paulus

361 1182 760 1252 comprehendit
788 1179 859 1250 (5)
892 1181 944 1232 in
979 1179 1187 1247 spiritu,
1221 1178 1311 1232 sed
1342 1193 1446 1233 non
1490 1180 1686 1236 licebat
1710 1184 1758 1237 ei
1792 1183 1889 1237 ho-

364 1273 597 1326 minibus
621 1272 720 1326 ista
750 1272 1006 1338 proferre.
1034 1268 1237 1333 Quibus
1262 1268 1560 1322 hominibus
1582 1271 1605 1322 ἲ
1626 1269 1728 1326 illis
1775 1273 1892 1326 sine

361 1365 522 1418 dubio
558 1364 624 1418 de
666 1363 855 1430 quibus
905 1360 1241 1428 culpabiliter
1285 1360 1492 1413 dicebat
1525 1361 1570 1392 “
1602 1383 1614 1415 :
1653 1379 1672 1413 ι
1705 1361 1891 1417 Nonne

366 1459 608 1512 homines
638 1458 784 1522 estis,
822 1466 875 1510 et
899 1456 1187 1510 secundum
1220 1456 1482 1511 hominem
1510 1455 1834 1510 ambulatis?
1863 1475 1882 1508 ι

361 1547 472 1602 Sed
497 1548 707 1601 dicebat
736 1546 978 1600 fortassis
1021 1545 1127 1600 illis
1150 1547 1240 1614 qui
1287 1546 1397 1614 jam
1447 1560 1548 1598 non
1595 1547 1887 1601 secundum

361 1635 633 1689 hominem
667 1633 1023 1686 ambulabant.
1057 1631 1274 1686 Dicebat
1332 1632 1445 1686 haec
1475 1631 1776 1698 Timotheo,
1803 1634 1886 1687 di-

363 1725 519 1778 cebat
541 1723 695 1776 Luca:
728 1731 780 1774 et
812 1722 1016 1775 caeteris
1043 1720 1320 1788 discipulis
1339 1735 1472 1789 quos
1500 1720 1700 1776 sciebat
1724 1735 1886 1789 capa-

364 1826 456 1864 ces
484 1825 600 1864 esse
645 1809 988 1863 ineﬂ'abilium
1019 1818 1496 1864 sacramentorum.
1553 1810 1790 1878 Denique
1835 1820 1889 1864 et

365 1900 420 1952 in
450 1898 698 1966 mysterio
729 1896 830 1950 tale
859 1896 932 1966 (6)
975 1896 1172 1965 aliquid
1217 1895 1556 1951 Timotheum
1586 1913 1888 1952 commone-

362 1989 456 2041 bat
481 1989 663 2041 dicens
682 1984 729 2017 "'
760 2003 774 2038 :
814 2001 832 2035 ι
875 1985 1071 2040 Mentor
1105 1995 1220 2040 esto
1251 1987 1533 2040 verborum
1567 2001 1686 2054 qua:
1732 2001 1760 2039 a
1805 2000 1888 2040 me

363 2076 578 2139 audisti,
603 2089 719 2142 quae
745 2073 1052 2128 commenda
1089 2073 1334 2129 ﬁdelibus
1372 2073 1676 2128 hominibus
1723 2081 1776 2127 et
1825 2075 1889 2129 iis

363 2165 452 2232 qui
485 2164 657 2218 idonei
695 2170 818 2216 sunt
851 2163 983 2216 alios
1017 2163 1227 2216 docere.
1258 2181 1276 2213 ι
1313 2162 1402 2216 Sic
1424 2177 1550 2230 ergo
1573 2162 1745 2216 divina
1777 2163 1888 2216 haec

363 2268 482 2308 esse
503 2253 780 2308 credentes
805 2260 857 2306 et
880 2253 1098 2319 mystica
1125 2289 1142 2314 ,
1173 2252 1358 2318 dignos
1404 2266 1499 2305 nos
1532 2259 1584 2304 et
1629 2258 1778 2318 aptos
1821 2250 1887 2304 ad

362 2355 547 2395 eorum
581 2339 929 2408 capacitatem
956 2341 1075 2395 vita:
1116 2342 1322 2395 actibus
1356 2355 1420 2394 ac
1451 2341 1657 2395 meritis
1681 2355 1887 2408 praepa-
1925 2376 1948 2403 _-

361 2444 557 2492 remus,
582 2438 639 2482 ut
686 2443 806 2482 cum
863 2429 1019 2497 digne
1065 2443 1094 2482 a
1140 2428 1294 2482 nobis
1347 2428 1552 2482 fuerint
1598 2429 1887 2494 intellecta,

360 2518 522 2571 etiam
553 2517 860 2570 lmreditate
892 2532 954 2571 ea
985 2516 1036 2569 in
1076 2515 1227 2571 ccelis
1261 2517 1516 2585 consequi
1569 2530 1884 2582 mereamur,

360 2605 415 2659 in
439 2604 652 2660 Christo
673 2603 796 2658 Jesu
830 2605 1050 2658 Domino
1080 2615 1282 2669 nostro,
1313 2604 1399 2659 cui
1420 2615 1502 2660 est
1523 2605 1688 2674 gloria
1720 2606 1890 2662 etim-

360 2697 564 2766 perium
586 2695 640 2750 in
669 2695 856 2750 saecula
884 2694 1216 2749 saeculorum.
1243 2695 1432 2748 Amen.

875 2802 1149 2859 HOMILIA
1189 2805 1375 2860 XXIV.

367 2889 446 2946 De
471 2891 788 2965 Amorrfueis
815 2892 1068 2965 quomode
1091 2892 1447 2965 habitaverunt
1467 2911 1592 2965 cum
1639 2896 1886 2965 Ephrem,

1991 473 2148 539 cujus
2175 487 2402 540 corpus,
2439 471 2739 540 perturbet
2777 484 2850 521 ac
2886 466 3176 533 decipiat
3214 470 3500 524 tuentem,
3526 465 3682 515 adhi-

1990 561 2230 614 beantur
2303 569 2486 611 autem
2543 559 2742 612 multa:
2795 556 3148 615 orationes,
3220 550 3409 603 multa
3464 548 3687 616 jejunis,

1991 648 2175 700 multa!
2201 646 2617 700 exorcistarum
2651 644 3114 702 invocationes,
3153 647 3222 693 et
3261 639 3337 690 ad
3365 638 3490 690 hac
3511 638 3689 689 omnia

1991 735 2188 789 surdus
2209 735 2425 787 daemon
2451 735 2505 786 in
2531 734 2779 786 obsesso
2808 744 3084 798 corpore
3122 735 3484 796 permaneat
3507 735 3565 779 et
3584 741 3693 794 per-

1991 823 2169 886 sistat,
2210 822 2556 876 tolerabilius
2621 822 2828 875 ferens
2878 819 3352 873 exorcistarum
3399 828 3621 884 poenas,
3645 824 3696 868 et

1993 911 2235 964 adhibita
2256 910 2361 964 sibi
2388 925 2457 964 ex
2490 909 2588 962 Dei
2619 907 2882 963 nominis
2926 906 3350 960 invocatione
3399 912 3694 966 tormenta,

1992 1011 2157 1064 quam
2191 998 2477 1052 discedere
2501 997 2572 1051 ab
2603 997 2851 1050 homine
2884 1010 3082 1063 quem
3128 994 3525 1061 impudenter
3557 995 3696 1046 obsi-

1991 1084 2082 1138 det
2109 1094 2164 1139 et
2208 1086 2508 1153 nequiter:
2543 1085 2617 1138 ita
2651 1085 2832 1138 etiam
2869 1084 2974 1137 hic
3010 1081 3502 1151 intelligendum
3538 1087 3623 1133 est
3646 1081 3696 1134 in

1990 1173 2110 1229 istis
2139 1175 2230 1243 qui
2257 1177 2521 1229 dicuntur
2544 1175 2910 1239 Amorrhaei,
2937 1175 3054 1243 qui
3098 1181 3482 1243 permanent
3507 1181 3564 1225 et
3589 1187 3699 1240 per-

1989 1267 2190 1322 sistunt
2237 1266 2490 1319 habitare
2519 1266 2574 1320 in
2601 1265 2768 1319 Elom
2817 1273 2882 1319 et
2925 1264 2989 1318 in
3032 1261 3365 1318 Salamin.
3399 1261 3473 1314 Et
3503 1269 3700 1314 utvere

1989 1354 2303 1408 ostenderet
2364 1352 2687 1421 Scriptura,
2731 1351 2877 1422 quia
2937 1352 3364 1422 perferentes
3419 1364 3615 1418 poenas
3653 1360 3702 1404 et

1987 1443 2196 1512 ﬂagella
2221 1445 2552 1512 persistent,
2595 1444 2740 1498 dicit
2769 1460 2786 1496 :
2827 1460 2850 1494 ο
2878 1444 2956 1497 Ει
2991 1442 3232 1512 gravis
3271 1440 3487 1496 eﬂ'ecta
3517 1449 3602 1495 est
3621 1455 3703 1494 su»

1986 1546 2083 1601 per
2109 1544 2204 1584 eos
2235 1545 2433 1584 tnanus
2490 1529 2764 1596 Ephrem.
2797 1547 2819 1580 ι
2853 1528 3216 1594 Quomodo
3275 1535 3480 1580 autem
3532 1525 3704 1594 gravis

1989 1618 2216 1673 emcitur
2264 1633 2462 1673 manus
2511 1617 2764 1686 Ephrem
2835 1631 3042 1684 super
3110 1615 3564 1670 Amori-limes?
3612 1613 3701 1667 Vel

1985 1707 2404 1772 exorcistarum,
2445 1715 2505 1759 ut
2553 1707 2838 1770 diximus,
2879 1720 3138 1760 manus
3191 1704 3586 1774 impositione
3614 1718 3701 1758 ve-

1987 1796 2293 1850 hementius
2327 1796 2586 1864 imposita
2634 1796 2877 1866 gravari
2938 1795 3212 1850 dicitur
3259 1809 3450 1864 super
3477 1797 3704 1848 immun-

1985 1886 2082 1939 dos
2129 1885 2352 1952 Spiritus
2398 1901 2596 1940 manus
2642 1886 2942 1954 Ephrem,
2977 1886 3103 1940 vel
3163 1885 3324 1956 quia
3393 1884 3527 1940 boni
3561 1893 3708 1940 actas

1983 1975 2068 2028 vel
2107 1973 2248 2026 bona
2295 1988 2460 2040 opera
2502 1983 2751 2044 gravant
2796 1987 2856 2028 et
2910 1974 3234 2044 aﬂligunt
3263 1976 3593 2029 daemonum
3621 1989 3708 2044 ge-

1987 2077 2110 2126 nus,
2144 2065 2567 2131 contrariasque
2604 2063 2882 2117 virtutes.
2919 2063 3212 2129 Quanto
3251 2065 3426 2120 enim
3462 2079 3564 2121 nos
3597 2078 3704 2119 me-

1984 2150 2119 2204 liora
2147 2152 2444 2220 egerimus,
2477 2161 2535 2206 et
2582 2161 2807 2220 quanto
2837 2153 2900 2206 in
2940 2154 3241 2218 optimis
3278 2169 3706 2216 conversamur,

1988 2247 2136 2293 tanto
2190 2239 2296 2293 illis
2345 2240 2578 2295 molesta
2609 2243 2732 2296 ha2c
2776 2241 3176 2299 eﬂiciuntur
3206 2254 3275 2299 et
3310 2244 3549 2314 gravia.
3579 2243 3706 2298 Gra-

1985 2335 2098 2380 tum
2129 2342 2257 2381 vero
2307 2328 2418 2383 illis
2449 2319 2557 2383 est‘
2585 2339 2644 2384 et
2693 2343 3077 2401 acceptum,
3135 2345 3206 2390 et
3259 2336 3603 2404 voluptates
3637 2336 3710 2388 eis

1983 2416 2388 2483 quodammodo
2409 2405 2666 2483 exhibet,
2701 2422 2801 2488 qui
2853 2422 2917 2473 in
2959 2424 3398 2493 turpitudine
3413 2434 3475 2480 et
3501 2423 3710 2495 ﬂagitiis

1983 2502 2136 2555 vivit.
2167 2503 2270 2567 Qui
2298 2517 2431 2558 vero
2465 2503 2522 2557 in
2561 2504 2730 2560 bonis
2758 2507 3029 2562 actibus
3081 2525 3356 2566 manum
3394 2530 3562 2568 suam
3598 2530 3712 2583 gra-

1984 2592 2193 2646 vaverit
2237 2607 2404 2660 super
2435 2609 2556 2656 eos,
2595 2596 2772 2650 etiam
2834 2599 2885 2652 si
2940 2603 3237 2668 penitus
3274 2617 3388 2657 eos
3439 2605 3712 2674 expellere

1986 2693 2092 2734 non
2107 2683 2361 2749 potuerit,
2378 2694 2532 2739 certe
2555 2687 2770 2740 tributa
2782 2688 2912 2743 rios
2942 2703 3082 2747 eos
3111 2693 3319 2750 faciet
3339 2705 3403 2750 et
3418 2698 3714 2765 subjectos.

2054 2788 2110 2844 2.
2157 2790 2270 2844 «Et
2299 2792 2600 2846 abierunt:
2651 2793 2754 2849 ﬁlii
2804 2797 3112 2866 Ephrem
3176 2822 3201 2856 ι
3236 2819 3573 2876 peragrare
3616 2817 3716 2862 ter-

1990 2893 2103 2932 ram
2135 2879 2436 2933 secundum
2485 2882 2626 2937 ﬁnes
2679 2899 2821 2939 suos
2841 2885 2919 2939 ³⁷.
2954 2905 2978 2938 ι
3040 2890 3135 2945 Et
3193 2908 3347 2947 cum
3402 2907 3720 2950 enarrasset

435 2960 608 3047 e'tmde'
647 2958 774 3012 Jesu
829 2958 1083 3026 quomodo
1133 2965 1325 3028 accepit
1380 2963 1634 3018 civitatem
1678 2958 1711 3018 ὰ
1763 2958 1886 3034 νὶιὶἕὲ
1914 2987 1956 3045 c
1991 2967 2132 3021 illam
2173 2967 2479 3035 historiam,
2514 2970 2568 3023 in
2605 2974 3020 3039 sequentibus
3079 2990 3408 3047 quantam
3455 2998 3716 3038 mansue-

443 3025 632 3083 Israel.

433 3140 486 3193 1.
518 3137 591 3190 De
616 3136 868 3192 Jebusais
902 3137 990 3204 qui
1020 3137 1328 3192 habitabant
1351 3135 1663 3207 Jerusalem,
1691 3141 1887 3197 dudum

365 3225 562 3279 dictum
591 3236 692 3290 est,
719 3229 983 3295 quomodo
1023 3239 1114 3281 eos
1145 3228 1501 3283 exterminare
1547 3244 1651 3284 non
1700 3238 1890 3298 potue-

366 3327 493 3370 runt
521 3317 615 3371 lilii
636 3316 794 3382 Juda,
821 3319 912 3372 sed
943 3326 998 3373 et
1023 3321 1088 3372 de
1114 3318 1425 3374 Chananzeis
1448 3335 1581 3390 quos
1631 3336 1737 3377 non
1793 3338 1890 3391 po-

367 3413 584 3458 tuerunt
607 3407 964 3461 exterminare
986 3406 1076 3460 lilii
1102 3407 1351 3474 Ephrem,
1375 3409 1677 3465 habitantes
1702 3412 1754 3465 in
1787 3427 1892 3467 me-

367 3494 455 3547 dio
483 3492 584 3546 sui.
606 3493 805 3557 Quibus
829 3493 1021 3548 similia
1053 3495 1215 3548 etiam
1259 3509 1495 3562 praesens
1521 3498 1681 3552 lectio
1727 3500 1891 3555 refert

367 3583 432 3635 de
460 3581 778 3634 Amorrhaais
808 3581 992 3635 dicens
1028 3581 1096 3646 “,
1131 3582 1255 3649 quia
1297 3601 1316 3634 ‹
1359 3587 1647 3650 permansit
1694 3586 1890 3640 Amor-

371 3671 548 3724 rhaeus
577 3669 820 3724 habitare
849 3669 900 3722 in
929 3669 1075 3722 Elom
1104 3681 1157 3725 et
1210 3671 1262 3724 in
1303 3671 1556 3737 Salamis,
1613 3683 1665 3727 et
1715 3677 1892 3743 gravis

367 3759 552 3814 ellecta
581 3766 662 3812 est
692 3773 888 3812 manus
921 3757 1148 3826 Ephrem
1171 3773 1333 3825 super
1354 3773 1468 3814 eos.
1505 3779 1524 3812 ι
1551 3762 1892 3818 Amorrbzeus

367 3849 744 3916 interpretatur
770 3861 978 3898 amarus
1011 3845 1093 3898 vel
1136 3847 1428 3900 amaritudo
1456 3848 1552 3918 (7).
1587 3849 1894 3908 Habilantes

369 3954 496 4006 ergo
533 3938 587 3990 in
615 3937 786 3999 Elom,
807 3951 923 4005 quae
956 3936 1341 4005 interpretatur
1389 3941 1664 3994 arietanles
1693 3940 1784 4012 (8),
1811 3944 1893 3997 vel

369 4027 424 4078 in
456 4024 702 4088 Salamis,
724 4024 862 4091 quod
891 4024 1272 4090 interpretatur
1299 4026 1506 4092 pacifici
1541 4029 1640 4096 (9),
1682 4045 1893 4096 pel-ma.

370 4119 501 4164 nent
527 4117 580 4162 et
608 4110 852 4163 habitant
891 4108 1272 4162 amaritudines
1299 4110 1352 4161 in
1383 4112 1732 4169 arietantibus
1759 4126 1810 4169 et
1842 4119 1892 4170 in

371 4195 631 4266 paciﬁcis.
660 4196 960 4248 Arictantes
989 4202 1110 4246 sunt
1133 4194 1167 4246 ii
1190 4195 1277 4260 qui
1301 4195 1354 4247 in
1399 4199 1658 4263 agonibus
1707 4204 1888 4270 positi,

1990 3056 2231 3110 tudinem
2261 3067 2316 3110 et
2352 3058 2731 3114 humilitatem
2778 3063 3023 3119 habent
3061 3067 3292 3135 Jesus,
3332 3074 3438 3141 qui
3469 3089 3604 3128 vere
3643 3076 3721 3128 di-

1987 3160 2120 3214 gnus
2150 3157 2269 3199 erat
2313 3145 2461 3200 ferre
2492 3162 2702 3202 nomen
2747 3149 3014 3208 Domini
3067 3156 3236 3212 Jesu
3289 3173 3359 3215 et
3409 3162 3722 3217 Salvatoris

1988 3235 2184 3300 nostri,
2239 3235 2504 3289 declarat.
2553 3237 2651 3289 Ait
2705 3239 2870 3292 enim
2903 3242 2958 3274 ³⁸
2993 3260 3014 3295 :
3071 3264 3096 3298 ι
3140 3249 3491 3318 Dederunt,
3523 3253 3721 3323 inquit,

1989 3324 2080 3376 lilii
2108 3323 2271 3376 Israel
2301 3333 2506 3377 sortem
2527 3323 2670 3412 iJesu
2699 3327 2821 3382 lilio
2850 3328 3043 3388 Nave
3101 3337 3173 3389 in
3217 3343 3575 3410 semetipsis
3611 3344 3720 3412 (l0)

1989 3423 2087 3478 per
2134 3420 2462 3478 praeceptum
2518 3411 2774 3479 Domini,
2816 3426 2880 3470 et
2912 3419 3264 3480 dederunt
3319 3429 3378 3482 ei
3441 3431 3720 3485 civitatem

1990 3512 2146 3566 quam
2168 3500 2360 3566 petivit
2378 3498 2713 3556 Thannasac
2743 3514 2882 3566 Quae
2899 3520 3005 3567 est
3024 3510 3102 3567 in
3122 3522 3358 3568 monte
3377 3510 3719 3583 Ephrem,et

1991 3587 2366 3678 aediﬁcavitibi
2390 3590 2701 3655 civitatem,
2725 3601 2789 3646 et
2820 3595 3164 3656 habitavit
3207 3605 3274 3658 in
3303 3621 3405 3661 ea.
3447 3627 3468 3660 ι
3499 3607 3625 3678 Ipse
3643 3619 3720 3663 est

1990 3677 2083 3765 qui
2105 3677 2250 3728 dedit
2280 3677 2663 3765 haereditatem
2695 3685 2994 3740 omnibus
3039 3691 3207 3747 ﬁliis
3237 3694 3434 3760 Juda,
3455 3677 3554 3765 qui
3582 3699 3723 3751 dedit

1990 3761 2242 3849 Ephrem,
2261 3772 2313 3815 et
2333 3763 3096 3832 diiniditetribuiblauasse
3124 3797 3143 3832 :
3172 3782 3323 3849 ipse
3353 3761 3524 3841 dedit
3548 3799 3605 3842 et
3623 3803 3724 3840 nia-

1990 3848 2183 3918 gniﬁco
2205 3848 2281 3901 illi
2310 3850 2485 3942 (ialeb‘
2501 3850 2613 3905 lilio
2629 3851 2857 3910 Jeﬂoue
2884 3848 3226 3920 haeredita
3238 3881 3370 3925 tem
3394 3891 3413 3928 :
3435 3876 3563 3942 ipse
3582 3876 3724 3927 misit

1991 3945 2174 3991 ternos
2196 3953 2292 4004 per
2309 3939 2777 4006 singulastribus,
2799 3948 2904 4014 qui
2930 3957 3333 4016 universam
3365 3939 3592 4020 terram
3612 3981 3725 4034 ρετ.

1992 4033 2266 4117 agrarenl,
2291 4036 2457 4117 atque
2479 4029 2890 4089 describerent
2924 4037 2988 4091 in
3025 4041 3240 4108 libro,
3275 4061 3342 4102 et
3365 4029 3654 4117 redirent,
3675 4065 3726 4107 ιι

1991 4113 2341 4203 ostenderent
2366 4129 2380 4165 :
2417 4116 2532 4183 ipse
2565 4119 2725 4173 misit
2754 4126 3060 4183 omnibus
3106 4145 3364 4203 sortes,
3385 4151 3448 4194 et
3464 4145 3607 4198 sein
3636 4113 3728 4196 no-

1995 4200 2238 4254 vissimis
2263 4206 2790 4272 reservavit.Quare
2824 4222 3016 4278 putas
3045 4224 3276 4281 volui;
3311 4200 3461 4285 esse
3478 4234 3729 4288 omnium

372 4298 678 4390 expugnare
698 4284 985 4382 diabolicae
1014 4282 1152 4390 teges
1174 4290 1577 4384 Structurasque
1609 4301 1890 4366 conantur;
1923 4305 1968 4359 ι)
1998 4289 2365 4342 novissimus?
2399 4291 2523 4347 sine
2541 4295 2715 4350 dubio
2739 4308 2803 4351 ut
2829 4315 3002 4357 esset
3038 4282 3733 4390 omnium‘

366 4369 572 4440 paciﬁci
617 4383 746 4424 vero
772 4371 862 4437 qui
886 4368 1188 4422 carnalibus
1209 4372 1653 4438 concupiscentiis
1678 4394 1894 4447 supera-

375 4463 442 4512 tis
469 4472 648 4526 pacem
679 4458 868 4510 animae
892 4463 1100 4523 gerunt.
1126 4455 1181 4508 ln
1213 4457 1450 4525 utrisque
1485 4471 1659 4516 tamen
1709 4481 1892 4531 perseo

371 4555 524 4599 verat
550 4554 602 4599 et
625 4544 898 4598 contendit
925 4543 1194 4596 contraria
1229 4544 1394 4599 virtus
1432 4551 1727 4604 amaritudo
1771 4567 1892 4619 per-

370 4635 578 4687 sistere.
608 4633 666 4685 Ιιι
717 4645 823 4700 quo
867 4629 970 4684 tale
1015 4630 1207 4698 aliquid
1262 4631 1550 4704 intelligere
1593 4652 1891 4706 possumus,

373 4723 497 4790 quia
557 4721 735 4784 dicit,
791 4719 1082 4787 permansit
1137 4719 1380 4775 habitare
1444 4726 1787 4780 Amorrhzeus
1839 4727 1891 4780 in

383 4812 534 4880 ipsis.
589 4809 748 4864 Verbi
799 4809 964 4876 gratia
1001 4848 1017 4876 ,
1070 4809 1114 4863 si
1160 4809 1373 4864 inimica
1419 4813 1586 4868 virtus
1638 4815 1892 4870 daemonis

433 4935 476 4966 ³³
504 4937 543 4988 II
573 4935 695 4991 Cor.
729 4950 826 5000 xu,
863 4936 918 4989 4.
990 4935 1072 4988 ³⁸1
1101 4935 1223 4991 Cor.
1254 4953 1331 5000 ιιι,
1361 4937 1449 4991 54.

466 5089 498 5141 4
553 5087 698 5142 Unus
735 5088 1092 5153 Ebroicensis,
1131 5105 1149 5138 ι
1184 5064 1234 5142 et
1255 5086 1509 5141 rationes.
1544 5109 1562 5140 ι

442 5089 522 5226 (5;
549 5156 660 5226 Duo
685 5157 1053 5226 Ehroicenses,
1089 5175 1107 5208 ι
1139 5157 1257 5208 auia
1295 5155 1394 5209 scit
1420 5159 1561 5211 omni

444 5159 522 5226 (5)
549 5159 660 5210 Duo
685 5159 838 5211 ΕΙ)ιοὶ

379 5225 792 5278 comprehendit.
820 5243 838 5274 ι

451 5291 524 5361 (6)
545 5292 720 5361 codex
745 5291 1162 5361 Sangerm._cum
1181 5304 1297 5361 _u_no
1335 5293 1657 5356 Ehroic'cnsi,
1694 5312 1713 5344 ι
1744 5295 1899 5349 (1εηί-

381 5357 484 5430 que
508 5357 562 5411 et
591 5359 661 5430 in_
681 5357 928 5430 mysterio
970 5357 1090 5410 tale.
1129 5375 1148 5408 ι
1181 5357 1331 5412 Lihb.
1366 5363 1515 5424 editi,
1550 5379 1567 5412 ι
1600 5364 1666 5414 de
1700 5364 1897 5430 quibus

383 5425 507 5475 etin
539 5425 830 5479 ministerio
862 5425 981 5477 tale.
1017 5443 1034 5474 ι

453 5491 524 5559 (7)
549 5490 872 5546 Amorrhwus
921 5493 1282 5560 interpretatur
1320 5511 1528 5548 amarus
1575 5496 1650 5548 vel
1693 5503 1894 5554 amari-

1542 4940 1586 4972 ³³
1621 4941 1664 4994 ll
1690 4943 1827 4999 Tim.
1855 4959 1920 5012 tt,
1962 4947 2019 5002 2.

549 5156 660 5210 Duo
685 5157 1053 5221 Ebroicenses,
1089 5175 1107 5208 ι
1139 5157 1257 5208 auia
1295 5155 1394 5209 scit
1420 5159 1596 5211 omnia
1628 5158 1824 5214 Paulus
1843 5171 1899 5218 et

2000 4378 2227 4483 nec-ipse
2247 4379 2350 4482 sibi
2368 4381 2753 4483 heredi-tatem
2774 4401 2944 4447 sorte
2972 4378 3444 4474 pmsumpsit,
3463 4414 3564 4467 sed
3585 4431 3615 4466 a
3641 4430 3734 4483 po-

1997 4468 2124 4573 Ru}?
2413 4474 2584 4573 fixi-ui
2619 4476 2719 4573 άίξῑ
2743 4483 3009 4573 Popilius
3051 4468 3520 4556 haered-itatetn
3556 4519 3589 4557 a
3630 4468 3734 4573 quo

1999 4559 2450 4647 ipse-acceperat.
2472 4559 2567 4615 Sic
2590 4564 2749 4617 enim
2767 4571 3081 4638 scriptum
3123 4592 3234 4636 est
3255 4603 3273 4637 :
3313 4589 3432 4642 «Et
3461 4559 3734 4647 dederunt

1999 4641 2282 4751 liliiLI‘s‘t-ael
2310 4657 2512 4751 sortem
2541 4647 2831 4751 Iesu-tilio
2856 4657 3058 4717 Nave.
3081 4686 3108 4717 ι
3140 4669 3284 4727 Sed
3334 4641 3736 4751 eth—ait:

1998 4732 2186 4835 raliter
2219 4735 2614 4805 contingebant
2651 4743 2791 4810 illis,
2817 4762 2952 4815 quae
2980 4758 3195 4814 nobis
3249 4732 3738 4835 proponerentur

1998 4819 2065 4872 ad
2101 4821 2356 4890 formam,
2391 4835 2450 4879 ut
2485 4837 2544 4882 et
2594 4846 2702 4886 nos
2747 4850 3077 4898 servemus
3145 4819 3565 4926 praecepit—iut—

2116 4952 2161 4983 “
2195 4951 2309 5008 Jos.
2352 4970 2468 5021 xxx,
2499 4949 2595 5013 47.
2701 4963 2747 4994 ³⁷
2781 4964 2922 5022 ibid.
2957 4968 3082 5026 49.
3217 4983 3276 5015 ³⁸
3319 4987 3483 5046 ibid.
3520 4993 3618 5056 49.
3646 4995 3734 5048 50-

2005 5102 2155 5174 tudg‘.
2187 5101 2393 5174 Aram
2423 5123 2443 5156 ι
2473 5121 2731 5167 amarunt
2763 5131 2913 5174 esse.
2961 5139 2986 5173 ι

2009 5252 2030 5286 ⁸
2070 5167 2353 5292 ἑῗζεξιιζηι,
2393 5191 2510 5242 qute
2568 5167 2983 5250 interpr—etaim.
3035 5199 3435 5265 arietantes.

2233 5172 2353 5292 lo’m,
2393 5191 2510 5242 qute
2568 5167 2983 5250 interpr—etaim.
3035 5199 3435 5265 arietantes.
3516 5215 3606 5267 Ab

2013 5389 2032 5423 ι
2069 5305 2638 5442 ἑὲὶίἓὲιέιῖἔξιξέεειζιιιοά
2688 5317 3463 5408 ἱιιιενργειαιιινηραεὶβσῑ,
3504 5351 3552 5401 Α
3606 5337 3738 5408 dx:

2006 5445 2826 5582 θαξέῖ),ἓίηέξιέιιξεξεῑίυιί
3504 5502 3528 5535 ι
3571 5485 3735 5542 um»-
