3806 6264
207 203 318 394 ll

261 481 472 583 ιοιιιιξε
513 491 599 583 eS.
651 491 814 548 tanto
869 481 1081 574 magis
1118 481 1334 564 humilia
1363 521 1432 574 te,
1455 517 1506 562 et
1533 515 1653 560 ante
1679 505 1857 559 Domi-

292 584 400 654 wm
421 575 669 634 invenies
709 587 1000 651 gratiam.
1033 618 1053 648 ι
1092 599 1159 652 Et
1193 599 1379 652 iterum
1428 597 1565 664 quod
1603 595 1856 661 Scriptum

305 666 470 739 est":
503 665 607 724 (Si
635 679 689 725 te
734 673 944 733 ducem
1000 686 1394 747 ordinaverint,
1447 697 1512 737 ne
1563 681 1853 744 extollaris,

319 763 398 824 sed
427 771 539 817 esto
563 761 710 816 inter
739 777 833 818 eos
863 771 1044 834 quasi
1076 786 1214 826 unus
1255 786 1318 825 ex
1348 771 1496 838 ipsis.
1525 788 1543 821 ι
1577 769 1705 823 Vide
1730 782 1856 836 ergo

312 854 566 928 quomodo
597 855 701 906 dux
737 863 856 907 erat
888 861 1110 926 populi,
1143 861 1256 926 ipse
1288 859 1376 926 qui
1423 872 1517 911 eos
1557 857 1858 910 introduxe-

300 959 387 1007 rat
414 947 464 1000 in
501 958 700 997 terram
749 959 1034 1013 sanctam,
1071 950 1124 1002 in
1155 959 1351 1001 terram
1387 947 1854 1015 repromissionis:

288 1044 415 1109 ipse
438 1045 557 1089 erat
580 1048 878 1088 successor
912 1036 1112 1106 Moysi,
1137 1048 1190 1091 et
1215 1053 1318 1090 non
1345 1037 1456 1104 ipse
1484 1037 1581 1089 sibi
1603 1035 1860 1104 permittit

296 1138 519 1182 sumere
569 1131 774 1176 sortem
840 1133 1030 1190 terrae,
1081 1127 1171 1179 sed
1229 1133 1502 1190 exspectat
1549 1134 1607 1177 ut
1636 1123 1860 1191 accipiat

302 1216 713 1287 portiunculam
740 1230 770 1268 a
805 1215 1023 1282 populo,
1048 1216 1223 1284 populi
1253 1216 1386 1278 dux;
1415 1221 1468 1266 et
1497 1223 1710 1280 accepta
1739 1228 1860 1279 por-

303 1305 558 1358 tiuncula
609 1317 708 1356 sua
759 1299 938 1366 Iesus,
992 1301 1181 1368 dignus
1229 1301 1329 1354 huc
1381 1299 1593 1352 nomine
1635 1297 1860 1351 aediﬁcat

296 1393 490 1448 locum
540 1393 723 1460 ipsum
776 1405 936 1458 quem
975 1391 1196 1456 accepit,
1228 1399 1281 1441 et
1319 1388 1613 1450 constituit,
1651 1396 1707 1439 ut
1737 1400 1856 1437 eum

295 1497 443 1538 vero
518 1482 690 1536 faciat
751 1481 971 1550 dignum
1034 1494 1253 1534 munere
1314 1477 1403 1532 Dei
1453 1484 1507 1530 et
1554 1477 1858 1529 hatreditate

290 1574 512 1628 divina.

367 1665 432 1719 3.
476 1663 588 1717 Sed
649 1661 904 1730 quoniam
965 1658 1032 1710 ad
1083 1657 1364 1710 Dominum
1413 1663 1466 1709 et
1526 1654 1855 1708 Salvatorem

289 1763 562 1807 nostrum
609 1765 674 1805 ea
713 1764 834 1818 quae.
878 1750 943 1802 de
971 1747 1095 1802 Jesu
1127 1747 1450 1808 Scribuntur,
1486 1742 1684 1796 referre
1725 1756 1856 1794 con-

288 1844 617 1906 suevimus,
648 1841 899 1896 fortassis
935 1839 1094 1891 etiam
1125 1847 1306 1910 noster
1331 1834 1504 1889 omnis
1530 1834 1614 1886 hic
1642 1831 1861 1899 p0pulus

292 1934 402 1986 dat
437 1941 656 2000 partem
687 1931 925 1996 aliquam
952 1941 1071 1980 meo
1103 1924 1325 1978 Domino
1347 1920 1495 1984 Iesu,
1525 1930 1577 1972 et
1604 1920 1748 1972 velut
1783 1919 1861 1972 lo-

286 2034 432 2076 cum
458 2020 759 2088 quemdam
792 2011 1106 2069 habitationi
1135 2010 1250 2076 ejus
1277 2009 1481 2063 tribuit.
1515 2006 1618 2060 Sed
1667 2021 1734 2060 ne
1781 2007 1860 2058 in-

279 2112 575 2179 juriosum
625 2121 751 2162 esse
797 2105 1036 2158 videatur
1071 2102 1210 2170 quod
1260 2100 1476 2162 dicitur,
1524 2098 1860 2164 requiramus

284 2201 586 2272 quomodo
633 2199 684 2251 ei
741 2198 928 2251 damus
963 2210 1063 2249 nos
1105 2195 1246 2248 servi
1277 2193 1390 2258 ejus
1416 2190 1758 2244 habitationis
1782 2190 1859 2243 lo-

287 2305 454 2344 cum.
490 2288 606 2355 Ego
633 2286 678 2338 si
714 2297 927 2353 possem
961 2284 1129 2336 bonus
1151 2282 1288 2345 ﬁeri,
1324 2282 1506 2334 darem
1529 2280 1699 2334 locum
1723 2280 1858 2333 Filio

290 2379 406 2433 Dei
439 2378 495 2430 in
537 2390 649 2437 me,
681 2383 739 2427 et
772 2380 1046 2440 acceptum
1084 2371 1257 2422 locum
1285 2383 1314 2421 a
1347 2382 1430 2422 me
1463 2371 1513 2421 in
1543 2368 1717 2420 anima
1747 2381 1859 2421 mea

290 2469 577 2523 Dominus
641 2465 806 2518 Jesus
864 2461 1156 2515 aediﬁcaret
1202 2473 1344 2520 eum,
1393 2467 1447 2510 et
1478 2459 1783 2520 adornaret,
1810 2463 1861 2508 et

291 2559 522 2610 faceret
579 2555 635 2608 in
664 2568 731 2606 eo
783 2565 965 2604 muros
998 2546 1454 2615 inexpugnabiles,
1477 2555 1530 2598 et
1555 2555 1730 2598 turres
1757 2558 1857 2598 ex-

293 2647 512 2707 celsas,
546 2652 606 2698 et
629 2642 924 2695 aediﬁcaret
951 2639 1002 2691 in
1033 2652 1117 2690 me
1147 2637 1497 2698 mansionem,
1527 2635 1569 2687 si
1603 2647 1856 2698 mererer,

290 2731 526 2798 dignam
567 2746 628 2785 se
652 2737 708 2784 et
734 2729 905 2792 Patre,
934 2736 988 2782 et
1010 2729 1080 2781 ita
1105 2730 1384 2784 adornaret
1407 2729 1634 2783 animam
1663 2745 1858 2796 meam,

291 2833 353 2877 et
399 2837 661 2890 capacem
700 2837 818 2874 eam
857 2835 966 2874 suae
1003 2820 1273 2887 sapientiae
1308 2829 1362 2872 et
1397 2820 1656 2882 scientiae,
1697 2819 1859 2873 totius

291 2911 616 2965 sanctitatis
661 2910 932 2973 efﬁceret,
973 2911 1026 2962 in
1079 2918 1282 2962 tantum
1331 2916 1389 2962 ut
1433 2918 1487 2962 et
1522 2909 1678 2961 etiam
1717 2907 1858 2962 face-

285 3012 385 3054 rel
429 3003 604 3052 Deum
644 2999 856 3052 Patrem
896 3013 1074 3052 secum
1123 2998 1353 3061 intrare,
1393 3007 1446 3050 et
1496 2997 1549 3048 in
1585 3011 1648 3049 ea
1684 2996 1858 3052 facere

293 3091 679 3154 mansionem,
708 3097 764 3143 et
793 3098 1009 3142 coenare
1057 3083 1220 3136 etiam
1261 3081 1396 3148 apud
1433 3079 1590 3134 talem
1629 3079 1857 3132 animam

293 3185 463 3241 cibos
493 3197 636 3250 quos
672 3182 792 3249 ipse
833 3179 1076 3232 donaret.
1103 3171 1252 3238 Quod
1280 3179 1337 3224 ut
1366 3169 1618 3238 consequi
1651 3183 1859 3222 merca-

292 3288 453 3337 mur,
488 3281 862 3339 praeparemus
895 3264 946 3316 in
979 3262 1132 3315 nobis
1159 3274 1252 3312 cor
1277 3258 1531 3311 mundum
1554 3271 1658 3324 quo
1691 3257 1860 3311 liben-

295 3375 394 3416 ter
445 3372 501 3414 et
551 3369 709 3428 grate
763 3355 1018 3408 Dominus
1065 3351 1222 3404 Jesus
1251 3346 1363 3415 (ll)
1398 3346 1650 3414 mundum
1685 3349 1858 3400 cordis

294 3453 483 3507 nostri
560 3446 790 3501 introire
819 3443 1066 3512 dignetur
1090 3438 1375 3507 hospitium
1402 3449 1417 3488 :
1449 3436 1539 3489 cui
1568 3443 1653 3489 est
1687 3436 1854 3504 gloria

293 3560 355 3604 et
399 3543 764 3616 imperiumin
789 3537 986 3594 saecula
1007 3535 1344 3590 saeculorum.
1375 3531 1563 3584 Amen.

862 3644 1137 3701 HOMILIA
1174 3641 1338 3695 XXV;

291 3752 387 3806 De
427 3745 730 3802 civitatibus
759 3756 875 3809 qum
905 3741 1040 3789 data:
1075 3745 1190 3788 sunt
1229 3733 1438 3797 Levitis,
1459 3741 1506 3786 et
1528 3732 1748 3784 sortibus
1772 3747 1856 3782 eo-

1036 3821 1172 3856 rum.

381 3907 432 3958 1.
473 3903 685 3959 Omnes
720 3898 815 3950 ﬁlii
861 3894 1020 3948 Israel
1071 3898 1395 3958 acceperunt
1443 3897 1614 3941 sortes
1653 3901 1779 3939 suas
1804 3901 1855 3937 In

290 4004 475 4054 terra,
522 3988 736 4043 Levitis
792 3993 968 4037 autem
1014 3982 1066 4032 in
1127 3979 1437 4031 haereditate
1481 3976 1624 4030 solus
1660 3975 1859 4029 'suﬁicit

294 4085 466 4138 Deus.
497 4079 704 4133 Verum
730 4074 983 4141 quoniam
1018 4069 1285 4134 accipiunt
1308 4066 1506 4119 Levita:
1534 4066 1766 4118 decimas
1797 4079 1859 4118 ac

290 4171 579 4243 primitias
610 4169 680 4221 de
716 4163 981 4216 fructibus
1005 4173 1034 4210 a
1069 4157 1189 4209 ﬁliis
1215 4156 1376 4210 Israel
1414 4168 1506 4222 per
1538 4165 1855 4222 praeceptum

293 4262 544 4324 Domini,
574 4255 862 4325 oportebat
885 4265 978 4304 eos
1004 4251 1164 4302 etiam
1191 4247 1256 4298 de
1279 4255 1441 4307 terra,
1473 4253 1529 4296 ut
1559 4245 1629 4296 ita
1660 4245 1852 4305 dicam,

395 361 406 377 ,
1233 306 1303 359 IN
1339 301 1588 357 LIBRUM
1620 298 1776 353 JESU
1813 295 1994 350 NAVE
2023 295 2298 352 IIOMILIA
2339 299 2503 353 XXV.

260 358 505 490 δθῗὲξθ
525 393 702 454 “NW
728 396 1065 485 implevit,
1101 424 1246 490 quod
1276 421 1469 475 dicitur
1489 420 1533 451 ”
1561 437 1575 470 :
1606 435 1624 468 ι
1646 417 1854 481 Quanto
1883 416 1928 471 Α
1953 428 2057 480 qua
2095 414 2213 482 quis
2265 417 2432 482 prima
2483 424 2626 468 sorte
2681 416 2868 483 dignus
2904 416 3210 478 haberetur,
3245 424 3297 468 et
3344 415 3482 468 alius

3381 300 3483 354 949.

1958 503 2211 565 secunda,
2245 505 2309 556 de
2336 518 2462 570 qua,
2491 515 2648 570 prout
2670 507 2954 571 potuimus,
2979 505 3090 571 jam
3119 515 3243 558 ante
3276 513 3476 558 tracta-

1956 592 2126 645 vimus
2160 608 2174 643 :
2205 591 2295 646 sed
2335 601 2389 645 et
2427 593 2494 644 de
2533 592 2598 644 iis
2631 592 2718 659 qui
2762 607 2856 660 per
2885 594 3096 662 Moysen
3124 594 3258 647 ultra
3287 593 3479 650 Jorda—

1956 694 2076 732 nem
2111 689 2163 733 et
2194 679 2262 732 ab
2288 677 2412 733 Jesu
2448 679 2500 732 in
2553 689 2691 732 terra
2723 680 2989 746 accipiunt
3031 682 3481 749 repromissionis,

1957 755 2046 823 ubi
2079 769 2248 837 prima
2273 783 2390 822 sors
2417 768 2612 822 cecidit
2641 769 2702 820 ad
2733 767 3026 836 Benjamiu,
3057 779 3109 822 et
3144 773 3480 836 postmodum

1958 857 2022 910 ad
2046 866 2265 910 cretei-os
2313 857 2364 909 in
2400 858 2594 924 quibus
2617 854 2718 909 fuit
2745 856 2959 910 ultimus
2990 859 3096 910 Dan
3127 874 3141 910 :
3167 858 3239 910 ita
3266 873 3484 914 necesse

1957 956 2036 1001 est
2063 961 2180 1001 esse
2202 957 2257 999 et
2285 946 2516 1014 aliquam
2545 945 2802 999 rationem
2829 946 2988 999 etiam
3015 947 3067 999 in
3097 947 3282 1001 ordine
3308 963 3485 1004 sacer-

1957 1035 2150 1089 dotalis
2175 1043 2228 1088 et
2263 1034 2515 1088 Leviticaa
2537 1036 2724 1096 sortis,
2747 1043 2804 1086 ut
2834 1034 2923 1086 alii
2953 1035 3144 1102 prima,
3179 1036 3266 1090 alii
3292 1052 3484 1092 secun-

1958 1124 2048 1186 da,
2079 1124 2168 1176 alii
2215 1124 2368 1177 tertia
2418 1138 2534 1176 sors
2585 1124 2831 1184 ducatur.
2859 1138 2953 1190 per
2985 1138 3120 1191 quas
3147 1125 3254 1187 illa,
3283 1127 3364 1178 vel
3397 1126 3484 1179 illa

1958 1213 2071 1266 loca
2116 1214 2404 1280 unicuique
2445 1213 2820 1266 decernantur.
2858 1211 3122 1267 Dicuntur
3163 1223 3340 1268 autem
3391 1216 3482 1268 ﬁlii

1957 1315 2075 1355 esse
2107 1301 2255 1364 Levi,
2290 1301 2493 1356 Gerson
2525 1313 2578 1355 et
2610 1302 2776 1356 Chaat
2805 1314 2858 1358 et
2887 1304 3112 1357 Merari:
3138 1313 3192 1357 et
3238 1307 3478 1358 ostendi-

1961 1400 2044 1444 tur
2092 1392 2290 1459 primas
2324 1403 2500 1458 partes
2539 1392 2772 1446 tenuisse
2806 1393 2857 1445 in
2897 1395 3096 1446 honoro
3139 1392 3328 1459 Cltaat,
3358 1394 3481 1460 quia

1958 1481 2050 1533 ﬁlii
2098 1483 2266 1534 Chaat
2299 1480 2750 1547 fueruntAmran,
2791 1482 3014 1552 Moyses,
3063 1483 3238 1536 Aaron
3287 1493 3340 1538 et
3370 1483 3482 1536 Ma-

1959 1572 2058 1624 ria.
2094 1571 2255 1639 Igitur
2286 1571 2348 1625 de
2380 1570 2548 1626 Chaat
2589 1587 2716 1640 pars
2743 1573 2955 1640 quidem
3003 1572 3169 1640 plebis
3189 1572 3373 1627 effecta
3404 1583 3486 1627 est

1957 1662 2327 1726 sacerdotalis,
2379 1676 2494 1728 qua:
2540 1671 2622 1716 est
2655 1664 2832 1716 Aaron
2884 1672 2938 1717 et
2982 1663 3072 1716 ﬁlii
3109 1662 3244 1729 ejus.
3279 1663 3490 1732 Moyses

1960 1760 2138 1804 autem
2187 1760 2280 1803 aut
2319 1751 2374 1804 in
2423 1751 2742 1806 sacerdotali
2787 1753 2994 1816 ordine,
3021 1764 3115 1807 aut
3140 1756 3184 1807 si
3210 1754 3298 1821 qui
3325 1755 3485 1806 etiam

1959 1839 2074 1906 plus
2105 1853 2132 1891 a
2165 1840 2482 1894 sacerdotali
2533 1855 2652 1895 esse
2687 1851 2882 1908 potest,
2914 1842 3190 1896 habendus
3230 1851 3332 1897 est.
3370 1844 3484 1895 Alia

1959 1941 2085 1981 vero
2112 1937 2192 1982 est
2221 1930 2359 1982 ratio
2389 1931 2453 1982 de
2496 1928 2618 1982 ﬁliis
2658 1929 2790 1996 ejus.
2820 1932 3010 1986 Caeteri
3045 1940 3220 1985 autem
3262 1947 3327 1985 ex
3367 1934 3489 1985 ﬁliis

1958 2015 2128 2069 Chaat
2155 2019 2440 2071 secundum
2482 2020 2726 2073 ordinem
2759 2028 3044 2075 tenuerunt
3076 2021 3129 2074 in
3167 2022 3306 2076 tribu
3337 2021 3486 2085 Levi,

1957 2106 2047 2173 qui
2077 2116 2288 2159 suntex
2310 2107 2456 2162 Isaar
2489 2119 2541 2162 et
2557 2108 2802 2164 Chebron
2833 2119 2884 2163 et
2916 2110 3086 2164 (ldiel.
3114 2109 3266 2164 Tunc
3292 2111 3489 2164 deinde.

1961 2205 2077 2262 post
2100 2196 2195 2252 hos
2217 2199 2484 2266 accipiunt
2511 2209 2715 2268 partem
2747 2210 2866 2267 post
2900 2201 3090 2263 Chaat,
3117 2216 3181 2254 ex
3213 2201 3334 2254 ﬁliis
3358 2200 3486 2253 Levi

1958 2284 2160 2338 Gerson
2209 2287 2365 2340 tertio
2401 2287 2533 2350 loco,
2574 2288 2896 2341 novissimus
2946 2303 3073 2342 vero
3105 2290 3340 2342 omnium
3381 2289 3489 2340 Me-

1960 2375 2088 2426 rari.
2128 2373 2250 2428 Haec
2297 2384 2381 2429 est
2420 2386 2593 2430 autem
2623 2377 2921 2430 diﬁ'ereutia
2963 2378 3117 2446 primi
3160 2379 3387 2442 ordinis,
3431 2390 3486 2433 et

1964 2461 2178 2516 secundi
2222 2474 2277 2516 et
2310 2465 2448 2518 tertii
2482 2467 2562 2518 vel
2599 2464 2779 2534 quarti
2823 2481 2980 2532 quam
3034 2467 3208 2534 primo
3243 2469 3482 2521 omnium

1961 2551 2361 2607 observavimus
2386 2554 2437 2605 in
2471 2553 2734 2610 Numeris.
2761 2557 2948 2610 Postea
2985 2557 3125 2609 enim
3151 2571 3309 2624 quam
3343 2558 3489 2610 ordi-

1961 2648 2098 2695 natae
2147 2641 2360 2697 fuerant
2399 2645 2676 2699 duodecim
2729 2647 2895 2701 tribus
2945 2663 3038 2715 per
3074 2658 3300 2715 quatuor
3338 2649 3486 2704 orbis

1962 2737 2118 2782 terra:
2147 2739 2329 2796 partes
2355 2731 2496 2784 circa
2529 2747 2711 2787 arcam
2745 2735 3044 2788 testamenti
3087 2735 3292 2789 Domini
3329 2751 3489 2790 excu-

1958 2815 2072 2871 bias
2109 2831 2288 2884 agere,
2320 2830 2375 2873 et
2404 2828 2611 2874 statutae
2635 2831 2761 2876 sunt
2803 2832 2912 2878 tres
2953 2825 3165 2892 quidem
3207 2827 3374 2880 tribus
3424 2831 3490 2881 ab

1961 2906 2187 2970 oriente.
2222 2917 2333 2962 tres
2357 2919 2528 2965 autem
2557 2912 2622 2966 ab
2642 2911 2825 2966 Africo
2848 2913 2928 2966 vel
2961 2928 2990 2966 a
3021 2915 3341 2978 meridiano,
3380 2927 3488 2971 tres

1884 3028 1931 3086 α
1963 3005 2139 3049 autem
2174 2997 2239 3051 ad
2276 3013 2422 3053 mare
2449 3001 2588 3066 quod
2619 3011 2701 3054 est
2740 3004 2804 3055 ad
2839 3002 3191 3069 occidentem,
3225 3014 3332 3060 tres
3363 3021 3490 3062 vero

1963 3085 2029 3138 ad
2056 3085 2380 3152 aquilonem,
2411 3089 2500 3156 qui
2530 3097 2612 3142 est
2635 3093 2950 3158 septentrio,
2971 3091 3044 3146 ibi
3073 3095 3235 3146 etiam
3271 3095 3356 3148 isti
3397 3111 3490 3163 per

1959 3184 2184 3242 quatuor
2199 3177 2344 3230 orbis
2377 3187 2531 3232 terra:
2561 3190 2738 3247 partes
2783 3183 2966 3236 eodem
3006 3183 3194 3236 ordine
3225 3185 3485 3252 deputan-

1961 3273 2064 3317 tur.
2117 3265 2180 3317 Et
2213 3267 2279 3319 ab
2309 3267 2514 3320 oriente
2547 3269 2758 3335 quidem
2819 3271 2906 3324 ubi
2955 3280 3072 3324 erat
3128 3273 3294 3326 tribus
3324 3273 3486 3338 Juda,

1959 3367 2076 3419 quae
2114 3361 2229 3406 erat
2275 3354 2415 3406 inter
2454 3367 2675 3409 ceteras
2716 3358 2904 3423 prima,
2943 3359 3121 3414 Aaron
3175 3371 3333 3429 atque
3370 3361 3486 3429 ejus

1964 3441 2057 3492 lilii
2083 3441 2412 3494 collocantur
2437 3470 2449 3493 ι
2477 3443 2647 3496 Chaat
2671 3459 2796 3496 vero
2819 3445 2943 3500 ﬁliis
2967 3448 3054 3513 qui
3085 3458 3238 3501 erant
3271 3449 3483 3518 reliqui,

1961 3544 2138 3583 arcam
2195 3533 2491 3584 testamenti
2545 3532 2754 3585 Domini
2789 3533 2966 3588 levare
3023 3537 3074 3588 iu
3127 3539 3382 3602 humeris,
3433 3547 3488 3591 et

1962 3619 2100 3672 tubis
2121 3633 2318 3672 canere
2354 3619 2630 3684 statuitur,
2675 3622 2746 3674 ita
2774 3631 2831 3673 ut
2879 3638 2999 3674 cum
3029 3624 3196 3690 prima
3244 3626 3366 3679 tuba
3399 3641 3486 3680 ce-

1961 3708 2197 3770 ciuisset,
2227 3717 2499 3762 moverent
2539 3720 2713 3762 castra
2743 3710 2776 3762 ii
2808 3710 2898 3776 qui
2926 3721 3079 3764 erant
3122 3713 3191 3765 ab
3237 3715 3482 3778 oriente;

1961 3812 2084 3849 cum
2133 3811 2260 3850 vero
2303 3798 2534 3850 secunda
2567 3798 2869 3862 cecinisset,
2897 3800 2932 3853 ii
2965 3801 3054 3869 qui
3083 3810 3237 3854 erant
3269 3817 3298 3854 a
3329 3804 3489 3856 meri-

1961 3885 2117 3940 diano
2138 3896 2552 3956 consurgerent;
2591 3888 2746 3940 tertia
2775 3890 2841 3942 ab
2875 3892 3176 3954 occidente,
3201 3905 3388 3959 quarta
3417 3894 3486 3945 ab

1959 3975 2224 4044 aquilone.
2271 3977 2429 4030 Vides
2472 3985 2702 4044 quantus
2733 3980 2887 4044 ordo,
2919 3990 2967 4034 et
3017 3990 3212 4048 quanta
3255 3982 3305 4034 in
3340 3981 3487 4036 Scri-

1959 4066 2133 4131 pturis
2153 4067 2357 4120 sanctis
2391 4082 2564 4120 rerum
2585 4073 2960 4136 consequentia
2993 4072 3294 4125 custoditur
3317 4087 3484 4140 :quo-

1960 4155 2116 4208 modo
2148 4156 2278 4208 nihil
2307 4157 2405 4209 nisi
2431 4158 2588 4211 modo
2624 4168 2679 4210 et
2709 4160 2918 4213 ratione
2944 4172 2999 4214 et
3027 4161 3213 4214 ordine
3254 4163 3480 4230 geritur.

1958 4243 2168 4295 Intuere
2203 4243 2532 4310 diligentius,
2569 4257 2622 4298 et
2657 4246 2705 4298 in
2743 4248 2904 4300 Omni-
2933 4247 3207 4315 Scriptura
3255 4251 3367 4302 lucc
3411 4250 3484 4302 ita

293 4353 446 4406 etde
479 4319 815 4402 habitaculis
846 4341 1081 4393 decimas
1107 4336 1368 4402 accipere,
1396 4333 1496 4386 hoc
1521 4343 1599 4385 est
1621 4332 1760 4384 enim
1786 4331 1852 4385 ab
1889 4319 1928 4372 ο
1962 4333 2200 4385 invenies
2241 4333 2512 4386 ordinata.
2546 4332 2648 4387 Sed
2685 4336 2727 4388 si
2765 4336 2859 4389 tibi
2891 4336 3099 4392 difﬁcile
3126 4347 3208 4391 est
3241 4354 3335 4406 per
3366 4356 3485 4393 om-

292 4438 560 4493 omnihus
584 4431 832 4487 decimas
861 4425 1154 4493 accepisse.
1180 4421 1247 4474 Et
1274 4422 1391 4473 ideo
1419 4421 1728 4472 accedentes
1748 4419 1855 4486 pri-

291 4529 453 4581 marii
509 4525 624 4578 viri
679 4521 771 4588 qui
818 4527 970 4572 erant
1020 4517 1072 4569 in
1121 4515 1244 4567 ﬁliis
1273 4511 1421 4574 Levi,
1446 4512 1511 4564 ad
1541 4510 1853 4563 Eleazarum

292 4617 678 4675 sacerdotem,
707 4617 761 4662 et
785 4609 848 4660 ad
876 4608 1054 4660 Jesnm
1085 4605 1251 4656 ﬁlium
1283 4603 1446 4662 Nave,
1475 4610 1528 4653 et
1562 4601 1624 4651 ad
1654 4601 1852 4666 princi-

289 4720 391 4770 pes
419 4705 676 4758 tribuunt
707 4696 938 4749 ﬁliorum
969 4693 1158 4757 Israel,
1192 4692 1241 4744 in
1272 4691 1429 4744 Selon
1463 4691 1514 4742 in
1545 4698 1682 4742 terra
1715 4688 1856 4740 (Iba-

289 4809 456 4858 naan,
512 4785 878 4844 dixerunt“:
925 4800 943 4834 ι
975 4781 1229 4836 Dominus
1275 4779 1526 4848 praecepit
1581 4779 1632 4831 in
1693 4793 1850 4831 manu

286 4879 459 4950 Iloysi
535 4876 662 4932 dari
729 4872 884 4926 nobis
922 4871 1166 4924 civitates
1215 4869 1278 4922 ad
1355 4866 1739 4930 habitandum,
1798 4875 1852 4918 et

1959 4433 2052 4473 nes
2078 4420 2243 4474 libros
2278 4421 2584 4488 vigilantem
2616 4424 2795 4478 cordis
2815 4426 3028 4478 oculum
3057 4427 3273 4490 ducere,
3309 4429 3359 4482 in
3388 4432 3486 4484 hoc

1958 4511 2144 4565 saltem
2180 4514 2300 4565 loco
2323 4513 2631 4578 diligentius
2666 4529 2782 4580 qua:
2807 4513 3114 4569 referuntur
3140 4521 3374 4575 adverte.

2026 4601 2080 4652 2.
2123 4600 2365 4664 «Prima,
2405 4602 2660 4668 inquit“,
2689 4617 2806 4656 sors
2846 4603 2980 4656 exiit
3021 4604 3209 4668 Chaat,
3245 4616 3297 4660 et
3342 4607 3478 4661 facta

1955 4696 2031 4741 est
2075 4687 2197 4741 ﬁliis
2244 4687 2420 4742 Aaron
2483 4690 2776 4743 sacerdotis
2825 4691 2914 4757 qui
2960 4701 3075 4744 erat
3114 4693 3166 4744 iu
3206 4691 3424 4748 Levitis.
3455 4714 3475 4746 ι

1957 4777 2120 4844 Cujus
2144 4778 2366 4846 primam
2405 4787 2601 4831 sortem
2628 4778 2778 4832 exire
2809 4779 3064 4833 decebat?
3085 4783 3168 4834 cui
3199 4785 3483 4850 oportebat

1958 4869 2218 4934 primatus
2251 4867 2386 4932 dari,
2417 4867 2518 4920 nisi
2567 4867 2741 4921 Aaron
2787 4869 2958 4936 primo
3003 4871 3264 4935 pontiﬁci,
3305 4872 3479 4938 primo

284 4970 620 5028 suburbana
676 4976 866 5015 earum
917 4960 1232 5013 animalibus
1272 4956 1489 5011 nostris.
1510 4975 1528 5007 ι
1565 4955 1859 5023 Oportebat
1952 4958 2006 5010 in
2040 4956 2160 5008 vitae
2184 4955 2411 5019 meritis,
2444 4955 2617 5022 primo
2637 4955 2688 5008 in
2713 4955 3002 5010 honoribus
3024 4966 3078 5009 et
3099 4958 3481 5012 virtute?Cer—

285 5060 456 5113 etiam
500 5057 577 5109 de
627 5051 956 5107 suburbanis
980 5059 1033 5103 et
1059 5051 1125 5104 de
1157 5048 1458 5104 civitatibus
1488 5055 1687 5099 sortem
1715 5046 1851 5108 ﬁeri,

1955 5055 2062 5096 tum
2085 5043 2324 5110 estapud
2352 5049 2404 5096 te
2438 5056 2577 5096 nunc
2605 5043 2794 5096 saltem
2825 5043 2962 5110 quod
2994 5058 3097 5096 non
3141 5044 3348 5096 sit-sors
3373 5044 3476 5098 ista

285 5168 360 5205 ne
385 5147 572 5223 454
597 5145 744 5198 forte
775 5141 1064 5194 indiscrete
1110 5150 1166 5195 et
1212 5138 1432 5192 fortuitu
1474 5137 1612 5190 inter
1643 5135 1856 5192 Levitas
1952 5134 2187 5194 fortuita,
2231 5135 2323 5187 sed
2361 5133 2498 5186 adsit
2534 5132 2707 5185 virtus
2748 5145 2996 5223 superna,
3023 5132 3324 5223 gubernans
3357 5146 3475 5184 eam

285 5217 585 5295 celebrata
637 5231 838 5285 divisio
892 5229 1176 5282 videretur.
1211 5228 1362 5281 Sicut
1392 5239 1521 5291 ergo
1548 5225 1854 5279 distributio
1949 5225 2240 5278 secundum
2272 5223 2464 5276 divina:
2511 5219 2868 5286 providentia:
2891 5219 3167 5284 judicium.
3211 5217 3307 5272 Ubi
3346 5232 3478 5286 ergo

285 5335 460 5386 sortis
495 5339 626 5394 quae
657 5323 808 5375 facta
842 5327 926 5371 est
953 5319 1002 5370 in
1029 5319 1146 5374 ﬁliis
1174 5318 1355 5381 Israel,
1379 5316 1567 5368 habuit
1591 5316 1849 5370 rationem

393 5440 440 5472 ³⁸
478 5435 652 5490 Eccli.
685 5447 770 5494 tu,
807 5428 900 5482 20.
986 5431 1029 5462 ⁸⁸
1050 5432 1205 5487 Eccli.
1236 5445 1406 5494 xxx",
1432 5431 1485 5480 I.

1951 5317 2074 5368 filiis
2109 5315 2286 5367 Aaron
2315 5313 2482 5380 prima
2513 5307 2810 5364 habitacula
2835 5321 2956 5375 sors
2985 5307 3093 5360 haec
3118 5307 3258 5376 justa
3289 5307 3478 5362 decor-

1559 5428 1600 5458 "
1632 5427 1745 5485 Jos.
1774 5448 1885 5498 χχι,
1907 5431 1961 5487 2.
2035 5432 2078 5462 ⁸³
2107 5428 2233 5482 ibid.
2259 5428 2305 5482 ι.

363 5571 407 5636 (t
428 5573 474 5641 l)
514 5569 780 5622 Dominus
803 5562 972 5620 Jews.
1006 5566 1157 5624 Deest
1183 5571 1232 5624 in
1266 5567 1400 5622 libb.
1435 5567 1605 5631 editis,
1631 5569 1724 5624 sed
1762 5570 1953 5643 legitur
1981 5572 2034 5628 in
2066 5569 2343 5638 Sangcrm.
2378 5576 2479 5616 ms.
