3806 6214
415 260 513 327 eis

1831 261 2075 320 OliIGEN
2083 260 2141 315 IS

3571 236 3656 291 θιι

419 381 524 434 nia?
561 399 578 429 ι
603 380 654 431 In
699 378 853 438 tribu,
904 377 1167 443 inquit",
1194 377 1362 440 Judze,
1411 377 1460 429 in
1499 377 1636 428 tribu
1689 373 1932 433 Simeon,
1964 376 2008 430 Α
2037 370 2301 428 cerdotes,
2339 367 2434 420 sed
2470 365 2621 418 inter
2663 371 2916 416 cmteros
2952 355 3217 443 primam
3267 357 3442 443 tamet}
3477 349 3656 443 θερθιιῑι

416 478 469 520 et
516 469 564 518 in
610 466 744 516 tribu
783 462 1080 529 Beniamin,
1127 481 1220 532 per
1265 473 1433 518 sortes
1472 464 1717 518 civitates
1772 463 1937 515 trede-

416 557 541 610 cim.
566 571 582 603 ι
618 551 776 608 Vides
801 554 1064 622 quomodo
1093 553 1279 607 electis
1318 554 1443 606 viris
1475 553 1528 605 in
1567 553 1750 606 electis
1775 553 1940 604 tribu-

419 641 516 694 bus
546 639 844 693 habitacnla
875 640 1265 706 dispensantur.
1314 639 1456 704 Quos
1489 650 1665 692 autem
1707 637 1941 704 oportuit

416 729 696 780 secundam
760 737 956 782 sortem
1024 728 1327 795 suscipere?
1386 727 1611 790 «Filios,
1687 726 1937 792 inquit“,

415 816 603 879 Chaat,
631 816 719 882 qui
752 815 936 883 reliqui
961 824 1114 868 erant
1150 825 1265 882 post
1290 815 1423 867 ﬁlios
1446 815 1641 865 Aaron.
1671 833 1688 864 ι
1715 813 1778 864 Ει
1809 827 1939 878 quas

419 901 585 953 tribus
610 901 693 954 isti
717 901 1016 968 accipiunt?
1043 899 1125 952 «In
1155 901 1315 963 tribu,
1339 900 1526 968 inquit,
1547 899 1798 967 Ephrem,
1817 909 1865 950 et
1886 899 1937 950 in

419 990 556 1042 tribu
590 989 725 1052 Dan,
758 999 810 1042 et
859 991 909 1042 in
945 990 1161 1042 dimidia
1205 991 1340 1042 tribu
1385 989 1647 1051 Manasse,
1692 989 1936 1042 civitates

417 1077 593 1130 decem
629 1090 722 1144 per
752 1085 972 1130 sortem.
997 1095 1016 1127 ›
1062 1077 1160 1142 Qui
1192 1087 1314 1131 sunt
1345 1087 1521 1130 autem
1557 1077 1740 1129 tertii?
1771 1094 1789 1125 ι
1817 1075 1938 1129 Filii

416 1164 682 1218 Gerson.»
733 1164 800 1217 Et
861 1164 912 1216 in
960 1165 1152 1230 quibus
1207 1164 1452 1217 tribubus
1506 1165 1842 1218 sortiuntur?
1885 1166 1935 1216 in

423 1252 719 1314 «Issachar,
753 1251 1006 1319 inquit",
1038 1259 1089 1304 et
1115 1251 1249 1304 Aser
1289 1260 1341 1304 et
1377 1251 1736 1318 Nephthalim,
1787 1263 1841 1306 et
1888 1254 1938 1304 in

420 1341 632 1394 dimidia
670 1341 806 1392 tribu
860 1340 1122 1403 Manasse,
1173 1354 1289 1406 quae
1329 1349 1411 1393 est
1445 1341 1494 1392 in
1528 1341 1720 1402 Busan,
1755 1340 1938 1393 itidem

421 1431 662 1483 civitates
695 1429 967 1482 duodecim
995 1428 1124 1497 (1‘2).
1149 1446 1166 1478 ι
1199 1428 1296 1493 Qui
1327 1439 1448 1480 sunt
1474 1439 1646 1480 autem
1678 1428 1845 1480 ultimi
1887 1429 1937 1480 in

415 1514 652 1570 Levitis?
691 1535 707 1565 ι
731 1515 868 1577 Filii,
911 1516 1100 1582 inquit,
1151 1514 1359 1567 Merari.
1390 1535 1408 1566 ι
1445 1515 1532 1568 Isti
1576 1516 1850 1568 novissimi
1889 1517 1940 1568 in

419 1605 606 1672 quibus
659 1603 920 1671 accipiant
963 1605 1232 1667 tribubus,
1275 1607 1563 1656 videamus.
1612 1623 1629 1653 ί
1659 1605 1730 1656 Ex
1776 1605 1935 1667 tribu,

422 1671 673 1754 inquit“,
709 1688 892 1741 Ruben
931 1697 1079 1741 trans
1128 1689 1408 1743 Jordanent
1446 1699 1498 1742 et
1529 1688 1660 1752 Gad,
1697 1691 1782 1757 qui
1829 1700 1941 1743 erat
1972 1671 2011 1724 Β

422 1791 538 1828 cum
583 1777 696 1843 ipso
723 1785 869 1830 trans
893 1775 1194 1840 Jordauem,
1226 1787 1278 1830 et
1303 1780 1366 1832 de
1401 1778 1536 1830 tribu
1567 1777 1822 1841 Zabulon,
1855 1780 1943 1845 qui

420 1872 476 1914 et
526 1865 635 1930 ipse
674 1864 888 1916 ultimus
920 1873 998 1915 est
1048 1865 1182 1917 inter
1222 1866 1358 1919 ﬁlios
1413 1865 1534 1929 Lim,
1577 1866 1844 1933 accipiunt
1894 1867 1945 1918 in

421 1961 564 2004 sorte
592 1951 833 2005 civitates
854 1953 1147 2006 duodecim.
1165 1977 1181 2007 ι

490 2037 542 2089 3.
585 2038 686 2091 Sed
719 2041 948 2092 nondum
971 2055 1030 2093 ea
1056 2056 1170 2108 qua:
1197 2041 1364 2108 magis
1387 2042 1710 2095 observanda
1736 2051 1860 2096 sunt
1890 2043 1945 2095 in

424 2125 552 2179 locis
584 2127 898 2195 contigimus
923 2127 1034 2196 (t5)
1060 2144 1072 2179 :
1102 2130 1167 2182 de
1197 2131 1390 2198 quibus
1419 2132 1577 2184 etiam
1622 2132 1665 2184 si
1716 2133 1948 2199 pandere

423 2215 760 2281 protundiora
792 2205 893 2269 non
925 2231 1224 2284 possumus,
1251 2219 1437 2272 saltem
1479 2234 1686 2272 summa
1723 2235 1947 2287 quaeque

424 2304 782 2372 perstringere
831 2320 935 2358 non
984 2308 1183 2374 pigebit
1211 2308 1342 2376 (t4),
1379 2317 1436 2360 ut
1480 2324 1545 2361 ex
1572 2310 1638 2362 iis
1670 2310 1948 2377 unusquis-

424 2405 525 2457 que
557 2395 850 2446 auditorum
881 2397 1212 2448 occasionem
1263 2397 1440 2464 capiat
1470 2397 1829 2464 intelligentia:
1871 2399 1948 2451 al-

426 2482 574 2536 tioris
595 2491 647 2537 et
669 2485 902 2552 mysticae
931 2487 1314 2552 perquirenda'.
1356 2486 1486 2540 Cum
1520 2497 1746 2554 quatuor
1771 2497 1949 2555 partes

425 2572 529 2625 sint
561 2575 702 2626 orbis
739 2585 915 2636 terrai.
946 2575 1113 2628 Chaat
1138 2577 1344 2641 accepit
1374 2587 1570 2630 sortem
1621 2577 1824 2644 primus
1863 2578 1948 2630 in-

428 2670 507 2715 ter
557 2662 689 2715 ﬁlios
733 2661 857 2715 Levi
889 2678 916 2730 a
950 2677 1097 2731 parte
1141 2665 1364 2718 orientis
1411 2681 1527 2718 cum
1559 2665 1675 2727 illis
1710 2666 1949 2720 tribubus

423 2762 540 2814 qua:
572 2756 625 2800 et
663 2749 786 2814 ipsa:
830 2750 1116 2818 primatum
1152 2737 1389 2805 omnium
1429 2761 1628 2808 tenent.
1655 2755 1780 2808 Vide
1823 2771 1948 2823 ergo

427 2837 684 2900 quomodo
729 2837 973 2890 universa
1024 2840 1362 2893 conveniunt.
1415 2839 1468 2892 In
1527 2851 1756 2908 quatuor
1805 2844 1950 2896 orbis

428 2925 664 2990 partibus
695 2935 896 2979 eertum
927 2936 1008 2981 est
1046 2928 1358 2980 orientalem
1393 2929 1595 2996 plagam
1636 2932 1947 2985 nobiliorem

427 3013 611 3076 videri,
637 3015 686 3066 in
720 3030 821 3082 qua
845 3023 896 3068 et
931 3015 1157 3069 nobilior
1184 3018 1415 3069 omnium
1449 3019 1774 3086 reliquarum
1803 3020 1950 3075 Juda:

426 3102 593 3155 tribus
624 3105 916 3156 habebatur
948 3121 959 3154 :
987 3113 1039 3158 et
1072 3105 1161 3157 ﬁlii
1195 3105 1361 3158 Chaat
1394 3108 1686 3161 sacerdotis
1724 3111 1946 3174 primam

425 3190 622 3241 ducunt
657 3192 706 3243 in
737 3193 923 3258 primis
951 3203 1006 3246 et
1037 3194 1277 3248 tribubus
1317 3203 1368 3248 et
1398 3197 1545 3250 orbis
1575 3199 1814 3265 partibus
1839 3201 1948 3270 (15)

428 3289 648 3340 sortem,
675 3295 794 3331 eum
836 3281 1036 3335 Gerson
1067 3291 1118 3336 et
1149 3283 1336 3336 Morari
1375 3285 1462 3352 qtti
1493 3294 1645 3338 erant
1683 3288 1837 3352 primi
1868 3290 1950 3342 in-

431 3375 512 3418 ter
546 3366 681 3418 ﬁlios
725 3368 868 3420 Levi.
909 3369 998 3424 Sic
1032 3386 1156 3439 ergo
1187 3381 1291 3426 tres
1325 3372 1418 3424 ﬁlii
1465 3375 1619 3441 primi
1655 3373 1780 3428 Levi
1813 3377 1953 3431 acci-

429 3457 580 3523 piunt
601 3458 931 3511 orientalem.
965 3460 1303 3514 Occidentem
1335 3476 1459 3515 vero
1498 3464 1587 3516 ubi
1619 3475 1734 3518 erat
1763 3465 1948 3520 Ruben

430 3555 484 3598 et
511 3546 723 3601 Simeon
751 3558 803 3601 et
830 3548 963 3611 Gad,
1003 3550 1226 3602 sortitur
1267 3552 1495 3604 secunda
1524 3561 1668 3608 sorte
1696 3555 1862 3608 Chaat
1889 3572 1953 3610 ex

434 3634 573 3686 tribu
626 3635 904 3689 Simeonis.
941 3636 1128 3689 Merari
1157 3651 1282 3690 vero
1309 3639 1538 3705 primum
1584 3644 1806 3696 sortitur
1851 3644 1955 3695 Ru-

432 3721 554 3787 ben,
579 3731 631 3775 et
658 3723 843 3774 iterum
872 3723 1061 3776 Merari
1098 3727 1284 3779 tertius
1306 3726 1356 3777 in
1393 3726 1640 3782 Numeris
1665 3731 1730 3783 ab
1751 3731 1954 3785 oriente

431 3811 633 3876 accepit
682 3810 937 3873 Zabulon,
977 3822 1034 3864 ut
1074 3811 1275 3878 justitia
1329 3826 1591 3880 servetur,
1637 3827 1690 3870 ut
1723 3829 1867 3874 sorte
1891 3835 1952 3874 ea

374 3910 548 3964 -qua:
603 3897 888 3950 secundum
931 3897 1206 3953 Dominum
1253 3901 1485 3964 ducitur,
1530 3912 1582 3956 et
1617 3907 1949 3960 credentium

432 3993 636 4039 mentes
681 3984 745 4036 ad
795 3983 1047 4051 mysteria
1078 3983 1238 4038 futuri
1267 3988 1444 4040 seaculi
1480 3990 1676 4058 dirigat
1705 4002 1954 4048 contuen-

398 4072 520 4124 vda.
571 4071 696 4124 Post
752 4070 863 4122 haec
911 4083 1096 4122 eorum
1133 4072 1220 4138 qui
1272 4074 1337 4126 ad
1383 4090 1528 4129 mare
1577 4087 1752 4143 erant,
1781 4080 1832 4133 id
1871 4091 1950 4134 est

433 4155 660 4225 Ephrem
713 4165 768 4209 et
819 4155 1110 4221 .Benjamin
1163 4168 1216 4212 et
1260 4159 1545 4228 Manasse,
1605 4163 1775 4218 Chaat
1833 4183 1951 4222 cum

435 4243 754 4308 suscepisset
801 4245 1033 4295 secunda
1115 4255 1260 4300 sorte
1306 4245 1600 4315 Benjamin,
1655 4254 1830 4307 cmteri
1885 4270 1951 4308 ex

437 4329 635 4382 familia
687 4329 801 4395 ejus
856 4331 1031 4383 sortiti
1081 4341 1208 4385 sunt
1259 4335 1508 4395 Ephrem.
1564 4338 1689 4394 Post
1731 4342 1834 4396 hoc
1862 4359 1954 4398 eos

433 4417 524 4484 qui
583 4424 735 4469 erant
793 4431 856 4468 ex
920 4419 1090 4470 media
1137 4420 1273 4472 tribu
1329 4423 1573 4480 Manasse
1603 4443 1719 4494 quae
1764 4429 1864 4484 t‘uit
1901 4433 1952 4485 in

431 4504 592 4578 455
630 4514 767 4559 terra
799 4515 980 4558 sancta
1013 4507 1236 4584 sortitur
1267 4510 1494 4577 Gerson,
1527 4525 1581 4568 et
1609 4517 1810 4584 .iterum
1847 4521 1960 4588 ipse

433 4600 642 4653 Gerson
682 4597 903 4650 sortitur
937 4596 1096 4649 etiam
1129 4596 1283 4649 aliam
1315 4600 1581 4654 dimidiam
1619 4605 1814 4658 tribum
1841 4607 1958 4660 Ma-

434 4697 610 4736 nasse.
648 4681 751 4735 Sed
775 4680 897 4748 quia
927 4683 1202 4746 oportebat
1234 4697 1326 4736 eos
1345 4685 1434 4751 qui
1460 4699 1609 4740 erant
1638 4690 1688 4742 in
1713 4693 1959 4760 aquilone

434 4772 635 4840 aliquid
683 4769 1028 4825 sacerdotalis
1075 4772 1256 4838 gratia:
1308 4777 1582 4843 consequi,
1635 4794 1701 4831 ne
1751 4784 1957 4849 penitus

432 4859 624 4917 nudari
653 4859 808 4913 donis
835 4857 1141 4911 cmlestibus
1167 4860 1493 4924 viderentur,
1527 4864 1578 4915 in
1623 4866 1688 4919 iis
1728 4884 1957 4936 quorum

433 4950 757 5007 novissimus
780 4948 911 5002 ordo
949 4955 1064 5000 erat
1101 4949 1154 5000 in
1186 4950 1447 5014 aquilone,
1496 4950 1545 5003 id
1575 4963 1655 5005 est
1697 4954 1826 5018 Dan,
1857 4959 1958 5015 Ne-

433 5040 713 5115 pbtbalim,
734 5040 898 5092 Aser:
931 5051 1140 5090 rursum
1158 5036 1324 5090 Chaat
1349 5051 1450 5089 non
1479 5040 1686 5104 quidem
1710 5044 1847 5098 inter
1869 5061 1956 5101 sa-

501 5155 678 5209 ..Jos.
719 5151 925 5216 “et.
999 5150 1276 5210 “ibid.5.
1347 5129 1632 5208 “imae.
1718 5156 2001 5215 “ibid.7.

1977 2969 2017 3026 C

504 5290 614 5356 (t2)
641 5288 816 5358 Codea
847 5285 1146 5358 Sangerm.,
1189 5306 1207 5338 ι
1229 5285 1525 5342 duodecim.
1551 5308 1570 5341 ι
1602 5289 1751 5346 Libb.
1793 5296 1947 5358 editi,

444 5355 723 5427 tucceta.»
780 5355 1141 5427 Septuaginta
1171 5357 1490 5423 interpretes
1551 5358 1708 5412 hodie
1757 5355 1958 5417 habent

435 5422 718 5491 δεκατρεῖς.

508 5485 615 5556 (ιδ)
647 5490 817 5544 Codex
836 5491 1136 5570 Sangerm.,
1166 5519 1185 5555 ι
1208 5485 1544 5561 contigimus.
1569 5511 1586 5544 ³
1618 5493 1773 5549 Lib!“
1805 5497 1955 5562 edi",
2030 5574 2047 5579 ,μ

1986 4272 2029 4325 D

2040 468 2236 512 sortem
2287 457 2339 508 in
2377 455 2517 514 Dan,
2572 451 2894 506 secundam
2947 459 3098 499 vero
3152 441 3374 496 Gerson
3422 438 3474 489 in
3523 439 3656 494 Aser.

2040 555 2092 600 et
2123 548 2336 598 tertiam
2365 544 2508 596 idem
2537 541 2758 594 Gerson
2796 539 2853 590 in
2891 531 3305 602 Nephthalim.

2107 634 2162 685 4.
2196 632 2326 698 Quis
2356 639 2537 698 potest
2563 628 2794 695 assequi
2836 627 2968 678 hanc
3005 621 3210 676 omnia
3242 627 3298 670 et
3333 615 3662 682 comprehen-

2041 722 2198 774 dere?
2223 720 2355 785 Quis
2386 719 2706 770 meminisse
2736 714 2951 768 saltem
2993 719 3058 763 ct
3089 708 3402 760 observare
3444 702 3660 756 ordinem

2041 811 2214 878 ipsum
2249 807 2685 860 ministeriorum
2720 801 2924 855 valet?
2980 795 3157 862 Quod
3187 793 3236 847 si
3275 793 3562 846 secundum
3592 791 3664 842 lit-

2043 905 2208 949 teram
2243 895 2416 948 solum
2451 892 2678 947 difﬁcile
2721 898 2932 944 textus
2983 887 3117 952 ipse
3152 881 3490 935 narrationis
3515 878 3660 944 expli-

2041 986 2152 1040 cari
2186 992 2384 1053 potest,
2415 992 2470 1035 et
2499 980 2797 1050 permistio
2833 977 2926 1029 vel
2972 977 3274 1032 locorum,
3323 969 3406 1023 vel
3433 981 3660 1036 persona-

2043 1089 2184 1138 rum,
2215 1088 2334 1141 quae
2367 1073 2420 1125 in
2459 1070 2689 1124 historia
2727 1066 3151 1122 continentur,
3183 1058 3363 1112 evolvi
3391 1075 3405 1120 ;
3452 1055 3569 1123 quid
3598 1055 3664 1105 ili-

2041 1161 2213 1213 cimus
2257 1160 2324 1212 de
2351 1159 2419 1212 iis
2449 1155 2849 1214 sacramentis,
2885 1165 3026 1220 qua:
3079 1162 3189 1217 per
3227 1149 3349 1199 haec
3378 1144 3663 1198 describun-

2044 1258 2131 1302 tur
2178 1257 2233 1301 et
2281 1247 2334 1299 in
2372 1247 2574 1314 quibus
2606 1241 3070 1298 distributiones
3119 1235 3334 1288 futura:
3361 1232 3663 1286 hmreditatis

2043 1337 2454 1397 adumbrantur,
2489 1343 2543 1387 et
2573 1349 2671 1401 per
2703 1347 2835 1399 quae
2873 1337 3108 1383 sancta!
3145 1336 3317 1380 terra:
3345 1337 3504 1389 quam
3535 1335 3664 1372 man-

2042 1425 2178 1476 Sueti
2228 1425 2551 1476 haereditate
2595 1421 2943 1486 suscipient.
3013 1416 3236 1479 divisio
3290 1408 3662 1465 celebrabitur?

2043 1509 2172 1574 Quis
2217 1521 2524 1563 castrorqu
2583 1507 2748 1560 sedes
2800 1507 3082 1559 diversas
3115 1501 3396 1568 explicet,
3426 1496 3666 1565 quomodo

2043 1599 2158 1651 haec
2184 1598 2236 1651 in
2269 1595 2704 1651 ressurrectione
2742 1607 2848 1662 per
2884 1590 3168 1658 singulos
3205 1602 3458 1656 quosque
3484 1596 3664 1640 sancto-

2046 1701 2160 1737 rum
2190 1684 2513 1738 sacerdotali
2536 1683 2620 1736 vel
2644 1682 2910 1735 Levitieo
2943 1680 3170 1733 ordine
3201 1677 3456 1730 habenda
3484 1675 3549 1728 sit
3574 1675 3664 1728 dis-

2047 1772 2284 1836 tributio,
2319 1780 2394 1833 ut,
2436 1768 2914 1837 quemadmodum
2970 1765 3125 1820 dicit
3154 1763 3477 1830 Apostolus,
3519 1762 3565 1814 in
3592 1777 3663 1813 re-

2044 1859 2377 1912 surrectione
2405 1873 2514 1911 non
2547 1858 2782 1910 confuse
2815 1863 3084 1922 agantur
3121 1853 3342 1916 omnia,
3391 1852 3481 1904 sed
3511 1850 3664 1902 veniat

2050 1946 2457 2012 «unusquisque
2531 1944 2586 1997 in
2662 1956 2768 1995 suo
2837 1942 3084 2003 ordine,
3144 1938 3374 1992 initium
3425 1936 3660 2000 Christus,

2045 2035 2236 2089 deinde
2263 2034 2297 2086 ii
2327 2033 2418 2101 qui
2449 2041 2580 2086 sunt
2613 2030 2858 2094 Christi,
2895 2030 3000 2098 qui
3043 2030 3105 2081 in
3153 2030 3402 2081 adventu
3430 2027 3538 2088 eius
3560 2039 3661 2079 cre-

2046 2123 2313 2185 diderunt,
2342 2136 2464 2174 enm
2499 2121 2798 2173 tradiderit
2839 2133 3098 2187 regnum
3139 2119 3262 2171 Deo
3292 2130 3348 2170 et
3375 2116 3536 2179 Patri,
3563 2130 3660 2167 cum

2045 2209 2332 2276 subiecerit
2357 2209 2404 2262 ei
2429 2223 2646 2261 omnem
2670 2208 3108 2274 principatum,
3128 2213 3188 2258 et
3212 2214 3534 2274 potestatem
3552 2202 3623 2253 ⁸νῖ
3641 2220 3657 2251 ι

2046 2298 2123 2351 lbi
2166 2299 2283 2350 sine
2314 2297 2478 2350 dubio
2509 2296 2647 2349 tales
2679 2297 2951 2362 quaedam
2991 2304 3331 2348 castrorum
3373 2291 3662 2346 observatio-

2045 2401 2163 2450 nes,
2213 2394 2266 2438 et
2299 2384 2674 2438 sacerdotales
2709 2383 3198 2445 distributiones,
3253 2394 3312 2437 et
3341 2383 3574 2442 ordines,
3611 2394 3660 2431 ac

2046 2473 2292 2527 tubarum
2327 2472 2762 2540 signiﬁcationes
2801 2483 2984 2525 erunt
3025 2491 3040 2526 :
3086 2473 3356 2526 fortassis
3383 2472 3521 2525 enim
3546 2470 3660 2522 sicut

2047 2561 2316 2616 ordinavit
2368 2563 2509 2615 Deus
2541 2561 2736 2615 stellas
2772 2562 2940 2626 caeli,
2999 2571 3062 2616 et
3101 2563 3422 2615 rationibus
3451 2575 3538 2614 eas
3563 2559 3660 2626 qui.

2047 2651 2271 2704 busdam
2302 2649 2567 2703 mirandis
2595 2659 2651 2702 et
2681 2650 3086 2705 inetl'abilibus
3132 2651 3452 2713 collocavit,
3480 2656 3530 2702 et
3551 2647 3660 2700 alias

2047 2739 2262 2807 quidem
2296 2738 2533 2805 ipsarum
2587 2740 2792 2792 statuit
2843 2741 2903 2792 in
2964 2755 3082 2793 axe
3117 2741 3426 2809 aquilonis,
3468 2739 3591 2791 alias
3617 2738 3658 2787 in

2050 2827 2289 2896 partibus
2317 2827 2566 2890 orientis,
2620 2828 2764 2882 alias
2817 2843 2965 2883 vero
2998 2830 3058 2883 in
3095 2829 3340 2884 australi
3386 2836 3529 2898 parte
3554 2841 3660 2880 con-

2049 2930 2206 2978 vexa,
2257 2923 2418 2980 atque
2465 2914 2602 2966 alias
2657 2916 2713 2967 in
2773 2931 2997 2971 occasu
3049 2937 3066 2971 :
3119 2919 3198 2971 ita
3241 2919 3412 2972 credo
3459 2917 3585 2984 quod
3614 2922 3659 2964 et

2051 3019 2143 3057 eos
2158 3005 2247 3072 qui
2275 3018 2338 3056 ex
2358 3004 2766 3058 resurrectione
2795 3015 3172 3060 mortuorum
3206 3007 3348 3061 tales
3368 3017 3540 3069 erunt,
3567 3006 3658 3060 sie-

2053 3101 2113 3144 ut
2157 3092 2322 3144 stella:
2369 3090 2493 3145 coeli
2541 3092 2595 3143 in
2647 3091 3028 3147 multitudine
3065 3105 3128 3148 et
3164 3095 3443 3160 claritate,
3476 3095 3658 3147 venien-

2052 3191 2132 3236 tes
2157 3183 2366 3236 scilicet
2412 3195 2480 3235 ει
2511 3181 2728 3235 semine
2758 3183 3088 3248 Abraham,
3134 3186 3425 3240 ordinabit
3454 3185 3580 3238 Deus
3612 3183 3656 3234 in

2052 3286 2218 3339 regno
2256 3271 2542 3334 caalornm,
2592 3272 2914 3325 secundum
2968 3275 3244 3328 ordinem
3303 3275 3569 3330 stellarum
3611 3282 3656 3326 et

2052 3360 2283 3426 partium
2319 3360 2440 3414 caeli
2479 3375 2493 3412 :
2531 3369 2586 3414 et
2618 3360 2775 3414 dabit
2829 3362 2965 3416 aliis
3001 3374 3225 3418 sortem
3276 3367 3346 3420 ad
3395 3366 3651 3425 orientem,

2053 3448 2169 3500 aliis
2194 3450 2258 3502 ad
2293 3449 2658 3510 occidentem,
2701 3451 2772 3500 ad
2810 3461 3083 3505 austrum
3121 3454 3286 3520 aliis,
3318 3464 3370 3507 et
3401 3469 3531 3522 quos
3558 3455 3653 3518 ipse

2052 3536 2201 3589 novit
2223 3545 2421 3590 statuet
2450 3537 2518 3589 ad
2546 3536 2873 3604 aquilonem
2903 3554 2922 3592 :
2948 3543 3227 3607 quoniam
3257 3543 3475 3611 quidem
3507 3559 3525 3591 ι
3548 3538 3653 3590 ιιιιιιο

2055 3624 2091 3676 ιί
2123 3625 2340 3677 venient
2363 3624 2431 3676 ab
2465 3627 2683 3679 oriente
2717 3636 2775 3682 et
2805 3630 3137 3697 occidente,
3164 3650 3184 3682 ι
3228 3649 3298 3687 ex
3336 3645 3561 3701 quatuor
3581 3645 3652 3682 or-

2054 3712 2134 3763 bis
2163 3713 2424 3778 partibus,
2471 3732 2489 3763 ι
2517 3723 2570 3767 et
2605 3717 2946 3771 recumbent
2978 3735 3108 3772 eum
3140 3722 3426 3774 Abraham
3455 3730 3506 3773 et
3528 3719 3651 3772 lsaac

2052 3810 2104 3854 et
2130 3799 2294 3854 Iacob
2324 3802 2375 3854 in
2406 3817 2574 3871 regno
2603 3805 2884 3861 caelorum
2911 3811 2989 3875 ⁸⁸,
3014 3828 3034 3860 ι
3068 3825 3170 3878 per
3201 3813 3442 3882 gratiam
3465 3811 3647 3864 Domini

2054 3889 2218 3942 nostri
2267 3889 2390 3943 Jesu
2437 3892 2670 3958 Christi,
2734 3899 2828 3950 cui
2868 3909 2961 3954 est
3011 3902 3192 3970 gloria
3223 3911 3280 3956 et
3307 3901 3648 3971 imperiumin

2053 3978 2252 4031 saecula
2289 3979 2633 4035 saeculorum.
2673 3983 2883 4040 Amen.

2587 4092 2881 4150 HOMILIA
2914 4099 3121 4156 XXVI.

2056 4178 2132 4232 De
2179 4196 2238 4232 eo
2270 4183 2408 4248 quod
2447 4183 2666 4248 sepultae
2710 4200 2840 4242 sunt
2891 4195 3132 4254 petrime
3179 4197 3481 4254 machwrw,
3521 4202 3564 4246 et
3593 4191 3647 4242 de

2126 4263 2241 4328 ara_
2263 4265 2418 4316 quant
2448 4262 2840 4328 exstruxerunt
2870 4262 3002 4316 diue
3036 4273 3089 4316 et
3137 4265 3294 4317 sentis
3327 4265 3515 4327 tribus,
3546 4274 3645 4328 qua

2125 4325 2242 4368 sunt
2272 4329 2414 4368 trans
2446 4317 2762 4378 Jordanem.

2126 4421 2178 4473 1.
2209 4420 2265 4473 In
2317 4424 2696 4489 superioribus
2747 4431 2986 4497 quidem
3021 4437 3233 4492 dictum
3265 4447 3371 4504 est,
3403 4439 3527 4506 quia
3564 4435 3642 4486 ﬁlii

2057 4505 2221 4560 Israel
2245 4509 2512 4564 dederunt
2560 4524 2773 4570 sortem
2805 4517 2948 4575 Jesu
3002 4523 3063 4579 in
3101 4537 3282 4580 monte
3315 4505 3566 4596 Ephrem.
3597 4535 3645 4577 el

2058 4597 2181 4663 quia
2217 4607 2440 4666 accepta
2481 4611 2634 4656 sorte
2664 4603 2832 4662 Jesus
2861 4613 3233 4670 adiﬁcaverit
3257 4617 3328 4670 ibi
3365 4617 3640 4672 civitatem.

2060 4695 2114 4741 et
2146 4689 2534 4746 inhabitaverit
2567 4693 2621 4746 in
2671 4709 2761 4750 ea.
2823 4698 2990 4758 Nunc
3038 4717 3222 4760 autem
3251 4709 3441 4760 eadem
3488 4706 3642 4757 denuo

2064 4785 2259 4851 repetit
2286 4785 2592 4855 Scriptura,
2620 4801 2682 4846 ut
2710 4795 2886 4852 addat
2908 4800 3020 4855 hoc
3050 4804 3198 4869 quod
3237 4798 3530 4852 machaeras
3562 4808 3643 4862 pe—

2064 4871 2258 4937 trinas,
2311 4875 2365 4930 id
2415 4888 2499 4934 est
2546 4882 2757 4940 cultros
2804 4901 2839 4940 e
2884 4903 3027 4956 saxo
3073 4892 3269 4960 quibus
3317 4883 3639 4941 circumcidit

2059 4959 2218 5016 Jesus
2248 4965 2390 5020 ﬁlios
2411 4967 2581 5024 Israel
2611 4972 2664 5025 in
2701 4989 2918 5044 eremo,
2953 4959 3321 5035 recondiderit
3354 4978 3406 5029 in
3435 4989 3497 5028 ea
3523 4971 3641 5026 civi-

2066 5058 2176 5104 ίθῑο
2207 5066 2370 5118 (illam
2417 5061 2812 5132 aediﬁcaverat,
2846 5070 2988 5123 etin
3029 5084 3134 5138 qua
3165 5066 3465 5122 habitabat.
3503 5059 3639 5115 Unde

2081 5164 2122 5194 ⁸⁷
2161 5165 2183 5218 Ι
2211 5165 2340 5224 Cor.
2371 5187 2466 5242 xv,
2499 5177 2593 5244 ‘23,
2619 5179 2715 5235 24.
2790 5183 2836 5214 ⁸⁸
2863 5182 3062 5236 Matth.
3094 5195 3209 5245 vni,
3245 5178 3331 5231 ii.

2063 5313 2082 5345 ι
2109 5307 2298 5360 00min
2343 5311 2510 5369 imus.
2538 5335 2556 5367 ι

2140 5366 2256 5433 (Η)
2291 5325 2431 5433 (ἓωι.
2465 5387 2556 5433 sm

2066 5366 2264 5500 8631:),
2291 5366 2442 5436 Cod.
2465 5366 2778 5458 seligere,
2809 5407 2828 5440 ι
2848 5387 3106 5458 pigebit.»
3143 5380 3289 5437 Libb.
3319 5383 3478 5440 editi.
3524 5390 3541 5420 ι
3570 5371 3641 5438 pi-

2151 5509 2203 5578 (1
2215 5514 2271 5584 5)
2294 5517 2456 5582 Unus
2479 5527 2843 5593 Ebroiecnsis,
2873 5542 2892 5577 ι
2910 5523 3156 5580 extribus
3173 5515 3314 5574 orbis
3338 5514 3628 5582 partibus.)
