3806 6254
202 316 293 371 955

1134 300 1196 353 IN
1234 297 1484 353 LIBRUM
1511 296 1672 353 IESU
1711 294 1895 349 NAVE
1929 293 2205 348 HOMILIA
2234 296 2415 349 XXVI.

3216 295 3317 351 916

202 428 353 479 denuo
381 428 431 474 et
457 415 607 473 nonis
630 413 908 481 repetenda
938 412 1199 480 expositio
1230 420 1328 475 est,
1352 417 1405 463 et
1429 410 1565 476 quod
1596 408 1689 460 ad-
1715 412 1757 466 Λ
1786 407 1912 473 petit
1935 406 2086 462 Iesus
2116 407 2225 476 (ει)
2272 416 2324 459 et
2374 407 2603 474 accepit;
2646 408 2697 462 in
2746 409 2862 464 loco
2900 424 3057 477 quem
3086 412 3320 480 posside;

198 514 370 581 lectum
414 514 491 559 est
519 502 926 570 explanandnm,
977 508 1035 552 ut
1079 500 1185 553 Deo
1229 498 1456 551 donante
1503 510 1692 550 sensus

201 597 460 662 Scriptura
484 593 683 657 integer
700 588 999 655 expleatur.
1035 587 1271 640 Diximus
1292 586 1432 640 enim
1459 586 1512 637 in
1539 599 1692 652 supe-

135 663 145 677 ‘
199 681 424 742 rioribus,
475 678 593 744 quia
642 686 699 728 et
727 675 982 729 Dominus
1030 682 1210 728 noster
1254 672 1407 727 Iesus
1449 670 1691 726 Christus

198 767 296 835 (i6)
324 774 457 833 petat
486 779 516 816 a
547 763 697 817 nobis
745 763 921 816 locum
952 777 1108 832 quem
1137 762 1383 825 adiﬁcet,
1413 769 1467 815 et
1500 760 1553 814 in
1588 774 1693 828 quo

199 853 415 907 habitet:
461 860 514 905 et
545 851 666 919 quia
697 850 958 905 debemus
1005 849 1137 904 tales
1179 848 1332 911 eiiici,
1379 859 1482 902 tam
1512 847 1692 901 mundi

200 939 355 1003 corde,
389 946 488 991 tam
514 936 781 1005 simplices
829 925 1029 1000 mente,
1061 944 1166 989 tam
1194 937 1362 990 sancti
1394 949 1615 1003 corpore
1641 942 1695 989 et

197 1025 383 1089 spiritu,
406 1034 460 1078 ut
487 1031 541 1077 et
569 1024 619 1077 in
651 1024 826 1077 anima
856 1032 1103 1078 nostrum
1134 1023 1303 1077 lorum
1339 1023 1580 1092 dignetur
1606 1036 1694 1076 ac-

196 1111 372 1177 cipere,
400 1119 451 1163 et
474 1109 736 1165 aediﬁcare
766 1125 912 1173 eum,
940 1120 996 1165 et
1020 1110 1259 1164 habitare
1284 1110 1333 1162 in
1369 1124 1432 1162 eo
1458 1108 1588 1175 (l7).
1629 1108 1695 1162 Et

197 1197 273 1264 qui
296 1205 439 1264 putas
470 1206 595 1267 sunt
622 1201 673 1249 in
701 1199 845 1251 omni
872 1199 1069 1266 populo
1096 1201 1166 1251 ita
1199 1197 1544 1265 acceptabiles
1566 1195 1692 1258 Deo,

200 1282 279 1350 qui
308 1282 367 1335 ad
392 1283 490 1337 hoc
538 1283 659 1349 eligi
706 1285 849 1353 digni
883 1286 1041 1339 sunt?
1078 1288 1182 1338 Aut
1209 1286 1346 1338 forte
1378 1298 1477 1338 nec
1505 1281 1694 1350 singuli

200 1371 256 1422 ad
283 1371 374 1422 hoc
402 1384 623 1437 capaces
654 1385 778 1425 esse
820 1381 1067 1440 possunt,
1098 1372 1189 1426 sed
1225 1370 1501 1424 universus
1534 1384 1695 1437 popu-

197 1457 265 1509 lus
289 1466 336 1509 et
358 1466 540 1510 cuncta
583 1458 741 1511 simul
771 1458 1008 1514 Ecclesia
1038 1460 1127 1512 vix
1173 1474 1336 1527 capax
1366 1472 1481 1513 esse
1504 1465 1693 1526 potest,

195 1551 244 1594 ut
271 1545 472 1613 recipiat
500 1546 551 1598 in
581 1561 641 1602 se
669 1547 956 1602 Dominum
980 1548 1183 1614 Iesum,
1211 1558 1266 1602 et
1290 1547 1495 1602 habitet
1518 1548 1569 1600 in
1595 1548 1697 1601 ea?

198 1627 448 1682 Videamus
470 1645 596 1700 ergo
639 1633 761 1699 quis
788 1635 861 1688 sit
905 1635 1007 1688 iste
1037 1635 1202 1696 locus,
1246 1635 1298 1686 in
1327 1648 1432 1702 quo
1454 1634 1693 1688 habitare

198 1717 327 1771 debet
351 1716 495 1772 Iesus
525 1737 538 1771 :
576 1737 596 1769 ι
621 1720 675 1772 ln
708 1732 920 1784 monte,
968 1722 1140 1789 inquit
1162 1721 1228 1786 δ’,
1259 1720 1512 1788 Ephrem,
1536 1738 1553 1772 ι
1598 1721 1699 1775 hoc
1729 1710 1770 1764 Β

198 1815 265 1859 est
304 1805 350 1858 in
397 1816 570 1859 monte
606 1806 910 1861 frnctil'ero.
952 1808 1052 1874 Qui
1101 1817 1255 1874 putas
1293 1815 1418 1861 sunt
1458 1809 1520 1860 in
1549 1808 1701 1861 nobis

201 1901 376 1946 montes
406 1891 661 1947 fructiferi
694 1895 748 1948 in
779 1896 981 1963 quibus
1013 1896 1217 1949 habitet
1243 1894 1435 1949 Iesus?
1470 1893 1545 1948 illi
1576 1909 1701 1963 pro-

199 1978 314 2032 tecto
335 1979 381 2032 in
411 1979 599 2048 quibus
621 1989 746 2035 sunt
775 1982 986 2036 fructus
1017 1981 1255 2049 spiritus,
1283 1980 1551 2049 gaudium,
1577 1994 1699 2047 pax,

199 2066 443 2132 patientia,
474 2068 730 2132 charitas,
760 2082 873 2124 etc.
908 2069 999 2122 isti
1042 2083 1172 2138 ergo
1200 2076 1322 2121 sunt
1353 2075 1557 2121 montes
1590 2068 1702 2120 fru-

195 2153 364 2219 ctil'eri,
412 2157 498 2223 qui
530 2155 763 2208 fructum
809 2156 1011 2212 Christi
1060 2155 1304 2219 ati‘erunt,
1354 2167 1407 2208 et
1441 2164 1615 2208 mente
1640 2167 1702 2207 ac

196 2252 272 2304 spe
293 2253 486 2307 semper
508 2241 706 2296 excelsi
736 2252 892 2297 sunt.
932 2243 997 2296 Et
1034 2242 1156 2296 licet
1182 2242 1331 2309 pauci
1361 2255 1476 2295 esse
1501 2240 1702 2309 possint

198 2325 329 2390 tales,
362 2335 525 2382 tamen
571 2331 617 2383 si
643 2330 729 2384 vel
774 2332 943 2400 pauci
971 2329 1190 2394 iuerint,
1216 2331 1268 2383 in
1299 2329 1431 2396 ipsis
1458 2328 1700 2382 habitans

203 2412 424 2468 Dominus
446 2417 601 2481 Deus,
636 2420 725 2487 qui
759 2433 850 2473 εει
875 2420 964 2472 lux
986 2431 1134 2482 vera,
1161 2417 1366 2471 emittet
1395 2414 1505 2485 (I8)
1529 2414 1701 2468 radios

201 2498 314 2554 lucis
341 2515 441 2556 sua
470 2505 625 2558 etiam
659 2520 832 2575 super
877 2505 1109 2572 reliquos
1153 2517 1358 2566 omnes,
1405 2517 1539 2570 quos
1564 2515 1700 2554 non-

202 2586 306 2639 dum
329 2587 504 2656 dignos
533 2591 643 2663 (i9)
677 2609 775 2648 suo
809 2591 1116 2649 habitaculo
1157 2589 1519 2660 principaliter
1561 2587 1701 2656 judi-

205 2675 338 2728 carit.

256 2761 307 2815 2.
333 2762 472 2819 Nunc
503 2775 678 2821 autem
706 2769 986 2823 videamus
1013 2780 1129 2837 qua
1162 2772 1285 2819 sunt
1312 2762 1584 2817 machara
1612 2775 1701 2830 pe-

205 2847 354 2915 trina,
406 2852 590 2921 quibus
643 2853 988 2909 circumcidit
1029 2851 1182 2906 Iesus
1228 2849 1364 2902 lilios
1410 2847 1588 2901 lsrael.
1645 2848 1699 2902 Si

1796 496 1846 546 in
1870 495 2043 547 anima
2062 493 2213 561 justi,
2247 495 2299 548 in
2329 495 2443 561 ipso
2470 497 2709 550 recondit
2734 506 2788 551 et
2819 500 3133 559 macharas.
3165 499 3317 568 Sapo

1795 582 2122 635 ostendimus
2172 582 2490 636 macharam
2540 584 2758 638 verbum
2806 585 2899 639 Dei
2947 588 3168 652 dictum,
3217 604 3320 655 quo

1795 670 1957 721 verbo
1981 668 2366 722 abscinduntur
2392 677 2444 722 et
2477 677 2765 737 purgantur
2790 679 3005 737 peccata
3037 670 3103 724 de
3128 672 3320 725 animis

1796 755 2138 807 audientium.
2181 753 2300 808 Hac
2345 768 2475 823 ergo
2507 755 2677 809 virtus
2705 756 2852 811 verbi
2886 756 3047 809 divini
3080 760 3320 811 recondi-

1796 851 1882 895 tur
1911 843 1963 896 in
1994 856 2058 896 eo
2107 842 2223 897 loco
2246 844 2331 897 cui
2360 843 2515 898 datur
2562 857 2735 898 sermo
2765 844 3001 899 scientia
3049 854 3101 900 et
3144 861 3320 901 sermo

1795 932 2088 1000 sapientia,
2123 941 2181 986 ut
2209 940 2508 1001 opportuno
2561 941 2796 1003 tempore
2842 935 3018 988 anima
3064 934 3149 990 illa
3199 951 3320 1005 qua

1796 1035 1888 1089 per
1936 1023 2134 1074 donum
2183 1021 2405 1089 spiritus
2454 1022 2653 1089 repleta
2699 1032 2782 1076 est
2814 1025 2980 1078 verbo
3024 1026 3316 1093 sapientiae,

1795 1110 1955 1162 verbo
2001 1109 2258 1173 scientia,
2304 1110 2542 1177 proferat
2567 1111 2694 1165 istas
2723 1112 3015 1167 macharas
3057 1113 3109 1167 in
3139 1113 3318 1168 Eccle-

1796 1195 1897 1258 sia,
1928 1206 1983 1249 et
2032 1196 2383 1250 circumcidat
2428 1198 2659 1253 secundo
2685 1197 2794 1271 (22)
2839 1214 2931 1254 eos
2974 1201 3061 1269 qui
3087 1204 3318 1256 secunda

1797 1285 2039 1354 indigent
2072 1285 2497 1340 circumcisione.
2538 1285 2686 1352 Quod
2730 1298 2905 1341 autem
2933 1289 3060 1344 dicit
3086 1291 3319 1357 petrinas

1798 1374 2108 1436 machaeras,
2141 1373 2241 1427 hoc
2267 1381 2369 1438 est,
2418 1387 2449 1427 e
2473 1388 2600 1428 saxo
2639 1374 2857 1439 cultros,
2893 1386 2945 1430 et
2978 1392 3080 1431 non
3119 1392 3151 1431 e
3181 1377 3320 1432 l‘erro
3385 1421 3390 1424 .

1797 1458 2013 1513 artiﬁcis
2036 1473 2203 1527 opera
2260 1460 2544 1515 fabricatos
2578 1475 2593 1514 :
2626 1461 2752 1514 illud
2776 1464 3008 1517 ostendit
3034 1465 3173 1532 quod
3205 1480 3322 1519 ser-

1798 1561 1884 1601 mo
1912 1546 2000 1600 hic
2027 1545 2116 1599 Dei
2147 1545 2235 1613 qui
2270 1547 2652 1603 circumcidere
2681 1549 2746 1603 de
2780 1549 2973 1605 animis
3017 1551 3319 1605 auditorum

1799 1632 2158 1687 immunditias
2200 1641 2394 1700 potest,
2439 1649 2540 1688 non
2574 1645 2655 1691 est
2695 1651 2762 1691 ex
2806 1646 2925 1692 arte
2972 1642 3320 1707 grammatica

1799 1723 1878 1776 vel
1908 1723 2172 1777 rhetorica
2201 1723 2442 1788 veniens,
2472 1739 2642 1792 neque
2666 1729 2941 1787 doctorum
2964 1731 3168 1786 malleis
3193 1735 3322 1788 edo-

1799 1809 1979 1872 mitus,
2007 1818 2100 1862 aut
2130 1808 2424 1864 studiorum
2480 1811 2757 1869 incudibus
2795 1815 3040 1871 elimatus
3064 1817 3196 1888 (25),
3227 1821 3321 1875 sed

1797 1912 1862 1952 ex
1888 1897 1975 1951 illa
2006 1904 2151 1966 petra
2185 1896 2535 1964 descendens,
2577 1914 2692 1967 qua
2722 1901 2786 1955 de
2810 1912 2987 1959 monte
3012 1906 3126 1959 sine
3153 1909 3323 1961 mani-

1798 1987 1899 2040 bus
1922 1987 2155 2040 abscissa
2189 1995 2293 2048 est,
2322 1996 2376 2037 et
2419 1991 2602 2040 orbem
2637 1997 2790 2043 terra
2819 1993 3123 2060 complevit,
3143 2010 3205 2051 ac
3234 1998 3324 2055 do-

1799 2089 1864 2127 na
1905 2073 2164 2141 spiritalia
2213 2071 2552 2128 credentibus
2593 2075 2795 2130 tribuit.
2851 2077 2981 2134 Post
3026 2081 3139 2137 hac
3168 2081 3324 2139 Iesus

1797 2173 2060 2218 convocat
2104 2163 2239 2217 ﬁlios
2271 2163 2452 2226 [iuben
2503 2172 2559 2216 et
2611 2164 2746 2220 ﬁlios
2771 2165 2904 2232 Gad,
2953 2177 3008 2224 et
3051 2171 3323 2227 dimidiam

1801 2252 1997 2306 tribum
2026 2251 2292 2317 Manasse,
2335 2254 2425 2322 qui
2454 2266 2635 2307 secum
2664 2252 3025 2310 militaverunt
3049 2259 3115 2312 ad
3142 2260 3324 2315 hostes

1797 2338 2118 2395 israeliticos
2143 2341 2471 2409 superandos
2502 2353 2518 2391 :
2554 2348 2607 2393 et
2635 2340 2851 2394 dimittit
2886 2356 2980 2398 eos
3003 2344 3069 2397 ad
3096 2345 3322 2402 haeredi—

1728 2482 1731 2487 _
1799 2435 1958 2483 tatem
1989 2443 2165 2493 suam,
2199 2429 2339 2483 datis
2381 2430 2448 2484 iis
2469 2428 2629 2482 etiam
2655 2430 2962 2485 muneribus
2984 2432 3321 2501 quibusdam,

1798 2517 1933 2570 sicut
1969 2518 2221 2586 scriptum
2264 2525 2363 2570 est.
2426 2516 2482 2569 in
2523 2530 2627 2585 quo
2668 2517 2873 2571 videtur
2918 2518 3045 2573 illud
3088 2520 3325 2576 indicare

1799 2605 2131 2674 mysterium,
2181 2605 2322 2672 quod
2353 2619 2474 2658 cum
2526 2604 2797 2672 plenitudo
2835 2608 3067 2675 gentium
3110 2609 3327 2665 introie-

1801 2695 1887 2755 rit,
1921 2703 1975 2747 et
2002 2707 2119 2760 qua
2146 2693 2464 2762 repromissa
2491 2700 2613 2746 sunt
2639 2695 2717 2748 eis
2742 2708 2771 2747 a
2800 2695 3022 2750 Domino
3048 2693 3172 2752 Iesu
3202 2712 3326 2766 per--

1799 2783 2037 2850 ceperint
2079 2780 2151 2835 illi
2200 2782 2293 2850 qui
2342 2797 2441 2851 per
2473 2782 2686 2854 Moysen
2730 2785 2926 2847 eruditi
2976 2792 3031 2838 et
3076 2785 3324 2841 instructi

1799 2872 2030 2935 fuerant,
2079 2880 2133 2924 et
2163 2871 2254 2938 qui
2300 2869 2453 2924 nobis
2487 2870 2540 2923 in
2579 2873 2866 2929 certamine
2908 2873 3094 2941 positis
3131 2874 3325 2928 auxilia

207 2938 346 2992 oretis
372 2953 462 3008 pro
489 2944 641 2998 nobis
688 2953 747 2997 ut
773 2956 958 2997 sermo
989 2950 1171 2996 noster
1200 2940 1380 2993 vivens
1412 2938 1482 2991 sit
1507 2944 1562 2992 et
1588 2935 1699 2991 επὶ-ι

207 3024 361 3047 .ι--2-..
431 3036 470 3047 ,ι
510 3044 527 3047 ᾼ
551 3033 646 3047 4η-.
796 3046 801 3047 ,
858 3045 906 3047 __
957 3042 1155 3047 _‘_‘-_-
1206 3026 1517 3047 μ--ι-....,....
1572 3038 1678 3047 .......

1810 2958 2138 3014 orationibus
2168 2935 2224 3013 et
2270 2958 2516 3028 precibus
2553 2958 2877 3027 detulerunt,
2908 2935 3048 3028 quia
3094 2963 3326 3017 nondum

204 3024 379 3092 cacior,
424 3036 475 3082 et
506 3033 715 3087 acutior
742 3045 909 3100 super
949 3042 1159 3083 omnem
1206 3026 1542 3090 macharam,
1572 3038 1707 3092 pra—

206 3113 348 3168 stabit
371 3125 422 3170 et
452 3118 603 3172 nobis
630 3120 893 3174 Dominus
909 3116 1091 3181 'Iesus,
1124 3124 1183 3167 ut
1203 3114 1420 3167 verbum
1448 3112 1542 3166 Dei
1567 3109 1708 3178 quod

206 3197 444 3266 lmillimul'
472 3205 581 3275 (20)
611 3206 677 3260 ad
706 3222 831 3272 vos,
862 3203 1208 3259 circumcidat
1243 3215 1450 3254 omnem
1475 3200 1708 3253 immun-

206 3286 385 3353 ditiam,
408 3303 609 3347 resecet
626 3293 992 3362 impuritates,
1013 3289 1290 3345 abscindat
1316 3288 1442 3342 vitia
1468 3287 1533 3340 de
1558 3286 1709 3339 audi-

206 3375 400 3441 toribus,
450 3388 502 3433 et
528 3390 771 3448 amputet
794 3394 950 3435 omne
979 3393 1086 3445 quo
1124 3376 1206 3430 vis
1232 3377 1422 3429 mentis
1453 3382 1506 3428 et
1532 3372 1710 3428 effica-

206 3464 273 3515 cia
299 3467 540 3523 naturalis
566 3470 883 3538 obtegitur:
907 3476 961 3521 et
986 3467 1062 3521 sic
1085 3479 1177 3533 per
1206 3465 1424 3517 verbum
1452 3462 1547 3517 Dei
1572 3462 1713 3531 quod

207 3567 327 3608 nunc
358 3558 606 3610 machara
631 3559 844 3625 petrina
874 3555 1083 3618 dicitur,
1109 3551 1271 3622 456
1297 3550 1713 3604 circumcidemi-

208 3640 254 3692 ui
282 3653 330 3695 et
353 3658 441 3698 vos
488 3646 555 3701 ab
578 3645 709 3703 Iesu
760 3654 814 3702 et
844 3643 1092 3707 audietis,
1117 3642 1239 3709 quia
1267 3639 1485 3695 abstulit
1515 3652 1710 3707 oppro-

208 3723 359 3780 brium
387 3729 595 3800 Aigypti
621 3746 654 3787 a
682 3733 838 3786 vobis
869 3730 1046 3784 hodie.
1082 3726 1218 3793 Quid
1238 3727 1379 3780 enim
1403 3724 1553 3779 nobis
1584 3722 1708 3792 pro-

209 3813 309 3868 dest
352 3820 519 3874 exisse
588 3820 658 3875 de
706 3820 957 3889 Egypto,
1017 3825 1070 3870 et
1110 3815 1383 3869 nobiscum
1432 3812 1710 3881 opprobria

212 3899 401 3971 Egypti
432 3907 819 3963 circumferre?
872 3904 1008 3974 Quid
1054 3904 1270 3971 prodest
1316 3902 1591 3955 ambulare
1619 3915 1712 3969 per

207 4002 440 4057 eremum,
486 3994 586 4049 hoc
615 4008 724 4063 est,
753 3994 880 4063 quid
915 4007 1013 4046 nos
1047 3990 1197 4059 juvat
1227 3991 1280 4043 in
1322 3988 1581 4057 baptismo
1615 4002 1713 4042 sa—

209 4077 311 4131 equ
353 4083 698 4148 renuntiasse,
750 4091 806 4138 et
855 4096 1062 4136 morum
1112 4087 1413 4133 nostrorum
1462 4078 1712 4146 pristinas

207 4164 376 4220 sordes
404 4182 465 4222 ac
492 4170 740 4224 vitiorum
785 4167 1077 4223 carnalium
1116 4164 1480 4219 immunditias
1511 4165 1710 4218 retine-

1808 3052 2241 3121 repromissiones
2307 3050 2579 3127 consecuti
2640 3060 2784 3117 sunt,
2847 3060 3212 3120 exspectantes
3270 3058 3328 3105 ut

1807 3141 1967 3194 etiam
1993 3140 2198 3194 vacatio
2236 3150 2413 3196 nostra
2459 3141 2838 3208 compleretur,
2868 3142 3008 3196 sicut
3035 3141 3163 3195 dicit
3186 3140 3328 3209 Apo-

1809 3229 1972 3283 stolus
1991 3230 2058 3294 '°,
2089 3244 2228 3284 nunc
2256 3231 2467 3285 demum
2505 3231 2878 3300 perfectionem
2914 3245 3029 3298 quae
3056 3231 3121 3284 ab
3146 3230 3223 3283 eis
3250 3229 3330 3281 di-

1809 3318 1913 3371 lata
1957 3317 2153 3382 fuerat,
2222 3327 2619 3388 consequantur
2677 3334 2797 3374 cum
2851 3318 3159 3374 muneribus
3210 3332 3329 3387 qua

1808 3408 2075 3475 accipiunt
2099 3409 2167 3461 ab
2192 3406 2337 3472 Iesu,
2366 3418 2423 3463 ut
2465 3410 2834 3478 unusquisque
2862 3408 3069 3462 habitet
3098 3408 3150 3461 in
3178 3421 3326 3474 pace,

1808 3497 1949 3549 omni
1980 3496 2117 3550 bello
2152 3506 2311 3565 atque
2338 3497 2480 3551 omni
2513 3497 2909 3566 impugnatione
2941 3503 3201 3550 cessante.

1877 3619 1930 3672 5.
1972 3619 2236 3674 Posthac
2277 3620 2468 3675 lectum
2499 3628 2582 3675 est
2612 3619 2786 3684 nobis,
2826 3618 2946 3687 quia
2990 3616 3080 3671 filii
3114 3615 3328 3679 Ruben,

1808 3716 1862 3760 et
1884 3706 1975 3760 lilii
2012 3707 2146 3770 Gad,
2174 3717 2230 3761 et
2280 3708 2497 3761 dimidia
2542 3707 2716 3762 tribus
2760 3707 3004 3759 Manasse
3043 3705 3132 3772 qui
3175 3714 3330 3759 erant

1811 3805 1955 3850 trans
1977 3796 2282 3862 Iordanem,
2316 3796 2667 3851 adiﬁcassent
2702 3810 2853 3849 aram
2890 3795 3152 3862 ingentem
3183 3810 3198 3846 :
3232 3792 3327 3845 ﬁlii
3358 3796 3364 3802 '

1810 3899 1933 3939 vero
1948 3885 2106 3940 lsrael
2137 3884 2321 3954 reliqui
2346 3884 2673 3952 ignorantes,
2699 3896 2864 3951 quare
2893 3882 3007 3935 haec
3024 3896 3114 3933 ara
3142 3880 3331 3933 fuisset

1810 3984 2073 4033 exstructa
2084 4014 2099 4039 ,
2111 3972 2577 4028 mittuntPhineem
2592 3971 2754 4024 lilium
2769 3970 3006 4024 Eleazari
3024 3969 3115 4023 iilii
3132 3970 3328 4031 Aaron,

1810 4082 1930 4121 cum
1956 4066 2140 4118 decem
2166 4062 2299 4116 viris
2347 4061 2412 4114 de
2454 4058 2676 4127 singulis
2709 4058 2950 4112 tribubus
2996 4056 3185 4111 electis
3224 4073 3240 4109 :
3282 4057 3330 4110 si

1811 4157 1950 4211 forte
1977 4162 2222 4218 tanquam
2253 4148 2588 4202 discedentes
2618 4160 2647 4198 a
2678 4145 2785 4200 Deo
2812 4145 2912 4199 hoc
2942 4144 3215 4206 fecissent,
3243 4145 3329 4199 vel

210 4252 295 4303 re?
320 4252 535 4321 Oportet
565 4274 698 4327 ergo
744 4267 864 4326 post
904 4253 1283 4323 digressionem
1313 4251 1476 4318 Rubri
1525 4253 1709 4315 maris,
1744 4275 1787 4329 ι)
1814 4239 2087 4312 apostatici
2118 4237 2294 4290 eii‘ecti
2328 4235 2460 4303 (24),
2487 4241 2541 4288 et
2566 4241 2765 4329 contra.
2788 4232 3092 4329 mandatum
3124 4232 3215 4329 Dei
3243 4246 3334 4329 ge-

211 4332 256 4386 id
278 4347 367 4399 est.
394 4351 509 4406 post
538 4345 766 4411 gratiam
786 4339 1056 4408 baptismi,
1086 4337 1284 4392 auferri
1314 4351 1342 4389 a
1378 4337 1529 4391 nobis
1553 4337 1711 4390 etiam

211 4432 422 4485 carnalia
442 4435 641 4489 veteris
671 4431 1065 4489 consuetudinis
1085 4428 1210 4482 vitia
1238 4441 1332 4496 per
1360 4425 1536 4480 Iesum
1563 4426 1714 4481 Chri-

207 4528 232 4566 s
252 4531 331 4569 um
357 4518 638 4576 Dominum
673 4531 927 4584 nostrum,
955 4526 1013 4572 ut
1056 4518 1124 4570 ita
1151 4516 1365 4569 demum
1388 4512 1717 4583 Egyptiacis

207 4617 372 4659 carere
418 4610 691 4677 possimus
734 4609 1052 4679 opprobriis.
1114 4605 1394 4659 Ponuntur
1438 4616 1566 4671 ergo
1614 4604 1716 4658 illa

208 4687 321 4757 ipsa
346 4697 627 4752 machara
673 4699 910 4768 petrina,
963 4702 1016 4748 et
1058 4693 1213 4747 cultri
1260 4691 1469 4758 lapidei,
1519 4692 1714 4759 quibus

206 4783 420 4838 secundo
443 4786 751 4841 circumcisi
778 4799 961 4842 sumus
989 4784 1056 4837 ab
1081 4781 1226 4846 Iesu,
1258 4780 1309 4833 in
1333 4794 1397 4834 eo
1419 4780 1534 4835 loco
1554 4795 1709 4848 quem

256 4865 426 4925 “Ios.
494 4888 613 4937 xu,
660 4875 747 4930 50.
817 4874 865 4907 ⁸⁰
905 4872 1068 4926 Hebr.
1112 4888 1169 4926 ιι.

243 4959 371 5033 ,(16)
401 4962 664 5033 Christus.
694 4967 851 5019 Deest
872 4940 940 5017 in.
955 4963 1082 5017 libb.
1113 4971 1269 5017 antea
1297 4960 1477 5025 editis,
1511 4962 1604 5014 sed
1633 4960 1709 5014 le-

210 5031 539 5102 gitur_in_ms.
567 5031 846 5102 Sangerm.

273 5093 374 5160 (Π)
401 5096 605 5152 Omnes
631 5093 757 5155 mss.
790 5118 810 5150 ς
854 5098 1116 5152 aediﬁcare
1151 5111 1269 5149 eum
1293 5101 1347 5148 et
1386 5094 1629 5148 habitare
1659 5096 1711 5147 in

212 5172 287 5212 eo.
316 5180 335 5212 ι
361 5163 513 5217 Libb.
545 5167 700 5233 editi,
732 5184 752 5218 ι
782 5165 1047 5220 aediﬁcare
1096 5163 1234 5217 illam
1273 5172 1328 5216 et
1374 5162 1613 5215 habitare
1660 5163 1712 5214 in

212 5237 379 5376 υἱῲ)
410 5298 609 5376 λίξοάοι
647 5300 922 5370 Sangerm.
968 5315 987 5347 ‹
1020 5298 1241 5354 emittet.
1283 5313 1302 5346 ι
1354 5294 1511 5347 Libb.
1549 5293 1709 5359 editi,

221 5375 238 5409 ι
263 5372 961 5505 ri'l'gf‘tininesmanuscripti
987 5449 1006 5484 ς
1039 5430 1261 5485 nondum
1288 5427 1494 5495 dignos.
1521 5445 1538 5479 ι
1557 5427 1717 5484 Libb.

218 5496 405 5563 editi,'c
438 5517 545 5556 non
582 5502 784 5569 dignos.
814 5518 833 5550 ι

1819 4340 2014 4395 rentes,
2043 4334 2479 4395 expugnarentur
2512 4338 2542 4376 a
2575 4323 2799 4390 reliquis
2848 4321 2973 4375 liliis
3014 4319 3213 4389 lsrael;
3250 4322 3333 4374 sin

1817 4420 1993 4482 aliter,
2027 4420 2737 4485 utcognoscerentcausatn.
2792 4409 2896 4464 Alii
2939 4423 3066 4464 vero
3118 4408 3336 4463 satisfa-

1815 4508 1961 4563 ciunt
1989 4504 2056 4559 de
2077 4518 2191 4566 ara,
2215 4511 2269 4556 et
2291 4502 2472 4554 dicunt
2503 4517 2518 4553 :
2596 4499 2803 4555 Scimus
2818 4500 2941 4569 quia
2963 4500 3128 4553 altare
3151 4513 3333 4552 verum

1814 4605 1896 4651 est
1926 4596 2062 4663 apud
2091 4606 2208 4654 vos,
2235 4589 2323 4644 ubi
2353 4586 2507 4642 Iesus
2532 4587 2761 4651 habitat;
2797 4602 2892 4641 nos
2913 4597 3090 4641 autem
3112 4587 3336 4641 fecimus

1815 4688 1917 4740 hoc
1956 4684 2120 4737 altare
2135 4682 2200 4734 ad
2223 4679 2621 4732 similitudinem
2645 4676 2787 4730 illius
2804 4676 3012 4742 altaris,
3037 4675 3177 4742 quod
3197 4674 3336 4741 apud

1817 4791 1912 4832 vos
1937 4779 2264 4829 exstructum
2294 4777 2395 4835 est,
2428 4776 2488 4822 ut
2511 4776 2566 4821 et
2596 4767 2734 4835 apud
2764 4779 2860 4819 nos
2893 4764 3059 4833 ﬁgura
3087 4772 3143 4817 et
3160 4764 3336 4829 imago

1887 4953 2004 5038 .(20)
2034 4952 2229 5009 Omnes
2271 4965 2397 5006 mss.
2430 4967 2448 5001 α
2479 4948 2763 5003 loquimur.
2794 4967 2813 5001 ι
2843 4945 2997 5000 Libb.
3023 4941 3171 5004 editi,
3202 4956 3223 4992 ι
3254 4940 3338 4993 io-

1812 5035 2194 5162 qugigjzsus.
2237 5088 2388 5162 Deest
2416 5086 2477 5162 in
2531 5082 2659 5139 libb.
2687 5081 2865 5145 editis,
2903 5076 2997 5131 sed
3037 5071 3233 5140 legitur
3276 5071 3338 5122 in

1812 5154 2061 5216 omnibus
2090 5154 2479 5224 manuscriptis.
2546 5217 2565 5224 _
2589 5217 2620 5224 __
2644 5216 2655 5224 _

2498 5237 2517 5270 ι
2544 5216 2693 5271 Libb.
2738 5211 2885 5281 editi,
2914 5224 2935 5256 ι
2966 5200 3340 5281 secundum.)

1884 5226 1972 5281 (22
2024 5226 2145 5276 Mss.
2178 5241 2195 5271 ι
2227 5226 2471 5273 secundo.
2498 5237 2517 5270 ι
2544 5226 2693 5271 Libb.
2738 5226 2885 5270 eam,
2914 5226 2935 5256 α
2966 5226 3285 5275 sect-uuam.
3316 5226 3340 5249 .

1882 5226 1993 5363 vel
2014 5287 2493 5363 οοάεξβιιιιεετιηε
2528 5303 2546 5334 ι
2578 5293 2668 5360 ae
2691 5263 3349 5363 haeri£9.r}::'.:.?.?.£".tli:':

1821 5329 2672 5431 elinmitti:ijnus'ﬁbroicensis
2701 5362 2721 5393 ι
2753 5351 2842 5395 aut
2879 5334 3181 5392 studiorum
3207 5329 3349 5378 cuti-

1823 5432 2014 5564 ὺυῑξί)
2034 5490 2178 5545 Unus
2202 5490 2363 5543 codex
2397 5483 2606 5541 Ebroic.
2643 5495 2664 5528 ι
2690 5475 2769 5528 vel
2806 5470 3075 5540 apostata
3096 5456 3303 5513 eﬂecti.
3338 5473 3366 5505 ι
