3806 6212
415 340 512 396 947

421 451 530 506 veri
578 445 766 500 altaris
811 442 1091 504 habeatur,
1147 451 1214 492 ne
1255 438 1392 489 forte
1441 431 1698 494 crastino,
1757 429 1768 480 i

426 541 631 610 placeat
662 533 813 587 vobis
846 532 1046 592 dicere,
1094 529 1219 596 quia
1264 523 1512 579 Jordanis
1567 521 1822 574 ﬁnitimus
1866 526 1948 570 est

428 608 569 683 inter
608 639 705 679 nos
745 631 799 676 et
839 635 954 683 vos,
989 628 1041 673 et
1079 618 1190 684 ipse
1223 613 1544 669 determinat
1585 617 1640 664 et
1689 608 1807 661 ideo
1843 619 1948 659 non

427 714 637 770 habetis
669 712 969 780 portionem
1019 708 1072 760 in
1127 704 1281 758 altari
1322 711 1528 756 nostro.
1607 697 1729 750 llaec
1758 696 1831 748 illi
1866 709 1952 746 re-

427 815 617 870 sponsa
641 801 920 853 miserunt.
951 795 1055 848 Sed
1077 793 1351 847 videamus
1372 803 1468 842 nos
1489 785 1615 856 quid
1649 783 1772 837 lacti
1793 781 1952 870 hujus

428 887 698 944 contineat
745 890 1158 938 sacramentum.
1222 876 1380 931 Prior
1422 873 1643 942 populus
1673 869 1953 924 circumci-

429 977 660 1034 sionisin
688 974 874 1028 Ruben
895 972 986 1042 qui
1012 971 1184 1024 fuerat
1202 963 1602 1036 primogenitus,
1621 960 1950 1028 designatur;

431 1068 523 1121 sed
543 1075 595 1120 et
625 1065 678 1117 in
708 1062 843 1124 Gad,
866 1061 953 1129 qui
981 1069 1035 1112 et
1071 1059 1182 1126 ipse
1207 1053 1590 1124 primogenitus
1609 1061 1692 1104 est
1727 1063 1791 1102 ex
1834 1045 1953 1113 Lia,

430 1165 483 1209 et
524 1153 766 1206 Manasse
791 1148 1137 1203 nihilominus
1161 1142 1569 1215 primogenitus.
1602 1139 1751 1205 Quod
1776 1146 1953 1189 autem

430 1243 549 1296 dico
581 1238 983 1309 primogenitos,
1009 1233 1300 1289 secundum
1344 1241 1553 1300 tempus
1581 1229 1787 1296 loquor.
1833 1224 1957 1278 Haec

434 1344 559 1400 ergo
583 1330 854 1391 dicuntur,
881 1339 949 1380 ne
973 1326 1113 1379 inter
1151 1338 1248 1378 nos
1265 1333 1318 1376 et
1344 1321 1462 1375 illos
1482 1320 1572 1388 qui
1597 1328 1720 1372 ante
1753 1316 1949 1369 adven-

437 1430 545 1470 tum
574 1416 771 1472 Christi
799 1414 1016 1468 fuerunt
1034 1411 1182 1481 justi,
1202 1408 1392 1464 divisio
1415 1408 1588 1475 aliqua
1604 1421 1665 1460 ac
1690 1403 1959 1472 separatio

434 1506 704 1560 videretur
730 1521 745 1558 :
768 1502 861 1558 sed
902 1511 962 1556 ut
990 1499 1332 1555 ostenderent
1373 1511 1431 1551 se
1467 1494 1676 1550 etiamsi
1710 1503 1831 1547 ante
1863 1492 1960 1544 ad-

435 1603 652 1647 ventum
666 1591 866 1647 Christi
900 1590 1133 1656 fuerant,
1164 1587 1355 1642 fratres
1386 1596 1561 1639 tamen
1587 1591 1798 1636 nostros
1819 1593 1957 1634 esse.

441 1679 588 1733 Licet
611 1678 753 1732 enim
793 1677 1083 1732 habuerint
1121 1675 1289 1729 altare
1324 1684 1451 1727 tunc
1498 1681 1622 1725 ante
1671 1671 1957 1723 adventum

441 1760 734 1814 Salvatoris
777 1759 968 1823 nostri,
1014 1757 1254 1812 sciebant
1300 1763 1474 1809 tamen
1525 1763 1580 1808 et
1638 1753 1959 1815 sentiebant,

443 1850 568 1916 quia
609 1864 711 1902 non
747 1859 891 1904 esset
922 1848 1046 1902 illud
1067 1847 1234 1900 altare
1270 1859 1476 1908 verum,
1519 1844 1611 1897 sed
1639 1843 1760 1911 quia
1792 1843 1966 1896 forma

448 1947 500 1989 et
529 1936 693 2005 ﬁgura
726 1945 840 1990 erat
861 1935 1023 1988 futuri
1053 1944 1105 1989 et
1139 1934 1253 1988 veri
1283 1931 1440 2000 hujus
1465 1930 1672 1984 altaris.
1695 1928 1968 1983 Noverant

446 2023 522 2076 illi
553 2023 684 2088 haec,
726 2025 846 2091 quia
875 2038 1008 2077 verae
1033 2022 1239 2088 hostia,
1268 2030 1321 2075 et
1345 2034 1462 2088 qum
1499 2027 1718 2087 possent
1755 2017 1969 2072 auferre

452 2122 687 2180 peccata,
714 2127 820 2166 non
853 2113 908 2165 in
934 2111 1022 2166 illo
1047 2110 1201 2166 altari
1227 2109 1603 2171 oll'erebantur,
1635 2110 1774 2175 quod
1810 2109 1971 2162 habe-

449 2204 539 2256 hat
572 2201 952 2270 primogenitus
993 2200 1237 2268 populus,
1275 2199 1368 2252 sed
1397 2198 1448 2250 in
1480 2197 1581 2250 isto
1613 2197 1700 2249 ubi
1733 2204 1849 2249 erat
1879 2195 1971 2250 Je-

449 2305 564 2356 sus,
587 2291 674 2344 hic
694 2290 934 2344 caelestes
960 2289 1167 2353 hostiae,
1194 2289 1280 2343 hic
1301 2302 1421 2342 vera
1448 2286 1707 2341 sacriﬁcia
1729 2299 1974 2340 consum-

451 2389 681 2433 mantur.
734 2379 820 2433 Fit
849 2394 976 2448 ergo
1018 2393 1155 2432 unus
1193 2392 1320 2444 grex
1368 2385 1423 2429 et
1469 2390 1605 2430 unus
1657 2384 1856 2444 pastor.
1897 2374 1974 2428 illi

452 2470 658 2536 priores
680 2468 831 2536 justi,
863 2479 917 2523 et
936 2469 1023 2536 qui
1053 2485 1194 2523 nunc
1221 2476 1341 2522 sunt
1373 2466 1680 2522 Christiani.
1715 2465 1847 2520 Volo
1875 2482 1974 2520 au-

453 2567 560 2610 tem
582 2556 648 2607 ad
676 2555 862 2609 horum
893 2557 1253 2624 probationem
1279 2552 1588 2607 memoriam
1611 2553 1786 2609 facere
1817 2553 1978 2608 etiam

453 2646 690 2701 historia:
711 2645 1001 2712 cujusdam,
1023 2646 1069 2699 si
1093 2655 1267 2700 tamen
1296 2646 1551 2701 Dominus
1577 2647 1772 2700 donare
1799 2645 1979 2712 digne-

460 2741 565 2794 tur,
602 2739 662 2784 ut
705 2731 1126 2799 explanationem
1172 2732 1340 2800 ipsius
1396 2732 1690 2800 spiritalem
1739 2732 1981 2786 invenire

1781 315 1872 370 EX
1906 307 2198 368 ORIGENE
3551 282 3636 336 948

2049 603 2329 663 ceperunt,
2357 601 2414 646 et
2452 592 2604 645 inter
2635 599 2740 641 eos
2769 581 2871 650 qui
2918 591 3042 632 non
3077 574 3272 629 solum
3308 585 3409 624 non
3435 583 3645 636 suscepe-

2052 659 2196 750 runt,
2232 685 2326 738 sed
2351 678 2688 746 semetipsos
2717 670 2909 738 magis
2935 679 3123 736 quam
3158 661 3316 716 illum
3355 659 3643 720 occiderunt,

2053 745 2296 828 dicentes
2329 786 2344 822 :
2382 785 2404 819 ι
2441 745 2687 833 Sanguis
2724 761 2891 813 illius
2920 767 3110 822 super
3142 764 3253 804 nos
3289 757 3339 803 et
3370 760 3514 815 super
3537 745 3648 800 ﬁlios

2052 872 2269 917 nostros
2301 860 2371 912 ³¹.
2407 875 2427 910 s
2475 854 2637 910 Unde
2677 858 2738 905 et
2781 864 2803 899 ι
2861 843 3071 900 omnis
3117 837 3349 909 sanguis
3383 836 3543 904 justus
3577 837 3648 906 qui

2055 952 2263 1008 effusus
2289 956 2377 1002 est
2402 958 2568 1015 super
2603 949 2822 994 terram
2850 951 2885 988 a
2916 929 3223 1000 sanguine
3261 926 3393 982 Abel
3428 925 3544 994 justi
3584 941 3650 979 us-

2055 1055 2161 1110 que
2187 1039 2256 1093 ad
2292 1034 2614 1105 sanguinem
2638 1024 2948 1084 Zacharias
2981 1020 3088 1074 lilii
3125 1016 3434 1082 Barachize,
3468 1030 3602 1082 quem
3633 1033 3648 1066 ι

2054 1104 2446 1185 occiderunt}
2483 1123 2633 1177 inter
2675 1118 2860 1171 aedem
2914 1120 2979 1166 et
3034 1109 3234 1164 altare
3278 1107 3348 1171 ⁸⁸,
3393 1104 3654 1174 requiratur

2056 1235 2086 1274 a
2164 1215 2524 1287 generatione
2567 1229 2589 1263 s
2649 1208 2746 1262 illa
2811 1218 2956 1274 qua:
2985 1199 3152 1258 dixit
3196 1211 3212 1247 :
3254 1215 3275 1250 ι
3313 1196 3529 1287 Sanguis
3568 1195 3654 1262 ejus

2055 1283 2214 1380 A5")
2244 1319 2406 1372 super
2438 1315 2538 1356 nos
2566 1307 2623 1355 et
2653 1311 2828 1366 super
2859 1293 3020 1380 filios
3053 1296 3316 1344 nostros.
3351 1304 3370 1338 ι
3405 1283 3532 1339 Sunt
3551 1298 3652 1353 ergo

2057 1376 2144 1452 isti
2192 1409 2320 1463 pars
2375 1388 2561 1460 populi
2602 1387 2812 1441 mortui
2863 1379 3042 1451 (25),
3080 1376 3222 1446 quia
3274 1385 3445 1463 neque
3483 1385 3656 1463 azyma,

2059 1458 2234 1553 neque
2283 1458 2400 1535 dies
2433 1458 2608 1532 festos
2641 1477 3062 1540 competenter
3093 1472 3296 1532 agunt,
3340 1459 3430 1514 sed
3461 1458 3658 1512 conversi

2059 1550 2184 1628 sunt
2220 1572 2337 1624 dies
2367 1567 2494 1622 festi
2550 1579 2744 1620 eorum
2778 1561 2839 1614 iu
2873 1558 3141 1619 luctum,
3179 1563 3241 1607 et
3277 1550 3480 1606 cantica
3511 1562 3659 1601 eorum

2061 1662 2114 1715 iu
2145 1657 2589 1714 lamentationem
2619 1668 2634 1705 :
2678 1649 2777 1720 qui
2824 1645 3075 1704 etiamsi
3117 1643 3301 1696 velint
3332 1653 3435 1694 non
3460 1643 3662 1707 poterunt

2063 1753 2204 1806 diem
2236 1749 2432 1803 festum
2459 1743 2746 1800 celebrare
2779 1741 2838 1795 in
2873 1753 2950 1794 eo
2979 1737 3117 1792 loco
3145 1747 3315 1803 quem
3343 1729 3496 1798 elegit
3515 1727 3662 1780 Domi-

2065 1855 2166 1894 nus
2195 1838 2355 1892 Deus.
2381 1835 2446 1890 Et
2466 1848 2567 1888 nos
2599 1830 2833 1900 quidem
2868 1842 2994 1883 non
3035 1825 3298 1879 diximus
3327 1818 3393 1873 ad
3411 1817 3535 1880 illos,
3566 1814 3661 1882 qui:

2067 1943 2172 1982 non
2205 1927 2310 1980 erit
2338 1923 2496 1979 vobis
2524 1936 2658 1990 pars
2689 1920 2744 1973 in
2790 1917 2912 1973 hoc
2948 1915 3158 1979 altari,
3192 1911 3282 1966 vel
3324 1910 3377 1964 in
3407 1907 3665 1963 hereditate

2066 2015 2300 2077 Domini,
2331 2014 2426 2067 sed
2456 2011 2562 2080 ipsi
2610 2015 2818 2078 sponte
2853 2019 2965 2060 sua
3005 2003 3210 2057 altare
3247 2011 3435 2054 verum
3459 2005 3508 2049 et
3534 1992 3662 2047 ctele-

2066 2117 2200 2162 stem
2225 2102 2541 2173 pontiﬁcem
2587 2096 2948 2162 relutarunt,
2981 2101 3046 2148 et
3069 2105 3144 2146 eo
3170 2103 3350 2159 usque
3383 2083 3665 2141 infelicitatis

2071 2195 2283 2252 adducti
2313 2200 2460 2255 sunt,
2482 2198 2545 2245 ut
2569 2198 2627 2243 et
2648 2186 2971 2256 imaginem
3013 2184 3352 2254 perderent,
3373 2190 3426 2233 et
3454 2191 3547 2230 non
3569 2187 3663 2228 sus-

2071 2287 2309 2354 ciperent
2361 2280 2687 2340 veritatem,
2748 2284 2811 2330 et
2873 2273 3014 2328 ideo
3088 2271 3308 2326 dicitur
3355 2267 3422 2322 ad
3470 2277 3552 2319 eos
3592 2261 3661 2313 ”:

2079 2395 2098 2428 ι
2131 2376 2272 2429 Ecce
2314 2373 2656 2440 relinquetur
2699 2366 2869 2421 vobis
2908 2363 3131 2419 domus
3174 2371 3367 2417 vestra
3413 2357 3658 2412 deserta.»

2074 2463 2359 2521 Translata
2384 2471 2467 2516 est
2491 2459 2641 2514 enim
2682 2457 2753 2511 ad
2778 2465 2994 2526 gentes
3017 2453 3211 2524 gratia
3254 2449 3482 2518 Spiritus
3506 2443 3665 2504 sancti.

2075 2552 2349 2609 translatae
2382 2557 2508 2603 sunt
2546 2546 2954 2602 solemnitates
2983 2544 3060 2598 ad
3091 2556 3224 2607 nos,
3255 2541 3381 2610 quia
3407 2535 3596 2590 transiit
3614 2530 3665 2584 ad

2079 2655 2175 2695 nos
2194 2648 2248 2694 et
2284 2636 2529 2707 pontifex
2565 2648 2676 2687 non
2725 2631 3152 2701 imaginarius,
3176 2630 3281 2684 sed
3306 2641 3483 2689 verus,
3510 2636 3667 2677 secun-

2081 2727 2206 2779 dum
2234 2723 2479 2778 ordinem
2504 2719 2932 2774 Melchisedech
2963 2717 3193 2773 electus
3225 2734 3240 2770 :
3272 2725 3330 2770 et
3383 2725 3580 2767 necesse
3607 2717 3670 2760 est

456 2819 739 2889 possimus.
773 2795 1009 2875 Cadebat
1048 2795 1334 2889 aliquando
1364 2795 1589 2889 populus
1613 2822 1665 2873 in
1691 2820 1900 2874 deserto
1929 2829 1984 2873 et
2080 2829 2204 2868 eum
2257 2825 2417 2865 veras
2450 2809 2686 2872 hostias,
2746 2808 2806 2862 id
2859 2817 2958 2863 est
3000 2806 3323 2875 spiritales,
3353 2803 3534 2860 oll‘erre
3559 2795 3671 2866 apud

460 2909 806 2964 moriebatur.
839 2909 996 2963 Venit
1024 2911 1196 2964 Aaron
1229 2911 1489 2978 pontifex,
1521 2920 1575 2964 et
1610 2912 1758 2965 stetit
1786 2911 1840 2964 in
1873 2925 1984 2964 me—

2084 2919 2206 2968 nos,
2231 2901 2320 2955 ubi
2348 2898 2651 2954 aedificatur
2676 2896 2958 2965 templum
2996 2897 3104 2951 Dei
3160 2911 3236 2950 ex
3269 2894 3517 2964 lapidibus
3545 2888 3670 2948 rivis,

458 2998 547 3052 dio
569 3013 753 3052 eorum
767 3001 857 3066 qui
889 3001 1278 3064 moriebantur,
1308 3008 1363 3053 et
1390 3014 1573 3053 eorum
1596 3002 1686 3068 qui
1712 3002 1958 3057 vivebant

2087 3005 2204 3059 quae
2219 2995 2302 3042 est
2316 2985 2560 3040 Ecclesia
2587 2983 2685 3037 Dei
2712 2984 2999 3049 viventis,
3030 2993 3092 3037 et
3118 2985 3219 3038 ubi
3252 2993 3339 3038 est
3359 2993 3505 3034 verus
3519 2971 3670 3039 Israel,

461 3098 530 3138 ne
555 3085 778 3141 ulterius
797 3087 1023 3140 vastatio
1050 3088 1235 3143 mortis
1263 3087 1548 3156 proliceret
1581 3087 1692 3154 jam
1733 3089 1786 3143 in
1821 3099 1981 3144 caete-

465 3185 573 3226 ros.
613 3170 766 3227 Venit
794 3184 849 3229 et
895 3187 1036 3228 nunc
1080 3187 1238 3228 verus
1265 3171 1502 3240 pontifex
1529 3185 1678 3226 meus
1705 3171 1982 3240 Dominus,

2088 3085 2142 3137 in
2197 3079 2415 3133 Christo
2464 3075 2593 3130 Jesu
2639 3073 2890 3129 Domino
2945 3083 3176 3139 nostro,
3219 3075 3312 3128 cui
3343 3079 3424 3128 est
3457 3067 3674 3139 gloriaet

2088 3171 2370 3238 imperium
2405 3169 2457 3220 in
2485 3166 2688 3222 saecula
2716 3165 3098 3221 saeculorum.
3124 3166 3334 3220 Amen.

567 3345 612 3376 “
658 3344 845 3399 Matth.
894 3361 1061 3410 xxvtt,
1101 3344 1189 3398 25.
1261 3345 1308 3376 "
1337 3342 1525 3398 Matth.
1550 3359 1706 3409 XXIII,
1729 3343 1821 3397 55.
1895 3342 1940 3374 "
1968 3343 2095 3396 Luc.
2117 3356 2234 3404 xm,
2263 3340 2353 3392 35.

535 3474 642 3544 (25)
689 3474 834 3539 Mss.,
879 3491 898 3524 ι
936 3483 1057 3528 sunt
1075 3487 1200 3542 ergo
1234 3473 1320 3527 isti
1349 3486 1471 3541 pars
1493 3474 1671 3543 populi
1696 3475 1909 3529 mortui.
1941 3492 1960 3526 ι
1991 3472 2146 3527 Libb.
2170 3473 2320 3535 editi,
2357 3489 2377 3522 ‹
2406 3477 2533 3525 sunt
2554 3483 2687 3538 ergo
2725 3469 2923 3538 populi
2951 3485 3089 3540 pars
3116 3468 3357 3524 mortui.
3395 3484 3414 3517 ι

481 3655 3664 3700 ﬂll=======IIuIl==============:::================.l==...ﬂ...,:I.I:l_____-_.:_=__-lII-‘_-======-=======EEI'

1759 3829 2329 3919 MONITUM

1256 4013 1344 4070 AD
1377 4011 1690 4068 ORIGENIS
1726 4011 2118 4066 ΕΞΗΓΗΤΙΚΑ
2157 4013 2224 4068 ΙΝ
2255 4012 2516 4067 LIBRUM
2541 4012 2884 4073 JUDlCUM.

2013 4171 2077 4180 ἐκ.

543 4320 840 4400 Ruﬁnusjn
885 4320 1201 4400 peroratio'ne
1231 4319 1500 4400 subiuncta
1529 4317 1922 4400 commentariis
1957 4317 2219 4400 origanis_
2242 4321 2297 4372 in
2338 4317 2640 4400 Epistolarum
2680 4322 2755 4373 ad
2789 4321 3081 4400 [fontanos
3125 4334 3353 4380 testatur
3387 4339 3442 4378 se
3462 4337 3554 4389 qua
3597 4317 3679 4384 ﬁde

478 4388 738 4467 transtulit
767 4387 1083 4467 uernulas-in
1112 4386 1288 4467 Iesum
1319 4384 1481 4467 lyciae,
1511 4387 1684 4467 eadem
1712 4385 1893 4439 Latine
1913 4384 2133 4466 .t'ertiSse
2163 4384 2464 4467 ὲξηγηςειρςὰ
2488 4390 2544 4441 in
2580 4389 2779 4467 librum
2802 4389 3080 4446 Iudicum
3110 4411 3130 4447 ε
3169 4413 3190 4446 ς
3230 4393 3376 4446 Nam
3407 4403 3455 4446 ει
3474 4384 3579 4450 ἶιια,
3611 4389 3680 4436 ξ..

477 4457 608 4532 quit,
636 4470 748 4532 qua:
778 4455 829 4504 in
848 4452 1216 4532 esuulllavaet
1239 4453 1289 4503 in
1320 4427 1566 4532 uilicum
2933 4427 3680 4516 xtuilriven‘in‘t'ttz'rs‘Noceiuuln

483 4517 618 4600 hunc
643 4517 1358 4600 librum/consili“.Origenis
1386 4531 1745 4600 commemorat
1777 4517 2324 4600 Ctts‘siodorusjnstit.
2350 4525 2554 4600 cap._l.
2592 4517 2992 4600 Novem_hodie
3014 4530 3293 4600 habemus,
3325 4541 3541 4600 quarunt
3562 4528 3680 4576 βείω

480 4590 733 4668 ςᾳηιὶειιξτξ
761 4586 972 4668 Dabar?
995 4567 1258 4668 expiaret".
1281 4589 1354 4668 fili
1375 4589 1678 4668 promiserat
1708 4589 1814 4668 ipse
1837 4567 2090 4666 Origene;
2117 4567 2990 4668 gﬁ"§¥6io'g"é'

477 4657 559 4709 his
593 4655 755 4728 “rbi?
785 4669 802 4704 ³
815 4669 871 4728 ,ε
905 4651 1087 4728 Vf'w"
1111 4662 1154 4705 “
1183 4652 1248 4728 de,
1275 4654 1353 4728 If“
1383 4653 1667 4728 Ρ,ίεηί²⁸ε,ίη
1835 4651 2176 4728 οιζαῖξιιησυιὶε
2198 4651 2342 4728 quas
2361 4651 2439 4711 vde
2474 4659 2652 4712 libello
2684 4661 2957 4716 Iudicum
3000 4666 3286 4728 edidimus,
3313 4665 3533 4716 disserui
3560 4671 3680 4722 repe-

483 4729 603 4775 ries.
639 4740 657 4771 s
709 4716 992 4772 Verisimile
1023 4735 1142 4785 ergo
1177 4727 1250 4769 est
1280 4716 1545 4783 Itas'ipsas
1585 4720 1822 4775 Itomilias
1862 4723 1964 4776 dest‘

479 4791 592 4863 ipso
616 4789 802 4863 editas.
835 4785 1024 4863 Verum
1051 4786 1323 4863 haudtscio
1345 4800 1411 4836 an
1435 4783 1883 4863 (quemadmodum
1905 4807 1964 4857 ομ

2081 4726 2125 4776 ri
2153 4716 2233 4777 ab'
2255 4725 2502 4804 Origene.
2534 4730 2872 4799 proindeque
2904 4716 3044 4786 ante
3075 4716 3286 4788 iisiis?
3309 4732 3420 4784 240
3445 4716 3680 4796 fuit!”ll

2079 4803 2152 4843 tur
2193 4792 2421 4846 ﬂuettus
2447 4794 2775 4863 Origenian.
2815 4801 2913 4853 lib.
2953 4817 3040 4862 tu,
3066 4813 3196 4856 sect.
3224 4801 3274 4863 2,
3313 4815 3459 4852 num.
3499 4798 3570 4861 9).
3600 4806 3679 4863 ΡΨ

483 4859 609 4908 riter
633 4855 752 4906 inde
778 4853 1014 4932 concludi
1060 4853 1241 4930 possit,
1279 4854 1415 4918 ipsas
1442 4867 1542 4902 non
1567 4853 1733 4930 fuisse
1762 4871 1825 4908 ex
1858 4853 2084 4924 tempore
2121 4871 2395 4925 conceptas
2429 4872 2476 4915 et
2517 4853 2798 4922 rccitatas.
2827 4853 3273 4924 Certieﬂlto—milia'
3319 4869 3455 4917 rima
3478 4853 3608 4914 num.
3633 4858 3678 4914 Ξ,

483 4925 624 4976 locus
641 4931 714 4974 εει
732 4936 878 4976 auem
900 4935 1005 4976 mae
1031 4917 1276 4976 Origenes
1300 4927 1514 4969 testatur
1535 4919 1632 4969 sibi
1662 4921 1828 4974 solum
1852 4924 1904 4976 in
1931 4937 2150 4976 mentem
2171 4931 2395 4976 uenisse-
2423 4947 2542 4976 cum
2581 4935 3005 4976 cnnnsnnnnim
3037 4953 3051 4966 ο
3080 4957 3100 4976 .
3141 4884 3314 4976 Qui:
3328 4933 3485 4976 illud-
3518 4927 3678 4976 innuit.

505 4938 624 4994 acus
641 4931 714 4994 est
732 4936 878 4994 quem
900 4921 1005 4984 ipse
1029 4917 1276 4994 Qrigenes
1300 4917 1632 4994 testatur-sibi
1662 4921 1904 4994 solantia
1931 4917 2150 4979 mentem
2171 4917 2395 4992 uenisse,
2423 4947 2542 4984 cum
2581 4917 3005 4990 condonavi-eluvi-
3328 4933 3486 4990 illud,
3518 4927 3680 4994 inquit,

517 4989 615 5040 uod
645 4985 927 5040 dicentibus
955 4988 1097 5039 nobis
1121 4985 1365 5040 occurrit,
1392 4992 1440 5034 et
1465 4985 1661 5036 utinam
1703 4987 1918 5040 Domino
1944 5011 1964 5040 ι

2079 5011 2194 5040 eren
2203 5007 2253 5040 te
2288 5015 2376 5040 nm
2385 5017 2413 5040 η
2421 5002 2554 5040 rrpn'

480 4989 615 5058 quod
645 4987 927 5041 dicentibus
955 4988 1097 5057 nobis
1121 4987 1365 5044 occurrit,
1392 4992 1440 5034 et
1465 4987 1661 5036 utinam
1703 4987 1918 5042 Domino
1944 5011 1964 5044 ι

482 5067 748 5133 postquam
777 5058 1121 5133 pronuntiata:
1145 5061 1264 5133 sunt
1281 5090 1294 5113 ,
1319 5051 1490 5133 .potuilt
1517 5052 1702 5133 litteris
1737 5055 1964 5110 mandari

2079 5007 2253 5048 arente
2288 5002 2601 5066 occurrerit,
2627 4987 3211 5070 prcetereundumvnon
3238 5011 3333 5062 est,
3368 5019 3389 5052 ι
3423 4987 3517 5053 etc.
3549 4987 3680 5050 Illas,

2079 5075 2124 5133 {tu
2139 5078 2530 5133 recognoscere.

549 5118 1777 5211 fifffihqtffilfﬂjs"fiftuff‘ffgEllifﬁigttf‘dalu
1805 5141 1958 5202 Opera
1980 5128 2032 5178 in
2065 5118 2556 5211 librum-'Judicum
2589 5141 2866 5208 scripserit
2895 5141 3167 5211 Origenes,
3194 5142 3448 5193 incertum
3477 5143 3568 5187 est.
3600 5127 3682 5181 Ve-

483 5201 766 5268 rumtamen
812 5202 1005 5268 catena:
1042 5189 1407 5256 manuscriptw
1452 5187 1644 5256 aliquot
1687 5193 1776 5243 sub
1829 5187 1940 5260 ejus

483 5258 640 5326 fronti
670 5257 1001 5326 prwﬁgunus.

2079 5198 2112 5247 ti
2120 5213 2181 5250 ne
2230 5187 2552 5273 f
3364 5187 3681 5258 humiliari.
