3806 6214
1511 257 1815 314 SELECTA
1845 253 1910 305 IN
1943 249 2232 308 JUDiCES.

3364 241 3467 295 οειο

169 391 3441 450 MM

979 561 1935 694 ΩΡΙΓΕΝΟΥΣ
2003 545 2733 681 ΕΚΛΟΓΑΙ

1409 795 1575 878 ΕΙΣ
1609 788 1890 874 ΤΟΥΣ
1949 780 2352 870 ΚΡΙΤΑΣ.

785 1121 977 1211 EX
1045 1121 1568 1214 OBIGENE
1639 1112 2133 1206 SELECTA
2207 1099 2930 1198 IN'JUDICES.

283 1465 394 1540 καὶ
427 1459 673 1524 εὔξατο
717 1461 963 1530 Ἰεφθάε
986 1462 1174 1530 εὐχὴν
1205 1463 1282 1526 τῷ
1322 1466 1530 1528 Κυρίῳ.
1559 1462 1622 1513 El
1652 1459 1822 1512 Πνεῦ-

1988 1452 2056 1505 Et
2078 1451 2208 1505 vovit
2232 1447 2412 1515 Iephte
2437 1450 2607 1498 votum
2637 1439 2858 1494 Domino
2897 1436 2964 1488 ⁸⁸.
3007 1435 3061 1490 Si
3098 1432 3325 1504 Spiritus
3356 1431 3458 1488 Do-

252 1585 321 1636 μο,
339 1553 555 1623 κυρίου
591 1553 686 1606 ἐπ’
730 1551 935 1616 αὑτὸν,
969 1553 1082 1615 πῶς
1114 1551 1324 1620 εὔχεται
1359 1551 1394 1603 ἃ
1429 1552 1501 1620 μὴ
1535 1551 1824 1620 προσήκει;

273 1653 414 1715 Ἒνῖχν
432 1642 546 1713 γὰρ
570 1644 675 1695 καὶ
705 1642 859 1695 κύνα
888 1642 1190 1709 ἀπαντῆσαι
1215 1639 1480 1692 ἐπανιόντι
1505 1638 1579 1708 τῷ
1605 1639 1826 1706 Ἰεφθάε.

277 1737 389 1808 *Δρ*
419 1731 506 1789 οὖν
533 1735 754 1804 ὲσφάλη
797 1734 862 1785 τὸ
894 1731 1152 1800 Πνεῦμα;
1184 1727 1445 1798 οὐδαμῶςο
1479 1727 1610 1780 ἀλλὰ
1638 1729 1697 1779 τὸ
1737 1727 1831 1795 μὲν

277 1827 486 1896 Πνεῦμα
540 1824 765 1893 βοηθεῖν
818 1820 1208 1890 παραγέγονεν,
1241 1818 1336 1884 ούχ
1378 1816 1689 1869 ὑποϐάλλειν
1738 1815 1831 1884 τὴν

274 1919 465 1970 ἄτοπον
514 1914 704 1982 εὐχήν⁸
759 1910 924 1971 αὐτὸς
965 1908 1020 1959 δὲ
1089 1906 1369 1972 σφάλλεται
1428 1905 1832 1973 ἀπερισκέπτως

279 2003 677 2071 ὑποσχόμενος.

337 2173 453 2226 Kal
477 2168 662 2225 εἶπαν
692 2167 1082 2233 αὐτῷσιῗῑπὸν
1104 2165 1178 2232 δὴ
1207 2165 1449 2234 στάχυς.
1485 2166 1546 2217 Oi
1574 2165 1628 2216 δὲ
1659 2163 1835 2230 ἔλεγον

267 2261 527 2329 στάχυςο
578 2259 836 2329 σημαίνει
869 2258 1110 2322 σέϐηλα,
1135 2257 1269 2325 ὅπερ
1288 2255 1430 2306 ἐστὶν
1459 2253 1746 2329 ἄσταχυς..
1775 2253 1835 2305 Ol

259 2351 319 2402 δὲ
353 2324 550 2416 ἔλεγον
585 2324 827 2412 acorum
875 2347 966 2398 καὶ
1005 2346 1103 2396 ούκ
1160 2324 1403 2396 ἐδύναντο
1433 2343 1638 2410 τρανῶς
1671 2324 1836 2394 εἰπεῖν

261 2437 530 2506 σέϐηλα.
567 2439 634 2489 Εί
669 2435 778 2504 γὰρ
808 2436 902 2488 ιωιὶ⁹
933 2434 1166 2504 Ἑϐραῖοι
1194 2431 1496 2499 ἐτύγχανον,
1531 2430 1662 2483 ἀλλὰ
1702 2431 1838 2482 κατὰ

259 2526 629 2596 συμμετρίαν
664 2523 956 2594 βραχύτητι
980 2521 1350 2592 παρήλλασσον
1369 2521 1428 2572 ὲν
1450 2522 1513 2589 τῇ
1547 2519 1644 2586 τῆς
1668 2518 1839 2571 διαλέ-

259 2615 411 2680 ξεως
443 2614 723 2684 προφορᾷ.
761 2613 832 2664 Τὸ
881 2607 972 2664 οὖν
1001 2602 1232 2679 σύνθεμα
1264 2605 1329 2678 ἦν
1357 2608 1601 2674 σέϐηλα,
1631 2609 1764 2676 ὅπερ
1791 2609 1839 2659 oi

255 2702 708 2773 ἐπερωτώμενοι
771 2701 1012 2766 λέγοντες
1069 2697 1298 2762 σεϐήλω
1317 2735 1331 2757 ,
1407 2696 1690 2763 ἠλέγχοντο
1744 2695 1840 2746 οὐκ

1927 1541 2052 1596 ιιιἰηί
2080 1547 2196 1594 erat
2244 1549 2400 1604 super
2442 1533 2612 1594 illum,
2641 1543 2736 1584 cur
2765 1536 2924 1582 vovet
2955 1539 3072 1595 quae
3112 1538 3306 1578 vovere
3351 1537 3456 1576 non

1927 1643 2132 1697 aequum
2161 1626 2314 1680 erat?
2341 1623 2483 1678 Fieri
2518 1621 2658 1676 enim
2684 1624 2893 1686 poterat
2927 1621 2984 1667 ut
3011 1613 3169 1667 etiam
3191 1611 3339 1666 canis
3364 1626 3456 1667 oc-

1928 1725 2166 1771 curreret
2199 1709 2480 1768 revertenti
2511 1707 2672 1778 5.58
2693 1704 2898 1771 Jepbte.
2922 1701 3168 1769 Nunquid
3206 1700 3456 1768 deceptus

1929 1813 2010 1859 est
2036 1801 2309 1872 Spiritus?
2336 1798 2574 1852 minime.
2601 1794 2705 1848 Sed
2730 1793 2957 1861 Spiritus
2992 1792 3044 1844 in
3075 1789 3329 1844 auxilium
3367 1789 3462 1842 ad-

1929 1903 2063 1956 erat,
2119 1904 2223 1944 non
2257 1901 2381 1941 vero
2413 1896 2470 1938 ut
2513 1879 2793 1937 absurdum
2840 1881 2943 1933 hoc
2979 1886 3160 1933 votum
3189 1875 3456 1931 suaderet.

1929 1981 2044 2048 lpse
2095 1992 2221 2033 vero
2270 1975 2464 2044 Jephte
2511 1972 2730 2036 erravit,
2792 1967 3187 2024 inconsiderate
3238 1965 3460 2034 promit-

1934 2077 2075 2121 tens.

1999 2154 2069 2206 Et
2091 2154 2330 2206 dixerunt
2371 2152 2416 2203 ei
2453 2165 2471 2202 :
2505 2148 2600 2201 Dic
2627 2161 2758 2201 nunc
2780 2147 2921 2213 spica
2952 2145 3017 2197 ⁸⁸.
3049 2143 3154 2197 Alii
3191 2142 3467 2203 dicebant.

1932 2248 2091 2315 spica.
2130 2244 2184 2298 1d
2209 2251 2288 2297 est
2309 2239 2496 2302 sebela,
2523 2237 2661 2305 quod
2689 2245 2769 2291 est
2786 2236 2946 2303 spica.
2970 2233 3071 2287 Alii
3103 2232 3348 2286 dicebant
3383 2245 3464 2282 se-

1935 2336 2064 2399 belo,
2117 2347 2214 2388 nec
2261 2331 2404 2386 clare
2449 2336 2694 2396 poterant
2731 2325 2907 2380 dicere
2939 2322 3124 2375 sebela.
3149 2319 3465 2386 Quanquam

1935 2423 2074 2477 enim
2125 2419 2326 2473 Hebraei
2359 2426 2529 2479 erant,
2570 2425 2623 2468 at
2659 2429 2726 2468 ex
2753 2411 2961 2466 dialecti
2995 2423 3106 2462 suae
3132 2407 3263 2461 vitio
3314 2407 3468 2475 hujus

1935 2511 2082 2564 vocis
2112 2520 2408 2562 mensuram
2435 2501 2826 2572 pronuntiando
2845 2495 3217 2565 corripiebant.
3241 2494 3466 2549 Tessera

1935 2613 2062 2667 ergo
2099 2604 2216 2650 erat
2251 2594 2440 2658 sebela,
2485 2608 2579 2661 pro
2610 2605 2714 2660 qua
2743 2604 2862 2644 cum
2890 2586 3200 2654 interrogati
3225 2585 3470 2638 dicerem.

1938 2687 2124 2749 sebelo,
2149 2685 2505 2754 arguebantur
2528 2696 2630 2735 non
2654 2691 2771 2735 esse
2789 2691 2854 2732 ex
2883 2676 3118 2746 cognatis
3138 2673 3350 2742 Jephte.
3373 2672 3469 2726 sed

253 2765 430 2851 ὅντες
482 2765 597 2841 τίύν
659 2765 868 2839 οἰκείων
910 2785 1002 2838 τοῦ
1065 2784 1286 2852 Ἰεφθάε,
1333 2781 1463 2836 ἀλλὰ
1509 2781 1614 2834 τῶν
1644 2785 1842 2835 ἐπανα-

1955 2790 2008 2829 ιι
2031 2788 2252 2828 numero
2279 2771 2575 2826 rebellium.

260 2881 555 2931 στάντων.

343 2965 465 3018 Kal
499 2962 665 3031 γυνὴ
682 2961 866 3015 αὐτοῦ
890 2960 1093 3027 στεῖρα
1121 2959 1214 3011 καὶ
1237 2959 1342 3010 οὐκ
1373 2959 1588 3011 ἔτεκεν.
1611 2957 1720 3010 Ούκ
1740 2958 1845 3010 ἀπὺ

253 3053 379 3121 τῆς
403 3052 648 3120 φύσεως,
668 3049 782 3102 ἀλλ’
811 3048 918 3101 ἀπὸ
945 3048 1042 3116 τῆς
1073 3047 1339 3107 διακονίας
1355 3046 1444 3097 ὲπὶ
1474 3045 1564 3097 τοῦ
1588 3046 1845 3114 παρόντος

262 3141 509 3209 στεῖραν
538 3137 718 3190 καλεῖ.
1425 3133 1428 3136 ’

341 3229 618 3295 Σίδηρος
668 3228 778 3278 οὐκ
814 3225 992 3290 ἀνέϐη
1027 3222 1120 3276 ἐπὶ
1156 3222 1267 3288 τὴν
1310 3219 1574 3288 κεφαλήν
1615 3238 1731 3289 μου
1761 3220 1848 3273 ὅτι

254 3316 596 3382 Ναζῖραῑος
625 3315 733 3367 τοῦ
763 3314 908 3366 Θεοῦ
929 3313 1039 3380 ἐγώ
1067 3315 1197 3380 ειμι.
1225 3313 1301 3362 Δι’
1322 3310 1445 3380 ὅλης
1475 3310 1570 3378 τῆς
1605 3311 1729 3379 περὶ
1760 3309 1848 3362 τὸν

258 3404 530 3474 Σαμψὼν
565 3403 812 3472 ἱστορίας
839 3405 893 3453 αί
921 3401 1100 3470 τρίχες
1137 3400 1404 3468 φαίνονται
1431 3397 1527 3466 τὴν
1557 3399 1732 3451 πᾶσαν
1757 3399 1850 3450 αὐ-

258 3493 356 3561 τῷ
395 3495 709 3563 περιποιεῖν
741 3492 914 3560 ἰσχύν.

357 3583 476 3634 Τοῦ
498 3581 714 3635 αὑτοῦ.
751 3578 1040 3649 Ναξιραῖον
1061 3579 1121 3630 τὸ
1155 3578 1556 3647 πεφυλαγμένον
1590 3576 1727 3633 κατὰ
1758 3577 1850 3646 τὴν

263 3673 352 3724 Σύ
363 3690 478 3742 ρων
518 3670 709 3740 φωνὴν
738 3670 1008 3738 ὀνομάζει.
1030 3669 1120 3736 Μὴ
1148 3668 1507 3732 ὲξακολουθεῖν
1533 3668 1585 3719 δὲ
1616 3669 1678 3735 τῇ
1705 3666 1852 3729 τάξει

265 3762 401 3812 τῶν
457 3757 817 3830 Ἰσραηλιτῶν
863 3759 952 3809 τὸν
994 3756 1224 3826 Σαμψὼν
1264 3759 1292 3808 ὁ
1334 3756 1464 3817 Θεὸς
1512 3757 1849 3823 προστάσσει,

274 3847 421 3897 κατ’
455 3848 640 3898 ἐκεῖνο
668 3842 860 3912 καιροῦ
905 3842 1002 3912 τὴν
1055 3842 1286 3910 κεφαλὴν
1318 3841 1632 3910 ξυρωμένων
1666 3841 1749 3894 διὰ
1797 3843 1854 3894 τὸ

275 3937 578 4007 εὐσήμους
610 3932 753 3988 εῖναι
785 3935 919 4003 πρὸς
940 3933 1166 3994 πάντας.
1794 3998 1798 4002 ,

368 4028 481 4079 Kal
546 4026 841 4090 ἐποίησεν
911 4021 1093 4089 Ἐςρὼδ
1151 4022 1250 4073 καὶ
1306 4019 1602 4087 Θεραφείν.
1686 4007 1854 4085 Ἐφίυδ

284 4112 534 4185 ὕφασμα
577 4110 648 4183 ἦν
690 4112 976 4182 ἱερατικὸν,
1033 4110 1166 4179 ὅπερ
1199 4109 1556 4178 περικειμένῳ
1599 4107 1674 4175 τῷ
1726 4109 1858 4176 ἱερεῖ

286 4203 492 4270 ἐφοίτα
526 4203 620 4255 τοῦ
649 4201 804 4268 ἁγίου
836 4199 1196 4267 Πνεύματοςή
1228 4197 1403 4266 χάρις.
1429 4197 1500 4248 Τὸ
1522 4197 1578 4248 δὲ
1597 4196 1663 4246 Θε
1674 4197 1858 4264 ραφεὶν

289 4291 512 4344 τοιοῦτο
540 4292 750 4360 μέντοι,
785 4289 844 4340 ού
889 4287 1063 4340 θεῖκὸν
1109 4286 1184 4348 δὲ,
1219 4285 1328 4336 ἀλλ’
1360 4283 1646 4348 είδωλικὸν,
1680 4283 1753 4344 ὡς
1803 4285 1858 4334 ὲν

291 4381 430 4441 ταῖς
451 4379 755 4449 βασιλείαις
786 4377 1076 4428 δείκνυται.

379 4554 490 4606 Kal
517 4549 783 4616 ἐξῆλθον
809 4550 860 4599 ol
898 4545 1010 4599 vlol
1057 4543 1351 4610 Βενιαμίν.
1384 4541 1534 4602 Τίνος
1564 4539 1743 4592 ἕνεκεν
1773 4540 1862 4606 ἠτ-

296 4640 508 4694 τῶνται
535 4639 762 4698 δικαίως
794 4634 1137 4694 έπελθόντεςς
1177 4632 1247 4682 Ἦ
1278 4630 1430 4699 δῆλον
1463 4630 1543 4680 ὅτι
1565 4629 1647 4680 διὰ
1671 4628 1864 4696 προλα-

297 4725 510 4798 ϐούσης
543 4726 747 4786 αἰτίας.
797 4722 903 4773 Καὶ⁹
933 4723 960 4772 ὁ
988 4719 1198 4788 ψαλμός
1241 4732 1415 4786 φησιν’
1451 4735 1468 4766 ι
1518 4717 1679 4766 Ὅταν
1720 4714 1863 4766 λάϐω

300 4819 525 4882 καιρὸν,
556 4813 671 4883 ἐγὼ
705 4811 999 4880 εὐθύτητας
1055 4805 1241 4877 κρινῶ.
1283 4824 1301 4855 ι
1344 4801 1472 4857 Εἶτα
1505 4807 1594 4857 καὶ
1630 4803 1766 4872 μετὰ
1805 4803 1865 4854 τὸ

301 4904 635 4974 ἡττηθῆναι,
671 4901 764 4952 καὶ
811 4898 936 4967 μίαν
988 4896 1082 4948 καὶ
1138 4892 1404 4960 δευτέραν,
1441 4890 1694 4962 μετῆλθεν
1732 4890 1865 4959 ὀργὴ

299 4992 400 5044 ἐπὶ
425 4996 556 5055 τοὺς
579 4989 927 5062 ἠδικηκότας,
955 4985 1051 5038 καὶ
1071 4981 1260 5034 νικῶσι
1281 4981 1488 5034 δίκαιαν
1519 4979 1690 5046 νίκην.

413 5200 471 5234 ³⁸
499 5200 620 5253 iud.
645 5211 720 5259 ιι,
751 5196 840 5249 '50.
911 5194 957 5226 ³⁸
991 5190 1121 5248 Jud.
1152 5203 1245 5256 xu,
1276 5190 1328 5243 6.

297 5266 353 5300 ⁸⁸
381 5265 534 5323 Psal.
559 5280 742 5332 unv,
763 5265 815 5318 5.

1431 5190 1476 5222 ⁵⁸
1508 5187 1630 5242 Jud.
1673 5201 1788 5252 xm,
1842 5187 1894 5241 2.

2011 2949 2077 3004 Et
2127 2967 2260 3004 uxor
2309 2954 2421 3020 ejus
2470 2953 2682 3016 sterilis,
2734 2960 2781 3004 et
2840 2968 2940 3003 non
2983 2951 3210 3017 pariebat
3249 2951 3314 3004 ".
3353 2928 3466 3006 Nos

1941 3055 2003 3093 ex
2043 3049 2250 3103 natura,
2291 3042 2385 3096 sed
2441 3056 2508 3097 ex
2559 3041 2856 3095 ministerio
2915 3054 3053 3093 nunc
3109 3040 3339 3093 sterilem
3373 3054 3466 3093 vo-

1972 3139 2044 3183 at.

2007 3144 2044 3183 t.

1940 3144 1998 3182 ca
2013 3202 2233 3256 Ferrum
2275 3215 2375 3254 non
2430 3199 2662 3253 ascendit
2716 3213 2868 3264 super
2923 3203 3074 3264 caput
3120 3210 3288 3248 meum
3343 3210 3471 3262 quo-

1949 3292 2086 3343 niam
2126 3287 2398 3342 Nazirwus
2438 3287 2532 3340 Dei
2571 3302 2661 3353 ego
2705 3300 2818 3338 sum
2843 3283 2907 3337 ⁸⁷.
2957 3283 3060 3338 Per
3113 3291 3275 3338 totam
3318 3282 3471 3336 Sam-

1948 3377 2094 3432 sonis
2152 3376 2425 3430 historiam
2480 3373 2733 3427 fortitudo
2787 3371 2900 3438 ejus
2943 3370 3156 3425 videtur
3191 3371 3246 3424 in
3270 3370 3472 3425 caoillis

1949 3470 2070 3523 sita.

2013 3556 2278 3625 Ejusdem.
2305 3554 2560 3624 Syrorum
2591 3552 2767 3621 lingua
2815 3551 3108 3606 Naziraeum
3154 3551 3477 3605 custoditum

1949 3655 2120 3701 vocat.
2167 3644 2410 3710 Praecipit
2449 3651 2626 3711 autem
2672 3642 2812 3693 Deus
2860 3647 2918 3692 ut
2977 3639 3197 3693 Samson
3242 3652 3347 3691 non
3393 3652 3477 3692 se-

1950 3743 2143 3802 quatur
2207 3747 2405 3786 morem
2471 3730 2828 3793 lsraelitarum
2899 3729 2988 3795 qui
3053 3736 3182 3780 tunc
3229 3726 3479 3794 temporis

1952 3821 2304 3885 radebantur,
2357 3826 2415 3871 ut
2463 3817 2615 3872 facile
2671 3818 2737 3871 ab
2787 3815 3030 3872 omnibus
3079 3815 3292 3883 agnosci
3349 3829 3477 3882 pos-

1952 3918 2092 3964 88M.

2024 3996 2092 4049 Et
2145 3996 2263 4063 fecit
2317 3995 2501 4061 Ephod
2548 4002 2596 4047 et
2649 3995 2915 4062 Teraplaim
2962 3994 3027 4048 ⁸³.
3078 3992 3258 4062 Ephod
3318 3993 3483 4047 vestis

1956 4098 2071 4143 erat
2123 4086 2467 4142 sacerdotalis
2528 4101 2631 4155 qua
2688 4086 2901 4140 indutus
2961 4089 3210 4140 sacerdos
3253 4083 3483 4151 Spiritus

1952 4175 2122 4231 sancti
2160 4176 2382 4243 gratiam
2445 4175 2756 4243 recipiebat.
2799 4175 3120 4242 Theraphim
3157 4155 3484 4226 autem'tale

1954 4264 2220 4333 quippiam
2281 4272 2396 4317 erat
2431 4264 2571 4332 quod
2609 4278 2714 4318 non
2778 4264 2960 4325 Deum,
3024 4262 3115 4315 sed
3153 4261 3348 4316 idolum
3388 4261 3483 4314 ali-

1954 4354 2091 4417 quod
2147 4361 2574 4422 repraeseutaret,
2625 4353 2762 4408 utin
2801 4354 2950 4408 libris
2980 4352 3280 4420 Regnorum
3305 4361 3484 4407 osten-

1956 4441 2121 4496 ditur.

2026 4529 2094 4582 Et
2125 4529 2358 4582 exierunt
2385 4529 2483 4597 ﬁlii
2519 4528 2791 4596 Benjamin
2826 4528 2890 4581 ”.
2925 4528 3030 4582 Cur
3055 4528 3338 4581 vincuntur
3391 4526 3486 4594 qui

1947 4620 2092 4688 juste
2127 4619 2354 4686 aggressi
2382 4620 2570 4672 erant?
2612 4617 2800 4688 Liquet
2841 4620 2892 4673 id
2923 4617 3180 4671 accidisse
3199 4616 3266 4668 ob
3283 4627 3486 4681 praece-

1955 4705 2161 4758 dentem
2180 4719 2415 4759 causam.
2433 4705 2488 4759 ln
2510 4707 2711 4774 psalmo
2732 4707 2924 4759 dicitur
2939 4705 2981 4736 ⁸ο
3005 4720 3018 4753 :
3051 4703 3206 4758 cCum
3227 4714 3484 4767 accepero

1957 4801 2180 4858 tempus,
2222 4806 2319 4861 ego
2355 4793 2587 4862 justitias
2620 4794 2885 4863 iudicabo.
2922 4811 2940 4844 ι
2971 4792 3170 4846 Deinde
3211 4799 3485 4858 postquam

1956 4883 2116 4936 semel
2168 4890 2222 4935 et
2270 4884 2462 4938 iterum
2492 4883 2619 4938 victi
2674 4892 2814 4945 sunt,
2846 4883 2898 4936 in
2935 4888 3180 4934 auctores
3220 4878 3482 4930 malorum

1968 4970 2045 5023 ira
2092 4973 2182 5028 Dei
2233 4973 2555 5042 supervenit,
2594 4980 2648 5027 et
2682 4971 2826 5040 jusla
2862 4970 2929 5025 de
2963 4969 3040 5024 eis
3077 4973 3376 5036 reportatur
3401 4964 3486 5017 vi-

1967 5061 2152 5116 ctoria.

2005 5193 2048 5223 ⁵⁷
2074 5193 2193 5249 Jud.
2230 5211 2338 5262 XVI,
2370 5197 2453 5250 l7.
2556 5197 2600 5227 ”
2625 5193 2743 5249 Jud.
2778 5206 2902 5252 xm,
2928 5188 2980 5241 5.
3053 5186 3099 5218 "
3118 5183 3236 5239 Md-
3274 5193 3366 5241 κιο
3394 5179 3488 5233 3‘-
