3806 6244
182 251 278 302 BM

1599 247 1910 303 ORIGENIS

3547 218 3673 271 959

2117 369 3640 405 _________________________.

818 550 1373 640 ORIGENIS
1449 551 1570 636 IN
1646 545 2094 635 LIBRUM
2192 538 2779 635 JUDICUM

1325 752 1949 866 HOMILIZE
1989 750 2157 858 (εδ).

674 1121 950 1178 HOMILIA
981 1120 1210 1175 PRIMA.

183 1236 254 1288 De
280 1253 336 1287 eo
366 1236 500 1302 quod
546 1235 790 1299 scriptum
819 1241 890 1285 est
920 1233 1010 1302 οἷς
1067 1251 1084 1281 ι
1131 1231 1196 1284 Et
1239 1232 1436 1284 servivit
1486 1230 1701 1302 populus

247 1299 466 1355 Domino
489 1303 717 1354 omnibus
738 1303 915 1353 diebus
945 1300 1092 1361 Jesu,
1119 1308 1166 1352 et
1187 1301 1438 1352 seniorum
1461 1300 1548 1364 qui
1572 1299 1704 1350 vide-

247 1381 366 1489 ;unt
401 1371 582 1488 [omnia
612 1384 764 1435 Opera
804 1368 1008 1420 Domini
1046 1382 1230 1434 magna
1280 1381 1393 1434 qua:
1437 1367 1558 1432 fecit
1586 1381 1702 1416 cum

282 1454 396 1489 arae
452 1456 470 1487 ι

282 1454 416 1490 sraet
452 1456 470 1487 ι

248 1570 298 1620 1.
321 1567 508 1620 Lector
531 1564 736 1632 quidem
776 1564 1048 1631 praesentis
1076 1562 1316 1617 lectionis
1350 1563 1422 1616 ita
1457 1561 1698 1629 legebat:

185 1672 202 1700 ε
238 1652 300 1703 Ει
323 1650 728 1717 timuitpopulus
755 1650 1027 1724 Dominum
1045 1649 1287 1703 omnibus
1314 1649 1497 1702 diebus
1519 1648 1696 1703 Jesu.»

181 1739 282 1792 Nos
317 1747 489 1790 autent
525 1724 816 1790 habemus:
853 1755 870 1786 ι
916 1735 980 1790 Et
1015 1738 1232 1790 servivit
1268 1739 1491 1805 populus
1522 1739 1699 1791 Domi-

179 1841 245 1878 no
272 1826 512 1880 omnibus
544 1824 726 1878 diebus
763 1823 906 1888 .lesu,
947 1833 997 1878 et
1023 1825 1270 1878 omnibus
1300 1826 1484 1879 diebus
1530 1827 1704 1878 senio—

181 1929 292 1966 rum
311 1929 489 1966 eorum
527 1913 618 1981 qui
651 1913 947 1979 longiorum
987 1912 1188 1964 dierum
1219 1908 1430 1964 fuerunt
1456 1921 1575 1978 post
1615 1911 1703 1964 Je-

179 2018 313 2054 sum.
344 2021 362 2054 ι
396 2001 610 2068 Oportet
637 2013 760 2068 ergo
777 1999 915 2052 scire
941 1999 1060 2064 quia
1084 1998 1438 2064 unusquisque
1463 2010 1700 2051 nostrum

179 2092 289 2158 ipse
322 2090 420 2143 sibi
447 2097 678 2155 prastat,
711 2095 767 2138 ut
796 2087 846 2137 in
884 2086 1034 2139 nobis
1061 2086 1246 2138 diebus
1283 2086 1353 2139 sit
1378 2096 1466 2137 aut
1493 2087 1544 2138 in
1592 2102 1704 2138 ma-

179 2180 260 2242 lis,
292 2189 343 2234 et
369 2187 425 2232 ut
457 2181 566 2232 dies
594 2177 704 2246 (27)
735 2175 927 2229 habeat
957 2175 1104 2238 lesu,
1146 2174 1229 2227 vel
1267 2174 1376 2228 dies
1415 2175 1700 2242 justorum,

176 2279 265 2321 aut
317 2270 428 2321 dies
476 2268 665 2320 haheat
701 2266 998 2331 impiorum.
1049 2263 1106 2317 Si
1149 2263 1290 2316 enim
1349 2264 1701 2330 intelligamus

179 2375 196 2406 ι
235 2357 406 2408 lumen
456 2369 635 2407 verum
685 2353 824 2420 quod
877 2351 1136 2404 illuminat
1184 2364 1392 2403 omnem
1432 2352 1698 2405 hominem

1729 1124 1774 1181 Α
1806 1118 1920 1184 ejus
1959 1115 2132 1169 fuisse
2175 1113 2463 1166 videbitur
2501 1107 2658 1178 apud
2690 1119 2830 1171 eos,
2867 1105 2997 1174 qui
3043 1114 3232 1156 eum
3275 1098 3352 1152 in
3386 1105 3668 1152 mortem

1803 1207 1951 1258 falsis
1983 1201 2476 1258 criminationibus
2508 1198 2929 1251 tradiderunt
2962 1193 2998 1246 ?
3049 1188 3468 1257 Quomodo
3532 1188 3672 1240 istis

1803 1295 2132 1347 videbuntur
2184 1290 2303 1342 dies
2345 1287 2587 1355 iustitia:
2644 1294 2709 1338 et
2762 1283 2914 1338 dies
2974 1281 3210 1348 pacis
3267 1279 3544 1336 exorti,
3608 1275 3668 1330 in

1799 1399 2025 1452 quorum
2093 1383 2371 1436 mentibus
2427 1378 2774 1447 iniquitatis
2826 1385 2902 1428 et
2973 1371 3285 1426 furoris
3371 1372 3668 1423 tenebrat

1802 1471 2199 1525 versabantur?
2223 1479 2280 1524 et
2311 1483 2540 1523 rursum
2578 1466 2630 1520 si
2693 1465 2772 1518 ad
2814 1465 2991 1519 illos
3063 1463 3244 1516 dies
3290 1472 3482 1528 quos
3523 1457 3665 1512 Sal-

1798 1569 1954 1614 vator
1983 1560 2165 1628 exegit
2191 1561 2247 1612 in
2279 1574 2482 1624 carne,
2516 1559 2832 1613 referatur
2870 1558 3025 1610 hoc
3069 1553 3292 1622 quod
3335 1551 3664 1617 scriptura

1799 1658 1915 1703 est:
1947 1665 1964 1697 ι
1991 1645 2270 1701 Orietnr”
2291 1649 2346 1702 in
2362 1648 2571 1702 diebus
2590 1649 2731 1717 ejus
2763 1645 3106 1717 justitia,
3161 1655 3245 1698 et
3293 1639 3659 1694 multitudo

1799 1737 1966 1804 pacis,
2001 1756 2020 1788 ι
2065 1750 2212 1789 nunc
2233 1737 2501 1803 quoniam
2533 1751 2655 1791 non
2700 1747 2864 1792 sunt
2902 1736 3016 1789 illi
3063 1735 3269 1796 dies,
3321 1747 3496 1801 ergo
3532 1746 3658 1784 non

1799 1826 1979 1879 oritur
2085 1825 2306 1893 iustitia
2343 1826 2484 1894 ejus.
2526 1840 2642 1880 nec
2677 1826 3087 1879 multitudo
3134 1823 3358 1893 pacis
3412 1821 3656 1876 Christi

1799 1915 1938 1980 apud
1992 1913 2177 1967 fideles
2223 1923 2279 1967 et
2350 1914 2654 1980 religiosos
2713 1913 3130 1966 invenitur.
3214 1911 3447 1980 Magis
3509 1925 3657 1962 vero

1802 2001 2166 2068 unusquisque
2188 2015 2287 2067 pro
2316 2001 2538 2053 actibus
2569 2001 2697 2054 suis
2736 2009 2797 2052 et
2831 2001 3446 2053 conversatione
3484 1999 3651 2060 vitae,

1800 2089 1912 2141 (lies
1963 2089 2064 2142 sibi
2120 2089 2202 2142 vel
2254 2088 2578 2155 iniquitatis
2638 2098 2703 2142 et
2756 2088 2963 2150 belli,
3055 2089 3185 2143 vel
3246 2088 3545 2156 justitia:
3593 2098 3652 2142 et

1800 2176 1950 2244 pacis
1980 2177 2237 2242 acquirit.
2270 2176 2412 2228 Audi
2454 2176 2712 2242 denique
2755 2177 3225 2244 prophetam
3273 2178 3650 2231 dicentem:

1805 2282 1823 2314 ι
1862 2265 2216 2338 Timentibus,
2247 2264 2432 2330 inquit
2467 2264 2540 2326 ⁸⁵,
2577 2279 2811 2317 nomen
2878 2274 3145 2330 tuum,
3226 2267 3508 2322 orietur
3560 2267 3648 2321 sol

1797 2353 2042 2419 jnstitiaa,
2085 2371 2104 2403 ι
2143 2355 2262 2407 sine
2312 2353 2490 2407 dubio
2537 2364 2599 2404 ut
2656 2353 2864 2408 faciat
2932 2356 3063 2410 eis
3123 2357 3295 2412 dies
3342 2357 3646 2425 justitize,

171 2443 471 2495 venientem
535 2443 588 2494 in
647 2441 788 2494 hunc
851 2439 1102 2491 mundum
1157 2437 1228 2500 ",
1272 2457 1290 2488 ι
1348 2446 1401 2490 et
1459 2439 1696 2504 prtebea-
1728 2431 1771 2484 Β
1801 2444 1916 2496 dies
1946 2442 2094 2497 Jesu.
2137 2443 2211 2496 De
2240 2442 2428 2510 impiis
2474 2443 2644 2507 dicit,
2679 2445 2832 2511 quia
2896 2448 3214 2501 occidet
3274 2449 3386 2503 eis
3424 2449 3523 2504 sol
3550 2450 3649 2517 ju-

172 2543 290 2581 mns
339 2527 388 2581 ei
439 2528 504 2580 ad
560 2524 959 2578 illuminandum
1015 2521 1219 2576 animas
1253 2533 1484 2587 nostras,
1528 2535 1617 2578 aut
1654 2528 1698 2580 si

170 2616 332 2686 459
351 2617 554 2670 oriatur
577 2614 728 2666 nobis
757 2611 1095 2678 soljuSIitire,
1127 2621 1180 2664 et
1216 2616 1468 2665 mundum
1506 2616 1699 2668 anima:

140 2707 370 2757 ‘nostra:
415 2702 525 2770 (28)
564 2703 818 2755 habemus
863 2699 1167 2766 hospitium,
1215 2700 1469 2756 habemus
1507 2711 1560 2757 et
1606 2718 1700 2756 nos

174 2793 287 2844 dies
311 2791 434 2845 Jesu
466 2791 682 2852 Christi,
715 2791 824 2843 dies
855 2787 1060 2841 salutis.
1086 2787 1139 2841 Si
1165 2791 1285 2857 quis
1313 2806 1440 2844 vero
1462 2793 1697 2844 animam

173 2895 320 2934 suam
369 2880 651 2947 praabuerit
686 2881 748 2932 ad
784 2882 1142 2948 recipiendam
1184 2882 1354 2934 lucem
1399 2881 1540 2933 illam
1583 2898 1700 2949 quae

173 2972 559 3036 eastinguetur,
605 2968 772 3022 lucem
816 2969 1136 3023 contrariam
1169 2970 1408 3032 veritati,
1459 2979 1508 3022 et
1539 2973 1605 3024 ab
1635 2989 1696 3024 ea

173 3058 332 3112 fuerit
365 3057 711 3120 illuminatus,
745 3058 956 3138 habebit
990 3068 1050 3119 et.
1084 3059 1197 3126 ipse
1227 3059 1360 3122 dies,
1385 3061 1476 3113 sed
1510 3061 1694 3125 malos,

171 3156 224 3200 et
257 3162 361 3199 non
398 3148 501 3200 erit
535 3149 585 3200 in
619 3148 803 3201 diebus
830 3147 973 3212 Jesu,
1000 3149 1092 3203 sed
1125 3150 1226 3202 erit
1268 3149 1321 3202 in
1362 3149 1549 3203 diebus
1582 3152 1695 3204 Ma-

177 3252 352 3300 nasse,
391 3237 474 3290 vel
507 3238 558 3290 in
594 3234 776 3290 diebus
811 3236 1124 3303 Pharaonis,
1160 3239 1241 3293 vel
1272 3238 1321 3291 in
1352 3240 1571 3294 alterius
1601 3256 1696 3294 cu-

170 3328 468 3393 juscunque
507 3324 690 3381 diebus
733 3327 996 3394 pessimis.
1027 3326 1312 3395 Propterea
1368 3330 1594 3396 denique
1641 3332 1695 3384 in

173 3415 361 3470 diebus
392 3415 576 3470 Achab
616 3418 754 3486 regis
803 3417 972 3484 iniqui
1012 3427 1066 3470 et
1108 3418 1326 3486 pessimi
1377 3433 1480 3472 non
1525 3422 1698 3487 potuit

175 3504 340 3556 Isaias
389 3503 575 3558 videre
608 3503 800 3569 visum,
840 3519 943 3557 non
997 3506 1164 3571 potuit
1195 3505 1377 3560 videre
1416 3507 1695 3561 Dominum

175 3591 406 3645 Sabaoth
435 3593 703 3646 sedentem
735 3606 891 3660 super
914 3591 1165 3646 thronum
1192 3594 1460 3648 excelsum
1492 3604 1548 3649 et
1584 3597 1694 3649 ele-

171 3691 372 3734 vatum.
404 3680 508 3734 Sed
531 3693 596 3733 ex
620 3695 724 3749 quo
755 3689 995 3734 mortuus
1031 3689 1112 3734 est
1141 3695 1234 3734 rex
1260 3698 1509 3749 nequam,
1543 3683 1693 3751 cujus

170 3779 324 3823 erant
357 3769 468 3824 dies
495 3769 640 3832 ntali,
675 3778 781 3822 tum
813 3771 986 3838 potuit
1012 3770 1194 3824 videre
1238 3773 1490 3839 propheta
1533 3775 1693 3828 visio-

172 3874 291 3913 nem
315 3859 403 3912 Dei
431 3859 494 3910 ⁸³.
523 3859 586 3912 Et
610 3860 687 3912 vis
711 3873 866 3913 nosse
891 3860 1013 3928 quia
1049 3859 1162 3913 dies
1190 3862 1278 3914 ἱειί
1301 3875 1419 3913 cum
1448 3861 1694 3916 dicuntur

170 3948 226 4000 in
252 3946 544 4015 Scripturls
576 3947 734 4012 illius,
767 3948 855 4000 vel
887 3947 1048 4012 illius,
1081 3961 1186 4000 non
1217 3947 1517 4016 signiﬁcent
1555 3957 1692 4002 tem—

169 4047 267 4098 pus
291 4033 409 4086 vitae
438 4032 576 4088 illius
618 4033 682 4086 de
717 4047 819 4100 quo
853 4033 1066 4097 dicitur,
1117 4032 1198 4087 vel
1233 4035 1533 4100 praesentia:
1576 4050 1692 4087 eor-

170 4119 411 4186 poralis?
453 4121 588 4172 Audi
638 4121 762 4187 quid
789 4121 855 4191 de
886 4121 1070 4176 diebus
1120 4123 1327 4176 Domini
1359 4123 1526 4177 nostri
1568 4121 1690 4178 Jesn

169 4205 363 4260 Christi
383 4207 644 4273 Propheta
665 4210 966 4276 przedixerit
992 4227 1006 4263 :
1042 4228 1060 4260 ι
1091 4211 1396 4275 Exorietur,
1419 4211 1593 4280 inquit
1624 4214 1691 4278 “,

171 4293 223 4344 in
243 4294 424 4347 diebus
441 4293 552 4360 ejus
573 4297 796 4361 iustitia,
819 4306 871 4350 et
911 4298 1232 4351 abundantia
1254 4300 1400 4365 pacis
1417 4315 1692 4368 usquequo

170 4379 454 4434 extollatur
482 4382 625 4435 luna.
661 4403 680 4436 ι
717 4384 828 4439 Hoc
856 4387 900 4438 si
935 4387 1005 4438 ita
1040 4387 1382 4453 accipiamus,
1412 4391 1550 4455 quod
1576 4389 1685 4442 die-

170 4467 271 4518 bus
303 4467 494 4531 quibus
530 4468 774 4523 Salvator
818 4470 1198 4522 demorabatur
1232 4470 1284 4522 in
1331 4472 1511 4535 terris,
1575 4472 1687 4525 dies

169 4553 583 4620 nrantjustitiae,
621 4569 674 4611 et
704 4559 815 4612 dies
842 4559 1010 4625 pacis,
1046 4558 1308 4626 qumnodo
1349 4559 1689 4626 probabimus

169 4644 282 4695 dies
320 4641 538 4708 iustitiae
583 4658 798 4702 exortos
845 4663 962 4701 esse
1001 4649 1064 4701 iis
1097 4649 1188 4714 qui
1237 4663 1358 4701 eum
1397 4651 1679 4704 cruciﬁxe-

169 4738 314 4797 runt,
334 4739 387 4783 et
409 4733 497 4799 qui
529 4735 804 4789 adventum
833 4746 885 4788 et
922 4737 1074 4788 iidem
1113 4735 1230 4801 ejus
1260 4737 1368 4804 (29)
1407 4753 1511 4791 non
1546 4753 1690 4792 rece-

167 4821 397 4884 perunt?
436 4823 538 4876 Aut
587 4825 851 4892 quomodo
893 4823 1176 4876 multitudo
1210 4824 1357 4889 pacis
1411 4826 1461 4876 in
1503 4827 1688 4882 diebus

273 4936 313 4967 ⁶¹
351 4938 470 4994 Jud.
509 4956 566 5001 tt,
603 4940 653 4992 7.
726 4941 768 4971 ⁶²
793 4939 943 4992 Joan.
976 4955 1018 4998 ι,
1042 4937 1095 4991 9.

168 5004 209 5035 ⁸⁷
241 5004 394 5060 Prov.
422 5023 539 5066 xm.
559 5010 623 5071 9;
646 5007 764 5060 Job.
792 5021 942 5072 xvut,
979 5006 1029 5058 5.

1199 4938 1242 4968 ⁵³
1267 4939 1382 4991 lsai.
1415 4955 1465 4992 v.

234 5139 340 5210 (26)
368 5143 583 5212 Collatae
612 5153 735 5197 sunt
783 5154 1063 5212 sequentes
1111 5145 1338 5199 homilize
1370 5162 1488 5201 cum
1525 5152 1692 5206 tribus

168 5221 317 5278 mss"
343 5226 446 5278 uno
476 5211 917 5278 Sangermanensi
947 5221 1002 5266 et
1030 5214 1232 5266 duobus
1258 5215 1689 5271 libroicensibus.

189 5338 197 5345 _
236 5275 342 5340 (27)
373 5277 519 5339 Mss.,
571 5275 603 5327 ι’
631 5290 682 5331 et
725 5289 782 5330 ut
810 5281 941 5332 dies.
987 5299 1003 5330 ι
1049 5279 1102 5331 1η
1158 5280 1282 5333 libb.
1330 5292 1484 5336 antea
1536 5285 1692 5338 editis

170 5351 316 5414 «eest
357 5361 374 5391 ι
408 5353 460 5414 et
493 5353 566 5398 ut.
604 5365 622 5397 ι
661 5346 820 5399 Paulo
852 5357 970 5412 post
996 5346 1122 5399 libb.
1155 5349 1277 5399 editi
1312 5351 1525 5414 habent,
1577 5369 1597 5402 ι
1639 5354 1689 5406 id

169 5408 702 5482 estlilieshjustornm.
743 5433 761 5463 ›
791 5408 938 5476 Mss.,
967 5433 984 5464 ι
1017 5414 1093 5464 vel
1119 5415 1229 5482 dies
1251 5408 1527 5482 justorutn.
1561 5438 1578 5468 ι

239 5472 345 5540 (28)
388 5472 530 5539 Mss,
569 5497 585 5526 ι
610 5472 1027 5536 aninmnoslrw.
1057 5501 1074 5532 ι
1107 5472 1421 5548 ιίὺι).ἐι1ἰιί,
1450 5502 1467 5534 ι
1499 5487 1686 5538 anima:

1572 4946 1615 4975 ⁶⁴⁵
1653 4947 1791 5001 Psal.
1835 4965 1984 5008 mm
2038 4958 2094 5014 7.

1800 2533 1977 2596 stitiaa,
2009 2533 2127 2586 sine
2154 2533 2316 2587 dubio
2364 2532 2477 2585 illis
2524 2534 2580 2586 in
2623 2535 2868 2601 quibus
2903 2535 3224 2602 justitia
3278 2540 3542 2593 dormit
3587 2541 3646 2594 in

1800 2624 1897 2687 eis,
1951 2629 2004 2675 et
2054 2621 2295 2674 tenebrae
2335 2620 2420 2674 eis
2471 2622 2827 2689 iniquitatis
2899 2637 3210 2682 exorta:
3267 2639 3460 2684 sunt.
3539 2628 3646 2685 Vis

1803 2721 1981 2764 autem
2013 2711 2259 2765 similiter
2283 2725 2314 2762 a
2348 2709 2643 2778 Propheta
2671 2711 2952 2768 discere
2992 2719 3142 2783 qui
3188 2721 3338 2773 sint
3383 2722 3497 2788 qui
3533 2722 3646 2774 ha-

1803 2801 1961 2853 beant
1993 2799 2396 2856 multitudinem
2434 2800 2648 2869 pacis?
2685 2801 2866 2855 Audi
2926 2809 3333 2874 quomodo
3375 2809 3541 2865 dicit
3578 2811 3635 2864 in

1800 2889 2027 2941 Psalmis
2054 2889 2138 2942 “z
2173 2908 2191 2940 ι
2230 2891 2346 2943 Pax
2373 2893 2556 2944 multa
2587 2893 3056 2961 diligentibus
3111 2915 3385 2955 nomen
3433 2912 3635 2965 tuum,

1803 2986 1860 3029 et
1895 2991 2000 3028 non
2031 2986 2114 3030 est
2149 2977 2258 3031 illis
2290 2979 2653 3034 scandalum.
2697 3001 2718 3034 ι
2798 2984 2972 3040 Dies
3018 3003 3221 3058 ergo
3256 2992 3544 3060 justitiz
3572 3002 3636 3048 et

1802 3066 2084 3119 multitudo
2121 3066 2272 3133 pacis
2311 3068 2607 3121 exorietur
2654 3072 3146 3140 diligentibus
3201 3095 3459 3136 nomen
3511 3084 3632 3136 Do-

1801 3153 1952 3205 mini.
1985 3153 2089 3206 Sed
2112 3153 2318 3206 habent
2349 3163 2405 3208 et.
2437 3156 2603 3223 impii
2637 3158 2859 3214 lucem
2905 3179 3171 3232 suam,
3207 3185 3298 3224 ex
3337 3187 3466 3240 qua
3496 3173 3630 3227 sine

1799 3241 1964 3294 dubio
1993 3241 2318 3295 exoriuntur
2344 3244 2425 3297 eis
2473 3247 2600 3300 dies
2635 3249 2819 3304 mali.
2883 3253 3016 3309 Vis
3089 3270 3342 3315 autem
3397 3274 3468 3316 et
3512 3264 3626 3317 hoc

1803 3329 1895 3420 tibi
1925 3329 1991 3382 de
2023 3330 2325 3420 Scripturis
2355 3335 2634 3401 probari?
2660 3341 2833 3395 Audi
2878 3347 3065 3413 quid
3107 3353 3462 3420 scriptum
3491 3366 3624 3408 est:

1805 3435 1824 3466 ι
1858 3417 1992 3513 Lux,
2022 3419 2198 3487 inquit
2227 3421 2476 3488 ",justis
2505 3439 2782 3495 semper,
2814 3430 2936 3486 lux
2971 3447 3233 3494 autem
3268 3417 3624 3513 impiorum

1798 3507 2189 3602 exstinguetur.
2226 3528 2245 3561 ι
2282 3509 2446 3566 Vides
2465 3528 2606 3582 ergo
2635 3520 2789 3583 quia
2820 3533 2936 3578 est
2975 3532 3291 3598 propria
3330 3507 3623 3602 quedam

1799 3592 1882 3645 lux
1922 3596 2232 3662 impiorum,
2261 3614 2382 3667 quas
2406 3606 2860 3677 exstinguitur,
2917 3592 2998 3669 et
3065 3592 3199 3676 [ait
3250 3592 3616 3692 justorunt.

1799 3769 1918 3861 quis
1953 3771 2240 3861 intelligat,
2266 3784 2326 3827 ut
2353 3786 2508 3844 putet
2532 3795 2670 3836 esse
2707 3787 3034 3857 aliquam
3082 3769 3618 3861 substantialetn

1800 3855 1992 3956 lucem,
2023 3858 2182 3912 aliam
2219 3876 2343 3929 qua:
2375 3865 2682 3933 int-piorum
2718 3855 3043 3949 dicatur,
3086 3897 3166 3942 et

1794 3945 2086 4052 j'ustorum.
2133 3949 2289 4014 Quod
2354 3956 2548 4023 utique
2611 3962 2784 4016 nullo
2854 3945 3082 4029 modo
3163 3981 3323 4035 ﬁeri

1803 4033 2114 4145 Unauenim
2163 4049 2251 4093 est
2305 4042 2396 4096 lux
2451 4049 2646 4100 mundi
2692 4067 2726 4103 a
2776 4055 2921 4112 Deo
2990 4063 3194 4123 facta
3250 4033 3616 4145 (atii-qui;-

1794 4125 2047 4221 omnibus
2085 4133 2457 4185 communiter
2511 4146 2567 4189 ct
2624 4144 2986 4208 aequaliter
3034 4117 3454 4219 lue-ettvSéd

2121 4216 2153 4269 d
2207 4222 2475 4309 superius
2539 4233 2993 4306 exposuimus,
3080 4246 3610 4309 intelligendum

1792 4310 1892 4363 est,
1941 4302 2083 4369 quod
2131 4307 2315 4360 anima
2351 4321 2545 4366 nostra
2604 4328 2708 4370 aut
2761 4338 2936 4381 vero
2973 4295 3610 4400 'tu...};;°ni:.;i:

1797 4399 1977 4493 natur,
2010 4393 2484 4493 qu-odmunqu-am
2532 4394 3020 4483 ex’stinguetur,
3066 4432 3201 4493 qui

1794 4486 1951 4592 stus;
2001 4489 2094 4531 aut
2141 4480 2189 4532 si
2231 4498 2339 4537 non
2385 4489 2556 4544 habet
2604 4494 2660 4547 in
2715 4513 2784 4552 se
2845 4480 3044 4564 istud
3097 4480 3380 4575 lunae;

1795 4574 2709 4684 itii-numne‘s‘t:Jte-mporaltnstne
2757 4591 2968 4684 dubio
3006 4613 3082 4656 et
3121 4615 3600 4684 exstingnibili

1906 4656 1918 4668 .
2041 4661 2051 4671 .
2201 4664 2212 4676 ,
2555 4676 2564 4685 ,
2779 4681 2791 4690 ⁸
3029 4654 3078 4656 η
3126 4654 3600 4684 -..υ-...οηημη

1792 4654 1992 4765 ltili-Illita
2025 4661 2504 4765 Διιι-ιιιιιοιιιειιιιι·,τῲ
2556 4675 2650 4729 illo
2693 4694 2793 4745 qut
2861 4695 3347 4765 lransﬁgura|
3409 4723 3482 4762 se
3538 4711 3600 4765 in

1793 4746 2046 4811 angelan
2094 4751 2259 4823 lucis,
2305 4769 2363 4813 et
2410 4760 2551 4818 falsa
2593 4739 2728 4821 luce-
2771 4739 3346 4841 illlllltli;';-;D.I-a'
3409 4739 3482 4762 π
3538 4739 3598 4765 η’

1794 4835 1923 4864 ιιι..;ι.
2004 4848 2060 4864 ..ι
2107 4844 2229 4864 ηε,-
2321 4860 2331 4864 _
2505 4858 2516 4864 _
3184 4807 3319 4847 Cor
3353 4813 3598 4864 βεϐρε-

1794 4835 1923 4887 tori'
2147 4844 2160 4856 '
2505 4858 2516 4868 '
2577 4859 2586 4869 '
3065 4835 3139 4841 iw
3188 4835 3302 4847 vv.
3353 4835 3593 4864 Iw“-—

1899 4852 1948 4900 s,
2004 4848 2066 4893 ut
2107 4848 2413 4907 Videantur
2467 4871 2520 4912 et
2577 4858 2666 4912 illa
2704 4875 2841 4916 esse
2880 4865 3073 4928 bona
3116 4890 3190 4934 et
3235 4890 3593 4956 praeclara,

2202 4967 2251 5001 “
2304 4969 2549 5031 Malach.
2583 4993 2657 5044 tv,
2694 4977 2752 5030 2.
2878 4981 2936 5014 ⁸⁸
2969 4987 3174 5050 Psal.
3211 5013 3415 5068 ειη,
3443 5007 3591 5061 165.

3618 5117 3640 5162 ⁴ξ

2117 5189 2138 5222 ι

2117 5254 2208 5309 5.,
2250 5267 2270 5299 ι
2310 5256 2610 5339 adventum
2638 5263 2691 5310 et
2727 5251 2893 5307 iidem
2939 5262 3128 5330 ejus.
3188 5291 3216 5324 ι
3267 5274 3342 5330 In
3381 5288 3593 5342 antea'

2117 5319 2161 5363 »ι
2204 5333 2225 5366 ι
2283 5333 2342 5376 et
2375 5329 2563 5383 tidem.
2605 5347 2622 5378 ι

2037 5369 2213 5446 MSS»
2261 5360 2579 5452 58533:".
2607 5360 2778 5449 'L'tbb.
2803 5393 2984 5457 editi,
3042 5421 3065 5452 ι
3099 5410 3376 5466 orietur

1894 5433 1954 5482 δ’
2037 5438 2216 5502 Μδὸ..
2255 5479 2275 5502 ι
2322 5464 2472 5502 Γειηιιι
2533 5489 2550 5502 ι
2590 5466 2735 5502 Ιῐιιιμ
2774 5459 2910 5502 mihi
2992 5486 3014 5502 ι
3067 5472 3231 5502 diu":
3320 5501 3325 5502 ,
3382 5458 3400 5471 ⁸
3454 5437 3484 5475 ,

2097 5460 2216 5517 $3.,
2255 5479 2276 5511 ι
2322 5464 2496 5526 facta,
2533 5489 2551 5522 ι
2590 5466 2738 5522 Lilll).
2774 5459 2940 5525 Cdlll,
2992 5486 3014 5518 ι
3065 5459 3340 5534 facti—io
