3806 6250
85 251 262 419 ,Α

1311 314 1378 369 ΙΝ
1411 313 1665 370 LIBRUM
1699 314 1988 371 JUDICUM
2027 305 2309 369 llOMlLlA
2347 298 2385 353 Ι.

3352 302 3453 356 954

127 391 826 519 Λὶῖηῇἓνῗῗξηιῑα
865 432 934 478 et
963 428 1191 484 caduca.
1240 429 1347 486 Isto
1391 432 1591 487 lumine
1618 434 1813 489 iilumi-
1842 440 1886 495 Α
1914 444 1969 489 et
2015 424 2303 519 praeceptis
2346 423 2464 519 suis
2491 422 2798 519 illuminant
2834 425 3338 519 corda-nostranet-
3368 419 3448 471 ra-

108 482 209 598 ‘1;
230 482 673 598 αξξιιξδξξὶῑ-(ιυῖ
727 516 1039 570 summum
1103 482 1809 591 bonum—uoluptatem};

149 567 204 598 π
657 587 673 600 .
1103 567 1294 573 η--νη
1359 567 1666 590 ·ν“·ιν“-·-ν·--
1714 567 1782 591 νι-

149 567 765 679 νθσδδδῐοὶιξιιιωθ
827 600 1224 661 illuminantur
1268 609 1342 663 illi
1393 610 1483 679 qni
1522 612 1732 666 divitias
1761 624 1815 668 et

176 670 614 775 “nores-S32)
670 690 880 745 saeculi
925 703 985 747 et
1038 705 1302 751 terrenam
1357 670 1608 768 gloriam.
1664 705 1812 768 (ιιιειεί

208 766 544 856 aelii-“alii
589 778 947 832 memoriam
979 795 1245 849 quaerunt.
1292 766 1427 839 Sunt
1472 801 1600 856 ergo
1632 766 1719 843 isti
1760 789 1813 844 iu

231 854 424 922 «κώπη
462 855 616 914 lucis
670 861 804 930 eius
870 883 996 937 qua:
1049 873 1434 941 exstinguetur.
1477 854 1664 930 omnia
1701 877 1816 932 haec

258 964 366 1022 quin
394 960 567 1019 agunt
614 964 675 1009 et
722 974 855 1024 quae
904 964 1208 1018 desiderant
1250 975 1303 1019 et
1343 966 1580 1035 cupiunt,
1618 968 1818 1022 exstin-

251 1048 515 1111 guuntur.
546 1041 661 1097 Hoc
693 1044 906 1102 lumine
934 1049 1306 1105 illuminantur
1329 1061 1383 1106 et
1418 1054 1672 1120 haeretici,
1697 1055 1814 1110 falsi

248 1129 499 1185 nominis
517 1130 808 1188 scientiam
849 1139 1225 1203 praedicantes.
1259 1139 1392 1196 Hinc
1423 1141 1654 1197 Marcion
1695 1143 1816 1196 illu-

241 1220 530 1281 minatus,
562 1219 733 1272 Deum
766 1221 1147 1291 iegisjustum,
1177 1225 1271 1279 sed
1309 1240 1412 1280 non
1444 1228 1636 1282 bonum
1666 1231 1810 1283 dicit.

239 1303 301 1357 Si
342 1319 486 1373 ergo
514 1317 665 1360 recte
706 1307 1077 1364 intelleximus
1123 1313 1214 1379 qui
1265 1313 1371 1366 sint
1411 1314 1555 1380 quia
1592 1315 1815 1370 Domino

230 1400 456 1445 nostro
491 1390 622 1447 Jesu
671 1394 889 1448 Christo
931 1412 1057 1452 vero
1098 1399 1293 1454 lumine
1334 1399 1720 1464 illuntinantur,
1760 1411 1814 1457 et

227 1482 343 1547 qui
392 1480 501 1534 sint
527 1481 648 1537 dies
674 1484 765 1550 qui
801 1485 868 1539 ab
899 1484 995 1539 illo
1024 1486 1413 1555 illuminantur,
1441 1489 1530 1557 qui
1558 1504 1617 1544 se
1643 1499 1811 1546 trans-

221 1566 461 1636 figurat
493 1569 550 1623 in
582 1575 839 1639 angelum
872 1573 1006 1629 lucis
1036 1613 1052 1639 ,
1090 1585 1142 1630 et
1194 1577 1344 1645 cujus
1392 1578 1569 1631 lumen
1614 1582 1814 1637 exstin-

221 1656 483 1722 guitur,
540 1669 920 1725 competenter
971 1664 1265 1733 intelligere
1318 1680 1595 1734 possumus
1653 1670 1809 1723 etiam

218 1745 397 1798 istos
416 1743 548 1800 Jesu
580 1724 825 1812 Domini,
851 1749 917 1803 de
941 1724 1344 1817 quibusvdicitur
1371 1756 1511 1822 quod
1538 1773 1555 1806 ι
1591 1758 1811 1810 servivit
1843 1724 1884 1782 Β

222 1833 490 1899 populus
538 1833 776 1886 Domino
823 1836 1070 1890 omnibus
1114 1838 1300 1893 diebus
1346 1839 1511 1907 Jesu;
1553 1860 1571 1892 ι
1608 1852 1809 1895 certum

220 1935 497 1989 namque
516 1930 606 1975 est
631 1926 775 1990 quod
804 1925 895 1992 qui
931 1926 1092 1980 habet
1123 1927 1173 1980 in
1213 1941 1269 1981 se
1297 1928 1411 1983 dies
1438 1928 1587 1993 Jesu,
1612 1932 1813 1984 serviat

220 2009 527 2064 Domino:
565 2026 671 2065 nec
710 2012 831 2065 fieri
880 2022 1076 2080 potest,
1128 2024 1185 2068 ut
1228 2016 1429 2071 habens
1458 2017 1510 2070 in
1536 2031 1595 2073 se
1619 2019 1810 2086 aliquis

218 2098 373 2151 dies
396 2097 527 2152 Jesu
562 2108 618 2153 et
650 2098 834 2154 lumen
863 2101 1061 2155 Christi
1090 2104 1287 2156 serviat
1317 2103 1540 2167 Zabulo,
1576 2114 1667 2159 aut
1699 2121 1812 2159 ser-

219 2187 365 2240 viat
394 2189 689 2242 avaritize:
729 2203 830 2243 nec
857 2198 1034 2256 potest
1074 2189 1189 2244 fieri
1238 2200 1296 2243 ut
1327 2192 1656 2247 illuminetur
1693 2196 1811 2262 quis

220 2275 463 2331 lumine
494 2277 752 2331 veritatis
778 2286 833 2331 et
875 2279 1077 2332 serviat
1125 2282 1442 2336 mendacio:
1502 2299 1600 2337 nec
1641 2294 1813 2351 potest

227 2365 603 2421 illuminatus
635 2365 839 2420 lumine
882 2367 1344 2432 sanctificationis,
1392 2371 1596 2425 libidini
1628 2380 1679 2425 et
1707 2374 1808 2437 im-

228 2454 541 2506 xnnnditize
613 2456 916 2508 deservire.
970 2455 1207 2523 Denique
1272 2457 1350 2511 sic
1420 2466 1471 2511 et
1531 2458 1811 2526 Apostolus

236 2540 390 2592 dicit
420 2540 466 2570 ⁸⁸
494 2556 509 2592 :
543 2559 563 2590 ι
602 2540 740 2606 Quae
762 2543 906 2595 enim
935 2543 1274 2611 participatio
1318 2552 1400 2597 est
1441 2545 1659 2613 iustitia:
1688 2562 1807 2601 cum

234 2627 546 2696 iniquitate
564 2628 590 2681 ?
612 2629 729 2682 Aut
747 2645 868 2697 qua:
895 2630 1131 2685 societas
1156 2632 1259 2685 luci
1287 2633 1353 2685 ad
1377 2634 1660 2688 tenebras?
1683 2635 1810 2701 Qum

235 2725 431 2769 autem
475 2720 845 2772 consonantia
890 2719 1107 2775 Christo
1150 2735 1273 2773 cum
1317 2721 1525 2775 Belial?
1554 2724 1654 2776 Aut
1691 2739 1810 2791 qua:

232 2819 372 2872 pars
397 2807 550 2859 fideli
582 2821 714 2860 cum
749 2806 998 2861 infideli?
1038 2827 1057 2859 ι
1105 2806 1330 2863 Oremus
1367 2825 1492 2879 ergo
1523 2821 1579 2865 ut
1603 2827 1810 2880 semper

236 2894 295 2945 in
335 2896 502 2949 nobis
546 2895 810 2949 Christus
853 2898 943 2965 qui
992 2908 1074 2951 est
1127 2897 1216 2949 lux
1270 2912 1416 2963 vera,
1474 2899 1631 2953 faciat
1695 2900 1807 2954 dies

233 2979 434 3045 bonos,
471 2996 583 3037 nec
628 2997 870 3051 unquam
895 2985 959 3039 de
984 2985 1187 3039 Zabulo
1217 3000 1313 3039 nos
1344 2984 1673 3040 illuminante
1697 2985 1804 3055 (35)
1832 3012 1873 3067 ο

230 3069 545 3127 habeamus
601 3072 661 3125 in
717 3072 876 3125 nobis
931 3073 1045 3127 dies
1098 3074 1289 3139 malos,
1338 3075 1404 3129 de
1444 3076 1632 3142 quibus
1676 3076 1805 3128 dicit

225 3156 537 3223 Apostolus
574 3160 624 3190 ⁸⁸
660 3177 673 3211 :
725 3176 743 3208 ι
774 3159 1114 3215 Redimentes
1145 3170 1367 3228 tempus,
1405 3163 1655 3228 quoniam
1690 3164 1805 3217 dies

222 3248 344 3300 mali
380 3254 556 3302 sunt.
604 3263 627 3294 ι
691 3246 817 3299 Dies
863 3247 1004 3300 enim
1053 3249 1221 3302 malos
1269 3250 1547 3311 habemus,
1596 3250 1805 3317 quando

217 3336 476 3389 earnalia
531 3348 646 3402 pro
696 3334 1025 3401 Spiritalibus
1071 3336 1378 3402 quaerimus,
1437 3347 1649 3390 terrena
1708 3352 1805 3405 pro

208 3423 590 3485 scelestibus,
637 3435 742 3488 pro
787 3423 1002 3475 aeternis
1032 3425 1252 3488 caduca,
1279 3427 1559 3492 praesentia
1598 3440 1693 3493 pro
1721 3427 1803 3479 fu-

202 3511 366 3568 turis.
408 3510 478 3566 Si
536 3509 773 3577 quando
797 3524 923 3576 ergo
960 3510 1321 3578 hujuscemodi
1361 3514 1414 3566 in
1458 3524 1507 3568 te
1545 3515 1805 3568 desideria

192 3594 422 3656 Videris
456 3597 719 3663 exoriri,
757 3599 896 3652 scito
923 3606 973 3652 te
1001 3599 1055 3653 in
1083 3600 1272 3656 diebus
1301 3601 1453 3655 malis
1474 3610 1527 3656 et
1560 3603 1807 3670 pessimis

183 3682 372 3761 £60
407 3691 686 3759 positum
714 3703 729 3741 :
757 3698 809 3742 et
840 3688 958 3741 ideo
991 3686 1176 3743 insiste
1206 3692 1537 3745 orationibus
1577 3701 1634 3743 ut
1675 3691 1806 3743 lihe-

183 3784 341 3835 reris
385 3795 423 3833 a
474 3779 587 3832 die
625 3776 745 3840 illo,
794 3787 874 3840 et,
928 3778 1067 3832 sicut
1118 3779 1245 3833 dicit
1293 3778 1568 3848 Apostolus
1606 3779 1673 3842 '°,
1702 3781 1807 3832 cri-

181 3865 380 3932 piaris
427 3888 452 3920 σ
496 3868 579 3922 de
632 3869 885 3933 praesenti
934 3867 1130 3922 saeculo
1176 3868 1314 3921 main
1362 3885 1377 3932 ;
1437 3885 1457 3919 ι
1520 3869 1619 3921 hoc
1666 3868 1805 3922 enim

184 3962 420 4024 modo,
492 3954 661 4023 quod
714 3957 961 4022 superius
1017 3957 1273 4021 diximus,
1320 3972 1422 4011 non
1476 3956 1646 4009 solum
1696 3957 1810 4013 dies

182 4044 345 4103 ﬁunt
385 4046 542 4101 mali
566 4082 585 4108 ,
622 4046 721 4098 sed
764 4055 819 4100 et
844 4046 1095 4101 saeculum
1129 4047 1354 4103 edicitur
1382 4047 1599 4101 malum.

263 4137 335 4190 2.
389 4154 412 4185 ι
466 4133 734 4187 Servivit
803 4149 930 4203 ergo
988 4135 1213 4204 populus
1263 4134 1506 4197 Domino,
1565 4135 1808 4188 omnibus

189 4223 414 4280 diebus
465 4222 644 4283 Jesu,
683 4230 738 4274 et
761 4222 1009 4275 omnibus
1049 4224 1315 4277 seniorum
1354 4222 1539 4278 diebus
1569 4224 1656 4290 qui
1688 4222 1805 4277 fue-

1912 522 2064 575 ciunt
2096 517 2260 572 etiam
2288 512 2385 579 ipsi
2415 514 2528 568 dies
2567 511 2818 580 quosdam
2851 510 2904 563 iu
2932 510 3086 564 nobis
3116 522 3181 559 ex
3216 505 3299 559 illa
3326 508 3444 562 luce

1913 626 2070 677 quam
2096 607 2196 675 ipsi
2229 619 2292 659 ex
2329 618 2452 656 vera
2483 604 2602 658 luce
2627 599 2930 671 participati
2966 607 3108 664 sunt,
3133 597 3443 651 venientes?

1912 698 2012 762 Qui
2043 711 2171 763 ergo
2200 692 2530 747 illuminatur
2559 700 2613 744 et
2650 688 2930 742 instruitur
2960 702 3026 741 ex
3077 686 3438 755 apostolorum

1912 785 2208 852 praeceptis,
2259 790 2312 835 et
2352 781 2416 833 ad
2454 780 2724 834 servitium
2761 777 2963 830 Domini
3015 775 3319 842 apostolicis
3352 789 3435 825 re-

1913 873 2047 941 gulis
2071 869 2368 933 instruitur,
2399 869 2497 923 iste
2523 876 2603 921 est
2633 866 2720 934 qui
2748 864 2956 919 servire
2983 862 3179 915 dicitur
3216 860 3437 913 Domino

1912 963 1964 1015 iu
1994 960 2177 1013 diebus
2215 957 2478 1011 seniorum
2533 955 2624 1022 qui
2666 953 2881 1006 fuerunt
2931 959 3048 1019 post
3088 948 3291 1002 Jesum.
3341 947 3435 1001 Vis

1914 1058 2091 1100 autem
2143 1044 2324 1098 videre
2352 1044 2473 1110 quia
2513 1043 2651 1094 sicut
2683 1040 2928 1093 Salvator
2960 1056 2978 1088 c
3010 1044 3124 1090 erat
3158 1037 3245 1088 lux
3285 1049 3434 1098 vera,

1913 1149 2030 1200 qute
2058 1132 2321 1185 illuminat
2346 1143 2555 1182 omnem
2577 1125 2845 1179 hominem
2883 1122 3180 1177 venientem
3212 1120 3265 1172 in
3294 1119 3437 1171 hunc

1912 1220 2166 1273 mundum
2200 1220 2265 1282 ",
2303 1237 2322 1268 ι
2359 1218 2430 1269 ita
2456 1225 2511 1269 et
2539 1214 2759 1283 apostoli
2800 1213 2883 1264 lux
2923 1218 3075 1262 erant
3116 1207 3294 1261 mundi
3323 1206 3346 1258 ἲ
3377 1206 3434 1259 ln

1919 1307 2206 1376 Evangelia
2228 1308 2484 1373 scriptum
2508 1312 2611 1367 est,
2639 1303 2847 1356 dicente
2874 1300 3094 1353 Domino
3124 1297 3188 1349 ad
3220 1309 3313 1350 eos
3343 1295 3388 1326 "
3418 1312 3433 1347 :

1916 1415 1935 1448 ε
1967 1397 2073 1451 Vos
2114 1396 2244 1449 estis
2292 1394 2380 1446 lux
2428 1393 2631 1446 mundi.
2674 1408 2692 1441 ι
2729 1389 2875 1454 Quod
2910 1387 2954 1441 si
2998 1387 3162 1439 etiam
3209 1383 3432 1451 apostoli

1909 1484 1996 1537 lux
2030 1490 2154 1537 sunt
2180 1482 2382 1547 mundi,
2416 1481 2532 1534 sine
2564 1479 2727 1533 dubio
2757 1491 2852 1545 per
2883 1482 3147 1543 praecepta
3190 1482 3243 1526 ct
3285 1487 3435 1524 man-

1909 1573 2031 1627 data
2064 1584 2158 1625 sua
2194 1568 2494 1623 illuminant
2519 1567 2671 1620 nobis
2701 1565 2838 1629 dies,
2880 1563 2933 1616 iu
2961 1561 3166 1630 quibus
3206 1559 3431 1614 Domino

1910 1661 2221 1716 serviamus.

1979 1748 2032 1801 '5.
2073 1746 2221 1811 Quod
2266 1752 2443 1798 autem
2484 1742 2655 1795 dixit:
2690 1757 2708 1790 ι
2744 1738 3002 1793 Omnibus
3030 1738 3218 1790 diebus
3260 1736 3435 1789 senio-

1909 1850 2048 1899 rum,
2077 1836 2166 1901 qui
2198 1834 2498 1901 longiorum
2536 1830 2737 1884 diernm
2763 1827 2982 1879 fuerunt
3018 1834 3137 1892 post
3168 1823 3373 1886 .iesum,
3410 1841 3431 1875 ι

1908 1939 2007 1977 nec
2045 1924 2145 1976 hoc
2171 1923 2299 1976 mihi
2322 1921 2493 1973 otiose
2521 1919 2718 1972 dictum
2759 1916 2987 1976 videtur,
3039 1912 3174 1980 quod
3215 1911 3432 1979 longaevi

1908 2013 1990 2066 vel
2021 2011 2319 2079 longiorum
2351 2008 2557 2060 dierum
2589 2005 2841 2058 dicuntur
2882 2016 3000 2063 esse
3048 2001 3305 2065 seniores,
3340 2001 3431 2068 qui

1908 2108 2027 2168 post
2048 2097 2225 2151 Jesum
2265 2096 2498 2149 fuerunt.
2529 2092 2593 2145 Et
2611 2091 2822 2159 quidem
2849 2089 2936 2142 Dei
2970 2097 3050 2142 est
3079 2089 3244 2142 solius
3268 2102 3427 2142 nosse

1911 2197 2027 2255 post
2054 2184 2232 2239 Jesum
2260 2184 2381 2252 quis
2410 2181 2569 2235 fuerit
2602 2181 2738 2233 inter
2760 2179 2999 2233 seniores
3026 2178 3117 2244 qui
3145 2178 3432 2242 longiorem

1908 2277 2046 2330 diem
2090 2273 2289 2333 fecerit,
2340 2272 2391 2325 id
2426 2278 2524 2332 est,
2559 2269 2649 2338 qui
2684 2268 2940 2334 majorem
2986 2280 3052 2319 ex
3093 2279 3151 2318 se
3196 2262 3438 2317 emiserit

1908 2365 2098 2426 lucem,
2138 2370 2313 2414 utrum
2361 2359 2568 2419 Petrus,
2622 2371 2690 2409 an
2720 2355 2942 2419 Paulus,
2981 2353 3427 2414 Bartholomreus,

1908 2468 1972 2505 an
2039 2450 2329 2504 Joannes:
2386 2454 2747 2500 verumtamen
2821 2444 3116 2512 longiorum
3190 2441 3437 2495 dicuntur

1907 2539 2111 2591 dierum
2135 2536 2329 2590 sancti.
2360 2534 2674 2588 Econtrario
2720 2546 2848 2586 vero
2892 2540 3045 2597 tunc;
3085 2530 3297 2600 quando
3334 2529 3436 2582 iste

1908 2626 2134 2679 mundus
2192 2623 2346 2679 malis
2397 2622 2694 2689 replebitur
2731 2620 2865 2690 (54),
2912 2618 3129 2687 quando
3175 2634 3196 2668 ι
3231 2617 3433 2669 incres-

1908 2723 2060 2769 cente
2106 2713 2383 2781 iniquitate
2417 2699 2732 2780 refrigescet
2780 2708 3016 2763 charitas
3053 2707 3338 2759 multorttm
3367 2704 3434 2768 ",

1909 2814 1963 2857 et
1984 2803 2196 2869 quando
2233 2801 2456 2854 veniens
2495 2799 2662 2853 Filius
2718 2797 2969 2856 hominis,
3023 2791 3235 2848 dillicile
3280 2795 3434 2846 fidem

1909 2893 2143 2945 inveniet
2168 2904 2330 2958 super
2359 2899 2555 2942 terram
2591 2888 2817 2951 ",itunc
2853 2900 2957 2939 non
2987 2884 3237 2938 dicuntur
3270 2883 3436 2936 futuri

1908 2979 2050 3046 longi
2090 2979 2226 3041 dies,
2268 2977 2360 3030 sed
2409 2975 2580 3043 magis
2623 2974 2924 3029 abbreviari
2983 2972 3251 3036 dicuntur,
3300 2971 3438 3025 sicut

1906 3067 2038 3120 dixit
2065 3066 2316 3119 Dominus
2343 3064 2411 3127 ",
2429 3066 2579 3131 quiat
2597 3065 2696 3117 nisi
2720 3064 3015 3118 abhreviati
3059 3065 3284 3118 fuissent
3323 3062 3437 3114 dies

1906 3155 1999 3218 illi,
2041 3168 2145 3206 non
2184 3152 2333 3206 fieret
2374 3152 2519 3205 salva
2561 3151 2667 3204 ulla
2717 3166 2864 3206 caro.
2910 3170 2929 3205 ›
2991 3152 3110 3205 Mali
3149 3166 3279 3219 ergo
3318 3152 3431 3206 dies

1906 3237 2136 3291 breviari
2181 3235 2721 3304 dicuntur:longmvi
2770 3245 2945 3291 autem
2990 3247 3135 3304 sunt,
3180 3247 3235 3293 et
3284 3238 3435 3292 multi

1906 3324 2158 3392 temporis
2186 3333 2238 3376 et
2276 3325 2489 3390 grandis
2517 3326 2912 3392 quodammodo
2945 3328 3102 3394 spatii
3137 3328 3251 3382 dies
3288 3327 3434 3390 boni,

1904 3415 1956 3467 iu
2005 3412 2197 3480 quibus
2243 3412 2464 3465 Domino
2516 3413 2794 3466 servimus.
2852 3413 2987 3466 Vide
3019 3422 3195 3468 tamen
3230 3415 3354 3483 quia
3383 3421 3438 3468 et

1905 3503 2005 3555 hoc
2051 3501 2349 3569 designavit
2401 3500 2454 3552 in
2502 3499 2790 3568 Evangelia
2829 3500 2893 3564 ⁷⁷,
2948 3502 3091 3568 quod
3153 3518 3172 3551 ο
3219 3510 3438 3570 propter

1907 3591 2110 3644 electos
2153 3588 2537 3642 breviabuntur
2581 3588 2696 3642 dies
2749 3589 2844 3642 illi.
2880 3606 2898 3639 ι
2930 3589 3125 3643 Electis
3158 3604 3284 3659 ergo
3311 3591 3437 3644 bre-

1903 3682 2189 3733 viabuutur
2236 3678 2351 3730 dies
2394 3677 2548 3741 mali,
2593 3678 2706 3731 dies
2739 3677 3038 3745 iniquitatis
3076 3684 3130 3731 et
3156 3676 3434 3731 scandali:

1905 3777 1956 3822 et
1998 3776 2057 3819 ut
2087 3781 2184 3835 ego
2227 3767 2481 3829 arbitror,
2530 3779 2650 3819 cum
2691 3767 2858 3820 semel
2916 3767 3102 3821 eiectis
3149 3767 3265 3820 dies
3309 3766 3435 3819 mali

1907 3859 2167 3928 cmperint
2195 3854 2442 3918 breviari,
2481 3868 2693 3923 semper
2736 3855 3049 3912 breviantur
3083 3864 3138 3909 et
3185 3855 3436 3912 minuun-
3472 3860 3479 3865 ’

1908 3956 1993 4000 tur
2028 3944 2164 4016 (35),
2190 3958 2359 4011 usque
2404 3944 2526 3996 dum
2563 3945 2629 3997 ad
2659 3945 2880 3998 nihilum
2905 3946 3239 4014 redigantur,
3265 3957 3321 4002 et
3344 3960 3441 4017 pe-

1905 4037 2047 4090 nitus
2090 4033 2394 4088 exolescant
2442 4045 2601 4105 atque
2652 4035 2716 4086 ad
2777 4034 3019 4088 ultimum
3066 4047 3303 4105 pereant.
3359 4038 3436 4091 Ex

1904 4124 2096 4191 quibus
2144 4137 2306 4186 unus,
2360 4134 2505 4190 puto,
2554 4132 2675 4179 erat
2718 4132 2772 4177 et
2817 4122 2905 4176 ille
2949 4124 3038 4191 qui
3089 4124 3300 4181 dicebat
3347 4128 3432 4181 πε

1913 4231 1930 4263 ι
1972 4213 2165 4266 Pereat
2211 4214 2299 4265 illa
2330 4215 2445 4267 dies
2494 4213 2546 4267 in
2574 4229 2676 4281 qua
2731 4222 2886 4266 natus
2934 4228 3072 4266 sum.
3113 4233 3132 4267 ι
3179 4214 3268 4269 Sic
3308 4231 3436 4285 ergo

191 4312 323 4368 τίηι
380 4320 532 4383 post
590 4310 779 4364 ,ιυειηη
820 4310 886 4361 τι,
930 4329 950 4362 ,
998 4310 1193 4366 Beatus
1243 4321 1327 4366 εει
1372 4313 1461 4380 qui
1511 4312 1564 4365 in
1617 4313 1800 4366 diebus
1835 4311 1878 4364 Ι)
1903 4302 2086 4355 electis
2126 4299 2239 4355 dies
2270 4302 2393 4354 mali
2421 4301 2726 4355 breviantnr
2760 4309 2814 4354 et
2842 4309 3070 4369 pereunt
3108 4304 3267 4357 :dies
3309 4318 3436 4359 vero

194 4395 340 4456 Jesn
398 4398 601 4456 servit
645 4396 896 4461 Domino,
947 4399 1034 4465 qui
1068 4400 1230 4453 verbo
1280 4408 1334 4453 et
1381 4401 1638 4468 sapientia
1689 4401 1804 4469 ejus
1899 4390 2164 4446 seniorum
2205 4397 2508 4443 sanctorum
2555 4389 2775 4456 longaevi
2805 4397 3011 4443 suntet
3044 4390 3264 4456 prolixi.
3327 4390 3439 4445 Sed

198 4489 613 4550 illuminatur,
650 4488 741 4555 qui
783 4489 1058 4556 praeceptis
1093 4489 1211 4556 eius
1257 4489 1571 4552 illustratur,
1620 4491 1707 4557 qui
1739 4506 1804 4544 ex
1899 4488 1952 4534 et
1973 4479 2097 4533 illud
2134 4478 2271 4547 quod
2317 4477 2621 4532 dicentibus
2656 4478 2807 4533 nobis
2840 4480 3100 4543 occurrit,
3133 4491 3186 4533 et
3227 4482 3435 4534 utinam

211 4576 486 4634 doctrina
553 4572 678 4640 ejus
748 4575 945 4641 accipit
995 4575 1174 4628 iumen
1245 4576 1506 4630 scientias.
1562 4576 1806 4631 Secundo

218 4676 413 4721 autem
456 4667 619 4730 loco,
659 4670 713 4715 et
754 4663 845 4716 ille
880 4671 999 4730 post
1039 4663 1183 4717 hunc
1226 4672 1309 4717 est
1354 4664 1577 4726 beatus,
1628 4666 1718 4732 qui
1753 4666 1805 4719 itt

216 4754 428 4810 diebus
462 4752 755 4807 seniorum
795 4751 888 4819 qui
929 4750 1145 4805 fuerunt
1171 4760 1291 4818 post
1340 4751 1543 4815 Jesum,
1576 4752 1801 4809 Domino

233 4847 430 4896 servit.
465 4838 739 4893 Seuiores
765 4840 854 4906 qui
890 4838 969 4892 vel
1002 4852 1126 4892 cum
1156 4838 1304 4905 Jesu,
1340 4841 1420 4895 vel
1455 4849 1576 4907 post
1620 4840 1801 4895 Jesum

240 4933 491 4995 fuerunt,
520 4931 623 4999 qui
654 4937 783 4983 sunt
814 4930 912 4983 nisi
940 4928 1200 4998 apostoli,
1231 4933 1321 4997 qui
1349 4940 1403 4984 et
1448 4932 1547 4999 ipsi
1593 4931 1806 5000 scriptis

314 5090 360 5123 ⁸⁸
386 5088 452 5142 ll.
484 5089 617 5141 Cor.
639 5101 716 5149 vt,
747 5084 834 5144 M,
863 5085 947 5137 l5.
1024 5086 1081 5150 “7
1101 5077 1289 5147 Epltes.
1315 5098 1367 5145 v,
1387 5084 1470 5137 l6.
1544 5085 1589 5150 '7“
1608 5084 1727 5139 Gal.
1766 5102 1802 5150 ι,
1832 5107 1864 5138 ιι

252 5156 300 5189 η
336 5157 536 5210 ηεαδ,
587 5169 759 5217 xx",
801 5152 888 5205 12.
960 5152 1010 5183 ⁷⁸
1061 5149 1193 5202 Luc.
1254 5166 1416 5214 xvm,
1463 5151 1515 5204 8.
1554 5149 1599 5179 ⁷⁸
1638 5155 1812 5207 Matth.

1920 5151 2105 5214 tv,‘2:?..
2180 5153 2223 5182 ⁷⁷
2248 5153 2376 5207 ibid.
2452 5154 2497 5185 ⁷⁸
2539 5153 2639 5208 Job
2688 5167 2769 5216 ttt,
2810 5153 2865 5205 5.

326 5328 437 5393 ('52)
485 5326 641 5380 Unus
697 5325 867 5393 codex
907 5321 1267 5393 Ehroicensis,
1312 5339 1333 5371 ι
1360 5324 1450 5391 qui
1501 5326 1712 5380 divitias
1752 5336 1806 5381 et

250 5389 568 5460 voluptates
597 5392 863 5460 pessimas
887 5399 940 5460 et
966 5389 1215 5439 honores.
1250 5407 1272 5460 ε
1297 5455 1326 5460 __
1353 5389 1393 5460 ς
1656 5446 1657 5453 κ

312 5452 445 5541 ,(33)
485 5452 648 5521 Μεεῖ,
710 5473 731 5505 ι
774 5455 1136 5507 illutninante.
1185 5472 1204 5504 ι
1250 5452 1403 5510 Libb.
1443 5460 1586 5522 editi,
1637 5475 1656 5509 α
1688 5460 1806 5515 illu-

242 5540 468 5663 11υὲἳῖ
486 5542 645 5644 ﬁnus
670 5588 864 5653 codex,
913 5604 929 5636 α
957 5600 1099 5639 nunc
1135 5601 1252 5639 cum
1278 5590 1536 5647 scandulis
1576 5597 1805 5652 mundus

1872 5128 1886 5142 ,
1959 5083 2003 5116 τί
2037 5082 2156 5135 Jutl.
2190 5099 2249 5147 tt,
2281 5084 2332 5137 7.

1902 4569 2121 4622 Domino
2167 4575 2480 4635 suggerente
2505 4569 2801 4621 occurrerit
2836 4569 2970 4637 (36),
3008 4569 3438 4636 pra'tereundum

1906 4673 2012 4713 non
2039 4665 2140 4720 est,
2175 4656 2316 4724 quod
2343 4656 2478 4710 dixit
2498 4655 2566 4722 ",
2596 4658 2719 4725 quia
2772 4676 2790 4709 ι
2818 4660 3039 4713 servivit
3083 4660 3306 4728 populus
3334 4659 3435 4724 Do-

1909 4747 2053 4800 mino
2078 4743 2325 4797 omnibus
2354 4743 2544 4799 diebus
2573 4744 2699 4800 Jesu
2729 4763 2744 4810 ;
2778 4764 2796 4797 »
2824 4761 2927 4802 non
2957 4748 3090 4801 dixit
3114 4762 3273 4800 unum
3298 4748 3441 4801 diem

1908 4838 2071 4893 fuisse
2120 4836 2267 4905 Jesu,
2301 4840 2394 4894 sed
2444 4840 2593 4894 multi
2624 4848 2748 4895 sunt
2795 4841 2907 4896 dies
2943 4840 3088 4897 Jesu.
3134 4840 3276 4906 Quos
3307 4852 3438 4908 ergo

1910 4926 2019 4998 (57)
2051 4927 2244 4983 multos
2275 4928 2520 4997 ponimus
2548 4928 2666 4984 dies
2692 4931 2987 4986 secundum
3017 4930 3157 4983 hunc
3190 4927 3438 4982 ordinem

2954 5084 2999 5116 "
3031 5082 3216 5136 Matth.
3259 5095 3311 5137 ν.
3346 5081 3438 5135 η.

2435 5086 2479 5116 ⁷⁸
2517 5084 2670 5138 Joan.
2716 5101 2754 5148 ι,
2796 5085 2848 5138 9.
2954 5084 2999 5116 "
3031 5084 3216 5136 Matth.
3259 5095 3311 5137 ν.

2452 5154 2497 5185 ⁷⁸
2539 5153 2639 5208 Job
2688 5167 2769 5210 ιιι.
2810 5153 2865 5205 5.
2948 5152 2991 5183 ⁷³
3031 5150 3151 5203 Jud.
3184 5161 3246 5210 tt,
3276 5147 3333 5198 7.

1910 5327 2217 5381 replebitur.
2255 5344 2273 5376 ι

1970 5342 2275 5462 ιὶἕὲςηῧῗιοηέ
2308 5407 2429 5451 ms.,
2471 5409 2488 5441 ς
2518 5392 2988 5462 breviabunturet
3007 5385 3347 5462 minuentur.
3361 5394 3402 5462 Α»

1976 5447 2085 5530 (56)
2128 5461 2271 5515 Unus
2296 5447 2428 5521 ιιιεῑη⁷
2458 5477 2475 5508 ι
2511 5455 2821 5511 occurrerit.
2859 5471 2877 5503 ι
2912 5453 3063 5506 Libb.
3090 5447 3245 5507 editt,
3287 5458 3310 5492 ι
3353 5457 3450 5500 oc.

1910 5538 2167 5585 curreret.
2201 5544 2220 5578 ι

1977 5599 2087 5667 (57)
2129 5595 2274 5651 Unus
2306 5608 2429 5656 tus.,
2462 5611 2479 5642 ι
2513 5590 2649 5660 quod
2678 5599 2821 5654 ergo.
2858 5600 2875 5633 ι
