3806 6226
389 263 491 317 955

388 385 546 440 quem
596 364 983 436 exposuimus?
1043 364 1151 433 Ego
1214 362 1292 416 sic
1345 359 1579 412 arbitror
1625 360 1763 427 quod
1810 359 1923 411 dies
1953 362 1995 414 A

390 474 527 513 unus
580 459 748 527 ipsius
785 465 868 510 est
903 455 1128 524 iustitia,
1175 453 1311 505 alius
1359 452 1731 516 sanctiﬁcatio,
1783 449 1921 501 alius

391 548 700 614 prudentia,
732 545 868 597 alius
902 543 1288 604 misericordia,
1340 550 1394 593 et
1442 541 1522 594 sic
1576 556 1670 609 per
1711 538 1920 606 singula

393 639 650 690 virtutum
696 635 828 689 dona
870 635 984 686 dies
1033 640 1402 698 computantur
1440 629 1598 692 Jesu,
1636 629 1686 680 in
1731 626 1925 693 quibus

398 725 622 780 Domino
657 725 912 781 servitur,
943 721 1064 788 quia
1094 720 1144 771 in
1180 719 1261 772 his
1297 719 1581 771 virtutibus
1608 716 1766 768 animi
1815 716 1918 766 Do-

399 814 542 865 mino
577 813 833 880 placetur.
868 808 970 861 Sed
998 819 1049 861 et
1078 807 1386 874 patientiam
1419 813 1720 872 computato
1763 804 1924 864 diem,

396 913 451 955 et
491 898 962 957 mansuetudinem,
1019 905 1074 948 et
1125 896 1399 962 pietatem,
1431 903 1485 946 et
1509 893 1822 953 bonitatem,
1874 901 1928 943 et

395 1004 552 1043 omne
573 989 712 1056 quod
739 988 802 1039 ad
830 988 1082 1038 virtutem
1107 985 1360 1050 pertinet,
1388 984 1553 1049 ipsius
1576 983 1738 1035 dicito
1765 983 1925 1034 diem.

397 1079 464 1132 Et
494 1078 572 1130 sic
604 1079 654 1129 in
680 1076 928 1129 omnibus
959 1074 1148 1126 diebus
1193 1072 1314 1125 Jesu
1352 1072 1573 1125 Domino
1616 1071 1831 1132 servies,
1879 1069 1928 1122 id

398 1175 480 1218 est
518 1166 570 1216 in
613 1164 863 1217 omnibus
891 1162 972 1214 his
1001 1159 1306 1213 virtutibus.
1338 1156 1450 1210 Non
1482 1159 1622 1208 enim
1651 1156 1763 1208 vult
1793 1155 1932 1208 Seri-

399 1265 566 1322 pturae
607 1261 808 1306 sanctae
852 1253 1134 1311 institutio,
1183 1260 1238 1303 ut
1280 1248 1487 1313 aliquas
1532 1260 1597 1298 ex
1642 1246 1723 1298 his
1764 1245 1930 1296 virtu-

401 1345 540 1396 tibus
572 1341 772 1395 habeas
801 1342 851 1393 in
886 1350 953 1403 te,
987 1351 1036 1394 et
1067 1341 1198 1392 alias
1246 1337 1502 1403 negligas,
1550 1335 1639 1387 sed
1679 1343 1730 1384 ut
1758 1332 1934 1386 omni-

403 1433 504 1485 bus
528 1431 614 1484 bis
643 1429 932 1481 virtutibus
963 1427 1278 1487 adornatus,
1326 1433 1379 1476 et
1424 1423 1472 1475 in
1517 1435 1698 1474 earum
1728 1420 1934 1472 actibus

400 1520 604 1588 positus
639 1520 843 1573 servias
879 1517 1121 1569 Domino.
1176 1513 1371 1565 Eodem
1417 1510 1573 1562 modo
1615 1509 1731 1575 quis
1775 1509 1932 1561 etiam

405 1608 681 1660 seniorum
732 1607 844 1658 dies
894 1605 1050 1657 habet
1096 1603 1148 1654 in
1189 1616 1268 1664 se,
1315 1608 1366 1652 et
1418 1597 1470 1652 in
1519 1598 1704 1651 diebus
1748 1611 1931 1650 eorum

407 1697 568 1749 servit
603 1696 846 1757 Domino,
894 1693 1118 1759 implens
1165 1690 1288 1744 illud
1320 1688 1460 1757 quod
1502 1688 1631 1740 dicit
1662 1686 1934 1753 apostolus

408 1785 606 1836 Paums
640 1784 725 1838 9°:
776 1800 794 1832 ι
825 1783 1124 1834 Imitatorcs
1175 1778 1276 1832 mei
1321 1784 1509 1839 estote,
1551 1774 1691 1828 sicut
1738 1782 1792 1825 et
1838 1787 1938 1840 ego

407 1873 628 1927 Christi.
661 1890 678 1923 ι

477 1959 532 2012 4.
579 1975 598 2008 ι
636 1956 691 2009 In
725 1955 933 2018 diebus,
968 1953 1138 2022 inquit
1166 1953 1236 2014 ⁸⁸,
1267 1952 1533 2005 seniorum
1575 1963 1756 2003 eorum
1781 1986 1797 2011 ,
1847 1947 1937 2014 qui

407 2053 776 2114 cognoverunt
809 2043 985 2095 omnia
1031 2055 1192 2108 opera
1239 2039 1468 2092 Domini.
1503 2055 1522 2087 ι
1570 2037 1698 2101 Quis
1730 2044 1810 2088 est
1850 2034 1940 2101 qui

407 2133 684 2200 cognoscit
720 2132 899 2184 omnia
934 2144 1094 2197 opera
1131 2128 1359 2189 Domini,
1392 2128 1490 2180 nisi
1535 2129 1625 2194 qui
1670 2126 1800 2179 facit
1841 2127 1942 2179 ea?

411 2221 562 2283 Sicut
591 2220 729 2273 enim
757 2219 957 2272 dictum
991 2226 1073 2270 est
1107 2216 1171 2269 de
1203 2216 1324 2269 ﬁliis
1352 2214 1462 2267 lleli
1505 2215 1572 2277 θ’,
1606 2215 1727 2281 quia
1762 2223 1944 2267 essent

413 2328 433 2360 ι
470 2309 560 2361 ﬁlii
590 2308 919 2376 pestilentiae,
959 2306 1254 2360 nescientes
1283 2303 1580 2365 Dominum,
1615 2321 1633 2353 ι
1665 2316 1766 2354 non
1805 2303 1942 2369 quod

411 2399 722 2466 ignorarent
753 2397 1052 2456 Dominum,
1086 2396 1173 2462 qui
1212 2395 1397 2461 utique
1426 2401 1478 2446 et
1517 2394 1760 2447 doctores
1793 2401 1945 2445 erant

414 2499 749 2550 eaeterorum,
783 2486 875 2539 sed
905 2486 1029 2552 quia
1063 2485 1140 2537 sic
1172 2483 1400 2552 agebant
1428 2491 1488 2534 ut
1528 2490 1689 2550 agunt
1725 2481 1821 2543 illi,
1853 2482 1943 2549 qui

413 2576 656 2629 nesciunt
690 2576 1002 2628 Dominum:
1039 2574 1139 2627 hoc
1177 2574 1334 2626 modo
1371 2572 1534 2626 etiam
1579 2571 1665 2624 hic
1711 2571 1948 2624 sentien-

415 2666 539 2716 dum
569 2674 652 2718 est
689 2665 828 2731 quod
855 2665 1004 2725 dicit,
1038 2679 1057 2712 ι
1085 2662 1176 2730 qui
1224 2672 1586 2728 cognoverunt
1614 2675 1774 2714 omne
1814 2675 1948 2728 opus

417 2751 646 2806 Domini.
682 2770 700 2800 ι
738 2751 803 2802 Ει
832 2749 942 2818 (38)
973 2766 1075 2801 non
1111 2749 1304 2810 solum,
1351 2748 1542 2814 inquit,
1583 2757 1950 2814 cognoverunt

414 2853 548 2904 opus
577 2837 804 2896 Domini,
837 2837 926 2888 sed
956 2835 1180 2896 addidit,
1221 2851 1238 2882 ι
1274 2835 1362 2901 qui
1391 2848 1548 2886 omne
1576 2847 1708 2900 opus
1745 2849 1947 2903 cogno-

417 2934 607 2977 verunt
661 2923 912 2984 Domini;
951 2941 970 2972 ι
1012 2923 1059 2974 id
1101 2931 1200 2984 est,
1242 2922 1331 2989 qui
1378 2931 1739 2987 cognoverunt
1775 2933 1828 2975 et
1862 2924 1948 2992 ju-

417 3012 576 3065 stitiaa
605 3025 737 3076 opus
768 3011 992 3072 Domini,
1026 3019 1080 3062 et
1111 2980 1550 3063 sanctiﬁcationis
1589 2982 1743 3078 opus,
1767 3019 1821 3064 et
1850 2980 1944 3078 βα·-
1976 2980 2018 3036 C

419 3100 652 3163 tientiae,
705 3108 760 3153 et
806 3099 1247 3160 mansuetudinis,
1295 3107 1348 3151 et
1388 3097 1620 3165 pietatis.
1668 3099 1732 3152 Et
1787 3115 1946 3154 omne

419 3189 672 3256 quidquid
700 3201 763 3240 ex
800 3188 1062 3241 mandatis
1086 3187 1177 3240 Dei
1218 3183 1396 3251 venit,
1440 3201 1570 3256 opus
1621 3187 1822 3242 Domini
1869 3190 1950 3243 di-

420 3279 580 3330 citur.
628 3276 732 3330 Sed
777 3275 916 3328 sicut
965 3284 1047 3330 est
1086 3290 1220 3344 opus
1261 3275 1492 3340 Domini,
1534 3285 1631 3330 'est
1677 3277 1794 3330 sine
1843 3279 1946 3331 du—

422 3368 510 3420 bio
571 3365 693 3418 huic
753 3365 1089 3425 contrarium.
1147 3378 1279 3431 opus
1337 3364 1541 3418 Zabuli.
1601 3365 1816 3419 Certum
1871 3376 1954 3421 est

421 3455 595 3516 enim,
644 3453 765 3520 quia
825 3453 961 3507 sicut
1013 3453 1218 3520 iustitia
1276 3461 1359 3506 est
1417 3467 1550 3522 opus
1592 3455 1718 3519 Dei,
1766 3457 1840 3508 ita
1898 3467 1952 3509 et

425 3541 684 3611 injustitia
723 3555 856 3609 opus
901 3540 1088 3594 Zabuli
1116 3557 1130 3593 :
1160 3550 1216 3593 et
1249 3540 1388 3594 sicut
1429 3544 1778 3596 mansuetudo
1821 3558 1953 3610 opus

428 3628 522 3682 Dei
560 3637 665 3693 est,
710 3629 782 3682 ita
812 3637 866 3682 et
908 3628 985 3681 ira
1031 3637 1084 3682 et
1126 3629 1272 3682 furor
1315 3644 1446 3697 opus
1488 3630 1559 3683 sit
1597 3629 1803 3685 Zabuli.
1845 3632 1949 3685 Co-

425 3719 668 3784 gnovisse
712 3733 839 3786 ergo
881 3718 1133 3772 dicuntur
1179 3733 1314 3785 opus
1360 3718 1474 3779 Dei,
1522 3719 1594 3772 illi
1629 3721 1718 3787 qui
1750 3721 1956 3774 faciunt

427 3823 560 3875 opus
601 3807 737 3874 ejus.
770 3806 839 3861 Ut
869 3816 1045 3860 autem
1111 3808 1212 3860 hoc
1273 3808 1498 3875 amplius
1545 3823 1606 3862 ex
1654 3808 1956 3876 Scriptura-

432 3912 546 3949 rum
576 3896 888 3949 auctoritate
929 3895 1206 3955 clarescat,
1254 3895 1518 3962 quomodo
1565 3895 1732 3950 soleat
1780 3897 1958 3950 dicere

435 3984 732 4050 Scriptura,
763 3997 1107 4049 cognoscere,
1152 3983 1233 4036 vel
1270 3983 1498 4042 nescire.
1536 3984 1653 4037 vide
1688 3987 1958 4052 quomodo

433 4073 588 4142 εει
603 4074 759 4125 etiam
787 4073 910 4125 alibi
937 4073 1188 4138 scriptum
1215 4081 1296 4126 est
1324 4073 1369 4104 ⁸³
1399 4089 1411 4124 :
1450 4073 1579 4139 «Qui
1614 4075 1956 4136 custodit,in-

435 4162 574 4226 quit,
596 4161 924 4220 mandatum,
946 4159 1144 4212 nesciet
1168 4159 1387 4212 verbum
1408 4160 1759 4226 malum.»Qui
1780 4172 1958 4216 autem

441 4250 742 4300 mandatum
788 4248 1037 4309 custodit,
1077 4255 1252 4312 potest
1285 4247 1396 4301 ﬁeri
1447 4258 1505 4302 ut
1541 4251 1749 4304 nesciat
1798 4254 1958 4305 verba

440 4335 613 4388 mala?
651 4334 762 4386 Scit
816 4335 1058 4400 quidem,
1105 4334 1195 4387 sed
1246 4335 1451 4388 nescire
1486 4351 1582 4402 pro
1630 4352 1692 4390 eo
1743 4338 1958 4402 dicitur,

443 4421 582 4486 quod
624 4434 684 4472 ea
726 4429 878 4472 cavet
905 4427 958 4471 et
983 4420 1134 4469 vitat.
1167 4417 1254 4470 Sic
1282 4421 1350 4471 de
1371 4422 1556 4474 eodem
1599 4424 1712 4491 ipso
1741 4425 1961 4479 Domino

441 4519 495 4562 et
536 4506 808 4559 Salvatore
847 4508 986 4573 quod
1017 4504 1213 4556 uictum
1247 4514 1328 4559 est
1352 4507 1426 4572 “,
1472 4527 1490 4558 ι
1515 4526 1619 4564 non
1665 4513 1810 4565 novit
1835 4528 1961 4582 pec.

443 4605 644 4658 catum,
666 4604 894 4650 reertum
913 4592 1122 4660 estquia
1140 4591 1411 4660 ignorasse
1439 4597 1634 4652 dicitur
1662 4611 1958 4667 peccatum,

445 4700 539 4754 pro
566 4701 630 4738 eo
657 4683 794 4750 quod
819 4697 922 4734 non
945 4680 1051 4748 egit
1079 4695 1209 4748 opus
1247 4687 1473 4750 peccati.
1506 4687 1617 4741 Hoc
1649 4703 1777 4756 ergo
1804 4693 1960 4745 modo

443 4784 496 4829 et
525 4775 612 4827 ille
645 4774 839 4826 dicitur
869 4787 1186 4840 cognoscere
1218 4790 1376 4842 opera
1410 4778 1638 4843 Domini,
1677 4782 1764 4849 qui
1799 4797 1958 4850 Opera

447 4861 652 4915 Domini
679 4862 824 4917 facit.
853 4861 1064 4932 Ignorat
1089 4872 1262 4918 autem
1293 4881 1425 4935 opus
1454 4867 1569 4932 Dei,
1599 4871 1690 4936 qui
1725 4885 1827 4924 non
1856 4872 1965 4941 agit

447 4965 580 5016 opus
610 4951 723 5004 Dei.

511 5039 564 5092 5.
600 5038 702 5092 Sed
731 5048 786 5092 et
807 5039 938 5092 illud
968 5042 1230 5109 quomodo
1270 5042 1600 5112 pmterimus
1636 5043 1774 5110 quod
1808 5046 1964 5099 addi-

449 5128 615 5179 dit":
648 5145 666 5177 ι
696 5128 793 5192 Qui
821 5139 1181 5196 cognoverunt
1202 5145 1360 5198 opera
1382 5130 1587 5183 Domini
1620 5145 1808 5198 magna
1827 5134 1960 5204 (59),

548 5214 594 5246 ⁸⁸
625 5211 787 5268 lCor.
819 5231 892 5278 tv,
918 5217 1002 5270 I6.
1101 5220 1142 5250 ⁸¹
1187 5218 1306 5273 Jud.
1358 5233 1419 5277 ιι,
1445 5217 1492 5267 7.

1968 1663 2007 1715 Β

531 5393 843 5463 (58)_‘Mss.,
873 5411 892 5444 ι
934 5397 1024 5458 qui
1067 5403 1424 5463 cognoverunt
1475 5408 1630 5448 omne
1685 5410 1817 5462 opus
1870 5400 1971 5452 Do-

646 5461 725 5514 Et.
759 5480 778 5513 ι
827 5461 980 5516 Libb.
1004 5460 1153 5528 editi,
1186 5482 1204 5513 ι
1235 5463 1322 5531 qui
1351 5463 1594 5529 cognovit
1619 5460 1774 5519 omne
1813 5481 1965 5534 Opus.

1816 243 2131 301 ORICENIS

450 5281 494 5312 u
529 5217 594 5312 1⁸⁸
625 5217 787 5268 lCor.
819 5231 892 5278 tv,
918 5217 1002 5270 I6.
1101 5220 1142 5250 ⁸¹
1187 5218 1306 5273 Jud.
1358 5233 1419 5277 ιι,
1445 5217 1492 5267 7.
1590 5217 1634 5248 ⁸⁹
1671 5219 1687 5270 1
1720 5219 1848 5289 Reg.
1883 5238 1941 5282 ιι.
1974 5224 2060 5276 1‘2.

554 5296 651 5312 non
709 5296 763 5312 In
814 5283 877 5312 ιιξ
970 5286 1012 5312 81
1054 5285 1141 5312 Ι...]
1201 5301 1237 5312 ..
1285 5286 1315 5312 ο
1409 5285 1455 5312 εκ
1483 5284 1577 5312 Πηι
1635 5301 1668 5312 η
1729 5287 1798 5312 an
1891 5291 1934 5312 an
1976 5290 2060 5312 ηιξ

521 5280 674 5333 Joan.
709 5283 897 5345 111,16.
970 5286 1012 5317 ⁸⁷
1044 5285 1163 5339 Jud.
1200 5301 1257 5348 tt,
1284 5286 1334 5337 8.
1409 5285 1455 5315 ⁸³⁸
1483 5284 1599 5337 Gal.
1635 5301 1692 5347 tt,
1729 5280 1825 5342 2οῘ
1891 5280 1938 5323 εδ

2121 5307 2170 5360 p.
2206 5308 2251 5357 ι,
2288 5280 2386 5351 ‘21.

3546 223 3636 279 955

2026 373 2142 424 qua:
2169 354 2296 410 fecit
2321 355 2372 407 in
2396 351 2608 407 Israel?
2643 368 2663 401 ι
2695 344 2854 413 Quid
2879 340 3044 396 enim
3064 339 3090 390 ?
3109 335 3258 390 Sunt
3294 334 3470 404 aliqua
3493 349 3641 404 opera

2029 443 2240 498 Domini
2267 456 2455 511 parva,
2489 441 2559 493 ad
2595 448 2852 506 quorum
2877 427 3317 483 distinctionem
3340 424 3451 476 haec
3470 438 3639 492 magna

2029 509 2307 588 dicantur?
2355 531 2466 596 Ego
2520 527 2780 580 arbitror
2842 517 3010 586 quod
3063 527 3238 568 omne
3295 511 3509 580 quidem
3558 509 3640 565 Dei

2028 637 2162 688 opus
2187 629 2268 672 est
2300 631 2580 686 magnum,
2614 612 2764 681 quod
2810 623 2923 678 pro
2961 605 3298 673 eapacitate
3337 614 3520 653 eorum
3560 599 3642 667 qui

2029 717 2348 777 operantur,
2375 707 2423 758 si
2449 705 2556 758 sibi
2589 702 2848 756 invicem
2887 700 3340 761 comparentur,
3369 688 3449 741 vel
3476 700 3645 757 magna

2031 814 2193 867 opera
2229 795 2446 851 Domini
2475 793 2740 846 dicuntur
2771 802 2939 849 esse,
2983 784 3078 838 vel
3113 795 3317 851 parva.
3351 777 3509 830 Verbi
3537 792 3646 829 cau-

2032 862 2116 952 sa,
2144 886 2330 940 eduxit
2370 883 2513 936 ﬁlios
2536 877 2712 933 Israel
2738 877 2811 931 de
2843 874 3114 942 )Egyplo
3165 870 3222 928 in
3263 881 3426 920 tnanu
3464 862 3579 919 [orti
3601 874 3648 918 et

2032 975 2263 1031 brachio
2291 971 2536 1034 excelso,
2559 967 2810 1036 Egypto
2845 961 3145 1030 prodigiis
3197 955 3515 1011 caelestibus
3545 969 3650 1006 vero

2034 1068 2244 1126 berata,
2269 1063 2414 1115 viam
2445 1060 2576 1113 fecit
2615 1059 2670 1110 in
2711 1055 2904 1118 mari,
2957 1065 3179 1106 manna
3223 1049 3280 1101 in
3322 1046 3532 1099 deserto
3571 1058 3648 1111 po-

2034 1155 2159 1222 pulo
2193 1153 2361 1213 dedit,
2396 1152 2465 1203 de
2508 1133 2653 1203 caelo
2712 1146 2951 1199 locutus
3005 1147 3101 1194 est
3148 1137 3221 1190 ad
3263 1135 3471 1194 Mosen,
3503 1132 3648 1222 legem

2035 1219 2400 1308 conscriptam
2437 1239 2489 1291 in
2545 1235 2755 1307 tabulis
2795 1228 3055 1298 lapideis
3109 1225 3295 1279 dedit.
3346 1221 3530 1274 Nonne
3557 1219 3649 1272 haec

2037 1346 2232 1398 magna
2269 1335 2399 1382 sunt
2436 1339 2604 1393 opera
2641 1321 2781 1374 Dei?
2836 1318 2962 1369 Sed
3013 1315 3065 1368 si
3128 1311 3269 1365 illud
3323 1309 3411 1362 his
3454 1320 3649 1373 compa-

2038 1435 2124 1474 res
2149 1421 2233 1483 ⁸⁵,
2264 1417 2409 1487 quod
2447 1435 2466 1466 ι
2510 1415 2582 1468 ita
2621 1412 2822 1468 dilexit
2869 1409 3032 1462 Deus
3094 1405 3254 1458 hunc
3298 1400 3576 1461 mundum,
3603 1405 3652 1450 ut

2037 1511 2230 1564 Filium
2258 1521 2417 1561 suum
2451 1504 2803 1572 unigenitum
2843 1500 3024 1552 daret
3054 1514 3076 1546 ι
3116 1509 3224 1563 pro
3257 1491 3437 1546 salute
3469 1489 3649 1550 mundi,

2043 1597 2282 1650 invenies
2307 1594 2491 1648 omnia
2526 1592 2616 1644 illa
2653 1603 2830 1658 parva
2864 1599 3007 1640 esse
3043 1584 3118 1636 ad
3153 1580 3332 1646 hujus
3360 1577 3532 1644 operis
3557 1590 3653 1629 ma-

2040 1683 2397 1753 gnitudinem.
2436 1679 2592 1744 Quod
2651 1689 2798 1743 opus
2849 1674 3041 1728 etiam
3086 1683 3196 1724 nos
3253 1677 3312 1720 et
3359 1678 3652 1734 cognoscere

2040 1772 2318 1832 debemus,
2357 1777 2412 1821 et
2462 1767 2715 1826 credere,
2784 1773 2847 1817 et
2915 1763 3161 1829 operari
3218 1770 3392 1821 opera
3452 1753 3650 1806 Domini.

2042 1860 2156 1914 Non
2186 1873 2318 1926 ergo
2350 1855 2720 1925 negligenter,
2773 1851 2880 1906 sed
2925 1848 3187 1902 ﬁdeliter
3245 1855 3302 1896 et
3351 1851 3563 1904 attente,
3605 1852 3654 1894 ut

2042 1948 2389 2001 inveniamur
2441 1955 2497 1998 et
2547 1958 2650 1996 nos
2701 1942 2758 1994 in
2830 1939 3050 1993 diebus
3093 1935 3233 1989 Jesu
3268 1933 3492 1993 Christi,
3526 1930 3651 1984 etin

2040 2034 2231 2087 diebus
2265 2037 2582 2084 sanctorum
2610 2028 2919 2082 seniorum
2959 2024 3094 2092 ejus
3138 2021 3532 2090 apostolorum,
3553 2033 3648 2071 eum

2040 2123 2234 2192 quibus
2285 2130 2341 2174 et
2387 2120 2711 2173 societatem
2754 2115 3032 2170 caelestis
3082 2111 3434 2166 haereditatis
3478 2122 3651 2162 merea-

2042 2224 2160 2261 mur
2192 2208 2460 2275 accipere,
2500 2222 2598 2274 per
2624 2206 2811 2270 ipsum
2856 2203 3192 2256 Dominum
3228 2208 3472 2252 nostrum
3499 2195 3650 2251 Iesum

2043 2298 2338 2359 (.hristum,
2372 2296 2458 2350 cui
2487 2303 2572 2349 est
2597 2295 2779 2364 gloria
2819 2302 2889 2348 et.
2923 2290 3247 2360 imperium
3283 2290 3337 2341 in
3364 2287 3549 2342 saecula
3576 2302 3652 2340 sa:-

2043 2389 2311 2443 culorum.
2337 2387 2532 2440 Amen.

2631 2472 2955 2527 HOMILIA
2998 2473 3072 2528 II.

2047 2566 2121 2619 De
2148 2580 2206 2618 eo
2235 2564 2374 2633 quod
2404 2563 2769 2633 scriptuntest
2793 2562 2883 2633 ’ξε
2920 2581 2942 2613 ι
2985 2564 3060 2615 Et
3097 2563 3396 2631 defunctus
3434 2569 3503 2612 est
3526 2556 3652 2611 lem

2623 2629 2776 2697 ﬁlius
2814 2629 3018 2684 Nave.
3051 2649 3073 2682 ι

2117 2735 2168 2788 l.
2204 2733 2485 2788 Recitatus
2511 2739 2596 2784 est
2625 2731 2794 2784 nobis
2840 2718 3040 2784 etiam
3086 2731 3227 2786 Jesu
3270 2730 3467 2784 obitus.
3498 2728 3558 2782 Et
3582 2726 3650 2781 ille

2048 2824 2261 2890 quidem
2313 2823 2455 2875 ﬁlius
2504 2817 2658 2872 Nave
2689 2819 2846 2886 quod
2889 2819 3223 2874 defunctus
3261 2829 3368 2882 est,
3415 2817 3532 2871 nihil
3570 2819 3651 2869 mi-

2051 2929 2191 2966 rum.
2221 2913 2436 2968 Natura:
2467 2930 2710 2983 namque
2737 2919 2900 2985 quod
2949 2918 3283 2972 debebatur
3307 2915 3540 2971 exsolvit.
3565 2911 3651 2966 Ve-

2053 3017 2169 3056 rum
2206 3005 2461 3070 quoniam
2503 3005 2958 3061 institueramus
2994 3009 3126 3062 hare
3155 3023 3285 3076 qua:
3311 3007 3377 3062 de
3408 3006 3508 3060 ﬁlio
3531 3002 3653 3056 Nave

2048 3091 2386 3159 legebantur,
2419 3093 2483 3146 ad
2525 3093 2827 3147 Dominum
2877 3107 3164 3150 nostrum
3198 3095 3388 3150 Jesum
3416 3092 3650 3148 Christum

2050 3179 2275 3242 referre,
2315 3181 2604 3235 videndum
2637 3190 2727 3235 est
2779 3185 3094 3251 quomodo
3128 3185 3304 3238 etiam
3333 3184 3400 3236 de
3432 3182 3538 3250 ipso
3564 3178 3648 3232 dici

2052 3271 2339 3324 conveniat
2379 3271 2506 3337 quia
2539 3269 2846 3326 defunctus
2889 3281 2991 3326 est
3052 3271 3250 3327 Iesus.
3299 3273 3412 3340 Ego
3451 3268 3652 3322 arbitror

2051 3361 2347 3414 secundum
2401 3360 2708 3427 Scriptura:
2762 3365 3202 3418 auctoritatem
3263 3363 3370 3416 hoc
3419 3359 3646 3427 loquens,

2051 3451 2191 3516 quod
2224 3449 2276 3501 in
2304 3448 2631 3517 quibusdam
2657 3450 2803 3504 vivit
2846 3450 3059 3514 Jesus,
3102 3456 3162 3507 in
3198 3453 3519 3522 quibusdam
3547 3459 3650 3498 vero

2052 3537 2337 3592 defunctus
2367 3548 2472 3592 est.
2507 3539 2560 3590 In
2595 3537 2776 3593 Paulo
2810 3541 2965 3594 vivit
3023 3543 3220 3608 Jesus,
3255 3552 3310 3596 et
3347 3542 3400 3594 in
3429 3538 3650 3600 Petro,el

2054 3625 2107 3678 in
2141 3624 2248 3677 illis
2276 3625 2530 3678 omnibus
2554 3627 2647 3693 qui
2678 3629 2894 3683 merito
2932 3641 3193 3699 possunt
3238 3633 3424 3686 dicere
3454 3670 3466 3682 .
3503 3646 3521 3677 ι
3548 3625 3650 3678 Vivo

2054 3724 2230 3768 autem
2257 3713 2367 3780 jam
2403 3730 2508 3768 non
2551 3731 2680 3783 ego,
2705 3719 2853 3772 vivit
2891 3735 3047 3776 vero
3079 3723 3138 3776 in
3177 3738 3269 3776 me
3295 3722 3532 3776 Christus
3552 3719 3606 3770 ⁸⁸.
3633 3734 3647 3766 ι

2057 3801 2120 3853 Et
2149 3801 2340 3854 iterum
2383 3801 2522 3855 dicit
2552 3803 2599 3834 ⁸⁹
2633 3820 2647 3856 :
2689 3821 2710 3854 ι
2752 3804 2894 3860 Mihi
2939 3819 3150 3863 autem
3199 3812 3391 3864 vivere
3443 3809 3652 3863 Christus

2055 3901 2160 3954 est,
2194 3901 2249 3945 et
2276 3892 2412 3945 mori
2444 3892 2721 3948 lucrum.»
2753 3893 2816 3948 In
2852 3895 2990 3952 istis
3025 3915 3169 3968 ergo
3202 3900 3402 3953 talibus
3433 3896 3573 3951 Jesus
3591 3894 3653 3948 rio

2056 3994 2182 4033 vere
2210 3981 2404 4034 merito
2443 3981 2668 4037 dicitur.
2704 3981 2765 4036 In
2804 3985 3031 4052 quibus
3065 4001 3261 4044 autem
3297 3989 3566 4043 defunctus
3586 3993 3653 4038 est

2055 4068 2245 4123 Jesus?
2280 4069 2335 4121 In
2370 4069 2475 4123 illis
2505 4071 2624 4124 sine
2675 4072 2879 4137 dubio,
2914 4078 3021 4144 qui
3070 4093 3229 4147 smpe
3282 4077 3575 4148 paenitendo
3613 4081 3653 4124 et

2059 4160 2250 4212 iterum
2284 4158 2678 4226 delinqueudo,
2724 4162 2890 4216 velut
2925 4166 3222 4224 insultare
3255 4169 3421 4224 .morti
3451 4166 3564 4220 Iesu
3590 4161 3654 4214 dia

1991 4286 2037 4342 ι)
2061 4247 2391 4342 ett:ttur.“De
2432 4249 2633 4342 quibus
2663 4249 2935 4306 scribens
2971 4257 3049 4310 ad
3088 4256 3358 4311 Hebraeos
3390 4254 3513 4308 dicit
3537 4251 3653 4316 Apo-

2063 4339 2229 4392 stolus
2263 4337 2349 4391 9"z
2389 4354 2406 4386 ι
2436 4337 2675 4391 Rursum
2711 4342 3142 4412 crueiﬁgentes
3197 4338 3552 4413 sibimetipsis
3581 4338 3654 4392 I-‘i-

2060 4429 2191 4481 lium
2230 4426 2346 4490 Dei,
2379 4435 2432 4481 et
2451 4428 2694 4481 ostentui
2728 4430 3045 4490 habentes.
3073 4456 3094 4489 »
3139 4438 3310 4490 Vides
3332 4449 3457 4504 ergo
3481 4432 3590 4500 quia
3614 4429 3654 4479 in

2065 4515 2414 4584 peccantibus
2458 4531 2565 4569 non
2605 4518 2793 4572 solum
2845 4523 3090 4594 defungi
3137 4527 3345 4582 dicitur
3367 4525 3548 4586 Jesus,
3577 4535 3653 4572 ve-

2066 4621 2183 4658 rum
2225 4613 2280 4658 et
2327 4607 2577 4675 crueiligi
2624 4607 2697 4661 ab
2739 4609 2828 4664 eis
2873 4615 3165 4668 asseritur
3197 4627 3255 4670 et
3295 4615 3461 4669 illudi.
3497 4610 3590 4666 Sed
3613 4616 3654 4659 et

2071 4705 2123 4748 tu
2173 4695 2286 4764 ipse
2327 4696 2616 4749 considera
2670 4701 2819 4766 apud
2865 4709 2945 4766 te,
2988 4704 3039 4758 si
3070 4706 3302 4774 quando
3349 4704 3418 4758 de
3461 4698 3654 4756 avaritia

2066 4784 2270 4852 cogitas
2303 4793 2359 4837 et
2393 4786 2550 4853 cupis
2591 4787 2777 4841 aliena
2821 4792 3106 4862 diripere,
3147 4795 3401 4863 nunquid
3432 4803 3572 4860 potes
3591 4787 3656 4838 di-

2068 4889 2230 4938 cere,
2266 4875 2393 4943 quia
2432 4877 2568 4929 vivit
2601 4876 2874 4936 Christus
2923 4884 2980 4937 in
3014 4887 3145 4940 me?
3174 4887 3286 4940 Aut
3317 4886 3364 4938 si
3403 4885 3468 4938 de
3498 4889 3655 4948 stupro

2072 4964 2304 5031 cogitas,
2343 4965 2388 5018 si
2415 4965 2602 5020 furore
2634 4971 2985 5039 exagitaris,
3025 4975 3070 5029 si
3102 4975 3284 5030 livore
3318 4968 3653 5029 suceenderis.

2069 5048 2111 5100 si
2146 5049 2348 5101 invidia
2381 5052 2704 5119 stimularis,
2750 5059 2798 5111 si
2835 5062 3172 5116 temulentia
3222 5057 3594 5121 debaccbaris,
3617 5051 3654 5107 si

2068 5137 2321 5203 superbia
2367 5142 2693 5209 extolleris,
2727 5147 2776 5199 si
2813 5149 3152 5206 crudelitate
3198 5151 3490 5222 grassaris,
3533 5159 3653 5199 nuu-

2136 5224 2183 5255 ⁸³
2216 5224 2402 5306 Ee‘ele.
2437 5233 2658 5306 VIII,__5._
2725 5235 2775 5268 ⁸δ
2807 5237 2849 5290 ιι
2874 5240 3009 5295 Cor.
3046 5257 3101 5306 v,
3134 5242 3226 5296 21.
3304 5243 3352 5275 ³⁸
3383 5241 3502 5296 Jud.
3532 5231 3650 5301 n.7-

2478 5300 2525 5331 ’°
2564 5300 2702 5358 Heb.
2731 5319 2814 5371 vi,
2843 5307 2902 5362 6.

2152 5401 2266 5472 ('59)
2298 5405 2459 5488 Mss”
2505 5431 2524 5465 ι
2549 5415 2642 5488 qui
2680 5429 3067 5486 cognoverunt
3104 5434 3269 5488 onera
3314 5417 3516 5488 Domiﬂi
3557 5427 3654 5488 "3‘?

2082 5475 2470 5610 ﬁzlifténtmlfhb.
2514 5475 2646 5540 editi
2674 5526 2688 5553 ,
2742 5475 2781 5538 ἴ
2796 5490 2892 5557 qui
2930 5475 3247 5561 cognov'e'rit
3281 5501 3416 5557 opus
3461 5481 3650 5539 Domini
