3806 6250
165 289 278 344 ⁸⁵⁷
1270 317 1338 371 1N
1370 314 1621 371 LIBRUM
1653 311 1832 368 Junlc

1934 311 1936 361 ἶ
1972 300 2252 361 IIOMILIA
2292 292 2360 347 11.
3303 285 3402 341 958

191 401 319 508 quid-
352 417 524 508 potes
572 414 640 508 in
668 420 795 508 Ahis
847 428 1106 482 omnibus
1138 426 1346 490 dicere,
1382 428 1504 494 quia
1542 426 1786 480 Chi-ignis
1813 424 1860 482 Α
1887 430 1989 474 tam
2024 414 2200 484 magni
2238 401 2440 502 operis,
2473 408 2614 469 quod
2644 403 2872 459 surrexit
2915 417 2942 455 a
2977 399 3198 454 mortuis
3222 435 3240 462 ,
3286 395 3402 449 ﬁeri

371 495 438 600 in
481 504 619 556 me?
659 505 765 563 Sic
817 527 960 581 ergo
1004 515 1055 566 in
1103 483 1442 581 peccantibus
1484 512 1788 580 defungitur
1885 513 2060 576 posset
2094 483 2334 557 oblivio,
2378 489 2421 544 Si
2474 494 2743 561 generatio
2779 489 3048 559 peccatrix
3083 486 3314 540 oriretur
3347 483 3399 535 in

1995 595 2010 600 _
2111 593 2152 600 __
2221 591 2234 600 .
2401 597 2417 600 -
2454 584 2597 600 ___|o,
2707 599 2729 600 ,,
2781 595 2945 600 --.___.
2984 581 3086 600 ἢ--
3132 573 3399 600 -Α-.Α-ιιικη

188 587 485 689 Αἶξὶτῖδξυεν
515 605 730 689 eo
769 602 924 667 quod
963 602 1091 654 nihil
1117 601 1167 654 in
1193 604 1269 655 eis
1294 601 1521 667 justitia,
1545 573 1676 654 nihiI
1699 614 1791 666 pa-
1887 573 2065 650 corde.
2111 591 2261 671 Fecit
2298 597 2424 654 ergo
2453 584 2737 652 malignum
2773 595 2950 636 coram
2984 581 3089 632 Deo
3130 573 3404 642 εθηθηιίο

795 687 805 689 μ
1945 688 1949 689 ,
1993 682 2004 689 .
2395 671 2564 689 ,_-9_ae.
2605 669 2774 689 1----..-
2847 679 3013 689 ..-..-...
3043 663 3380 689 n-An'\-IAIM

225 678 418 737 tientia
445 720 466 745 ,
503 681 647 734 nihil
686 687 905 741 veritas
945 697 999 741 et
1047 689 1224 742 omnia
1265 663 1348 740 illa
1394 663 1513 754 quae
1553 663 1792 740 Christus
1888 663 2165 742 adultera,
2190 690 2305 744 quae
2345 671 2570 726 nescivit
2598 669 2814 730 Iesum,
2847 679 3014 733 neque
3043 663 3404 731 presbyteros.

178 794 194 815 ε
247 785 344 837 est,
376 780 702 839 operantur.
749 777 797 828 A
832 779 1039 832 sanctis
1075 792 1203 832 vero
1249 749 1576 845 quaecunque
1622 775 1790 836 ﬁunt,
1957 771 2010 821 5.
2045 786 2062 818 ι
2093 767 2158 818 Et
2185 763 2420 823 servivit,
2447 760 2615 829 inquit
2638 759 2711 823 ⁸⁸,
2749 754 2946 809 Baalim
2971 793 2986 817 ,
3017 759 3070 804 et
3107 749 3404 814 derelique-

245 863 496 919 Christus
523 877 585 915 ea
612 861 820 916 dicitur
849 866 1086 932 operari,
1116 836 1348 919 sicut-et
1391 836 1670 933 Apostolus
1710 862 1794 915 di-
1892 865 2016 910 runt
2041 854 2316 908 Dominum
2341 851 2500 903 Deum
2527 857 2736 916 patrum
2760 855 3025 896 suorum.»
3055 838 3174 891 Haec
3197 836 3406 904 quidem

249 955 322 1006 cit
351 954 398 984 “
438 969 455 1004 :
490 970 511 1003 ι
546 951 745 1006 Omnia
782 967 1004 1020 possum
1055 955 1106 1006 in
1141 969 1204 1008 eo
1237 954 1323 1017 qui
1359 928 1452 1006 me
1481 953 1746 1006 confortat
1773 966 1791 998 ι
1894 947 2131 999 fecerunt
2167 940 2374 1008 antiqui
2407 957 2420 992 :
2452 937 2541 991 sed
2571 935 2822 1004 quoniam
2862 945 2980 1000 quae
3017 928 3212 993 scripta
3249 930 3406 983 sunt,

247 1043 526 1096 Christus.
565 1040 672 1095 Sed
697 1050 746 1094 el
785 1012 901 1109 ipse
921 1043 1174 1097 Dominus
1206 1012 1266 1095 in-
1290 1040 1586 1108 Evangeliis
1613 1042 1676 1093 de
1699 1041 1798 1092 hoc
1894 1049 1997 1086 non
2037 1039 2250 1100 propter
2285 1028 2422 1090 illos,
2468 1026 2559 1078 sed
2600 1030 2816 1092 prapter
2852 1032 2950 1073 nos
2991 1015 3186 1082 scripta
3222 1012 3410 1066 dicun-

245 1131 668 1184 distinctionem
711 1129 1128 1198 pulcherrimam
1176 1131 1354 1195 dedit,
1396 1097 1514 1183 cum
1566 1128 1694 1183 dicit
1718 1129 1794 1179 "z
1898 1097 2066 1182 tur”,
2094 1135 2112 1169 ι
2138 1097 2190 1170 in
2215 1130 2348 1182 quos
2392 1114 2523 1166 ﬁnes
2560 1111 2870 1165 saeculorum
2908 1107 3254 1161 devenerunt,
3283 1116 3301 1148 ι
3334 1097 3416 1150 vi-

252 1239 272 1271 r
313 1220 650 1287 Quicunque
713 1219 994 1273 confessus
1048 1233 1132 1272 me
1174 1221 1332 1272 fuerit
1395 1232 1572 1271 coram
1632 1217 1802 1270 homi-
1898 1209 2117 1261 deamus
2157 1219 2221 1257 ne
2257 1203 2457 1270 majore
2490 1215 2556 1252 ex
2596 1207 2745 1266 parte
2781 1195 2846 1250 de
2883 1193 3038 1247 nobis
3064 1191 3213 1251 hinc.
3254 1199 3412 1254 (ιιιθιιι

246 1275 445 1374 ιιίιῑυε,
489 1275 795 1362 conﬁtebor
822 1317 875 1362 et
898 1323 998 1375 ego
1026 1323 1146 1362 eum
1172 1322 1351 1361 coram
1386 1308 1543 1360 Patre
1567 1320 1682 1359 meo
1709 1305 1799 1370 qui
1899 1296 1963 1348 de
1999 1295 2105 1348 illis
2143 1293 2280 1346 dicta
2311 1289 2613 1342 videantur.
2647 1286 2742 1339 Vis
2776 1282 2957 1336 videre
2986 1278 3108 1347 quia
3154 1275 3261 1345 (41)
3307 1287 3410 1325 ιιοιι

241 1408 332 1452 est
370 1397 430 1450 in
476 1397 655 1450 ccelis.
691 1397 792 1462 Qui
841 1407 1017 1449 autem
1067 1397 1333 1464 negaverit
1366 1409 1448 1448 me
1495 1408 1670 1448 coram
1709 1366 1806 1445 hu-
1900 1399 1995 1452 per
2021 1396 2126 1442 me,
2147 1381 2236 1434 sed
2267 1393 2362 1447 per
2387 1376 2693 1444 Apostolum
2724 1375 2788 1426 de
2811 1370 2960 1424 nobis
2987 1381 3106 1421 esse
3134 1366 3232 1418 ista
3256 1376 3418 1429 expo-

246 1486 525 1549 minibus,
574 1495 629 1537 et
679 1499 778 1552 ego
816 1484 1020 1552 negabo
1052 1450 1171 1537 eum
1209 1499 1389 1537 coram
1423 1482 1579 1536 Patre
1630 1497 1798 1534 meo.»
1902 1450 2137 1525 nuntur?
2163 1468 2294 1521 Audi
2315 1469 2427 1535 ipse
2453 1466 2579 1534 quid
2609 1464 2835 1517 dicat‘u
2858 1461 2913 1512 In
2930 1457 3079 1512 Helia
3095 1463 3270 1508 autem
3291 1450 3417 1518 quid

244 1573 454 1626 Vidisti
486 1573 618 1641 quia
652 1573 970 1626 conﬁtentes
999 1573 1052 1624 in
1081 1573 1365 1638 semetipso
1388 1571 1522 1624 dixit
1543 1571 1802 1634 conﬁteri,

1934 1559 2029 1612 icit
2059 1555 2368 1622 Scriptura?
2401 1553 2675 1618 Quomodo
2709 1546 3009 1616 interpellat
3041 1546 3204 1597 Deum
3233 1541 3420 1593 adver-

244 1674 303 1717 el
347 1665 516 1732 (Πιθεῖ
555 1663 650 1731 qui
684 1663 798 1730 ἱρεθ
848 1662 902 1715 in
946 1663 1025 1715 cis
1054 1662 1200 1714 Vivat
1247 1671 1300 1715 et
1352 1669 1595 1730 operetur
1647 1627 1806 1729 opera
1837 1709 1876 1732 η
1904 1663 2018 1701 sum
2042 1645 2239 1700 Israel?
2269 1644 2511 1706 Domine,
2539 1641 2826 1710 prophetas
2853 1648 2968 1691 tuos
2992 1634 3316 1693 occiderunt,
3342 1627 3418 1679 al-

245 1753 406 1806 vitae.
441 1750 502 1802 In
538 1751 609 1802 iis
646 1759 827 1803 autem
859 1749 947 1816 qui
990 1757 1201 1817 negant,
1232 1763 1334 1802 non
1369 1717 1537 1802 tenuit
1568 1717 1804 1802 eamdem
1837 1717 1876 1761 Β
1908 1735 2038 1789 ιπῖθ
2069 1743 2156 1786 ωδ
2192 1731 2427 1787 ἀθωοιῖιῖ
2468 1738 2611 1792 sum.
2656 1740 2710 1781 ει
2737 1743 2836 1796 ego
2879 1725 3094 1779 reliClllS
3120 1735 3236 1774 sum
3270 1717 3418 1771 εοΙιη

246 1836 414 1890 verbi
448 1807 891 1897 similitudinem,
936 1843 994 1887 ut
1031 1807 1236 1888 diceret
1263 1836 1385 1904 quia
1419 1835 1508 1903 qui
1539 1836 1808 1902 negaverit
1903 1832 1955 1876 Θι
1984 1830 2226 1888 quierunt
2260 1820 2488 1872 “limam
2520 1830 2711 1868 “lealll-
2760 1815 2863 1868 Sed
2895 1813 3020 1879 quid
3051 1810 3177 1862 die"
3212 1807 3283 1860 illi
3335 1819 3423 1858 τε·

247 1926 306 1978 in
345 1941 460 1987 me,
496 1934 554 1978 et
583 1939 686 1993 ego
713 1925 920 1992 negabo
962 1925 1013 1976 in
1044 1940 1162 1979 eum
1193 1943 1206 1978 :
1237 1897 1326 1979 sed
1359 1943 1379 1976 ι
1419 1897 1506 1994 qui
1541 1897 1810 1993 negaverit
1905 1927 2155 1981 sponsum
2183 1909 2453 1964 divinum?
2480 1905 2688 1973 Reliqui
2714 1905 2838 1957 mihi
2863 1911 3063 1970 septem
3091 1899 3251 1952 millia
3276 1897 3423 1949 viro-

248 2027 351 2065 me
391 2027 588 2065 coram
631 2011 941 2066 hominibus
982 2025 1034 2065 et
1083 2027 1179 2080 ego
1232 2013 1433 2081 negabo
1470 2027 1588 2065 eum
1609 1983 1808 2064 'coram

1935 2017 2045 2064 um,
2066 2001 2156 2069 qui
2179 2013 2283 2053 non
2308 2003 2662 2052 curvaverunt
2683 2007 2853 2061 genua
2880 1989 3098 2051 Baalim,
3134 2005 3152 2037 ι
3173 1983 3386 2039 etaddit
3405 1996 3423 2033 :

245 2099 428 2152 Patre
455 2115 581 2152 meo
608 2139 624 2163 ,
661 2118 680 2151 ι
721 2109 778 2151 ιιι
802 2074 1254 2168 ostertderetuttia
1289 2074 1378 2165 qui
1413 2111 1564 2166 negat
1600 2101 1808 2168 quidem
1912 2107 1931 2140 ι
1956 2089 2046 2143 Sic
2067 2102 2214 2156 ergo,
2233 2086 2424 2153 inquit,
2445 2092 2498 2137 et
2524 2083 2577 2135 in
2601 2083 2699 2134 hoc
2723 2090 2956 2146 tempore
2980 2074 3212 2141 reliquiae
3239 2085 3428 2126 secun-

247 2204 341 2252 se,
382 2198 544 2241 extra
579 2190 754 2257 ipsum
789 2199 901 2253 est;
931 2190 1022 2256 qui
1057 2159 1232 2241 autem
1267 2159 1564 2253 conﬁtetur,
1605 2159 1655 2241 in
1697 2190 1812 2256 ipso
1909 2181 2031 2232 dum
2081 2175 2387 2230 electionem
2419 2171 2605 2239 gratiae
2637 2169 2797 2222 salvae
2839 2168 2992 2220 factae
3031 2170 3169 2216 sunt.
3201 2179 3219 2210 ι
3268 2159 3427 2212 Vides

249 2287 372 2332 est.
402 2278 707 2345 Pr0pterea
736 2291 864 2346 ergo
904 2288 956 2333 et
992 2278 1079 2330 hic
1113 2277 1384 2344 Scriptura
1420 2249 1648 2339 dicit",
1689 2249 1812 2344 quia
1909 2281 2035 2332 ergo
2070 2266 2194 2332 quia
2229 2261 2347 2315 illos
2393 2262 2484 2328 qui
2513 2264 2866 2313 curvaverunt
2911 2267 3081 2322 genua
3109 2249 3333 2310 Baalim,
3373 2255 3428 2300 et

227 2380 398 2418 .cum
443 2365 742 2418 defunctus
773 2375 916 2417 esset
945 2363 1126 2425 Iesus.
1164 2381 1182 2413 ι
1214 2362 1513 2416 exsurrexit
1547 2337 1814 2430 generatio
1910 2356 1997 2424 qui
2021 2368 2125 2408 non
2157 2356 2530 2410 curvaverunt,
2562 2347 2612 2399 in
2643 2344 2880 2412 reliquiis
2909 2339 3231 2394 credentium
3281 2344 3335 2388 et
3373 2337 3426 2388 in

254 2457 378 2508 alia
410 2463 540 2524 post
584 2469 700 2514 eos,
747 2456 837 2521 qui
884 2469 990 2508 non
1042 2454 1278 2508 scierunt
1311 2421 1624 2514 Iesum,vet
1653 2465 1814 2518 opera
1912 2421 2251 2496 multitudine
2315 2450 2420 2489 non
2489 2432 2822 2488 credentium
2900 2428 3299 2493 interpretatur.
3363 2421 3431 2474 Et

255 2560 392 2611 qua?
413 2509 564 2597 ’Τροῖι
599 2544 654 2594 in
689 2509 875 2595 Israel.
895 2559 912 2590 ι
1511 2509 1521 2514 ⁷
1687 2509 1702 2518 ’
1911 2529 2012 2583 hoc
2039 2524 2150 2595 (42)
2181 2522 2434 2584 ostendit,
2460 2520 2583 2588 quia
2611 2518 2684 2572 illi
2721 2517 2808 2586 qui
2845 2515 2896 2568 in
2924 2523 3157 2582 tempore
3187 2509 3431 2563 Salvato-

1911 2617 1988 2670 ris
2013 2612 2266 2668 increduli
2297 2609 2619 2664 exstiterunt
2636 2615 2688 2660 et
2703 2604 2870 2672 impii,
2887 2615 3051 2671 genua
3077 2604 3434 2654 curvaverunt

1913 2703 2136 2767 Baalim,
2160 2708 2212 2754 et
2233 2699 2588 2753 adoraverunt
2617 2694 2920 2748 simulacra.
2952 2690 3016 2743 Hi
3043 2703 3169 2743 vero
3198 2687 3286 2755 qui
3313 2700 3434 2738 cre-

336 2632 394 2684 2.
427 2649 447 2682 ‹
485 2632 554 2684 Ει
588 2631 836 2683 fecerunt
875 2629 968 2682 ﬁlii
992 2629 1154 2683 Israel
1183 2626 1517 2682 malumante
1532 2627 1810 2681 Deum".»

260 2720 641 2788 Omnipotens
671 2718 979 2770 dominator
1007 2717 1144 2770 Deus
1177 2729 1445 2784 nunquam
1479 2714 1684 2768 accidat
1724 2727 1818 2766 nn-

257 2811 397 2872 bis,
439 2784 517 2862 ⁷ιιι
565 2806 725 2860 Iesus
776 2805 1028 2860 Christus
1075 2812 1416 2873 posteaquam
1469 2801 1758 2855 resurrexit
1789 2814 1817 2852 a
1915 2793 2065 2855 dunt,
2112 2799 2164 2845 et
2211 2788 2428 2858 implent
2455 2797 2615 2855 opera
2643 2784 2782 2847 ﬁdei,
2809 2796 2912 2836 non
2945 2786 3302 2834 curvaveruut
3343 2789 3434 2842 ge-

262 2897 539 2960 mortuis,
603 2909 821 2948 rursum
878 2894 1135 2946 moriatur
1183 2892 1233 2945 in
1281 2891 1455 2944 nobis.
1510 2889 1645 2955 Quid
1678 2889 1819 2943 enim
1918 2893 2021 2932 nua
2053 2876 2278 2929 Baalim.
2309 2873 2489 2941 Neque
2520 2872 2660 2926 enim
2688 2883 2908 2937 usquam
2939 2863 3434 2921 referturinhisto—

270 2985 414 3038 inibi
444 2984 674 3052 prodest
707 2981 753 3034 si
801 2981 852 3032 in
898 2979 1021 3033 aliis
1047 2978 1189 3031 vivat
1221 2992 1284 3030 ex
1316 2948 1554 3038 virtute:
1579 2986 1634 3030 et
1661 2977 1711 3029 in
1737 2990 1821 3030 me
1847 2987 1888 3042 ο
1921 2968 2035 3026 riis,
2062 2965 2144 3019 vel
2171 2964 2224 3016 in
2247 2959 2585 3029 evangelicis,
2610 2957 2694 3013 vel
2721 2957 2772 3010 in
2803 2956 2919 3008 aliis
2949 2951 3268 3022 quibuslibet
3291 2948 3441 3002 Scri-

266 3037 551 3125 moria'tur
579 3081 648 3120 ex
678 3065 990 3120 inﬁrmitate
1019 3065 1255 3132 peccati?
1283 3064 1416 3129 Quid
1436 3037 1576 3117 mihi
1609 3065 1821 3133 prodest

1934 3055 2089 3109 ituris
2115 3053 2255 3119 quod
2285 3050 2476 3117 aliquis
2504 3057 2738 3114 tempore
2764 3041 3058 3098 Salvatoris
3081 3052 3248 3108 genua
3275 3037 3438 3089 ﬂexe-

265 3161 319 3215 si
357 3160 412 3212 in
447 3173 535 3210 me
573 3165 632 3209 et
677 3156 732 3208 in
791 3170 909 3207 meo
952 3154 1112 3208 corde
1163 3169 1266 3207 non
1299 3153 1462 3216 vivit,
1490 3162 1540 3207 et
1567 3121 1624 3207 δι’
1656 3155 1706 3207 in
1739 3168 1824 3209 me
1921 3121 1990 3196 rit
2015 3141 2333 3203 simulacris,
2364 3139 2456 3192 sed
2490 3139 2556 3192 de
2597 3136 2701 3190 illis
2745 3135 2926 3200 utique
2955 3131 3054 3184 hoc
3089 3129 3307 3189 dicitur,
3345 3121 3446 3192 qui‘

266 3260 438 3310 opera
471 3245 604 3296 vitae
639 3257 743 3294 non
774 3239 1020 3309 perﬁcit?
1044 3240 1180 3306 Quid
1212 3240 1340 3293 mihi
1371 3240 1585 3306 prodest
1615 3242 1657 3293 si
1687 3240 1823 3308 apud

271 3334 445 3387 alium
477 3347 549 3384 ex
585 3331 746 3384 bonis
774 3329 985 3395 studiis,
1009 3343 1072 3382 ex
1109 3329 1246 3382 bona
1274 3327 1394 3390 ﬁde,
1421 3344 1488 3382 ex
1515 3329 1666 3382 bonis
1693 3343 1822 3398 ope-

273 3422 435 3474 ribus
466 3420 725 3473 nascitur
749 3425 804 3470 et
834 3418 1074 3470 reﬁcitur
1100 3416 1247 3486 (40):
1277 3417 1414 3484 apud
1451 3431 1533 3470 me
1564 3426 1738 3470 autem
1767 3425 1822 3471 et

275 3510 336 3563 in
385 3522 510 3561 meo
557 3505 726 3560 corde
763 3519 866 3572 per
902 3503 1067 3557 malas
1092 3504 1438 3570 cogitationes
1472 3512 1526 3558 et
1562 3504 1820 3559 desideria

276 3595 547 3657 nefanda,
596 3608 697 3662 per
744 3593 920 3647 studia
975 3593 1205 3661 pessima
1252 3591 1541 3646 suﬂ'ocatur
1571 3597 1825 3662 quodam-

279 3685 449 3736 modo
476 3690 533 3736 et
559 3681 827 3735 necatur?
857 3680 989 3734 Vide
1013 3680 1152 3734 enim
1187 3680 1310 3748 quid
1349 3680 1495 3735 addit
1535 3681 1826 3752 Scriptura,

279 3771 450 3841 562
484 3771 615 3838 quia
661 3786 680 3819 ι
714 3771 972 3830 surrexit,
1002 3767 1172 3836 inquit
1199 3768 1266 3834 ’⁸,
1297 3769 1568 3838 generatio
1595 3769 1695 3822 alia
1715 3785 1830 3838 quae

280 3875 398 3913 non
451 3858 712 3926 cognovit
745 3855 963 3919 Iesum,
1005 3864 1061 3909 et
1108 3869 1269 3924 opera
1306 3854 1563 3928 quaefecit
1578 3869 1786 3924 magna.
1811 3872 1830 3905 ι

282 3947 592 4002 Generatio
623 3946 712 3998 illa
736 3959 859 4013 quae
886 3959 992 3998 non
1037 3945 1285 4014 cognovit
1321 3943 1598 3998 Dominum
1628 3943 1830 4009 Iesum,

284 4036 394 4089 ista
423 4041 512 4086 est
546 4031 808 4085 malarum
836 4031 1234 4098 cogitationum,
1269 4040 1324 4084 et
1369 4031 1713 4099 pessimarum
1743 4043 1834 4082 cu.

286 4124 611 4191 piditatum,
639 4135 761 4188 qua:
786 4120 1076 4187 procedunt
1124 4133 1189 4173 ex
1229 4119 1409 4173 corde.
1445 4118 1546 4172 Ista
1576 4127 1655 4172 est
1677 4132 1834 4186 gene-

289 4211 438 4264 ratio
464 4223 588 4278 quae
621 4222 729 4261 non
766 4207 1097 4274 recognoscit
1128 4206 1405 4261 Dominum
1433 4205 1631 4268 Iesum,
1668 4220 1834 4273 neque

1921 3231 2152 3300 peccatis
2180 3228 2292 3282 suis
2329 3226 2552 3289 astricti,
2582 3224 2722 3276 velut
2770 3219 3051 3287 compediti
3100 3218 3438 3271 tenebantur.

1925 3319 2074 3373 Unde
2102 3327 2315 3371 constat
2337 3316 2460 3382 quia
2493 3323 2548 3368 et
2575 3327 2672 3366 nos
2702 3308 3118 3378 quotiescunque
3143 3318 3441 3373 peccamus,

1923 3423 2041 3462 cum
2068 3406 2260 3473 captivi
2292 3404 2538 3457 ducimur
2562 3400 2616 3452 in
2642 3399 2755 3466 lege
2789 3395 3016 3465 peccati,
3049 3408 3214 3461 genua
3259 3402 3444 3447 nostra

1925 3509 2206 3550 curvamus
2235 3492 2457 3544 Baalim.
2511 3489 2613 3542 Sed
2656 3502 2760 3541 non
2794 3487 2846 3540 in
2877 3486 2976 3538 hoc
3004 3483 3176 3537 vocati
3219 3495 3401 3534 sumus
3423 3518 3440 3543 ,

1925 3601 2024 3640 nec
2054 3583 2118 3637 ad
2148 3582 2248 3636 hoc
2282 3579 2606 3633 credidimus
2627 3617 2642 3642 ,
2669 3583 2728 3627 ut
2767 3575 2954 3627 iterum
2993 3571 3288 3625 serviamus
3315 3581 3439 3635 pec-

1927 3684 2045 3729 cato
2070 3711 2086 3737 ,
2135 3681 2189 3725 et
2224 3671 2414 3723 iterum
2457 3679 2624 3735 genua
2653 3665 2924 3718 ﬂectamus
2956 3657 3166 3713 diabolo
3189 3695 3203 3717 ,
3257 3655 3348 3709 sed
3389 3663 3447 3706 ut

1927 3761 2201 3816 ﬂectamus
2231 3771 2399 3826 genua
2429 3757 2482 3806 in
2512 3753 2724 3806 nomine
2751 3749 2954 3802 Domini
2981 3747 3104 3800 Iesu
3136 3763 3150 3798 :
3181 3742 3303 3810 quia
3340 3760 3358 3792 ι
3392 3743 3443 3793 in

1930 3849 2142 3905 nomine
2170 3845 2293 3900 Iesu
2325 3857 2480 3898 omne
2507 3856 2640 3910 genu
2664 3838 2892 3892 ﬂectitur
2925 3835 3240 3893 cmlestium,
3263 3839 3316 3884 et
3341 3841 3448 3884 ter-

1930 3938 2198 3997 restrium,
2235 3943 2290 3988 et
2329 3931 2654 3987 infernorum
2685 3931 2745 3994 ¹;
2778 3946 2798 3980 ι
2828 3919 2882 3980 Et
2907 3934 2966 3978 ut
2995 3924 3272 3978 ﬂectamus
3305 3939 3323 3971 ι
3357 3935 3448 3989 ge-

1932 4043 2033 4083 nua
2063 4027 2128 4079 ad
2159 4026 2370 4078 Patrem
2397 4020 2605 4075 Domini
2640 4017 2806 4072 nostri
2844 4015 2967 4068 Iesu
2996 4013 3214 4076 Christi,
3241 4025 3304 4064 ex
3344 4022 3449 4078 quo

1932 4116 2105 4172 omnis
2163 4111 2454 4182 paternitas
2498 4109 2550 4162 in
2592 4106 2781 4162 coelum
2833 4113 2888 4157 et
2933 4103 2984 4155 in
3026 4114 3168 4157 terra
3202 4101 3448 4154 nomina-

1934 4216 2020 4260 tur
2046 4206 2087 4255 ³.
2122 4221 2141 4254 ι
2187 4202 2291 4256 Sed
2321 4200 2448 4269 quid
2489 4199 2617 4253 mihi
2655 4197 2875 4265 prodest
2916 4195 2958 4248 si
2995 4207 3160 4260 genua
3207 4189 3450 4259 corporis

288 4313 432 4368 opus
463 4311 721 4366 magnum
754 4295 893 4362 quod
927 4295 1052 4348 fecit
1079 4295 1132 4348 in
1161 4294 1341 4350 Israel.
1379 4294 1534 4349 Vides
1562 4295 1683 4363 quia
1713 4307 1836 4362 pec-
1865 4287 1911 4345 ἰ)
1936 4295 2035 4350 mei
2075 4295 2141 4348 ad
2185 4292 2472 4347 orationem
2512 4287 2731 4342 veniens
2767 4284 2972 4338 ﬂectam
3017 4283 3151 4345 Deo,
3195 4289 3249 4335 et
3278 4294 3452 4348 genua

291 4397 518 4443 catures
548 4399 618 4439 eo
649 4399 820 4451 usque
852 4383 1188 4452 perveniunt,
1225 4393 1284 4437 ut
1318 4391 1372 4438 et
1410 4397 1542 4449 opus
1569 4384 1694 4436 illud
1724 4398 1837 4435 ma-

294 4494 462 4548 gnum
485 4487 542 4532 et
563 4475 884 4545 praeclarum
911 4476 1052 4543 quod
1074 4473 1203 4528 fecit
1225 4473 1497 4538 Dominus,
1523 4474 1839 4529 obliviscan-

295 4576 425 4629 tur,
464 4567 613 4634 quod
659 4563 948 4617 cruciﬁxus
984 4572 1066 4616 est
1111 4580 1129 4612 ι
1154 4575 1249 4630 pro
1285 4563 1520 4630 peccatis
1543 4563 1756 4625 nostris,
1789 4571 1842 4617 et

297 4655 607 4709 resurrexit
634 4662 855 4722 propter
872 4651 1304 4718 justiﬁeationem
1328 4652 1672 4704 nostram".a
1693 4649 1841 4707 Unde

298 4747 468 4798 credo
500 4744 647 4812 quod
679 4751 900 4811 propter
924 4742 1062 4794 hanc
1081 4741 1402 4794 oblivionem
1435 4750 1677 4794 metuens
1704 4741 1843 4807 Apo-

298 4835 477 4888 stolus
514 4833 734 4888 dicebat
761 4831 1023 4899 discipulo
1049 4845 1146 4884 suo
1181 4830 1490 4892 Timotheo,
1519 4844 1674 4897 quem
1705 4845 1842 4897 pra:-

301 4925 526 4992 cipunm
578 4921 916 4976 habebat":
948 4937 966 4970 ι
1004 4921 1201 4973 Memor
1237 4928 1352 4974 esto
1378 4919 1639 4972 Christum
1667 4918 1843 4972 Iesum

305 5011 682 5066 resurrexisse
724 5024 753 5061 a
784 5008 1025 5060 mortuis.
1059 5027 1076 5057 ι
1115 5008 1326 5062 Sciebat
1355 5005 1496 5058 enim
1537 5007 1655 5072 quia
1691 5007 1847 5075 hujus

379 5102 429 5133 "
469 5099 615 5153 Phil.
652 5113 727 5159 ιν,
754 5097 837 5150 1⁷5.
915 5096 1143 5152 "Matth.
1175 5113 1230 5159 ι,
1254 5095 1347 5155 32,
1381 5094 1466 5147 '55.

1571 5096 1615 5127 "
1641 5095 1760 5149 Iud.
1788 5111 1846 5156 ιι,
1880 5095 1966 5148 10.

1935 4385 2112 4439 cordis
2134 4383 2235 4436 mei
2261 4381 2463 4435 ﬂectam
2491 4375 2734 4431 diabolo?
2755 4375 2810 4428 Si
2842 4373 2981 4427 enim
3006 4387 3110 4424 non
3134 4380 3334 4424 stetero
3362 4370 3453 4421 ﬂr-

1938 4487 2056 4528 mus
2085 4472 2361 4524 adversum
2397 4467 2618 4520 astutias
2667 4462 2901 4525 diaboli,
2955 4460 3074 4514 ﬂexi
3115 4473 3282 4528 genua
3337 4470 3452 4510 mea

1940 4559 2167 4615 diabolo.
2218 4558 2284 4612 Et
2328 4556 2372 4610 si
2420 4569 2522 4608 non
2570 4561 2874 4607 constanter
2926 4559 3130 4603 stetero
3173 4547 3452 4600 adversum

1939 4653 2092 4714 iram,
2126 4648 2244 4702 ﬂexi
2273 4659 2438 4714 genua
2476 4657 2590 4697 mea
2618 4641 2727 4694 irae.
2756 4639 3010 4693 Similiter
3033 4646 3086 4691 et
3118 4637 3162 4690 si
3188 4651 3290 4690 non
3322 4649 3454 4690 con-

1938 4747 2140 4794 stanter
2184 4734 2385 4788 libidini
2427 4731 2688 4794 restitero,
2738 4728 2857 4782 ﬂexi
2904 4726 3104 4781 libidini
3154 4739 3320 4792 genua
3351 4721 3456 4776 mei

1938 4827 2134 4882 cordis.
2176 4825 2241 4878 Et
2292 4823 2346 4876 in
2400 4819 2623 4887 singulis
2661 4817 2960 4886 quibusque
3010 4829 3129 4881 qua:
3179 4810 3454 4866 contraria

1939 4924 2062 4970 sunt
2088 4913 2216 4977 Deo,
2256 4912 2356 4965 hoc
2384 4909 2560 4964 facere
2594 4906 2846 4968 videbor,
2903 4903 3003 4955 nisi
3041 4907 3351 4954 constanter
3401 4907 3459 4951 et

1941 5003 2150 5058 fortiter
2203 5009 2406 5055 stetero
2428 5037 2442 5062 ,
2479 4997 2615 5050 sicut
2643 5002 2697 5048 et
2741 4993 2814 5046 illi
2853 4991 3089 5044 fecerunt
3119 4987 3242 5054 quia
3274 4986 3458 5039 colueo

2073 5097 2118 5128 ”
2151 5092 2277 5146 ibid.
2303 5092 2388 5143 Η.
2494 5088 2538 5118 ⁸⁵
2575 5085 2692 5138 Iud.
2724 5098 2781 5143 ιι,
2812 5081 2896 5133 10.
2994 5078 3040 5108 ³⁸
3075 5077 3224 5146 Rom.
3257 5072 3459 5146 ενι-εξ.

304 5169 354 5205 ος
383 5168 400 5220 ι
431 5137 863 5231 τῖιὶἶῖ’ἰιζ’ἐ.“”ὅο
901 5137 1490 5228 ιυιῖῖίςοιῑενῑέ.
1521 5162 1539 5215 ι
1572 5137 1832 5227 οοῖῗέίῖ

1934 5137 2004 5194 ”ι
2039 5137 2387 5224 ιὶοηᾶἶῖἱξέξ
2422 5157 2476 5221 5,
2509 5137 2657 5216 4,5.
2715 5137 2983 5213 'Philipp.
3009 5158 3068 5206 ιι,
3098 5141 3183 5193 ιο.
3256 5137 3279 5168 ³
3316 5137 3462 5202 Eph.

307 5251 397 5294 In,
426 5234 512 5299 M,
543 5235 631 5287 15.

388 5325 503 5392 (ω)
546 5325 702 5386 Mss.,
735 5339 754 5372 ς
780 5332 830 5374 et
859 5319 1108 5372 reﬁcitur.
1134 5335 1151 5366 ι
1178 5313 1343 5392 ιειιιι..
1367 5312 1520 5373 editi,
1543 5329 1573 5392 χ
1599 5320 1649 5392 et
1683 5311 1843 5378 perﬁ-

311 5378 526 5444 cit‘nrfr
562 5378 730 5444 Paulo
752 5398 868 5455 post
894 5400 1039 5455 mss,
1077 5401 1093 5430 ι
1125 5397 1214 5448 per
1233 5378 1416 5431 malas
1442 5382 1838 5448 cogitationes.»

311 5458 478 5514 Lilib.
505 5461 656 5518 editi,
687 5474 706 5506 ι
733 5452 826 5524 per
855 5452 1059 5524 multas.
1082 5467 1099 5497 ι

391 5510 696 5597 (thiasi,
718 5510 846 5576 {Vis
865 5519 1053 5580 videre,
1077 5515 1241 5582 quia.»
1258 5510 1429 5564 Lihb.
1456 5515 1594 5580 editi,
1619 5528 1837 5583 (quam.

1947 5317 2024 5368 vis
2053 5329 2230 5368 verum
2263 5321 2343 5367 est
2371 5311 2513 5379 quia,
2539 5327 2573 5379 t
3052 5360 3064 5379 ε

2019 5360 2240 5451 (λίέῇἒῆ
2267 5360 2576 5434 ὧὲε’ἷἰιι›ιι
2611 5379 2783 5427 autem
2812 5363 2958 5426 editi,
3002 5379 3018 5410 ι
3052 5360 3474 5420 interpretatur.

1950 5449 2095 5515 ρυοᾱ
2126 5452 2242 5504 hoc.
2273 5467 2290 5498 ι
