3806 6226
323 284 339 364 ξ
373 281 473 336 959

371 495 488 536 rum
523 480 610 546 qui
644 473 824 529 eduxit
855 472 977 524 illos
1015 470 1081 522 de
1118 475 1256 520 terra
1291 463 1528 533 Egypti.
1578 461 1691 513 Non
1742 457 1899 526 igitur

373 579 642 636 putemus,
685 563 805 632 quia
839 562 1084 614 videmur
1111 556 1390 609 simulacra
1421 567 1523 604 non
1561 549 1756 612 colere,
1779 560 1902 614 pro-

378 635 557 722 pterea
599 654 710 704 haec
750 662 850 702 non
884 655 940 698 et
982 645 1047 696 ad
1087 651 1322 694 nostrum
1357 640 1561 706 aliquos
1611 635 1898 703 pertinere.

381 741 753 808 Unusquisque
790 735 929 802 quod
967 746 1073 800 prae
1110 729 1316 782 caeteris
1370 727 1518 789 colit,
1561 725 1700 793 quod
1741 737 1901 790 super

377 832 556 886 omnia
592 829 815 880 miratur
842 831 895 876 et
922 819 1114 888 diligit,
1151 818 1250 871 hoc
1279 818 1327 869 ei
1373 813 1505 868 deus
1535 823 1638 866 est.
1664 812 1900 878 Denique

376 917 477 970 hoc
500 926 579 969 est
609 913 748 980 quod
779 916 904 961 ante
928 905 1125 967 omnia,
1155 913 1206 956 et
1235 916 1396 969 super
1422 901 1598 953 omnia
1628 912 1723 965 per
1753 912 1901 949 man-

376 1007 553 1058 datum
583 1016 736 1054 suum
772 1000 911 1051 Deus
939 993 1177 1061 deposcit
1210 993 1276 1044 ab
1323 989 1538 1042 homine
1572 1001 1588 1040 :
1619 1005 1636 1036 ι
1668 986 1897 1052 Diliges,

377 1092 543 1160 inquit
575 1090 631 1152 ⁸,
660 1087 940 1142 Dominum
974 1084 1136 1136 Deum
1172 1089 1316 1132 tuum
1353 1093 1418 1131 ex
1459 1085 1568 1129 toto
1598 1075 1758 1128 corde
1785 1083 1896 1134 tuo,

375 1190 430 1234 et
444 1195 508 1234 ex
532 1185 637 1232 tota
660 1177 832 1228 anima
862 1183 968 1236 tua,
994 1180 1048 1225 et
1074 1184 1140 1223 ex
1167 1169 1290 1221 totis
1308 1166 1510 1222 viribus
1536 1165 1672 1226 tuis;
1711 1181 1728 1214 ι
1760 1176 1897 1230 pra:-

374 1279 632 1334 occupare
657 1260 1044 1331 quodammodo
1068 1272 1190 1326 erga
1222 1271 1280 1310 se
1305 1255 1522 1322 cupiens
1545 1254 1639 1306 hos
1655 1251 1898 1303 humanae

376 1356 565 1410 mentis
589 1353 808 1406 aﬂ‘ectus
830 1389 847 1414 ,
875 1359 927 1402 et
954 1348 1132 1402 sciens
1169 1345 1288 1413 quia
1332 1343 1471 1410 quod
1509 1355 1576 1394 ex
1606 1348 1716 1392 toto
1741 1339 1898 1392 corde

375 1427 616 1500 dilexerit
635 1443 777 1510 quis,
806 1449 861 1494 et
885 1455 949 1493 ex
976 1447 1085 1492 tota
1117 1435 1312 1496 anima,
1341 1441 1498 1499 atque
1522 1429 1724 1482 viribus
1749 1427 1894 1490 totis,

375 1537 476 1588 hoc
505 1534 552 1586 ei
587 1531 717 1584 deus
748 1538 850 1583 est.
881 1527 1138 1581 Discutiat
1163 1537 1301 1576 nunc
1325 1519 1682 1587 unusquisque
1705 1525 1897 1570 semet-

375 1625 570 1690 ipsum,
608 1629 658 1672 et
695 1619 884 1671 tacitus
921 1631 984 1668 ex
1019 1629 1113 1668 suo
1147 1612 1306 1667 corde
1360 1617 1651 1670 recenseat,
1694 1620 1811 1674 quae
1840 1606 1892 1658 in

374 1726 438 1764 eo
493 1710 827 1778 potissimum
881 1714 934 1758 et
978 1717 1137 1771 super
1195 1708 1386 1753 caetera
1444 1697 1618 1750 omnia
1685 1694 1898 1746 ﬂamma

374 1800 572 1852 amoris
598 1803 870 1856 exaistuet,
901 1793 1020 1860 quis
1052 1790 1158 1844 sibi
1187 1786 1460 1840 ardentior
1494 1782 1700 1838 caneris
1721 1781 1900 1834 fovea-

375 1898 460 1940 tur
496 1883 729 1938 aﬂ'ectus.
754 1882 860 1935 Vos
899 1881 1000 1948 ipsi
1042 1879 1106 1932 de
1149 1879 1232 1931 bis
1265 1877 1512 1928 habetote
1534 1872 1815 1940 judicium,
1846 1881 1902 1924 et

375 1977 427 2028 in
453 1982 646 2028 statera
674 1972 786 2025 haec
807 1969 972 2023 vestri
1004 1966 1268 2021 examinis
1295 1963 1594 2032 appendite,
1622 1971 1676 2014 et
1699 1961 1744 2014 si
1773 1961 1901 2027 quid

375 2071 456 2115 est
489 2061 629 2128 quod
658 2060 709 2112 in
734 2056 1036 2112 dilectionis
1066 2055 1216 2106 lance
1247 2051 1630 2121 praeponderat,
1670 2051 1774 2103 hoc
1807 2048 1900 2100 tibi

371 2151 505 2203 deus
539 2156 635 2202 est.
687 2146 790 2199 Sed
831 2159 1017 2198 vereor
1058 2156 1134 2195 ne.
1157 2141 1290 2208 apud
1319 2139 1736 2207 quamplurimos
1769 2153 1903 2206 prae-

375 2238 636 2303 ponderet
661 2249 809 2288 amor
839 2234 972 2296 auri,
999 2241 1050 2284 et
1073 2229 1308 2282 avaritia:
1335 2228 1540 2294 pondus
1563 2239 1743 2293 pressa
1768 2226 1903 2278 satis

377 2326 527 2378 lance
551 2326 818 2392 dcvergat.
847 2322 910 2374 Et
950 2321 1132 2387 utique
1161 2317 1355 2371 dicitur
1384 2317 1448 2367 ad
1476 2316 1616 2368 hunc
1639 2315 1660 2344 ⁸
1688 2331 1702 2367 :
1736 2333 1754 2364 ‹
1785 2313 1900 2366 Νοιι

375 2424 525 2480 potes
555 2414 662 2466 Deo
684 2422 738 2466 et
773 2412 1084 2464 Mammonae
1113 2407 1186 2475 (id
1217 2417 1301 2457 est
1324 2404 1585 2472 avaritiae)
1623 2404 1842 2456 servire.
1877 2421 1895 2452 ι

377 2500 576 2552 Vereor
617 2506 672 2550 et
715 2497 769 2548 in
811 2495 929 2548 aliis
969 2508 1036 2547 ne
1073 2491 1308 2544 libidinis
1344 2499 1396 2543 et
1438 2489 1721 2556 voluptatis
1753 2503 1903 2541 amor

375 2590 635 2642 intantum
667 2585 1052 2654 praeponderet,
1086 2590 1144 2634 ut
1175 2593 1340 2648 usque
1366 2579 1429 2631 ad
1470 2587 1666 2632 terram
1715 2578 1903 2631 dever-

376 2685 484 2743 gat,
517 2676 568 2727 in
607 2673 727 2726 aliis
752 2685 900 2724 amor
937 2668 1118 2738 gloriae
1143 2666 1430 2730 saecularis,
1468 2674 1521 2718 et
1553 2666 1796 2717 humanae
1823 2665 1904 2717 di-

377 2765 593 2833 gnilatis
645 2761 912 2829 cupiditas
977 2773 1134 2825 super
1194 2756 1371 2810 omnia
1437 2761 1780 2822 praegravat,
1849 2761 1905 2805 et

374 2855 527 2906 valde
568 2866 760 2920 paucos
805 2863 924 2904 esse
968 2847 1230 2909 arbitror,
1276 2844 1365 2912 qui
1406 2844 1544 2896 intra
1586 2841 1903 2909 semetipsos

1787 248 2098 311 ORIGENIS

330 365 334 373 ι
373 399 495 446 runt
531 389 752 450 Baalim,
783 394 836 438 et
878 381 1272 448 dereliquerunt
1307 377 1470 428 Deum
1521 380 1727 438 patrum
1773 381 1897 421 suo-
1927 367 1972 420 A

2001 444 2127 496 licet
2149 405 2672 507 inquisita-poterit
2713 440 2826 480 nos
2854 427 3157 488 separare
3185 428 3216 462 a
3245 407 3529 507 charitate
3557 405 3659 466 Dei,

1997 545 2115 599 qua:
2142 495 2242 582 est.
2267 527 2318 578 in
2351 495 2575 577 Christo
2614 518 2754 572 Jesu
2794 509 3054 566 Domino
3089 508 3327 555 nostro.
3361 495 3664 599 annon-to-

2002 584 2108 670 tius
2138 612 2458 684 gentilitatis
2496 623 2665 662 error
2711 604 2858 658 hinc
2904 592 3154 658 accepit
3181 586 3514 644 exordium,
3541 584 3663 684 .dum

1999 719 2061 756 ea
2085 669 2205 768 qu
2246 697 2473 751 multum
2501 695 2746 760 diligunt
2771 686 3082 742 homines,
3112 680 3263 730 deos
3293 684 3428 725 esse
3469 669 3664 734 volunt,

1999 799 2054 843 et
2079 759 2332 841 liumanis
2356 785 2675 856 quibusque
2695 776 2855 830 vitiis
2869 779 2930 824 et
2947 762 3394 836 cupiditatibus
3437 759 3666 811 divinum

2000 889 2191 928 nomen
2235 849 2553 926 ascribunt?
2588 862 2862 918 Pecuniae
2890 869 3162 923 namque
3193 849 3423 918 cupidi,
3467 855 3522 900 et
3546 860 3666 898 ava-

2000 964 2138 1015 ritia:
2191 975 2379 1014 amore
2409 958 2740 1024 ﬂagrantes,
2796 949 3217 1002 Mammonem
3259 939 3497 1009 quidem
3536 937 3667 1005 apud

1999 1049 2166 1119 Syros
2221 1046 2381 1100 deum
2410 1041 2740 1112 cupiditatis
2783 1037 2971 1090 istius
3007 1033 3264 1093 dicunt;
3326 1025 3580 1079 libidinis
3620 1033 3671 1075 et

2000 1111 2293 1203 voluptatis
2324 1111 2603 1184 amatores
2646 1127 2947 1180 Venerem
2989 1121 3170 1172 deam
3203 1114 3321 1169 sibi
3367 1113 3490 1166 vitii
3525 1111 3671 1178 hujus

2001 1237 2107 1290 quo
2130 1202 2416 1290 agitantur
2445 1216 2762 1269 ascribunt.
2798 1209 3112 1264 Similiter
3155 1214 3222 1258 et
3252 1204 3314 1256 in
3354 1203 3574 1257 ceteris
3598 1202 3672 1254 vi-

2003 1310 2112 1369 tiis,
2139 1289 2280 1359 hunc
2315 1306 2490 1372 ipsum
2510 1318 2620 1366 quo
2646 1306 2939 1365 urgentur
2973 1295 3269 1348 aﬂ‘ectum
3301 1293 3472 1346 deum
3497 1291 3596 1343 sibi
3613 1289 3674 1342 l'e-

1998 1401 2215 1446 cerunt.
2252 1391 2409 1446 Unde
2441 1399 2498 1443 et
2531 1385 2844 1454 Apostolus
2885 1383 3112 1436 eadem
3135 1378 3314 1431 dicit.
3343 1377 3444 1429 Ait
3471 1375 3671 1427 eniiu':

2004 1498 2023 1530 ι
2063 1481 2126 1533 Ει
2155 1479 2387 1533 avaritia
2411 1478 2557 1546 quod
2588 1483 2677 1529 est
2706 1473 3013 1527 idolorum
3055 1467 3292 1522 cultus.
3329 1484 3350 1516 ι
3373 1463 3544 1518 Vides
3562 1478 3678 1532 ergo

1998 1567 2126 1634 quia
2154 1583 2262 1621 non
2293 1566 2467 1620 solum
2503 1564 2746 1616 adorare
2774 1558 3222 1617 simulacrum,
3266 1553 3372 1607 sed
3407 1554 3536 1620 quia
3563 1566 3674 1602 ava-

1929 1654 1971 1706 B
2002 1653 2138 1705 ritia:
2165 1653 2407 1714 studere,
2441 1648 2717 1702 idolorum
2746 1643 2951 1697 cultus
2975 1649 3040 1694 et
3065 1638 3344 1694 servitus
3375 1642 3672 1702 reputatur.

2006 1739 2098 1792 Sic
2129 1752 2258 1806 ergo
2283 1746 2339 1791 et
2369 1749 2471 1789 nos
2499 1748 2627 1788 cum
2653 1729 2956 1796 aliquibus
2991 1727 3171 1779 vitiis
3221 1724 3307 1777 ita
3366 1721 3536 1774 dediti
3588 1735 3671 1772 su-

2001 1840 2140 1887 mus,
2178 1832 2236 1876 ut
2264 1839 2325 1876 ea
2359 1837 2424 1875 ex
2474 1829 2588 1873 toto
2634 1817 2837 1880 corde,
2880 1823 2944 1868 et
2974 1823 3107 1868 tota
3145 1811 3378 1872 anima,
3423 1818 3584 1875 atque
3611 1820 3670 1858 ex

1999 1911 2127 1964 totis
2152 1911 2359 1962 viribus
2389 1908 2715 1976 diligamus,
2741 1904 3008 1956 adorare
3041 1897 3216 1954 idola
3241 1907 3304 1950 et
3338 1896 3542 1950 abiisse
3563 1904 3670 1961 post

2000 1999 2130 2051 deos
2160 1997 2368 2048 alienos
2403 1995 2665 2047 dicimur.

2070 2084 2126 2136 4.
2154 2100 2174 2132 ι
2214 2083 2278 2134 ΕΙ.
2325 2082 2720 2140 adoraverunt,
2757 2079 2964 2145 inquit
2990 2075 3044 2139 ⁸,
3085 2075 3242 2128 deos
3274 2072 3524 2135 alienos,
3552 2072 3668 2125 deos

2000 2173 2263 2239 gentium,
2296 2184 2416 2235 quae
2448 2171 2501 2221 in
2534 2169 2778 2222 circuitu
2812 2167 3100 2232 ipsorum
3137 2171 3346 2225 erant,
3389 2169 3446 2214 et
3473 2161 3538 2212 ad
3572 2161 3668 2211 ira-

1999 2260 2248 2313 cundiam
2286 2258 2708 2310 concitaverunt
2742 2256 2959 2308 Deum.
3006 2270 3028 2304 ι
3070 2251 3266 2305 Vides
3309 2259 3578 2318 quantum
3607 2248 3669 2302 fa-

1999 2347 2151 2400 ciant
2186 2354 2429 2414 peccata,
2456 2352 2517 2396 ut
2552 2351 2868 2410 peccantes
2898 2341 3076 2393 illum
3119 2341 3180 2393 in
3210 2354 3333 2408 quo
3359 2353 3471 2391 non
3501 2338 3663 2392 solum

2003 2435 2096 2486 ira:
2122 2433 2299 2486 nullus
2330 2431 2562 2485 affectus
2593 2439 2704 2493 est,
2734 2429 2842 2483 sed
2879 2444 3000 2483 nec
3028 2428 3197 2482 alius
3239 2429 3474 2497 quidem
3499 2427 3662 2496 passi-

2002 2523 2126 2575 bilis
2159 2531 2358 2584 motus,
2384 2535 2484 2575 nos
2517 2521 2584 2572 ad
2612 2519 3001 2572 iracundiam
3039 2534 3384 2588 provocare
3408 2519 3662 2571 dicamur.

2003 2611 2203 2665 Verum
2222 2608 2310 2662 ille
2333 2616 2620 2676 permanet
2642 2607 3054 2662 immutabilis
3090 2608 3153 2660 in
3183 2621 3294 2660 sua
3335 2616 3554 2668 natura,
3579 2617 3665 2658 nec

2006 2713 2242 2766 unquam
2272 2698 2369 2750 ira:
2396 2695 2653 2750 turbatur
2688 2695 3020 2749 affectibus
3058 2712 3074 2747 :
3114 2711 3232 2764 ego
3265 2705 3458 2749 autem
3497 2709 3662 2763 perea

2003 2801 2123 2854 qua:
2147 2785 2421 2854 delinquo,
2449 2786 2586 2838 iram
2625 2784 2770 2837 mihi
2805 2784 2944 2852 ipse
2973 2786 3328 2848 conscisco,
3369 2785 3512 2838 sicut
3540 2783 3659 2838 dicit

2002 2874 2288 2943 Aposmlus
2314 2875 2430 2927 haec
2456 2873 2573 2941 ipse
2605 2873 2822 2926 docens
2862 2873 3005 2942 (45)
3041 2891 3058 2927 :
3097 2891 3121 2924 ο
3165 2873 3500 2928 Secundum
3523 2872 3662 2925 duri-

378 2943 654 2995 "'cﬁenles
698 2938 808 3010 (4³)
858 2937 1101 3030 θαθθωδ,
1134 2949 1299 3030 suos}
1347 2943 1402 2987 et
1442 2936 1494 2985 in
1536 2939 1778 3030 ﬁt???
1809 2945 1900 3030 θίξδ
1926 2935 1969 2992 C
2004 2935 2127 3016 tiam
2165 2972 2309 3015 tuam
2343 2935 2527 3016 autem
2576 2970 2633 3014 et
2679 2976 2786 3014 cor
2848 2935 3264 3030 imptnnitens
3306 2963 3658 3026 thesaurizas,

381 3030 684 3096 aequalitate
741 3037 1024 3097 pensantes
1089 3025 1364 3078 invenient
1412 3021 1551 3089 quod
1604 3020 1903 3074 dilectionis

380 3119 471 3173 Dei
518 3120 720 3186 pondus
768 3133 925 3186 super
965 3117 1142 3170 omnia
1179 3121 1363 3167 caetera
1401 3123 1519 3178 quae
1547 3117 1670 3162 sunt
1718 3110 1903 3162 buma-

380 3221 456 3259 ua-
494 3207 874 3274 praeponderet.
946 3203 1076 3258 Scio
1133 3215 1232 3270 ego
1294 3214 1458 3262 eum,
1503 3197 1591 3264 qui
1651 3204 1707 3249 et
1764 3196 1902 3264 apud

379 3297 719 3362 semetipsum
759 3309 961 3348 summa
993 3292 1384 3347 examinatione
1433 3295 1800 3358 pensaverat,
1850 3294 1904 3341 et

377 3399 497 3437 cum
546 3385 830 3437 invenisset
879 3384 1002 3450 quia
1053 3395 1240 3434 omnes
1297 3379 1387 3446 qui
1446 3379 1587 3431 intra
1637 3391 1695 3434 se
1751 3383 1904 3430 erant

379 3470 598 3524 allectus
652 3472 704 3523 in
760 3471 899 3522 illam
960 3476 1164 3536 partem
1208 3465 1296 3519 ubi
1351 3466 1444 3520 Dei
1497 3473 1616 3520 crat
1669 3465 1905 3519 cbaritas

377 3570 697 3627 vergerent,
756 3574 875 3613 cum
945 3559 1088 3613 omni
1167 3556 1490 3611 conﬁdentia
1569 3556 1776 3609 dicebat
1835 3555 1901 3606 'z

381 3666 400 3699 t
441 3650 571 3714 Quia
615 3662 790 3715 neque
836 3662 1017 3708 mors.
1058 3661 1229 3714 neque
1277 3647 1416 3709 vita,
1456 3659 1627 3713 neque
1686 3643 1902 3710 angeli,

377 3750 548 3804 neque
582 3736 805 3790 virtutes
833 3774 849 3799 ,
901 3749 1073 3803 neque
1107 3736 1392 3803 praesentia
1417 3771 1432 3795 ,
1483 3745 1653 3799 neque
1682 3731 1857 3782 futura
1886 3766 1902 3792 ,

379 3839 553 3892 neque
598 3825 863 3890 altitudo,
919 3839 1090 3892 neque
1135 3825 1455 3890 profundum
1483 3859 1498 3884 ,
1539 3834 1713 3888 neque
1755 3833 1906 3872 crea-

380 3925 497 3967 tura
548 3913 649 3966 alia
698 3915 893 3980 poterit
945 3915 1042 3966 nos
1089 3925 1336 3979 separare
1388 3925 1418 3964 a
1462 3909 1726 3964 charitate
1769 3907 1904 3972 Dei,

376 4007 534 4078 463
561 4022 680 4075 qua:
724 4017 806 4062 est
858 4007 911 4059 in
945 4005 1154 4060 Christo
1201 4004 1325 4060 Jesu
1373 4006 1595 4060 Domino
1627 4014 1832 4061 nostro.
1877 4023 1898 4058 ι

379 4097 484 4149 Sed
532 4097 730 4151 Paulus
765 4097 851 4150 hic
885 4105 964 4150 est
994 4098 1080 4162 qui
1113 4096 1225 4149 hazc
1248 4096 1318 4149 ita
1349 4099 1519 4164 potuit
1551 4098 1750 4162 dicere,
1780 4098 1906 4164 quia

2003 3051 2242 3116 inquit’,
2285 3051 2382 3104 tibi
2425 3050 2527 3118 ipsi
2556 3050 2700 3100 iram
2733 3051 2792 3101 in
2847 3051 2951 3104 die
3001 3050 3113 3105 ira:
3143 3052 3510 3106 revelationis
3542 3051 3661 3118 justi

1995 3138 2184 3204 judicii
2227 3140 2345 3204 Dei,
2388 3138 2482 3206 qui
2514 3139 2712 3192 reddet
2747 3139 3094 3208 unicuique
3149 3144 3476 3196 secundum
3507 3157 3657 3210 opera

2001 3241 2114 3280 sua.
2149 3244 2168 3277 ›

2071 3315 2122 3368 5.
2166 3332 2184 3365 ι
2226 3313 2586 3367 irritaverant
2617 3327 2757 3382 ergo
2787 3312 3126 3370 Dominum
3164 3318 3244 3372 ad
3303 3317 3654 3382 iracundiam,

2001 3413 2056 3458 et
2095 3403 2514 3469 dereliquerunt
2559 3401 2901 3466 Dominum,
2970 3404 3305 3460 coluerunt
3364 3407 3568 3460 Baalim
3611 3418 3656 3459 et

2001 3495 2274 3555 Astarten,
2318 3503 2373 3546 et
2405 3493 2584 3546 iratus
2611 3501 2700 3545 est
2732 3491 2950 3548 furore
2992 3495 3291 3551 Dominus
3320 3499 3382 3551 in
3406 3495 3588 3559 lsrael,
3611 3504 3656 3548 et

2004 3582 2225 3636 tradidit
2272 3596 2367 3634 eos
2413 3583 2464 3635 in
2510 3596 2710 3636 manus
2748 3583 3199 3651 diripientium
3226 3587 3302 3643 ¹⁶.
3358 3606 3379 3640 ι
3421 3587 3655 3654 Quandiu

2002 3673 2122 3740 quis
2158 3672 2267 3724 Deo
2307 3670 2511 3735 servit,
2559 3687 2668 3724 non
2717 3673 2996 3728 traditur
3049 3679 3112 3730 in
3147 3693 3363 3733 manus
3411 3679 3656 3744 diripien-

2004 3762 2157 3812 tium.
2194 3758 2328 3811 Cum
2370 3765 2553 3811 autem
2590 3758 3055 3827 dereliquerunt
3101 3765 3443 3827 Dominum,
3467 3774 3520 3818 et
3552 3778 3656 3817 ser-

2004 3850 2118 3902 vire
2155 3857 2439 3915 cmperunt
2462 3847 2826 3916 passionibus
2859 3851 3018 3913 suis,
3056 3836 3198 3907 tunc
3226 3855 3443 3909 dicitur
3472 3855 3536 3906 de
3565 3852 3652 3913 eis,

2003 3936 2129 4002 quia
2163 3954 2183 3986 ‹
2213 3935 2438 3988 tradidit
2462 3947 2562 3987 eos
2593 3935 2742 3987 Deus
2770 3935 2830 3987 in
2875 3941 3206 4004 passiones
3258 3939 3594 4009 ignominiaa.
3634 3953 3652 3988 I

2005 4024 2070 4077 Et
2118 4025 2310 4076 iterum
2339 4023 2422 4076 “:
2479 4041 2498 4073 t
2547 4021 2814 4076 Tradidit
2859 4038 2971 4079 eos
3026 4027 3192 4083 Deus
3245 4029 3306 4082 in
3370 4031 3649 4098 reprobum

2004 4128 2243 4175 sensum,
2261 4120 2321 4164 ut
2350 4111 2560 4164 faciant
2590 4125 2655 4163 ea
2679 4126 2808 4178 qua:
2845 4129 2968 4168 non
2989 4119 3422 4174 conveniunt.»
3444 4117 3649 4185 Quare?

381 4198 549 4250 neque
579 4187 882 4252 praesentia,
908 4199 1077 4251 neque
1105 4185 1306 4281 futura,
1335 4200 1505 4251 neque
1529 4195 1772 4241 creatura
1797 4187 1898 4238 alia
1939 4228 1979 4281 Β
2007 4202 2138 4266 Quia
2169 4199 2355 4267 repleti
2391 4207 2542 4260 sunt,
2589 4198 2798 4265 inquit,
2831 4219 2852 4251 ‹
2890 4206 3066 4258 omni
3103 4207 3444 4275 iniquitate,
3477 4208 3654 4276 nequi-

380 4286 501 4324 cum
551 4287 797 4339 separare
849 4281 1020 4339 potest
1055 4287 1082 4324 a
1123 4273 1382 4327 charitate
1432 4275 1544 4327 Dei.
1576 4274 1684 4328 Nos
1725 4284 1900 4328 autem

386 4372 544 4428 atque
574 4364 772 4415 utinam
809 4364 889 4416 vel
915 4364 1014 4416 hoc
1051 4362 1308 4424 dicamus,
1335 4364 1459 4430 quia
1484 4380 1656 4432 neque
1687 4378 1899 4428 aurum,

383 4463 549 4517 neque
580 4459 874 4516 argentum,
906 4463 1074 4516 neque
1102 4449 1342 4516 voluptas
1369 4454 1564 4517 carnis,
1591 4468 1760 4521 neque
1788 4454 1901 4521 glo-

386 4542 463 4594 ria
513 4539 714 4602 steculi,
763 4547 815 4590 et
850 4541 1045 4591 caduca
1089 4548 1142 4590 et
1189 4540 1489 4605 temporalis
1519 4542 1776 4610 dignitas,
1817 4541 1901 4595 vel

387 4631 592 4684 delicia:
634 4629 956 4697 corporales,
1007 4641 1177 4695 neque
1228 4629 1512 4684 liberorum
1549 4633 1630 4684 vel
1662 4631 1903 4702 conjugis

383 4723 548 4790 gratia
589 4719 787 4789 poterit
831 4733 928 4771 nos
967 4733 1208 4785 separare
1243 4721 1568 4775 a-charitate
1599 4723 1712 4775 Dei.
1743 4721 1903 4776 Certe

386 4810 471 4862 vel
511 4809 635 4862 illud
668 4809 823 4861 liceat
849 4822 878 4862 a
916 4808 1068 4859 nobis
1089 4808 1412 4862 conﬁdenter
1438 4810 1560 4872 dici,
1589 4810 1710 4877 quia
1733 4825 1906 4880 neque

383 4897 648 4952 saecularis
681 4897 992 4949 litteratura:
1026 4910 1202 4960 amor,
1251 4912 1422 4966 neque
1464 4896 1903 4966 philosophorum

385 4985 730 5052 sophismata,
763 4997 936 5050 neque
973 4985 1458 5037 mathematicorum
1487 4984 1822 5051 deceptiones
1848 4995 1903 5040 et

383 5083 645 5128 astrorum
667 5073 894 5126 simulati
920 5087 1130 5136 cursus,
1156 5086 1325 5139 neque
1353 5070 1702 5124 divinationes
1719 5072 1902 5126 subre-

388 5163 537 5231 ptilia
564 5162 858 5218 daemonum
890 5161 1098 5215 fallacia
1145 5157 1521 5214 commendata
1564 5157 1698 5225 (44),
1729 5174 1900 5227 neque

491 5251 514 5284 ⁸
542 5252 695 5306 Deut.
728 5267 800 5315 vt,
827 5252 879 5303 5.
950 5253 970 5283 ⁵
1003 5252 1185 5304 Matth.
1213 5263 1285 5308 vr,
1313 5246 1435 5315 24._
1455 5245 1493 5315 _‘
1521 5245 1673 5315 Rom.
1707 5263 1820 5309 vm,
1850 5251 1938 5312 38,
1971 5253 2060 5308 59.

390 5317 432 5348 ”
454 5315 571 5373 Jud.
605 5335 662 5382 ιι,
698 5312 998 5385 12,15,14.
1092 5319 1130 5347 ¹¹
1165 5316 1316 5368 Rom.
1343 5327 1382 5377 ι,
1409 5312 1478 5363 2b
1499 5323 1552 5365 et
1575 5314 1663 5367 28.

464 5431 568 5494 (43ὶ
602 5432 751 5491 Μεε..
784 5451 801 5482 ο
824 5434 1116 5487 metientes.
1148 5450 1165 5482 ο
1205 5429 1389 5488 Editt.,
1427 5445 1444 5475 ι
1472 5429 1716 5482 scientes.
1742 5446 1760 5480 ι

466 5497 572 5563 (i4)
611 5497 756 5553 Unus
784 5501 943 5553 codex
969 5516 1090 5564 tus.,
1118 5519 1134 5550 ι
1169 5504 1552 5554 εῡιιιιιιριιῑιιιω.
1591 5513 1610 5547 ι
1669 5533 1676 5538 .

1756 5316 1797 5346 ¹¹
1826 5315 1947 5371 Jutl.
1978 5336 2037 5384 ιι,
2078 5326 2172 5382 14,

2007 4292 2097 4352 tia,
2153 4287 2535 4346 fornicatione,
2592 4287 2869 4352 avaritia,
2919 4309 2942 4341 ι
2980 4303 3045 4347 et
3111 4298 3348 4351 ceteris
3411 4298 3653 4352 omnibus

2003 4390 2121 4443 qua;
2154 4375 2433 4436 dicuntur,
2477 4373 2623 4427 sicut
2650 4384 2706 4427 et
2736 4375 2834 4429 hic
2863 4381 3075 4438 modo.
3124 4403 3145 4435 ι
3178 4385 3289 4450 Qui
3321 4388 3649 4445 servierunt,

2005 4461 2178 4530 inquit
2205 4461 2270 4526 ι’,
2302 4471 2355 4515 et
2397 4461 2780 4515 aduraverunt
2815 4462 3048 4522 Baalim
3091 4482 3152 4525 et
3188 4475 3504 4536 Astarten,
3544 4484 3645 4526 ιη-

2004 4551 2138 4604 didit
2167 4551 2287 4604 illos
2312 4551 2458 4604 Deus
2489 4551 2546 4604 in
2573 4567 2775 4610 manus
2803 4557 3242 4626 diripientium,
3272 4575 3336 4619 et
3368 4565 3503 4619 facti
3532 4573 3650 4618 sunt

2007 4640 2060 4692 in
2100 4641 2350 4694 manibus
2392 4642 2748 4697 inimicorum
2811 4662 3085 4704 suorum.
3129 4671 3150 4704 ι
3193 4652 3339 4708 Περ
3385 4655 3559 4716 enim,
3594 4663 3648 4705 ut

2005 4729 2286 4797 saepeiam
2319 4730 2457 4798 dixi,
2488 4730 2662 4785 Judaei
2703 4743 2986 4804 tanquam
3015 4741 3300 4795 historias
3335 4759 3527 4798 rerum
3559 4756 3648 4810 ge-

2007 4825 2216 4870 starum
2245 4829 2299 4872 et
2329 4821 2744 4887 praeteritarum
2775 4825 2998 4893 legunt.
3038 4827 3155 4883 Nos
3190 4841 3393 4885 autem
3425 4843 3645 4899 pmpter

2006 4919 2144 4971 quos
2175 4906 2294 4962 haec
2323 4909 2536 4976 scripta
2584 4909 2877 4979 dicuntur,
2916 4917 3069 4971 scire
3101 4917 3414 4985 debemus,
3447 4921 3574 4986 quia
3599 4919 3640 4972 si

2007 4996 2422 5060 peccaverimus
2451 4999 2703 5062 Domino,
2737 5014 2792 5056 et
2845 5005 3023 5059 animi
3083 5011 3265 5063 nostri
3305 5011 3637 5078 voluptates.

2103 5081 2389 5140 desideria
2423 5091 2613 5146 carnis
2645 5092 2802 5148 velut
2839 5095 3016 5151 Deum
3054 5098 3329 5165 colamus,
3372 5100 3638 5152 tradimur

2006 5179 2318 5243 cuamms.
2349 5189 2406 5234 et
2423 5183 2728 5254 apostolica
2764 5189 3104 5243 auctoritate
3134 5190 3186 5242 in
3217 5203 3422 5241 manus
3451 5184 3635 5240 Zabuli

2137 5261 2157 5346 ξ’
2193 5262 2416 5327 Coloss.
2451 5291 2542 5342 ιιι,
2570 5275 2624 5331 5.
2695 5276 2718 5308 ⁸
2747 5277 2877 5334 Jud.
2913 5296 2974 5346 ιι,
3006 5280 3094 5334 12.
3169 5280 3190 5310 ⁸
3217 5277 3380 5330 Rom.
3409 5292 3474 5342 ιι,
3499 5277 3551 5342 5,
3576 5274 3628 5329 6.

2009 5439 2416 5577 υόῗῇυξιὲὶιὶ).
2441 5464 2628 5531 editi.,
2653 5483 2670 5517 ι
2699 5465 2993 5536 Apostolus
3025 5472 3080 5518 cl
3103 5464 3174 5518 ita
3211 5461 3433 5516 docens.
3459 5472 3479 5506 ι
3501 5452 3624 5507 Mss.

2346 5543 2408 5577 [‘0
2439 5543 2594 5577 ltu'ln

2346 5543 2408 5585 ΓΟ
2439 5543 2620 5593 textu.
