3806 6252
219 289 302 345 961

1109 325 1123 340 .
1173 279 1237 333 IN
1275 276 1531 334 LIBRUM
1569 279 1856 334 JUDICUM
1889 269 2178 333 HOMILIA
2210 263 2291 318 IIl.

3227 285 3336 338 962

215 399 550 456 concedimur.
598 397 731 450 Audi
775 397 998 462 denique
1047 396 1214 463 ipsum
1253 392 1518 445 dicentem
1549 395 1616 447 de
1648 409 1711 446 eo
1741 399 1786 453 Λ
1813 401 1989 460 spectu
2023 386 2138 448 Dei,
2179 387 2232 436 et
2267 380 2414 439 obliti
2445 401 2564 444 sunt
2599 393 2805 446 Domini
2849 392 2936 446 Dei
2964 395 3067 456 sui,
3093 409 3154 448 ac
3179 397 3336 450 relin-

217 490 294 554 qui
348 495 695 554 peccaverat:
731 504 750 535 ‹
792 485 1046 546 Tradidi,
1102 483 1268 549 inquit
1299 481 1364 544 η,
1417 481 1712 547 hujusmodi

219 576 460 629 hominem
497 571 707 646 satanas
739 575 791 624 in
838 575 1103 624 interitum
1136 571 1329 633 carnis,
1383 579 1445 623 ut
1493 571 1714 638 spiritus

216 663 379 716 salvus
417 661 524 712 fiat.
559 678 579 711 ι
623 659 776 713 Vides
817 677 944 729 ergo
973 662 1093 726 quia
1124 676 1226 712 non
1269 660 1434 713 solum
1463 674 1558 728 per
1592 673 1717 726 apo-

215 749 364 804 stolos
411 761 532 800 suos
584 746 723 800 Deus
769 749 987 801 tradidit
1034 748 1400 814 delinquentes
1432 748 1486 798 in
1529 761 1714 799 manus

212 836 541 896 inimicorum,
591 836 683 886 sed
731 845 787 887 et
835 851 928 902 per
971 850 1062 888 eos
1102 836 1188 903 qui
1245 835 1491 888 Ecclesia:
1536 835 1715 902 praesi-

213 924 341 983 dent,
369 929 419 973 et
445 929 760 986 potestatem
797 924 994 974 habent
1029 937 1127 975 non
1160 921 1326 974 solum
1354 921 1716 984 solvendi,sed

219 1021 265 1063 et
300 1008 505 1076 ligandi,
539 1009 829 1060 traduntur
857 1016 1161 1076 peccatores
1192 1009 1242 1060 in
1278 1009 1546 1060 interitum
1585 1023 1716 1061 car-

216 1097 306 1160 nis,
331 1109 444 1147 cum
481 1108 578 1162 pro
609 1093 823 1146 delictis
875 1095 985 1147 suis
1013 1109 1042 1146 a
1074 1093 1266 1146 Christi
1299 1107 1520 1161 corpore
1562 1107 1714 1161 sepa-

215 1194 400 1237 rantur.
429 1183 511 1243 Et,
556 1191 614 1233 ut
652 1181 784 1233 mihi
818 1171 1047 1244 videtur,
1079 1183 1355 1248 dupliciter
1390 1181 1547 1234 etiam
1581 1197 1716 1235 nunc

209 1273 466 1322 traduntur
499 1269 744 1320 homines
777 1268 843 1320 de
876 1267 1110 1322 Ecclesia
1164 1270 1212 1321 in
1266 1278 1573 1336 potestatem
1619 1270 1718 1322 Za-

207 1358 299 1411 huli
323 1372 452 1409 :uno
477 1355 632 1408 modo
654 1371 764 1423 quo
791 1356 1038 1423 superius
1065 1357 1313 1420 diximus,
1333 1371 1450 1408 cum
1469 1357 1715 1410 delictum

209 1445 307 1512 ejus
331 1441 657 1495 manifestum
691 1443 751 1495 fit
789 1443 1060 1505 Ecclesiae,
1097 1453 1148 1496 et
1175 1459 1267 1511 per
1303 1447 1610 1498 sacerdotes
1652 1447 1717 1499 de

211 1529 420 1582 Ecclesia
445 1529 680 1597 pellitur,
713 1538 770 1585 ut
795 1540 1012 1584 notatus
1045 1533 1110 1584 ab
1142 1533 1384 1586 omnibus
1415 1536 1714 1596 erubescat,

209 1627 252 1670 et
281 1631 522 1671 converso
554 1619 771 1671 eveniat
803 1619 879 1671 illi
911 1621 1050 1686 quod
1095 1621 1334 1686 sequitur
1367 1621 1427 1684 ιδ,
1465 1640 1483 1672 ι
1523 1632 1577 1676 ut
1609 1625 1715 1690 spi-

1825 491 2049 548 quentes
2085 489 2205 532 eum
2245 477 2544 534 servierunt
2577 484 2795 546 Baalim,
2827 492 2877 536 et
2911 483 3037 537 lucis
3063 485 3294 551 gentium
3316 525 3332 550 ,

1815 581 1935 624 tunc
1957 566 2375 622 thesaurizantes
2392 569 2488 622 sibi
2508 571 2780 637 ipsisiram
2814 572 2988 624 traditi
3038 583 3158 626 sunt
3192 573 3333 640 justc

1812 657 2108 726 Deijudicio
2131 656 2180 706 in
2205 667 2392 707 manus
2413 655 2766 720 inimicorum,
2785 657 3066 711 secundum
3087 663 3197 711 haec
3217 675 3333 727 qua:

1812 760 2041 814 praesens
2085 743 2241 797 lectio
2273 742 2583 805 declaravit,
2635 747 2684 797 in
2735 759 2922 797 manus
2967 746 3324 800 Chusarsaton

1811 835 1952 902 regis
2020 831 2432 899 Mesopotamiae.
2496 832 2877 899 Interpretatur
2939 833 3327 887 Chursarsaton

1812 922 2096 974 humiliatio
2125 936 2301 972 eorum
2342 919 2474 990 (46).
2512 921 2716 974 Traditi
2746 930 2874 974 sunt
2901 935 3033 988 ergo
3068 921 3118 972 in
3147 936 3332 973 manus

1812 1008 1924 1075 ejus
1965 1009 2052 1075 qui
2087 1008 2389 1062 humiliaret
2429 1023 2540 1061 eos.
2592 1009 2653 1060 Et
2704 1010 2826 1077 quia
2868 1009 2965 1075 ipsi
3012 1008 3062 1060 in
3105 1008 3331 1060 excelsis

1814 1097 2072 1148 montium
2116 1097 2272 1161 impie
2316 1095 2540 1162 agebant
2580 1097 2631 1148 in
2665 1097 3009 1155 Altissimum,
3055 1105 3328 1162 pr0pterea

1813 1186 1880 1238 ab
1906 1187 2016 1252 ipso
2050 1187 2100 1237 in
2131 1185 2479 1238 humilitatem
2517 1185 2814 1238 traduntur.
2865 1185 2966 1236 Sed
3016 1183 3133 1234 nolo
3178 1192 3330 1249 putes

1813 1275 1933 1341 quia
1959 1289 2081 1343 erga
2115 1276 2362 1342 antiquos
2385 1276 2707 1329 solummodo
2739 1283 2851 1326 erat
2877 1275 2987 1326 hmo
3011 1273 3182 1325 divina
3210 1288 3331 1338 pru-

1812 1361 2069 1424 videntia,
2116 1371 2174 1413 ut
2217 1375 2308 1414 eos
2344 1364 2431 1427 qui
2472 1363 2628 1430 impie
2654 1360 3053 1423 exaltabantur,
3097 1360 3329 1410 traderet

1814 1444 2183 1506 humiliandos,
2211 1456 2268 1498 ut
2293 1447 2490 1499 salubri
2524 1447 2796 1500 medicina:
2821 1446 3041 1506 ratione,
3063 1445 3327 1498 coatraria

1814 1535 2098 1586 contrariis
2151 1545 2486 1588 curarentur.
2532 1534 2662 1587 Nam
2709 1541 2764 1587 et
2806 1548 2943 1588 nunc
2982 1534 3327 1599 omnipotenti

1816 1621 1920 1674 Deo
1949 1635 2072 1688 erga
2104 1621 2389 1675 Ecclesiam
2418 1638 2564 1675 suam
2591 1623 2656 1675 de
2681 1622 2981 1689 hujusmodi
3017 1621 3328 1674 salubritate

210 1703 322 1755 ritus
349 1703 519 1757 salvus
551 1704 641 1757 fiat
666 1705 718 1757 in
750 1705 838 1757 die
857 1706 1065 1758 Domini
1097 1709 1259 1758 nostri
1288 1706 1409 1760 Jesu
1441 1709 1664 1772 ChriSti;
1687 1729 1705 1761 ι
1742 1699 1784 1752 Β
1812 1711 2135 1776 providentia
2183 1719 2285 1763 est.
2318 1711 2487 1763 Etiam
2535 1725 2672 1763 nunc
2709 1720 2793 1764 est
2829 1710 3188 1762 Chusarsaton
3237 1723 3324 1760 rex

210 1791 298 1843 alio
322 1799 486 1843 autem
528 1793 684 1844 modo
718 1793 842 1858 quis
881 1795 1110 1846 traditur
1145 1794 1362 1859 Zabulo,
1387 1812 1502 1849 cum
1527 1813 1712 1865 pecca-

211 1889 300 1929 tum
325 1876 429 1941 ejus
448 1878 786 1931 manifestutn
813 1894 922 1932 non
951 1880 1350 1947 lithominibns;
1381 1885 1514 1938 Deus
1535 1893 1710 1938 autem

207 1965 281 2030 qui
317 1965 445 2018 videt
478 1967 528 2018 in
563 1966 809 2030 occulto,
856 1970 1186 2035 perspiciens
1214 1971 1325 2037 ejus
1374 1980 1620 2034 mentem,
1661 1981 1714 2026 et

207 2051 409 2104 animam
465 2053 608 2107 vitiis
660 2069 724 2107 ac
784 2057 1127 2122 passionibus
1177 2061 1512 2126 servientem,
1567 2072 1620 2115 et
1661 2062 1712 2114 in

203 2144 342 2196 corde
365 2144 471 2209 ejus
498 2160 602 2197 non
629 2147 807 2198 solum
847 2161 1083 2201 amorem
1126 2150 1326 2212 saeculi,
1355 2152 1443 2204 sed
1473 2160 1562 2204 aut
1587 2167 1713 2204 ava.

201 2234 477 2296 ritiam,aut
500 2233 802 2296 libidinem,
843 2245 932 2286 aut
953 2238 1278 2300 jactantiam,
1306 2239 1384 2290 vel
1402 2238 1500 2291 alia
1527 2240 1710 2304 hujus-

203 2323 346 2386 modi,
371 2323 520 2376 istum
541 2322 695 2375 talem
718 2323 848 2388 ipse
877 2323 1128 2376 Dominus
1144 2326 1304 2377 tradit
1329 2325 1558 2379 Satanze.
1576 2328 1714 2390 Quo-

203 2411 336 2463 modo
359 2425 474 2462 cum
509 2411 670 2463 tradit
701 2410 966 2463 Satanae?
995 2411 1222 2464 Discedit
1249 2427 1276 2463 a
1309 2423 1482 2468 mente
1508 2416 1640 2482 ejus,
1663 2424 1716 2469 et

206 2497 371 2548 avertit
400 2509 473 2560 se,
502 2505 555 2550 et
581 2498 777 2563 refugit
824 2511 853 2548 a
884 2496 1288 2564 cogitationibus
1318 2499 1430 2566 ejus
1462 2503 1634 2564 malis,
1663 2513 1715 2556 et

207 2583 451 2638 desideriis
494 2586 762 2652 indignis,
823 2594 878 2638 et
905 2585 1226 2652 derelinquit
1279 2588 1489 2641 domum
1541 2594 1714 2645 cordis

205 2670 303 2736 ejus
333 2687 562 2728 vacuam.
604 2675 669 2727 Et
714 2684 852 2728 tunc
900 2677 1250 2742 complebitur
1282 2678 1333 2730 in
1380 2679 1467 2731 illo
1504 2680 1715 2734 homine

207 2760 328 2829 quod
378 2762 626 2830 scriptum
684 2774 770 2816 est
806 2763 898 2812 “z
947 2779 964 2812 ι
1011 2763 1143 2816 Cum
1200 2776 1370 2818 autem
1420 2767 1715 2823 immundus

209 2849 407 2916 spiritus
436 2851 624 2905 exierit
645 2851 713 2904 ab
749 2852 998 2913 homine,
1029 2854 1214 2906 circuit
1244 2855 1357 2907 loca
1383 2856 1562 2909 arida:
1598 2869 1650 2911 et
1671 2859 1711 2911 si

1808 1794 2225 1862 Mesopotamiae,
2259 1797 2341 1848 cui
2380 1797 2658 1848 traduntur
2709 1794 3041 1848 humiliandae
3077 1803 3133 1846 et
3199 1792 3329 1845 allii-

1811 1885 1994 1950 genda:
2016 1884 2224 1946 animae,
2251 1897 2366 1950 quae
2385 1883 2684 1936 Christiana
2713 1882 3008 1934 humilitate
3033 1889 3330 1948 contempta

1812 1970 1863 2021 in
1898 1970 2192 2035 superbiam
2221 1984 2279 2022 se
2300 1978 2457 2037 atque
2475 1969 2832 2036 arrogantiam
2860 1967 3138 2020 dederunt.
3166 1966 3330 2020 Odio-

1811 2069 1929 2106 sum
1966 2055 2099 2108 satis
2143 2063 2225 2107 est
2276 2055 2325 2106 in
2353 2063 2640 2121 conspectu
2675 2053 2764 2106 Dei
2801 2052 3059 2118 superbia:
3087 2053 3268 2105 vitium
3311 2070 3328 2107 τ

1810 2148 1955 2213 quia,
1987 2147 2123 2200 sicut
2159 2147 2433 2214 Scriptura
2462 2147 2588 2199 dicit
2625 2147 2694 2207 ⁸⁸.
2725 2165 2743 2196 ι
2778 2146 2988 2198 initium
3024 2145 3327 2199 discedendi

1811 2249 1840 2286 a
1865 2234 1990 2296 Deo,
2015 2234 2282 2302 superbia.
2307 2253 2324 2285 ›
2352 2235 2415 2286 Et
2436 2235 2626 2287 iterum
2649 2233 2772 2285 alibi
2806 2235 3076 2300 Scriptura
3103 2235 3231 2287 dicit
3249 2236 3326 2285 "z

1819 2341 1837 2374 ι
1877 2325 2012 2376 Deus
2035 2323 2274 2390 superbis
2308 2323 2522 2385 resistit,
2553 2322 2841 2376 humilibus
2871 2333 3044 2376 autem
3077 2325 3168 2376 dat
3204 2339 3330 2392 gra-

1815 2410 1959 2464 tiam.
1995 2429 2014 2460 ι
2052 2410 2105 2463 Si
2129 2414 2246 2477 quis
2276 2410 2432 2478 igitur
2464 2411 2659 2464 Christi
2686 2410 2979 2463 humilitate
3008 2419 3329 2478 contempta.

1817 2500 1906 2566 qui
1933 2508 2145 2567 propter
2172 2514 2289 2563 nos,
2317 2515 2436 2552 eum
2474 2500 2612 2552 Deus
2641 2508 2800 2560 esset,
2830 2499 2988 2551 homo
3023 2483 3194 2552 factus
3220 2509 3329 2561 est,

1817 2598 1869 2641 et
1914 2589 2209 2641 humiliavit
2255 2603 2312 2642 se
2348 2605 2515 2657 usque
2553 2592 2618 2642 ad
2665 2597 2912 2652 mortem,
2967 2587 3236 2640 extollitur
3281 2597 3335 2640 et

1813 2678 2052 2742 effertur,
2083 2686 2134 2730 et
2167 2677 2233 2729 ad
2270 2685 2562 2743 potestates
2605 2685 2662 2729 et
2685 2676 2972 2744 dignitates
3009 2674 3184 2728 saeculi
3213 2689 3334 2742 pro-

1814 2767 1944 2830 silit,
1980 2773 2034 2818 et
2073 2774 2216 2818 artes
2254 2764 2444 2831 quibus
2475 2764 2584 2817 haec
2613 2764 2822 2830 assequi
2873 2761 3083 2824 nititur,
3127 2763 3335 2816 etiamsi

1815 2863 1998 2909 contra
2040 2853 2192 2906 fidem
2224 2861 2276 2904 et
2311 2853 2616 2920 religionem
2665 2852 2794 2914 sint,
2845 2867 2945 2904 non
2992 2850 3202 2919 refugit,
3239 2865 3337 2904 nec

207 2951 297 2990 non
341 2939 588 2992 invenerit
644 2941 916 3006 requiem,
951 2941 1086 2993 redit
1117 2942 1179 2993 ad
1207 2942 1413 2996 domum
1443 2959 1586 2997 suam
1629 2955 1718 3000 :et
1742 2980 1783 3036 C
1819 2929 2095 3000 horrescit,
2124 2939 2402 2991 dummodo
2435 2937 2571 3005 quod
2611 2937 2756 3004 cupit
2797 2938 3034 2991 obtineat
3071 2937 3336 3004 faciatque

206 3023 450 3080 inveniens
477 3042 594 3080 eam
627 3034 924 3080 vacantem
953 3035 1005 3079 et
1030 3029 1355 3091 mandatam,
1387 3033 1606 3084 assumit
1631 3046 1715 3084 se-

205 3128 308 3166 cum
342 3124 530 3181 septem
567 3115 701 3168 alios
732 3115 968 3182 spiritus
999 3116 1282 3182 nequiores
1309 3131 1386 3180 se,
1432 3130 1485 3172 et
1517 3121 1717 3174 intrans

204 3199 383 3254 habitat
414 3202 464 3254 in
497 3204 655 3255 domo
700 3203 822 3266 illa,
872 3210 926 3253 et
972 3209 1094 3255 tunc
1135 3203 1261 3256 fient
1299 3204 1524 3260 IIOIIIIIIIS
1576 3207 1717 3261 illius

205 3287 462 3341 novissima
482 3289 664 3356 pejora
696 3289 994 3356 prioribus.
1033 3309 1051 3341 ι
1088 3288 1198 3344 Hoc
1234 3307 1358 3360 ergo
1389 3295 1541 3346 modo
1567 3295 1720 3347 inteI‘

201 3372 444 3442 ligendum
485 3385 589 3441 est,
635 3378 810 3429 Deum
852 3375 1060 3430 tradere
1087 3393 1218 3444 quos
1247 3381 1427 3440 tradit,
1459 3395 1563 3432 non
1594 3383 1717 3448 quia

203 3462 298 3529 ipse
318 3465 484 3517 tradat
511 3465 772 3532 aliquem,
809 3464 902 3518 sed
931 3477 994 3517 eo
1022 3467 1164 3530 quod
1194 3466 1534 3534 derelinquit,
1583 3469 1721 3522 indi-

200 3565 317 3616 gnos
343 3565 431 3606 eos
465 3553 673 3606 scilicet
725 3552 1007 3619 judicans,
1028 3555 1116 3618 qui
1145 3569 1203 3606 se
1230 3570 1332 3608 non
1374 3556 1442 3607 ita
1474 3557 1722 3612 excolunt

199 3646 246 3690 et
275 3653 300 3690 a
321 3640 457 3693 vitiis
486 3649 739 3708 purgant,
781 3647 845 3690 ut
871 3637 1099 3690 libenter
1134 3640 1184 3692 in
1230 3641 1308 3694 eis
1335 3641 1533 3694 habitet
1563 3643 1715 3696 Deus.

199 3721 305 3791 ipso
327 3726 634 3796 refugiente,
669 3739 838 3793 atque
881 3735 1152 3778 avertente
1194 3741 1252 3780 se
1283 3729 1350 3780 ab
1379 3728 1572 3793 anima,
1603 3745 1720 3796 qua:

197 3811 242 3863 in
272 3815 587 3869 immunditia
643 3830 710 3867 ac
756 3814 907 3866 vitiis
954 3815 1120 3881 posita
1154 3823 1256 3878 est,
1305 3819 1495 3870 tradita
1530 3819 1722 3870 dicitur

195 3895 340 3968 666
361 3915 423 3953 ex
455 3915 520 3954 eo
552 3901 700 3966 quod
753 3900 862 3952 Deo
891 3913 1053 3952 vacua
1097 3901 1383 3965 invenitur,
1415 3914 1469 3956 et
1515 3907 1720 3959 invadi-

195 3992 268 4036 tur
289 3988 350 4038 ab
393 3987 586 4054 spiritu
637 3999 901 4052 nequam.
939 3983 1004 4037 Et
1046 3986 1165 4038 ideo
1196 4003 1292 4042 nos
1316 4004 1519 4043 summo
1547 3993 1722 4045 studio

197 4073 484 4141 vigilemus,
514 4083 569 4127 et
607 4072 938 4126 festinemus
966 4075 1180 4141 purgari
1219 4092 1248 4128 a
1277 4078 1416 4132 vitiis
1441 4087 1492 4132 et
1525 4095 1720 4134 concu-

193 4163 450 4228 piscentiis
472 4164 652 4227 malis,
685 4169 748 4214 ut
764 4160 927 4212 Deum
952 4161 1090 4214 intra
1120 4178 1215 4217 nos
1241 4173 1420 4219 tenere
1437 4169 1718 4235 possimus,

1818 3023 2099 3090 malignum
2123 3023 2173 3075 in
2203 3031 2482 3088 conspectu
2516 3022 2718 3074 Domini
2745 3037 2759 3072 :
2791 3031 3066 3090 postquam
3094 3021 3338 3089 indeptus

1816 3109 1976 3162 fuerit
2001 3125 2233 3164 summas
2255 3109 2450 3163 infulas
2475 3117 2812 3177 potestatum,
2841 3119 2895 3162 et
2916 3110 2980 3162 ad
3011 3110 3123 3177 ipsa
3150 3125 3338 3178 super-

1816 3199 1914 3250 hite
1937 3197 2141 3266 fastigia
2165 3213 2367 3252 summa
2402 3197 2794 3260 conscenderit,
2825 3198 2945 3250 inde
2975 3199 3209 3266 dejectus
3232 3209 3337 3250 tra-

1817 3287 1959 3338 ditur
1981 3286 2104 3338 huic
2133 3285 2514 3349 Chusarsaton,
2544 3285 2634 3337 uni
2657 3286 2863 3338 scilicet
2890 3301 2955 3338 ex
2995 3287 3164 3339 aereis
3187 3286 3337 3352 prin-

1817 3373 2039 3439 cipibus,
2067 3380 2125 3424 ut
2152 3373 2394 3424 humiliet
2412 3386 2530 3424 eum
2551 3370 2637 3437 qui
2675 3371 2831 3422 nimis
2857 3369 3029 3420 fuerat
3055 3369 3335 3431 exaltatus,

1817 3469 1874 3512 ut
1906 3457 2122 3522 afﬂigat,
2154 3467 2210 3510 ut
2237 3466 2500 3522 conterat,
2531 3458 2697 3510 donec
2733 3457 3017 3524 resipiscat
3051 3464 3105 3507 et
3135 3465 3340 3522 quierat

1817 3545 2092 3598 Dominum
2125 3560 2140 3597 :
2177 3545 2300 3611 quia
2325 3559 2442 3596 cum
2477 3551 2619 3596 esset
2662 3544 2712 3594 in
2745 3543 2990 3610 superbia
3022 3549 3076 3593 et
3111 3541 3338 3594 elatione

1817 3633 2150 3697 constitutus,
2186 3633 2462 3700 ignorabat
2489 3631 2787 3684 Dominum.

1885 3739 1938 3793 2.
1975 3739 2122 3791 Nunc
2140 3753 2267 3807 ergo
2298 3739 2332 3792 ii
2361 3740 2449 3806 qui
2478 3739 2757 3791 traduntur
2780 3750 2873 3801 pro
2901 3743 3139 3802 peccato,
3165 3735 3217 3787 in
3243 3736 3339 3789 tri-

1818 3826 2083 3879 bulatione
2109 3827 2302 3894 positi,
2337 3827 2606 3878 videamus
2634 3825 2759 3893 quid
2789 3823 3012 3876 faciunt.
3047 3823 3176 3875 Illud
3217 3837 3340 3889 pro-

1817 3915 1956 3967 fecto
1991 3914 2132 3980 quod
2171 3914 2426 3981 scriptum
2474 3924 2556 3966 est
2576 3913 2659 3966 "z
2697 3931 2716 3962 ‹
2749 3912 2811 3964 Ει
2857 3911 3218 3966 clamaverunt
3271 3911 3337 3962 ad

1819 4001 2096 4054 Dominum
2127 4017 2246 4056 cum
2293 4001 2691 4062 tribularentur,
2743 4009 2795 4054 et
2838 3999 2905 4052 de
2935 3998 3338 4052 necessitatibus

1821 4105 2002 4143 eorum
2049 4090 2292 4143 liberavit
2339 4104 2450 4143 eos.
2482 4090 2548 4142 Et
2572 4089 2754 4142 eduxit
2786 4100 2878 4141 eos
2917 4088 2982 4140 de
3029 4087 3257 4140 tenebris
3285 4097 3339 4138 et

1819 4179 2002 4232 umbra
2021 4178 2294 4241 mortis,et
2314 4177 2518 4231 vincula
2537 4191 2718 4232 eorum
2735 4175 2978 4242 disrupit.
3006 4193 3025 4226 ι
3053 4173 3154 4228 Sed
3179 4189 3341 4228 unus-

194 4259 243 4303 et
261 4259 313 4303 ut
334 4252 578 4305 habitare
610 4250 864 4317 dignetur
893 4249 946 4302 in
981 4251 1153 4316 nobis,
1189 4254 1316 4306 dum
1343 4255 1636 4311 delectatur
1666 4271 1720 4312 et
1750 4267 1793 4320 Ι)
1820 4265 2044 4333 quisque
2068 4273 2332 4328 nostrum,
2361 4265 2568 4318 etiamsi
2591 4277 2782 4332 parvus
2800 4263 2890 4324 sit,
2922 4269 2975 4314 et
3000 4261 3208 4314 etiamsi
3236 4262 3336 4314 mi-

195 4338 384 4392 actibus
413 4349 467 4393 et
491 4338 841 4392 sermonibus
885 4346 938 4391 et
991 4338 1407 4406 cogitationibus
1435 4346 1652 4409 nostris,
1679 4350 1724 4401 si

193 4427 465 4480 secundum
521 4427 697 4494 ipsius
742 4425 1069 4479 voluntatem
1099 4442 1350 4495 geramus
1383 4444 1571 4485 cuncta
1604 4450 1724 4502 quae

192 4513 438 4578 gerimus,
468 4523 528 4568 ut
562 4517 681 4568 sive
710 4513 1088 4566 manducamus
1109 4553 1124 4575 ,
1162 4515 1279 4569 sive
1321 4517 1576 4585 bibimus,
1613 4523 1726 4577 sive

193 4602 319 4654 aliud
362 4605 489 4672 quid
546 4604 799 4666 facimus,
856 4603 1031 4655 omnia
1085 4603 1141 4656 in
1190 4604 1410 4658 nomine
1462 4607 1720 4664 faciamus

195 4689 383 4746 Domini
409 4695 608 4757 nostri,
641 4692 726 4745 cui
754 4691 1024 4760 estgloria
1055 4700 1107 4745 et
1139 4693 1498 4760 imperiumin
1525 4701 1718 4754 saecula

193 4782 510 4836 seculorum.
543 4783 741 4835 Amen.

760 4887 1033 4956 noutLlA
1066 4889 1153 4943 ιιι.

196 4976 266 5031 De
290 4995 344 5033 eo
379 4982 519 5048 quod
545 4980 729 5033 traditi
754 4990 896 5048 sunt“
914 4979 1012 5048 ﬁlii
1048 4977 1222 5048 (arae!
1250 4978 1307 5048 in,
1328 4994 1512 5048 manus
1548 4987 1727 5042 inimi-

455 5063 662 5110 corum,
693 5057 737 5100 et
763 5049 825 5099 de
857 5045 1249 5107 Gothoniele,-et
1275 5045 1436 5099 Aiotlt.

262 5135 308 5186 I.
333 5135 554 5200 Quando
590 5135 828 5188 fecerunt
866 5133 951 5186 lilii
986 5127 1152 5184 Israel
1186 5129 1465 5199 malignum
1499 5139 1558 5191 in
1597 5156 1724 5195 con.

261 5222 301 5289 ia
329 5222 490 5275 lgor.
513 5238 568 5284 ν,
607 5222 660 5275 5,
731 5223 773 5252 ιι
799 5223 918 5276 ibid,
994 5220 1036 5250 ιδ
1053 5215 1352 5284 Μηιιιωιιι,
1383 5222 1476 5286 45,
1524 5228 1624 5289 44.
1648 5231 1737 5284 45.

205 5286 244 5317 ι’
270 5288 427 5342 Eccli.
455 5305 584 5354 xxv,
603 5289 658 5341 4.

264 5377 367 5445 (46)
408 5379 781 5446 Interpretatur
808 5379 1152 5446 Cltusarsqlorf
1179 5371 1458 5446 laurui/iulio
1495 5393 1717 5436 eorum.

209 5438 521 5499 .Xh'enissima
554 5438 666 5498 'est
723 5449 826 5498 haec
867 5438 1211 5512 etymologia.
1257 5438 1406 5492 Forte
1461 5448 1632 5500 venit
1687 5467 1717 5504 a

205 5519 390 5569 mm:
423 5530 441 5562 ι
479 5514 748 5581 compedes
774 5530 792 5561 ι
825 5519 869 5564 et
899 5507 1047 5561 aliixo
1076 5507 1262 5555 tertia:
1284 5521 1557 5570 personas.

1823 4354 2016 4417 nimus,
2051 4353 2257 4407 etiamsi
2295 4352 2434 4405 nulla
2465 4354 2533 4406 sit
2561 4366 2687 4405 usus
2719 4352 2770 4404 in
2797 4350 3030 4404 Ecclesia
3067 4350 3336 4418 dignitate,

1823 4448 1994 4507 potest
2048 4441 2306 4507 superbia:
2339 4441 2468 4493 vitio
2497 4438 2734 4492 laborare
2775 4455 2789 4490 :
2837 4446 2892 4492 et
2934 4437 3063 4490 nihil
3113 4437 3342 4504 reperias

1825 4536 1928 4580 tam
1981 4526 2199 4591 fmdum,
2257 4541 2426 4594 neque
2471 4525 2818 4590 exsecrabile,
2875 4526 3013 4579 sicut
3067 4523 3339 4592 Scriptura

1823 4615 1948 4669 dicit
1977 4615 2038 4678 ³⁵,
2053 4627 2238 4682 quarm
2258 4628 2542 4682 pauperem
2568 4615 2875 4681 superbum,
2894 4621 2947 4666 et
2968 4612 3182 4665 divitem
3203 4627 3344 4664 men-

1824 4703 2025 4756 dacem.
2053 4720 2070 4752 ι
2100 4701 2482 4770 Nonnunquam
2515 4711 2688 4753 autem
2716 4700 2930 4752 morbus
2959 4699 3058 4753 iste
3083 4697 3345 4764 superbiae

1823 4799 2061 4859 penetrat
2106 4805 2207 4843 non
2250 4790 2416 4844 solum
2460 4801 2716 4856 pauperes
2746 4786 2912 4855 plebis
2933 4822 2949 4848 ,
2983 4799 3163 4838 verum
3184 4783 3342 4836 etiam

1826 4879 2202 4932 sacerdotalem
2233 4889 2289 4932 et
2335 4878 2601 4932 leviticum
2629 4875 2868 4930 ordinem
2896 4871 3090 4940 pulsat.
3108 4872 3346 4924 Invenies

1826 4966 2086 5017 interdum
2132 4966 2292 5020 etiam
2321 4966 2372 5018 in
2405 4965 2555 5018 nobis
2580 4964 2808 5032 aliquos,
2839 4962 2927 5034 qui
2953 4960 3019 5011 ad
3051 4957 3350 5022 exemplum

1830 5053 2140 5106 humilitatis
2165 5054 2322 5122 positi
2351 5069 2555 5116 sumus,
2595 5061 2650 5106 et
2685 5052 2738 5102 in
2762 5049 2944 5100 altaris
2973 5043 3182 5097 circulo
3211 5041 3357 5091 velut

1827 5142 2039 5209 specula
2073 5143 2310 5210 quaedam
2340 5142 2663 5196 intuentibus
2691 5134 2934 5193 collocati
2968 5128 3112 5198 (47),
3147 5127 3203 5178 ἰιι
3235 5126 3359 5210 qui-

1813 5231 1854 5261 “
1878 5232 2037 5287 Eccli.
2066 5209 2120 5297 ί,
2149 5232 2234 5284 15.
2308 5233 2349 5264 ⁸⁷
2379 5230 2530 5284 lPet.
2553 5245 2606 5294 v,
2639 5228 2692 5280 5.
2768 5218 2953 5272 “Psal.
2981 5228 3120 5274 cvtt,
3143 5210 3178 5261 6
3206 5220 3260 5261 et
3283 5209 3366 5261 14.

1809 5355 1814 5361 Ι
1893 5387 2002 5455 (47)
2067 5387 2314 5451 Quaedam
2345 5387 2657 5455 intuentibus
2691 5367 3120 5455 caligantia???
3151 5361 3380 5455 :d‘es'igg-

1824 5437 2008 5508 rantur
2043 5437 2475 5513 itiﬁlibﬂris'anteai
2501 5451 2676 5510 editis,
2707 5444 2806 5496 sed
2845 5437 3117 5491 habentur
3151 5437 3208 5478 in
3245 5441 3383 5477 mss.
