3806 6220
416 281 520 339 963

423 671 528 720 tur,
559 670 763 725 quaeso.
792 657 859 708 ab
891 653 1036 707 omni
1071 651 1170 702 hac
1198 655 1380 700 sancta
1405 643 1663 705 Ecclesia,
1685 650 1741 695 et
1765 640 1946 708 praeci-

419 763 525 818 pue
548 749 616 800 ab
645 746 710 798 iis
735 742 823 811 qui
841 739 1148 793 ministrant
1181 736 1234 788 in
1260 734 1479 797 sanctis,
1507 735 1637 785 odor
1664 733 1762 783 iste
1789 738 1951 782 teter-

434 815 603 888 rimus
641 849 656 886 :
683 840 740 884 ut
772 829 1052 898 possimus,
1078 825 1214 878 sicut
1259 822 1450 875 Paulus
1475 821 1682 874 dicebat
1710 819 1778 881 ",
1815 815 1952 869 eﬂici

431 943 452 977 t
491 928 662 979 bonus
690 923 822 976 odor
843 917 1082 974 Christi:
1117 934 1137 967 ι
1174 928 1239 967 ne
1278 912 1412 965 forte
1441 912 1705 964 irascatur
1766 905 1948 960 Domi-

427 1028 548 1076 nus,
575 1021 628 1064 et
653 1010 716 1062 ad
757 1004 1084 1062 iracundiam
1116 1011 1464 1069 provocemus
1506 1003 1746 1049 sanctum
1792 991 1956 1046 Israel

429 1111 485 1156 et
509 1099 686 1153 tradat
713 1111 810 1149 nos
833 1096 882 1148 in
909 1107 1095 1147 manus
1113 1090 1492 1147 Chusarsaton,
1521 1093 1574 1136 et
1604 1081 1955 1135 humilitatem

427 1203 586 1259 quam
617 1187 669 1238 in
703 1184 924 1239 scientia
958 1178 1157 1235 Christi
1181 1179 1369 1230 docere
1406 1173 1708 1233 debuimus,
1753 1171 1804 1222 in
1837 1182 1958 1222 cor-

434 1257 688 1344 reptionis
733 1279 931 1326 nostra:
977 1265 1320 1322 tribulatione
1368 1263 1657 1316 discamus.
1699 1258 1804 1312 Sed
1841 1257 1960 1310 vide

432 1366 716 1432 benignum
742 1361 1046 1421 Dominum,
1074 1353 1492 1409 misericordiam
1525 1365 1645 1404 cum
1676 1345 1962 1402 severitate

434 1455 765 1512 miscentem,
811 1457 864 1502 et
903 1447 1065 1516 ipsius
1108 1459 1278 1514 paena:
1318 1443 1530 1497 modum
1562 1440 1705 1507 iusta
1757 1445 1812 1492 et
1846 1437 1960 1491 cle-

435 1542 599 1596 menti
658 1538 938 1594 libratione
991 1543 1324 1605 pensantem.
1375 1531 1489 1585 Non
1545 1531 1597 1582 in
1647 1537 1961 1597 perpetuum

433 1631 596 1686 tradit
628 1629 1010 1696 delinquentes,
1057 1625 1148 1679 sed
1203 1631 1424 1692 quanto,
1479 1620 1670 1687 inquit,
1729 1629 1968 1684 tempore

1828 247 2140 308 ORIGENIS

3588 213 3673 269 934

2050 817 2250 863 verunt
2271 805 2372 858 ﬁlii
2396 800 2570 857 Israel
2601 798 2670 852 ad
2695 780 3302 849 Dominum,¢factus
3321 784 3428 836 est.
3456 778 3617 845 inquit
3630 779 3684 840 ",

2063 904 2304 974 Spiritus
2357 895 2581 954 Domini
2629 899 2808 956 super
2876 872 3349 934 Gothonielem,
3377 877 3435 922 et
3455 865 3689 935 iudicavit

2054 957 2245 1040 Isi'ael.
2281 1003 2300 1034 ι
2338 981 2510 1034 Putas
2533 977 2702 1032 estin
2731 970 2910 1026 nobis
2936 964 3191 1033 aliquis,
3226 961 3324 1028 qui
3371 960 3448 1012 ita
3488 957 3687 1010 validum

2055 1086 2113 1130 et
2158 1077 2233 1128 ita
2283 1073 2492 1139 justum
2539 1067 2851 1121 clamorem
2906 1058 3118 1112 mittat
3175 1053 3248 1104 ad
3296 1048 3604 1111 Dominum,
3645 1059 3692 1101 ut

2057 1167 2253 1230 dignus
2285 1163 2354 1216 sit
2385 1156 2669 1217 exaudiri,
2705 1163 2765 1206 ct
2799 1157 3123 1205 mereatur
3201 1141 3451 1208 p0pulus
3486 1139 3693 1209 accipere

2053 1224 2292 1321 iudicem
2351 1259 2408 1301 et
2454 1246 2705 1313 iudicem
2748 1240 2926 1294 talem
2989 1247 3176 1304 quem
3219 1229 3468 1296 Spiritus
3507 1224 3593 1278 Dei
3630 1239 3688 1278 re-

2059 1315 2204 1412 pleat
2228 1380 2242 1402 ,
2271 1349 2330 1393 ut
2358 1337 2537 1406 possit
2570 1334 2688 1402 (51)
2725 1338 2962 1384 rectum
3005 1336 3218 1379 tenere
3244 1317 3549 1392 judicium?
3574 1315 3696 1370 Unde

2061 1406 2118 1487 et
2163 1432 2302 1486 liber
2358 1430 2479 1499 ipse
2508 1426 2771 1482 Iudicum
2809 1423 3046 1476 dicitur
3077 1456 3096 1482 ,
3144 1423 3208 1470 et
3253 1410 3632 1467 describuntur
3655 1406 3695 1460 in

2062 1537 2127 1576 eo
2163 1519 2418 1586 iudices,
2457 1516 2552 1585 qui
2580 1514 3014 1582 iudicaverunt
3046 1503 3358 1575 populum.
3401 1501 3552 1554 Sicut
3580 1500 3698 1551 enim

2068 1610 2156 1663 alii
2187 1607 2311 1660 libri
2341 1605 2553 1672 Regum
2584 1603 2884 1663 dicuntur,
2922 1596 3025 1651 vel
3056 1595 3427 1662 Regnorum,
3459 1589 3510 1640 in
3537 1586 3701 1653 quibus

435 1719 734 1775 servierunt
768 1677 994 1778 Daalim,
1048 1721 1194 1766 tanto
1220 1677 1379 1765 etiam
1409 1677 1644 1764 serviunt
1676 1677 1966 1761 Chusarsa-
1995 1700 2038 1752 B
2067 1695 2398 1751 describitur
2467 1689 2866 1757 unusquisque
2929 1697 3154 1753 regum
3215 1677 3502 1778 quomodq
3545 1690 3703 1742 regna.

438 1821 563 1873 ton;
609 1809 711 1864 hoc
733 1816 835 1871 est,
866 1814 988 1860 octo
1021 1804 1196 1858 annis.
1238 1804 1392 1854 Disce
1425 1802 1536 1853 haec
1565 1808 1616 1852 et
1646 1807 1724 1861 tu,
1753 1812 1785 1850 ο
1814 1796 1964 1850 audi-

439 1911 543 1962 tor,
587 1897 827 1966 quisquis
868 1894 955 1948 ille
992 1907 1085 1954 es,
1121 1892 1210 1959 qui
1245 1890 1337 1944 tibi
1369 1889 1612 1942 conscius
1646 1902 1704 1940 es
1745 1885 1967 1951 alicujus

437 1988 660 2042 erroris.
699 1985 764 2037 Et
801 1991 1000 2051 quanto
1042 1980 1153 2050 (48)
1194 1990 1432 2048 tempore
1472 1976 1777 2044 deliquisti,
1821 1982 1969 2028 tanto

439 2074 783 2131 nihilominus
823 2082 1057 2138 tempore
1098 2068 1317 2122 humilia
1364 2067 1584 2134 teipsum
1619 2065 1757 2128 Deo,
1788 2071 1840 2117 et
1884 2078 1972 2114 sa-

439 2166 670 2221 tisfacito
693 2161 743 2215 ei
775 2161 828 2214 in
875 2158 1210 2212 confessione
1251 2155 1596 2224 poenitentiae.
1644 2150 1758 2204 Non
1784 2163 1972 2216 exspe.

441 2263 554 2310 etes
589 2260 644 2305 ut
675 2247 917 2304 humiliet
955 2255 1005 2299 te
1031 2245 1416 2305 Chusarsaton,
1459 2249 1513 2292 et
1551 2239 1714 2292 invito
1746 2236 1976 2291 necessi—

449 2352 530 2396 tas
557 2345 872 2406 extorqueat
903 2332 1303 2403 pmnitentiam,
1346 2328 1436 2382 sed
1464 2328 1576 2396 ipse
1607 2326 1833 2394 praeveni
1865 2335 1977 2378 tor-

446 2433 580 2488 toris
607 2429 759 2482 istius
786 2439 975 2479 manus
1005 2439 1017 2474 :
1052 2422 1174 2489 quia
1207 2419 1250 2472 si
1283 2428 1334 2471 te
1365 2419 1476 2484 ipse
1509 2414 1897 2477 etnendaveris,
1933 2414 1974 2466 si

447 2531 499 2574 te
527 2523 638 2588 Ipse
660 2514 980 2577 correxeris,
1013 2511 1128 2580 pius
1153 2519 1235 2563 est
1265 2508 1403 2561 Deus
1426 2513 1480 2559 et
1523 2504 1847 2566 misericors,
1888 2501 1978 2569 qui

443 2610 734 2664 vindictam
755 2609 1010 2669 temperet
1041 2601 1107 2653 ab
1151 2614 1214 2652 eo
1243 2597 1330 2663 qui
1366 2595 1505 2649 illam
1531 2592 1834 2661 paenitendo
1850 2607 1982 2658 prac-

447 2695 614 2749 venit.
644 2692 747 2745 Sed
780 2688 908 2741 illud
947 2685 1380 2747 consideremus,
1431 2679 1552 2747 quia
1587 2679 1754 2731 donec
1783 2677 1984 2731 servie-

453 2789 577 2836 runt
620 2777 728 2846 (49)
763 2775 1124 2828 Chusarsaton
1174 2770 1212 2823 ii
1265 2770 1354 2837 qui
1407 2766 1585 2821 traditi
1631 2765 1843 2819 fuerant
1890 2780 1986 2832 pro

452 2869 682 2931 delictis,
727 2874 780 2917 ct
818 2878 921 2918 non
954 2863 1318 2915 clamaverunt
1355 2858 1420 2911 ad
1472 2855 1778 2917 Dominum,
1833 2870 1987 2908 nemo

455 2958 741 3013 suscitatus
773 2961 856 3007 est
907 2951 994 3018 qui
1031 2949 1242 3003 salvare
1273 2961 1365 2999 eos
1405 2955 1602 3011 posset.
1643 2943 1775 2996 Cum
1805 2950 1985 2994 autem

455 3049 818 3102 clamaverunt
843 3043 908 3094 ad
935 3038 1235 3102 Dominum,
1257 3035 1414 3106 465
1440 3043 1564 3086 tunc
1591 3030 1986 3085 suscitavitDo-

457 3135 632 3190 minus
664 3131 993 3185 Salvatorem
1027 3125 1210 3185 Israel,
1246 3133 1300 3177 et
1335 3121 1558 3175 salvavit
1583 3132 1694 3172 eos.

527 3224 581 3276 5.
633 3219 961 3274 Salvatorem
1008 3225 1181 3269 autem
1228 3213 1356 3265 dicit
1396 3208 1677 3264 Gothoniel
1718 3206 1860 3277 (50),
1899 3206 1989 3274 qui

460 3317 838 3379 interpretatur
893 3318 1088 3374 tempus
1137 3304 1261 3355 mihi
1311 3301 1470 3356 Deus.
1527 3298 1629 3352 Per
1680 3297 1820 3351 hunc
1863 3311 1992 3362 ergo

455 3398 738 3458 Gotboniel
786 3397 932 3464 prior
973 3394 1059 3448 ille
1104 3391 1326 3460 populus
1371 3391 1435 3442 de
1478 3387 1734 3441 servitute
1774 3384 1991 3436 humili—

463 3491 588 3544 tatis
617 3495 828 3556 ereptus
849 3494 960 3548 est,
987 3493 1041 3537 et
1076 3481 1278 3534 reddita
1309 3487 1389 3532 est
1418 3492 1525 3545 pax
1563 3474 1755 3543 pupqu
1776 3512 1791 3536 ,
1833 3485 1994 3539 quam

463 3577 707 3646 superbia
753 3571 976 3636 dudum,
1025 3580 1078 3623 et
1119 3571 1329 3623 diversa
1371 3567 1540 3635 plebis
1574 3565 1814 3618 facinora
1848 3561 1996 3629 fuga-

463 3680 608 3720 vere.
636 3665 828 3720 Verum
853 3662 1101 3730 quoniam
1131 3659 1362 3711 diximus
1396 3655 1687 3726 spiritalem
1715 3653 1996 3721 quemdam

469 3753 688 3822 intelligi
734 3766 888 3820 posse
925 3750 1330 3812 Chusarsaton,
1372 3761 1554 3814 regem
1635 3753 1690 3798 et
1730 3757 1892 3795 unum
1937 3743 2002 3795 de

470 3843 790 3897 adversariis
827 3850 882 3893 et
925 3838 1098 3892 aereis
1137 3835 1488 3906 potestatibus
1533 3831 1827 3902 principem
1868 3849 1882 3883 :
1930 3830 2002 3882 ita

469 3944 799 3998 consequens
826 3928 954 3981 mihi
988 3927 1197 3980 videtur
1225 3925 1383 3977 etiam
1413 3922 1783 3977 Gothonielem
1816 3921 2000 3981 istum,

470 4019 560 4087 qui
616 4019 679 4070 ad
726 4016 1061 4070 liberandum
1107 4013 1359 4081 populum
1404 4012 1694 4066 suscitatus
1729 4020 1846 4072 est,
1885 4021 2005 4060 esse

472 4123 634 4160 unum
679 4106 907 4173 aliquem
957 4106 1023 4158 de
1064 4104 1248 4156 militia
1290 4102 1494 4157 caelesti
1532 4109 1585 4153 et
1621 4098 2008 4167 archangelicis

475 4199 698 4260 turmis,
729 4198 816 4265 qui
851 4197 916 4250 ad
949 4193 1328 4248 adminiculum
1361 4192 1642 4245 mittuntur
1672 4203 1882 4250 eorum,
1917 4187 2006 4254 qui

2069 1786 2244 1847 verit,
2291 1782 2379 1836 vel
2427 1780 2560 1849 quid
2594 1777 2782 1847 egerit
2829 1793 2845 1828 :
2887 1775 2974 1828 ita
3021 1781 3085 1827 et
3129 1771 3188 1823 in
3229 1769 3342 1822 hoc
3381 1763 3556 1818 libello
3582 1770 3702 1832 gesta

2065 1873 2308 1942 iudicum
2364 1869 2726 1929 referuntur,
2788 1873 2851 1919 et
2901 1860 3289 1917 describitur
3333 1870 3444 1910 non
3486 1854 3639 1908 solum
3668 1852 3703 1904 si

2070 1963 2196 2031 qutd
2221 1962 2290 2016 ab
2315 1961 2398 2015 eis
2419 1967 2571 2014 recte.
2597 1966 2653 2010 et
2691 1955 2931 2010 utiliter
2965 1960 3218 2023 gestum
3251 1957 3366 2009 est,
3398 1959 3574 2000 verum
3598 1954 3643 1996 et
3669 1943 3707 1995 si

2072 2052 2202 2120 quid
2247 2047 2595 2118 culpabiliter
2643 2045 2982 2099 admissum
3043 2051 3146 2096 est
3198 2038 3348 2110 (52L
3401 2037 3511 2092 Cur
3555 2045 3701 2088 tamen

2072 2151 2362 2204 utrumque
2395 2137 2738 2204 descriptum
2793 2137 2880 2188 sit
2931 2134 2986 2187 si
3047 2132 3357 2198 requiris,
3398 2127 3628 2197 profecto
3659 2134 3705 2175 ut

2074 2243 2220 2282 nunc
2250 2226 2506 2280 Ecclesiae
2541 2225 2839 2292 principes
2879 2221 2982 2276 vel
3024 2220 3274 2289 iudices
3301 2217 3636 2288 pervidentes
3660 2229 3706 2267 ea

2075 2331 2195 2384 qua:
2219 2317 2288 2367 ab
2312 2314 2394 2367 eis
2420 2311 2779 2366 laudabiliter
2808 2318 2988 2379 gesta
3022 2317 3202 2372 sunt,
3233 2308 3488 2374 priorum
3517 2317 3708 2369 sequan-

2079 2415 2167 2456 tur
2208 2401 2454 2470 exempla
2500 2400 2597 2454 :si
2639 2413 2752 2466 qua
2820 2412 2975 2452 vero
3024 2398 3092 2450 in
3140 2397 3262 2450 illis
3313 2395 3628 2464 culpantur,
3667 2401 3711 2445 ut

2081 2493 2168 2547 isti
2207 2499 2438 2546 caveant
2483 2499 2539 2541 et
2584 2489 2913 2542 declinent.
2973 2486 3201 2556 Magna
3249 2501 3390 2554 ergo
3435 2485 3550 2537 laus
3584 2482 3708 2550 primi

2082 2581 2239 2650 hujus
2265 2581 2463 2648 iudicis
2487 2577 2795 2633 Gothoniel
2828 2577 3111 2632 refertur
3142 2617 3160 2642 ,
3194 2576 3351 2645 quod
3389 2575 3614 2643 Spiritus
3638 2571 3711 2625 Dei

2086 2671 2255 2724 factus
2283 2678 2368 2722 est
2410 2682 2580 2736 super
2604 2681 2734 2722 eum
2765 2704 2783 2732 ,
2819 2677 2883 2720 et
2918 2682 3035 2735 per
3084 2666 3380 2735 Spiritum
3422 2665 3619 2718 Domini
3648 2663 3715 2730 iu-

2086 2760 2302 2813 dicabat
2337 2757 2539 2820 Israel;
2572 2757 2723 2824 quod
2752 2770 2866 2826 ego
2895 2757 2976 2810 de
3007 2757 3138 2812 alio
3171 2757 3383 2824 quovis
3409 2755 3600 2808 dictum
3631 2765 3713 2804 non

2085 2847 2239 2902 valde
2265 2846 2507 2901 memini.
2529 2846 2671 2900 Sunt
2691 2859 2834 2915 ergo
2855 2847 3142 2900 omnium
3176 2845 3352 2900 hodie
3383 2844 3714 2899 Ecclesiarum

2089 2955 2209 3010 quae
2244 2946 2372 2993 sunt
2404 2938 2506 2992 sub
2548 2936 2727 3001 caelo,
2777 2938 3234 3005 quamplurinti
3269 2938 3522 3006 iudices,
3553 2934 3718 3003 quibus

2085 3028 2342 3097 judicium
2367 3040 2475 3080 non
2507 3025 2686 3080 solum
2713 3039 2916 3080 rerum
2947 3035 3272 3096 gestarum
3300 3026 3492 3079 datum
3517 3033 3614 3086 est,
3641 3023 3718 3075 sed

2090 3129 2145 3172 et
2177 3118 2501 3171 animarum.
2541 3114 2752 3168 Verum
2810 3117 3030 3171 nescio
3079 3118 3133 3172 si
3177 3118 3279 3186 qui
3330 3116 3468 3171 tales
3501 3114 3717 3168 Ecclesia:

2087 3207 2294 3276 iudices
2335 3212 2462 3258 sunt
2502 3219 2642 3273 quos
2678 3203 2893 3271 dignos
2938 3204 3071 3274 (53)
3129 3205 3317 3260 Faciet
3365 3205 3508 3259 Deus
3545 3203 3718 3270 Spiritu

2093 3304 2280 3350 sancto
2295 3293 2510 3360 repleri,
2525 3303 2586 3346 ut
2607 3293 2757 3347 sicut
2779 3293 3118 3350 Gothoniel
3145 3296 3264 3350 iste
3283 3295 3588 3349 testimonio
3607 3292 3722 3344 Scri-

2095 3393 2266 3449 ptura:
2297 3383 2585 3436 decoratus
2619 3390 2740 3445 est,
2779 3382 2866 3436 ita
2911 3384 3105 3438 etiam
3165 3386 3280 3454 ipsi
3315 3386 3386 3440 de
3433 3385 3615 3452 quibus
3641 3383 3720 3434 hoc

2095 3483 2375 3543 optamus,
2406 3471 2501 3526 Dei
2533 3472 2932 3524 testimonium
2977 3487 3362 3529 mereantur.
3389 3475 3480 3526 Ait
3505 3485 3622 3539 ergo
3646 3469 3718 3518 ’δε

2103 3583 2121 3615 t
2156 3564 2220 3616 Et
2246 3562 2422 3615 fat-tus
2459 3571 2544 3615 est
2582 3574 2755 3627 super
2779 3575 2924 3614 eum
2966 3562 3245 3631 Spiritus
3276 3565 3537 3626 Domini,
3571 3573 3621 3614 et
3651 3559 3719 3625 ju-

2101 3649 2301 3702 dicavit
2345 3647 2543 3710 Isracl,
2585 3655 2642 3700 et
2691 3648 2839 3700 exiit
2876 3650 2956 3701 ad
2994 3651 3266 3714 bellum,
3304 3661 3364 3707 et
3400 3650 3607 3706 tradidit
3636 3647 3718 3698 Do-

2105 3741 2281 3793 minus
2315 3741 2368 3792 in
2409 3753 2604 3794 manus
2635 3738 2758 3806 eius
2803 3741 3231 3797 Chusarsaton
3265 3757 3482 3812 regem.
3528 3759 3544 3791 ι
3579 3739 3722 3804 Quare

2106 3831 2238 3885 hoc?
2279 3831 2414 3895 Quia
2459 3829 2704 3896 Spiritus
2755 3828 3004 3885 Domini
3039 3844 3177 3887 erat
3218 3835 3276 3886 in
3313 3848 3420 3898 eo,
3461 3842 3515 3886 et
3544 3830 3724 3885 εοιιῐοτο

2106 3927 2212 3971 tata
2258 3927 2342 3970 est
2395 3931 2590 3969 manus
2637 3915 2769 3984 eius
2833 3933 2946 3984 per
2996 3919 3410 3975 Chusarsaton
3463 3933 3649 3989 regem.
3677 3915 3725 3968 Et

2103 4013 2222 4071 post
2266 4004 2380 4056 haec
2412 4002 2544 4057 dicit
2577 4003 2625 4034 ’⁸
2651 4040 2669 4068 ,
2705 4004 2842 4070 quia
2875 4007 3118 4074 quievit
3160 4019 3322 4063 terra
3353 4011 3459 4064 sub
3492 4024 3556 4062 eo
3576 4007 3725 4074 judice

2105 4091 2456 4160 quadraginta
2481 4093 2669 4145 annis.
2704 4092 2886 4148 Vides
2915 4109 3103 4163 quam
3139 4098 3306 4168 larga
3340 4110 3431 4154 est
3455 4099 3622 4153 divina
3641 4095 3726 4148 cie.

2107 4180 2327 4234 mentia.
2354 4177 2492 4233 Octo
2523 4185 2689 4235 annis
2727 4185 2830 4237 lilii
2879 4185 3077 4244 Israel
3121 4194 3456 4246 servierant
3489 4203 3581 4258 pro
3614 4184 3726 4238 mul-

476 4285 839 4339 lttereditatem
867 4284 1081 4350 capiunt
1120 4283 1306 4335 salutis
1326 4319 1340 4342 ,
1368 4289 1422 4333 et
1453 4287 1576 4332 sunt
1614 4277 1791 4346 angeli
1821 4275 2006 4328 Salva-
2038 4295 2082 4348 ι)
2113 4280 2284 4324 torum
2315 4270 2567 4334 delictis,
2604 4274 3011 4346 quadraginta
3055 4283 3232 4338 annis
3268 4297 3377 4352 per
3409 4281 3567 4335 unius
3593 4274 3729 4344 iusti-

479 4370 629 4432 toris,
659 4370 747 4436 qui
771 4369 854 4422 vel
875 4367 1201 4422 Gotltonielis
1225 4367 1307 4419 vel
1331 4367 1486 4420 Aioth
1519 4366 1700 4433 specie
1725 4363 2006 4432 designan-

479 4466 568 4512 tur
587 4496 602 4520 ,
632 4459 753 4524 quia
777 4458 914 4511 sicut
939 4471 1075 4522 saepe
1097 4457 1459 4520 ostendimus,
1493 4471 1594 4508 non
1631 4455 1799 4509 solum
1821 4470 1850 4507 a
1877 4469 2008 4508 con-

481 4544 662 4598 trariis
707 4543 988 4596 virtutibus
1037 4543 1440 4610 impugnamur,
1473 4545 1564 4598 sed
1597 4552 1650 4597 et
1689 4543 1881 4596 divinae
1913 4542 2008 4594 bo-

483 4647 666 4702 naeque
715 4633 937 4685 virtutes
980 4633 1045 4684 ad
1093 4632 1348 4686 auxilium
1390 4643 1629 4688 nostrum
1663 4632 1945 4684 mittuntur
1975 4645 2003 4683 a

483 4722 727 4776 Domino.
775 4719 1062 4772 Videamus
1108 4728 1282 4774 tamen
1331 4722 1450 4788 quis
1487 4721 1647 4774 fuerit
1679 4719 1779 4773 iste
1808 4718 2010 4772 Gotho—

484 4809 610 4872 uiel,
628 4808 776 4876 cuius
798 4806 1028 4873 familiae,
1045 4808 1196 4872 cuius
1214 4807 1522 4862 nobilitatis.
1539 4806 1735 4870 Filius,
1761 4806 2011 4874 inquit",

587 4923 632 4953 ’°
670 4921 711 4974 Il
742 4920 863 4974 Cor.
893 4921 1046 4986 ι,15.
1119 4922 1160 4952 ¹¹
1208 4921 1331 4976 Jud.
1383 4937 1461 4984 ιιι,
1509 4920 1562 4975 9.
1633 4922 1678 4951 ²¹
1727 4918 1856 4972 ibid.
1907 4919 1994 4972 10.
2069 4918 2116 4949 ³³
2156 4920 2291 4975 ibid.

544 5039 668 5119 ⁸(48)
707 5038 1193 5119 Ingttit,mlentpure
1246 5039 1524 5119 serpierunt
1576 5033 1817 5114 Baalim_,
1869 5044 2013 5119 tanta

488 5103 879 5164 alium'seruiunt
904 5103 1294 5169 Churdrsalon;
1319 5108 1415 5155 hoc
1440 5112 1514 5155 est
1533 5115 1644 5155 octo
1674 5106 1842 5156 annis.
1869 5103 2017 5154 Disce

491 5178 600 5230 Ιιιεο
635 5187 681 5230 et
710 5188 783 5236 tu,
814 5191 842 5227 ο
870 5171 1438 5241 auditor,quisquis_ille
1464 5186 1538 5241 es,
1562 5172 1752 5241 quitibi
1779 5173 2016 5241 conscius

490 5259 544 5321 es
563 5245 784 5321 alicuius
797 5246 1004 5321 erroris.
1021 5238 1312 5321 E_tquanto.
1330 5238 1449 5317 liazc
1467 5239 1627 5292 etiam
1645 5238 2020 5292 desiderantur

495 5311 548 5362 iu
585 5313 734 5363 libris
766 5312 938 5371 editis,
981 5314 1070 5362 sed
1104 5307 1312 5361 exstant
1347 5307 1399 5357 in
1433 5321 1558 5358 mss.
2001 5363 2009 5368 _

566 5378 677 5446 (49)
718 5377 864 5446 Mss,
895 5397 914 5428 ι
946 5379 1264 5446 servierunt.
1301 5393 1318 5424 ι
1353 5373 1534 5437 Editi.,
1564 5393 1581 5424 t
1619 5372 1876 5446 serviu‘nt.
1917 5393 1937 5423 ι

566 5441 676 5512 (50)
723 5444 1010 5507 Col/ionici,
1038 5455 1143 5497 etc.
1177 5444 1255 5496 Ex
1303 5451 1380 5504 ny
1421 5451 1636 5510 tempus,
1670 5449 1688 5487 ν
1726 5441 1887 5496 affixo
1923 5445 2032 5511 pti-

499 5547 595 5584 ma:
623 5547 858 5601 persona:
887 5543 938 5585 et
966 5519 1036 5594 Β»
1068 5532 1216 5589 Deus.

2113 4361 2240 4413 tiam
2268 4360 2319 4412 in
2349 4374 2485 4427 pace
2514 4363 2856 4428 perdurant.

2181 4450 2236 4503 4.
2273 4448 2379 4503 Sed
2399 4451 2531 4518 quid
2557 4452 2768 4506 dicitur
2798 4465 2938 4521 post
2978 4459 3140 4515 hare?
3177 4479 3197 4512 ι
3230 4462 3307 4516 Et
3330 4461 3618 4516 defunctus
3639 4463 3727 4513 εει,

2116 4539 2311 4607 inquit,
2342 4540 2635 4596 G0thoniel
2672 4543 2825 4598 tilius
2848 4546 3104 4603 Ceueth.
3137 4571 3159 4603 ι
3187 4553 3330 4606 Rem
3358 4554 3519 4606 video
3548 4547 3731 4616 pericu-

2117 4629 2313 4682 losam.
2351 4629 2650 4684 Defunctus
2688 4641 2778 4686 est
2826 4633 3175 4694 Gothoniel.
3223 4643 3419 4708 Quare
3454 4635 3732 4710 (501mm

2112 4717 2223 4785 iam
2262 4718 2523 4785 indignus
2546 4728 2669 4774 erat
2699 4724 2982 4792 populus,
3014 4730 3116 4794 qui
3152 4730 3397 4784 haberet
3419 4729 3644 4798 iudicem
3670 4733 3734 4774 ta-

2121 4807 2248 4858 lem.
2283 4807 2538 4878 Denique
2566 4811 2618 4864 iu
2650 4819 3164 4883 consequentibus
3188 4823 3352 4875 dicit.
3385 4822 3486 4874 lllo
3512 4817 3733 4874 defuncto

2370 4924 2420 4956 “
2454 4926 2586 4981 ibid.
2617 4925 2706 4980 II.

2340 5043 2512 5132 Ed‘i-tt.
2536 5065 2556 5098 ‹
2577 5047 2826 5132 iudicem
2855 5065 3034 5132 quem
3055 5055 3302 5132 Spiritps
3332 5054 3433 5108 Dei
3455 5051 3664 5118 repleat.
3692 5057 3736 5132 εξ

2123 5115 2325 5181 possit.
2363 5133 2382 5164 ι
2413 5115 2547 5173 Mss.
2577 5127 2632 5170 ut
2660 5116 2715 5170 in
2746 5115 3149 5181 nost‘rotextu.
3172 5123 3310 5178 Infra
3338 5139 3481 5174 mss.
3506 5115 3527 5170 ἱ
3551 5124 3743 5170 remeet

2130 5180 2346 5236 utiliter
2399 5198 2614 5256 gestum
2654 5195 2763 5241 est.
2825 5207 2845 5239 ι
2895 5190 3080 5249 Editt.
3136 5180 3155 5245 ι
3198 5202 3354 5248 recte
3397 5200 3459 5240 et
3497 5185 3748 5238 humiliter

2131 5259 2370 5330 Seﬂgtu
2387 5267 2494 5330 est.
2536 5276 2558 5312 ι

2209 5318 2328 5398 (ἓξ)
2356 5324 2493 5398 Mss.
2535 5347 2554 5378 ι
2583 5324 2918 5398 admissum.
2951 5350 2970 5383 ι
3001 5331 3180 5386 Editt.
3215 5350 3235 5382 ‹
3269 5325 3574 5398 erili-55W":
3608 5337 3628 5370 ’

2216 5391 2339 5462 (53)
2367 5395 2600 5476 ..Είίίῑιη
2637 5411 2656 5446 ⁸
2829 5402 2964 5476 quis
3012 5403 3140 5457 talis
3181 5394 3460 5476 Ecclesia:
3479 5392 3634 5461 iudex
3664 5393 3754 5446 est,

2144 5469 2316 5525 quem
2350 5467 2594 5536 dignum.
2635 5483 2651 5514 ι
2689 5465 2823 5522 Mss.
2851 5465 2920 5523 ut
2949 5473 3004 5525 iu
3038 5483 3236 5528 nostro
3268 5475 3454 5527 telm-
