3806 6246
43 96 100 110 ’,ν’

86 285 287 425 ιθβ

110 417 616 530 "/ujecerunt,
674 417 866 480 inquit
899 417 998 483 “,
1070 421 1167 474 ﬁlii
1211 421 1375 474 Israel
1427 418 1599 471 facere
1648 417 1801 466 mali-

106 498 349 609 ‘m/‘Jm
378 510 432 547 ιιι
463 508 776 609 conspectu
814 505 1078 574 Domini,
1111 518 1166 563 et
1196 507 1516 562 confortavit
1547 503 1806 556 Dominus

199 583 363 668 ’0“
414 597 605 654 regem
655 587 830 645 Moab
881 596 1188 650 adversum
1227 596 1409 650 Israel.
1456 612 1474 645 ι
1514 591 1805 646 Considera

305 691 330 728 ³
378 688 479 742 ἶ)το
505 691 597 784 ’⁸ο
639 680 794 748 Ψιοὰ
843 681 1070 752 indigni
1102 694 1255 738 erant
1282 685 1388 751 jam
1437 682 1630 735 habere
1665 678 1810 746 prin-

130 644 196 704 is

293 400 581 470 djecerunt
600 446 616 470 ,
674 409 866 480 inquit
899 416 954 448 ³³

979 459 998 483 ν

206 766 280 838 ξε,
294 783 394 824 em
447 766 616 822 talem
638 807 655 832 ,
695 780 1008 838 propterea
1047 774 1294 826 aufertur
1323 774 1388 826 ab
1417 771 1494 824 eis
1520 769 1689 822 bonus
1719 767 1806 836 ju-

188 818 280 866 ειν

221 857 354 934 ἔξει.
395 858 463 914 Et
490 857 746 914 lecerunt
779 861 880 916 ﬁlii
912 864 1084 917 Israel
1120 863 1406 928 malignum
1434 861 1484 912 in
1515 865 1810 923 conspectu

246 952 490 1016 Domini,
516 960 570 1004 et
594 952 869 1005 excitatur
907 953 991 1006 eis
1034 951 1203 1005 hostis
1232 949 1489 1017 pessimus
1521 945 1679 1013 Eglou
1719 958 1812 997 rex

250 1043 426 1104 lloab.
459 1039 626 1095 Vides
667 1041 796 1108 quia
839 1051 1068 1110 peccata
1101 1040 1246 1093 vires
1275 1036 1510 1090 hostibus
1544 1034 1776 1100 prmbeut
1797 1071 1812 1097 ,

257 1153 309 1193 et
334 1133 554 1206 quade
585 1145 685 1186 nos
709 1131 944 1186 facimus
971 1130 1260 1198 malignum
1296 1127 1348 1179 in
1379 1133 1668 1191 conspectu
1710 1123 1815 1174 Do-

257 1228 410 1291 mini,
442 1233 498 1278 et
524 1220 912 1288 delinquimus,
956 1227 1083 1272 tunc
1124 1215 1490 1270 conlortantur
1521 1227 1548 1262 a
1588 1208 1812 1262 Domino

256 1313 471 1368 inimici
506 1309 701 1372 nostri,
731 1317 857 1361 tunc
889 1309 1036 1360 vires
1060 1303 1347 1357 contrariis
1379 1299 1662 1352 virtutibus
1687 1296 1815 1348 dan-

251 1412 362 1456 tur.
410 1397 531 1452 Hoc
573 1397 686 1450 sive
730 1393 1022 1448 secundum
1048 1393 1279 1445 litteram
1310 1386 1632 1454 qumras,ita
1671 1383 1814 1436 inve-

253 1489 398 1551 nies,
435 1485 571 1553 quia
615 1497 720 1537 non
755 1479 1142 1535 invalescerent
1173 1479 1271 1530 nisi
1305 1475 1384 1529 eis
1412 1474 1598 1527 delicta
1629 1479 1812 1523 nostra

245 1575 401 1627 vires
447 1569 768 1626 conferrent
810 1584 824 1620 :
871 1567 986 1620 sive
1031 1566 1083 1617 in
1122 1562 1448 1628 spiritalibus
1473 1559 1810 1618 consideres,

245 1657 520 1714 similiter
561 1654 847 1710 contraria:
893 1653 1116 1704 virtutes
1155 1664 1257 1702 non
1294 1647 1679 1701 invalescerent
1720 1643 1813 1696 ad-

243 1763 482 1802 versum
514 1758 640 1798 nos.
673 1756 773 1796 uec
804 1741 915 1808 ipse
951 1738 1178 1792 Zabulus
1205 1737 1254 1788 in
1279 1735 1430 1788 nobis
1458 1732 1652 1800 aliquid
1677 1746 1810 1800 pra:-

243 1837 469 1889 valeret
494 1874 510 1898 ,
549 1830 655 1883 nisi
684 1830 733 1882 ei
769 1829 909 1880 vires
931 1841 997 1880 ex
1027 1825 1221 1879 nostris
1250 1822 1392 1876 vitiis
1421 1821 1808 1889 praeberemus;

246 1924 422 1976 valde
470 1921 728 1974 inﬁrmus
774 1926 917 1970 esset
965 1914 1240 1968 adversum
1279 1925 1403 1971 nos,
1437 1909 1535 1961 nisi
1572 1921 1666 1960 nos
1695 1920 1814 1960 eum

245 2012 461 2065 fortem
517 2005 796 2076 peccando
835 2003 1154 2062 faceremus,
1194 1999 1296 2051 nisi
1327 2012 1421 2065 per
1461 2003 1672 2063 peccata
1718 2007 1814 2045 no-

244 2108 372 2152 stra
421 2096 613 2148 locum
665 2089 968 2144 introeundi
1019 2095 1072 2140 et
1116 2084 1415 2139 dominandi
1463 2082 1725 2135 inveniret
1762 2081 1814 2132 in

248 2185 447 2239 nobis.
503 2181 803 2247 Pr0pterea
847 2185 901 2230 et
943 2172 1224 2241 Apostolus
1265 2171 1490 2237 denique
1532 2175 1818 2238 praemonet

243 2273 456 2324 dicens
491 2269 541 2300 “
582 2283 595 2318 :
634 2282 654 2315 ι
695 2263 871 2316 Nolite
901 2261 1072 2314 locum
1107 2261 1231 2312 dare
1261 2256 1481 2319 Zabulo,
1531 2273 1550 2306 ι
1595 2256 1733 2308 sicut
1765 2263 1819 2307 et

245 2359 345 2411 hic
391 2355 566 2408 modo
612 2352 867 2419 legimus,
912 2348 1034 2414 quia
1072 2355 1410 2413 posteaquam
1449 2342 1684 2397 fecerunt
1725 2340 1818 2393 ﬁlii

246 2442 428 2497 Israel
484 2440 782 2507 malignum
831 2437 881 2489 in
927 2442 1214 2501 conspecto
1244 2431 1490 2494 Domini,
1520 2431 1690 2483 locum
1730 2429 1820 2482 de-

248 2533 470 2583 derunt
529 2525 758 2580 Zabulo.
793 2539 812 2572 ι
844 2521 1171 2575 Confortavit
1194 2520 1332 2571 enim
1375 2518 1624 2570 Dominus
1657 2516 1818 2584 Eglon

251 2626 452 2681 regem
500 2609 685 2670 Moab,
713 2615 768 2659 et
822 2605 1063 2671 adjunxit
1099 2603 1147 2656 ei
1191 2615 1375 2656 omnes
1419 2600 1555 2653 ﬁlios
1599 2599 1820 2650 Ammon

251 2714 315 2756 et
365 2698 606 2753 Amalec
631 2695 698 2746 ".
748 2712 767 2744 ι
809 2691 923 2745 Non
965 2691 1165 2755 solum,
1219 2687 1417 2755 inquit,
1464 2686 1576 2753 ipse
1613 2683 1822 2737 confor-

251 2798 416 2842 tatus
466 2793 557 2838 est
607 2796 674 2836 ex
727 2771 959 2849 peccatis
1007 2778 1232 2830 ﬁliorum
1277 2772 1467 2846 Israel,
1512 2770 1606 2825 sed
1639 2769 1824 2838 adjun-

251 2887 478 2947 guntur
509 2875 560 2929 ei
593 2871 729 2925 socii
765 2882 992 2936 nequam
1019 2879 1084 2919 ex
1111 2865 1234 2916 ﬁliis
1263 2864 1486 2915 Ammon
1512 2867 1566 2913 et
1586 2859 1822 2921 Amalec,

250 2967 350 3036 qui
387 2978 519 3019 cum
549 2962 671 3029 ipso
701 2957 906 3026 pariter
937 2956 1245 3022 impugnent
1271 2950 1451 3005 Israel.

330 3056 393 3108 5.
435 3070 456 3102 ι
492 3051 566 3103 Et
617 3047 953 3105 servierunt,
998 3041 1167 3108 inquit
1192 3040 1258 3105 ’⁸,
1303 3039 1394 3090 ﬁlii
1453 3036 1612 3091 Israel
1657 3035 1819 3103 Eglon

254 3145 380 3212 regi
445 3140 630 3202 Moab,
679 3138 858 3188 decem
903 3141 959 3186 et
1012 3141 1134 3183 octo
1170 3127 1345 3180 annis.
1381 3144 1400 3177 ι
1434 3125 1666 3178 Observa
1700 3123 1820 3190 quia

253 3233 435 3285 etiam
466 3237 756 3281 mensuras
787 3235 958 3288 poena:
982 3217 1176 3270 indicat
1207 3214 1480 3280 Scriptura
1503 3212 1678 3264 divina
1705 3224 1824 3263 cum

254 3330 394 3372 ante
427 3323 560 3368 octo
586 3323 780 3375 annos,
809 3317 864 3362 et
892 3306 978 3360 hic
1002 3305 1180 3357 decem
1205 3311 1257 3355 et
1283 3312 1402 3354 octo
1432 3299 1579 3353 dicit.
1611 3297 1824 3350 Certum

255 3417 346 3461 est
378 3413 570 3458 autem
612 3401 758 3467 quod
786 3395 1076 3451 secundum
1105 3390 1266 3461 466
1294 3389 1496 3456 peccati
1538 3387 1747 3440 modum
1774 3392 1826 3438 et

259 3488 660 3550 conversionis
718 3493 914 3538 nostra:
963 3494 1203 3544 moram,
1255 3477 1414 3532 etiam
1462 3473 1827 3542 castigationis

267 3589 534 3644 tempora
564 3577 952 3638 temperantur.
988 3566 1330 3617 Transierunt
1364 3562 1503 3614 enim
1533 3571 1586 3614 et
1616 3561 1700 3614 isti
1729 3561 1824 3614 de-

267 3681 399 3720 cem
445 3671 504 3716 et
553 3668 680 3713 octo
731 3656 856 3709 anni
888 3651 1182 3714 servitutis,
1223 3659 1414 3703 etnon
1455 3649 1679 3702 refertur
1706 3647 1824 3715 qui-i

269 3754 666 3808 clamaverunt
695 3745 762 3798 ad
792 3742 1094 3802 Dominum,
1127 3739 1208 3792 vel
1236 3736 1474 3791 conversi
1512 3745 1634 3789 sunt
1661 3752 1689 3788 a
1712 3751 1827 3788 ma-

270 3841 394 3894 litia
431 3853 537 3892 sua
565 3855 578 3889 :
613 3835 711 3888 sed
737 3841 859 3901 post
899 3831 1080 3883 decem
1109 3836 1163 3880 et
1188 3835 1308 3880 octo
1333 3841 1500 3878 annos
1533 3825 1722 3876 iterum
1747 3823 1827 3875 di-

271 3928 426 3980 citur
468 3923 586 3994 (55)
617 3923 684 3982 ",
712 3921 835 3988 quia
869 3937 886 3967 ι
921 3917 1278 3969 clamaverunt
1315 3913 1403 3965 ﬁlii
1440 3912 1596 3964 Israel
1631 3911 1696 3964 ad
1724 3910 1829 3962 Do-

272 4017 524 4076 minum,
557 4021 616 4064 et
656 4007 934 4062 suscitavit
960 4006 1037 4058 eis
1064 4005 1318 4057 Dominus
1345 4003 1483 4055 Deus
1509 4001 1829 4054 Salvatorem

271 4104 448 4157 Aioth
509 4101 682 4153 ﬁlium
722 4097 886 4158 Gera,
929 4094 1018 4146 ﬁlii
1063 4091 1299 4154 Gemini,
1350 4092 1519 4143 virum
1563 4089 1830 4142 ambidex-

275 4200 454 4244 trum.
497 4207 518 4239 ι
554 4189 699 4241 Ecce
740 4183 910 4252 qualis
953 4191 1034 4234 est
1074 4181 1173 4233 iste
1200 4179 1289 4246 qui
1318 4178 1596 4231 suscitatur
1631 4177 1696 4228 ad
1728 4175 1831 4228 sal-

1250 304 1317 358 IN
1345 292 1594 357 LIBRUM
1623 292 1920 350 JUDICUM
1945 285 2226 345 IIOMILIA
2261 281 2347 336 Ill.

1070 421 1167 474 ﬁlii
1211 421 1375 474 Israel
1427 418 1599 471 facere
1648 414 1801 466 mali-
1827 419 1872 473 Α
1899 410 2047 476 Quod
2080 405 2123 459 si
2160 403 2282 455 licet
2316 400 2368 453 in
2413 400 2605 454 talibus
2634 411 2698 449 ex
2734 396 2891 449 simili
2923 407 3239 461 praesumere
3261 431 3275 454 ,
3302 401 3430 458 puto

3321 273 3425 328 960

1911 495 2048 562 quod
2075 488 2364 544 secundum
2393 485 2686 554 spiritalem
2720 482 3140 549 intelligentiam,
3171 488 3225 532 et
3259 477 3427 530 sancti

1907 596 2092 637 omnes
2118 576 2432 632 ambidextri
2467 576 2715 628 dicantur
2743 589 2758 626 :
2784 581 2836 624 et
2857 570 3155 623 econtrario
3175 567 3427 627 Zabulus,

1911 681 1966 724 et
2018 667 2282 736 principes
2328 665 2476 731 ejus,
2511 663 2558 715 si
2596 661 2698 714 dici
2737 669 2940 727 potest,
2975 655 3318 709 ambisinistri
3351 653 3432 706 di-

1909 767 2120 811 cuntur.
2178 755 2366 808 Totum
2413 752 2555 806 enim
2603 749 2740 816 quod
2783 755 2978 814 agunt,
3013 745 3280 798 sinistrum
3311 751 3430 804 est,

1912 856 2077 900 totum
2108 857 2436 912 perversum,
2471 849 2635 894 totum
2665 838 2769 905 igni
2797 845 3018 899 κιαι-ιιο,
3050 848 3168 885 cum
3200 834 3265 884 iis
3292 835 3428 899 quia

1910 935 2140 988 sinistris
2167 939 2321 993 sunt,
2353 933 2676 997 deputatum.

1980 1022 2030 1073 6.
2058 1019 2158 1072 Sed
2181 1019 2450 1071 videamus
2477 1016 2598 1082 quid
2633 1013 2742 1081 agit
2773 1012 2859 1064 hic
2891 1009 3216 1062 ambidexter
3245 1007 3428 1073 judex.

1916 1125 1934 1156 ι
1975 1105 2246 1165 Miserunt,
2292 1102 2463 1170 inquit
2501 1101 2562 1165 ",
2597 1099 2686 1152 ﬁlii
2727 1096 2882 1150 Israel
2924 1108 3135 1146 munera
3169 1094 3230 1144 ad
3271 1093 3433 1160 Eglon

1912 1211 2087 1265 regem
2113 1194 2456 1247 Moabitarum
2505 1204 2597 1256 per
2623 1201 2836 1240 manum
2870 1185 3025 1238 Aioth
3047 1227 3059 1246 ,
3091 1191 3144 1235 et
3182 1181 3303 1234 fecit
3330 1182 3430 1234 sibi

1910 1285 2066 1336 Aioth
2099 1281 2325 1350 gladium
2362 1292 2426 1331 ex
2453 1287 2676 1342 utraque
2705 1281 2854 1339 parte
2885 1281 3096 1324 acutum
3135 1271 3318 1336 palma:
3347 1285 3438 1321 ex-

1913 1376 2072 1419 tensa:
2119 1364 2480 1430 longitudine,
2531 1371 2582 1413 et
2629 1359 2861 1426 alligavit
2900 1357 2999 1410 sibi
3032 1371 3150 1409 eum
3182 1357 3335 1407 Aioth
3369 1356 3434 1407 ad

1910 1454 2081 1507 femur
2129 1455 2390 1504 dextrum.
2448 1469 2466 1500 ι
2523 1448 2680 1500 Vides
2719 1447 2840 1514 quia
2882 1446 3122 1497 dextrum
3172 1453 3246 1496 est
3281 1457 3438 1495 omne

1910 1542 2048 1608 quod
2077 1542 2184 1608 agit
2216 1540 2371 1592 Aioth
2404 1535 2489 1590 hic
2518 1537 2867 1596 ambidexter,
2899 1542 2952 1586 et
2983 1533 3224 1584 manibus
3254 1532 3439 1583 dexter

1911 1637 2012 1693 est,
2037 1639 2091 1682 et
2113 1630 2162 1681 in
2196 1627 2415 1696 pedibus
2443 1627 2627 1679 dexter
2650 1634 2752 1678 est.
2778 1623 2831 1674 In
2856 1622 3056 1674 femore
3081 1620 3220 1672 enim
3251 1620 3438 1671 dextro

1910 1717 2140 1783 gladium
2191 1724 2400 1783 portat,
2443 1724 2502 1767 ut
2545 1716 2722 1767 veniat
2751 1713 2815 1764 ad
2852 1724 3026 1778 regem
3064 1719 3116 1760 et
3153 1709 3438 1760 interliciat

1910 1817 2051 1855 eum.
2087 1804 2396 1856 Dixeramus
2426 1801 2478 1852 in
2514 1799 2872 1866 superioribus
2901 1798 3040 1862 quod
3078 1795 3165 1846 isti
3199 1809 3333 1862 quos
3367 1796 3433 1848 ad

1911 1893 2131 1946 salutem
2164 1891 2362 1959 pepuli,
2395 1900 2448 1943 et
2477 1890 2540 1941 ad
2573 1889 2870 1942 liberandos
2903 1886 3039 1937 filios
3074 1884 3234 1938 Israel
3270 1886 3436 1938 susci-

1924 1991 2035 2033 tare
2067 1980 2258 2033 dicitur
2283 1979 2419 2032 Deus
2449 1977 2764 2038 salvatores,
2788 1973 2870 2028 vel
2896 1973 3119 2040 judices,
3154 1972 3434 2040 imaginem

1915 2069 2086 2122 ferant
2127 2068 2420 2134 aliquorqu
2462 2064 2756 2134 principum
2791 2078 2854 2116 ex
2897 2063 3096 2115 caelesti
3140 2061 3448 2124 militia,“

1913 2170 2262 2225 supernarum
2307 2155 2599 2218 virtutum,
2652 2166 2784 2219 quas
2836 2151 2901 2203 ad
2948 2149 3243 2202 subsidium
3296 2151 3436 2202 Deus

1913 2246 2120 2298 emittat
2163 2257 2368 2305 eorum,
2415 2241 2502 2308 qui
2543 2240 2608 2291 ad
2637 2253 2694 2291 se
2725 2245 2836 2290 toto
2863 2237 3023 2289 corde
3057 2235 3399 2288 clamaveriut
3422 2274 3438 2298 ,

1915 2341 1964 2384 et
2016 2346 2108 2398 per
2159 2329 2558 2383 conversionem
2601 2323 2926 2392 pmnitentite
2963 2323 3196 2375 divinam
3229 2336 3352 2389 erga
3385 2335 3444 2375 se

1917 2419 2246 2474 clementiam
2296 2418 2554 2472 ﬁexerinl.
2599 2416 2700 2469 Sed
2738 2415 2838 2466 hoc
2871 2423 2927 2465 ut
2960 2427 3025 2466 ne
3065 2423 3439 2481 praesumptum

1919 2511 2056 2576 apud
2090 2508 2360 2561 auditores
2387 2506 2627 2559 videatur
2655 2521 2683 2556 a
2714 2505 2865 2558 nobis
2887 2544 2902 2569 ,
2925 2504 3178 2556 debemus
3201 2515 3264 2554 ex
3299 2500 3445 2552 Scri-

1917 2608 2190 2665 pturarum
2264 2594 2578 2647 auctoritate
2641 2592 2871 2644 ﬁrmare.
2932 2591 3196 2656 Scriptum
3245 2597 3327 2640 est
3388 2587 3440 2638 in

1918 2685 2121 2748 Exodo,
2142 2684 2263 2751 quia
2291 2692 2469 2749 patres
2495 2681 2658 2734 nostri
2681 2680 2771 2732 ﬁlii
2795 2678 2954 2732 Israel
2985 2693 3102 2730 cum
3134 2677 3297 2728 multo
3312 2687 3445 2729 tem-

1917 2788 2045 2842 pore
2073 2771 2334 2841 Egyptiis
2365 2782 2421 2824 et
2446 2769 2708 2822 Pharaoni
2741 2768 2850 2836 regi
2876 2767 3160 2821 durissimo
3183 2767 3234 2819 in
3264 2768 3359 2820 luti
3391 2775 3448 2817 et

1921 2863 2101 2915 lateris
2127 2860 2455 2915 confectione
2481 2859 2800 2922 servissent,
2840 2856 3196 2910 clamaverunt
3233 2857 3298 2908 ad
3339 2858 3446 2910 Do-

1925 2951 2148 3013 minum,
2193 2949 2402 3014 inquit,
2455 2948 2524 3000 ita
2571 2956 2630 3000 ut
2681 2947 2792 3014 ipse
2841 2946 3097 2999 Dominus
3130 2945 3328 2998 diceret
3357 2945 3444 2996 ”:

1933 3056 1951 3088 ε
1979 3039 2187 3092 Clamor
2216 3037 2438 3090 ﬁliorum
2465 3035 2625 3089 Israel
2664 3034 2774 3102 (50)
2836 3035 3071 3087 ascendit
3107 3034 3172 3087 ad
3213 3049 3314 3097 me,
3347 3052 3367 3086 ι
3395 3041 3453 3095 et

1927 3127 2086 3180 misso
2115 3126 2325 3193 quidem
2353 3125 2548 3187 Moseo,
2579 3124 2862 3176 visibililer
2888 3125 3072 3177 eduxit
3106 3139 3218 3177 eos.
3262 3123 3444 3176 Refert

1925 3223 2099 3267 autem
2128 3214 2406 3280 Scriptura
2434 3213 2572 3280 quod
2598 3211 2816 3279 angelus
2844 3212 3229 3264 exterminator
3253 3213 3448 3264 missus

1927 3302 2018 3364 sit,
2046 3301 2133 3368 qui
2159 3309 2395 3355 vastaret
2432 3301 2642 3368 quidem
2677 3300 2852 3353 omnia
2901 3299 3250 3366 primogenita
3276 3297 3445 3366 Egy-

1929 3387 2176 3455 ptiorum,
2196 3384 2550 3439 Israeli'tarum
2584 3399 2706 3437 vero
2731 3383 2989 3438 neminem
3020 3394 3272 3453 tangeret.
3295 3386 3356 3438 Et
3372 3386 3448 3438 sic

1927 3475 2227 3528 declaratur
2253 3475 2499 3527 virtutem
2546 3473 2708 3526 fuisse
2752 3472 3020 3525 caelestem
3063 3487 3179 3540 quas
3222 3473 3448 3526 vastatis

1927 3562 2195 3632 Egyptiis
2231 3575 2286 3620 et
2324 3562 2620 3630 prostratis,
2662 3559 2798 3614 ﬁlios
2834 3559 2994 3613 Israel
3034 3560 3099 3613 de
3120 3559 3247 3628 jugo
3284 3561 3452 3612 servi-

1928 3650 2054 3702 tutis
2080 3649 2282 3702 eduxit.
2312 3647 2496 3702 Simile
2518 3660 2727 3713 quoque
2769 3643 2928 3697 etiam
2975 3642 3103 3696 illud
3138 3643 3365 3694 refertur
3394 3641 3449 3693 in

1927 3736 2333 3804 historiis,quod
2371 3735 2470 3789 sub
2512 3747 2637 3800 rege
2680 3731 3016 3800 Assyriorum
3051 3728 3446 3793 Sennachcrih,

1929 3825 2148 3892 angelus
2188 3824 2394 3876 Domini
2435 3821 2662 3874 mittitur
2684 3857 2699 3882 ,
2731 3820 2822 3887 qui
2848 3819 3000 3872 caesis
3031 3818 3127 3871 sub
3158 3832 3260 3869 una
3294 3824 3449 3868 nocte

1927 3921 1979 3969 et
2030 3911 2314 3977 prostratis
2361 3918 2570 3962 centum
2624 3907 2889 3975 octoginta
2937 3904 3170 3973 quinque
3217 3902 3450 3955 millibus

1927 4005 2177 4060 hostium.
2227 4008 2282 4050 et
2327 3998 2514 4049 urbem
2555 3995 2620 4048 de
2661 3993 2932 4046 obsidione
2956 4030 2971 4056 ,
3008 4003 3060 4043 et
3101 3990 3349 4057 populum
3383 3989 3449 4042 de

1928 4086 2222 4145 imminenti
2249 4084 2495 4138 liberaret
2525 4082 2740 4136 interitu
2768 4079 2835 4134 “.
2852 4079 2932 4148 Ita
2956 4092 3081 4145 ergo
3111 4080 3269 4131 etiam
3302 4092 3446 4130 nunc

1927 4181 2109 4235 eadem
2179 4173 2557 4242 consequentia
2620 4171 2872 4223 debemus
2929 4169 3244 4230 advertere,
3294 4174 3351 4219 ut
3402 4167 3447 4219 si

273 4279 528 4332 vandum
575 4272 743 4326 Israel
774 4288 786 4322 :
833 4269 966 4322 nihil
1011 4268 1170 4320 habet
1212 4266 1268 4317 in
1316 4279 1372 4317 se
1409 4264 1705 4315 sinistrum.
1738 4262 1828 4314 sed
1859 4281 1901 4333 ι)
1926 4266 2134 4335 quando
2157 4276 2252 4329 pro
2284 4259 2516 4329 peccatis
2561 4257 2760 4312 nostris
2802 4256 2853 4307 in
2891 4255 3250 4322 captivitatem
3289 4252 3452 4305 tradi-

266 4374 571 4428 utramque
624 4367 841 4408 manum
892 4351 1134 4403 dextram
1189 4344 1366 4399 habet.
1412 4343 1522 4396 Hoc
1559 4352 1642 4396 est
1683 4343 1821 4396 enim

267 4452 426 4519 quod
457 4449 666 4502 dicitur
695 4440 1052 4494 ambidexter.
1092 4434 1289 4502 Dignus
1316 4447 1442 4487 vero
1471 4433 1645 4500 populi
1676 4434 1823 4500 prin-

269 4551 444 4604 cepa.
494 4543 551 4588 et
599 4527 860 4584 Ecclesiae
897 4523 1058 4591 judex
1093 4522 1181 4589 qui
1211 4520 1341 4572 nihil
1377 4528 1496 4588 agat
1526 4521 1822 4582 sinistrum,

267 4627 438 4693 cujus
478 4621 614 4690 quid
667 4617 778 4684 agit
821 4614 1074 4674 dextera,
1119 4609 1324 4663 nesciat
1365 4608 1576 4661 sinistra
1611 4623 1736 4672 sua,
1774 4608 1824 4660 in

271 4725 515 4779 utraque
547 4715 710 4777 parte
742 4705 932 4758 dexter
959 4708 1058 4760 est,
1087 4699 1139 4751 in
1169 4698 1270 4750 lide
1294 4696 1480 4750 dexter
1509 4705 1619 4758 est,
1649 4697 1700 4749 in
1733 4711 1824 4749 ac-

270 4804 431 4855 tibus
453 4801 652 4852 dexter
676 4801 761 4846 est
779 4829 794 4854 ,
825 4790 956 4844 nihil
980 4790 1136 4841 habet
1168 4787 1232 4840 de
1256 4787 1358 4839 illis
1387 4786 1474 4853 qui
1501 4786 1828 4838 collocantur

271 4905 301 4940 a
339 4885 627 4943 sinistris,
657 4878 854 4947 quibus
881 4875 1076 4928 dicitur
1120 4873 1164 4904 ³⁸
1209 4889 1224 4925 :
1275 4889 1294 4922 ι
1336 4872 1598 4924 Discedite
1637 4886 1666 4924 a
1710 4887 1824 4935 me,

270 4973 522 5043 operarii
560 4964 890 5034 iniquitatis,
918 4960 1094 5015 nescio
1121 4974 1217 5013 vos
1238 4999 1254 5023 ,
1281 4959 1352 5035 ite
1383 4959 1434 5010 in
1466 4959 1637 5025 ignem
1670 4969 1824 5013 aeter-

272 5033 418 5116 niim
443 5070 605 5126 quem
630 5033 949 5123 praeparavit
971 5049 1106 5102 Deus
1128 5033 1324 5100 Zabulo
1340 5055 1394 5098 et
1417 5045 1616 5112 angelis
1635 5048 1768 5112 ejus.
1803 5065 1822 5098 ι

391 5195 442 5227 ⁸⁸
466 5192 592 5248 Jud.
643 5205 723 5251 ιιι,
753 5187 840 5242 12.

272 5263 479 5320 Matth.
514 5274 643 5320 xxv,
671 5257 760 5310 M.

362 5407 482 5476 (δι)
511 5398 722 5476 Quare?
747 5405 908 5461 Deest
941 5401 996 5460 in
1036 5407 1188 5453 antea
1223 5394 1395 5460 editt.,
1417 5404 1589 5451 exstat
1615 5411 1747 5452 vero
1775 5399 1831 5452 in

278 5474 697 5544 manuscriptis.

933 5185 978 5216 ¹⁶
1007 5183 1193 5250 Ephes.
1226 5179 1415 5250 tv,27.
1473 5179 1534 5250 _'_’
1569 5177 1686 5250 Jud.
1723 5197 1802 5245 III,
1836 5182 1904 5236 12
1964 5184 2048 5236 l3.

841 5253 882 5284 δι
911 5239 1139 5314 .Ιιιι1.ἰιι,
1172 5239 1390 5309 15,’16,
1465 5246 1548 5300 I7.
1618 5239 1820 5303 διεῖχοά

1924 5253 2064 5316 uls,
2104 5251 2155 5304 9.
2230 5250 2273 5280 ³³
2303 5249 2368 5303 IV
2402 5251 2525 5314 Reg.
2571 5261 2676 5298 xix.
2738 5244 2782 5275 “
2809 5241 2945 5295 Psal.
2980 5253 3051 5302 vr,
3089 5239 3138 5288 7.

1925 4367 2067 4415 mur,
2089 4350 2377 4402 clamemus
2405 4345 2468 4396 ad
2491 4343 2790 4397 Dominum.
2817 4341 3113 4394 Clamemus
3142 4351 3315 4392 autem
3344 4353 3449 4392 non

1925 4452 2040 4499 ore,
2069 4436 2160 4489 sed
2196 4442 2401 4496 mente,
2441 4431 2513 4483 ita
2554 4439 2610 4482 ut
2639 4429 2788 4481 dolor
2813 4428 2988 4482 cordis
3029 4428 3229 4480 fontem
3273 4427 3448 4494 lacry-

1927 4539 2131 4580 marum
2155 4526 2407 4588 producat
2430 4533 2493 4572 ex
2523 4518 2713 4580 oculis,
2740 4519 2878 4570 sicut
2908 4517 2996 4569 ille
3017 4517 3107 4584 qui
3129 4515 3338 4569 dicebat
3360 4515 3405 4544 “
3432 4532 3447 4566 :

1932 4633 1950 4666 ι
1994 4611 2202 4666 Lavabo
2232 4623 2325 4676 per
2349 4607 2584 4677 singulas
2609 4617 2794 4660 noctes
2826 4607 3022 4660 lectum
3054 4620 3250 4670 meum,
3280 4605 3452 4673 Iacry-

1927 4701 2028 4754 niis
2061 4698 2191 4752 meis
2215 4705 2436 4751 stratum
2475 4709 2647 4748 meum
2687 4696 2889 4763 rigabo.
2924 4713 2943 4745 ι
2991 4693 3046 4747 Si
3086 4694 3156 4746 ita
3191 4693 3451 4746 converti-

1928 4801 2045 4839 mur
2072 4799 2100 4836 a
2131 4783 2302 4845 malis,
2328 4792 2384 4835 ut
2407 4783 2541 4834 ultra
2569 4797 2672 4836 non
2702 4783 3069 4848 contiogamus
3111 4779 3245 4832 mala
3264 4819 3278 4842 ,
3305 4781 3348 4832 si
3379 4780 3448 4831 ita

1934 4873 2240 4928 desinamus
2291 4886 2318 4923 a
2361 4871 2642 4939 superbia,
2687 4878 2747 4923 ut
2777 4870 2911 4921 ultra
2961 4869 3090 4922 nihil
3127 4869 3448 4934 superbum,

1928 4963 2060 5015 nihil
2083 4976 2340 5030 arrogans
2363 4960 2630 5027 sapiamus
2650 4997 2666 5022 ,
2694 4959 2867 5012 mittet
2884 4959 3041 5010 etiam
3067 4956 3316 5010 Dominus
3342 4955 3453 5006 vir-

1931 5059 2092 5103 tutem
2124 5064 2274 5103 suam
2307 5049 2572 5102 emlestem
2594 5085 2609 5110 ,
2641 5061 2734 5114 per
2758 5059 2917 5114 quam
2942 5045 3227 5098 liberemur
3264 5055 3293 5092 a
3321 5039 3449 5107 jugo

2147 5183 2192 5214 "
2219 5182 2346 5235 ibid.
2372 5181 2457 5233 ιι.
2551 5180 2594 5211 ’⁸
2648 5177 2771 5230 ibid.
2825 5176 2890 5227 l5
2963 5173 3006 5203 ³⁰
3027 5171 3153 5223 Luc.
3189 5181 3309 5230 xm,
3337 5165 3446 5229 ης

2002 5400 2108 5468 (55)
2136 5399 2258 5454 Mss.
2291 5418 2307 5449 ι
2341 5399 2548 5468 ἀερίων,
2581 5415 2600 5446 ›
2633 5394 2783 5468 ιτξω).
2810 5389 2951 5468 editi,
2989 5384 3230 5468 gains“.

2008 5455 2114 5537 (56')
2142 5468 2321 5522 Israel.
2351 5468 2502 5520 Deest
2530 5466 2583 5517 in
2609 5462 2780 5523 editt.,
2811 5457 2903 5510 sed
2922 5455 3142 5508 habetur
3163 5455 3215 5500 in
3242 5462 3375 5501 mss.
