3806 6258
424 260 524 315 967

1833 259 2141 315 ORIGENIS

2771 222 2803 235 ,ι

3573 266 3657 320 958

423 369 692 424 servitutis
739 371 1006 426 Zabulicat
1054 391 1067 428 :
1111 390 1230 442 qua:
1273 376 1442 430 virtus
1473 377 1652 429 omnia
1685 391 1778 445 pro
1810 375 1928 427 nobi

2086 372 2233 426 ideo.
2269 371 2372 425 Iste
2426 374 2481 425 in
2536 383 2736 426 aratro
2785 382 3058 441 pugnat,
3122 372 3292 426 Aiotb
3329 376 3582 442 pugnabat
3617 377 3659 432 in

421 471 541 527 agat
565 462 748 513 dextra
786 473 840 514 et
871 476 1118 528 prospera
1141 504 1155 528 ,
1187 479 1306 531 quae
1337 465 1496 518 faciat
1526 480 1623 518 nos
1656 466 1955 532 relinquere

417 549 559 601 viam
592 548 703 618 (57)
735 550 1023 616 sinistram,
1071 569 1189 619 quae
1227 553 1372 605 ducit
1402 554 1451 604 in
1489 554 1870 620 perditionem,
1902 563 1955 606 et

421 646 632 690 revocet
677 652 772 691 nos
814 640 878 690 ad
930 655 1109 692 veram
1161 641 1337 704 viam,
1394 641 1539 692 illum
1569 642 1657 708 qui
1711 642 1836 692 dicit
1865 642 1952 694 8":

426 744 444 773 ι
483 725 591 792 Ego
621 740 735 777 sunt
777 726 883 789 via,
923 727 1141 790 veritas,
1170 736 1221 780 et
1253 728 1378 790 vita,
1411 746 1428 777 ι
1463 728 1640 780 Jesum
1685 728 1952 780 Christum

422 814 703 888 Dominum
752 811 1013 878 nostrum,
1051 816 1136 867 cui
1177 823 1258 867 est
1291 816 1459 883 gloria
1493 825 1547 868 et
1583 816 1862 883 imperimn
1900 817 1952 868 in

423 900 615 953 saecula
644 902 977 954 saeculorum.
1009 903 1200 955 Amen.

990 1009 1258 1063 llOMlLlA
1291 1010 1377 1064 ιν.

419 1098 492 1151 De
522 1097 798 1165 Semegar,
843 1112 887 1150 et
926 1097 1115 1159 Jabin,
1154 1109 1200 1149 et
1237 1097 1446 1162 Sisara,
1492 1107 1538 1150 et
1579 1101 1772 1152 cwteris
1801 1100 1953 1168 judi-

1107 1168 1267 1217 cibus.

487 1277 537 1329 1.
601 1274 950 1342 Conjungitur
1009 1277 1326 1344 principatui
1378 1277 1532 1330 Aioth
1592 1277 1946 1339 ambidextri,

412 1369 738 1434 principatus
768 1366 1067 1434 Semcgadi.
1103 1368 1206 1419 Sed
1241 1367 1510 1420 videamus
1539 1367 1763 1430 qualiter
1788 1367 1945 1418 Aioth

411 1455 500 1522 qui
529 1456 907 1520 interpretatur
934 1455 1048 1506 laus
1081 1452 1212 1523 (58),
1246 1455 1567 1507 concluserit
1595 1455 1947 1521 principatum

413 1560 590 1597 suum.
640 1544 867 1596 llistoria
910 1559 1005 1596 nos
1038 1543 1246 1597 edocuit
1283 1557 1342 1595 ea
1376 1559 1490 1610 quae
1522 1545 1586 1595 de
1618 1542 1780 1610 Eglon
1822 1557 1948 1606 rege

409 1633 607 1700 scripta
683 1642 838 1696 sunt,
895 1632 1159 1698 quomodo
1203 1632 1620 1698 sapientissimus
1670 1632 1756 1684 hic
1792 1632 1944 1685 Aioth

409 1729 522 1772 arte
549 1721 797 1788 quadam,
833 1731 920 1783 et,
957 1729 1014 1772 ut
1055 1721 1122 1772 ita
1155 1721 1350 1781 dicam,
1385 1718 1596 1781 callida,
1629 1719 1720 1771 sed
1750 1719 1933 1771 lauda-

407 1809 498 1862 bili
544 1825 665 1862 usus
704 1809 1014 1875 deceptione
1051 1808 1380 1861 interemerit
1421 1808 1585 1876 Eglon
1618 1816 1934 1874 tyrannum,

409 1899 499 1967 qui
557 1899 936 1965 interpretatur
960 1906 1156 1947 rotatus
1205 1896 1286 1946 vel
1335 1896 1498 1946 orbita
1545 1895 1676 1962 (59).
1719 1893 1940 1960 Op'ortet

405 2001 532 2054 ergo
570 1984 698 2037 tales
731 1997 848 2037 esse
887 1993 938 2034 et
967 1982 1132 2034 nostri
1179 1981 1354 2048 populi
1383 1981 1611 2047 judices,
1642 1979 1810 2046 qualis
1841 1977 1940 2030 fuit

406 2074 564 2126 Aioth
600 2073 696 2125 iste
727 2073 814 2138 qui
859 2073 1243 2136 interpretatur
1276 2069 1423 2128 laus,
1465 2077 1520 2119 ιιι
1557 2082 1740 2120 omnes
1785 2067 1936 2119 volu-

405 2160 538 2213 biles
570 2152 751 2212 Vmotus
791 2167 843 2210 et
892 2157 1093 2209 orbitas
1147 2155 1270 2208 mali
1315 2155 1524 2208 itineris
1567 2155 1843 2216 excidant,
1887 2163 1941 2207 et

403 2247 667 2316 perimant
693 2245 1040 2297 Moabitarum
1075 2258 1272 2309 regem.
1303 2242 1547 2294 Moabita:
1575 2253 1749 2293 autem
1782 2243 1940 2292 inter-

403 2344 676 2402 pretantur
703 2335 875 2401 ﬂuxus
910 2332 991 2384 vel
1027 2332 1209 2398 eﬂ‘usio
1241 2331 1368 2397 (60).
1403 2329 1566 2396 llnjus
1595 2330 1754 2397 igitur
1783 2328 1938 2383 ﬂuxae

407 2433 461 2476 et
484 2421 752 2474 dissolutae
774 2420 944 2486 gentis
967 2419 1212 2484 princeps
1233 2416 1312 2469 vel
1336 2417 1438 2468 dux
1459 2416 1546 2482 qui
1568 2425 1742 2482 potest
1765 2415 1935 2468 videri

402 2515 570 2577 alius,
602 2513 682 2565 vel
709 2512 951 2578 intelligi,
977 2511 1077 2564 nisi
1108 2523 1284 2562 sermo
1316 2507 1460 2561 illius
1495 2508 1821 2574 philosophi,
1844 2508 1935 2575 qui

401 2618 664 2657 summum
684 2601 1089 2668 bonumjudicat
1111 2598 1314 2664 volupta
1329 2596 1625 2661 tem?Qucm
1646 2597 1937 2649 interficiat

401 2703 456 2745 et
477 2693 704 2760 perimat
719 2690 1055 2758 evangelicus
1073 2686 1358 2753 sermo,qui
1379 2685 1551 2754 gladio
1563 2694 1900 2752 comparatur
1918 2701 1932 2737 :

397 2780 621 2852 ειῆιθῖ
648 2795 821 2834 sermo
847 2778 1184 2846 pr0pheticus
1207 2776 1319 2842 ipse
1349 2777 1398 2827 in
1423 2783 1606 2827 ventre
1626 2789 1830 2839 eorum,
1856 2785 1938 2828 at-

398 2885 502 2936 que
537 2871 590 2920 in
623 2869 743 2921 imis
783 2865 1088 2935 praecordiis
1117 2862 1437 2916 ambidextri
1475 2863 1709 2915 doctoris
1747 2863 1935 2930 dispu-

2057 459 2246 527 gladio.
2284 460 2388 529 Iste
2417 462 2472 513 in
2503 472 2701 514 aratro
2732 462 2948 514 vincit.
2989 461 3192 512 Vincit
3223 469 3402 512 tamen
3428 473 3480 514 et
3498 463 3596 528 hic,
3618 479 3662 520 et

2057 557 2291 614 superat,
2329 560 2385 601 et
2415 550 2727 615 prosternit
2750 548 3134 616 Allophylos.
3171 547 3366 602 Potest
3390 564 3511 617 ergo
3540 553 3663 619 ﬁeri,

2058 646 2110 688 ιιι
2142 636 2402 689 Ecclesiae
2423 639 2596 704 jndex
2633 652 2745 689 non
2778 652 3025 704 semper
3059 637 3321 703 gladium
3351 637 3591 704 proferat,
3619 643 3662 696 id

2055 736 2155 788 est,
2193 741 2298 779 non
2341 742 2565 792 semper
2597 728 2939 780 austeritate
2987 726 3152 779 verbi
3199 735 3258 778 et
3305 732 3546 784 acumine
3569 748 3666 786 cor.

2057 813 2321 881 reptionis
2352 823 2569 876 utatur,
2599 815 2698 868 sed
2726 815 3059 882 aliquando
3084 817 3264 868 etiam
3293 817 3526 870 imitetur
3549 823 3664 887 agri-

2055 903 2232 955 colam
2263 941 2279 965 ,
2309 912 2363 956 et
2392 904 2544 956 velut
2580 912 2773 957 aratro
2809 904 3065 956 sulcans
3113 905 3325 958 anima:
3369 915 3589 968 terram.
3617 924 3665 964 ac

2057 993 2253 1058 sacpius
2272 1007 2392 1044 eam
2411 993 2673 1046 elementi
2704 993 3122 1046 commotione
3147 994 3495 1055 reseindens,
3519 1006 3663 1063 aptam

2053 1096 2174 1133 eam
2229 1083 2596 1149 suscipiendis
2645 1081 2978 1135 seminibus
3053 1091 3250 1150 paret.
3315 1081 3666 1140 lnterlicientnr

2053 1184 2184 1238 ergo
2211 1170 2373 1222 etiam
2424 1171 2506 1222 sic
2536 1169 2815 1238 Allophyli
2853 1211 2870 1234 ,
2912 1186 3053 1223 cum
3113 1187 3231 1226 non
3287 1177 3603 1242 argumentis
3625 1187 3665 1226 et

2052 1259 2304 1311 acumine
2341 1269 2532 1311 contra
2566 1258 2947 1312 adversarios
2983 1260 3211 1312 utimur
3236 1300 3252 1325 ,
3303 1263 3398 1314 sed
3425 1264 3603 1330 agresti
3626 1273 3667 1316 et

2053 1347 2283 1413 simplici
2311 1348 2750 1401 commonitione
2785 1351 2857 1402 de
2887 1349 3122 1402 animis
3152 1352 3476 1404 auditorum
3502 1357 3609 1406 \itia
3629 1365 3667 1405 ct

2050 1447 2273 1505 peccata
2300 1439 2682 1505 propcllintus.
2713 1438 2829 1492 Sed
2864 1449 2929 1492 et
2965 1451 3029 1492 tu
3069 1441 3222 1509 ipse,
3258 1455 3294 1492 o
3325 1442 3551 1508 auditor,
3576 1459 3667 1498 esto

2049 1527 2284 1594 agricola
2336 1529 2535 1581 animae
2581 1539 2691 1584 tua:
2719 1570 2734 1591 ,
2776 1541 2950 1583 utere
2997 1530 3119 1582 hoc
3159 1540 3356 1585 aratro
3385 1548 3490 1600 quo
3528 1536 3666 1586 utitur

2051 1617 2332 1683 Sctnegar.
2369 1617 2476 1670 Sed
2509 1633 2632 1670 cum
2662 1618 2900 1672 miseris
2945 1635 3194 1672 manum
3234 1629 3386 1673 luant
3419 1621 3471 1674 in
3501 1632 3665 1686 aratro,

2048 1705 2154 1756 noli
2191 1717 2338 1757 retro
2368 1707 2645 1773 respicere
2668 1709 2755 1759 a’:
2798 1708 2858 1760 id
2889 1718 2987 1762 est
3023 1719 3342 1777 postquam
3376 1711 3548 1765 tuleris
3569 1729 3669 1766 cru-

2039 1807 2156 1844 cem
2198 1800 2385 1854 tuam,
2424 1803 2480 1846 et
2515 1804 2747 1847 secutus
2791 1794 2987 1849 fueris
3041 1797 3347 1850 Christum
3373 1837 3390 1860 ,
3424 1810 3666 1869 postquam

2038 1879 2242 1932 saeculo
2273 1881 2606 1934 renuntiasti
2639 1891 2699 1935 et
2751 1884 2824 1937 iis
2872 1900 3016 1951 qua:
3049 1887 3109 1938 in
3165 1887 3376 1940 seculo
3403 1898 3550 1953 sunt,
3581 1892 3665 1944 noli

2039 1979 2186 2021 retro
2216 1968 2518 2035 respicere,
2577 1971 2694 2023 noli
2741 1975 3068 2040 requirere
3112 1991 3246 2042 qua:
3289 1989 3504 2044 propter
3530 1977 3664 2029 Chri-

2041 2069 2182 2112 stum
2213 2061 2450 2113 duxeras
2491 2070 2553 2112 ut
2607 2070 2883 2116 stercora
2915 2080 2932 2115 :
2992 2064 3138 2133 quia
3199 2067 3247 2119 si
3289 2066 3346 2119 in
3389 2067 3486 2121 isto
3514 2081 3664 2120 aratro

2042 2163 2255 2200 manum
2281 2163 2501 2216 semper
2525 2149 2824 2213 habueris,
2857 2152 2946 2204 ita
2983 2162 3051 2204 ut
3083 2154 3441 2207 conﬁdenter
3460 2155 3592 2207 dicas
3611 2155 3662 2206 ωε

2047 2238 2222 2292 «Mihi
2272 2248 2448 2290 autem
2499 2238 2650 2291 absit
2685 2238 2942 2306 gloriari
3008 2243 3124 2294 nisi
3175 2243 3235 2295 in
3293 2259 3456 2298 cruce
3490 2247 3663 2298 Domini

2040 2325 2210 2377 nostri
2232 2325 2359 2379 Jesu
2407 2327 2642 2390 Christi,
2678 2343 2786 2394 per
2818 2344 3013 2396 quem
3075 2334 3224 2386 mihi
3258 2334 3494 2388 mundus
3524 2336 3666 2386 cruci-

2040 2413 2179 2468 fixus
2206 2425 2309 2477 est,
2344 2425 2399 2468 et
2427 2432 2529 2485 ego
2557 2419 2810 2485 mundo;
2849 2439 2874 2471 ι
2914 2422 3051 2475 hare
3086 2423 3195 2476 tibi
3228 2424 3434 2478 dicenti
3465 2441 3486 2475 ι
3507 2427 3665 2480 cadent

2040 2517 2067 2552 a
2101 2502 2308 2556 dextris
2331 2505 2437 2558 tuis
2468 2507 2660 2560 decem
2691 2508 2920 2575 millia,
2961 2519 3027 2564 et
3053 2526 3087 2564 a
3116 2513 3372 2567 sinistris
3403 2516 3505 2566 tuis
3530 2516 3665 2579 mille,

2039 2591 2105 2644 ad
2141 2602 2190 2644 te
2221 2607 2346 2646 vero
2393 2608 2501 2646 non
2539 2599 3129 2668 eppropinquabunt
3166 2603 3240 2656 “.
3279 2622 3298 2654 ι
3357 2604 3463 2658 Sed
3496 2616 3547 2658 et
3586 2607 3663 2659 hoc

2039 2683 2209 2750 ipsum
2233 2685 2375 2749 quod
2402 2685 2568 2748 dixit,
2603 2686 2659 2738 in
2691 2692 3025 2745 sexcentis
3057 2693 3210 2746 viris
3237 2695 3548 2764 Allophylos
3573 2711 3668 2762 per-

2037 2771 2270 2825 cussisse
2299 2771 2586 2839 Semegar,
2624 2789 2742 2828 non
2786 2778 2954 2832 mihi
2988 2781 3234 2836 videtur
3265 2785 3442 2838 otiose
3473 2785 3663 2837 dictum.

2033 2857 2172 2922 Quid
2222 2861 2364 2911 enim
2399 2874 2536 2927 opus
2575 2871 2704 2916 erat
2740 2866 3092 2936 designare
3135 2876 3314 2928 etiam
3365 2873 3666 2928 numerum?

401 2958 682 3010 tationibus
726 2955 1103 3008 concludatur:
1143 2963 1197 3006 ut
1229 2952 1469 3005 veritatis
1501 2952 1931 3006 assertionecos
1958 2966 2004 3026 ο
2033 2947 2146 3001 Nisi
2196 2948 2334 3003 forte
2363 2953 2679 3009 evidentius
2711 2959 2772 3011 in
2823 2961 2972 3027 ipso
3011 2979 3273 3019 numero
3315 2980 3378 3020 ea
3409 2967 3472 3020 de
3503 2969 3666 3034 Quibus

397 3046 716 3100 concludens
739 3083 756 3110 ,
805 3043 1107 3109 exstinguat
1147 3055 1358 3093 onmem
1387 3038 1534 3105 pravi
1582 3038 1844 3103 dogmatis
1871 3048 1924 3092 et

396 3148 591 3187 crassa:
619 3133 976 3200 intelligentiae
1002 3143 1214 3182 sensum
1238 3167 1250 3191 ,
1282 3126 1371 3194 qui
1404 3140 1462 3178 se
1488 3125 1716 3192 extollit,
1745 3137 1799 3178 et
1824 3128 1928 3178 eri-

397 3222 474 3289 git
502 3224 782 3275 adversum
825 3219 1117 3286 spiritalem
1158 3218 1431 3270 scientiam
1472 3215 1701 3269 Christi:
1732 3227 1790 3267 ut
1817 3215 1927 3267 haec

398 3311 468 3362 ita
505 3309 706 3362 faciens
729 3347 744 3372 ,
777 3320 830 3362 et
872 3309 924 3360 in
955 3309 1118 3360 verbo
1149 3305 1240 3358 Dei
1275 3305 1532 3357 dimicans
1568 3305 1927 3372 unusquisque

396 3397 644 3452 Ecclesiae
673 3398 855 3466 judex,
890 3397 981 3448 ﬁat
1003 3396 1160 3448 etiam
1201 3395 1310 3461 ipse
1339 3393 1616 3446 laudabilis
1648 3394 1828 3454 Aioth,
1861 3396 1924 3445 de

393 3500 500 3553 quo
543 3486 684 3538 dicat
721 3486 976 3538 Dominus
1003 3483 1078 3535 8"z
1132 3501 1150 3532 ‹
1176 3481 1341 3547 Euge,
1375 3495 1528 3534 serve
1554 3481 1691 3534 bone
1717 3488 1770 3533 et
1799 3481 1925 3532 tide-

393 3574 478 3636 lis,
513 3575 637 3641 quia
666 3588 824 3641 super
859 3588 1024 3640 pauca
1055 3570 1202 3624 fuisti
1245 3571 1448 3636 fidelis,
1477 3584 1635 3637 supra
1666 3568 1830 3624 multa
1872 3577 1923 3624 te

391 3665 730 3718 constituam.
765 3681 784 3714 ι

458 3751 512 3804 2.
542 3749 733 3802 Verum
759 3748 988 3801 breviter
1015 3746 1131 3800 istis
1158 3761 1184 3797 a
1213 3746 1366 3799 nobis
1386 3745 1450 3799 de
1474 3746 1641 3814 priori
1671 3745 1916 3807 lectione,

391 3839 443 3892 id
465 3844 568 3901 est,
596 3839 658 3890 de
689 3837 843 3890 Aioth
869 3837 972 3888 line
1006 3835 1265 3901 repetitis,
1295 3835 1570 3887 videamus
1593 3851 1730 3888 nunc
1767 3835 1920 3904 quale

390 3931 463 3983 sit
495 3927 652 3980 etiam
698 3925 1014 3992 principium
1067 3924 1358 3990 Scmegar,
1404 3924 1493 3989 qui
1539 3925 1919 3990 interpretatur

389 4017 459 4068 ibi
499 4017 693 4066 advena
721 4012 851 4082 (61).
885 4011 1080 4065 Verum
1128 4021 1210 4064 est
1249 4013 1388 4066 enim
1410 4050 1424 4073 ,
1461 4013 1580 4077 quia
1613 4027 1796 4065 omnes
1825 4017 1912 4081 qui

391 4112 511 4155 sunt
546 4101 784 4154 homines
824 4098 933 4162 Dei,
963 4099 1181 4152 adVenae
1226 4109 1348 4150 sunt
1377 4098 1426 4150 in
1461 4098 1558 4151 hoc
1585 4103 1779 4151 mundo
1805 4138 1820 4160 ,
1863 4109 1917 4151 et

389 4189 572 4246 incolae
592 4190 644 4240 in
671 4197 830 4252 terra,
856 4186 993 4240 sicut
1018 4193 1072 4238 et
1099 4185 1206 4248 ille,
1231 4186 1318 4252 qui
1347 4185 1554 4239 dicebat
1576 4185 1639 4251 ³⁷,
1661 4187 1911 4252 quoniam

2034 3039 2279 3104 superius
2313 3040 2572 3106 diximus,
2620 3045 2958 3107 indicavit.
3006 3055 3283 3125 Namque
3319 3058 3554 3111 senarius
3581 3073 3663 3108 nu-

2029 3140 2228 3190 merus,
2255 3130 2348 3196 qui
2381 3133 2793 3201 multiplicatus
2825 3147 3012 3197 venit
3055 3147 3115 3199 in
3167 3157 3482 3209 sexcentos,
3510 3146 3663 3200 mundi

2028 3215 2184 3282 hujus
2216 3217 2440 3285 figuram
2485 3231 2638 3276 tenet
2674 3229 2775 3293 qui
2821 3231 2885 3283 in
2923 3248 3048 3289 sex
3087 3237 3303 3292 diebus
3329 3240 3522 3292 dicitur
3549 3252 3660 3291 cou—

2026 3312 2343 3358 summatns.
2393 3307 2698 3365 Sexcentos
2729 3328 2886 3383 ergo
2952 3321 3019 3375 in
3080 3334 3287 3379 aratro
3327 3328 3518 3379 dicitur
3558 3339 3660 3392 per-

2024 3393 2256 3446 cussisse
2282 3394 2404 3460 ille,
2438 3399 2527 3464 qui
2561 3413 2662 3466 per
2685 3417 2944 3462 crucem
2992 3411 3239 3469 Domini
3278 3418 3556 3472 cruciﬁxus
3593 3425 3658 3468 est

2024 3481 2240 3534 mundo.

2093 3564 2285 3658 5._Sed
2321 3569 2450 3635 quid
2480 3580 2602 3638 post
2634 3573 2758 3628 hinc
2803 3580 3076 3639 additur
3100 3587 3128 3639 ἲ
3181 3607 3201 3641 ι
3236 3590 3307 3644 Ει
3343 3590 3656 3658 adjecerunt.

2027 3653 2203 3749 inquit
2231 3655 2309 3720 ⁴²ν
2354 3658 2450 3712 tilii
2483 3660 2646 3715 Israel
2677 3663 2888 3724 facere
2924 3677 3273 3747 malignum
3321 3683 3375 3734 in
3403 3653 3655 3749 conspectu

2021 3743 2255 3811 Domini,
2293 3757 2348 3800 ει
2381 3749 2546 3812 Aioth
2579 3766 2856 3810 mortuus
2889 3773 3024 3818 est.
3066 3743 3117 3817 »ἡ
3137 3767 3417 3824 Servatur
3440 3743 3656 3824 nimirum

2019 3834 2070 3886 in
2101 3835 2184 3888 his
2228 3837 2394 3889 etiam
2437 3838 2524 3890 illa
2553 3840 2897 3901 observatio
2920 3890 2939 3914 ,
2982 3870 3179 3922 quam
3207 3860 3269 3913 in
3319 3861 3658 3928 superioribus

2018 3924 2437 4016 designavimus,
2466 3930 2592 3995 quia
2638 3945 2744 3998 pro
2776 3946 3068 4002 peccatis
3103 3949 3308 4016 populi
3343 3924 3562 4006 moritur
3583 3950 3659 4004 bo-

2017 4027 2115 4104 nus
2145 4014 2326 4080 populi
2357 4015 2488 4069 dux.
2524 4016 2668 4072 Cum
2695 4025 2856 4078 enim
2888 4028 3140 4104 indigni
3173 4014 3389 4094 fuerint
3416 4041 3595 4103 eﬂ‘ecti,
3615 4050 3656 4091 ct

2013 4102 2236 4195 fecerint
2267 4105 2566 4195 malignum
2603 4111 2657 4163 in
2708 4102 3064 4187 conSpectu
3105 4127 3338 4185 Domini
3370 4169 3385 4195 ,
3415 4102 3658 4186 auferetur

2014 4191 2078 4288 ab
2104 4191 2524 4288 eis-hoino-Dei.
2545 4197 2681 4288 ‘Sed
2702 4203 2849 4258 dicit
2885 4207 3168 4270 fortasse
3202 4191 3445 4288 populus
3467 4232 3655 4276 noster:

397 4295 416 4328 ι
448 4277 618 4329 incola
665 4290 761 4343 ego
789 4289 908 4328 sum
959 4273 1098 4341 apud
1140 4283 1190 4326 te
1239 4274 1290 4325 in
1341 4283 1479 4326 terra
1507 4282 1561 4326 et
1605 4276 1914 4341 peregrinus
1944 4262 1987 4315 Ῑ)
2017 4277 2238 4344 Quando
2271 4277 2512 4334 Ecclesia
2545 4285 2643 4339 Dei
2674 4290 2800 4346 sine
2827 4262 3658 4382 ίυιιέέῖἐξιῗνέῖῖξιῖιέξνᾷἷῖᾉξ

390 4366 529 4419 sicut
572 4377 755 4416 omnes
782 4372 960 4429 patres
994 4363 1117 4415 mei.
1146 4380 1163 4412 ι
1203 4363 1272 4415 Et
1298 4362 1440 4414 hunc
1487 4376 1612 4429 ergo
1662 4362 1914 4433 Semegar

389 4459 606 4506 sanctus
633 4449 858 4517 Spiritus
885 4451 956 4503 ibi
989 4449 1212 4503 incolam
1249 4448 1394 4512 dicit,
1438 4447 1490 4499 id
1517 4457 1598 4500 est
1630 4449 1733 4501 hic.
1761 4451 1910 4515 Quod

388 4540 528 4595 enim
554 4545 733 4591 sancto
762 4537 979 4607 Spiritui
1007 4537 1096 4604 qui
1122 4537 1174 4589 in
1205 4535 1353 4588 cretis
1383 4544 1462 4588 est
1482 4573 1497 4596 ,
1531 4537 1602 4588 ibi
1631 4545 1731 4599 est,
1764 4539 1914 4592 nobis

392 4629 479 4682 hic
504 4635 603 4680 est.
629 4626 761 4691 Quid
784 4641 910 4696 ergo
936 4626 1132 4679 dicitur
1161 4625 1226 4676 de
1253 4623 1543 4690 Semegar?
1575 4641 1593 4673 ι
1621 4623 1909 4692 Percussit,

391 4716 560 4784 inquit
598 4715 664 4782 ⁸⁸,
695 4715 1000 4785 Allophylos
1031 4715 1082 4766 in
1126 4712 1397 4766 sexcentis
1428 4712 1556 4765 viris
1581 4750 1596 4774 ,
1638 4713 1690 4765 in
1731 4716 1866 4767 stiva
1893 4754 1908 4780 ,

389 4804 472 4858 vel
511 4805 643 4873 pede
689 4805 869 4858 aratri.
898 4822 916 4855 ι
956 4802 1111 4856 Aliud
1143 4814 1309 4866 genus
1354 4796 1526 4852 laudis
1571 4800 1621 4851 in
1655 4802 1910 4871 Semegar

489 4918 533 4949 ³⁸
593 4917 742 4970 Joan.
769 4932 880 4977 xw,
907 4915 960 4968 6.
1020 4913 1062 4944 ³⁸
1087 4911 1263 4964 Matth.
1302 4925 1428 4970 xxv,
1453 4908 1543 4959 21.

387 4987 473 5042 62.
544 4985 588 5016 ⁸⁰
615 4985 711 5038 Gal
740 5000 811 5048 vt,
843 4975 926 5036 Μ.
1000 4981 1041 5011 ⁸¹
1073 4979 1211 5031 Psal.
1240 4992 1344 5040 xei,
1369 4978 1425 5028 7.
1497 4977 1540 5007 δ’
1567 4975 1685 5029 .lud.
1718 4995 1790 5043 tv,
1823 4984 1874 5035 1.

453 5121 562 5187 (57)
592 5117 717 5170 Mss.
753 5135 771 5167 ‹
802 5118 961 5187 viam.
999 5134 1017 5167 ι
1045 5114 1195 5168 Libb.
1227 5114 1378 5187 editi,
1409 5111 1647 5187 ¢_vit;_tttt.
1691 5135 1709 5167 ι

451 5179 560 5256 (58)
594 5186 854 5251 Aioth,qui
879 5185 1242 5253 interpretatur
1269 5181 1406 5235 laus.
1435 5179 1489 5256 lu
1523 5180 1741 5256 Hebraeo
1768 5188 1917 5239 seri--

383 5250 640 5321 ptumest
663 5250 796 5313 117m
816 5289 830 5316 ,
865 5250 1020 5317 quod
1046 5263 1234 5303 nomen
1266 5250 1526 5315 quomodo
1559 5251 1896 5319 interpretari

387 5319 550 5387 possit
584 5319 765 5387 glans,
797 5337 816 5367 ι
851 5335 954 5372 non
979 5323 1150 5373 video.

453 5387 561 5453 (59)
589 5382 753 5456 Eglon
778 5397 1069 5454 tyranuum,
1096 5387 1180 5456 qui
1211 5385 1579 5456 interpretatur
1605 5395 1803 5438 rotatur
1823 5389 1898 5440 vel

386 5447 567 5524 orbita.
690 5447 817 5527 5‘13?-
861 5493 877 5524 ι
907 5447 1180 5542 rotundus,
1218 5494 1235 5526 ι
1265 5447 1355 5526 aut
1377 5453 1510 5540 n53}:
1537 5491 1554 5522 ι
1586 5473 1895 5542 plaustrum,

387 5548 520 5601 tota,
552 5537 738 5588 orbita.
783 5558 800 5589 ι

1634 4911 1676 4998 εἴ
1706 4911 1846 4998 ρὲτιιὶ
1874 4931 2018 4983 cxtx,
2054 4917 2154 4982 l9;
2201 4917 2353 4978 Psal.
2387 4942 2590 4998 χχχιι,
2625 4935 2712 4992 l3.

2016 4366 2313 4457 defecerit,
2351 4369 2493 4425 alter
2527 4378 2861 4438 adhibetur.
2923 4390 3252 4453 Audacter
3303 4366 3546 4457 fortassis
3572 4401 3656 4453 ali-

2014 4455 2142 4552 quid
2190 4455 2449 4524 dicimus,
2479 4469 2677 4552 tamen
2731 4475 2891 4536 quod
2947 4484 3253 4552 scriptum
3297 4500 3387 4544 est
3425 4455 3654 4546 dicimus.

2011 4539 2378 4649 ans—emper
2408 4549 2672 4649 princeps
2703 4563 2905 4628 populi
2950 4580 3015 4623 et
3052 4539 3658 4649 [decle‘siaavper

2017 4628 2109 4682 Dei
2139 4631 2427 4740 arbitrium
2459 4632 2646 4708 datur,
2683 4651 2784 4702 sed
2814 4667 3002 4720 prout
3028 4628 3656 4740 merita—.msira‘dep;

2016 4727 2193 4824 scunt.
2225 4720 2286 4820 Si
2316 4724 2445 4777 mali
2486 4740 2617 4784 sunt
2663 4745 2825 4792 actus
2867 4750 3096 4816 nostri,
3131 4763 3197 4808 et
3229 4720 3656 4824 054311.};

2016 4806 2214 4874 lignum
2246 4809 2305 4863 in
2333 4828 2638 4886 conspectu
2670 4825 2898 4883 Domini
2929 4873 2946 4897 ,
3001 4806 3235 4897 dantur
3262 4806 3426 4902 trtohis
3473 4851 3655 4918 princi-

2791 4938 2836 4970 ³⁸
2862 4939 2997 4997 Jud.
3037 4957 3133 5016 ut,
3169 4954 3273 5010 3i.
3356 4959 3402 4991 ³³
3430 4960 3558 5014 Luc.
3589 4975 3654 5026 txo

2080 5123 2196 5220 $99)
2231 5129 2332 5220 Sjg
2362 5152 2518 5220 utss._
2535 5143 2691 5201 Libri
2720 5159 2903 5205 autem
2929 5154 3128 5220 editt.,
3172 5176 3194 5208 ι
3240 5160 3651 5215 Madianitarum

2265 5203 2601 5290 Medianum
2634 5203 3648 5290 autentinterpretantur

2005 5261 2220 5341 eﬂ‘usio.
2265 5288 2285 5341 ι
2340 5261 2643 5341 Quen-tole

2008 5334 2226 5423 Ροῗῇίιιξι
2243 5339 2453 5423 ﬂuxus
2486 5357 2578 5408 vel
2613 5334 3191 5423 eﬁusioj'n‘ou-vidc;

2691 5289 2939 5344 MOztbiltB
2979 5289 3072 5343 aut
3121 5294 3464 5354 Madianitm
3513 5298 3651 5351 reddi

2016 5481 2034 5514 ε
2070 5403 2203 5521 iga)
2237 5403 3426 5521 ξςιεερςιξςιξρξςξιῖῑέξρνξιῑι·ῑηῖξεῖλαυεηα.
3453 5433 3532 5486 Ει
3567 5441 3652 5492 ευ

2131 5487 2142 5523 l
2173 5491 2190 5523 ι
2247 5489 2305 5533 et
2337 5497 2419 5548 Ἶλ
2452 5512 2473 5542 ι
2509 5487 2742 5554 ιιιίγιξιιςι.
2775 5517 2793 5552 ι
