3806 6254
112 322 180 374 tm
1239 306 1306 360 IN
1340 303 1595 361 LlBRUM
1626 300 1917 360 JUDICUM
1946 300 2223 359 HOMILIA
2257 305 2321 357 γ.

3275 309 3378 364 970

128 449 200 501 με
220 402 567 501 gccundum
605 425 717 466 cor
758 430 1042 482 nostrum.
1074 429 1127 476 et
1167 422 1267 476 hoc
1300 423 1393 476 tibi
1420 422 1484 476 de
1513 421 1747 490 Scriptb-
1776 426 1823 483 Α
1851 419 1929 472 illi
1960 430 2077 488 qua:
2109 417 2415 473 clamaverit
2447 416 2511 470 ad
2567 418 2872 483 Dominum,
2921 419 3207 477 suscitetur
3249 438 3375 493 pro-

152 522 209 571 ᾖς
234 490 530 578 pmbabo.
569 501 727 561 Audi
770 527 1019 584 namque
1047 514 1186 584 quod
1220 514 1473 569 Dominus
1500 514 1632 566 dixit
1660 512 1743 565 ’διε

167 591 472 653 ιιεθειειηιιιι
489 587 605 644 sibi
634 606 865 664 regem,
891 611 947 655 et
973 617 1077 655 non
1101 616 1196 671 per
1225 616 1328 668 me,
1354 609 1405 653 el
1432 600 1743 669 υνίηοὶρεπι»

181 688 339 739 etnon
377 689 480 742 per
510 683 831 741 consilium
861 704 1061 744 meum.
1095 708 1112 741 ι
1151 689 1216 743 Et
1239 692 1338 744 hoc
1367 692 1563 744 dictum
1596 691 1744 745 vide—

194 782 269 824 tur
297 767 353 821 de
376 763 517 820 Sani
552 769 653 824 illo
674 811 691 834 ,
724 789 895 842 quem
929 778 1112 846 utique
1147 780 1258 846 ipse
1288 777 1543 832 Dominus
1575 778 1747 846 elege-

199 873 287 925 rat,
314 864 364 912 ct
397 871 584 927 regem
639 863 766 917 fieri
793 867 1066 934 jusserat:
1110 868 1202 921 sed
1247 867 1496 937 quoniam
1531 882 1632 921 nou
1664 883 1747 920 se-

196 953 416 1006 cundum
444 952 792 1009 voluntatem
826 958 919 1011 Dei
940 999 954 1023 ,
997 964 1088 1012 sed
1124 961 1415 1011 secundum
1450 960 1747 1025 peccatoris

189 1044 356 1114 populi
397 1046 651 1098 meritum
681 1046 862 1100 fuerat
901 1047 1133 1108 electus,
1164 1057 1320 1114 negat
1348 1061 1468 1099 eum
1498 1061 1616 1099 cum
1650 1060 1744 1099 sua

190 1137 470 1190 voluntate
493 1176 509 1201 ,
539 1135 627 1188 vel
659 1136 891 1189 consilio
920 1137 1285 1189 constitutum.
1324 1134 1452 1187 Tale
1495 1150 1620 1202 ergo
1650 1134 1746 1187 ali-

184 1225 304 1292 quid
349 1226 731 1294 intelligamus
760 1226 923 1279 etiam
962 1228 1013 1279 in
1052 1227 1303 1281 Ecclesiis
1331 1225 1465 1288 fieri,
1503 1228 1622 1294 quia
1650 1241 1744 1295 pro

186 1316 401 1367 meritis
431 1314 613 1381 populi
641 1354 656 1376 ,
697 1324 789 1365 aut
818 1317 869 1366 in
896 1317 1059 1368 verbo
1090 1325 1140 1368 ct
1174 1329 1333 1384 Opere
1371 1324 1557 1384 potens
1580 1331 1607 1367 a
1640 1316 1744 1371 Deo

184 1404 451 1457 tribuitur
497 1414 682 1457 rector
707 1404 963 1458 Ecclesiae
990 1444 1005 1467 ,
1054 1415 1146 1457 aut
1175 1406 1219 1459 si
1250 1406 1536 1473 malignum
1587 1404 1744 1459 faciat

183 1494 419 1563 populus
451 1494 507 1545 in
555 1504 845 1560 conspectu
881 1494 1086 1547 Domini
1117 1532 1133 1559 ,
1163 1494 1281 1548 talis
1314 1494 1558 1549 Ecclesiae
1582 1494 1744 1560 judex

179 1588 342 1636 datur
371 1623 389 1645 ,
427 1583 532 1635 sub
563 1597 672 1650 quo
702 1584 895 1634 famem
938 1590 993 1635 et
1042 1584 1185 1636 sitim
1221 1585 1440 1652 pupulus
1475 1584 1739 1652 patiatur,

185 1689 203 1723 ι
234 1687 343 1723 non
378 1670 588 1723 famem
622 1672 777 1737 panis
799 1710 815 1734 ,
849 1686 1018 1738 neque
1045 1672 1184 1724 sitim
1216 1686 1398 1739 aquae,
1424 1674 1514 1726 sed
1548 1673 1740 1727 famem

182 1762 444 1814 audiendi
477 1762 710 1815 verbum
741 1761 952 1814 Domini
981 1761 1045 1813 “.
1077 1780 1096 1812 ι
1131 1762 1203 1815 lta
1229 1777 1354 1832 ergo
1384 1779 1478 1817 nos
1503 1779 1739 1833 agamus,

182 1860 235 1901 et
264 1851 337 1903 ita
374 1863 629 1913 oremus,
667 1863 736 1902 ne
768 1864 999 1917 unquam
1033 1866 1130 1905 nos
1168 1851 1344 1905 divina
1373 1852 1659 1920 indignatio
1690 1854 1740 1906 in

182 1941 330 1993 verbi
363 1940 514 1992 fame
557 1939 881 1993 condemnet
913 1954 975 1992 ac
1001 1939 1124 2002 siti,
1166 1954 1231 1993 ne
1268 1956 1495 2008 unquam
1534 1939 1746 1994 aufera-

186 2038 270 2084 tur
298 2044 327 2080 a
375 2029 562 2092 nobis,
602 2029 696 2096 qui
721 2044 820 2082 nos
849 2029 1007 2082 verbo
1039 2040 1092 2082 et
1120 2043 1279 2096 opere
1302 2030 1547 2091 instruat,
1576 2030 1665 2097 qui
1690 2032 1741 2083 in

185 2118 462 2181 moribus,
497 2128 556 2173 et
584 2120 870 2171 honeState
896 2158 911 2183 ,
942 2119 1029 2187 qui
1060 2120 1329 2187 patientiae
1356 2133 1416 2171 ac
1445 2132 1744 2171 mansuetu-

188 2207 325 2261 dinis
371 2207 686 2275 perfectum
726 2208 790 2261 de
829 2221 886 2261 se
916 2207 1122 2275 populis
1170 2217 1382 2275 praestet
1413 2207 1736 2274 exemplum.

187 2293 319 2347 Nam
338 2296 382 2347 si
402 2310 507 2349 nos
524 2295 821 2347 fecerimus
834 2293 1117 2363 malignum
1135 2294 1183 2347 in
1211 2306 1494 2363 conspecur
1516 2295 1740 2357 Domini,

191 2384 241 2435 id
273 2394 376 2447 est,
402 2385 449 2437 si
478 2384 629 2437 male
653 2383 922 2452 egerimus
952 2420 969 2447 ,
994 2384 1036 2436 si
1069 2382 1400 2436 voluntatem
1432 2392 1664 2437 nostram
1689 2394 1743 2438 et

190 2488 292 2525 non
326 2474 414 2528 Dei
449 2474 696 2527 facimus
717 2514 732 2539 ,
764 2474 987 2527 moritur
1020 2483 1074 2528 et
1110 2473 1264 2527 nobis
1295 2473 1479 2536 Aiotb,
1506 2473 1741 2527 aufertur

191 2569 240 2613 et
272 2561 558 2632 Semegar,
593 2573 649 2616 et
677 2565 991 2616 obscuratur
1022 2562 1135 2616 laus
1168 2571 1370 2624 nostra,
1407 2562 1666 2614 tradimur
1690 2565 1741 2616 in

193 2664 375 2704 manus
398 2652 567 2706 Jabin
602 2652 745 2720 regis
783 2652 1054 2707 Chanaan.
1090 2650 1244 2704 Jabin
1272 2662 1446 2705 autem
1479 2652 1742 2720 interpre-

195 2746 332 2790 tatur
361 2757 552 2793 sensus
587 2741 707 2793 sive
731 2742 1007 2807 prudentia
1037 2739 1166 2809 (6‘2).
1197 2739 1251 2794 Si
1292 2754 1422 2808 ergo
1452 2754 1546 2793 nos
1587 2757 1606 2791 ι
1635 2755 1735 2794 non

191 2830 601 2894 probaverimus
635 2831 798 2883 Deum
845 2832 1039 2884 habere
1067 2833 1119 2884 in
1149 2830 1356 2891 notitia,
1384 2848 1404 2880 ι
1440 2830 1603 2883 tradit
1644 2845 1738 2884 nos

191 2917 325 2972 Deus
356 2938 374 2971 ι
434 2924 496 2976 in
536 2919 831 2988 rcprobum
875 2936 1125 2983 sensum,
1168 2921 1396 2987 repletos
1431 2919 1733 2986 iniquitate,

186 3010 434 3076 nequitia,
475 3011 870 3075 fornicatione,
906 3011 1151 3076 avaritia,
1185 3011 1369 3078 plenos
1396 3010 1610 3071 invidia,
1645 3009 1734 3061 ho-
1761 3028 1802 3085 ρ

181 3097 423 3163 micidiis,
481 3099 865 3162 contentione,
907 3099 1060 3162 dolo,
1109 3109 1512 3163 susurratores,
1560 3098 1736 3151 detra-

173 3199 363 3254 ctores,
400 3193 535 3245 Deo
570 3189 823 3251 odibiles,
856 3191 1292 3253 contumeliosos,
1324 3192 1602 3256 superbos,
1628 3191 1739 3244 ela-

172 3283 273 3341 tos,
300 3280 649 3346 parentibus
681 3293 784 3332 non
820 3279 1151 3342 obedientes,
1194 3280 1587 3354 incompositos,
1623 3280 1738 3332 sine

165 3364 378 3434 ati‘cctu,
416 3373 556 3424 sine
591 3368 952 3421 misericordia
979 3366 1044 3422 ⁸⁸.
1070 3385 1089 3419 ι
1113 3365 1269 3419 Vides
1290 3368 1377 3433 qui
1401 3367 1507 3419 sint
1536 3378 1588 3419 et
1608 3382 1738 3434 qua-

161 3453 235 3509 les
264 3462 356 3524 qui
391 3460 707 3514 traduntur
731 3458 785 3509 iu
816 3455 1095 3523 reprobnm
1124 3472 1359 3519 sensum,
1388 3457 1476 3523 qui
1512 3455 1733 3509 tradun-

164 3554 245 3599 tur
268 3548 443 3603 Jabin
472 3547 712 3616 principi
739 3546 1189 3599 Cbananaeorum.

223 3636 401 3709 468
442 3638 505 3690 4.
553 3656 572 3686 ι
605 3636 671 3689 Ει
714 3636 958 3702 princeps
984 3674 999 3698 ,
1030 3635 1202 3701 inquit
1239 3635 1304 3697 “,
1345 3634 1543 3688 militite
1584 3633 1735 3687 Jahin

162 3738 269 3779 erat
318 3730 559 3790 Sisara,
606 3733 659 3777 et
698 3724 811 3790 ipse
842 3724 1113 3776 habitabat
1145 3722 1199 3774 in
1237 3723 1447 3776 Arisoth
1483 3724 1737 3789 gentium,

164 3822 216 3865 et
240 3824 401 3867 erant
440 3813 499 3866 ei
532 3809 793 3877 nongenti
845 3824 1031 3862 currus
1068 3807 1252 3862 ferrei.
1288 3809 1352 3861 Et
1382 3809 1740 3861 clamavernnt

168 3900 235 3955 ad
264 3903 570 3955 Dominum
610 3899 704 3951 filii
735 3886 919 3975 Israel.
949 3915 967 3947 ι
1004 3896 1173 3948 Etiam
1203 3896 1332 3949 etin
1362 3897 1465 3949 hoc
1493 3897 1739 3950 similiter

176 3992 264 4045 illa
292 4008 464 4060 quam
520 3991 776 4056 superius
831 3989 1243 4058 designavimus,
1293 3990 1594 4042 observatio
1640 4004 1737 4042 cu-

180 4086 438 4142 smditur,
464 4082 593 4148 quia
624 4078 1123 4132 nesciuntclamarc
1148 4078 1212 4130 ad
1243 4078 1516 4130 Dominum
1544 4077 1634 4131 filii
1666 4079 1739 4131 Is-

190 4170 308 4221 raei
340 4170 440 4221 nisi
482 4182 601 4220 cum
645 4165 828 4219 traditi
869 4164 1065 4218 fuerint
1111 4167 1162 4218 in
1209 4180 1396 4218 manus
1431 4164 1627 4229 Jahin,
1657 4164 1738 4218 vel

190 4275 322 4313 cum
372 4258 539 4314 afflicti
570 4273 668 4327 per
709 4257 826 4322 ejus
867 4256 1066 4308 militiae
1109 4254 1401 4322 principem
1450 4253 1684 4307 Sisaram
1716 4291 1730 4315 ,

1846 507 2022 574 phetia
2066 520 2184 574 quae
2230 515 2311 560 est
2360 507 2413 559 in
2446 506 2611 576 figura
2660 508 2950 573 Debborae,
2992 518 3045 564 et
3086 516 3371 568 secundum

1846 595 2138 664 prophetia:
2170 595 2396 663 gratiam
2419 636 2433 661 ,
2466 605 2518 649 et
2550 596 2979 665 intelligentiam,
3013 602 3091 652 vel
3122 600 3373 657 Ecclesia:

1844 685 2064 753 populus
2088 685 2432 752 gubernetur,
2457 685 2538 739 vel
2564 688 2721 739 etiam
2750 701 2938 740 sensus
2962 689 3373 759 uniuscujusque

1844 773 2034 826 mentis
2063 782 2115 825 et
2148 775 2338 826 anima:
2375 784 2606 842 regatur,
2643 790 2736 843 per
2763 774 2942 829 Jcsum
2972 774 3239 831 Christum
3268 778 3368 833 Do-

1844 862 2043 915 minum
2076 873 2315 918 nostrum
2335 907 2350 929 ,
2379 868 2462 920 cui
2493 877 2575 921 est
2602 867 2769 936 gloria
2801 876 2851 921 et
2884 866 3159 936 imperium
3192 869 3245 923 in
3275 884 3372 924 sae-

1844 950 1959 1003 cula
1991 952 2326 1008 saeculorum.
2361 955 2552 1011 Amen.

2422 1063 2696 1118 HOMILIA
2742 1066 2806 1120 ν.

1979 1145 2053 1200 De
2079 1148 2333 1216 Debbora,
2362 1162 2405 1205 et
2438 1152 2667 1217 Barac/1,
2702 1168 2745 1208 et
2768 1155 2940 1223 Jahel,
2965 1166 3010 1211 et
3038 1155 3239 1213 Sisara.

1916 1236 1962 1289 Ι.
2000 1238 2071 1290 De
2096 1241 2474 1306 quaestionibus
2504 1243 2567 1294 ad
2615 1245 2932 1311 quaestiones
2957 1283 2972 1310 ,
2999 1257 3053 1300 et
3085 1248 3150 1301 de
3185 1262 3374 1303 sacra-

1844 1324 2038 1377 mentis
2081 1327 2146 1378 ad
2179 1337 2511 1382 sacramenta
2561 1332 2881 1384 ιτιιιιείιιιιιςε
2917 1341 2970 1387 ει
3017 1348 3135 1387 cum
3180 1337 3263 1389 vix
3309 1352 3373 1393 ac

1842 1409 2120 1490 difﬁculter
2158 1414 2328 1482 prima
2360 1430 2584 1485 qumque
2637 1420 2979 1486 explanamus
3004 1460 3020 1486 ,
3073 1422 3372 1481 difﬁcilibus

1843 1496 2138 1553 difficiliora
2167 1504 2494 1566 succedunt,
2538 1518 2654 1572 qua:
2684 1521 2783 1558 non
2827 1515 2932 1560 tam
2965 1508 3158 1575 ingenii
3188 1512 3371 1568 facun-

1842 1584 1927 1637 dia
1980 1587 2289 1657 indigeant,
2339 1606 2497 1658 quam
2534 1594 2722 1648 divina:
2759 1598 2944 1663 gratia:
2993 1603 3369 1669 aspirationem

1843 1674 2132 1742 requirant.
2186 1675 2312 1732 Sine
2363 1679 2524 1734 dubio
2573 1683 2713 1735 enim
2770 1686 2996 1754 requirit
3045 1691 3369 1756 auditorem,

1841 1765 2087 1829 quoniam
2125 1768 2335 1832 quidem
2382 1773 2643 1823 sententia
2675 1782 2757 1826 est
2783 1777 3003 1843 apostoli
3037 1777 3223 1844 Pauli,
3252 1796 3371 1850 qua

1841 1852 1969 1904 dicit
1992 1852 2074 1906 ‘3:
2117 1872 2135 1904 ι
2159 1853 2344 1910 Omnis
2381 1859 2641 1927 scriptura
2673 1861 2924 1918 divinitus
2952 1868 3203 1935 inspirata
3222 1909 3238 1935 ,
3264 1875 3372 1925 uti-

1840 1943 1907 1996 lis
1940 1955 2023 1997 est
2050 1947 2114 1999 ad
2160 1945 2492 2014 docendum,
2524 1952 2588 2003 ad
2622 1953 2998 2023 increpaudum
3025 1998 3040 2023 ,
3073 1961 3138 2013 ad
3167 1962 3366 2016 doctri-

1841 2048 1960 2085 nam
1983 2048 2100 2100 qtue
2126 2045 2208 2089 est
2240 2038 2290 2089 in
2321 2038 2545 2106 justitia.
2577 2058 2597 2090 ι
2629 2041 2763 2105 Quid
2804 2059 2931 2110 ergo
2957 2047 3145 2102 habeat
3171 2050 3223 2102 in
3249 2065 3368 2106 sese

1840 2122 1937 2173 ista
1965 2121 2256 2189 Scriptura,
2283 2140 2440 2192 quam
2465 2127 2578 2180 sine
2605 2129 2761 2183 dubio
2786 2141 2839 2184 et
2864 2134 3028 2200 ipsam
3054 2135 3364 2202 inspiratam

1839 2208 2087 2262 divinitus
2125 2211 2476 2275 confitemur,
2505 2215 2643 2280 quod
2676 2216 2826 2268 nobis
2860 2218 2925 2269 ad
2951 2218 3248 2273 doctrinam
3278 2234 3368 2276 ce-

1839 2296 1962 2359 dat,
1994 2299 2135 2365 quod
2165 2299 2231 2351 ad
2264 2300 2702 2368 increpationem,
2731 2307 2871 2370 quod
2909 2309 2975 2360 ad
3007 2309 3364 2377 disciplinam.

1838 2385 1977 2451 quod
2023 2388 2088 2438 ad
2129 2385 2430 2451 justitiam,
2491 2388 2793 2458 diligentius
2837 2405 2917 2447 est
2969 2394 3362 2464 inquirendum.

1837 2471 1972 2537 Quid
2002 2475 2141 2526 enim
2180 2476 2332 2529 nobis
2363 2490 2429 2530 ex
2463 2476 2562 2532 hoc
2595 2481 2888 2544 confertur,
2925 2484 2967 2537 si
3002 2484 3236 2552 legamus
3265 2487 3367 2542 hoc

1837 2563 1973 2626 quod
1999 2562 2271 2614 recitatum
2293 2572 2395 2627 est,
2420 2564 2468 2615 id
2499 2574 2597 2630 est,
2621 2569 2757 2631 quod
2783 2586 2807 2618 ι
2827 2570 3085 2636 Dehbora,
3112 2574 3278 2642 inquit
3297 2577 3363 2639 δ’,

1837 2649 2026 2700 mulier
2055 2651 2412 2718 prophetissa,
2447 2667 2583 2706 uxor
2605 2654 2923 2723 Laphidoth,
2954 2659 3060 2727 ipsa
3091 2662 3364 2730 iudicabat

1835 2737 1994 2788 Israel
2029 2737 2114 2790 illo
2150 2749 2408 2807 tempore,
2438 2751 2489 2794 et
2535 2742 2666 2809 ipsa,
2704 2745 2897 2811 inquit,
2936 2748 3172 2803 Dehbora
3204 2756 3361 2807 sede-

1836 2824 1922 2873 bat
1956 2825 2054 2875 sub
2097 2824 2269 2892 palma
2318 2827 2712 2883 intermediqu
2764 2832 2952 2899 liama,
2986 2848 3041 2890 et
3077 2838 3214 2894 inter
3257 2858 3368 2897 me-

1833 2911 1973 2963 dium
2007 2911 2208 2979 Bethel,
2241 2915 2290 2967 in
2333 2923 2509 2969 monte
2550 2918 2797 2986 Ephrem,
2828 2930 2881 2974 et
2914 2926 3271 2981 ascendebant
3298 2933 3363 2983 ad

1835 3015 1949 3054 eam
1980 3001 2069 3055 filii
2093 3003 2271 3065 Israel,
2302 3014 2358 3057 ut
2392 3005 2790 3070 judicarentur?
2812 3028 2828 3059 ι
2866 3010 2996 3064 Tum
3022 3014 3212 3069 deinde
3239 3019 3365 3085 quid

1837 3091 1987 3145 nobis
2024 3093 2337 3148 eruditionis
2363 3133 2378 3158 ,
2428 3105 2521 3147 aut
2570 3096 2827 3151 doctrinae
2856 3138 2871 3162 ,
2909 3110 2998 3152 aut
3040 3102 3256 3168 justitia:
3301 3122 3362 3161 ea

1835 3180 2114 3233 conferunt
2154 3196 2271 3249 qua:
2301 3192 2596 3251 sequuntur
2619 3224 2635 3248 ,
2680 3185 2759 3238 vel
2811 3188 2876 3240 de
2913 3186 3148 3253 Barach,
3187 3195 3269 3247 vel
3299 3196 3366 3250 de

1834 3267 2005 3330 Jabel,
2034 3268 2113 3321 vel
2144 3270 2303 3323 etiam
2336 3271 2400 3324 de
2434 3271 2613 3324 Sisara
2650 3274 2783 3328 duce
2812 3276 3008 3330 militia:
3034 3275 3228 3331 Jabin?

1900 3355 1955 3408 2.
1990 3355 2271 3409 Videamus
2306 3371 2433 3425 ergo
2460 3372 2525 3411 ne
2554 3359 2687 3412 forte
2721 3374 2816 3426 per
2862 3364 2973 3416 lucc
3011 3362 3230 3433 dignum
3259 3369 3361 3421 ali-

1834 3447 1958 3514 quid
1986 3446 2118 3500 sicut
2147 3457 2199 3500 et
2222 3446 2510 3514 Scripturis
2544 3451 2771 3514 caeteris,
2803 3451 2868 3504 de
2895 3458 3246 3510 sacramentis
3274 3473 3359 3512 se—

1836 3535 2153 3588 cretioribus
2186 3536 2492 3588 doceamur.
2524 3535 2704 3592 Primo
2730 3538 2828 3593 hoc
2856 3539 3050 3607 ipsum,
3075 3545 3215 3611 quod
3240 3559 3359 3600 cum

1836 3622 2044 3690 plurimi
2072 3622 2278 3689 jndices
2308 3623 2408 3677 viri
2450 3623 2500 3676 in
2537 3624 2697 3678 lsrael
2729 3624 2894 3681 fuisse
2933 3628 3268 3697 referuntur,
3296 3633 3364 3687 de

1836 3710 1977 3762 nullo
2009 3709 2221 3763 illorum
2257 3711 2471 3778 dicitur,
2504 3713 2625 3779 quia
2658 3715 2914 3783 propheta
2946 3716 3139 3783 fuerit,
3169 3720 3266 3774 nisi
3297 3722 3363 3776 de

1835 3797 2073 3852 Debbora
2111 3798 2352 3852 muliere.
2389 3800 2613 3855 Praestat
2641 3803 2770 3856 etin
2813 3805 2912 3858 hoc
2941 3822 3041 3859 non
3086 3809 3360 3864 minimam

1832 3887 2248 3941 consolationem
2278 3889 2558 3943 mulierum
2608 3890 2756 3944 sexui
2805 3894 2964 3945 etiam
2997 3896 3163 3961 prima
3199 3896 3363 3966 ipsius

1834 3979 2026 4033 litterae
2054 3978 2217 4035 facies
2237 4020 2252 4045 ,
2300 3990 2354 4035 et
2383 3992 2636 4049 provocat
2682 3999 2771 4038 eas
2803 3988 2877 4039 uti
2908 4002 3238 4057 nequaquam
3265 4007 3363 4062 pro

1834 4072 2140 4126 infirmitate
2159 4087 2320 4127 sexus
2352 4073 2635 4141 desperent
2669 4077 2827 4128 etiam
2865 4080 3152 4146 pr0phetia:
3176 4083 3361 4150 gratis:

1834 4176 2053 4231 capaces
2089 4176 2148 4216 se
2186 4164 2297 4217 tieri
2332 4178 2504 4231 posse,
2537 4166 2629 4219 sed
2681 4167 3012 4236 intelligant,
3048 4180 3100 4223 et
3142 4174 3362 4227 credant

1832 4250 1971 4316 quod
2015 4257 2246 4303 meretur
2279 4252 2417 4304 hanc
2466 4254 2695 4320 gratiam
2743 4257 2948 4323 puritas
2982 4260 3208 4323 mentis,
3254 4276 3357 4314 non

201 4364 222 4397 ι
249 4348 343 4399 cui
372 4358 532 4410 erant.
561 4348 750 4415 inquit.
780 4344 1030 4412 nongenti
1062 4357 1255 4396 currus
1283 4340 1464 4406 ferrei,
1495 4359 1513 4390 ι
1541 4341 1731 4407 quibus
1762 4329 1805 4381 Ι)
1834 4338 2113 4392 diversitas
2140 4353 2319 4391 sexus.
2350 4340 2453 4393 Sed
2486 4340 2757 4395 videamus
2786 4346 2913 4410 quid
2941 4346 3101 4399 etiam
3145 4349 3359 4401 interio-

193 4436 412 4489 scilicet
450 4437 772 4511 aflligeretur
813 4433 1035 4502 papulas
1066 4432 1212 4484 durae
1258 4430 1501 4483 cervicis.
1549 4430 1728 4482 Sisara

190 4539 389 4582 autem
428 4532 805 4600 interpretatur
850 4531 975 4583 visio
1005 4528 1121 4596 equi
1151 4525 1281 4596 (63).
1334 4524 1438 4579 lste
1473 4535 1553 4577 est
1588 4525 1728 4578 enim

186 4615 487 4682 animalis,
520 4636 619 4673 non
650 4616 928 4687 spiritalis,
957 4617 1048 4684 qui
1089 4630 1195 4668 non
1226 4614 1365 4667 videt
1392 4613 1493 4666 nisi
1526 4626 1586 4664 ea
1613 4627 1731 4681 quae

188 4704 450 4760 animalis
473 4719 612 4763 sunt.
635 4710 752 4775 ipse
775 4716 861 4761 est
887 4705 1003 4772 ejus
1026 4705 1180 4767 visio,
1208 4705 1549 4772 ipse-semper
1570 4703 1730 4755 intui-

186 4800 307 4846 tus.
347 4792 415 4845 Et
446 4798 559 4851 ideo
586 4814 793 4867 semper
845 4795 1093 4849 animalis
1139 4797 1296 4849 homo
1319 4831 1335 4859 ,
1366 4802 1420 4847 et
1455 4793 1501 4847 is
1534 4794 1621 4862 qui
1651 4807 1735 4846 se-

187 4882 439 4936 cundum
463 4902 674 4942 carnem
703 4898 807 4951 est,
832 4887 1174 4955 persequitur
1194 4899 1313 4938 eum
1334 4883 1421 4951 qui
1444 4883 1732 4936 secundum

184 4970 455 5038 spiritum
484 4985 585 5038 est,
622 4979 794 5030 donec
825 4977 1083 5043 spiritalis
1110 4974 1399 5041 intelligat,
1438 4980 1494 5025 et
1533 4971 1730 5024 exami-

186 5067 291 5110 net
316 5061 500 5113 omnia
527 5064 647 5125 ",et
675 5066 937 5133 intelligat
965 5065 1109 5118 unde
1134 5065 1232 5117 sibi
1263 5063 1333 5117 sit
1358 5059 1607 5113 auxilium
1641 5060 1733 5112 de-

184 5152 530 5205 noscendum
551 5193 566 5216 ,
595 5164 647 5206 et
679 5155 873 5207 clamet
901 5155 963 5205 ad
994 5154 1269 5207 Dominum
1298 5167 1311 5202 :
1348 5152 1515 5203 donec
1540 5149 1730 5203 anima:

262 5240 319 5269 ⁸³
353 5243 479 5294 Use.
533 5257 649 5300 vni.
685 5243 738 5295 4.
851 5242 895 5274 ⁸⁸
921 5245 1078 5296 Amos
1108 5257 1226 5303 vm,
1273 5241 1353 5294 ll.

1460 5237 1507 5269 ⁸³
1546 5237 1699 5290 Rom.
1726 5251 1739 5289 ι
1769 5276 1783 5299 ,

1837 4428 1910 4479 ris
1958 4426 2316 4494 intelligentia:
2365 4426 2592 4494 respirat
2637 4444 2909 4482 arcanum.
2959 4431 3197 4487 Dehbura
3249 4438 3359 4503 apis

1836 4519 2211 4584 interpretatur
2239 4516 2353 4570 sive
2399 4518 2601 4586 loquela
2629 4517 2761 4587 (64).
2795 4519 2898 4573 Sed
2942 4522 3050 4589 jam
3094 4532 3147 4577 et
3180 4525 3231 4577 in
3272 4539 3363 4579 Stt-

1834 4605 2126 4673 perioribus
2150 4605 2377 4659 diximus
2410 4607 2551 4674 quod
2580 4605 2817 4660 Debbora
2845 4609 2894 4660 in
2929 4610 3216 4678 prophetia:
3250 4612 3359 4665 for-

1833 4712 1917 4748 ma
1952 4695 2254 4763 accipienda
2288 4696 2391 4758 sit,
2432 4710 2551 4763 quae
2578 4706 2655 4751 est
2688 4699 2820 4767 apis.
2860 4700 3078 4755 Certum
3130 4716 3359 4769 namque

1831 4793 1912 4839 est
1948 4787 2085 4852 quod
2114 4785 2285 4839 omnis
2312 4785 2591 4853 prophetia
2622 4800 2811 4841 suaves
2839 4788 3078 4841 caelestis
3107 4789 3358 4843 doctrina:

1836 4875 1980 4925 favos
2007 4910 2021 4935 ,
2058 4880 2112 4925 et
2155 4871 2555 4938 dulciadivini
2605 4872 2795 4942 eloquii
2848 4874 3001 4926 mella
3049 4885 3357 4943 componat.

1833 4962 1982 5017 Unde
2029 4972 2082 5014 et
2116 4960 2277 5013 David
2313 4963 2536 5014 canebat
2570 4962 2753 5017 dicens
2800 4962 2877 5015 '°:
2915 4979 2934 5012 ι
2970 4962 3140 5025 Quam
3184 4962 3357 5014 dulcia

1830 5053 2067 5107 faucibus
2097 5051 2229 5105 meis
2265 5050 2474 5118 eloquia
2507 5060 2623 5116 tua,
2664 5066 2824 5119 super
2855 5049 2956 5101 mel
2986 5058 3041 5100 et
3071 5050 3248 5099 favum
3277 5050 3356 5100 ori

1832 5156 1967 5196 meo.
1994 5160 2012 5192 ι
2046 5141 2111 5194 Ει
2136 5140 2325 5193 iterum
2349 5138 2472 5191 alibi
2498 5138 2622 5191 dicit
2648 5136 2712 5201 ⁸¹,
2735 5135 2930 5202 judicia
2960 5132 3050 5184 Dei
3082 5148 3103 5179 ε
3130 5132 3358 5197 pretiosa

1831 5233 2023 5288 28-1“.
2120 5230 2166 5260 “
2209 5227 2328 5281 Jud.
2383 5242 2456 5290 ιν,
2503 5225 2557 5291 ‘2,
2611 5223 2663 5276 5.
2800 5219 2846 5250 δ”
2900 5217 2920 5267 ι
2965 5216 3093 5266 Cor.
3154 5228 3212 5276 ιι⁹
3273 5214 3363 5266 15.

184 5305 238 5335 ⁸⁸
262 5306 309 5357 ll
344 5304 488 5360 Tim.
518 5325 591 5371 In,
611 5296 693 5361 l6.
765 5309 808 5340 δ’
835 5308 952 5363 Jud.
982 5327 1056 5375 ιν,
1084 5311 1136 5376 4,
1171 5296 1222 5364 5ξ
1295 5310 1339 5341 ⁸⁸
1368 5306 1511 5359 ΡετιΙο
1541 5306 1736 5367 ϐιικοκί

1908 5302 1949 5333 ⁸⁸
1972 5299 2110 5353 Psal.
2137 5312 2248 5360 XIX,
2280 5296 2366 5347 11.

266 5398 404 5470 (62)
443 5399 589 5452 Jabin
617 5414 785 5455 autem
829 5404 1196 5470 interpretatur
1225 5415 1399 5454 sensus
1445 5398 1548 5449 sive
1592 5411 1722 5462 pru-

184 5467 423 5520 dentia.
455 5470 489 5518 A
520 5478 605 5550 pa.
628 5487 646 5519 ι
680 5467 983 5535 intelligere,
1019 5472 1228 5523 sentire.
1259 5488 1277 5519 ι

270 5554 412 5620 (63)
436 5552 603 5606 Sisara
632 5564 798 5604 autem
834 5553 1188 5607 interpretatur
1223 5555 1343 5609 visio
1368 5551 1508 5615 equi.
1536 5551 1572 5603 A
1606 5561 1727 5612 nm

565 5648 824 5703 ΡΔτιιοι..
866 5645 974 5705 Gn.
1019 5647 1147 5708 XII.

1832 5413 1851 5446 ι
1885 5394 2018 5447 vidit
2039 5410 2058 5442 ι
2091 5402 2146 5442 et
2176 5397 2276 5447 om
2320 5404 2339 5436 ι
2366 5399 2549 5452 equus.
2579 5400 2598 5433 ι

1899 5482 2006 5553 (64)
2041 5478 2275 5553 Delibera
2296 5449 2948 5553 apisdpferptl‘etat‘ut‘f‘iIﬁ
2976 5451 3215 5553 loquela.
3251 5449 3409 5519 Διηεν

1832 5566 1861 5605 8
2102 5548 2309 5619 loquela
2332 5532 2366 5596 Va
2417 5549 2526 5595 '12'1
2562 5532 2586 5585 ι’
2623 5537 2829 5589 locutus
2857 5532 3032 5666 est};
