3806 6250
768 889 904 953 quia
939 909 1070 952 eum
1109 904 1381 970 plenitudo
1428 915 1661 979 gentium
1691 920 1877 973 subin-

304 962 548 1031 tro'ter'tt,
578 972 708 1025 tunc
738 979 923 1036 omnis
972 984 1140 1043 Israel
1186 995 1364 1051 salvus
1402 999 1491 1055 lict
1518 1003 1582 1054 “.
1635 1005 1719 1061 Fit
1748 1022 1876 1077 ergo

1704 1058 1714 1061 _
1756 1058 1871 1077 μυ-

298 1058 533 1123 quidem
568 1061 903 1130 primatusin
932 1089 1096 1131 manu
1132 1084 1366 1140 mulieris
1395 1089 1725 1161 alienigena,
1769 1112 1871 1153 non

298 1151 498 1199 tamen
532 1149 841 1210 excluditur
871 1173 900 1210 a
930 1167 1206 1220 consortio
1233 1169 1411 1236 gloria
1440 1175 1600 1229 etiam
1632 1177 1831 1233 Baraclt
1854 1219 1869 1244 ,

281 1235 393 1299 qui
428 1237 590 1303 prior
619 1243 835 1309 quidem
868 1262 1128 1319 caperet,
1157 1259 1248 1311 sed
1278 1262 1598 1319 novissimus
1626 1271 1871 1334 pervenit

277 1324 364 1375 ad
396 1324 599 1382 linem.
660 1330 772 1386 Imo
803 1335 925 1390 dum
956 1340 1044 1394 ille
1077 1347 1341 1413 pervenit,
1389 1350 1541 1406 Jahel
1574 1355 1865 1426 alienigena

262 1424 735 1481 praetereuntem
762 1427 1153 1492 quodammodo
1182 1435 1456 1493 victoriam
1481 1444 1638 1511 rapit.
1668 1446 1863 1500 Eadem

260 1498 475 1555 forma
513 1512 802 1572 praeessit
833 1516 995 1569 etiam
1042 1518 1093 1573 in
1135 1521 1273 1575 Esau
1316 1535 1369 1580 et
1399 1528 1562 1584 Jacob
1588 1532 1859 1589 fratribus.

258 1590 436 1643 Dum
474 1595 635 1648 enim
664 1596 809 1652 Esau
834 1612 1069 1660 sectatur
1091 1614 1343 1678 agrestia,
1384 1617 1506 1670 dum
1536 1631 1774 1675 moratur
1807 1625 1859 1676 in

261 1679 569 1745 saltibus,
604 1690 942 1751 praveniens
965 1694 1148 1762 Jacob,
1178 1709 1229 1754 et
1253 1704 1486 1761 mulieris
1512 1711 1773 1775 consiliis,
1804 1712 1854 1765 id

228 1856 562 1913 dictionis
584 1861 861 1927 primatus
891 1873 1115 1940 accepit.
1141 1875 1230 1930 Sic
1261 1890 1313 1933 et
1339 1883 1388 1935 in
1422 1883 1706 1956 Evangelio
1728 1909 1851 1960 per-

236 1956 449 2010 gente
497 1949 737 2007 Domino
764 1957 832 2009 ad
881 1957 1044 2013 tiliam
1076 1965 1333 2035 principis
1368 1949 1651 2045 synagoga
1679 1949 1850 2038 susci-

236 2029 556 2101 taridam,
611 2046 951 2108 pravenicns
997 2051 1188 2105 mulier
1235 2070 1351 2123 qua
1393 2058 1530 2114 ﬂuxu
1576 2071 1847 2135 sanguinis

227 2120 599 2191 laborabat,
654 2129 802 2187 fideli
856 2143 994 2189 tactu
1046 2139 1193 2206 prior
1248 2120 1589 2216 consequitur
1642 2159 1847 2215 sanita-

227 2216 414 2265 lem.

319 2299 403 2353 6-
446 2302 611 2367 Quod
644 2308 692 2361 si
730 2311 894 2365 etiam
927 2313 1049 2370 inde
1075 2323 1445 2388 requirendum
1469 2328 1666 2397 aliquid
1698 2334 1844 2390 vide-

226 2393 353 2441 tur
384 2405 424 2442 ει
455 2393 820 2462 diligentibus
847 2404 1201 2472 auditoribus,
1234 2415 1376 2478 quod
1428 2393 1708 2475 lacte—eum
1745 2440 1840 2493 po-

222 2485 424 2533 tasse
454 2480 693 2551 dicitur,
731 2500 852 2541 cum
886 2490 974 2544 ille
1022 2507 1212 2562 aquam
1248 2504 1600 2570 poposcisset,
1653 2512 1836 2568 videa-

224 2581 393 2621 mus
432 2586 505 2625 ne
558 2571 708 2628 forte
760 2580 1054 2634 secundum
1093 2588 1344 2654 mysticas
1395 2593 1475 2645 vel
1525 2596 1835 2666 allegoricas

224 2654 396 2724 legis
448 2659 982 2733 interpretationes,
1038 2671 1140 2724 tale
1169 2675 1366 2742 aliquid
1430 2681 1588 2736 etiam
1629 2688 1694 2740 de
1736 2689 1833 2744 hoc

227 2749 430 2813 possit
463 2753 717 2806 ostendi.
748 2753 928 2811 Laetis
962 2760 1110 2815 cibus
1135 2776 1254 2817 esse
1284 2765 1481 2823 dicitur
1514 2772 1566 2825 in
1601 2772 1832 2842 Scriptu-

226 2836 321 2889 ris
354 2840 581 2894 sanctis
622 2841 695 2905 θ’,
731 2843 903 2911 prima
947 2847 1059 2901 hac
1111 2854 1329 2906 moralis
1362 2856 1662 2925 institutio,
1710 2880 1829 2931 qua

225 2923 664 2993 incipientibus
725 2932 872 2986 velut
915 2936 1160 3025 parvulis
1235 2944 1483 2997 traditur.
1529 2947 1643 3003 Non
1683 2954 1822 3007 enim

229 3017 289 3068 in
327 3018 513 3073 initiis
539 3021 742 3073 statim
779 3022 1060 3092 discipulis
1094 3017 1160 3081 de
1187 3033 1459 3098 profundis
1492 3046 1543 3091 et
1572 3045 1823 3129 secretio-
1849 3073 1889 3129 ο

229 3106 396 3129 ,ε.,,,,
423 3117 501 3129 .__
525 3110 627 3129 ,η
825 3127 837 3129 -
859 3122 896 3129 .-

226 3106 398 3159 ribus
422 3110 772 3164 tradendum
816 3122 900 3167 est
932 3121 1304 3185 sacramentis,
1344 3127 1435 3179 sed
1469 3123 1675 3185 morum
1704 3149 1823 3189 cor-

227 3196 448 3261 reptio,
485 3200 825 3254 emendatio
870 3202 1182 3274 disciplina,
1220 3212 1479 3281 religiosa
1531 3232 1821 3278 conversa-

224 3281 420 3351 tionis,
443 3296 506 3340 et
541 3287 822 3354 simplicis
851 3290 968 3345 fidei
1004 3296 1176 3362 prima
1203 3300 1282 3355 eis
1307 3302 1568 3359 elementa
1601 3312 1820 3366 tradun-

227 3380 343 3427 tur.
389 3376 543 3431 Istud
586 3387 678 3431 est
707 3378 1095 3449 Ecclesialac,
1131 3387 1241 3444 hac
1287 3392 1664 3461 incipientibus
1701 3417 1820 3470 par-

224 3464 471 3520 vulorum
513 3468 710 3535 prima
735 3479 863 3523 sunt
898 3472 1184 3532 elementa.
1244 3479 1348 3536 Sed
1403 3485 1505 3539 iste
1558 3488 1708 3544 cibus
1749 3495 1814 3547 iis

218 3549 390 3621 470
407 3557 661 3624 quidem
703 3559 795 3624 qui
823 3560 891 3612 ad
921 3562 1114 3616 bonum
1142 3569 1454 3633 proﬁciendi
1484 3581 1814 3645 propositum

216 3656 433 3708 gerunt,
473 3644 671 3697 vitam
730 3647 917 3700 tribttit
954 3657 1009 3703 et
1053 3654 1277 3709 salutem
1312 3674 1325 3710 :
1356 3659 1420 3713 iis
1452 3644 1593 3717 vero,
1624 3671 1814 3734 quibus

214 3734 505 3786 contraria
570 3732 820 3801 placent,
853 3736 1047 3803 quibus
1082 3742 1314 3809 luxuria,
1338 3747 1522 3815 libido,
1565 3759 1809 3823 avaritia,

213 3828 271 3870 et
322 3823 516 3875 omnis
584 3822 845 3889 impietas
892 3828 1045 3880 cordi
1090 3840 1193 3893 est,
1225 3833 1521 3900 hujusmodi
1571 3842 1809 3900 doctrina

214 3922 401 3963 necem
424 3921 495 3964 et
536 3910 839 3963 interitum
876 3922 1111 3979 praestat.
1142 3917 1233 3972 Sic
1253 3936 1382 3991 ergo
1421 3927 1500 3990 ﬁt,
1528 3938 1581 3980 ut
1611 3944 1674 3984 ex
1703 3934 1803 3995 his,

209 4005 378 4064 atque
401 4000 627 4054 iisdem
662 3998 803 4052 cibis
826 4000 1019 4066 quibus
1046 4003 1263 4060 aluntur
1301 4011 1446 4076 boni,
1480 4014 1806 4073 sull'ocentur

208 4087 378 4152 mali;
419 4098 485 4144 et
556 4089 618 4141 in
660 4104 769 4157 quo
799 4090 902 4158 piis
939 4091 1045 4145 vita
1090 4105 1193 4160 est,
1228 4097 1297 4151 ibi
1326 4102 1395 4153 sit
1427 4103 1602 4173 impiis
1636 4125 1798 4166 mors.

207 4173 458 4247 Denique
499 4187 573 4231 ut
595 4178 852 4245 exemplo
888 4193 973 4232 res
1001 4195 1159 4248 quam
1190 4186 1413 4245 dicimus
1445 4194 1655 4259 planior
1688 4200 1798 4267 ﬁat,

209 4280 232 4314 ι
261 4266 455 4322 vinum
485 4286 511 4320 ι
586 4280 760 4321 sanos
813 4278 869 4322 et
920 4276 1198 4328 commode
1237 4276 1488 4344 degentes
1528 4284 1708 4355 juvat,
1745 4300 1798 4344 et

204 4353 354 4408 sicut
400 4355 726 4424 Scriptura
757 4356 890 4409 dicit
915 4358 982 4423 ⁸³,
1033 4377 1052 4411 ι
1081 4376 1177 4415 cor
1220 4365 1446 4423 hontinis
1474 4390 1492 4423 ι
1541 4353 1798 4432 duntaxat
1826 4354 1875 4414 θ

207 4456 228 4489 ι
255 4441 555 4508 ιωιίίῑοαι,
589 4461 610 4494 ι
666 4443 1101 4502 febricitantibus
1156 4467 1305 4516 vero,
1340 4458 1383 4510 si
1433 4466 1791 4533 sumpserint,

201 4533 519 4597 perniciem
580 4531 843 4586 continuo
891 4546 944 4589 ct
979 4538 1256 4594 interitum
1315 4547 1469 4612 parit.
1523 4551 1599 4605 Ita
1626 4555 1685 4609 iit
1734 4569 1790 4612 ut

199 4619 389 4671 eadem
424 4633 533 4673 res
568 4619 765 4672 eodem
794 4622 947 4676 modo
980 4637 1217 4694 sumpta,
1248 4632 1337 4683 uni
1372 4634 1579 4700 quidem
1605 4634 1788 4710 vitam‘,

197 4706 294 4760 alii
329 4719 532 4763 autem
560 4707 818 4765 conferat
843 4725 1087 4770 mortem.
1117 4719 1210 4771 Sic
1238 4730 1363 4787 ergo
1386 4721 1785 4792 intelligendum

195 4805 282 4850 est
315 4807 373 4851 et
391 4799 666 4855 Sisaram
699 4800 857 4854 istum
888 4806 1179 4859 animalem
1212 4807 1511 4876 hominem,
1547 4824 1599 4867 et
1631 4818 1783 4870 vitio—

202 4899 324 4940 rum
354 4890 696 4956 principem,
723 4904 818 4958 per
837 4892 1139 4946 doctrinam
1167 4893 1438 4960 Ecclesiae,
1475 4915 1636 4968 quam
1672 4921 1777 4960 non

198 4988 270 5029 es
314 4976 427 5031 ﬁde
469 4978 754 5045 suscepit,
797 4982 1144 5035 exstinctum.
1206 4981 1310 5036 Sed
1357 4993 1407 5038 et
1456 5002 1785 5061 unaquaque

198 5066 390 5118 anima
432 5067 575 5119 satis
605 5075 727 5134 agat
756 5066 890 5121 lacte
918 5068 1246 5136 evangelica
1292 5079 1443 5140 atque
1483 5083 1780 5144 apostolico

195 5152 388 5219 sopire
414 5154 470 5206 in
489 5154 785 5221 semetipso
802 5165 855 5209 et
878 5157 1243 5222 exstinguere
1275 5157 1525 5217 Sisaram.
1551 5166 1610 5220 Si
1634 5173 1778 5226 enim

196 5252 295 5305 per
328 5241 455 5294 hac
483 5239 715 5295 edoctus
761 5245 878 5312 quis
925 5241 1356 5302 mortificaverit
1401 5255 1644 5309 membra
1685 5275 1778 5314 sua

193 5343 318 5395 qua
348 5339 486 5384 sunt
528 5345 692 5397 super
733 5342 940 5395 terram,
983 5333 1308 5401 avaritiam,
1340 5337 1776 5414 fornicationem,

265 5418 307 5448 ⁶¹
340 5418 516 5470 Rom.
548 5432 626 5481 ιιι,
655 5418 738 5472 26.
827 5422 867 5453 “
892 5421 915 5474 ι
938 5420 1065 5475 Cor.
1098 5433 1196 5483 tu,
1221 5421 1279 5475 2.
1367 5428 1408 5459 ⁸³
1428 5429 1570 5489 Psal.
1605 5449 1720 5503 CIV,
1763 5442 1847 5498 l5.

194 5483 238 5516 "
265 5483 401 5537 Jttd.
429 5500 484 5544 v.
520 5485 580 5537 2.

261 5572 380 5642 (70)
427 5570 560 5625 Mss.
597 5590 613 5621 ι
646 5571 782 5628 Tunc
805 5573 973 5639 Jabel,
1005 5571 1067 5625 id
1105 5578 1197 5625 est
1233 5574 1485 5637 Ecclesia.
1519 5604 1539 5638 ι
1569 5588 1738 5647 Libb.
1771 5601 1924 5668 editi,

1395 347 1464 403 IN
1494 350 1750 411 LIBRUM
1776 359 2073 419 JUDICUM
2109 364 2401 422 HOMILIA
2434 368 2513 425 VI.

1818 657 1887 711 ie-
1984 670 2085 712 non
2117 660 2284 714 solum
2315 662 2368 715 in
2398 679 2620 732 persona
2648 672 2896 734 Ecclesia
2919 696 3294 758 consummari,

3418 410 3526 466 9⁵14

2778 500 3060 570 Apostolus
3113 525 3396 575 enumerat
3454 526 3526 587 “,

2826 566 2840 570 '
3128 566 3135 567 ί
3152 566 3257 570 """
3283 566 3396 575 ""'
3511 566 3526 587 ο

1987 566 2224 624 Sisaram
2248 573 2301 626 in
2333 577 2616 647 semetipso
2643 586 2910 645 videbitur
2937 603 3228 663 peremisse
3251 644 3267 668 ,
3311 618 3370 664 ut
3408 613 3523 668 [me
3585 671 3594 681 '

1987 670 2083 681 η---
2120 660 2279 681 --1--.η
2315 662 2363 681 ΞΛ
2402 679 2418 681 ᾉ
2650 672 2687 681 ...
2756 677 2768 681 -
2839 679 2847 681 -

3325 713 3514 756 verum

1981 742 2138 797 etiam
2170 752 2536 821 unusquisque
2570 757 2621 810 in
2656 773 2750 814 sua
2777 766 2954 821 anima
2986 779 3232 833 ostendat
3256 780 3465 851 impleri
3495 802 3515 843 :

1978 832 2141 898 quia,
2185 836 2323 891 sicut
2359 842 2604 911 diximus,
2670 861 2875 918 captus
2924 869 3006 913 est
3059 864 3273 930 quidem
3325 832 3510 931 Sisara

1977 918 2226 979 insectari
2250 942 2279 979 a
2312 932 2502 998 populo
2530 937 2717 1004 priori,
2745 941 3097 1016 interemptus
3125 967 3302 1012 autem
3334 977 3364 1015 a
3391 980 3511 1019 mu-

1976 1005 2103 1061 liere
2124 1024 2184 1066 ac
2214 1012 2452 1071 Ecclesia
2489 1025 2722 1088 gentium
2744 1065 2759 1089 ,
2793 1038 2846 1084 et
2877 1033 2927 1085 in
2954 1005 3109 1093 manu
3139 1042 3251 1110 ejus
3272 1047 3393 1103 data
3425 1061 3512 1107 est

1978 1096 2149 1161 palma
2188 1103 2445 1163 victoria.
2474 1110 2526 1163 In
2556 1123 3014 1181 consummatione
3041 1134 3301 1200 omnium,
3328 1139 3379 1193 id
3425 1153 3510 1197 est

1973 1181 2023 1235 iu
2047 1184 2148 1240 line
2174 1193 2369 1257 saculi,
2403 1197 2559 1253 etiam
2604 1207 2867 1260 canticum
2915 1213 3137 1272 Domino
3190 1227 3501 1285 cantabitur

1969 1284 2062 1335 per
2110 1275 2420 1347 Debboram,
2472 1286 2522 1340 in
2563 1306 2667 1359 quo
2710 1295 2967 1362 primatus
3021 1309 3231 1374 quidem
3277 1275 3501 1374 dabitur

1965 1357 2113 1414 Jahel
2147 1365 2398 1425 Ecclesia
2434 1381 2666 1443 gentium
2702 1397 2716 1433 :
2752 1400 2848 1440 nec
2883 1398 3053 1448 tamen
3093 1397 3351 1458 Debbora
3379 1407 3499 1465 laus

1965 1449 2207 1507 silebitur
2234 1472 2246 1507 :
2283 1463 2374 1513 sed
2404 1474 2455 1517 et
2481 1468 2664 1533 primis
2685 1482 2738 1526 et
2766 1479 3068 1538 novissimis
3095 1488 3332 1546 victoria
3356 1511 3496 1565 pra-

1967 1539 2126 1565 ...ἲη--ι
2180 1543 2316 1565 ιιι-ι·-
2641 1558 2656 1565 ⁵

1965 1539 2127 1591 inium
2176 1543 2405 1614 dabitur,
2473 1570 2567 1621 per
2630 1558 2809 1617 Jesum
2874 1569 3143 1629 Christum
3208 1539 3487 1643 Dominum

1961 1636 2225 1696 nostrum,
2269 1638 2352 1690 cui
2404 1650 2485 1694 est
2522 1644 2691 1713 gloria
2743 1662 2797 1707 et
2848 1656 3126 1725 imperium
3181 1668 3233 1722 in
3293 1676 3486 1732 sacula

1959 1716 2292 1776 saeculorum.
2332 1726 2523 1782 Amen.

2521 1820 2792 1883 HOMILIA
2835 1834 2917 1888 VI.

2194 1898 2269 1952 De
2308 1907 2506 1960 cantico
2543 1914 2678 1978 quod
2716 1925 2939 1976 cantavit
2976 1927 3229 1989 Debbora.

2019 1981 2066 2032 I.
2113 1983 2293 2040 Sisara
2336 2006 2455 2047 cum
2488 2002 2728 2057 exercitu
2772 2022 2867 2063 suo
2915 2023 2967 2067 et
2998 2022 3245 2079 curribus
3288 2027 3480 2088 ferreis

1948 2068 2135 2133 quibus
2163 2074 2432 2146 impugnat
2457 2088 2706 2154 populum
2742 2094 2855 2162 Dei,
2886 2068 3477 2187 super—atus

1948 2154 2015 2187 ἰΙοι
2057 2158 2287 2187 (unum.--
2336 2183 2360 2187 _
2408 2184 2421 2187 -
2470 2174 2483 2187 1
2545 2177 2577 2187 Α.

2843 2154 2853 2162 ν
2952 2154 2973 2171 ιν
2994 2154 3167 2162 ν-π-κυ
3199 2154 3277 2168 νοι
3378 2154 3471 2176 ιιυυ

1946 2154 2015 2207 ita
2056 2158 2288 2218 futurum
2335 2174 2608 2239 prophetia
2664 2188 2972 2247 pracecinit
3014 2210 3110 2262 per
3151 2154 3471 2264 Debb’or‘am.

1947 2241 2003 2264 [⁸.
2030 2257 2139 2264 ..-κη
2399 2260 2410 2264 ³

2664 2241 2682 2247 ·
2936 2241 2970 2244 "
3014 2241 3100 2262 κ’*-
3151 2241 3471 2264 υυυυνιαιιισ

1943 2241 2008 2294 Et
2029 2257 2367 2320 posteaquam
2398 2260 2448 2311 in
2479 2277 2634 2318 manu
2662 2272 2897 2330 mulieris
2926 2279 3063 2337 facta
3110 2290 3330 2348 victoria
3369 2309 3472 2367 est,

1943 2333 2201 2367 nantia-nn
2233 2340 2368 2367 ζημυι
2398 2348 2433 2367 n
2454 2349 2519 2367 .l,l
2772 2360 2785 2367 -

2969 2333 2975 2334 κ
2995 2333 3063 2337 μ--
3121 2333 3330 2348 ..ν-νισι.
3369 2333 3470 2367 Gul,

1941 2333 2202 2390 canticum
2233 2340 2368 2396 istud
2397 2348 2632 2406 Debbora
2656 2393 2670 2417 ,
2708 2360 2850 2416 velut
2881 2367 3119 2427 victoria
3148 2377 3314 2447 ipsius
3349 2368 3470 2442 latt-

1941 2418 2056 2447 ,ιιιηι
2112 2439 2164 2447 μ
2602 2444 2664 2447 λυ

2919 2418 3117 2427 -v---.—-
3148 2418 3314 2447 ,γυιυο
3349 2418 3470 2442 III"-

1940 2418 2079 2486 dem,
2108 2428 2365 2485 cecinisse
2401 2444 2778 2503 prascribitur.
2814 2453 3003 2512 Verum
3043 2464 3088 2516 si
3132 2472 3473 2533 meminimus

1937 2520 2114 2563 eorum
2147 2529 2263 2581 qua
2304 2518 2358 2572 in
2406 2530 2766 2594 superioribus
2820 2540 2964 2598 dicta
3011 2561 3134 2605 sunt
3177 2564 3467 2620 secundum

3012 2598 3134 2605 ~_---
3177 2598 3467 2620 vkuuuulll

1935 2598 2211 2662 mysticam
2247 2605 2493 2678 formam,
2530 2631 2646 2685 qua
2693 2635 2773 2679 est
2817 2629 2985 2697 ﬁgura
3031 2636 3316 2713 Debborae,
3350 2665 3469 2718 qua

1935 2685 2088 2718 min.“
2125 2691 2319 2718 ῠΛ-ΑΑῘ-
2392 2716 2411 2718 ’⁷
2461 2705 2510 2718 ’⁵
2561 2710 2574 2718 ³
2708 2715 2717 2718 Α
2764 2715 2773 2718 Δ

2854 2685 2884 2697 ..
2960 2685 2984 2687 ﬁ
3031 2685 3316 2713 -τηυνηι,
3350 2685 3460 2718 ,μη

1932 2685 2088 2739 eum"
2124 2691 2345 2762 Barac":
2384 2705 2510 2769 (ιυίά
2561 2710 2806 2781 imaginis
2855 2728 3033 2779 teneat
3066 2728 3220 2787 Jaltel
3251 2740 3460 2808 mulier,

1932 2788 2045 2808 nnrn
2069 2779 2422 2808 n.'u‘_--_!___,_
2601 2796 2633 2808 ι.
2667 2800 2697 2808 λ
2746 2805 2755 2808 -

1930 2788 2045 2840 qua
2067 2779 2428 2842 adversarium
2460 2796 2635 2862 populi
2663 2779 2756 2856 Dei
2787 2808 2897 2861 sola
2926 2779 3460 2889 dejecitZ-Iqt-tac-timlt;

2987 2868 3005 2880 υ
3024 2868 3029 2869 ν
3054 2868 3133 2885 vir,
3167 2868 3278 2889 -ι--νν
3300 2868 3459 2886 νῑιεικ

1927 2868 2102 2937 imago
2131 2874 2199 2927 δὴ
2231 2876 2423 2935 δίδδηε
2453 2883 2636 2952 ipsum,
2694 2895 2781 2960 qui
2830 2913 2859 2952 a
2902 2904 3124 2962 muliere
3164 2913 3459 2987 alienigena

1927 2953 2050 2987 Ιῖηηῖ
2088 2961 2279 2987 ..ἷκε-..Α
2326 2982 2415 2987 ..μΑ
2457 2978 2470 2987 ρ
2543 2981 2553 2987 .
2835 2986 2841 2987 κ

2710 2953 2726 2960 _
2962 2953 3123 2962 an---
3164 2953 3452 2977 .........-ς.ι.ι

1926 2953 2051 3023 ligni
2088 2961 2282 3018 virtute
2326 2978 2624 3035 prostratus
2671 2991 2754 3035 est
2785 3001 2798 3037 :
2829 2986 3173 3060 intelligimus
3203 2953 3452 3064 haczm-

1924 3046 2009 3096 nia
2059 3062 2390 3111 Sacramenta
2425 3077 2544 3118 esse
2566 3106 2580 3132 ,
2612 3083 2731 3136 qua
2775 3073 2826 3126 in
2862 3079 3169 3142 novissimis
3199 3098 3454 3162 tempori-

1927 3132 2020 3162 Inu-
2076 3146 2121 3162 ΑΙ
2161 3138 2207 3162 ζ..
2242 3142 2336 3162 ιεξ--
2388 3160 2394 3162 λ
2522 3151 2556 3162 ..
2728 3159 2766 3162 _

2627 3132 2645 3136 _
2972 3132 3169 3142 πω-.-
3199 3132 3449 3162 .ν...,,υ..-

1924 3132 2042 3195 bus,
2075 3146 2126 3188 et
2159 3138 2210 3192 in
2241 3142 2342 3197 line
2378 3151 2556 3205 saculi
2601 3171 2696 3222 per
2725 3159 3022 3222 Ecclesium
3072 3186 3449 3237 consumman-

1926 3228 2027 3286 tur,
2059 3234 2111 3277 et
2155 3229 2206 3282 in
2235 3236 2442 3292 cantico
2494 3242 2592 3297 hoc
2630 3248 2770 3302 velut
2813 3255 3037 3321 epinicia
3082 3264 3216 3331 ejus,
3277 3270 3329 3325 id
3372 3286 3453 3330 est

2844 3310 2860 3321 .
2968 3310 3037 3313 νὴ*
3087 3310 3216 3331 *ναι
3277 3310 3326 3325 ὐ
3372 3310 3453 3330 νδ*

1922 3310 2152 3368 victoria
2219 3320 2423 3378 laudem
2484 3344 2600 3385 esse
2657 3337 2998 3412 descriptam,
3059 3352 3198 3409 illius
3252 3361 3453 3419 scilicet

1920 3403 2171 3465 temporis
2225 3421 2343 3461 cum
2404 3419 2771 3480 «novissimus
2835 3429 3078 3493 inimicus
3145 3443 3450 3505 destruetur

1920 3501 2062 3542 mors
2090 3492 2132 3522 ⁸⁸
2166 3531 2179 3545 .
2217 3512 2235 3544 ι
2292 3496 2441 3555 Tunc
2465 3507 2605 3561 enim
2645 3514 2928 3571 exsultabit
2962 3522 3220 3596 Debbora,
3267 3534 3321 3590 id
3364 3550 3446 3594 est

1916 3577 2203 3632 exsultabit
2248 3584 2412 3649 gloria
2467 3598 2795 3666 prophetia,
2839 3608 2962 3674 quia
3011 3626 3130 3679 qua
3176 3625 3438 3688 pradixit,

1916 3661 2113 3688 ἓ.....Ι...-
2189 3685 2221 3688 Α,
2262 3680 2296 3688 κ,
2389 3679 2431 3688 ..-
2599 3685 2614 3688 _
2660 3687 2663 3688 ,

1914 3661 2123 3732 impleta
2183 3680 2320 3724 sunt.
2389 3679 2535 3735 Tunc
2566 3661 2791 3754 ίιειιιριζ
2824 3661 2876 3747 id
2920 3661 3441 3785 estjEc'cle’siuaua'tij

1915 3752 2115 3785 Imma...
2167 3772 2433 3785 .m.-....--_-
2656 3775 2667 3785 .

2762 3752 2769 3754 .
3052 3752 3276 3763 --ν---η-
3330 3752 3438 3785 vv)

1914 3752 2115 3807 hostem
2165 3772 2493 3820 communem
2527 3775 2761 3829 omnium
2802 3786 3112 3848 superabit:
3146 3801 3199 3844 et
3228 3806 3438 3861 postea-

1910 3853 2069 3905 quam
2093 3846 2364 3911 plenitudo
2386 3860 2619 3922 gentium
2655 3846 2939 3934 introierit,
2970 3882 3093 3931 tunc
3124 3888 3176 3933 et
3206 3846 3432 3952 Earach,

1910 3927 1959 3952 :.I
1995 3943 2065 3952 --ι
2102 3937 2189 3952 --ισ
2356 3943 2371 3952 ·
2504 3948 2515 3952 ⁵

2924 3927 2937 3934 ,
3035 3927 3091 3931 η-
3128 3927 3175 3933 _-
3206 3927 3432 3952 __......,

1908 3927 1959 3982 id
1989 3943 2072 3986 est
2099 3937 2330 4005 reliquus
2354 3943 2515 3999 Israel
2539 3991 2551 4012 ,
2581 3952 2760 4009 salvus
2781 3957 2871 4012 iiet
2899 3961 2943 3992 “
2971 3973 3025 4018 et
3048 3966 3099 4021 in
3125 3973 3434 4032 societatem

1908 4019 2140 4077 victoria
2172 4029 2473 4097 recipiatur.
2533 4038 2681 4095 Tunc
2727 4059 2874 4114 ergo,
2909 4052 2952 4103 si
2995 4055 3135 4124 digni
3159 4060 3432 4134 fuerimus,

2791 4110 2813 4114 -
3049 4110 3076 4124 υ
3162 4110 3431 4134 mnu-"Wo

1904 4110 2063 4164 etiam
2134 4131 2230 4170 nos
2298 4127 2628 4184 cantabimus
2680 4137 2945 4192 canticum
2996 4144 3133 4200 istud
3179 4151 3431 4211 refertum

1904 4203 2142 4269 mysticis
2167 4217 2218 4260 et
2244 4213 2570 4279 prophqicis
2614 4229 2963 4283 sacramentis
2982 4271 2997 4293 ,
3027 4247 3091 4286 ex
3119 4239 3313 4305 quibus
3339 4260 3434 4312 per

2984 4290 2995 4293 -
3135 4290 3149 4305 .
3218 4290 3311 4297 η-
3339 4290 3418 4312 .---

1901 4290 2102 4359 singula
2125 4297 2391 4354 discutere
2417 4316 2607 4362 cuncta
2642 4316 2893 4380 temporis
2938 4334 3041 4374 non
3082 4335 3187 4380 est.
3228 4329 3418 4388 Brevi-

1901 4390 2064 4441 tatem
2126 4400 2354 4456 namque
2384 4396 2651 4453 auditores
2679 4400 2929 4460 Ecclesia
2955 4409 3198 4480 diligunt.
3245 4418 3426 4479 Pauca

1898 4477 2070 4525 tamen
2101 4473 2181 4528 vel
2202 4476 2266 4530 de
2288 4480 2559 4549 principiis
2588 4485 2699 4552 ejus
2724 4490 3063 4562 disserentes,
3090 4505 3170 4556 vel
3195 4513 3423 4572 sparsim

1894 4572 1958 4610 ex
1983 4574 2045 4612 eo
2066 4559 2311 4620 ﬂosculos
2340 4569 2612 4640 eligentes,
2642 4582 3022 4640 consolationis
3045 4590 3245 4659 aliquid
3276 4603 3427 4654 audio

1896 4649 2099 4704 toribus
2126 4652 2313 4708 allerre
2357 4663 2709 4729 tentabimus,
2749 4672 2827 4724 vel
2874 4681 3227 4747 nosmetipsos
3265 4700 3424 4741 exer-

1891 4750 2033 4803 cere,
2087 4751 2140 4793 et
2193 4745 2437 4801 meditari
2498 4760 2554 4804 ut
2600 4756 2709 4822 apti
2758 4760 3052 4819 elliciamur
3072 4745 3138 4820 ad
3169 4772 3425 4830 Debbora

1888 4828 2148 4882 canticum
2179 4832 2585 4894 decantandum.

1954 4916 2008 4968 2.
2044 4936 2061 4967 ι
2090 4916 2142 4971 In
2169 4920 2490 4991 incipiendo,
2521 4932 2785 5004 principes
2811 4939 2862 4993 in
2895 4941 3081 5008 Israel,
3102 4947 3156 4997 in
3185 4947 3430 5000 volunta-

1888 5007 2048 5070 tibus,
2082 5010 2285 5075 pepuli,
2312 5016 2606 5073 benedicite
2645 5023 2928 5081 Dominum
2956 5007 3432 5095 ".rBenedietio,

1885 5093 2070 5161 ίιιίίιιίι.
2101 5111 2203 5163 qua
2236 5097 2593 5162 benedicimus
2632 5111 2955 5182 Dominum,
2998 5119 3069 5170 sit
3108 5119 3166 5170 in
3212 5119 3440 5212 exordio

1885 5183 2176 5212 ηιιῖηηῖηηηη
2219 5187 2267 5212 ζ..
2297 5188 2449 5212 l...__..l
2506 5203 2518 5212 .
2662 5200 2673 5212 ι
2711 5201 2722 5212 ι
2787 5204 2798 5212 .
2960 5206 2972 5212 -
3129 5205 3143 5212 -
3242 5210 3249 5212 _
3301 5209 3310 5212 Α

1884 5183 2177 5251 principum
2218 5187 2268 5239 in
2294 5188 2470 5258 Israel,
2506 5203 2612 5248 tum
2642 5200 2831 5257 deinde
2859 5214 2916 5257 et
2960 5206 3015 5257 in
3060 5200 3445 5295 voluntatibus

1884 5271 2054 5295 ...υ-...12
2116 5274 2263 5295 l1-_.l_9
2306 5294 2311 5295 ,
2394 5280 2427 5295 ,ο
2734 5291 2743 5295 -

1882 5271 2076 5339 populi.
2116 5274 2264 5330 Verbi
2295 5280 2463 5347 gratia
2490 5297 2638 5338 :cum
2666 5291 2898 5355 primum
2928 5291 3232 5378 incipimus
3260 5283 3455 5378 Vt’ollife

1883 5359 1947 5412 ad
1979 5359 2069 5413 Dt-i
2092 5362 2316 5428 cultum,
2348 5381 2468 5421 cum
2500 5371 2705 5425 initium
2756 5375 2913 5429 verbi
2966 5375 3155 5467 Deiet
3186 5370 3463 5467 άοθιτῖξξξδ

1937 5448 1981 5479 ⁸³
2009 5448 2120 5505 Col.
2152 5468 2229 5518 ιιι,
2257 5453 2311 5511 5.
2386 5457 2430 5488 “
2460 5456 2477 5509 I
2509 5457 2631 5512 Cor.
2663 5475 2749 5524 xv,
2780 5460 2871 5514 26.
2965 5461 3019 5493 ⁸⁸
3054 5461 3217 5513 Rom.
3256 5466 3345 5513 ιι,
3373 5450 3473 5509 ‘26.

1960 5622 1977 5656 t
2011 5616 2131 5664 tunc
2158 5610 2334 5680 itaque
2368 5612 2627 5668 Ecclesia.
2662 5630 2679 5663 ι
