3806 6230
348 325 451 380 975

352 433 587 491 cretestis
634 425 946 494 accipimus,
982 435 1010 473 a
1041 415 1376 488 principibus
1405 409 1567 468 Israel
1598 411 1696 464 ista
1739 404 1896 494 nobis
1922 402 1971 456 A

354 523 506 578 initia
538 489 860 587 capesse—uda
895 516 1042 565 sunt.
1079 503 1353 569 Principes
1381 508 1559 554 autem
1594 492 1755 551 Israel
1780 531 1796 557 ,
1836 489 1890 543 id

357 623 439 669 est
490 607 669 680 populi
719 599 1032 661 Christiani,
1089 595 1308 665 angelos
1345 586 1681 656 accipiendos
1722 590 1889 653 puto,

360 716 494 770 quos
534 699 720 752 adesse
766 691 1020 747 Dominus
1071 686 1201 740 dicit
1238 680 1524 747 unicuique
1562 675 1779 731 minimo
1839 673 1892 725 in

362 763 622 850 Ecclesia,
657 784 745 853 qui
776 783 934 836 etiam
969 789 1179 843 semper
1216 771 1395 824 videre
1426 768 1676 821 dicuntur
1702 763 1893 818 faciem

364 879 539 935 Patris
566 876 654 944 qui
680 852 743 927 in
776 869 926 924 caelis
958 874 1039 920 est
1067 864 1130 916 ⁸⁸.
1169 860 1269 930 Ipsi
1298 872 1425 927 ergo
1455 864 1577 909 sunt
1602 852 1892 922 principes,

367 980 420 1025 et
468 969 533 1022 ab
584 941 717 1033 ipsis
759 960 909 1015 nobis
954 964 1078 1011 sunt
1131 949 1386 1007 sumenda
1420 946 1699 1015 principia.
1738 941 1894 996 Verbi

367 1059 540 1130 gratia
572 1030 661 1110 :‘si
713 1059 799 1105 eat
831 1048 949 1117 quis
986 1057 1117 1113 puer
1164 1039 1232 1093 ad
1279 1034 1512 1098 scholas,
1565 1051 1594 1089 a
1641 1030 1897 1099 magistro

369 1118 580 1217 quidem
617 1139 924 1207 suscipitur,
950 1142 1004 1187 et
1049 1129 1277 1187 efficitur
1302 1126 1443 1180 illius
1479 1122 1713 1179 doctoris
1739 1118 1898 1174 disci—

368 1215 547 1308 pulus,
590 1231 682 1287 sed
721 1242 823 1282 non
854 1223 1031 1279 statim
1075 1216 1309 1273 discendi
1339 1216 1404 1268 ab
1426 1215 1540 1280 ipso
1574 1215 1898 1279 praeceptore

370 1302 535 1382 sumit
578 1319 854 1375 exordium
887 1334 899 1367 ε
932 1313 1023 1368 sed
1088 1324 1208 1363 cum
1237 1307 1303 1360 ab
1354 1319 1418 1358 eo
1460 1302 1631 1371 prima
1689 1306 1898 1353 tantum

371 1413 629 1467 elementa
648 1400 961 1470 susceperit,
984 1397 1212 1452 traditur
1240 1394 1360 1447 aliis
1381 1388 1721 1450 erudiendus,
1745 1396 1802 1440 ut
1829 1388 1899 1439 ita

370 1503 563 1564 dicam,
586 1493 781 1551 scholae
813 1490 977 1559 ipsius
1027 1484 1359 1554 principibus
1393 1498 1407 1534 :
1440 1490 1498 1532 ut
1525 1492 1646 1532 cum
1691 1477 1758 1529 ab
1797 1475 1902 1528 illis

371 1597 626 1658 quantum
663 1586 716 1638 in
746 1581 852 1636 illis
881 1587 967 1634 est
988 1574 1150 1629 fuerit
1179 1573 1429 1636 edoctus,
1479 1578 1533 1623 et
1573 1582 1693 1622 cum
1730 1567 1902 1635 prima

373 1678 510 1749 apud
541 1690 632 1731 eos
657 1669 956 1740 deposuerit
988 1665 1321 1724 rudimenta,
1351 1670 1459 1715 tum
1491 1660 1701 1712 demum
1737 1658 1904 1727 ipsius

376 1723 510 1749 μυ..-
544 1723 630 1731 ν--
663 1723 777 1740 ,-,,
1758 1723 1774 1727 _

376 1768 607 1825 ductoris
650 1760 967 1834 perfectiora
1025 1759 1288 1823 praecepta
1335 1751 1606 1816 suscipiat.
1662 1748 1736 1801 Ita
1776 1761 1903 1816 ergo
1933 1723 1976 1776 Β

376 1860 537 1914 etiam
571 1867 714 1909 nunc
739 1847 1131 1903 institutionum
1155 1850 1456 1896 nostrarum
1479 1838 1629 1892 initia
1656 1845 1905 1904 repetens

374 1946 644 2019 prophetia
678 1942 839 2005 dicit,
874 1935 1012 2006 quod
1048 1947 1168 1987 cum
1218 1947 1246 1985 a
1296 1928 1628 1999 principibus
1677 1925 1908 1993 creperi-

377 2015 494 2096 inus
530 2034 661 2108 (7i),
701 2031 783 2084 vel
814 2025 1082 2098 principes
1107 2020 1369 2088 coeperint
1396 2016 1607 2086 operari
1643 2016 1696 2068 in
1727 2015 1904 2077 nobis,

377 2129 566 2186 deinde
595 2138 694 2178 nos
732 2119 1000 2175 voluntate
1023 2122 1074 2166 et
1104 2109 1377 2180 proposito
1401 2107 1789 2173 subsequamur
1816 2120 1829 2156 :
1857 2112 1910 2156 et

379 2217 517 2272 aucti
543 2210 888 2283 profectibus,
920 2206 998 2259 sic
1037 2203 1103 2255 ad
1148 2195 1565 2254 benedicendum
1589 2193 1699 2260 jam
1735 2193 1908 2260 ipsum

383 2281 660 2361 Dominum
688 2299 980 2353 veniamus.
1022 2292 1127 2346 Sed
1152 2290 1424 2344 videamus
1454 2285 1579 2353 quid
1604 2284 1732 2338 dicit
1758 2301 1770 2335 :
1809 2302 1826 2333 ι
1852 2281 1909 2335 In

381 2391 703 2465 incipiendo,
736 2386 906 2453 inquit
940 2384 1003 2444 °°,
1029 2379 1297 2449 principes
1330 2377 1383 2429 in
1414 2373 1625 2428 Israeln
1656 2372 1908 2440 Initiaju-

380 2463 542 2537 varia
559 2476 883 2549 principibus
895 2472 1169 2525 dicuntur:
1187 2475 1306 2534 post
1330 2467 1442 2518 haec
1456 2477 1582 2516 vero
1596 2463 1703 2529 jam
1726 2463 1912 2514 volun-

383 2582 488 2626 tate
511 2548 719 2638 propria
748 2575 801 2617 et
830 2559 1100 2630 proposito
1132 2553 1407 2609 nitendum
1433 2560 1515 2606 est
1535 2590 1550 2615 ,
1594 2559 1652 2603 ut
1690 2548 1912 2602 benedi-

384 2677 506 2718 cere
520 2661 799 2716 Dominum
819 2664 1140 2707 mereamur.
1156 2647 1287 2702 Nam
1307 2644 1591 2714 etpopulus
1612 2641 1773 2696 Israel
1793 2654 1912 2695 cum

383 2752 640 2819 inciperet
656 2747 804 2801 exire
821 2745 885 2799 de
896 2741 1144 2811 Egypto,
1160 2747 1212 2795 et
1232 2735 1462 2791 transire
1490 2747 1636 2786 mare
1653 2732 1915 2792 Rubrum,

386 2842 518 2896 nihil
541 2839 705 2908 ipsius
734 2833 946 2904 proprio
972 2831 1173 2892 labore,
1193 2826 1285 2880 sed
1308 2833 1472 2878 totum
1502 2836 1599 2890 per
1625 2819 1914 2889 principes,

387 2933 438 2986 id
463 2930 542 2983 est
558 2942 649 2997 per
671 2923 887 2994 angelos
908 2921 1185 2990 agebatur.
1208 2914 1444 2980 Denique
1462 2912 1540 2965 sic
1562 2910 1691 2964 dicit
1708 2908 1917 2976 Moyses

388 3018 452 3072 ad
473 2995 626 3088 4⁷1
656 3012 901 3084 populum
930 3027 943 3063 :
981 3027 999 3060 ε
1021 3006 1152 3070 Vos,
1182 3002 1433 3071 inquit",
1452 2998 1715 3061 tacebitis,
1738 3006 1789 3050 et
1815 2995 1918 3050 Do-

388 3084 563 3159 minus
599 3099 850 3171 pugnabit
890 3110 986 3165 pro
1015 3094 1188 3149 vobis.
1229 3108 1248 3143 ›
1278 3091 1473 3159 Aperte
1518 3087 1659 3140 enim
1704 3084 1922 3151 angelus

389 3169 621 3247 vastator
648 3169 744 3257 piro
771 3188 849 3242 eis
889 3198 1154 3256 pugnasse
1191 3178 1510 3234 describitur
1539 3176 1606 3239 τί,
1633 3169 1726 3243 qui
1759 3173 1917 3242 Egy-

391 3282 617 3349 ptiorum
639 3278 849 3345 quidem
873 3270 1222 3344 primogenita
1244 3264 1545 3321 interemit:
1571 3262 1925 3317 Israelitarum

393 3382 518 3421 vero
564 3380 661 3419 nec
698 3378 861 3433 pecus
905 3363 1118 3431 quidem
1158 3357 1352 3411 mutire
1396 3355 1540 3407 fecit.
1574 3353 1771 3407 Verum
1824 3365 1928 3404 non

396 3471 601 3523 semper
627 3453 1029 3520 exspectandum
1075 3456 1158 3502 est
1189 3455 1247 3500 ut
1293 3443 1461 3512 angeli
1508 3457 1604 3510 pro
1647 3441 1800 3494 nobis
1833 3456 1930 3509 pu-

397 3554 587 3615 gnent,
625 3546 716 3597 sed
772 3544 825 3595 in
870 3539 1168 3608 incipiendo
1224 3534 1607 3596 tantummodo,
1659 3531 1710 3584 id
1751 3538 1834 3584 est
1878 3530 1931 3582 iit

397 3635 562 3688 initiis
610 3632 836 3695 nostris,
893 3645 924 3683 a
975 3626 1302 3697 principibus
1353 3621 1551 3691 angelis
1599 3620 1931 3689 adjuvantur.

399 3725 659 3776 Caeterum
689 3716 937 3787 p'roccssu
965 3715 1218 3785 temporis
1243 3719 1451 3781 oportet
1479 3710 1640 3763 etiam
1669 3722 1765 3763 nos
1791 3708 1937 3776 ipsos

402 3813 550 3867 exire
596 3817 826 3863 armatos
873 3808 936 3861 ad
978 3805 1180 3875 praelia.
1229 3804 1367 3855 Ante
1418 3801 1558 3853 enim
1602 3813 1761 3865 quam
1801 3796 1936 3850 bella

403 3901 690 3960 discamus,
723 3905 1005 3963 antequam
1054 3906 1254 3962 pugnas
1299 3888 1507 3942 Domini
1553 3899 1740 3955 parare
1774 3885 1939 3938 medi-

404 3998 601 4052 temur,
648 4000 675 4037 a
730 3983 1065 4052 principibus
1112 3978 1313 4048 angelis
1361 3977 1738 4038 sublevatnur;
1791 3983 1943 4027 ante-

407 4088 562 4144 quam
623 4073 776 4140 panis
829 4070 1063 4124 cmlestis
1111 4080 1500 4133 consequamur
1546 4078 1835 4129 annonam,
1889 4071 1945 4115 et

409 4165 656 4218 carnibus
679 4161 810 4229 Agni
837 4157 1159 4212 itumaculati
1193 4155 1470 4216 satiemus,
1499 4162 1780 4222 antequam
1806 4166 1946 4206 verte

1762 284 2082 359 ORIGENIS

3509 267 3601 324 976

1994 395 2299 460 charitatis,
2331 412 2352 446 ι
2383 401 2437 448 et
2471 390 2693 461 galeam
2734 405 2757 440 ι
2799 379 3189 440 nihilominus
3224 396 3244 427 ι
3276 375 3458 431 salutis
3484 368 3629 450 acci-f

1992 488 2122 557 pile,
2146 485 2239 540 sed
2266 493 2321 538 et
2348 481 2617 550 gladium,
2647 475 2865 544 inquit,
2892 470 3162 539 spiritus,
3201 483 3223 516 ι
3248 473 3305 520 et
3328 479 3483 532 super
3509 462 3627 555 οηιῇ

1994 579 2081 632 nia
2105 595 2124 627 ι
2154 586 2370 630 scutum
2405 572 2559 633 fidei,
2590 571 2647 623 in
2677 580 2802 636 quo
2824 560 3098 634 possitis,
3127 558 3228 622 ait,
3257 557 3435 610 omnia
3454 543 3629 625 jacula‘

1995 849 2120 918 pulo
2155 848 2270 911 Dei,
2300 844 2439 898 nihil
2468 839 2920 908 incompositum
2966 839 3075 885 aut
3113 835 3501 899 praeposterum
3536 841 3613 895 ge-

1999 916 2153 991 ritur.
2197 935 2254 987 In
2304 930 2626 1002 incipiendo
2658 926 2962 996 principes
3001 921 3213 989 juvant
3242 936 3255 970 :
3285 933 3406 970 cum
3436 916 3616 982 adjutus

1998 1029 2203 1093 fueris,
2256 1037 2314 1080 et
2376 1040 2408 1077 a
2470 1018 2827 1090 principibus
2896 1013 3192 1071 eruditus,
3242 1007 3354 1073 jam
3405 1005 3495 1058 tibi
3525 1005 3618 1073 ipse

1999 1125 2190 1186 sponte
2226 1125 2280 1169 et
2321 1111 2612 1165 voluntate
2649 1117 2768 1169 tua,
2828 1116 2967 1171 qua:
3004 1097 3257 1155 didicisti
3312 1109 3343 1148 a
3388 1095 3618 1163 principi-

1999 1181 2125 1269 b'us,
2161 1216 2308 1272 gere.
2347 1199 2519 1253 Recte
2558 1195 2709 1249 enim
2749 1189 3019 1246 decoctis
3061 1181 3390 1254 principiis,
3433 1181 3657 1252 dCPOSi-.

2003 1298 2176 1362 tisque
2236 1287 2566 1347 rudimentis
2619 1294 2833 1339 nostra:
2889 1275 3320 1334 committimur
3368 1272 3620 1332 voluntati,

2001 1394 2059 1436 ut
2088 1361 2169 1437 vel
2208 1381 2326 1434 laus
2371 1376 2553 1432 meriti
2612 1376 2713 1438 sit,
2754 1385 2891 1442 qua:
2938 1375 3146 1422 nostra
3184 1364 3390 1417 virtute
3425 1361 3620 1429 quaesita

2001 1482 2104 1537 cst,
2138 1472 2224 1527 vel
2275 1470 2435 1538 culpa
2496 1469 2623 1538 jure
2677 1466 2755 1518 sit
2801 1468 3039 1522 nostra,
3092 1469 3223 1526 quae
3272 1467 3369 1523 per
3413 1460 3621 1505 nostram

2001 1565 2149 1618 venit
2178 1561 2475 1631 ignaviam.
2514 1557 2645 1611 Haec
2686 1568 2792 1624 pro
2837 1567 2914 1607 eo
2969 1548 3131 1617 quod
3162 1546 3428 1613 scriptum
3451 1551 3527 1595 est
3544 1541 3623 1587 ’δε

2008 1672 2027 1703 ι
2057 1652 2115 1705 In
2152 1650 2482 1718 incipiendo,
2518 1644 2810 1716 principes
2838 1641 2901 1694 in
2935 1635 3149 1703 Israel,
3178 1635 3237 1688 in
3270 1632 3623 1689 voluntatibus.

2012 1742 2215 1814 populi,
2243 1739 2555 1794 benedicite
2582 1734 2929 1789 Dominum.
2973 1748 2996 1780 ι

2081 1831 2136 1884 3.
2168 1828 2296 1882 Post
2335 1827 2453 1881 haec
2499 1833 2687 1878 autem
2736 1821 2892 1875 dicit
2919 1819 2974 1850 ’⁸
3007 1836 3023 1872 :
3058 1834 3083 1868 ‹
3124 1813 3349 1877 Audite,
3395 1825 3559 1881 reges,
3584 1816 3627 1861 et

2012 1919 2233 1973 auribus
2264 1915 2558 1986 pcrcipite,
2594 1922 2874 1980 satrapae.
2934 1907 3195 1964 Domino
3239 1903 3487 1963 cantabo,
3512 1899 3626 1967 psal-

2012 2011 2117 2063 lam
2150 2009 2257 2063 Deo
2285 2006 2472 2061 Israel.
2501 2023 2524 2058 r
2558 2003 2793 2065 Audite,
2852 2001 3078 2069 inquit,
3128 2011 3315 2067 reges.
3363 1993 3523 2064 Reges
3551 2005 3627 2059 apo

2013 2098 2176 2165 pellat
2221 2111 2315 2151 eos
2355 2094 2446 2163 qui
2482 2098 2890 2148 eonvocantur
2946 2089 3024 2142 ad
3074 2086 3411 2140 audiendum
3440 2080 3627 2135 verbum

2014 2185 2129 2239 Dei.
2170 2183 2414 2246 Exsulta,
2462 2180 2667 2250 popule
2729 2180 2864 2243 Dei,
2925 2177 3181 2231 audiens
3230 2185 3337 2227 tua:
3378 2169 3628 2225 nobilitatis

2017 2275 2269 2344 insignia.
2303 2274 2386 2326 Tu
2416 2270 2634 2324 vocaris
2674 2270 2748 2323 ad
2798 2266 3174 2322 audiendum
3211 2263 3433 2317 verbum
3462 2261 3561 2322 Dei,
3587 2266 3629 2309 et

2017 2379 2122 2417 ttun
2149 2375 2207 2416 ut
2243 2362 2418 2432 plebs,
2452 2361 2547 2415 sed
2584 2369 2646 2413 ut
2679 2374 2786 2414 rex
2822 2356 3095 2412 vocaris.
3130 2353 3260 2407 Tibi
3301 2354 3440 2407 enim
3466 2351 3627 2403 dictum

2017 2462 2099 2508 est
2122 2452 2170 2483 ⁷⁸
2198 2469 2212 2505 :
2241 2470 2260 2502 ι
2295 2450 2479 2506 Genus
2534 2447 2731 2517 regale
2788 2456 2852 2500 et
2913 2444 3320 2501 sacerdotale:
3352 2443 3556 2510 populus
3587 2438 3628 2490 in

2019 2542 2458 2610 acquisitionem.
2504 2556 2524 2590 ι
2562 2539 2695 2591 Ideo
2739 2537 2883 2605 quia
2938 2551 3047 2590 vos
3096 2549 3265 2602 reges
3296 2532 3445 2593 estis,
3476 2528 3631 2584 merito

2020 2646 2114 2685 rex
2142 2638 2325 2683 noster
2343 2628 2598 2683 Christus
2629 2626 2924 2681 Dominus
2964 2645 2985 2677 ι
3027 2641 3129 2681 rex
3170 2642 3191 2676 ι
3230 2623 3425 2679 dicitur
3448 2620 3490 2655 ’ν
3519 2636 3537 2671 t
3562 2632 3630 2671 re-

2021 2736 2166 2791 gum,
2194 2728 2248 2773 et
2279 2718 2540 2772 Dominus
2575 2717 3046 2770 dominantium.
3093 2733 3117 2766 ι
3148 2714 3265 2769 Sed
3314 2714 3449 2766 sicut
3487 2705 3633 2761 exsul-

2025 2810 2154 2861 tatis
2185 2809 2250 2860 de
2281 2806 2584 2861 nobilitatis
2611 2814 2830 2858 vestrae
2864 2805 3074 2870 titulo,
3110 2803 3191 2857 ita
3219 2800 3427 2857 discere
3460 2796 3632 2853 debetis

2024 2895 2151 2965 quid
2191 2893 2399 2963 agendo
2449 2893 2839 2961 unusquisque
2895 2900 3169 2948 vestrum
3224 2891 3320 2944 fiat
3365 2903 3471 2942 rex.
3508 2885 3632 2952 Quod

2025 2986 2176 3040 vobis
2211 2986 2281 3038 ita
2316 2984 2559 3038 breviter
2594 2982 2897 3036 definiam.
2934 2983 3163 3053 Regem
3200 2989 3255 3036 te
3290 2980 3512 3035 omnium
3538 2990 3633 3028 csse

2023 3076 2172 3139 facit,
2199 3075 2241 3127 si
2278 3081 2466 3141 regnet
2488 3071 2750 3125 Christus
2788 3073 2848 3124 in
2912 3080 2999 3126 te.
3062 3074 3186 3132 Rex
3233 3082 3456 3124 namuue
3498 3080 3524 3117 a
3566 3078 3634 3117 re-

2024 3166 2194 3234 gendo
2222 3164 2398 3217 dictus
2430 3170 2534 3215 est.
2564 3159 2624 3215 Si
2655 3174 2798 3232 ergo
2830 3171 2895 3216 et
2931 3163 2994 3217 in
3041 3171 3104 3217 te
3133 3161 3355 3214 animus
3386 3165 3570 3226 regnat,
3590 3159 3633 3205 et

2025 3268 2215 3322 corpus
2262 3252 2627 3318 obtemperat,
2678 3251 2728 3305 si
2781 3251 3311 3321 concupiscentias
3358 3246 3526 3302 carnis
3556 3243 3635 3294 sub

2022 3348 2203 3413 jugum
2235 3340 2448 3410 imperii
2479 3341 2555 3393 tui
2592 3341 2809 3403 mittas,
2847 3342 2901 3396 si
2936 3343 3215 3396 vitiorum
3246 3348 3429 3410 gentes
3460 3334 3635 3389 sobrie-

2033 3434 2157 3487 tatis
2197 3440 2298 3486 tuae
2333 3430 2509 3484 frenis
2538 3430 2890 3486 arctiuribus
2935 3448 3182 3500 premas
3203 3473 3219 3494 ,
3255 3429 3443 3484 merito
3470 3439 3547 3478 rex
3574 3422 3635 3473 di-

2032 3523 2191 3587 ceris,
2216 3521 2305 3588 qui
2345 3530 2400 3574 te
2435 3528 2585 3573 recte
2629 3530 2808 3589 agere
2872 3523 3146 3576 noveris.
3199 3520 3336 3574 Cum
3379 3530 3497 3587 ergo
3539 3510 3634 3566 talis

2034 3610 2200 3663 fueris
2233 3606 2491 3674 effectus,
2544 3608 2713 3677 digne
2761 3617 2827 3663 ut.
2890 3625 3001 3665 rex
3054 3613 3129 3665 ad
3187 3609 3451 3663 audienda
3492 3603 3633 3658 divina

2038 3697 2205 3751 verba
2240 3696 2544 3750 vocaberis.
2576 3695 2693 3751 lloc
2730 3712 2879 3752 vero
2912 3702 3078 3767 quod
3109 3698 3475 3767 subsequitur,
3505 3690 3636 3757 magis

2036 3800 2360 3854 corporeum
2397 3786 2603 3852 aliquid
2646 3786 2895 3853 indicat,
2948 3791 3113 3857 quod
3158 3790 3337 3844 dicit:
3383 3805 3404 3839 ι
3447 3785 3638 3839 Auribus

2038 3877 2321 3944 pcrcipite,
2368 3890 2565 3928 omnes
2609 3884 2883 3945 satrapae.
2935 3899 2957 3931 ι
3006 3879 3177 3935 Sicut
3218 3881 3363 3934 enim
3400 3875 3639 3930 inferiores

2041 3974 2167 4018 sunt
2198 3963 2415 4031 regibus
2445 3973 2707 4030 satrapae,
2740 3964 2820 4018 ita
2861 3975 2923 4020 et
2963 3969 3216 4023 auribus
3242 3967 3507 4036 percipere
3536 3960 3639 4013 infe-

2044 4054 2157 4107 rius
2190 4053 2403 4105 videtur
2432 4065 2556 4106 esse
2599 4068 2774 4121 quam
2835 4058 3072 4113 audire.
3114 4059 3324 4114 Audire
3365 4067 3570 4122 namque
3589 4048 3638 4100 ad

2047 4143 2357 4196 interiorem
2396 4143 2641 4208 pertinet
2682 4140 3015 4213 hominem,
3055 4150 3211 4204 sicut
3237 4157 3292 4203 et
3324 4145 3555 4201 Dominus
3575 4139 3640 4190 di-

411 4254 532 4306 vitis
572 4266 689 4318 qua:
736 4248 972 4303 ascendit
1013 4248 1079 4302 de
1122 4246 1299 4300 radice
1350 4243 1514 4298 David
1561 4242 1817 4312 sanguine
1864 4243 1948 4297 in-
2045 4230 2369 4285 οθδ³ι⁷⁸⁶⁷⁹ε
2400 4246 2418 4280 ι
2444 4230 2547 4296 Qui
2584 4231 2755 4286 habet
2786 4248 2967 4313 aures
2990 4238 3290 4302 audiendi,
3314 4230 3641 4289 audiam“-

412 4341 698 4397 ebriemur,
740 4338 907 4390 donec
959 4336 1161 4404 parvuli
1209 4348 1412 4397 sumus,
1465 4341 1513 4386 ct
1552 4332 1687 4385 lacte
1726 4332 1939 4396 alimur,
1976 4361 2020 4415 ι)
2049 4323 2198 4375 ribus
2226 4334 2356 4374 vero
2389 4321 2694 4389 percipere,
2736 4308 2819 4376 ad.
2854 4328 3223 4383 exteriorem
3268 4336 3325 4382 et
3352 4320 3641 4392 corporalem

416 4440 471 4484 et
514 4427 782 4482 initiorum
827 4425 1021 4479 Christi
1055 4437 1353 4478 sermonem
1400 4431 1659 4485 tenemus,
1694 4430 1944 4489 tanquam
1977 4409 2011 4415 ⁷
2050 4415 2285 4482 pertinet
2317 4409 2586 4464 auditum.
2624 4412 2755 4467 Ideo
2805 4428 2955 4484 ergo
3006 4425 3070 4472 et
3115 4418 3212 4473 hic
3264 4416 3339 4471 illi
3377 4414 3460 4484 qui
3497 4409 3645 4462 audite

418 4515 619 4588 parvuli
647 4514 744 4567 sub
769 4514 1196 4580 procuratoribus
1219 4512 1449 4580 agimus,
1477 4520 1533 4563 et
1556 4508 1825 4564 actoribus
1854 4524 1951 4562 an-

418 4606 571 4675 gelis.
604 4602 704 4657 Ubi
750 4617 875 4655 vero
926 4603 1034 4671 jam
1080 4603 1279 4677 militiae
1327 4600 1562 4654 cretestis
1617 4607 1952 4653 sacramenta

418 4692 764 4763 gustavimus,
796 4700 848 4744 et
880 4707 1017 4760 pane
1052 4693 1172 4745 vita:
1210 4689 1391 4743 refecti
1420 4702 1623 4751 sumus,
1651 4688 1771 4740 audi
1819 4702 1953 4754 quo-

421 4779 578 4834 modo
604 4793 698 4846 per
719 4779 1066 4845 apostolicam
1102 4778 1281 4831 tubam
1314 4773 1635 4826 suscitatnur
1658 4773 1721 4824 ad
1751 4771 1951 4839 praelia.

421 4868 625 4936 Ingenti
647 4881 871 4936 namque
889 4881 1018 4922 voce
1039 4866 1230 4920 Paulus
1248 4861 1441 4916 clamat
1461 4861 1526 4914 ad
1551 4875 1648 4913 nos
1674 4860 1855 4914 dicens
1874 4861 1952 4911 ἠς

427 4978 446 5010 ι
484 4957 688 5012 lnduite
722 4971 815 5011 vos
844 4971 990 5010 arma
1026 4956 1136 5019 Dei,
1176 4961 1236 5006 ut
1282 4948 1496 5018 possitis
1526 4957 1670 5002 stare
1702 4949 1957 5002 adversus

425 5049 673 5103 astutiam
704 5048 916 5102 diaboli.
954 5067 973 5100 ι
1000 5047 1113 5102 Non
1152 5057 1251 5098 nos
1277 5038 1414 5093 ultra
1444 5037 1643 5105 patitur
1681 5037 1827 5090 velut
1860 5038 1959 5092 sub

427 5143 525 5195 alis
555 5140 865 5193 laetantium
899 5139 1010 5209 (72)
1044 5138 1278 5197 latitare,
1322 5127 1504 5181 invitat
1539 5140 1635 5180 nos
1676 5127 1742 5179 ad
1787 5135 1961 5180 certa—

426 5232 623 5285 minum
639 5243 888 5296 campos;
912 5230 1172 5295 «induite,
1195 5244 1214 5279 ι
1237 5217 1407 5289 inquit
1433 5215 1501 5280 ⁷³,
1522 5228 1616 5269 vos
1641 5230 1660 5264 ε
1690 5214 1906 5267 loricam
1936 5230 1956 5264 ι

2053 4504 2317 4558 deberent
2341 4515 2498 4570 reges
2519 4500 2807 4569 dicuntur,
2839 4508 2947 4572 qui.
2971 4522 3119 4563 vero
3141 4508 3373 4562 auribus
3396 4499 3643 4572 percipere.

2055 4601 2291 4658 satrapae
2319 4589 2689 4659 appellantur.
2736 4609 2757 4641 ‹
2797 4591 2921 4662 Ego
2965 4596 3216 4650 Domino
3248 4594 3497 4655 cantabo,
3533 4582 3646 4654 psal-

2057 4679 2165 4732 lam
2218 4679 2330 4733 Deo
2366 4678 2557 4733 Israel.
2592 4696 2612 4730 ι
2645 4674 2809 4734 Beati
2859 4692 2999 4739 sunt
3044 4687 3146 4755 qui
3202 4690 3429 4754 possunt
3469 4683 3649 4733 cantare

2060 4766 2333 4822 canticum
2395 4767 2648 4822 Domino.
2711 4768 2860 4823 Cum
2918 4774 3182 4829 redimus
3237 4773 3305 4826 ad
3363 4768 3646 4834 Scriptum,

2061 4855 2230 4909 multa
2260 4858 2476 4912 cantica
2518 4859 2694 4912 sacris
2735 4863 3015 4917 mandata
3056 4862 3434 4919 voluminibus
3477 4847 3645 4909 invenio

2063 4962 2206 5002 mus.
2242 4946 2524 5006 Habemus
2557 4951 2843 5020 integrum
2874 4955 3145 5011 volumen
3186 4959 3255 5011 de
3297 4949 3519 5009 Canticis
3541 4955 3647 4997 can-

2061 5035 2296 5091 ticorum
2341 5042 2633 5111 scriptum.
2691 5040 2847 5097 Ecce
2893 5053 2953 5098 et
3005 5046 3062 5099 in
3112 5048 3218 5100 hoc
3265 5043 3402 5098 libro
3443 5035 3646 5091 Iudico-'0

2065 5123 2339 5183 habemus
2382 5132 2694 5196 canticum,
2737 5142 2798 5187 et
2845 5134 2906 5189 in
2946 5134 3207 5190 Numeris
3240 5131 3500 5188 canticum
3536 5118 3647 5175 scri-

2068 5222 2221 5283 ptum
2250 5228 2364 5284 est,
2395 5233 2455 5276 et
2487 5224 2543 5278 in
2572 5223 3056 5293 Deuteronomio,
3093 5237 3150 5281 et
3190 5226 3244 5278 iu
3290 5220 3496 5279 Exodo:
3527 5217 3574 5264 οι
3606 5206 3649 5258 in

430 5336 1049 5476 «acerna;
1208 5326 1545 5459 istm.
1577 5325 1635 5448 si
1673 5324 2222 5460 ii“£..‘3ft3f;.éf
3263 5333 3311 5364 τ’

435 5510 606 5629 milli
642 5513 972 5589 ϐωμοτίηιαε,
1030 5541 1183 5600 nec“
1219 5532 1271 5591 in
1306 5514 1437 5578 libb.
1466 5507 1642 5572 editis,
1681 5514 1852 5561 exstat
1895 5505 1947 5559 in

2076 5576 2089 5588 .
2299 5516 2467 5592 Velut
2502 5524 2597 5577 sub
2632 5520 2733 5576 alis
2766 5520 3116 5575 laetantium.
3163 5515 3280 5592 Ilzec
3316 5505 3650 5562 desiderantur

2077 5580 2132 5631 in
2176 5580 2351 5643 libris
2391 5603 2557 5649 antea
2596 5594 2775 5655 editis,
2820 5593 2917 5647 sed
2950 5599 3165 5645 exstant
3196 5588 3242 5638 itt
3274 5596 3405 5633 tttss.
