3806 6268
114 312 260 411 Λτ

95 389 246 448 ii".

125 441 959 558 Σὶίῖιῗίἱὶεξςῐκξιηππξ.ξὶΙΜ-ο.
1009 468 1067 520 In
1110 468 1280 536 primo
1324 469 1484 523 etiam
1520 468 1791 536 Paralipo-

152 545 402 623 “enon,
462 550 526 594 et
588 544 650 598 in
698 550 838 606 aliis
899 556 1078 611 multis
1135 556 1264 612 locis
1308 558 1544 613 invenies
1582 559 1787 612 cantica

181 628 373 705 «ﬂint!
393 645 525 688 esse
553 634 872 709 descripta.
895 643 983 699 Ait
1005 661 1132 716 ergo
1153 649 1265 702 haec
1287 664 1386 703 vox
1405 647 1533 713 justi
1564 664 1577 701 :
1610 666 1628 699 ι
1659 648 1769 717 Ego

202 721 437 786 mittiue
482 728 765 797 cantabo,
824 735 1048 801 psallam
1091 736 1196 790 Deo
1237 735 1418 790 Israel.
1476 754 1495 787 ›
1524 735 1653 801 Quis
1689 751 1789 804 pu-

225 828 298 872 tas
337 815 416 868 ita
455 828 679 873 canora:
713 824 871 878 vocis
908 834 1011 888 est,
1040 833 1095 878 et
1134 824 1207 878 ita
1246 826 1462 892 spiritus
1491 826 1609 894 puri
1639 839 1788 879 men-

230 907 406 968 tisque
430 905 682 972 sincerae,
717 920 782 963 ιιι
811 913 927 979 (73)
948 912 1210 967 cantilena
1244 914 1361 981 eius
1396 913 1625 967 divinum
1650 914 1792 969 dele-

228 1002 383 1051 ctare
413 995 585 1064 possit
610 997 895 1052 auditum?
930 999 1020 1055 Ille
1054 1002 1292 1069 profecto
1334 1011 1434 1065 est,
1473 1004 1557 1068 qui
1591 1002 1787 1057 nullum

229 1096 459 1137 raucum
492 1084 658 1139 habet
694 1087 747 1139 in
772 1102 833 1142 se
859 1088 1061 1156 peccati
1099 1103 1308 1154 sonum,
1331 1092 1420 1159 qui
1466 1092 1594 1144 nihil
1623 1091 1790 1146 oﬂ‘eu-

220 1171 407 1225 sionis
437 1172 491 1225 in
524 1172 730 1242 lingua,
758 1175 891 1229 nihil
930 1177 1299 1232 crassitudinis
1330 1178 1382 1231 in
1420 1177 1605 1245 spiritu
1633 1180 1788 1247 gerit,

220 1264 318 1318 ille
359 1271 545 1332 potest
569 1266 798 1321 dicere:
829 1286 848 1318 ι
889 1268 997 1337 Ego
1039 1268 1258 1323 Domino
1298 1270 1541 1332 cantabo,
1574 1270 1789 1338 psallam

209 1351 343 1407 Deo
366 1354 566 1410 Israel.
601 1375 621 1406 ι

290 1444 351 1496 4.
379 1445 589 1499 Verum
613 1446 740 1513 quia
768 1446 1223 1501 continuationem
1246 1447 1438 1502 cantici
1464 1461 1557 1515 per
1585 1447 1790 1516 singula

210 1547 334 1587 non
368 1535 725 1588 occurrimus
752 1535 1043 1603 explicare,
1073 1535 1440 1603 interpolando
1479 1536 1662 1592 saltem
1708 1551 1792 1591 se-

207 1621 358 1675 riem
414 1622 701 1686 lectionis,
748 1624 1019 1679 videamus
1047 1626 1172 1693 quid
1201 1634 1283 1678 est
1317 1625 1456 1693 quod
1481 1624 1608 1680 dicit
1630 1626 1745 1658 ⁸⁸⁵⁸³
1775 1644 1788 1680 :

212 1728 235 1761 σ
278 1710 392 1765 Cor
412 1727 610 1766 meum
639 1713 708 1766 ad
734 1727 797 1766 ea
820 1729 939 1782 qua?
965 1715 1217 1783 disposita
1250 1725 1374 1770 sunt
1402 1716 1525 1769 huic
1557 1715 1737 1770 Israel.
1767 1735 1786 1767 ι

205 1798 333 1854 Hoc
360 1801 535 1854 modo
560 1801 779 1855 videtur
808 1801 948 1869 quod
974 1802 1101 1856 dicit
1128 1802 1271 1858 :Cor
1300 1819 1491 1868 meum,
1510 1814 1562 1859 et
1584 1805 1792 1859 animus

207 1903 390 1954 meus,
414 1900 476 1944 et
508 1905 717 1944 sensus
744 1905 912 1956 meus,
941 1900 994 1945 et
1015 1902 1122 1946 tota
1154 1907 1304 1947 mens
1331 1908 1444 1947 mea
1471 1896 1537 1948 ad
1562 1893 1687 1947 illud
1712 1895 1792 1947 in-

193 1977 409 2041 tendit,
462 1987 525 2031 et
569 1977 708 2032 illud
753 1979 1006 2046 prospicit
1050 1981 1189 2046 quod
1241 1981 1553 2049 dispositum
1602 1991 1707 2045 est,
1739 1991 1794 2037 et

171 2065 345 2134 quod
378 2077 770 2134 praeparatum
798 2076 882 2121 est
914 2068 1116 2121 Israel:
1149 2068 1275 2123 illud
1314 2078 1418 2123 tota
1452 2082 1629 2124 mente
1665 2086 1790 2138 pro-

163 2153 382 2222 spicio
404 2153 572 2221 quod
602 2153 845 2209 futurum
877 2164 975 2209 est.
1003 2155 1058 2209 Si
1090 2158 1231 2211 enim
1265 2159 1329 2213 ad
1361 2157 1483 2212 illud
1518 2160 1792 2213 intendere

184 2243 486 2305 animum,
529 2242 722 2295 omnia
764 2258 885 2311 qua:
926 2246 979 2297 iu
1034 2245 1134 2298 hoc
1187 2248 1382 2301 mundo
1430 2255 1572 2309 sunt,
1604 2247 1791 2302 ducam

205 2345 230 2381 ι
304 2338 360 2383 ut
382 2339 679 2393 stercora,
725 2339 781 2383 ut
824 2332 1095 2387 Christum
1137 2333 1468 2387 lucrifaciam
1518 2334 1585 2398 ⁵²,
1638 2352 1658 2387 ι
1702 2336 1813 2402 (μιί

200 2419 559 2487 praeparavit
590 2417 684 2471 illa
713 2421 890 2473 omnia
933 2436 1048 2489 qua:
1080 2439 1098 2472 ι
1130 2421 1313 2476 oculus
1361 2436 1463 2476 non
1505 2422 1654 2489 vidit,
1697 2440 1793 2480 nec

202 2509 360 2561 auris
393 2506 656 2572 audivit,
695 2522 793 2561 nec
823 2508 876 2561 in
919 2524 1010 2562 cor
1040 2511 1266 2563 hominis
1305 2510 1562 2574 ascendit,
1588 2511 1655 2565 iis
1702 2513 1789 2579 qui

202 2594 444 2661 diligunt
480 2608 620 2647 eum
648 2594 714 2649 ⁸³.
755 2612 776 2645 ι
809 2594 915 2648 Cor
964 2610 1111 2665 ergo,
1152 2596 1358 2666 inquit,
1391 2612 1564 2652 meum
1607 2600 1673 2653 ad
1703 2600 1791 2654 illa

202 2686 569 2739 extenditur.
622 2682 737 2737 Non
771 2685 912 2739 enim
964 2687 1134 2740 adhuc
1179 2687 1467 2743 humanum
1507 2702 1603 2742 cor
1644 2704 1789 2759 gero,

207 2789 391 2842 neque
426 2789 571 2844 qua:
600 2776 803 2843 cogito,
843 2776 1131 2830 secundum
1160 2778 1422 2831 hominem
1460 2779 1664 2847 cogito;
1701 2781 1791 2834 sed

207 2865 342 2932 quia
368 2866 695 2919 secundum
749 2863 1079 2933 Scripturam
1122 2866 1156 2919 ii
1203 2867 1268 2920 ad
1314 2882 1446 2936 quos
1475 2883 1653 2923 sermo
1698 2870 1792 2923 Dei

208 2956 301 3021 fit,
326 2958 396 3010 dii
423 2964 593 3022 sunt,
622 2970 724 3011 nec
746 2970 847 3025 ego
875 2957 987 3012 bzec
1018 2956 1268 3022 humana,
1296 2962 1390 3014 sed
1411 2960 1589 3014 divina
1618 2969 1794 3016 mente

207 3047 528 3115 prospicio.

282 3139 460 3211 472
515 3138 573 3193 5.
633 3154 653 3188 t
718 3136 969 3193 Potentes
1010 3139 1221 3208 populi,
1271 3140 1567 3195 benedicite
1615 3141 1794 3194 Domi-

209 3245 371 3294 num,
408 3228 518 3296 qui
565 3227 892 3281 ascendistis
929 3242 1091 3295 super
1124 3228 1360 3295 iumenta
1388 3228 1456 3282 “.
1497 3247 1517 3281 ι
1554 3228 1688 3294 Quid
1714 3240 1799 3283 est

210 3318 552 3374 ascendisse
576 3331 745 3384 super
774 3316 1109 3382 iumentum?
1136 3318 1334 3386 Corpus
1373 3318 1473 3371 hoc
1503 3333 1675 3372 meum
1711 3320 1795 3386 iu-

210 3417 469 3463 mentum
507 3415 602 3460 est
636 3422 651 3458 :
683 3405 752 3458 ad
783 3405 1144 3472 adiumentum
1181 3407 1321 3460 enim
1364 3416 1417 3461 et
1452 3408 1517 3460 ad
1557 3409 1796 3462 ministe-

209 3499 359 3555 rium
397 3499 607 3553 datum
637 3504 760 3549 est:
800 3510 899 3563 ego
944 3504 1119 3549 autem
1161 3511 1300 3559 sum,
1353 3497 1405 3550 id
1458 3506 1541 3550 est
1581 3498 1799 3552 interior

206 3582 552 3654 homo,'qui
589 3583 809 3637 ascendi
849 3596 1010 3650 super
1053 3582 1348 3647 iumentum
1392 3585 1510 3647 hoc,
1556 3586 1639 3640 cui
1670 3586 1800 3639 dici-

208 3685 333 3741 tur,
362 3689 420 3731 ut
459 3676 793 3730 benedicam
827 3672 1130 3727 Dominum.
1172 3674 1226 3728 Si
1273 3689 1398 3742 ergo
1447 3690 1573 3729 vere
1611 3691 1798 3731 ascen-

208 3767 349 3820 disti
378 3780 560 3833 supra
591 3777 811 3831 corpus,
841 3770 895 3815 et
923 3763 1161 3829 superior
1186 3761 1407 3817 effectus
1435 3767 1801 3832 corporalibus

206 3856 543 3917 desideriis,
594 3862 654 3907 et
702 3863 879 3906 motus
934 3853 1173 3919 corporis
1214 3853 1285 3905 tui
1335 3853 1481 3905 freno
1524 3858 1718 3910 mentis
1748 3866 1803 3911 et

205 3944 517 4000 interioris
581 3941 822 3995 hominis
888 3940 1247 3993 moderamine
1299 3941 1681 4009 gubernantur,
1736 3945 1802 3999 de

206 4042 269 4089 te
298 4033 548 4095 dicitur,
571 4031 702 4099 quia
731 4029 1023 4083 ascendisti
1050 4043 1211 4096 super
1232 4028 1528 4094 iumentum
1558 4033 1680 4098 hoc,
1714 4034 1801 4087 cui

206 4124 450 4188 dicitur,
508 4131 575 4175 ut
632 4118 924 4173 benedicas
978 4119 1277 4172 Dominum.
1330 4119 1463 4185 Quid
1501 4129 1675 4176 autem
1718 4134 1801 4179 est

202 4215 372 4286 quod
398 4211 704 4282 sequitur?
736 4236 755 4260 ι
796 4208 969 4276 Super
1015 4207 1276 4272 vehicula,
1306 4208 1478 4276 inquit
1517 4211 1585 4274 ⁸⁸,
1609 4214 1801 4268 seden-
1866 4244 1869 4245 ν

202 4313 331 4369 tes,
359 4315 412 4360 et
438 4317 623 4370 super
664 4301 847 4353 asinas
899 4295 1237 4363 refulgentes.
1270 4313 1288 4345 ι
1317 4293 1450 4359 Quid
1491 4298 1591 4352 sibi
1620 4302 1803 4355 viden-

206 4407 311 4451 tur
347 4411 475 4451 esse
505 4392 682 4447 asina:
731 4384 1091 4454 refulgentes?
1142 4386 1279 4439 Dicit
1317 4390 1458 4443 enim
1504 4390 1795 4458 Scriptura,

203 4488 353 4554 quia
387 4488 655 4553 oporteat
685 4477 1004 4532 benedicere
1030 4476 1312 4530 Dominum
1353 4492 1444 4532 eos
1490 4479 1579 4547 qui
1609 4480 1799 4535 sedent

202 4589 394 4642 super
446 4572 709 4627 vehicula
757 4578 814 4622 et
860 4584 1021 4636 super
1068 4571 1244 4623 asinas
1293 4569 1630 4638 refulgentes.
1674 4572 1794 4625 Mihi

198 4668 382 4720 velut
420 4666 481 4719 in
530 4662 674 4717 locis
722 4642 798 4714 ita
846 4658 1141 4713 dilIicilihus
1179 4660 1284 4713 tale
1322 4660 1518 4727 aliquid
1545 4662 1794 4715 videtur:

200 4773 348 4812 cum
377 4756 697 4823 iumentum
736 4754 858 4816 hoc,
887 4752 939 4804 id
980 4760 1063 4805 est
1096 4765 1290 4821 corpus
1325 4762 1520 4811 meum,
1547 4749 1644 4802 sub
1671 4750 1800 4819 iugo

202 4847 444 4901 venerit
468 4845 631 4898 verbi
664 4843 779 4907 Dei,
814 4854 939 4896 tunc
975 4842 1268 4896 vehiculum
1300 4838 1538 4906 corporis
1566 4839 1666 4891 mei
1712 4855 1800 4893 re—

200 4933 528 5003 :plendere
555 4930 817 4998 incipiet;
860 4938 918 4981 et
960 4929 1109 4982 asina
1145 4928 1277 4991 haec,
1310 4924 1360 4978 i.‘
1394 4931 1476 4977 est
1509 4938 1633 4978 caro
1665 4941 1801 4992 mea,

203 5037 363 5081 tunc
398 5022 686 5091 refulgere
714 5019 941 5080 dicetur,
979 5033 1096 5071 cum
1139 5016 1399 5070 castitatis
1437 5026 1500 5065 se
1535 5014 1802 5080 pudicitiae

204 5115 405 5172 fuerit
425 5110 730 5181 splendore
750 5108 1019 5161 decorata.
1046 5105 1112 5158 Et
1136 5106 1207 5158 ita
1231 5111 1375 5157 recte
1400 5100 1591 5155 dici'ur
1620 5104 1801 5160 anima

1219 344 1238 364 ¹
1289 351 1357 406 IN
1394 355 1648 411 LIBRUM
1677 353 1753 410 JU
1769 350 1975 406 DICUM
2001 338 2290 406 HOMILIA
2312 336 2426 401 VII.

3334 358 3438 414 978

1818 470 1866 522 Α
1890 465 2080 520 sedens
2106 473 2272 532 super
2295 460 2502 519 asinam
2526 463 2956 535 resplendentem
2978 473 3248 527 Dominum
3282 473 3437 528 bene-

1888 557 2081 621 dicere,
2111 564 2164 611 et
2199 554 2255 607 in
2294 554 2467 610 medio
2506 555 2800 610 laetantium
2849 555 3060 615 laudare
3094 564 3273 616 Deum.
3304 579 3323 610 ι
3356 561 3427 615 lbi

1888 644 2087 699 dabunt
2134 641 2368 713 iustitias
2407 644 2634 698 Domino
2661 643 2732 696 ⁸⁸.
2769 659 2788 692 ι
2822 640 3150 703 Sacrificium
3202 650 3426 703 Domino

1888 733 2016 788 illud
2046 742 2128 789 est
2165 732 2506 799 acceptabile,
2545 732 2686 801 quod
2735 733 2787 786 in
2819 730 3024 799 iustitia
3062 738 3281 791 offertur
3317 739 3424 793 Do-

1889 823 2032 876 mino
2061 830 2115 878 et
2149 824 2414 891 aequitate.
2459 822 2526 876 Et
2566 824 2686 877 ideo
2732 820 2926 876 dicitur
2945 824 2989 855 ³⁷
3016 846 3028 879 ;
3057 842 3075 874 ι
3111 824 3247 879 Justi
3295 841 3424 880 cou-

1887 909 2066 965 fortati
2088 921 2211 964 sunt
2232 915 2283 965 In
2308 910 2483 965 Israel.
2518 929 2537 961 ι
2569 910 2623 964 1η
2654 910 2774 964 aliis
2797 912 3009 977 quidem
3040 913 3305 980 gentibus,
3330 916 3419 982 qui

1889 1001 2125 1068 corporis
2147 1001 2335 1056 robore
2365 1001 2612 1056 fortiores
2637 1013 2778 1065 sunt,
2807 1002 2878 1054 illi
2914 1011 3155 1070 potentes
3179 1003 3422 1056 dicuntur

1889 1088 1940 1142 in
1967 1088 2149 1157 praelia
2175 1110 2187 1143 :
2216 1090 2266 1141 in
2300 1089 2457 1145 Israel
2488 1104 2612 1142 vero
2636 1090 2726 1157 qui
2745 1088 2996 1158 iustiores
3037 1097 3179 1153 sunt,
3205 1090 3299 1157 ipsi
3328 1107 3394 1158 po

1893 1178 2150 1231 lentiores
2183 1177 2434 1231 dicuntur
2486 1178 2538 1231 in
2585 1178 2738 1233 hellis
2768 1196 2781 1231 :
2812 1177 2932 1245 quia
2971 1178 3177 1245 iustitia
3212 1180 3419 1234 etiamsi

1889 1266 2088 1321 viribus
2130 1266 2340 1320 inﬁrma
2371 1267 2464 1331 sit,
2494 1267 2657 1320 vincit
2678 1284 2692 1320 :
2715 1266 2966 1333 iniustitia
2994 1282 3139 1330 vero,
3162 1268 3259 1322 etsi
3288 1269 3421 1320 mul-

1890 1365 1972 1410 tos
2010 1366 2063 1410 et
2102 1356 2301 1411 validos
2344 1365 2662 1426 pugnatores
2709 1357 2931 1421 habeat,
2972 1366 3272 1424 superatur.
3327 1353 3418 1409 Sic

1876 1444 2047 1511 igitur
2074 1443 2122 1496 iu
2148 1444 2244 1497 hac
2269 1452 2424 1510 gente
2451 1454 2649 1506 nostra,
2687 1444 2737 1498 id
2775 1453 2856 1498 est
2886 1444 2937 1497 in
2966 1444 3157 1513 populo
3186 1445 3297 1507 Dei,
3326 1458 3422 1512 per

1886 1532 2139 1601 iustitiam
2194 1548 2543 1602 superamus,
2597 1541 2687 1587 aut
2738 1548 2835 1602 per
2890 1532 3201 1601 iniustitiam
3249 1533 3419 1586 vinci-

1890 1636 2026 1674 mur.

1958 1710 2009 1764 6.
2038 1729 2057 1762 ‹
2098 1710 2353 1779 Exsurge,
2394 1712 2631 1766 Debbora
2655 1751 2669 1775 ,
2719 1724 2945 1781 exsurge
2969 1720 3021 1765 et
3052 1712 3245 1766 suscita
3287 1712 3420 1765 dena

1891 1799 2051 1852 millia
2072 1799 2643 1868 populi”.ri’rophetia
2665 1801 2875 1867 quando
2896 1798 3422 1868 exsurgit‘iProfecto

1889 1888 1941 1941 in
1966 1888 2191 1942 adventu
2220 1887 2429 1942 Domini
2459 1907 2473 1943 :
2498 1898 2553 1943 et
2579 1904 2683 1944 non
2712 1890 2878 1942 solum
2907 1891 3019 1957 ipsa
3046 1892 3300 1959 exsurgit,
3327 1890 3419 1944 sed

1888 1988 1942 2031 et
1971 1978 2190 2046 populos
2226 1979 2450 2033 suscitat
2478 1979 2544 2032 ad
2592 1979 2933 2032 credendum.
2961 1998 2980 2029 ι
3017 1980 3290 2046 Captivam
3322 1979 3421 2031 du-

1889 2068 1995 2121 cito
2010 2068 2387 2136 captivitatem,
2409 2068 2479 2121 lili
2498 2069 2754 2123 Abinoem
2768 2070 2831 2121 3’.
2848 2088 2866 2120 ι
2885 2070 3140 2123 Abinoem
3163 2069 3421 2134 responsio

1888 2158 2050 2224 patris
2090 2157 2469 2225 interpretatur
2501 2158 2631 2227 (74).
2669 2159 2834 2227 liuius
2879 2159 3018 2212 filius
3063 2168 3145 2210 est
3197 2157 3420 2209 Burach.

1889 2245 2252 2314 Captivitatem
2280 2248 2345 2303 de
2370 2250 2603 2303 hostibus
2635 2249 2828 2316 capiet,
2855 2249 2941 2317 qui
2978 2232 3423 2303 cmlestis‘Patris

1890 2350 2137 2403 responsa
2164 2336 2476 2390 servaverit.
2507 2354 2526 2385 ‹
2558 2336 2800 2398 Domine,
2838 2334 3051 2389 humilia
3088 2334 3214 2387 mihi
3241 2332 3423 2387 fortio-

1892 2438 1978 2478 res
2000 2439 2081 2478 me
2104 2426 2170 2479 9°.
2204 2444 2223 2475 ι
2253 2424 2360 2479 Vox
2384 2426 2484 2479 ista
2511 2425 2742 2479 ﬁdelium
2768 2435 2869 2488 est,
2898 2425 3261 2481 confitentium
3296 2424 3425 2476 sim-

1891 2513 2099 2581 pliciter
2122 2512 2369 2568 fortiores
2391 2529 2509 2568 esse
2532 2515 2776 2569 inimicos
2807 2528 2952 2578 suos,
2977 2515 3254 2568 adversum
3293 2526 3425 2580 quos

1892 2603 2042 2657 nobis
2077 2618 2248 2673 pugna
2290 2614 2342 2658 et
2380 2613 2646 2659 certamen
2685 2614 2767 2659 est
2800 2621 2814 2657 :
2859 2603 2981 2671 quia
3017 2616 3118 2656 non
3156 2609 3240 2654 est
3274 2599 3425 2654 nobis

1891 2707 2063 2761 pugna
2098 2696 2350 2749 adversus
2378 2710 2592 2750 carnem
2617 2707 2671 2750 et
2694 2695 3024 2764 sanguinem.
3048 2691 3292 2760 Alioquin
3322 2704 3425 2744 non

1890 2793 2031 2839 esset
2064 2786 2215 2841 nobis
2244 2786 2430 2840 fortior
2458 2785 2811 2841 adversarius.
2840 2783 2945 2838 Sed
2974 2780 3221 2850 quoniam
3244 2780 3427 2834 adver-

1892 2890 2008 2929 sum
2041 2875 2369 2943 principatus
2395 2885 2450 2930 ct
2494 2883 2802 2942 potestates,
2841 2881 2896 2926 et
2930 2873 3207 2927 adversum
3244 2870 3424 2924 mundi

1892 2964 2048 3033 huius
2083 2974 2315 3019 rectores
2361 2964 2717 3027 tenebrarum,
2746 2971 2802 3016 et
2837 2962 3113 3016 adversum
3160 2960 3425 3030 spiritalia

1820 1767 1862 1821 Β

1765 3115 1770 3119 ε
1819 3071 1860 3128 ο
1892 3054 2138 3122 nequitiae
2191 3061 2272 3110 est
2329 3054 2626 3116 luctamen,
2684 3052 2881 3110 idcirco
2939 3051 3068 3105 dicit
3117 3051 3425 3120 propheta:

1897 3162 1916 3195 ι
1946 3144 2197 3208 Domine,
2244 3145 2462 3198 humilia
2506 3145 2632 3198 mihi
2679 3143 2929 3197 fortiores
2974 3155 3074 3194 me.
3108 3140 3425 3205 iQuomodo

1892 3235 2032 3288 enim
2057 3249 2160 3288 non
2186 3235 2298 3288 haec
2322 3244 2464 3288 tanta
2496 3235 2776 3303 spirituum
2796 3235 2895 3296 vis,
2915 3234 3068 3302 longe
3090 3231 3159 3285 sit
3196 3232 3426 3296 humana

1894 3323 2175 3392 fragilitate
2212 3323 2614 3377 vehementior?
2659 3321 2762 3376 Sed
2812 3322 2863 3375 in
2910 3335 2973 3375 eo
3023 3320 3159 3373 Deus
3211 3318 3430 3385 adiuvat

1896 3412 2250 3465 infirmitatem
2295 3419 2560 3474 nostram,
2603 3410 2655 3464 in
2707 3424 2811 3477 quo
2853 3408 2984 3462 dicit
3022 3408 3301 3474 Apostolus
3329 3405 3376 3438 “
3411 3423 3425 3458 :

1900 3519 1916 3551 ι
1957 3500 2145 3555 Omnia
2176 3513 2387 3568 possum
2415 3500 2466 3552 in
2496 3513 2559 3553 eo
2587 3498 2678 3566 qui
2703 3512 2787 3551 me
2825 3496 3109 3557 confortat,
3141 3515 3160 3546 ι
3188 3495 3424 3549 Christo.

1896 3590 2028 3642 Sunt
2052 3589 2164 3640 istae
2187 3587 2400 3654 quidem
2442 3587 2666 3639 virtutes
2710 3585 2959 3639 fortiores
2992 3584 3178 3636 nobis:
3210 3581 3301 3635 sed
3333 3582 3428 3634 ite-

1897 3691 2010 3729 rum
2041 3675 2201 3742 quiin
2227 3673 2378 3727 nobis
2415 3683 2497 3727 est
2525 3672 2786 3734 Christus,
2820 3681 2874 3725 et
2895 3670 3164 3725 confortat
3200 3682 3320 3731 nos,
3347 3676 3429 3721 est

1893 3764 2127 3818 omnium
2160 3761 2378 3826 fortior;
2419 3762 2502 3814 cui
2538 3768 2620 3815 est
2658 3760 2823 3829 gloria
2853 3771 2906 3814 et
2940 3758 3215 3826 imperium
3252 3756 3303 3811 in
3337 3771 3430 3811 sne-

1896 3855 2012 3908 cula
2047 3852 2377 3907 saeculorum.
2410 3851 2597 3904 Amen.

2446 3960 2724 4018 HOMILIA
2763 3958 2873 4015 VII.

1896 4052 1971 4106 De
2009 4069 2067 4107 eo
2107 4052 2242 4122 quod
2292 4051 2531 4105 translati
2545 4058 2695 4170 ius;
2754 4047 2853 4113 ﬁlii
2906 4044 3074 4099 Israel
3129 4046 3184 4097 in
3245 4057 3430 4095 manus

2604 4135 2633 4170 a
2674 4131 2782 4168 tan.

2604 4131 2782 4170 autan.

1968 4212 2018 4264 I.
2038 4208 2276 4275 Quiescit
2304 4213 2444 4261 terra
2472 4207 2640 4260 donec
2665 4203 2887 4271 quiescit
2910 4208 3207 4270 peccatum.
3233 4199 3430 4252 Moverl

1901 4308 2076 4353 autem
2104 4299 2297 4353 dicitur
2319 4305 2479 4359 terra,
2510 4296 2610 4349 hoc
2629 4301 2733 4355 est,
2757 4292 2791 4344 ii
2820 4291 2908 4358 qui
2934 4290 3173 4343 habitant
3205 4297 3429 4351 terram,

1830 4374 1874 4428 Ῑ)
1902 4405 2020 4444 cum
2041 4389 2246 4442 animas
2272 4386 2542 4440 hominum
2574 4395 2787 4437 movere
2812 4378 3070 4446 cmperint
3088 4415 3104 4440 ,
3145 4385 3198 4430 et
3226 4385 3432 4444 pertur-

1902 4480 2030 4532 bare
2061 4484 2294 4546 peccata.
2326 4475 2395 4528 Et
2434 4473 2557 4545 ideo
2588 4471 2841 4538 scriptum
2870 4477 2953 4521 est
2996 4468 3095 4520 hoc
3127 4467 3267 4535 quod
3291 4479 3432 4517 nunc

1902 4581 2132 4637 praesens
2161 4565 2317 4619 lectio
2339 4564 2594 4619 continet.
2630 4578 2650 4612 ι
2684 4560 2748 4613 Et
2769 4558 2987 4627 quievit,
3015 4556 3266 4625 inquit”,
3290 4563 3430 4606 terra

1902 4654 2247 4723 quadraginta
2278 4652 2451 4707 annis.
2481 4651 2546 4703 Et
2566 4650 2805 4704 fecerunt
2831 4648 2921 4701 lilii
2956 4646 3113 4699 Israel
3142 4643 3430 4711 malignum

1903 4745 1954 4796 in
1986 4752 2268 4809 conspectu
2301 4740 2526 4801 Domini,
2550 4746 2602 4792 et
2635 4737 2851 4790 tradidit
2886 4749 2979 4788 eos
3011 4735 3059 4787 in
3104 4747 3291 4785 manus
3323 4732 3435 4782 Ma-

1901 4833 2021 4886 diau
2068 4832 2222 4884 anuis
2261 4837 2482 4896 septem,
2526 4836 2579 4881 et
2626 4827 2849 4880 invaluit
2890 4824 3093 4877 Madian
3144 4835 3303 4886 super
3354 4821 3432 4872 ls-

1902 4924 2013 4977 rael
2040 4920 2104 4974 ⁸⁸.
2143 4941 2162 4972 ι
2196 4923 2323 4974 Dum
2367 4928 2507 4973 esset
2548 4933 2675 4986 ergo
2709 4917 2912 4987 iustitia
2948 4915 2999 4966 in
3048 4923 3213 4971 terra,
3260 4909 3312 4960 id
3353 4917 3437 4960 est

1902 5014 1956 5067 in
1990 5012 2054 5066 iis
2084 5012 2173 5079 qui
2211 5011 2450 5064 habitant
2493 5018 2709 5070 terram,
2736 5007 2999 5074 quievisse
3030 4999 3220 5052 dicitur
3249 5004 3433 5056 terra;

1904 5116 2022 5157 cum
2052 5116 2176 5157 vero
2210 5102 2432 5155 increvit
2458 5098 2728 5165 iniquitas,
2768 5104 2824 5148 et
2863 5093 3104 5147 fecerunt
3139 5085 3247 5153 (75)
3279 5083 3438 5133 mali-

282 5263 747 5328 ιοοειιυά.γ,9.
809 5262 1173 5323 ⁸¹Ριιί1.ιιι,8.
1221 5259 1595 5328 "lCor.lt,9_.
1651 5261 1986 5328 “Jud.v,9.
2022 5262 2102 5315 to.
2163 5258 2464 5313 "unus.
2520 5255 2815 5311 “ibidJl.
2874 5248 3067 5303 "ibid.
3127 5237 3445 5328 ⁸⁸11)ίῷίέ-

199 5343 257 5376 ⁸⁹
302 5341 457 5397 ibid.
533 5335 587 5369 ”
618 5325 756 5389 ibid.
789 5332 873 5385 15.
942 5333 984 5362 ⁸⁸
1014 5332 1194 5398 Philip.
1215 5346 1286 5395 tv,
1316 5329 1406 5381 15.
1482 5328 1525 5357 ⁸³
1550 5325 1674 5381 Iud.
1709 5346 1762 5395 ν,
1793 5325 1897 5388 52(
1953 5331 1997 5364 ’³
2022 5331 2221 5392 Jud.v|,
2250 5329 2301 5381 1.
2558 5344 2563 5349 ’
2646 5344 2650 5348 ·
3286 5326 3298 5336 ⁸

288 5430 430 5503 (75)
461 5427 558 5481 Sic
578 5438 732 5503 ipss.
766 5420 1053 5503 Librivero
1080 5421 1221 5503 editi,
1242 5439 1260 5471 ‹
1292 5420 1365 5472 ita
1403 5415 1622 5484 spiritus
1652 5432 1804 5485 pum

204 5491 462 5559 manus,
492 5494 595 5559 qui
634 5491 851 5542 sincere
879 5499 1045 5559 canat,
1075 5498 1145 5541 ut.
1183 5507 1203 5559 ρ

290 5553 743 5637 (74))4ὖὶηοςω
781 5556 1031 5637 responsio
1067 5554 1648 5637 potria‘t'r‘tiffprelalur.
1685 5553 1804 5637 hic:

202 5618 342 5693 ηυξ
407 5618 784 5685 'verteretur,
833 5618 869 5671 ι’
908 5618 1164 5677 auttBnilas
1220 5618 1429 5687 patris,
1485 5637 1504 5669 ι
1570 5623 1639 5675 ab
1690 5630 1805 5684 ειη

1913 5440 1932 5472 ι
1978 5422 2278 5484 ωιιωηὶιειε,
2321 5437 2341 5489 ξ
2379 5427 2533 5489 θιὲκ
2565 5434 2583 5464 ι
2618 5418 2784 5489 PM?"
2823 5427 2843 5459 ’
2928 5480 2938 5489 .
3030 5485 3044 5489 _
3097 5457 3253 5489 una.
3303 5455 3390 5489 mi:

1979 5455 2288 5560 ῖὲἓῗὶίίἐῗῖέ
2321 5455 2964 5560 ἶηξὲρτξιρἔῗῖὁὲρὲυηι.
3029 5485 3049 5516 ›
3097 5457 3253 5515 Libb.
3303 5455 3471 5520 editi.

1922 5575 1935 5585 -
1972 5550 2340 5613 ἰ“υςι⁵θγθῐὶἰ....
2377 5550 2623 5605 fecerint.
2655 5564 2681 5596 ι
