3806 6190
508 356 578 411 79
810 398 819 413 .,
1885 326 2200 390 ORIGENIS
3546 308 3628 366 tuo

477 482 640 540 gnum
675 468 726 521 in
758 473 1042 534 conspectu
1075 460 1306 525 Domini,
1334 478 1353 512 ι
1391 469 1517 514 tunc
1557 456 1789 518 tradidit,
1829 450 2018 518 inquit,
2048 445 2096 501 A
2123 442 2357 498 libenter
2384 436 2675 500 ascendat.
2715 434 3027 502 depereunt
3062 427 3237 483 omnia
3262 441 3372 495 qua?
3395 428 3518 493 ιπῑιιε
3540 429 3624 484 τυθ-

2274 534 2287 540 -
2368 531 2384 540 .
2628 539 2664 540 γέ
3028 527 3330 540 --------.,
3391 516 3617 540 η---.---,

476 516 574 615 ξος
622 516 974 609 ῡοιηίηιιεῐὶη
1034 566 1221 606 manus
1278 549 1484 602 Madian
1535 548 1684 600 anuis
1720 516 1941 611 septem.
1988 557 2006 588 ›
2117 542 2241 588 rant
2273 534 2327 586 in
2368 531 2573 585 horreo
2608 522 2977 580 conscientiae
3022 527 3355 587 congregata.
3391 516 3621 585 Propterea

482 648 591 701 Nec
619 646 866 699 dicuntur
909 642 1196 695 invaluisse
1234 638 1532 692 Madianitm
1578 648 1734 702 Super
1765 608 2014 700 poliulum
2118 640 2247 694 ergo
2281 622 2583 690 Scriptura:
2617 622 2837 672 sancta:
2873 612 3034 666 nobis
3067 608 3322 664 servanda
3348 610 3623 662 commonitio

481 736 712 796 Domini,
753 735 921 788 donec
972 741 1234 800 praecepta
1280 728 1485 783 Domini
1520 724 1740 794 populus
1785 718 2017 774 custodi-
2118 725 2204 771 est
2236 713 2474 769 dicentis
2493 712 2584 764 9°:
2625 726 2646 760 ι
2673 707 2842 763 Omni
2876 702 3125 758 custodia
3162 714 3310 754 serva
3348 707 3474 752 tuum
3505 714 3621 754 cor.»

480 828 577 880 vit.
607 827 736 880 Cum
772 839 895 878 vero
924 787 1193 892 negligere
1223 820 1384 885 cmpit
1419 787 1663 870 mandata
1702 811 1901 871 divina,
1932 821 2020 860 ro-
2119 800 2557 859 Custodiendum
2599 804 2691 865 est
2732 793 2904 861 igitur
2941 805 3038 845 cor
3086 790 3152 842 ab
3183 787 3319 841 omni
3363 797 3561 854 peccato,
3589 798 3625 840 et

483 917 688 969 bustior
715 922 768 967 et
792 913 1014 966 validior
1044 909 1231 965 eti‘ecta
1255 920 1334 962 est
1356 908 1611 960 adversus
1640 918 1759 957 eum
1785 901 2017 967 hostium
2120 891 2395 960 praecipue
2445 889 2503 942 in
2545 894 2801 950 tempore
2850 876 3264 949 persecutionis.
3314 873 3364 928 Si
3415 874 3488 928 cui
3524 876 3623 928 enim

486 1019 693 1059 manus.
729 1003 794 1057 Et
833 1002 1112 1057 adversum
1152 1001 1364 1068 quidem
1411 997 1555 1050 illum
1587 995 1816 1062 priorem
1854 1003 2021 1058 popu-
2122 983 2362 1046 accidat,
2394 988 2456 1033 ut
2504 977 2559 1031 in
2606 973 2801 1043 aliquo
2857 970 3079 1040 quidem
3133 979 3361 1035 tempore
3401 977 3625 1036 congreget

385 1097 397 1106 '
486 1091 594 1147 lum
633 1092 935 1161 corporales
971 1091 1314 1159 insurgebant
1353 1088 1565 1149 hostes,
1608 1098 1728 1138 cum
1765 1056 2020 1148 deliquisv
2123 1074 2338 1128 fructus
2365 1068 2620 1140 iustitiae,
2664 1062 2968 1130 conquirat
3001 1072 3163 1125 opera
3192 1056 3451 1117 virtutum,
3481 1063 3626 1109 etum-

488 1194 603 1247 set;
637 1146 913 1235 adversum
942 1194 1038 1233 nos
1066 1146 1263 1238 au‘iem,
1294 1177 1382 1246 qui
1412 1146 1572 1229 Israel
1603 1146 2024 1237 secundumispi-
2124 1164 2289 1217 nibus
2333 1176 2394 1216 se
2424 1155 2849 1230 probatissimis
2890 1150 3107 1207 excolat
3137 1146 3434 1216 disciplinis,
3472 1147 3514 1200 in
3536 1162 3622 1214 per-

486 1272 648 1325 ritum
688 1270 797 1340 (76)
835 1268 1093 1334 dicimur,
1155 1236 1410 1333 spiritalis
1460 1265 1576 1317 sine
1639 1261 1799 1315 dubio
1854 1236 2024 1312 hostis
2125 1251 2428 1308 secutionis
2469 1262 2604 1303 vero
2641 1256 2900 1313 tempore
2949 1241 3177 1307 deneget
3214 1237 3386 1299 fidem,
3419 1236 3504 1290 iste
3535 1249 3623 1288 con-

491 1361 740 1430 insurgit,
796 1367 850 1413 et
899 1374 1019 1413 cum
1070 1358 1313 1411 mandata
1366 1353 1457 1407 Dei
1506 1351 1850 1420 negligimus,
1903 1361 2025 1399 cum
2126 1342 2242 1397 dita
2285 1340 2468 1395 omnia
2538 1333 2881 1398 evacuavit,
2934 1344 3001 1385 ex
3065 1326 3308 1383 omnibus
3355 1323 3623 1377 facultatibus

488 1450 759 1504 Christum
793 1446 1199 1509 contemnimus,
1225 1443 1452 1497 validior
1479 1441 1758 1494 adversum
1791 1451 1887 1490 nos
1918 1449 2027 1487 ma-
2128 1432 2241 1486 suis
2272 1430 2450 1483 nudus
2480 1433 2718 1495 repente
2762 1431 2819 1479 et
2847 1419 3033 1475 inanis
3069 1414 3288 1470 eﬂ‘ectus
3314 1422 3405 1474 est,
3436 1412 3535 1480 quia
3565 1412 3625 1466 diu

489 1556 588 1596 nus
623 1541 920 1594 daemonum
945 1536 1169 1591 etIicitur
1203 1553 1216 1587 :
1248 1543 1301 1587 et
1331 1532 1588 1585 tradimur
1609 1529 1768 1585 etiam
1803 1540 1898 1579 nos
1929 1524 2029 1577 iui-
2129 1520 2425 1589 quaesitus,
2477 1526 2533 1571 et
2583 1514 2763 1569 multo
2810 1511 2905 1566 vix
2954 1509 3143 1563 labore
3193 1505 3459 1567 collectus,
3500 1501 3625 1555 subito

492 1631 665 1693 micis,
692 1644 811 1685 cum
845 1627 1141 1682 deserimur
1168 1642 1196 1678 a
1233 1626 1425 1693 gratia.
2129 1612 2311 1665 omnis
2338 1608 2543 1663 eﬂ‘usus
2572 1614 2663 1661 est
2694 1604 2857 1659 labor
2883 1618 2898 1655 :
2935 1610 2992 1655 et
3024 1600 3167 1654 sicut
3198 1597 3325 1651 dicit
3351 1595 3561 1665 propheta
3579 1591 3623 1655 η,

557 1719 611 1772 2.
645 1716 750 1772 Sed
784 1716 1055 1771 videamus
1079 1714 1202 1780 quid
1232 1688 1425 1765 accidit
1447 1711 1545 1775 eis,
1577 1708 1666 1776 qui
1698 1703 1877 1758 traditi
1908 1709 2032 1754 sunt
2065 1747 2107 1801 Β
2140 1719 2159 1751 ι
2187 1715 2376 1754 omnes
2405 1697 2638 1768 iustitiae
2676 1693 2801 1763 ejus
2829 1706 2969 1761 quas
3008 1688 3158 1753 fecit,
3189 1699 3294 1740 non
3326 1694 3626 1739 commemora-

1540 1800 1546 1801 ,
1667 1796 1678 1801 -
1736 1794 1769 1801 -.
1840 1793 1921 1801 -...
1959 1791 1973 1801 .
2143 1792 2154 1801 .
2453 1788 2495 1801 ς.
2604 1795 2647 1801 ,ν
2712 1799 2749 1801 ,4
2816 1795 2940 1801 ___-
2991 1779 3185 1801 ειμι---
3233 1776 3528 1801 Ληλιλιυιηι...
3558 1769 3626 1801 nn.

490 1823 587 1877 pro
618 1806 849 1876 peccatis
879 1804 1005 1858 suis.
1048 1821 1067 1852 ι
1100 1769 1164 1855 iit
1205 1801 1487 1870 fugerunt,
1533 1769 1709 1864 inquit
1732 1794 1801 1857 ⁸⁸,
1835 1793 1923 1845 filii
1959 1791 2036 1844 Is-
2066 1769 2107 1801 ³⁵
2141 1792 2366 1845 buntur.
2389 1808 2408 1840 ›
2453 1788 2765 1856 Propterea
2805 1795 2970 1850 ergo,
2991 1779 3210 1837 fratres,
3231 1776 3528 1842 deprecemur
3558 1769 3626 1821 Do-

491 1899 603 1952 rael
637 1912 665 1950 a
694 1896 829 1951 facie
854 1893 1058 1947 Madiau
1087 1906 1179 1958 per
1205 1898 1349 1958 septa
1377 1890 1429 1943 in
1461 1887 1817 1949 montibus,et
1840 1884 1890 1935 in
1914 1893 2037 1947 spe-
2141 1881 2346 1936 minum
2376 1877 2709 1933 confitentes
2733 1874 2786 1929 ci
2819 1870 3195 1926 infirmitatem
3229 1873 3463 1927 nostram,
3488 1874 3538 1915 ne
3558 1874 3624 1912 nos

489 1984 685 2051 Iuneis,
701 1993 754 2039 et
774 1984 826 2037 in
858 1982 1276 2043 munitionibus;
1301 1988 1350 2033 ct
1379 1975 1707 2031 efficiebatur
1734 1987 1854 2027 cum
1887 1970 2042 2023 semi-
2143 1971 2318 2025 tradat
2350 1969 2404 2023 in
2439 1981 2636 2022 manus
2670 1963 2919 2023 Madian,
2950 1974 3018 2014 ne
3044 1957 3222 2012 tradat
3257 1954 3426 2009 bestiis
3456 1952 3622 2003 animam

492 2084 676 2130 nasset
701 2074 782 2127 vir
810 2071 996 2136 Israel,
1020 2069 1374 2124 ascendebant
1400 2064 1606 2119 Madian
1639 2072 1694 2118 et
1720 2060 1956 2123 Amalec,
1986 2065 2042 2111 et
2142 2056 2487 2110 conﬁtentem
2518 2051 2650 2115 sibi,
2681 2064 2754 2104 ne
2797 2061 2901 2101 nos
2928 2045 3108 2098 tradat
3137 2043 3189 2096 in
3229 2053 3400 2095 manus
3425 2045 3620 2106 potentum

495 2165 587 2217 filii
613 2162 844 2217 Orientis
870 2174 1033 2229 super
1061 2173 1172 2224 eos,
1196 2166 1248 2212 et
1270 2154 1713 2224 superveniebant
1741 2151 1839 2214 eis,
1866 2158 1917 2204 et
1941 2162 2040 2202 ex-
2140 2159 2330 2201 eorum
2358 2143 2455 2212 qui
2486 2142 2703 2206 dicunt,
2732 2137 2973 2204 Quando
3002 2134 3181 2188 veniet
3222 2142 3409 2199 tempus
3446 2137 3491 2181 ut
3518 2127 3621 2181 detur

495 2254 1050 2309 terntinabantomnes
1074 2249 1277 2302 fructus
1304 2255 1773 2311 terrm.usquequo
1794 2236 2041 2308 perveni-
2140 2237 2295 2291 nobis
2334 2243 2575 2304 potestas
2630 2232 2901 2285 adversus
2938 2225 3293 2289 Christianos,
3323 2220 3502 2292 quando
3545 2226 3618 2269 Ira-

496 2353 644 2397 relur
664 2344 714 2395 in
737 2341 957 2396 Gazam.
979 2358 997 2389 ›
1017 2338 1138 2393 Haec
1152 2337 1360 2405 quidem
1379 2330 1903 2404 patiebaturille,qui
1927 2335 2043 2383 erat
2141 2327 2336 2380 dentur
2366 2326 2417 2378 in
2447 2338 2647 2377 manus
2679 2330 2904 2376 nostras
2937 2318 3029 2372 isti
3063 2314 3155 2385 qui
3185 2314 3432 2367 se'dicunt
3463 2310 3618 2371 habere,

494 2433 786 2488 secundum
823 2443 1036 2484 carnem
1081 2427 1261 2482 Israel.
1317 2425 1627 2480 Seminabat
1676 2431 1901 2485 terram,
1945 2420 2039 2474 sed
2139 2417 2224 2469 vel
2258 2429 2418 2470 nosse
2454 2414 2669 2468 Deum?
2705 2411 2869 2478 Quod
2900 2418 2957 2464 et
3001 2409 3046 2465 si
3085 2405 3364 2470 tradamur,
3398 2410 3443 2457 et
3467 2412 3618 2467 accepe-

495 2522 743 2590 quoniam
762 2534 858 2590 pro
876 2517 1108 2587 peccatis
1124 2517 1234 2571 suis
1260 2516 1483 2568 traditus
1505 2521 1620 2566 erat
1647 2509 2042 2578 insurgentibus
2142 2508 2253 2561 rint
2283 2513 2617 2574 potestatem
2654 2501 2858 2565 nostri,
2884 2513 3105 2553 oremus
3136 2495 3360 2563 accipere
3386 2508 3411 2545 a
3442 2491 3527 2543 Deo
3547 2490 3617 2540 rir-

498 2611 761 2671 Inimicis.
801 2623 901 2678 pro
936 2606 1176 2675 frugibus
1207 2603 1597 2672 corruptionem
1637 2600 1887 2655 metebat.
1930 2596 2041 2651 No-
2146 2605 2335 2660 tutetn,
2368 2603 2427 2648 ut
2458 2594 2747 2648 sustinere
2774 2590 3093 2661 possimus:
3120 2596 3250 2640 utet
3282 2585 3396 2638 Iides
3423 2589 3556 2634 nostra
3583 2578 3616 2629 in

498 2699 585 2755 bis
606 2713 733 2753 vero
752 2697 842 2765 qui
868 2695 1156 2750 secundum
1193 2695 1435 2763 spiritum
1479 2691 1641 2747 Israel
1682 2690 2039 2751 nominamur,
2143 2685 2408 2754 pressuris
2438 2693 2495 2737 et
2525 2679 3004 2737 tribulationibus
3032 2676 3228 2732 clarior
3263 2675 3364 2735 fiat,
3388 2679 3435 2722 ut
3466 2682 3535 2737 per
3554 2679 3617 2732 pa-

503 2789 629 2855 quid
657 2788 763 2841 tale
784 2785 1022 2839 accidere
1059 2757 1236 2851 potest
1266 2782 1682 2836 consideremus.
1714 2778 1805 2831 Est
1829 2775 2042 2845 quando
2143 2776 2386 2830 tientiam
2417 2780 2670 2827 nostram
2706 2771 2934 2826 illorum
2964 2774 3242 2836 superetur
3267 2757 3548 2832 impudentia,
3565 2761 3617 2815 et,

503 2876 664 2949 573
695 2875 1035 2936 seminamus,
1077 2881 1128 2925 et
1160 2886 1261 2926 non
1292 2880 1515 2939 possunt
1562 2867 1761 2922 inimici
1795 2880 2040 2919 corrum-
2142 2867 2283 2921 sicut
2311 2864 2449 2918 dixit
2474 2863 2774 2928 Dominus,
2801 2861 2858 2914 in
2889 2871 3076 2914 nostra
3100 2854 3341 2926 patientia
3365 2848 3619 2917 acquiramns

505 2978 634 3033 pere
666 2962 867 3017 semina
902 2974 1019 3029 quae
1045 2959 1392 3022 seminamus,
1418 2973 1523 3012 non
1563 2962 1788 3025 possunt
1818 2954 1930 3022 apri
1962 2954 2042 3004 in-
2143 2954 2359 3008 animas
2408 2962 2638 3005 nostras
2678 2949 2728 2980 ’⁸
2773 2965 2789 3000 :
2824 2948 2955 3015 quia
3018 2963 3039 2997 ἰ
3086 2942 3343 2998 tribulatio
3390 2930 3616 3005 patientiam

506 3051 691 3106 sidiari
742 3049 960 3104 cultura:
994 3058 1223 3101 nostras:
1259 3055 1342 3101 est
1386 3023 1577 3100 autemﬁ
1611 3045 1830 3113 quando
1878 3040 2041 3095 semi-
2069 3045 2111 3101 C
2143 3051 2412 3110 operatur,
2449 3038 2726 3108 patientia
2754 3051 2890 3092 vero
2930 3034 3318 3104 probationem,
3346 3023 3537 3097 probatio
3554 3032 3618 3069 au-

506 3153 697 3194 namus
735 3148 789 3193 et
832 3145 1244 3203 corrumpuntur
1286 3150 1405 3203 quae
1458 3112 1800 3189 seminamus.
1847 3132 2041 3185 Paulus
2144 3139 2248 3182 tem
2278 3143 2426 3197 spem
2450 3127 2520 3183 θ’.
2546 3145 2567 3177 ι
2608 3126 2901 3181 Pertendit
2931 3125 3077 3180 enim
3119 3129 3297 3176 nostra
3325 3112 3521 3186 probatio
3544 3119 3614 3159 non

507 3244 605 3284 .tos
638 3229 908 3297 apostolus
935 3227 1000 3281 de
1027 3227 1126 3280 hac
1164 3199 1458 3279 seminandi
1493 3224 1683 3277 doceat
1724 3221 2041 3276 diITereutia.
2142 3232 2310 3284 usque
2340 3217 2407 3270 ad
2441 3214 2680 3269 verbera
2710 3205 2917 3276 solum,
2946 3211 3040 3267 sed
3070 3220 3234 3277 usque
3254 3206 3314 3259 ad
3342 3199 3611 3291 profusioneut

507 3279 1087 3384 Ituvdiiiergovipse-quid
1110 3279 1283 3367 dicit:
1318 3330 1336 3362 ι
1365 3311 1463 3377 Qui
1489 3311 1740 3375 seminat,
1767 3309 1941 3377 inquit
1974 3308 2041 3371 ⁸³,
2142 3279 2419 3375 sanguinis
2452 3306 2754 3373 pervenit:
2790 3304 2920 3373 quia
2966 3308 3022 3355 et
3049 3297 3287 3355 Christus
3327 3302 3455 3358 quem
3486 3279 3613 3350 sequi-

506 3407 563 3460 in
603 3419 784 3469 carne,
809 3404 873 3458 de
898 3417 1056 3458 carne
1089 3410 1252 3454 metet
1295 3399 1714 3467 corruptionem.
1746 3397 1813 3451 Et
1840 3398 1931 3466 qui
1964 3414 2046 3451 se-
2110 3372 2285 3459 'mur,
2332 3372 2873 3464 prorredemptione
2929 3396 3113 3443 nostra
3168 3381 3340 3438 eli‘udit
3386 3372 3612 3444 sanguinem

509 3494 678 3547 minat
702 3493 753 3544 in
782 3490 987 3556 spiritu,
1015 3492 1078 3544 de
1104 3489 1292 3557 spiritu
1324 3495 1489 3540 metet
1515 3486 1676 3539 vitam
1714 3494 1994 3539 aeternam.
2022 3501 2040 3534 ι
2146 3457 2414 3551 summ-ut
2447 3483 2577 3537 inde
2626 3457 2900 3538 egeamus
2929 3478 3025 3532 loti
3071 3469 3318 3541 sanguine
3353 3476 3513 3523 nosuo.
3539 3457 3606 3509 Bt-

512 3580 603 3637 Isti
637 3593 762 3636 sunt
805 3595 952 3650 ergo,
986 3593 1211 3648 quorum
1245 3576 1448 3631 semina
1480 3574 1781 3628 Madianitze
1811 3589 2047 3628 corrum—
2145 3550 2341 3644 ptisma
2362 3574 2508 3627 enim
2540 3570 2839 3641 sanguinis
2873 3567 3048 3623 solum
3070 3571 3151 3618 est
3174 3561 3303 3629 quod
3339 3569 3423 3610 nos
3441 3550 3609 3621 puriores

514 3682 678 3743 punt,
729 3672 820 3741 qui
865 3632 1135 3725 in'c‘arne
1187 3669 1469 3722 seminant.
1517 3666 1607 3718 Isti
1657 3674 1777 3719 sunt
1821 3678 2047 3732 quorum
2147 3632 2372 3727 reddat,
2423 3675 2587 3729 quam
2648 3632 2811 3729 aquae
2865 3656 3165 3724 baptismus
3214 3644 3432 3703 reddidit.
3544 3632 3609 3684 Ιιοε

515 3762 721 3817 fructus
764 3760 1204 3824 exterminantur,
1230 3767 1283 3812 et
1317 3764 1561 3825 pereunt.
1607 3755 1698 3808 Illa
1746 3727 1923 3807 autem
1964 3768 2049 3807 se-
2146 3771 2244 3827 ego
2289 3769 2393 3809 non
2441 3727 2761 3820 praesumo,
2817 3749 2913 3804 sed
2961 3745 3230 3811 Scriptura
3263 3734 3436 3795 refert,
3469 3727 3611 3818 dicent!

514 3853 682 3916 mina,
709 3866 826 3921 quae
854 3851 905 3905 in
937 3849 1126 3918 spiritu
1172 3848 1521 3913 seminantur,
1550 3862 1655 3901 non
1688 3852 1912 3914 possunt
1936 3843 2049 3896 Ma-
2147 3807 2372 3900 D‘omino
2407 3807 2473 3895 ad
2517 3807 2822 3908 discipuios
2852 3840 2867 3870 ¹
2898 3855 2912 3891 :
2947 3856 2965 3888 ι
3001 3807 3308 3901 Baptismum
3338 3822 3477 3878 habeo
3500 3807 3609 3877 δινα-

515 3943 728 3997 dianitae
753 3954 1115 4010 corrumpere.
1142 3939 1255 3993 Non
1287 3939 1430 3993 enim
1469 3944 1693 4007 possunt
1729 3934 2051 3989 adversaria:
2148 3950 2273 3990 zare
2301 3932 2443 4002 quod
2474 3944 2571 3984 vos
2606 3928 2859 3984 nescitis.
2901 3927 2966 3980 Et
2994 3926 3251 3995 quomodo
3285 3925 3446 3985 urgeor
3466 3912 3608 4002 ut

517 3986 728 3997 ............
755 3986 1115 4010 "nam"---
1144 3986 1255 3993 η---
1470 3986 1691 4007 μηη---
2011 3986 2047 3988 η
2148 3986 2269 3990 _-._-
2319 3986 2333 4002 ,
2388 3986 2396 3988 ἡ
3011 3986 3028 3995 ,

513 4045 801 4106 potestates
839 4034 1127 4091 ascendere
1168 4033 1233 4085 ad
1274 4029 1542 4099 spiritales
1589 4040 1829 4095 campos,
1856 4034 1910 4080 et
1952 4040 2050 4079 no-
2150 4023 2403 4080 ﬁciatur'i
2434 4040 2452 4071 ι
2483 4018 2660 4074 Vides
2696 4032 2831 4088 ergo
2888 4017 3015 4086 quia
3051 4011 3387 4083 profusionem
3422 3986 3611 4106 satis?“

516 4079 801 4106 ι’ν-νυννι-νυ
840 4079 1125 4091 *ν’-πην-
1169 4079 1232 4085 -ν-
1275 4079 1538 4099 -ι---πτ-ν-
1597 4079 1828 4095 ν-ηντ-νν
1868 4079 1877 4080 7
2153 4079 2158 4080 7
2203 4079 2210 4080 κ
2764 4079 2792 4088 ν
2905 4079 2921 4086 ,
3053 4079 3069 4083 -

514 4120 649 4173 vaIia
681 4120 898 4188 spiritus
943 4127 1203 4172 temerare
1251 4131 1437 4170 eorum
1484 4115 1572 4184 qui
1626 4129 1733 4168 non
1779 4113 2051 4168 sentinam
2152 4115 2233 4170 sui
2266 4110 2532 4179 baptisma
2566 4108 2902 4163 nominavit.
2942 4104 3010 4159 Et
3042 4119 3107 4158 ne
3154 4104 3249 4156 ista
3287 4098 3467 4152 dicens.
3500 4079 3609 4188 θεῖτ’

527 4166 649 4173 ._--_
681 4166 897 4188 φη---
946 4166 1201 4172 ---πψτη
1492 4166 1518 4184 1
1561 4166 1571 4168 -
1674 4166 1709 4168 μ
2152 4166 2231 4170 η,
2282 4166 2287 4167 ,
2335 4166 2349 4179 ,

517 4219 676 4272 super
724 4205 943 4272 spinas,
971 4203 1063 4258 sed
1109 4204 1365 4256 innovant
1420 4199 1525 4255 sibi
1577 4197 1827 4253 novalia:
1859 4198 1953 4251 sed
2000 4206 2055 4251 et
2153 4206 2297 4267 dam,
2333 4212 2522 4254 vereor
2551 4212 2625 4251 ne
2667 4197 2816 4251 istud
2854 4196 3117 4265 baptisma
3155 4185 3443 4247 eminentius
3471 4177 3522 4229 sit
3552 4166 3610 4221 illo

519 4267 645 4348 illud
679 4267 975 4348 addendum
1004 4299 1122 4346 est:
1154 4292 1273 4344 volo
1317 4290 1459 4345 enim
1487 4297 1541 4342 et
1570 4288 1829 4356 meipsum
1880 4286 2053 4341 vobis-
2153 4293 2476 4361 baptismate
2520 4291 2669 4358 quod
2698 4304 2799 4358 per
2830 4302 3025 4358 aquam
3077 4284 3309 4339 traditur.
3332 4277 3410 4330 Illo
3429 4267 3534 4325 enim
3551 4274 3611 4361 ac-

518 4396 641 4438 cum
675 4381 873 4449 pariter
920 4394 1262 4434 commonere
1306 4381 1373 4435 de
1419 4377 1626 4434 cautela
1674 4378 1956 4444 seminum,
2001 4386 2056 4431 et
2086 4364 2131 4418 Β
2161 4350 2336 4452 cepto,
2369 4350 2719 4447 valdepauc-i
2747 4350 2991 4433 sunt-ita
3023 4372 3185 4435 beati,
3215 4370 3296 4437 qui
3320 4366 3363 4419 id
3388 4350 3610 4415 immacula-

520 4469 839 4537 spiritalium
867 4469 1132 4522 fructuum
1155 4468 1444 4536 diligentia.
1473 4468 1811 4539 Frequenter
1835 4470 2054 4535 accidit,
2162 4437 2475 4538 iuniusque
2515 4437 2583 4523 ad
2624 4467 2831 4522 exitum
2877 4465 3000 4518 vita:
3042 4475 3247 4517 servare
3291 4437 3608 4538 potuerintiioc

519 4569 582 4613 ut
630 4557 824 4626 aliquis
877 4556 930 4609 in
984 4568 1144 4621 opere
1212 4527 1436 4623 spiritali
1494 4527 1716 4614 multum
1767 4527 2053 4625 desudans,
2162 4571 2291 4610 vero
2336 4527 2609 4624 baptismo
2645 4554 2740 4623 qui
2791 4553 3090 4621 baptizatus
3127 4547 3294 4611 fuerit,
3336 4546 3509 4610 peccare
3534 4527 3607 4626 ξιιθ

520 4646 727 4701 fructus
757 4641 1176 4712 quamplurimos
1207 4617 1413 4709 fecerit,
1449 4654 1501 4698 et
1534 4647 1816 4715 repleverit
1862 4648 2021 4701 horre

2160 4646 2300 4699 ultra
2332 4659 2437 4698 non
2461 4617 2678 4712 potest;
2697 4643 2767 4697 Et
2796 4643 2840 4696 si
2864 4617 3202 4696 temerarium
3225 4649 3317 4689 non
3342 4637 3410 4683 est
3434 4626 3475 4678 in
3497 4617 3606 4715 reb"!

522 4753 616 4794 sua
645 4709 866 4802 justi-tias
899 4709 1158 4799 frugibus,
1203 4741 1257 4786 et
1284 4734 1450 4787 multa
1488 4709 1631 4801 bona
1667 4750 1829 4805 opera
1864 4751 2055 4790 recon-
2163 4734 2364 4788 talibus
2393 4709 2597 4788 audere
2635 4734 2859 4801 aliquid,
2898 4744 3174 4801 possumus
3206 4728 3379 4784 dicere.
3423 4709 3606 4805 0'10qu

522 4826 718 4882 diderit
750 4825 802 4878 in
845 4822 1181 4877 conscientia:
1220 4838 1329 4877 suae
1374 4824 1610 4878 conclavi
1652 4842 1666 4879 :
1703 4836 1889 4894 postea
1926 4841 2054 4881 vero
2160 4822 2284 4878 illud
2308 4822 2577 4891 baptisma
2599 4788 2871 4890 praeterita
2893 4788 3110 4890 peccata
3133 4788 3605 4894 purganturmeriswti

522 4919 567 4972 εἰ
610 4913 864 4984 negligat.
904 4920 958 4965 et
1001 4920 1123 4978 post
1166 4911 1402 4968 laborem
1453 4884 1746 4980 proclivius
1791 4914 1858 4967 ad
1901 4916 2053 4968 vqu-
2160 4929 2291 4968 vero
2327 4884 2491 4968 etiam
2523 4884 2708 4967 futura
2742 4884 3098 4981 perimuntur.
3134 4884 3206 4960 Ibi
3235 4907 3420 4971 peccata
3452 4884 3603 4945 dimisita

523 5012 697 5075 ptates
743 5012 797 5055 et
831 5000 1069 5053 luxurias
1099 5009 1310 5069 vergat,
1356 4999 1535 5053 omnia
1575 5001 1623 5051 ei
1676 5000 1935 5054 bonorum
1974 5017 2059 5055 se-
2161 5014 2309 5065 sunt,
2341 5003 2430 5058 hic
2462 5003 2706 5059 exclusa,
2753 5002 2880 5056 Mihi
2923 5003 2967 5055 si
3008 4997 3302 5055 concederet
3325 4992 3439 5044 Deus
3460 4986 3503 5034 ut
3522 4983 3604 5041 νη)-

525 5096 702 5160 mina,
740 5091 956 5146 fructus
1005 5092 1177 5146 sancti
1242 5089 1420 5159 operis
1475 5088 1781 5145 dominante
1838 5091 2069 5148 libidine
2163 5062 2307 5163 priov
2337 5093 2600 5162 sanguine
2652 5091 2907 5155 diluerer,
2953 5098 3012 5144 ut
3062 5086 3354 5155 baptismum
3394 5062 3601 5127 secundm“

525 5190 965 5252 corrumpuntur.
993 5180 1124 5235 Cum
1158 5183 1298 5237 enim
1335 5176 1705 5234 subintroierit
1746 5188 2020 5247 peccatum
2041 5223 2055 5248 ,
2164 5158 2339 5237 morte
2369 5158 2470 5250 pro
2501 5181 2720 5236 Christo
2750 5189 2998 5248 suscepta
3035 5158 3601 5247 perciperem,securusex

527 5282 580 5325 et
615 5269 966 5339 captivaverit
1011 5270 1241 5327 hominis
1284 5282 1521 5334 sensum,
1569 5277 1629 5321 ut
1672 5270 1781 5337 jam
1829 5285 1935 5324 non
1977 5284 2060 5324 re-
2168 5273 2272 5328 isto
2297 5248 2496 5328 sabulo
2518 5271 2957 5326 discederemzut
2977 5267 3183 5323 veniens
3202 5265 3260 5318 ad
3277 5257 3464 5314 animam
3482 5248 3600 5299 meam

529 5360 719 5427 ίρίείαῑ
744 5358 809 5412 ad
841 5357 1087 5412 manda”
1134 5360 1246 5427 θεῖν
1288 5375 1388 5416 "ec
1417 5360 1635 5414 arduam
1665 5334 1879 5413 i’il‘lmis
1917 5361 2060 5415 Viam
2170 5364 2236 5418 de
2274 5362 2380 5416 hac
2422 5363 2534 5417 vita
2568 5373 2854 5418 exeuntem
2890 5361 3129 5430 princeps
3173 5350 3312 5420 hujus
3355 5334 3495 5397 mundi
3527 5337 3600 5430 no."

537 5417 576 5542 .-
597 5448 783 5527 “Jud.
820 5462 894 5507 vt,
920 5447 976 5511 2,
1003 5447 1056 5514 '5,
1087 5450 1139 5506 4.
1214 5417 1257 5487 ’λ
1278 5452 1394 5509 Gal.
1422 5468 1496 5516 vr,
1529 5451 1581 5506 8.
1655 5449 1700 5481 "
1735 5449 1894 5505 PrOV-
1922 5466 1993 5518 IV.
2027 5454 2040 5506 ε

585 5512 709 5567 Luc.
735 5530 831 5567 ιιι.
857 5514 914 5568 5.

2095 5482 2115 5508 ι.
2181 5417 2236 5488 7"
2264 5455 2465 5511 Ezech.
2491 5472 2579 5523 ιιι,
2611 5417 2733 5511 2οί
2777 5417 2822 5488 δ⁸
2849 5417 2975 5509 Luc.
3004 5417 3108 5515 xxi,
3139 5417 3246 5500 I9.—
3303 5439 3340 5471 "
3360 5436 3480 5491 Rom-
3499 5439 3541 5487 ’ν
3560 5417 3598 5470 δ’

605 5602 711 5672 (to)
739 5603 892 5659 Libb.
920 5615 1075 5665 antea
1108 5616 1256 5687 editi,
1290 5635 1308 5669 ι
1339 5614 1426 5686 qui
1468 5609 1629 5670 Israel
1664 5623 1847 5665 sumus
1878 5611 2108 5669 secundu

2202 5630 2443 5673 carnem.
2484 5635 2504 5671 ι
2544 5616 2675 5676 Mss.
2709 5626 2768 5676 ut
2805 5615 2859 5674 in
2895 5621 3070 5672 nostro
3106 5613 3256 5664 textu.

1678 5830 1712 5846 δι

1905 5929 1917 5939 α
2844 5922 2851 5929 ν

567 6149 643 6156 .__—
865 6151 961 6156 _i¥
