3806 6236
159 301 276 362 931

1232 317 1325 378 ΙΝ
1370 327 1632 384 LIBRUM
1663 323 1956 382 JUDICUM
1985 318 2260 378 IIOMILIA
2302 319 2425 372 VIII.

3344 320 3444 371 98:2

138 405 433 511 ἰπνβξηῖγεὶ
459 415 754 511 quidtt'mf‘":
784 403 950 511 Ἕω]
1005 423 1205 485 Dotius
1266 445 1334 490 et
1389 442 1661 511 sanguinis
1705 441 1808 493 mei
1837 440 1882 496 Α
1910 435 2130 498 Christi,
2163 431 2299 484 lilius
2337 431 2563 484 ellicitur
2600 432 2851 486 Orientis.
2893 432 2982 487 Sic
3011 432 3148 485 enim
3189 433 3443 498 scriptum

116 535 266 596 pra“
301 490 475 596 Ῐυδίοηε
503 501 777 570 imp-"em",
809 505 1245 596 “ec_atttleret
1302 524 1363 577 in
1408 490 1580 594 aliquo
1618 525 1796 579 crimi-
1901 535 1983 579 est
2008 525 2074 577 de
2097 521 2308 575 Christo
2329 520 2383 573 ⁸;
2415 539 2432 570 ι
2469 521 2603 573 Ecce
2629 521 2729 580 vir,
2753 519 2944 573 Oriens
2973 535 3162 574 nomen
3192 530 3272 574 est
3305 519 3434 572 illi»

110 588 311 672 ίηηκκί
332 597 540 650 animam
562 598 745 645 cruore
773 597 889 639 suo
942 592 1226 672 dilutam,
1268 623 1454 668 morte
1483 588 1575 668 qua
1603 615 1794 667 θιατίθ-

101 719 181 766 cat
278 685 374 774 1'"-
404 681 775 774 sanﬁl'ine‘s‘m
809 673 1050 742 ‘Mam.
1084 692 1223 750 Post
1245 698 1396 755 istud
1421 704 1675 770 baptisma
1702 715 1798 755 nec

100 755 472 854 {KQ/"anim
501 771 638 825 ulll‘a
664 769 973 854 irruerent
1014 783 1095 836 ad
1133 755 1528 854 disperdendos
1553 801 1605 844 et
1626 799 1801 844 exter-

130 859 456 936 “vitandos
507 856 700 908 animae
745 852 1020 918 fructus.
1076 871 1217 936 Quis
1250 878 1398 930 enim
1441 878 1587 945 sequi
1636 877 1803 944 possit

162 963 410 1014 animam
449 946 732 1015 ιιιίπιῖτίεν
780 961 932 1015 (ἱυῖἓ-
983 970 1356 1033 supergressa
1403 979 1584 1020 omnes
1630 966 1802 1018 aerias

165 1046 498 1117 potestates,
547 1037 614 1090 ad
644 1037 885 1096 caeleste
918 1053 1120 1106 tendit
1155 1056 1365 1109 altare?
1396 1054 1469 1108 Ibi
1515 1056 1655 1108 enim
1706 1054 1801 1106 sub

172 1138 352 1190 altare
393 1127 487 1180 Dei
531 1127 737 1182 animae
779 1143 1129 1206 martyrum
1189 1145 1376 1211 positae
1412 1145 1661 1196 dicuntur
1690 1143 1802 1195 die-

163 1229 287 1287 bug
317 1232 380 1270 ac
410 1215 666 1271 noctibus
698 1220 1076 1285 proclamare
1106 1231 1346 1284 dicentes
1367 1233 1386 1260 ¹
1412 1245 1425 1281 :
1455 1249 1472 1280 ε
1501 1230 1800 1296 Quousque,

152 1305 448 1382 Do‘nine,
483 1310 576 1372 qui
609 1303 798 1371 justus
831 1319 895 1366 et
944 1328 1120 1368 verus
1159 1329 1238 1379 es,
1269 1332 1372 1370 non
1408 1318 1642 1371 vindicas
1685 1332 1804 1371 san-

166 1418 255 1480 “,
306 1410 422 1449 nem
449 1403 704 1448 nostrum
750 1398 822 1453 de
875 1400 954 1456 iis
1003 1404 1095 1471 qui
1134 1405 1376 1458 habitant
1414 1405 1646 1458 terram?
1680 1423 1697 1455 ι
1729 1405 1801 1458 Ibi

199 1499 359 1546 nam
387 1486 578 1555 positae
611 1485 822 1542 divinis
855 1491 1138 1546 assistunt
1183 1494 1478 1548 sacriﬁciis.
1528 1494 1630 1547 Sed
1665 1494 1802 1548 beati

219 1587 350 1632 sunt
377 1578 464 1646 qui
497 1577 617 1632 hmc
638 1588 960 1634 merentur.
988 1581 1139 1634 Beati
1167 1591 1289 1635 sunt
1318 1597 1540 1651 quorum
1569 1597 1659 1635 cor
1685 1597 1803 1634 cum

227 1671 292 1721 de
327 1667 518 1720 saeculo
548 1667 844 1731 recedunt,
875 1684 986 1723 non
1025 1671 1253 1740 trepidat
1285 1685 1380 1738 pro
1415 1681 1652 1736 peccato,
1673 1685 1804 1738 quos

1901 613 2149 679 Quisquis
2174 624 2299 677 ergo
2322 608 2519 662 Christi
2549 606 2766 675 suscipit
2805 622 3020 671 nomen,
3051 610 3188 662 lilius
3215 623 3330 662 esse
3368 608 3438 661 di°

1907 701 2043 755 citur
2068 699 2300 754 Orientis
2332 715 2345 748 ι
2378 698 2468 751 sed
2502 711 2605 749 non
2649 711 2855 764 semper
2899 699 2987 763 qui
3029 712 3214 751 nomen
3241 697 3444 752 Christi

1907 787 2194 855 accipiunt,
2220 787 2380 839 etiam
2412 787 2465 840 in
2508 785 2742 839 Ecclesia
2779 796 3086 851 permanent
3119 787 3336 839 Christi.
3381 785 3436 838 Si

1905 889 2031 943 ergo
2061 875 2237 926 videas
2274 873 2551 926 haereticos
2589 871 2784 925 Christi
2820 873 3028 938 quidem
3072 873 3283 926 nomine
3311 889 3440 926 cen-

1907 963 2011 1017 seri
2043 977 2057 1015 :
2093 976 2391 1031 expugnare
2417 973 2588 1014 autem
2617 960 2903 1014 Ecclesiam
2947 962 3165 1023 Christi,
3202 971 3252 1014 et
3291 978 3439 1015 arma

1905 1052 2146 1106 conferre
2175 1051 2450 1105 adversum
2492 1050 2684 1103 Christi
2722 1050 2896 1114 fidem,
2931 1059 2983 1102 et
3015 1051 3319 1120 impugnare
3349 1068 3446 1118 po-

1907 1141 2088 1208 pulum
2137 1139 2366 1202 Domini,
2406 1138 2545 1191 bella
2594 1139 2856 1192 suscitare
2891 1139 3172 1191 adversum
3217 1139 3442 1191 catholi-

1907 1237 2020 1276 cam
2065 1223 2219 1276 lidem
2257 1240 2270 1275 :
2306 1223 2427 1276 nolo
2466 1223 2673 1276 dubites
2725 1224 2792 1275 de
2845 1223 2909 1275 iis
2949 1224 3146 1284 dicere,
3185 1226 3322 1290 quod
3358 1223 3446 1279 isti

1907 1321 2031 1364 sunt
2078 1311 2289 1379 quidem
2329 1311 2425 1365 ﬁlii
2469 1311 2720 1375 Orientis,
2763 1313 2853 1366 sed
2901 1327 3017 1364 cum
3055 1313 3350 1366 Madianitis
3389 1321 3446 1366 et

1908 1415 2028 1454 eum
2057 1402 2273 1456 Amalec
2303 1415 2606 1470 expugnare
2634 1403 2853 1455 veniunt
2893 1403 3142 1471 populum
3178 1403 3289 1466 Dei,
3318 1405 3445 1472 quia

1910 1504 2026 1543 cum
2070 1491 2290 1558 paganis
2331 1499 2382 1543 et
2427 1507 2546 1544 cum
2578 1489 2771 1545 Judaais
2819 1491 3104 1545 Ecclesiam
3151 1491 3243 1546 Dei
3285 1494 3446 1546 etiam

1908 1579 2139 1632 haeretici
2166 1587 2569 1647 persequuntur.
2604 1580 2667 1632 Et
2690 1581 2830 1648 ipsos
2853 1595 2968 1633 esse
2993 1582 3200 1648 opinor,
3230 1583 3315 1648 qui
3350 1583 3446 1636 de-

1909 1671 2188 1738 signantur
2214 1670 2266 1722 in
2303 1669 2426 1724 liliis
2456 1671 2713 1724 Orientis.

232 1766 510 1825 pergentes
539 1757 610 1809 ad
642 1757 940 1812 Dominum
975 1761 1287 1814 delictorum
1321 1759 1545 1814 formido
1568 1775 1669 1813 non
1703 1770 1810 1814 ter-
1838 1753 1883 1810 Β
1978 1759 2031 1812 2.
2073 1779 2090 1810 ‹
2117 1760 2314 1813 Omnes
2345 1774 2490 1826 ergo,
2530 1761 2700 1827 inquit
2725 1762 2764 1824 ⁸,
2796 1760 3184 1826 Madianitae,ct
3208 1763 3446 1828 Amalec,

231 1853 332 1898 ret.
369 1842 537 1897 Beata
585 1844 679 1897 illa
727 1846 910 1898 anima
949 1861 1070 1914 quae
1111 1853 1454 1900 occurrentes
1493 1847 1591 1900 sibi
1633 1847 1802 1901 aerias

226 1934 533 1988 daemonum
582 1942 802 1988 turmas
859 1935 1063 2003 profusi
1118 1935 1171 1987 in
1230 1935 1484 2003 martyrio
1535 1937 1805 2003 sanguinis

223 2037 410 2075 cruore
438 2023 733 2076 deturbat.
767 2023 965 2076 Beatus
999 2032 1082 2076 est
1110 2023 1174 2076 de
1198 2038 1304 2090 quo
1337 2031 1494 2076 eunte
1522 2025 1584 2074 ad
1613 2025 1804 2080 ctelum

221 2114 404 2166 dicunt
431 2113 629 2180 angeli
672 2113 820 2165 illam
851 2113 1213 2179 propheticam
1236 2127 1416 2166 vocem
1439 2112 1493 2165 ':
1525 2131 1543 2164 ‹
1569 2111 1699 2178 Quis
1726 2121 1808 2166 est

219 2202 325 2256 iste
345 2202 432 2271 qui
471 2203 737 2256 ascendit
773 2215 838 2254 ex
884 2201 1068 2262 Bosor,
1104 2221 1120 2251 ι
1163 2203 1262 2255 hoc
1309 2210 1389 2255 est
1421 2203 1508 2270 qui
1556 2205 1618 2257 de
1649 2219 1806 2256 carne

218 2292 287 2343 ad
315 2291 524 2344 ctelum
560 2291 852 2345 ascendit?
889 2310 905 2340 ι
945 2290 1074 2354 Quis
1094 2300 1178 2343 est
1221 2291 1321 2344 iste
1351 2292 1438 2358 qui
1473 2293 1712 2346 ascendit
1741 2307 1804 2345 ex

215 2381 407 2446 Bosor,
438 2383 632 2435 rubor
656 2381 1097 2434 vestimentorum
1121 2379 1268 2444 ejus?
1297 2399 1314 2430 ι
1346 2380 1396 2432 in
1434 2379 1622 2434 rubore
1647 2383 1806 2434 vesti-

215 2479 547 2524 mentorum
599 2483 852 2523 cruorem
905 2467 1179 2534 sanguinis
1231 2468 1582 2536 designantes.
1638 2469 1810 2522 Beata:

213 2569 344 2612 sunt
367 2573 520 2625 ergo
553 2557 753 2610 anima:
781 2570 898 2623 quin
919 2556 996 2608 sic
1026 2555 1295 2608 Christum
1325 2565 1635 2619 sequuntur,
1677 2571 1809 2624 quo-

213 2648 375 2700 modo
403 2660 519 2700 eas
551 2645 810 2700 Christus
839 2644 1132 2711 praecessit.
1181 2644 1244 2695 Et
1286 2643 1404 2696 ideo
1439 2645 1558 2712 quia
1605 2646 1681 2698 sic
1727 2660 1812 2700 se-

209 2744 496 2803 quuntur,
553 2747 730 2800 usque
774 2733 838 2785 ad
890 2733 1058 2800 ipsum
1111 2731 1198 2784 Dei
1245 2732 1409 2784 altare
1451 2734 1805 2799 perveniunt:

207 2824 384 2894 ἀπή.
409 2823 518 2876 ubi
551 2830 641 2875 est
673 2834 783 2888 Ipse
814 2821 1066 2873 Dominus
1089 2819 1244 2873 Iesus
1273 2819 1513 2874 Christus
1574 2823 1809 2888 ponitil'ex

211 2914 551 2967 futurorum
591 2912 876 2974 bonorum,
921 2909 1004 2962 cui
1052 2918 1133 2962 est
1177 2909 1341 2976 gloria
1388 2918 1440 2964 et
1481 2920 1715 2977 potestas
1758 2913 1808 2966 in

208 3003 418 3056 saecula
453 3000 813 3056 saeculorum.
847 3000 1038 3052 Amen.

813 3087 1094 3142 HOMILIA
1136 3085 1266 3139 VIII.

404 3184 496 3236 De
529 3179 660 3249 ﬁliis
694 3179 946 3242 Orientis,
977 3187 1024 3232 et
1057 3179 1120 3231 de
1149 3177 1352 3230 (.‘edeon
1384 3191 1447 3229 ex
1473 3189 1637 3244 parte.

293 3277 349 3328 1.
378 3275 548 3333 Esto,
583 3269 936 3324 convenerint
967 3269 1242 3324 adversum
1285 3270 1442 3324 Israel
1472 3273 1790 3340 Madianitze,

215 3362 315 3431 qui
340 3362 797 3428 interpretantur
818 3366 961 3410 extra
977 3358 1231 3424 judicium
1255 3359 1383 3426 (77).
1408 3361 1552 3421 Esto,
1579 3363 1648 3414 illi
1675 3379 1794 3416 con-

213 3452 495 3506 venerint
544 3449 836 3502 adversum
871 3447 1062 3510 Israel,
1092 3447 1182 3514 qui
1229 3457 1375 3500 extra
1419 3449 1671 3515 judicium
1701 3451 1791 3504 Dei

217 3550 382 3604 sunt,
413 3547 475 3591 et
508 3556 528 3586 ε
562 3535 656 3604 qui
687 3543 834 3586 extra
875 3534 1038 3601 legem
1062 3544 1431 3601 peccaverunt,
1461 3545 1512 3588 et
1548 3546 1692 3590 extra
1717 3539 1794 3591 le-

217 3645 349 3698 gem
375 3625 653 3695 peribunt
680 3623 720 3675 ⁸.
753 3641 771 3671 ι
803 3622 949 3684 Esto,
973 3623 1278 3676 convenerit
1301 3631 1352 3675 et
1375 3623 1602 3685 Amalec,
1629 3627 1716 3693 qui
1741 3635 1794 3680 et

216 3719 345 3786 ipse
367 3717 776 3782 interpretatur
797 3711 1010 3779 populus
1031 3713 1290 3780 ablingens
1311 3711 1437 3778 (78).
1456 3713 1666 3778 Esto,et
1682 3717 1796 3772 haec

213 3798 382 3849 natio
428 3804 680 3855 terrena,
713 3799 770 3844 et
814 3791 986 3843 ventri
1021 3802 1077 3844 et
1107 3793 1244 3860 gulae
1278 3792 1474 3856 dedita,
1511 3794 1830 3870 impugnare.

213 3883 449 3940 venerit
498 3882 673 3936 Israel
705 3881 996 3936 carnalem.
1027 3882 1164 3947 Quid
1201 3889 1283 3935 est
1325 3882 1424 3934 hoc
1469 3885 1608 3950 quod
1657 3886 1814 3939 etiam

215 3975 320 4028 lilii
349 3971 609 4028 Orientis
647 3970 735 4023 his
769 3971 1153 4035 admiscentur,
1197 3979 1252 4024 et
1295 3985 1416 4024 cum
1448 3972 1575 4040 ipsis
1608 3973 1672 4026 ad
1717 3973 1815 4025 im-

216 4061 592 4130 pugnandum
636 4056 800 4110 Israel
831 4059 1012 4111 venire
1044 4058 1326 4112 dicuntur?
1361 4058 1451 4112 Dic
1499 4060 1639 4113 enim
1683 4061 1812 4113 mihi

221 4151 491 4204 auditor:
518 4149 578 4200 Si
608 4146 866 4214 scriptum
885 4155 1024 4200 esset
1044 4146 1167 4214 quia
1192 4146 1281 4199 ﬁlii
1301 4147 1600 4202 Occidentis
1618 4163 1813 4202 conve-

221 4247 436 4292 nerunt
481 4251 612 4290 cum
665 4233 816 4300 ipsis,
870 4234 1001 4287 nihil
1047 4247 1384 4301 quaererem:
1421 4233 1625 4288 diceres
1670 4236 1810 4288 enim

221 4326 364 4378 mihi
414 4321 739 4391 allegoricis
769 4322 1033 4384 sensibus,
1065 4321 1186 4389 quia
1219 4321 1312 4373 lilii
1351 4319 1652 4376 Occidentis
1691 4334 1814 4376 sunt
1844 4361 1888 4414 ι)
1917 4323 2035 4376 dem
2095 4324 2326 4378 Orientis
2384 4325 2475 4377 lilii
2523 4327 2812 4394 depraedari
2859 4343 2980 4381 eum
3025 4340 3271 4398 poterunt
3325 4333 3430 4402 (80)

224 4414 327 4467 lilii
369 4413 734 4466 tenebrarum
767 4417 822 4462 et
857 4409 954 4476 ipsi
977 4409 1274 4476 junguntur
1303 4407 1407 4461 illis
1435 4409 1704 4476 gentibus,
1729 4409 1811 4462 vel

224 4520 355 4572 quae
385 4513 547 4558 extra
603 4500 867 4566 judicium
906 4499 996 4552 Dei
1037 4506 1181 4560 sunt,
1219 4496 1302 4551 vel
1349 4513 1464 4566 quae
1512 4500 1680 4552 ventri
1719 4500 1810 4552 de-

228 4595 362 4646 ditae
411 4593 741 4658 impugnant
785 4600 878 4640 eos
931 4586 1020 4654 qui
1067 4592 1244 4639 mente
1289 4584 1453 4638 Deum
1483 4585 1661 4639 videre
1690 4602 1811 4640 con-

229 4682 494 4735 tendunt.
529 4678 690 4731 Nune
717 4685 895 4729 autem
937 4689 1055 4728 cum
1096 4675 1304 4727 dicatur
1342 4674 1461 4740 quia
1499 4675 1590 4727 lilii
1621 4676 1810 4730 Orien-

227 4774 304 4822 tis
347 4775 625 4820 venerunt
671 4778 796 4817 cum
829 4760 1132 4814 Madiauitis
1182 4768 1236 4812 et
1275 4760 1508 4824 Amalec,
1540 4763 1805 4828 quomodo

232 4860 352 4912 hac
383 4863 617 4925 possunt
639 4859 1009 4917 competenter
1034 4848 1259 4915 exponi?
1287 4849 1564 4903 Videamus
1597 4867 1723 4920 ergo
1755 4852 1802 4906 si

1904 1859 1956 1902 et
1989 1849 2082 1903 lilii
2115 1849 2344 1904 Orientis
2385 1859 2749 1904 convenerunt
2792 1850 2967 1914 simul,
2991 1860 3042 1904 et
3073 1854 3444 1917 ascenderunt,

1904 1945 1955 1990 et
1990 1944 2412 2005 supervenerunt
2461 1937 2554 1999 eis,
2584 1945 2636 1988 et
2671 1945 2841 1989 castra
2897 1949 3188 2005 posuerunt
3232 1940 3282 1994 in
3312 1942 3448 1995 valle

1902 2025 2125 2078 Jezrael.
2160 2043 2180 2076 ι
2211 2024 2300 2077 Isti
2349 2025 2436 2092 qui
2477 2025 2782 2092 impugnare
2810 2025 2991 2078 volunt
3035 2027 3278 2094 pupulum
3333 2029 3449 2094 Dei,

1904 2116 2077 2165 castra
2104 2111 2156 2163 in
2187 2110 2411 2164 vallibus
2441 2111 2722 2174 collocant,
2750 2111 2801 2163 in
2831 2111 3046 2176 dejectis
3076 2125 3130 2166 et
3159 2115 3447 2168 humilibus

1905 2199 2052 2263 locis,
2083 2199 2136 2252 in
2161 2199 2317 2264 valle,
2348 2200 2538 2266 inquit,
2562 2200 2783 2254 Jezrael.
2827 2201 3127 2256 Invenimus
3152 2213 3326 2256 autem
3364 2205 3448 2256 in-

1907 2284 2406 2353 terpretariJezrael
2443 2301 2610 2338 semen
2646 2285 2740 2337 Dei
2787 2286 2916 2354 (79).
2953 2286 3108 2338 Vides
3148 2287 3233 2338 ubi
3288 2286 3448 2338 collo-

1906 2384 2025 2428 cant
2060 2385 2234 2429 castra
2267 2375 2592 2429 adversarii?
2639 2375 2751 2426 Non
2783 2387 2904 2428 sunt
2930 2377 3042 2428 ausi
3083 2377 3159 2430 ire
3186 2376 3329 2441 illuc,
3359 2376 3450 2429 ubi

1906 2464 2148 2517 videntur
2167 2463 2277 2530 jam
2308 2467 2417 2516 nati
2444 2479 2560 2518 esse
2603 2463 2805 2518 fructus
2833 2466 3076 2532 spiritus,
3101 2467 3191 2518 sed
3231 2466 3318 2518 ubi
3353 2466 3448 2517 ad-

1909 2554 2013 2606 huc
2041 2569 2218 2607 semen
2246 2555 2337 2607 Dei
2371 2555 2525 2620 jacet,
2558 2557 2646 2608 ubi
2678 2558 2908 2608 nomium
2949 2557 3152 2608 fructus
3185 2555 3448 2608 ascendit.

1909 2642 2006 2706 Qui
2041 2643 2180 2695 enim
2209 2643 2337 2696 exiit
2359 2645 2622 2698 seminare
2657 2660 2856 2708 semen,
2891 2647 3117 2698 seminat
3146 2660 3302 2713 super
3331 2659 3450 2698 om-

1909 2745 2027 2784 nem
2055 2731 2244 2784 locum.
2274 2731 2374 2784 Sed
2398 2732 2516 2783 audi
2543 2732 2712 2799 ipsum
2740 2734 3013 2786 Dominum
3038 2735 3298 2787 dicentem
3327 2733 3451 2802 quid

1908 2817 2013 2884 pati
2047 2818 2208 2870 soleat
2236 2833 2412 2871 semen
2454 2819 2568 2872 Dei.
2609 2837 2626 2869 ι
2658 2821 2830 2882 Aliud,
2878 2821 3118 2888 inquit",
3146 2822 3338 2874 cecidit
3367 2836 3453 2874 se-

1908 2922 2002 2960 cus
2024 2907 2183 2970 viam,
2213 2915 2266 2959 et
2301 2907 2572 2960 venientes
2619 2923 2742 2960 aves
2779 2910 2897 2961 cceli
2942 2910 3196 2976 diripiunt
3249 2910 3396 2962 illud.
3429 2929 3449 2962 ι

1911 2997 2058 3061 Quod
2103 2997 2212 3062 ipse
2259 2998 2310 3048 in
2359 2997 2736 3064 posterioribus
2791 3000 3164 3066 interpretatus
3211 3000 3346 3052 dixit
3377 3000 3400 3031 '
3438 3019 3452 3053 :

1913 3102 1932 3134 ‹
1978 3084 2074 3148 Qui
2106 3095 2278 3138 autem
2311 3100 2464 3138 secus
2491 3087 2629 3138 viam
2669 3087 2909 3141 seminati
2954 3099 3101 3152 sunt,
3135 3089 3167 3141 ii
3211 3098 3333 3142 sunt
3366 3090 3453 3156 qui

1909 3172 2123 3224 audiunt
2146 3172 2360 3224 verbum
2389 3182 2443 3224 et
2483 3187 2599 3224 cum
2634 3174 2809 3226 laetitia
2857 3177 3122 3243 accipiunt
3150 3193 3163 3230 :
3193 3178 3334 3230 venit
3363 3191 3454 3228 au.

1909 3271 2014 3314 tem
2041 3261 2297 3322 Zabulus,
2325 3272 2380 3314 et
2406 3263 2540 3315 tollit
2564 3264 2629 3315 de
2655 3263 2817 3316 corde
2840 3279 3024 3316 eorum
3057 3267 3194 3332 quod
3223 3266 3458 3319 seminao

1913 3361 2020 3403 tum
2045 3360 2144 3403 est.
2167 3368 2186 3400 ι
2207 3350 2294 3403 Sic
2310 3365 2438 3419 ergo
2465 3363 2519 3404 et
2543 3352 2626 3404 iati
2660 3361 2780 3406 tunc
2803 3355 3020 3408 veniunt
3043 3355 3109 3407 ad
3127 3368 3304 3408 semen
3338 3356 3452 3420 Dei,

1911 3447 1964 3491 et
1996 3438 2175 3490 volunt
2215 3439 2340 3490 illud
2368 3440 2550 3492 tollere
2576 3443 2639 3492 de
2663 3441 2823 3493 corde
2863 3457 3043 3496 eorum
3077 3445 3128 3496 in
3158 3447 3348 3511 quibus
3371 3461 3455 3500 se-

1913 3528 2165 3580 minatum
2199 3537 2300 3588 est,
2330 3529 2452 3593 quia
2480 3528 2757 3581 inveniunt
2779 3546 2871 3584 eos
2896 3532 2946 3584 in
2981 3534 3205 3586 vallibus
3230 3535 3453 3600 positos,

1912 3620 1965 3663 et
1997 3613 2098 3662 ima
2125 3626 2345 3678 quicque
2380 3621 2666 3667 sectantes.
2698 3617 2768 3668 De
2800 3617 2900 3670 illis
2929 3629 3050 3670 sunt
3075 3623 3214 3671 enim
3240 3622 3326 3686 qui
3367 3623 3456 3673 hu-

1914 3697 2108 3749 militer
2139 3705 2192 3748 et
2229 3697 2458 3763 indigne,
2491 3711 2564 3763 et,
2593 3710 2648 3752 ut
2681 3704 2749 3754 ita
2778 3703 2972 3766 dicam,
3005 3703 3225 3758 Iudaico
3257 3707 3457 3760 intelle-

1914 3799 2000 3840 ctu
2033 3789 2326 3855 suscipiunt
2349 3788 2567 3838 verbum
2600 3790 2712 3854 Dei,
2745 3777 2804 3843 et.
2829 3793 2946 3846 ideo
2969 3803 3186 3860 possunt
3210 3794 3333 3846 illud
3362 3811 3454 3848 ra-

1915 3891 2038 3944 pere
2076 3879 2342 3931 daemones
2362 3879 2427 3931 de
2457 3882 2617 3933 corde
2640 3895 2844 3934 eorum.
2875 3881 2971 3944 Qui
2995 3893 3165 3934 autem
3189 3884 3254 3935 ab
3286 3884 3456 3937 humi-

1916 3967 2064 4018 litate
2108 3967 2301 4019 littera:
2344 3970 2408 4021 ad
2439 3970 2656 4035 spiritus
2687 3971 2894 4022 excelsa
2931 3973 3257 4034 conscendit,
3286 3982 3339 4025 et
3374 3974 3454 4026 in-

1917 4055 2256 4123 telligeutiam
2291 4056 2555 4126 refugiens
2583 4059 2872 4122 carnalem,
2913 4070 3147 4113 sectatur
3179 4063 3227 4114 in
3257 4063 3457 4116 altiori-

1916 4147 2014 4198 bus
2041 4161 2158 4213 quae
2193 4155 2316 4200 sunt
2356 4146 2587 4215 Spiritus
2633 4149 2760 4211 Dei,
2803 4151 2866 4203 de
2917 4151 3016 4203 isto
3055 4152 3186 4204 nihil
3234 4163 3455 4220 possunt

1917 4247 2105 4301 rapere
2128 4234 2425 4289 Madiauitaa
2451 4251 2620 4304 neque
2647 4238 2972 4302 Amalecilae,
3007 4241 3096 4293 sed
3123 4256 3186 4292 ue
3217 4242 3317 4310 ipsi
3344 4244 3460 4310 qui-

1917 4413 1968 4466 iu
2019 4416 2230 4468 excelso
2281 4415 2640 4483 intelligentize
2691 4418 2942 4484 spiritalis
3003 4423 3200 4475 vertice
3255 4427 3457 4477 consti-

1917 4511 2108 4555 ιυιιιηι.

1985 4593 2038 4643 5.
2099 4591 2173 4644 Illi
2226 4608 2351 4662 ergo
2405 4603 2580 4648 castra
2616 4596 2666 4648 in
2712 4596 2932 4652 vallibus
2969 4600 3254 4654 collocant.
3293 4619 3312 4650 σ
3353 4600 3457 4653 Sed

1920 4682 2160 4750 spiritus,
2197 4683 2372 4751 inquit
2409 4687 2452 4749 θ,
2483 4685 2574 4739 Dei
2623 4690 2945 4743 confortavit
2981 4689 3219 4750 Gedeon,
3251 4701 3302 4742 et
3333 4691 3456 4742 tuba

1911 4769 2120 4833 cecinit,
2146 4779 2200 4822 et
2224 4770 2426 4823 vocavit
2449 4781 2563 4838 post
2587 4789 2644 4826 se
2671 4775 2918 4831 Abiezer.
2940 4793 2958 4825 ο
2980 4775 3314 4827 Continentia
3351 4777 3462 4841 qui-

1910 4858 2028 4910 dem
2050 4859 2437 4926 explanationis
2471 4863 2629 4916 alium
2650 4865 2893 4917 ordinem
2920 4863 3252 4928 requirebat,
3276 4877 3456 4914 verum

232 4962 533 5016 possumus
563 4948 617 4997 in
649 4953 756 4995 tam
787 4939 1085 4993 diliicilibus
1108 4938 1394 5004 Scriptura:
1419 4941 1552 4994 locis
1589 4943 1802 5010 dignum

233 5041 475 5107 aliquem
531 5037 588 5088 in
642 5033 729 5085 his
779 5043 990 5082 sensum
1046 5027 1240 5079 divinis
1287 5029 1491 5096 paginis
1541 5029 1798 5084 invenire.

232 5135 428 5188 omnis
461 5130 557 5198 qui
599 5138 768 5190 super
817 5138 873 5176 se
922 5133 1138 5187 quoquo
1171 5118 1321 5172 modo
1353 5135 1544 5173 nomen
1583 5123 1802 5190 suscipit

307 5227 329 5255 ι
359 5227 530 5290 Apoc,
565 5235 640 5290 vi,
665 5216 771 5290 AIO.
835 5215 1000 5290 fisa.
1033 5227 1180 5274 LXIII,
1211 5211 1258 5262 I.
1345 5211 1365 5242 ⁸
1404 5213 1557 5267 Rom.
1585 5230 1645 5277 tl,
1679 5216 1766 5270 I2.

237 5293 324 5355 12,
353 5281 438 5346 13.
521 5291 542 5319 ⁹
566 5287 700 5338 Jml.
733 5298 810 5348 vt,
835 5281 922 5334 '54.

313 5384 425 5449 (77)
453 5373 920 5436 Madianilw,qui
942 5371 1338 5450 interpretantur
1358 5380 1502 5450 extra
1524 5374 1808 5438 judicium,

235 5455 272 5501 Α
457 5458 704 5517 pra-ter.
738 5451 910 5498 extra,
939 5455 955 5486 ι
998 5446 1053 5488 et
1077 5443 1155 5517 ἶντ
1187 5453 1202 5484 t
1231 5439 1504 5501 judicium.
1543 5461 1562 5492 ι

300 5527 411 5607 (78)
457 5547 498 5607 ᾼ
512 5534 725 5591 malet,
741 5527 1004 5607 quietipse
1025 5527 1380 5607 interpretatur
1398 5529 1616 5607 populus
1639 5531 1810 5586 ablin-

224 5595 369 5678 ,εάεί
395 5595 502 5662 Ἀι)
529 5608 626 5660 ay
669 5612 691 5644 ι
735 5595 978 5660 populus,
1010 5609 1026 5641 ι
1069 5598 1119 5643 et
1148 5600 1254 5661 pm
1282 5611 1298 5642 ι
1329 5595 1493 5647 liuxit.
1516 5615 1535 5648 ι

1909 4949 2031 5016 quia
2079 4963 2172 5002 nos
2228 4964 2330 5004 non
2373 4962 2478 5004 tam
2521 4952 2822 5021 Scripturas
2853 4961 3276 5005 commentantes
3323 4963 3459 5001 nunc

1909 5035 2194 5102 loquimur,
2223 5052 2382 5106 quam
2418 5040 2667 5108 populum
2709 5043 2772 5094 de
2809 5043 2872 5094 iis
2899 5054 3017 5106 quae
3049 5040 3277 5089 recitata
3317 5043 3457 5095 sunt,

1908 5127 2252 5180 consolantes
2279 5167 2293 5191 ,
2337 5130 2562 5196 sparsim
2629 5145 2745 5198 qua:
2793 5134 3082 5180 occurrunt
3135 5123 3201 5174 de
3240 5123 3466 5187 singulis

1855 5220 1876 5250 ⁸
1905 5219 2064 5275 Zach.
2092 5237 2166 5285 vi,
2191 5223 2275 5274 l2.
2361 5223 2380 5252 ⁶
2401 5223 2522 5278 Jud.
2551 5239 2625 5297 vi,
2648 5224 2733 5276 55.
2810 5221 2828 5250 ⁷
2858 5217 2988 5268 Luc.
3013 5227 3130 5272 vm,
3160 5213 3213 5262 5.
3289 5211 3310 5240 ⁸
3340 5212 3466 5264 ibid.

1989 5382 2096 5446 (79)
2137 5382 2432 5436 Invenimus
2463 5393 2631 5436 autem
2669 5374 3009 5446 interpretari
3038 5367 3251 5419 Jezrael
3303 5381 3474 5416 semen

1918 5450 2032 5502 Dei.
2063 5453 2100 5502 Α
2129 5461 2232 5512 Τπ
2258 5469 2275 5500 t
2308 5465 2506 5514 semen,
2544 5470 2561 5500 ι
2597 5459 2648 5502 et
2671 5445 2744 5515 ‘33
2768 5465 2786 5495 ι
2822 5446 2989 5494 Deus.
3023 5455 3040 5483 ι

1988 5541 2096 5608 (80)
2136 5541 2280 5607 Mss,
2311 5557 2327 5592 ι
2358 5546 2626 5608 poterunt.
2665 5556 2683 5587 ι
2723 5531 2900 5594 Editi,
2940 5545 2959 5575 ‹
2997 5529 3312 5590 potuerunt.
3352 5536 3371 5567 ι
