3806 6238
377 285 478 339 983

1803 281 2120 338 ORIGENIS

3591 274 3686 326 93$

376 396 672 464 quibusque
729 404 1039 452 tractamus.
1081 417 1098 450 ι
1143 398 1388 463 Voeavit,
1435 401 1641 469 inquit,
1693 410 1812 468 post
1855 413 1910 452 se
1937 402 1988 458 Α
2016 406 2190 451 autem
2237 405 2456 450 maneat
2502 397 2784 456 siccitas,
2837 412 2863 444 ι
2930 390 3113 459 cuius
3152 385 3237 440 rei
3279 384 3412 438 “‘“5
3453 391 3687 451 q“""“"“

372 485 600 538 Abiezer
637 501 650 535 :
683 503 702 536 ι
733 487 821 554 qui
859 486 1040 553 utique
1063 503 1321 554 nusquam
1349 499 1485 543 erat.
1522 489 1904 556 Interpretatur

371 582 550 627 autem
584 574 806 626 Abiezcr
843 577 1004 642 patris
1039 581 1132 628 mei
1174 579 1425 629 auxilium
1462 579 1591 648 (81).
1631 577 1742 630 Non
1777 593 1903 646 ergo

373 662 637 716 hominem
664 663 913 729 aliquem,
947 667 1035 716 sed
1071 667 1236 733 patris
1259 669 1338 719 sui
1376 667 1585 722 Gedeon
1627 669 1904 723 invocasse

369 751 581 804 videtur
611 753 888 809 auxilium.
927 753 1087 806 Mittit
1125 755 1346 821 interea,
1381 765 1434 810 et
1474 759 1672 812 auxilia
1707 774 1904 813 convo-

370 849 476 896 cat.
510 842 840 897 Conveniunt
875 847 1072 913 populi,
1105 858 1155 900 et
1184 863 1368 902 omnes
1404 850 1466 901 ad
1507 849 1718 905 Gedeon
1748 867 1904 906 exer-

369 928 506 982 citus
539 944 946 1000 congregantur.

433 1017 488 1068 4.
535 1035 554 1066 ι
597 1017 659 1071 Et
693 1030 835 1085 tunc,
874 1023 1043 1090 inquit
1098 1024 1156 1087 '°,
1189 1024 1401 1080 Gedeon
1433 1028 1567 1082 dixit
1598 1030 1662 1083 ad
1696 1033 1900 1084 Deum:

366 1103 425 1158 Si
464 1106 664 1160 salvum
717 1108 845 1163 facis
877 1112 926 1163 in
980 1127 1134 1166 manu
1175 1130 1287 1168 mea
1326 1117 1518 1180 Israel,
1555 1122 1900 1186 quemadmo-

365 1195 490 1246 dum
531 1195 733 1249 locutus
761 1212 844 1261 es,
874 1213 998 1254 ecce
1039 1217 1135 1269 ego
1168 1219 1398 1268 sumam,
1426 1214 1479 1258 et
1519 1222 1709 1273 ponam
1737 1209 1901 1261 vellus

365 1283 497 1337 ianm
535 1285 587 1338 in
614 1301 735 1339 area
774 1305 786 1338 :
817 1297 867 1340 et
899 1291 1156 1357 siquidem
1201 1309 1288 1346 ros
1325 1295 1576 1349 ceciderit
1597 1311 1756 1362 snpcr
1789 1297 1900 1349 vel-

362 1370 464 1436 lus,
494 1381 548 1425 et
580 1388 739 1440 super
773 1393 986 1430 omnem
1036 1390 1228 1433 terram
1281 1383 1496 1436 siccitas
1529 1384 1706 1445 fuerit,
1735 1399 1902 1453 agno-

360 1473 505 1512 scam
528 1462 776 1529 quoniam
795 1465 994 1516 salvum
1015 1467 1176 1519 facies
1197 1468 1245 1520 in
1267 1470 1422 1522 manu
1447 1483 1560 1520 mea
1580 1469 1735 1524 lsrael
1762 1471 1899 1522 sicut

360 1544 658 1598 locutuses.
689 1548 960 1602 Etfactum
991 1560 1070 1605 est
1091 1553 1220 1606 sic.»
1239 1555 1369 1607 Cum
1396 1564 1503 1611 tam
1533 1555 1694 1609 tnulta
1718 1556 1826 1607 sint
1845 1565 1898 1608 et

360 1633 637 1688 innumera
663 1639 810 1704 signa
847 1641 924 1692 vel
963 1642 1221 1708 prodigia,
1240 1658 1358 1710 quae
1383 1652 1563 1710 petere
1589 1646 1845 1712 potuisset
1866 1659 1892 1695 a

359 1721 468 1776 Deo
495 1722 709 1778 Gedeon
748 1727 811 1778 ad
862 1732 1280 1782 contirmaudam
1313 1731 1745 1796 pollicitationem
1779 1732 1891 1797 Dei,

354 1809 514 1879 475
546 1813 669 1878 quid
712 1815 762 1868 ei
795 1817 962 1868 visum
1003 1831 1084 1870 e5t
1132 1830 1248 1885 post
1287 1821 1577 1883 angelicam
1611 1836 1792 1874 vocem
1828 1839 1893 1876 ac

355 1900 793 1964 pollicitationem
835 1905 1108 1960 crelestcm
1151 1917 1332 1974 petere
1377 1911 1520 1964 istud
1555 1921 1660 1964 tam
1698 1927 1892 1964 novum

355 1988 562 2056 signum
595 2005 624 2042 a
657 1991 762 2047 Deo
785 1989 915 2046 ?Ait
942 1997 1084 2048 enim
1112 2015 1126 2050 :
1158 2017 1176 2048 ι
1209 1998 1410 2053 Ponam
1452 2003 1620 2057 vellus
1664 2003 1798 2058 lana:
1840 2007 1892 2059 in

353 2093 474 2132 area
497 2118 511 2142 ,
543 2083 662 2135 etsi
693 2083 852 2136 fuerit
900 2099 1060 2153 supra
1102 2088 1267 2142 vellus
1297 2090 1629 2146 solummodo
1671 2110 1788 2158 ros,
1839 2105 1894 2149 et

351 2183 510 2236 super
537 2185 744 2224 omnem
778 2181 971 2226 terram
1023 2177 1268 2242 siccitas,
1302 2195 1393 2234 ero
1438 2184 1718 2238 conlidens
1759 2201 1894 2253 quo-

350 2259 491 2311 niam
523 2268 575 2312 tu
614 2261 817 2316 salvum
864 2265 1026 2318 facias
1072 2268 1233 2320 lsrael
1289 2271 1338 2322 in
1383 2286 1540 2324 manu
1589 2289 1725 2327 mea.
1765 2295 1782 2326 ι
1829 2277 1894 2330 Et

347 2363 469 2400 cum
500 2350 830 2416 poposcisset
874 2353 1085 2408 Gedeon
1117 2372 1143 2408 a
1181 2358 1286 2411 Deo
1314 2359 1523 2428 signum
1570 2363 1736 2427 istud,
1785 2382 1893 2418 nte-

348 2437 456 2488 ruit
481 2436 746 2491 eﬂ‘ectum.
794 2440 896 2495 Sed
945 2456 1089 2508 esto,
1143 2446 1519 2513 impetraveris
1553 2451 1685 2515 hoc,
1718 2470 1750 2508 ο
1788 2455 1892 2510 Ge-

347 2529 483 2582 deon
517 2530 627 2599 (89.)
662 2548 676 2583 :
707 2533 834 2599 quid
883 2543 936 2584 ct
971 2535 1167 2600 accipis
1196 2536 1362 2590 vcilus
1393 2537 1526 2591 lanae
1558 2541 1606 2592 in
1641 2557 1762 2595 area
1786 2582 1798 2602 ,
1838 2554 1892 2597 et

347 2621 600 2688 cxprimis
631 2623 683 2675 in
709 2622 944 2689 pelvim?
986 2623 1118 2688 Quid
1163 2636 1212 2679 te
1238 2629 1499 2693 permovit
1530 2630 1630 2684 hoc
1670 2633 1890 2688 facere?

349 2704 452 2760 Sed
489 2717 640 2771 esto,
682 2709 1057 2777 impetraveris
1101 2714 1330 2778 primum
1360 2716 1607 2785 signum,
1658 2722 1782 2789 quid
1833 2733 1887 2776 ut

347 2797 633 2848 secundum
687 2800 845 2850 etiam
903 2800 1108 2865 signum
1162 2814 1468 2868 permutato
1518 2821 1581 2860 ac
1638 2825 1888 2876 perverso

351 2875 534 2928 ordine
587 2880 863 2943 posceres?
915 2881 1173 2938 Fortassis
1224 2888 1366 2940 enim
1419 2890 1547 2943 dicit
1591 2875 1778 2962 aliquis
1811 2913 1877 2952 ex

2005 490 2144 544 ratio
2198 488 2652 556 deprehenditur.
2706 483 2867 537 Vide
2921 493 3174 534 onmem
3235 478 3396 528 hunc
3442 476 3687 541 populum

2004 579 2096 646 qui
2131 593 2225 645 per
2278 589 2495 628 omnem
2552 586 2778 628 terram
2835 587 2914 625 ex
2959 566 3258 636 gentibus
3333 578 3692 633 congregatus

2003 676 2123 730 est,
2175 667 2467 718 habentem
2511 678 2667 716 nunc
2726 663 2788 714 in
2855 675 2924 713 se
2969 671 3182 710 rorem
3241 655 3530 707 divinum.
3571 655 3691 708 Vide

2003 771 2124 812 eum
2153 754 2316 824 Moysi
2356 768 2484 806 rore
2535 750 2762 805 infundi
2798 789 2812 812 ,
2871 748 3328 816 prophetarum
3372 742 3581 798 litteris
3627 745 3692 798 ir—

2005 844 2198 896 rorari.
2259 842 2392 896 Vide
2447 856 2573 893 eum
2628 840 2816 892 etiam
2877 839 2938 889 in
2982 835 3349 902 evangelica
3388 842 3448 885 et
3489 844 3690 900 aposto-

2002 931 2108 983 lico
2138 931 2367 983 humore
2409 929 2750 980 viridantem
2779 943 2798 990 ;
2847 925 3000 978 illud
3043 931 3258 976 autem
3299 921 3521 985 vellus,
3551 921 3599 975 id
3622 934 3692 976 est

2001 1016 2288 1070 Iudaicum
2340 1017 2628 1085 pupulum,
2683 1015 3042 1070 siccitatem
3082 1021 3149 1066 et
3188 1012 3532 1066 ariditatem
3561 1015 3690 1064 verbi

2001 1108 2332 1174 patientem,
2365 1105 2675 1159 secundum
2723 1103 2888 1169 quod
2948 1102 3266 1168 scriptum
3319 1107 3412 1152 est
3467 1099 3533 1162 ¹³,
3581 1102 3690 1168 quia

2007 1213 2025 1243 ι
2061 1204 2223 1246 erunt
2272 1194 2366 1246 ﬁlii
2406 1193 2577 1246 Israel
2617 1192 2802 1245 multo
2861 1202 3162 1258 tempore
3203 1189 3342 1242 sine
3395 1203 3563 1257 rege.
3592 1190 3694 1243 siue

2002 1286 2263 1351 propheta
2283 1323 2299 1348 ,
2330 1300 2438 1340 non
2466 1285 2572 1336 crit
2603 1283 2796 1337 altare
2818 1321 2837 1347 ,
2865 1295 3082 1348 neque
3130 1280 3338 1332 hostia
3363 1321 3378 1344 ,
3416 1293 3596 1347 neque
3621 1294 3693 1332 sa-

2003 1375 2290 1428 criﬁcium.
2333 1393 2352 1424 »
2386 1375 2630 1428 Intueris
2660 1382 2886 1440 quanta
2921 1373 3098 1439 apud
3134 1369 3278 1424 illos
3303 1371 3545 1424 siccitas
3580 1387 3690 1438 per-

2001 1472 2216 1526 manet,
2251 1472 2460 1530 quanta
2499 1463 2583 1516 eis
2617 1463 2868 1515 ariditas
2898 1459 3108 1514 divini
3153 1460 3466 1514 sermonis
3503 1461 3691 1513 evenit.

2003 1553 2125 1606 llarc
2151 1553 2366 1619 quidem
2400 1551 2556 1605 nobis
2580 1591 2596 1615 ,
2623 1553 2777 1604 sicut
2815 1549 3007 1605 fateri
3049 1549 3245 1602 decet
3267 1588 3284 1613 ,
3327 1564 3403 1602 ex
3439 1548 3691 1616 majorum

2002 1642 2184 1694 labore
2216 1642 2420 1696 collata
2455 1649 2612 1704 sunt,
2661 1655 2868 1694 verum
2919 1641 3242 1707 quoniam
3291 1638 3472 1690 etiam
3505 1655 3572 1692 ex
3604 1655 3690 1692 au-

2003 1732 2115 1785 dito
2151 1734 2319 1785 verbo
2351 1746 2382 1784 a
2416 1730 2801 1797 sapientibus,
2844 1730 3023 1783 sicut
3079 1729 3390 1796 scriptum
3431 1740 3549 1792 est,
3585 1732 3690 1784 col-

2002 1820 2225 1874 laudare
2251 1821 2549 1885 debemus,
2599 1831 2656 1873 et
2707 1821 2991 1888 adjicere
3058 1821 3143 1874 ad
3202 1820 3387 1886 illud,
3425 1822 3691 1876 videamus

2001 1911 2127 1980 quid
2154 1911 2318 1964 etiam
2352 1909 2814 1979 superaedilieare
2852 1910 3195 1976 possimus
3226 1911 3287 1963 in
3321 1910 3546 1967 talibus.
3568 1913 3684 1966 Cuia

2000 2001 2452 2068 septuagesimum
2482 2000 2725 2066 primum
2749 1999 3074 2065 psalmum
3101 1998 3273 2068 apud
3309 2001 3680 2068 memetipsum

2000 2105 2140 2158 serpe
2188 2090 2560 2151 discuterem,
2616 2089 2799 2141 movit
2836 2103 2937 2142 me
3000 2090 3069 2142 in
3142 2090 3312 2144 hanc
3370 2106 3525 2154 rem,
3559 2094 3682 2160 quod

1999 2196 2120 2233 cum
2173 2181 2464 2233 adventum
2499 2180 2713 2234 Christi
2751 2181 2810 2233 in
2877 2196 2957 2236 eo
3024 2182 3452 2248 describeret,
3491 2185 3543 2237 in
3585 2188 3685 2253 ipso

1998 2271 2160 2323 etiam
2209 2270 2312 2322 hoc
2337 2269 2536 2322 asserit
2567 2279 2922 2322 eventurum
2977 2289 2995 2325 :
3044 2289 3068 2321 ι
3124 2271 3203 2325 Et
3242 2274 3684 2338 descendet.in-

1997 2358 2116 2426 quit
2148 2358 2214 2421 ”,
2245 2358 2390 2411 sicut
2417 2357 2603 2425 pluvia
2637 2357 2692 2410 in
2725 2358 2952 2426 vellus,
2990 2369 3063 2414 et
3109 2362 3276 2414 sicut
3302 2363 3574 2417 stillantia
3599 2379 3680 2418 su—

1998 2463 2092 2514 per
2145 2456 2366 2500 terram.
2416 2465 2435 2497 ι
2479 2446 2666 2501 Velius
2699 2448 2797 2500 hic
2838 2451 3264 2517 nominatur,
3319 2453 3500 2509 vellus
3537 2467 3589 2508 et
3630 2456 3676 2509 in

1997 2537 2226 2590 Psalmis
2265 2537 2630 2590 describitur.
2680 2539 3029 2594 Descendit
3068 2545 3243 2596 enim
3280 2547 3438 2598 sicut
3479 2546 3677 2613 pluria,

1997 2627 2170 2694 inquit
2237 2641 2433 2694 ,super
2462 2628 2655 2682 vellus.
2686 2629 3029 2685 Descendit
3055 2649 3214 2703 ergo
3249 2636 3309 2688 in
3359 2637 3495 2690 illud
3525 2637 3680 2693 vellus

1995 2716 2172 2785 populi
2218 2717 2704 2783 circumcisionis,
2743 2730 2806 2774 et
2845 2723 3018 2777 sicut
3067 2727 3389 2780 stillicidia
3431 2729 3675 2782 stillantia

1993 2821 2150 2874 super
2179 2816 2380 2860 terram
2413 2824 2428 2860 :
2469 2809 2571 2862 hoc
2611 2819 2701 2862 est
2751 2802 2945 2880 super
3001 2816 3315 2883 reliquam
3367 2828 3567 2874 terram
3592 2820 3676 2873 de-

1992 2894 2200 2947 scendit
2257 2894 2516 2948 Dominus
2571 2905 2775 2950 noster
2828 2897 3026 2955 Jesus
3095 2904 3423 2965 Christus,
3478 2907 3674 2960 stillans

351 2964 432 3026 iis,
463 2965 550 3032 qui
587 2969 839 3023 attentius
884 2973 1105 3027 audiunt
1150 2991 1267 3043 quae
1312 2979 1584 3048 leguntur,
1618 2988 1737 3053 quia
1770 3005 1854 3042 ῃοι

351 3051 592 3075 --:.l.._.___.
654 3072 733 3075 --η
853 3061 863 3070 -
977 3064 992 3075 ι
1189 3067 1202 3075 .
1253 3069 1264 3075 -
1376 3071 1388 3075 -

2193 2996 2356 3049 super
2399 2997 2535 3046 nos,
2565 2993 2622 3035 et
2662 2994 2865 3051 guttas
2904 2990 3106 3045 nobis
3167 3008 3413 3061 quoque
3455 2995 3673 3050 aﬂerens

346 3051 593 3107 videntur
646 3061 927 3114 convenire
977 3064 1089 3118 hmc
1138 3067 1206 3120 ad
1251 3069 1390 3122 istud
1441 3075 1579 3140 quod
1622 3051 1875 3146 scriptum

347 3149 428 3192 cst
454 3142 490 3172 ¹¹
520 3160 531 3194 :
564 3162 581 3194 ι
612 3145 726 3199 Νοιι
748 3151 975 3204 tentabis
997 3153 1276 3208 Dominum
1299 3158 1464 3212 Deum
1489 3170 1658 3226 tuum,
1691 3186 1708 3216 ι
1729 3142 1875 3234 quod

344 3233 430 3288 lex
459 3239 726 3306 praecepit.
776 3241 882 3295 Sed
910 3244 1084 3298 exitus
1114 3247 1187 3299 rei
1225 3249 1377 3302 docet
1407 3265 1510 3303 non
1539 3265 1658 3306 esse
1695 3233 1879 3308 contra

349 3325 649 3378 mandatum
675 3327 892 3383 factum.
928 3331 1108 3402 Neque
1134 3337 1273 3388 enim
1327 3341 1602 3394 exaudiret
1630 3342 1768 3396 Deus
1793 3359 1884 3412 pe-

349 3409 586 3464 titionem
633 3425 818 3471 coutra
870 3418 1036 3487 legem
1075 3422 1269 3488 aliquid
1296 3425 1692 3493 deposcentem.
1733 3409 1882 3487 Nunc

344 3506 520 3552 autem
567 3515 685 3554 cum
737 3505 1009 3561 videamus
1044 3511 1166 3575 quia
1208 3521 1262 3565 et
1300 3515 1350 3565 in
1395 3516 1565 3582 primo
1597 3520 1748 3591 signo
1795 3538 1880 3575 ros

344 3585 534 3640 cecidit
587 3604 750 3657 super
797 3594 964 3648 vellus
1007 3597 1172 3661 laute,
1237 3600 1288 3654 in
1335 3605 1476 3656 omni
1535 3585 1709 3661 autem
1740 3620 1878 3664 terra

344 3675 483 3729 facta
515 3689 594 3730 est
631 3682 875 3747 siccitas,
905 3684 1028 3738 etin
1064 3689 1300 3743 secundo
1339 3707 1502 3759 super
1531 3709 1740 3750 onmem
1773 3709 1879 3753 ter-

343 3779 456 3820 ram
490 3765 678 3822 cecidit
707 3784 793 3823 ros
829 3788 842 3822 :
874 3771 1091 3826 siccitas
1123 3786 1300 3831 autem
1332 3779 1431 3832 fuit
1463 3781 1515 3833 in
1565 3784 1790 3849 vellere,
1826 3790 1876 3842 in

343 3870 448 3923 quo
489 3866 542 3911 et
586 3859 831 3912 liduciam
879 3858 1071 3927 accipit
1118 3863 1326 3920 Gedeon
1365 3870 1490 3936 quia
1543 3871 1791 3929 Dominus
1827 3877 1877 3930 in

342 3957 500 3997 manu
545 3945 658 4012 ejus
688 3947 887 4001 salvum
929 3951 1130 4006 faceret
1169 3953 1278 4022 (85)
1311 3956 1502 4018 Israel,
1539 3959 1762 4014 videnda
1796 3973 1878 4016 est

342 4033 496 4101 hujus
538 4038 772 4104 mysterii
809 4040 980 4102 ratio,
1009 4042 1074 4096 de
1099 4057 1203 4110 qua
1239 4046 1452 4100 memini
1485 4049 1646 4100 etiam
1691 4065 1877 4118 quem-

342 4123 460 4175 dam
485 4137 551 4176 ex
577 4127 1057 4191 praedecessoribus
1083 4134 1278 4186 nostris
1306 4135 1356 4188 in
1387 4136 1576 4190 libellis
1610 4141 1741 4204 suis,
1767 4144 1877 4196 vel-

341 4211 423 4265 lus
467 4213 600 4267 lante
636 4218 883 4284 populum
927 4220 1125 4276 dixisse
1179 4223 1370 4290 Israel,
1408 4226 1664 4295 reliquam
1699 4242 1874 4286 autem

1991 3073 2130 3125 roris
2155 3071 2392 3125 cmlestis
2415 3111 2431 3134 ,
2469 3081 2528 3124 ut
2555 3082 2613 3126 et
2638 3089 2748 3127 nos
2779 3075 3085 3134 bibamus
3119 3083 3229 3150 qui
3258 3099 3494 3139 eramus
3524 3101 3673 3152 super

1988 3175 2200 3214 omnem
2236 3170 2438 3215 terram
2478 3162 2595 3230 jugi
2641 3165 2931 3222 ariditate
2981 3171 3246 3226 siccati.
3309 3174 3474 3228 Hunc
3519 3177 3670 3244 igitur

1989 3253 2231 3320 mysterii
2264 3253 2512 3306 ordinem
2563 3253 2803 3308 Gedeon
2865 3270 3139 3315 sanctus
3200 3268 3543 3335 prephetico
3571 3270 3670 3336 spi-

1987 3339 2092 3392 ritu
2124 3353 2418 3403 contuens,
2457 3357 2562 3394 non
2601 3343 2794 3398 solum
2832 3349 3122 3414 primum
3165 3355 3406 3424 signum
3441 3358 3669 3426 poposcit

1988 3442 2018 3480 a
2048 3429 2190 3491 Deo,
2239 3430 2334 3483 sed
2372 3439 2428 3484 et
2469 3433 2786 3486 secundum
2831 3450 3158 3496 converso
3205 3447 3420 3502 ordine
3466 3451 3663 3517 repetit.

1987 3518 2197 3572 Sciebat
2229 3520 2374 3572 enim
2401 3535 2579 3574 rorem
2604 3523 2878 3578 divinum
2904 3567 2921 3590 ,
2962 3531 3077 3596 qui
3123 3544 3222 3588 est
3253 3537 3536 3591 adventus
3557 3537 3664 3592 Filii

1986 3608 2098 3668 Dei.
2131 3623 2238 3662 non
2270 3611 2447 3664 solum
2479 3610 2724 3677 Iudaeis,
2780 3620 2891 3673 sed
2935 3631 3006 3677 et
3053 3627 3455 3690 postmodum
3512 3632 3662 3685 etiam

1985 3699 2233 3764 gentibus
2271 3715 2392 3753 esse
2445 3711 2743 3756 venturum
2773 3746 2790 3771 ,
2825 3714 3135 3774 quoniam
3184 3721 3430 3786 quidem
3483 3738 3547 3776 ex
3591 3723 3666 3775 in-

1983 3789 2299 3843 credulitate
2329 3789 2494 3844 lsrael
2524 3792 2676 3847 salus
2708 3795 2774 3848 tit
2805 3805 3136 3865 gentibus.
3172 3809 3250 3865 Et
3290 3813 3401 3867 hoc
3425 3815 3662 3882 estquod

1982 3891 2078 3942 pro
2108 3877 2362 3932 ariditate
2408 3880 2632 3936 velleris
2687 3887 2978 3944 universa
3027 3903 3203 3951 terra
3264 3905 3459 3971 gratia
3507 3877 3659 3957 divini

1983 3967 2121 4020 roris
2152 3967 2476 4022 infunditur.
2509 3970 2621 4026 Sed
2653 3982 2712 4028 et
2747 3976 2894 4034 illud
2932 3983 2997 4037 in
3035 3987 3160 4043 hoc
3200 3967 3365 4046 facto
3410 3997 3513 4049 viri
3543 3995 3663 4050 lide-

1981 4056 2168 4111 lissimi
2196 4057 2468 4113 Gedeonis
2492 4071 2973 4140 praetereundum
3018 4079 3289 4158 minime
3322 4096 3464 4152 puto
3485 4130 3500 4152 ,
3531 4086 3658 4153 quod

1983 4145 2136 4200 nobis
2158 4147 2224 4200 ad
2256 4147 2486 4201 formam
2520 4163 2705 4217 potest
2737 4163 2999 4217 cautela:
3027 4145 3339 4236 spiritalis
3383 4145 3658 4232 accedere.

1978 4233 2235 4302 Angel'um
2259 4235 2432 4299 vidit,
2465 4241 2561 4292 sed
2595 4242 2680 4295 vir
2700 4248 2979 4305 eruditus
3017 4233 3084 4309 et
3135 4259 3512 4332 habensjam
3542 4268 3655 4322 Jesu

340 4309 543 4355 terram
576 4305 808 4374 reliquas
851 4319 1035 4376 gentes
1079 4313 1348 4379 posuisse,
1379 4324 1433 4369 et
1471 4331 1641 4370 rorem
1663 4323 1752 4386 qui
1791 4336 1876 4375 ce-
1911 4336 1954 4388 ι)
1983 4325 2323 4390 praecessoris
2357 4328 2706 4396 exemplum,
2752 4340 3000 4396 cautius
3039 4348 3205 4416 agit.
3242 4305 3486 4411 Sciet?“
3521 4359 3654 4412 enim

340 4390 466 4416 ..2.ιε.
500 4406 657 4416 ..ι-..Α-
685 4395 847 4416 “All---
916 4400 1036 4416 _.-_,a,
1170 4403 1204 4416 ι.
1246 4403 1256 4414 ι
1613 4408 1625 4416 .
1676 4409 1749 4416 η.-
1844 4412 1875 4416 --
2105 4411 2136 4416 --
2162 4411 2195 4416 --
2478 4414 2486 4416 _

339 4390 471 4445 cidit
499 4406 658 4459 super
685 4395 851 4449 vellus
872 4437 888 4461 ,
915 4400 1133 4454 verbum
1168 4403 1258 4456 Dei
1293 4417 1411 4458 esse
1430 4445 1444 4467 ,
1487 4408 1626 4474 quod
1675 4409 1752 4463 illi
1781 4412 1879 4464 soli

338 4480 533 4548 p0pulo
559 4483 772 4537 caelitus
811 4485 997 4540 fuisset
1027 4488 1309 4546 indultum.
1334 4494 1505 4560 Supra
1529 4498 1696 4551 solum
1728 4511 1879 4554 nam;

338 4585 443 4638 que
483 4570 646 4624 Israel
686 4587 774 4626 ros
810 4575 1001 4628 divinae
1041 4576 1172 4645 legis
1216 4581 1524 4638 advenerat.
1569 4585 1876 4641 Siccitatem

340 4667 518 4711 autem
561 4658 828 4713 habebant
855 4676 1038 4716 omnes
1067 4675 1248 4732 gentes
1279 4685 1292 4720 :
1323 4673 1446 4735 quia
1480 4673 1654 4728 nullus
1697 4678 1744 4728 ei
1782 4678 1877 4731 hu-

339 4761 455 4798 mor
495 4747 657 4800 divini
685 4749 1057 4804 infundebatur
1081 4754 1292 4824 eloquii.
1324 4757 1552 4814 Secundi
1584 4777 1710 4817 vero
1741 4770 1874 4822 ratio

338 4836 475 4904 signi
511 4837 563 4890 in
600 4839 925 4892 contrarium
956 4853 1306 4907 permutatur,
1333 4847 1384 4900 in
1416 4864 1521 4916 quo
1551 4853 1626 4905 ait
1651 4855 1693 4886 "
1721 4876 1732 4909 :
1762 4875 1780 4907 ι
1806 4858 1874 4913 Ut

336 4938 503 4993 supra
551 4941 760 4982 onmem
789 4938 985 4982 terram
1039 4945 1126 4984 ros
1175 4933 1489 4999 descendat,
1521 4953 1677 5008 supra
1710 4931 1874 5005 v'ellus

413 5106 457 5138 ¹⁶
492 5105 614 5161 Jud.
641 5120 714 5170 vl,
750 5105 837 5170 56,
866 5107 952 5160 57.
1031 5109 1070 5139 ¹¹
1099 5108 1249 5163 Deut.
1277 5125 1352 5172 vi,
1379 5113 1463 5166 16.

344 5174 389 5205 ιο
417 5173 436 5227 ι
466 5173 618 5230 Joan,
647 5190 719 5238 ιν,
762 5175 814 5229 1.
889 5177 928 5206 ⁸⁷
958 5175 974 5228 ι
1006 5176 1126 5230 Cor.
1176 5194 1243 5241 ιι,
1276 5181 1360 5232 15.
1441 5181 1480 5211 ’⁸
1503 5183 1612 5240 Jos.
1637 5173 1821 5254 “de:

413 5307 933 5380 (81)_Interpretatur
969 5321 1135 5362 autent
1173 5312 1382 5366 Abiezcr
1399 5319 1561 5380 patris
1595 5322 1692 5373 mei
1722 5326 1873 5376 auxi-

345 5372 590 5446 ζξιιιζιέΕχ
618 5372 744 5442 insi,
780 5396 798 5427 ι
833 5386 978 5446 pater
1013 5395 1178 5440 meus,
1222 5399 1240 5430 ι
1285 5391 1337 5433 et
1363 5372 1464 5444 ἦν
1490 5403 1506 5433 t
1540 5372 1865 5443 auxilium-:3

348 5440 538 5516 Ibidem
572 5440 739 5522 mss;
764 5464 801 5525 ε,
819 5440 918 5525 non
933 5460 1060 5516 ergo
1080 5448 1342 5525 hominem
1375 5440 1626 5525 aliquem,
1665 5440 1868 5525 sedi—pai-

351 5508 443 5559 tris
477 5512 684 5564 summi.
717 5532 733 5562 ι
764 5513 918 5579 Editi,
955 5534 970 5565 ι
997 5508 1122 5569 νιιοιι
1172 5533 1296 5586 ergo
1329 5508 1579 5574 humilem
1613 5508 1866 5592 aliquc'tn,

1541 5117 1581 5145 ¹²
1605 5119 1722 5175 Jtttl.
1755 5140 1826 5191 vr,
1857 5131 1944 5183 59.

1977 4411 2231 4477 possibile
2269 4425 2392 4467 esse
2417 4414 2585 4467 etiam
2623 4423 2864 4488 angelos
2905 4411 3317 4495 tenebrarum
3373 4448 3656 4514 transﬁgu-

1977 4514 2096 4551 rare
2134 4515 2193 4554 se
2226 4502 2279 4553 in
2324 4505 2552 4572 angelos
2602 4507 2746 4565 lucis
2781 4515 2831 4546 ”
2868 4535 2884 4569 :
2917 4529 2980 4574 et
3040 4525 3186 4582 ideo
3239 4502 3655 4592 θηηιῖητηίξηθ

1975 4591 2323 4656 cautissimo,
2369 4595 2524 4661 volo,
2556 4597 2743 4666 inquit
2775 4610 3040 4670 probare
3072 4619 3372 4684 spiritum
3407 4627 3455 4679 si
3495 4643 3522 4679 a
3543 4591 3653 4680 γι)θο

1979 4687 2063 4730 est
2087 4680 2165 4742 “,
2211 4682 2335 4748 quia
2385 4702 2405 4734 ι
2447 4686 2721 4753 spiritalis
2769 4680 3353 4767 examinat-omnia
3391 4717 3457 4770 ³⁷.
3504 4736 3524 4769 ι
3570 4717 3654 4772 Sic

1980 4780 2219 4834 namque
2245 4784 2548 4838 praecessor
2582 4775 2705 4843 ejus
2754 4780 2976 4841 fecerat
3028 4789 3182 4849 Jesu
3217 4798 3388 4858 Nave
3419 4807 3500 4867 η,
3531 4822 3648 4858 cum

1979 4857 2274 4925 principem
2299 4863 2509 4918 militia:
2547 4870 2798 4927 caelestis
2829 4875 3079 4937 vidisset
3106 4901 3125 4937 :
3174 4888 3431 4960 inquirit
3472 4857 3647 4952 elidis-7

1980 4950 2135 5013 cutit,
2177 4953 2222 5004 si
2270 4962 2461 5008 noster
2497 4957 2608 5024 sit,
2658 4975 2733 5016 an
2768 4950 3292 5034 adversariorum.
3337 4983 3461 5040 lloc
3495 4990 3648 5041 modo

2025 5130 2066 5160 ⁸³
2094 5127 2224 5186 Ose.
2255 5149 2352 5199 ιιι,
2387 5136 2444 5192 4.
2528 5140 2573 5173 ιδ
2603 5141 2752 5198 Psal.
2792 5161 2891 5213 xx,
2915 5146 2972 5202 6.

3053 5151 3072 5184 ³
3093 5153 3119 5185 ⁸
3153 5155 3207 5210 ll
3243 5162 3386 5216 Cor.
3417 5180 3533 5230 xxx,
3561 5167 3638 5221 Η.

1979 5331 2070 5384 sed
2101 5338 2283 5400 patris
2310 5344 2421 5399 sui,
2454 5365 2476 5398 ι

1976 5400 2337 5524 “ﬁliabus.
2374 5435 2393 5466 ι
2435 5418 2830 5492 impetraveris
2877 5425 3184 5484 ellicaciam
3234 5435 3430 5507 signi,
3458 5455 3494 5494 ο
3529 5440 3632 5498 Gc-

2049 5535 2170 5610 (δὸ)
2221 5546 2358 5608 Mss.
2400 5575 2417 5610 ι
2461 5558 2702 5628 faceret.
2735 5588 2753 5625 ι
2791 5568 2951 5636 Editi,
2996 5585 3014 5619 ι
3045 5566 3253 5628 faciat.
3298 5592 3323 5627 ι
