3806 6254
214 255 327 329 935

1268 267 1335 322 IN
1367 269 1619 328 LIBRUM
1651 271 1945 330 JUDICUH
1979 272 2254 349 HOMILIA
2282 276 2371 333 IX.

3311 281 3410 335 936

224 369 401 423 etiam
450 365 811 421 sanctissimus
857 368 1082 427 Gedeou
1123 377 1353 458 discutit
1382 384 1674 450 angelicam
1700 388 1780 438 vl-
1805 390 1850 446 Α
1880 386 2084 455 accipio
2114 400 2304 453 aquam
2335 393 2389 439 et
2440 386 2627 439 naurio
2659 387 2721 440 de
2744 386 2976 442 fantibus
3022 387 3215 451 Israel,
3251 405 3408 458 quam

221 460 472 523 sionem,
497 457 796 510 diversitate
819 469 875 512 et
908 463 1278 519 immutatione
1303 453 1591 536 signorum.

287 547 351 602 5.
394 548 506 602 Sed
555 557 609 601 et
670 549 795 601 illud
837 556 982 618 quod
1025 556 1098 610 ait
1149 555 1395 624 cheon,
1432 560 1630 614 Ponam
1670 561 1774 614 vel-

219 637 308 691 lus
372 654 488 691 non
542 639 863 706 ubicunque,
937 661 1043 697 non
1100 647 1150 717 ip
1218 663 1406 714 campo
1446 686 1463 712 ,
1508 664 1677 717 neque
1728 650 1778 702 in

220 727 367 780 saltu
393 766 411 790 ,
448 729 545 780 sed
575 730 625 780 in
650 744 771 781 arca
792 769 806 791 ,
836 734 997 799 quale
1040 702 1137 787 tibi
1162 736 1400 789 videtur?
1433 737 1488 790 In
1526 702 1649 792 area
1692 739 1780 792 ubi

220 816 422 868 messis
458 824 581 869 est:
616 834 633 865 ι
682 817 866 871 Messis
886 823 1098 887 quidem
1135 823 1330 889 multa,
1358 826 1587 892 operarii
1606 837 1780 880 autem

218 902 388 968 pauci
426 902 493 955 ".
523 903 725 956 Ponant
748 943 762 967 ,
794 906 968 975 inquit
996 908 1062 972 ’°,
1095 908 1264 962 vellus
1289 910 1375 962 ubi
1423 912 1610 966 messis
1625 922 1726 966 est.
1758 932 1778 965 ι

215 990 362 1054 Quid
410 1001 663 1044 moverat
689 1005 935 1047 sanctum
972 996 1143 1048 virum
1188 996 1421 1063 cheon,
1455 999 1537 1051 vel
1577 1001 1702 1067 quid
1733 1002 1783 1055 ei

217 1081 403 1132 visum
457 1080 641 1134 fuerat
676 1092 730 1134 ut
760 1084 858 1137 hoc
889 1084 1129 1140 faceret?
1159 1086 1485 1142 Praevidebat
1505 1090 1644 1142 enim
1690 1106 1786 1158 per

214 1172 520 1240 spiritum,
563 1174 691 1240 quia
736 1173 982 1229 Christus
1032 1176 1084 1226 in
1112 1189 1291 1229 aream
1351 1192 1499 1230 suam
1534 1179 1782 1245 populum

214 1276 382 1313 suum
432 1270 736 1331 congregat
769 1271 823 1314 et
847 1262 919 1315 ibi
950 1278 1070 1316 eum
1110 1275 1398 1332 expurgat,
1442 1274 1629 1317 tenens
1662 1280 1787 1317 vcn-

215 1349 487 1403 tilahrum
527 1351 583 1402 in
615 1366 776 1403 manu
805 1365 924 1414 sua,
947 1360 1002 1404 ct
1039 1350 1108 1404 ibi
1139 1352 1316 1420 paleas
1357 1363 1570 1419 separat
1598 1369 1626 1404 a
1670 1353 1786 1405 frn-

215 1450 412 1494 tnento
443 1441 515 1492 ’⁸.
549 1439 669 1494 Non
699 1455 829 1509 ergo
863 1442 978 1496 sine
1009 1456 1171 1495 causa
1198 1442 1279 1494 vir
1310 1451 1490 1496 tantus
1531 1453 1585 1496 et
1628 1444 1748 1496 talis
1768 1483 1784 1507 ,

217 1527 388 1596 cujus
433 1538 493 1581 et
542 1539 771 1581 sanctus
809 1529 1095 1595 Apostolus
1142 1531 1207 1582 ad
1258 1529 1506 1586 Hebraeos
1552 1532 1789 1584 scribens

215 1616 358 1669 facit
379 1616 433 1669 in
463 1617 853 1684 prophetarum
884 1617 1130 1687 catalogo
1161 1620 1576 1684 mentionem“,
1607 1634 1783 1671 aream

1876 474 2116 542 exprimo
2141 474 2206 527 de
2254 473 2541 527 Israelitico
2566 475 2781 531 vellere.
2811 476 3061 545 Exprimo
3088 480 3227 531 enim
3256 481 3412 532 modo

1877 577 2067 630 aquam
2107 577 2137 615 e
2182 560 2375 615 vellere
2431 561 2551 614 libri
2602 561 2878 626 Judicum,
2926 574 2981 616 ct
3022 564 3127 619 alio
3179 575 3413 633 tempore

1880 665 2066 717 aquam
2102 651 2168 704 de
2210 650 2402 703 vellere
2439 649 2772 720 Regnorum,
2805 661 2859 704 et
2891 667 3080 719 aquam
3117 654 3182 708 de
3221 654 3413 710 vellere

1880 740 2053 803 Isaiae,
2088 739 2169 792 vel
2201 738 2484 792 Ieremim:
2526 748 2580 792 et
2611 739 2762 793 mitto
2805 753 2921 792 eam
2971 741 3022 791 in
3068 740 3257 807 pelvim
3302 739 3413 792 ani-

1881 847 1980 886 ma:
2003 872 2019 897 ,
2053 833 2358 899 concipiens
2397 846 2613 885 sensum
2665 835 2715 885 in
2742 834 2904 887 corde
2946 847 3064 886 meo
3092 847 3107 885 :
3139 843 3191 887 et
3212 834 3413 899 accipio

1880 922 2039 989 pedes
2072 936 2251 974 eorum
2283 921 2370 988 qui
2396 933 2453 974 se
2493 922 2730 988 praebent
2757 930 2811 974 et
2845 930 3147 990 prteparant
3187 921 3251 974 ad
3300 937 3412 975 cm-

1883 1009 2113 1061 nandum
2136 1046 2152 1071 ,
2189 1015 2241 1060 et
2270 1004 2587 1077 inquantum
2608 1008 2900 1075 praevaleo,
2925 1008 3105 1062 lavare
3135 1008 3290 1075 cupio
3319 1023 3413 1074 pe-

1882 1101 1974 1150 des
2027 1096 2247 1163 fratrum
2284 1111 2522 1151 meorum
2575 1106 2629 1150 et
2661 1098 2929 1165 complere
2969 1100 3276 1151 mandatum
3309 1096 3411 1148 Do-

1883 1194 2009 1246 mini
2050 1209 2064 1245 :
2101 1201 2157 1245 ιιι
2206 1193 2256 1244 in
2300 1193 2460 1246 verbo
2494 1192 2748 1246 doctrina:
2770 1201 3062 1261 purgentur
3087 1191 3356 1244 auditores
3385 1204 3412 1241 a

1883 1283 2129 1338 sordibus
2152 1290 2487 1350 peccatorum
2509 1320 2525 1345 ,
2547 1290 2600 1336 et
2637 1278 2890 1351 abjiciant
2916 1296 2944 1332 a
2987 1295 3045 1335 se
3077 1280 3287 1333 Omnem
3318 1280 3418 1332 im-

1885 1372 2194 1426 munditiam
2218 1372 2465 1424 vitiorum
2483 1409 2497 1434 ,
2522 1380 2575 1424 et
2601 1374 2823 1425 mundos
2853 1371 3085 1424 habeant
3119 1371 3277 1440 pedes
3298 1372 3414 1438 qni-

1884 1458 1984 1512 bus
2018 1468 2161 1512 recte
2196 1459 2560 1527 ingrediantur
2592 1460 2657 1512 ad
2703 1461 3144 1528 praeparationem
3174 1460 3410 1528 Evange-

1886 1546 1940 1600 lii
1964 1548 2110 1615 pacis
2145 1563 2168 1620 :r
2199 1558 2255 1600 ut
2301 1564 2487 1602 omnes
2537 1548 2694 1602 simul
2729 1550 2780 1601 in
2852 1549 3062 1602 Christo
3108 1548 3232 1603 Iesu
3269 1549 3416 1617 puri-

1888 1636 2027 1689 ﬁcati
2057 1650 2150 1705 per
2174 1638 2410 1704 verbum,
2430 1653 2532 1691 non
2557 1637 2869 1704 abjiciamur
2889 1639 2955 1692 de
2983 1638 3216 1691 thalamo
3238 1638 3413 1706 sponsi

212 1705 414 1772 elegit,
447 1707 517 1757 ad
540 1704 713 1759 vellus
741 1707 1045 1773 ponendum
1077 1722 1091 1758 :
1120 1720 1218 1760 nec
1242 1707 1358 1759 sine
1378 1722 1538 1760 causa
1565 1721 1782 1775 expres-

1887 1739 1977 1793 pro
2018 1702 2246 1780 sordidis
2308 1702 2661 1791 indumentis;
2709 1728 2801 1781 sed
2857 1728 3097 1781 candidis
3150 1702 3414 1792 vestibus,

212 1793 299 1846 sit
324 1792 495 1845 vellus
541 1792 596 1844 in
625 1793 854 1865 pelvim,
885 1793 1098 1859 quando
1143 1804 1196 1844 et
1230 1793 1451 1859 replevit
1476 1808 1593 1846 eam
1623 1808 1780 1861 aqua.

212 1879 595 1946 Requiramns
628 1886 682 1931 et
713 1880 778 1931 de
809 1879 906 1932 hoc
938 1879 990 1931 In
1015 1878 1306 1946 Scripturis
1324 1878 1526 1932 sanctis
1546 1919 1563 1945 ,
1594 1881 1637 1932 si
1668 1894 1784 1946 qua!

226 1968 400 2013 nobis
442 1968 609 2014 etiam
645 1963 805 2026 hujus
851 1963 1208 2034 intelligentiae
1249 1975 1524 2035 praestatur
1558 1970 1781 2024 occasio.

224 2055 539 2109 Veniamus
577 2056 645 2109 ad
682 2058 1042 2127 Evangelium.
1084 2060 1386 2115 Invenimus
1422 2062 1489 2116 ibi
1530 2064 1573 2094 ’³
1608 2064 1786 2117 Ι)οωὶ-

1881 1814 2005 1870 lotis
2036 1817 2257 1882 pedibus
2277 1854 2292 1879 ,
2320 1817 2498 1870 mundi
2533 1818 2713 1882 corde,
2741 1818 3114 1870 recumbamus
3148 1817 3197 1869 in
3231 1817 3415 1870 convi~

1884 1905 1970 1958 vio
1997 1906 2176 1973 sponsi
2201 1905 2366 1972 ipsius
2397 1904 2602 1960 Domini
2631 1905 2796 1959 nostri
2821 1904 2945 1959 Jesu
2968 1904 3185 1968 Christi,
3215 1904 3299 1957 cui
3335 1910 3422 1959 est

1881 1994 2046 2071 gloria
2069 2004 2125 2049 et
2148 1995 2427 2069 imperium
2463 1995 2517 2048 in
2544 1995 2734 2049 Stecula
2765 1995 3099 2048 saeculorum.
3134 1995 3327 2046 Amen.

2453 2122 2724 2177 IIOIIILIA
2753 2122 2842 2176 IX.

1923 2228 1998 2283 De
2024 2230 2202 2298 prazlio
2236 2231 2370 2299 quod
2399 2227 2603 2282 Gedeon
2632 2246 2747 2309 cum
2780 2231 3019 2285 trecentis
3046 2230 3169 2284 viris
3197 2231 3372 2285 electis

2561 2308 2736 2350 aemt.

2560 2314 2736 2367 gessit.

223 2167 370 2204 num
408 2160 466 2204 et
503 2150 837 2206 salvatorem
877 2165 1116 2208 nostrum
1155 2168 1432 2212 exuentem
1470 2160 1784 2213 vestimenta

221 2258 355 2306 sua,
387 2253 443 2296 et
481 2244 654 2298 linteo
688 2246 1030 2313 praecinctum
1069 2250 1278 2303 mittere
1314 2250 1471 2321 476
1505 2268 1690 2321 aquam
1728 2254 1783 2312 in

208 2337 417 2405 pelvim
441 2376 458 2401 ,
488 2337 672 2390 lavare
702 2339 863 2406 pedes
895 2338 1279 2406 discipulorum
1329 2355 1567 2396 suorum.
1624 2341 1784 2397 Vides

210 2440 352 2495 ergo
374 2427 506 2495 quia
538 2426 654 2479 haec
685 2427 1075 2480 adumbrabant
1108 2429 1396 2496 prophetae,
1426 2444 1537 2496 qua:
1561 2434 1710 2484 erant
1730 2432 1785 2485 in

210 2515 543 2570 novissimis
577 2517 902 2583 temporibus
925 2516 1188 2583 implenda
1228 2531 1322 2584 per
1357 2519 1654 2573 Dominum.
1691 2519 1782 2574 Illa

208 2620 348 2673 ergo
377 2620 525 2678 aqua
560 2619 723 2671 quam
762 2606 1007 2659 mittebat
1030 2605 1187 2661 Iesus
1231 2608 1282 2660 in
1328 2608 1520 2675 pelvint
1552 2624 1637 2663 ros
1669 2619 1785 2664 erat

209 2697 408 2765 gratiae
450 2695 702 2749 ccelestis
747 2708 814 2748 ex
842 2710 951 2763 quo
978 2696 1187 2751 lavabat
1212 2698 1372 2766 pedes
1402 2698 1780 2767 discipulorum

207 2801 471 2841 suorum.
508 2785 667 2839 Unde
707 2794 764 2838 et
799 2785 992 2840 merito
1022 2787 1233 2841 dicebat
1271 2789 1335 2840 ad
1369 2803 1462 2842 eos
1497 2790 1542 2819 ’δ
1571 2808 1585 2842 :
1617 2807 1635 2839 ι
1680 2789 1782 2843 Vos
1880 2800 2008 2848 ergo
2040 2785 2151 2837 haec
2173 2786 2404 2853 potuerit
2430 2794 2535 2837 tam
2566 2785 2842 2837 innun'tera
2877 2786 3159 2839 nntltitudo
3189 2787 3422 2840 hostium

204 2886 401 2930 autem
454 2877 645 2929 mundi
693 2876 823 2929 estis
853 2885 1071 2945 propter
1116 2876 1334 2930 verbum
1381 2880 1518 2945 quod
1555 2878 1782 2933 .locutus
1880 2874 2146 2942 superari,
2183 2874 2496 2928 videamus:
2531 2875 2803 2938 Exierunt,
2847 2876 3037 2942 inquit,
3079 2874 3185 2928 duo
3224 2884 3279 2929 et
3328 2876 3423 2927 tri-

205 2982 337 3019 sum
373 2967 442 3019 ad
478 2980 599 3018 vos.
636 2983 657 3016 ι
706 2964 815 3018 Sed
870 2967 969 3020 hoc
1024 2980 1122 3020 nos
1160 2969 1316 3020 modo
1350 2968 1395 3020 si
1448 2966 1777 3035 praebeamus
1802 2995 1844 3051 ο
1881 2965 2025 3032 ginta
2058 2964 2219 3017 millia
2243 2973 2565 3017 armatorum
2589 2978 2654 3016 ex
2680 2963 2802 3018 filiis
2828 2963 2989 3017 Israel
3023 2978 3142 3016 cum
3166 2962 3415 3016 Gedeone

204 3056 384 3123 pedes
426 3064 685 3115 nostros,
734 3065 953 3121 paratus
995 3063 1077 3108 est
1120 3055 1374 3110 Dominus
1406 3054 1559 3110 Iesus
1603 3057 1779 3109 lat-are
1877 3054 2132 3108 adversus
2178 3067 2387 3107 omnem
2440 3054 2592 3106 istam
2630 3052 3015 3106 multitudinem
3050 3066 3320 3120 pugnare.
3361 3052 3426 3105 Et

204 3144 390 3211 pedes
421 3144 627 3195 animae
660 3153 863 3196 nostrae
883 3181 899 3206 ,
929 3152 982 3196 et
1022 3157 1250 3213 purgare
1279 3157 1370 3197 eos
1401 3159 1520 3198 rore
1548 3145 1781 3199 cmlestis
1881 3143 2018 3197 Deus
2048 3156 2299 3210 responsa
2329 3141 2476 3195 dedit
2527 3142 2589 3194 ad
2620 3141 2832 3196 Gedcon
2865 3142 3047 3195 dicens
3071 3142 3114 3172 ²⁹
3143 3159 3156 3194 :
3192 3161 3210 3192 ι
3250 3140 3424 3195 Gran-

202 3233 414 3301 gt-atia:
449 3233 705 3299 Spiritus
731 3232 936 3298 sancti,
985 3234 1149 3286 verbo
1188 3233 1462 3287 doetrintc.
1491 3231 1604 3287 Non
1638 3234 1780 3287 enim
1883 3234 1965 3285 dis
1989 3232 2270 3284 multitudo
2312 3239 2396 3285 est
2437 3239 2634 3284 tecum.
2670 3249 2688 3282 ι
2729 3230 2794 3283 Ει
2845 3230 2971 3298 quid
3002 3231 3044 3284 si
3086 3233 3305 3298 grandis
3343 3241 3427 3284 est

199 3323 365 3378 solos
394 3322 679 3389 apostolos
709 3324 938 3375 mundos
964 3335 1081 3379 esse
1111 3322 1310 3385 voluit,
1340 3324 1430 3375 sed
1471 3337 1658 3376 omnes
1689 3324 1779 3391 qui
1883 3321 2199 3375 multitudo?
2247 3320 2430 3387 Nonne
2466 3322 2517 3373 in
2564 3321 2718 3374 bellis
2778 3322 3116 3374 numerosior
3157 3321 3425 3375 exercitus

204 3413 462 3471 credunt
504 3425 605 3480 per
633 3411 857 3464 verbum
890 3410 1049 3465 illius.
1080 3411 1142 3463 Et
1174 3412 1420 3465 omnibus
1443 3412 1783 3466 credentibus
1884 3414 2073 3465 tutiora
2110 3419 2325 3478 praestat
2356 3410 2588 3464 subsidia
2616 3409 2766 3478 (8i)?
2796 3408 3143 3477 Nequaquam
3168 3449 3182 3473 ,
3220 3411 3419 3478 inquit,

201 3502 349 3558 di-cit
377 3500 512 3553 illud
535 3498 682 3568 quod
724 3508 779 3551 et
804 3498 964 3551 Petro
996 3498 1131 3551 dixit
1156 3500 1201 3530 "
1236 3517 1249 3552 :
1293 3518 1312 3550 ι
1344 3499 1454 3554 Nisi
1484 3500 1664 3553 lavero
1693 3510 1744 3554 te
1764 3538 1780 3565 ,
1883 3503 2003 3569 quia
2033 3499 2145 3554 non'
2166 3510 2291 3554 sunt
2322 3502 2549 3553 humana
2581 3499 2760 3566 pnelia
2787 3516 2801 3552 :
2836 3515 2940 3552 non
2966 3501 3110 3553 enim
3140 3501 3278 3552 sicut
3324 3501 3421 3551 hu-

204 3608 315 3647 nou
377 3590 612 3645 habebis
662 3596 871 3656 partem
910 3602 1139 3641 mecum.
1177 3608 1196 3639 ι
1241 3589 1453 3642 Certum
1503 3600 1585 3642 est
1639 3591 1781 3642 enim
1887 3607 2074 3655 mana,
2125 3590 2198 3643 ita
2237 3600 2291 3644 et
2322 3588 2498 3641 divina
2535 3588 2717 3656 praelia
2768 3598 3117 3658 peraguntur.
3153 3587 3266 3641 Non
3309 3589 3425 3642 elli-

204 3683 339 3750 quia
393 3692 559 3732 nemo
600 3678 772 3731 habet
807 3686 1013 3743 partem
1059 3691 1180 3729 cum
1233 3678 1447 3730 Christo
1483 3677 1585 3731 nisi
1628 3677 1786 3732 fuerit
1883 3680 2019 3733 citur
2063 3679 2263 3732 clarum
2295 3676 2485 3731 divinat
2513 3677 2726 3731 virtutis
2759 3691 2924 3745 opus,
2964 3661 3008 3731 si
3058 3678 3303 3731 humanis
3333 3679 3426 3730 ad-

205 3771 357 3823 Iotus
411 3777 467 3823 et
507 3766 761 3819 mundus.
797 3763 952 3826 Veni.
997 3779 1210 3832 precor,
1263 3765 1657 3829 DomiueJesu
1707 3767 1781 3820 fili
1884 3767 2149 3821 miniculis
2199 3765 2470 3829 fulciatur,
2507 3767 2634 3833 quia
2670 3784 2688 3816 ι
2733 3781 2836 3819 non
2885 3768 2946 3820 lit
2995 3766 3176 3820 salvus
3222 3783 3315 3821 rex
3371 3770 3422 3820 in

202 3859 385 3914 David
406 3897 424 3922 ,
478 3870 620 3910 exue
679 3865 730 3908 te
763 3855 1082 3909 vestimenta
1113 3870 1231 3922 quae
1286 3866 1336 3908 tu
1359 3894 1375 3919 ,
1429 3857 1678 3921 Domine,
1707 3856 1786 3909 in—
1884 3856 2219 3909 multitudine
2269 3854 2476 3907 virtutis
2510 3854 2706 3909 sum”.
2741 3872 2761 3905 ι
2814 3852 2890 3908 Ne
2918 3854 3053 3908 forte
3080 3870 3207 3923 ergo
3231 3855 3426 3923 gloria—

202 3950 376 4003 dnisti
432 3956 662 4017 propter
708 3960 816 4009 me,
862 3955 917 3998 et
972 3948 1258 4014 accingere
1311 3958 1526 4014 propter
1564 3963 1682 4013 me,
1731 3956 1785 4001 et
1888 3957 2031 4001 retur
2059 3946 2220 4001 Israel
2262 3956 2318 4000 et
2343 3946 2598 4014 jactantia
2625 3945 2864 3999 victoriae
2900 3955 3104 4013 partem
3135 3960 3424 4012 praesume-

202 4044 366 4094 mitte
404 4053 608 4107 aquam
665 4036 717 4087 in
756 4036 978 4102 pelvim,
1022 4045 1074 4089 et
1122 4036 1241 4087 lava
1298 4037 1457 4102 pedes
1512 4051 1783 4091 servorum
1887 4048 1996 4102 ret,
2031 4044 2311 4104 propterea
2345 4035 2477 4090 dicit
2519 4035 2771 4088 Dominus
2801 4035 2866 4087 ad
2888 4034 3101 4088 Gedeon
3125 4033 3168 4064 ³¹
3196 4047 3212 4085 :
3239 4051 3257 4084 ι
3294 4034 3425 4089 Mul-

203 4140 461 4192 tuorum,
519 4135 578 4178 et
634 4125 777 4178 dilue
806 4125 992 4177 sordes
1029 4125 1266 4177 [Iliorum
1318 4133 1370 4176 et
1398 4124 1625 4177 filiarum
1666 4135 1785 4179 tua-
1887 4134 1970 4178 tus
1996 4134 2074 4178 est
2104 4122 2331 4191 populus
2366 4132 2540 4179 tecum
2577 4136 2592 4174 :
2627 4136 2734 4176 non
2764 4121 2966 4177 tradam
2992 4121 3197 4175 Manlian
3230 4121 3281 4173 in
3313 4138 3426 4174 ma-

203 4235 351 4274 rum.
378 4217 526 4270 Lava
555 4214 718 4280 pedes
741 4214 934 4267 animm
960 4225 1188 4277 nostras,
1215 4221 1271 4264 ut
1300 4228 1398 4266 nos
1438 4222 1488 4266 te
1517 4213 1787 4267 imitantes
1890 4229 1987 4267 nus
2045 4220 2264 4278 eorum,
2294 4227 2362 4266 ne
2410 4213 2545 4267 forte
2577 4212 2806 4266 exsultet
2837 4212 3115 4264 adversum
3151 4226 3234 4264 tne
3261 4210 3424 4265 Israel

203 4321 259 4361 et
276 4316 566 4362 sectantes
596 4317 857 4356 exuamus
881 4318 979 4355 nos
1001 4312 1184 4356 vetera
1209 4302 1547 4365 vestimenta,
1565 4314 1619 4356 et
1637 4304 1783 4358 dica-
1817 4300 1859 4353 Ι)
1888 4304 2090 4365 dicens,
2119 4302 2245 4370 quia
2270 4316 2459 4354 manus
2486 4316 2599 4354 mea
2621 4301 2823 4354 salvum
2856 4315 2938 4352 me
2968 4300 3111 4354 fecit.
3137 4299 3423 4367 Propterea
3481 4363 3485 4367 _

199 4415 327 4452 mus
372 4398 419 4428 "
460 4416 473 4450 :
516 4412 536 4445 ι
576 4392 748 4446 Nocte
819 4391 942 4443 exui
1001 4406 1087 4444 me
1137 4392 1518 4444 vestimentum
1568 4408 1782 4457 meum,
1887 4393 2104 4461 loquere
2165 4393 2219 4444 in
2268 4391 2488 4443 auribus
2537 4389 2749 4458 pOpuli,
2795 4388 3030 4442 dicens:
3073 4389 3170 4452 Qui
3214 4390 3430 4443 timidus

196 4486 480 4554 quomodo
540 4485 760 4536 induam
819 4482 984 4536 illud?
1020 4502 1039 4535 ι
1107 4481 1175 4534 Ει
1232 4482 1426 4534 iterum
1481 4483 1720 4536 dicamus
1768 4500 1782 4537 :
1888 4493 1970 4537 est
2016 4491 2072 4536 et
2117 4482 2495 4535 formidolosus
2525 4481 2705 4543 corde,
2750 4490 3065 4534 revertatur.
3112 4480 3178 4533 Et
3227 4481 3427 4533 reversi

200 4595 220 4625 ι
262 4577 395 4629 Lavi
431 4574 605 4644 pedes
632 4587 800 4633 meos,
829 4572 1097 4640 quomodo
1127 4571 1422 4625 sordidabo
1449 4573 1583 4625 eos?
1611 4590 1629 4622 ι
1657 4572 1784 4625 Sta-
1889 4582 2012 4626 sunt
2035 4572 2100 4626 de
2127 4579 2303 4624 monte
2329 4569 2525 4623 Galaad
2568 4570 2633 4622 de
2667 4568 2860 4637 popqu
2895 4569 3079 4636 viginti
3121 4570 3225 4621 duo
3260 4568 3427 4620 millia

197 4667 297 4719 tim
347 4677 588 4731 namque
619 4671 678 4714 ut
704 4660 901 4714 laveris
929 4662 1093 4729 pedes
1130 4674 1323 4722 meos,
1371 4661 1531 4712 etiam
1581 4678 1785 4716 recum-
1889 4661 2012 4723 viri,
2060 4668 2114 4713 et
2170 4665 2543 4711 remanserunt
2590 4659 2772 4710 decent
2831 4655 3016 4708 millia.
3074 4673 3091 4705 ι
3148 4654 3433 4709 Videamus

193 4756 332 4810 bere
379 4770 467 4808 me
514 4752 687 4806 facias
733 4759 908 4804 tecum
945 4761 1000 4804 ut
1033 4750 1260 4805 audiam
1285 4749 1379 4802 abs
1407 4758 1457 4803 te
1486 4750 1529 4781 ²⁷
1568 4767 1582 4803 :
1624 4769 1642 4801 ι
1683 4753 1785 4806 Vos
1889 4765 2015 4815 ergo
2050 4749 2220 4814 primo
2248 4747 2373 4813 quid
2415 4746 2664 4812 estquod
2700 4744 2830 4799 dicit
2867 4760 2881 4797 :
2912 4760 2930 4794 t
2967 4743 3205 4796 Timidus
3237 4752 3288 4795 et
3318 4743 3431 4794 for-

192 4845 408 4898 vocatis
461 4856 551 4896 me
599 4842 858 4909 magister
880 4849 934 4894 et
981 4839 1245 4903 Domine,
1290 4847 1343 4891 et
1373 4847 1516 4892 recte
1557 4840 1781 4896 dicitis:
1892 4833 2181 4889 midolosus
2233 4832 2424 4895 corde;
2461 4848 2480 4882 ι
2514 4832 2618 4884 duo
2645 4832 2791 4884 enim
2829 4831 2970 4884 dicta
3019 4840 3145 4883 sunt
3184 4830 3428 4883 hut-tante

190 4946 317 4985 sum
366 4915 599 4985 etenim.
629 4928 687 4982 Si
715 4943 840 4997 ergo
875 4943 970 4997 ego
1002 4926 1278 4981 Dominus
1304 4936 1355 4978 et
1378 4928 1636 4995 magister
1677 4930 1781 4983 lavi
1891 4922 2187 4992 fragilitatis
2216 4921 2407 4975 indicia
2430 4959 2445 4983 ,
2474 4920 2672 4989 quibus
2716 4921 2957 4988 arguitur
2991 4921 3220 4972 humana
3264 4915 3428 4983 fragi~

191 5025 365 5088 pedes
406 5033 652 5083 veStros,
708 5028 760 5072 et
783 5034 871 5072 vos
921 5019 1254 5071 alterutrum
1304 5016 1460 5081 pedes
1505 5016 1716 5071 lavate.
1757 5039 1774 5069 ι
1887 5012 2118 5077 litas,id
2140 5020 2222 5065 est
2265 5010 2434 5064 timidi
2482 5019 2536 5064 et
2578 5009 2908 5063 formidolosi
2955 5009 3134 5062 corde.
3189 5003 3433 5056 Timidus

194 5109 335 5164 Volo
380 5125 512 5179 ergo
549 5119 602 5162 et
632 5123 731 5177 ego
761 5108 934 5161 lavare
981 5106 1154 5173 pedes
1211 5100 1428 5156 fratrum
1478 5120 1739 5160 meorum
1762 5147 1776 5172 ,
1887 5111 2060 5169 potest
2108 5102 2275 5155 videri
2318 5110 2372 5154 et
2399 5100 2486 5155 ille
2513 5100 2602 5168 qui
2633 5100 2806 5167 primo
2836 5105 3049 5165 aspectu
3083 5093 3310 5158 trepidat
3358 5094 3428 5145 ad

191 5202 385 5254 lavare
406 5201 572 5269 pedes
587 5197 1067 5265 condiscipulorum
1097 5203 1362 5245 meorum.
1389 5194 1448 5245 Et
1476 5204 1779 5261 propterea
1886 5208 2224 5261 congressum
2245 5231 2260 5258 ,
2307 5206 2412 5246 non
2452 5201 2627 5246 tamen
2661 5200 2772 5243 toto
2809 5186 2970 5242 corde
3019 5190 3276 5239 terretur,
3331 5182 3431 5234 sed

266 5309 316 5341 "
346 5306 532 5359 Matth.
577 5319 666 5367 ut,
692 5303 774 5355 57.
822 5370 837 5371 7
861 5303 903 5332 ³ο
939 5298 1173 5371 .lud._\'t,
1203 5293 1301 5371 ΞἹζ
1364 5302 1401 5331 ¹¹
1435 5300 1640 5371 Matth.
1709 5319 1771 5357 ιιι

1887 5306 1939 5359 2.
2014 5308 2058 5337 "
2099 5305 2228 5360 lleb.
2256 5322 2328 5368 XI,
2351 5302 2444 5371 ωε
2511 5300 2570 5371 4⁸³
2600 5299 2754 5371 Joau.
2779 5313 2894 5371 χιιι.
2921 5362 2954 5371 __
2982 5294 3034 5371 ’⁸.
3057 5290 3430 5371 «ιοειιιεχνηξ,

192 5377 238 5407 ⁸⁸
269 5358 427 5429 Joan.
460 5358 588 5435 3m,
621 5358 671 5424 8.
741 5372 782 5400 "
805 5370 946 5423 Cant.
986 5379 1037 5424 ν,
1061 5362 1122 5412 5-
1202 5362 1247 5392 "
1275 5362 1417 5420 Joau.
1450 5365 1585 5435 sui,
1611 5371 1716 5436 15,
1748 5375 1771 5426 I

192 5444 232 5474 "
284 5443 411 5497 Jud.
450 5457 541 5494 vu.
567 5443 624 5502 2,
649 5439 701 5490 5.

1896 5358 1941 5407 ’ά
1968 5374 2088 5430 Jud.
2120 5358 2268 5439 “,5.
2298 5358 2386 5404 7'“
2419 5369 2542 5424 Jud.
2580 5383 2674 5433 vtt,
2707 5368 2763 5418 ε.
2833 5366 2878 5394 ³⁰
2917 5362 3056 5414 l’sal.
3110 5370 3294 5417 χχχιι,
3344 5358 3435 5409 Ili.

261 5557 375 5627 κει)
404 5556 559 5612 Ltub.
594 5552 731 5617 editi,
762 5570 779 5604 σ
806 5546 1073 5607 exercitus
1100 5555 1330 5607 praestat
1356 5558 1408 5607 ct
1434 5560 1515 5605 est
1544 5530 1745 5610 tutior
1775 5557 1843 5612 ad
1868 5559 2126 5616 subsidia.
2162 5576 2180 5608 ι
2214 5556 2339 5612 Mss.
2375 5564 2429 5609 ut
2459 5554 2510 5608 in
2550 5560 2734 5607 nostro
2761 5555 2929 5604 textu.

1957 2429 2005 2481 I.
2030 2429 2218 2499 lugens
2240 2438 2352 2482 erat
2372 2429 2652 2483 multitudo
2674 2445 2790 2497 qua:
2812 2431 3085 2483 adversum
3110 2429 3271 2482 Israel
3293 2444 3414 2483 con-

1887 2527 2097 2587 gregata
2126 2528 2225 2579 est,
2260 2518 2331 2570 ita
2364 2526 2421 2570 ut
2451 2518 2669 2571 locustis
2700 2533 2805 2586 prae
2838 2518 3171 2571 multitudine
3204 2518 3414 2571 confer-

1885 2618 2087 2662 rentur.
2128 2626 2147 2658 t
2177 2609 2241 2662 Et
2282 2608 2514 2673 cameli,
2548 2609 2723 2673 inquit
2746 2608 2821 2670 ’⁸,
2865 2624 3047 2661 eorum
3089 2610 3230 2662 sicut
3259 2624 3421 2662 arena

1881 2711 1999 2766 qua:
2028 2706 2108 2750 est
2145 2698 2213 2749 ad
2245 2712 2397 2750 oram
2436 2697 2601 2749 maris
2633 2696 3060 2752 innumerabilis.
3093 2715 3113 2748 ι
3147 2698 3422 2763 Quomodo
