3806 6214
391 300 490 353 987

1829 300 2144 361 ORIGENIS

3545 281 3637 337 988

392 408 627 476 reparari
662 418 712 462 et
744 409 966 462 animari
994 409 1167 464 denuo
1198 419 1395 480 potest.
1426 412 1819 470 Formidolosus
1853 426 1934 468 est
1962 420 2004 475 Α
2035 417 2086 468 in
2111 415 2199 467 his
2227 412 2314 481 qui
2347 411 2593 464 militant
2619 404 2892 467 veritati,
2929 402 3032 457 sed
3062 407 3120 453 et
3153 396 3248 466 qui
3279 395 3503 449 militant
3527 396 3635 458 Dea,

394 509 567 550 autem
602 498 691 565 qui
716 497 824 565 jam
856 499 1007 565 quasi
1038 499 1365 554 inolescente
1401 502 1563 565 vitio,
1594 503 1753 557 etiam
1782 512 1930 557 ante—

392 598 550 650 quam
582 583 758 636 videat
798 585 931 638 mala
954 626 969 650 ,
1006 586 1115 639 sola
1150 588 1475 656 cogitatione
1519 597 1768 653 terretur,
1797 589 1930 658 geli-

394 675 514 727 dam
561 690 654 743 per
687 679 918 730 membra
963 678 1300 732 formidinem
1339 680 1588 743 volvens,
1620 678 1689 730 ita
1723 689 1782 732 ut
1827 694 1931 731 non

396 776 501 817 tam
541 777 822 834 conspectu
865 768 1120 820 malorum
1144 807 1159 832 ,
1189 783 1345 836 quam
1387 769 1505 835 ipso
1534 770 1717 821 auditu
1752 778 1805 822 et
1835 787 1931 823 cx-

394 855 725 920 spectatione
766 857 1023 921 solvatur,
1069 866 1123 911 et
1173 857 1290 910 ideo
1329 857 1571 911 addidit:
1606 876 1622 907 ι
1653 858 1931 913 Formido.

395 943 539 995 lusus
561 946 739 997 corde.
777 964 796 996 ι
829 945 881 997 1η
913 948 1077 1000 corde
1115 948 1380 1015 enimjam
1414 947 1516 1000 hoc
1543 958 1597 1000 et
1630 948 1680 1000 in
1711 948 1932 1000 interio-

395 1031 541 1086 ribus
580 1032 739 1085 animi
776 1033 1004 1087 deﬁxum
1054 1035 1238 1088 vitium
1269 1044 1467 1088 manet.
1502 1035 1633 1088 Num
1665 1050 1790 1105 ergo
1819 1036 1931 1106 (85)

395 1121 620 1174 dicimus
646 1122 769 1189 quia
813 1133 935 1177 tunc
973 1127 1337 1180 tantummodo
1369 1126 1581 1181 Gedeon
1615 1127 1825 1182 dicebat
1866 1128 1931 1181 ad

395 1209 641 1277 populum
666 1228 680 1263 :
715 1213 768 1264 Si
795 1213 915 1281 quis
934 1223 1017 1268 est
1040 1216 1252 1271 timidus
1271 1224 1323 1270 et
1344 1217 1723 1273 formidolosus
1751 1220 1929 1283 corde,

396 1297 634 1351 discedat
671 1313 732 1352 ex
768 1300 973 1367 populis
997 1340 1012 1363 ,
1041 1301 1174 1355 bella
1204 1303 1446 1366 deserat,
1471 1306 1766 1358 certamina
1791 1305 1933 1358 viro—

395 1401 513 1439 rum
559 1386 777 1441 fortium
822 1390 1194 1459 derelinquat?
1240 1393 1371 1446 Nam
1423 1403 1475 1446 et
1508 1394 1662 1447 hodie
1686 1395 1932 1462 princeps

397 1476 600 1530 militiae
639 1488 832 1532 nostra:
859 1479 1114 1535 Dominus
1150 1492 1205 1536 et
1228 1481 1476 1537 Salvator
1497 1483 1651 1538 Jesus
1689 1484 1932 1539 Christus

395 1561 588 1617 clamat
628 1565 694 1618 ad
737 1567 931 1621 milites
970 1582 1096 1622 suos
1121 1568 1231 1639 (86)
1269 1580 1323 1624 et
1348 1571 1515 1625 dicit:
1545 1573 1599 1626 Si
1643 1573 1763 1641 quis
1793 1574 1933 1627 timi-

393 1649 494 1704 dus
522 1661 575 1705 et
605 1652 977 1709 formidolosus
1021 1659 1182 1711 corde
1226 1669 1338 1724 est,
1385 1662 1450 1714 ad
1493 1676 1607 1714 mea
1656 1662 1789 1716 bella
1824 1678 1929 1716 non

2032 515 2136 553 non
2165 498 2429 565 corporis,
2468 498 2568 550 sed
2609 493 2797 549 animi
2855 489 3145 543 fortitudo
3177 483 3468 554 requiritur
3496 506 3506 537 :
3531 483 3639 551 quia

2033 602 2138 640 non
2161 586 2355 656 jaculis
2414 585 2641 646 ferreis,
2707 582 2813 635 sed
2866 577 3207 632 orationum
3265 572 3389 626 telis
3439 570 3641 624 victoria

2032 679 2312 746 quaeritur,
2343 686 2397 730 ct
2425 676 2561 730 ﬁdes
2590 684 2683 729 est
2714 688 2850 741 quae
2894 670 2954 724 in
2984 666 3307 723 certamine
3330 664 3641 720 tolerantiam

2033 767 2253 835 praebet.
2285 765 2438 820 Unde
2468 774 2523 819 et
2556 774 2795 819 sanctus
2825 758 3153 829 Apostolus
3203 757 3272 808 ad
3297 756 3643 820 hujuscemodi

2032 852 2166 905 bella
2198 852 2365 905 armis
2389 848 2876 904 convenientibus
2915 843 3164 899 instruit
3226 840 3429 894 milites
3470 839 3558 895 Dei
3582 842 3647 896 di-

2032 955 2160 995 cens
2192 941 2277 990 “z
2318 959 2336 991 ι
2374 941 2530 993 State
2588 953 2729 1008 ergo
2786 936 2980 992 induti
3036 933 3278 988 loricam
3324 930 3560 998 iustitiae,
3602 940 3648 985 et

2033 1031 2296 1084 succincti
2333 1030 2550 1083 lumbos
2582 1039 2808 1081 vestros
2839 1027 2902 1079 in
2943 1023 3226 1087 veritate,
3264 1021 3361 1075 sed
3388 1029 3442 1075 et
3464 1011 3649 1091 g'aleatn

2033 1120 2224 1174 salutis
2248 1120 2506 1187 accipite,
2542 1130 2599 1173 et
2648 1119 2914 1189 gladium
2966 1114 3216 1183 spiritus
3253 1131 3269 1166 :
3306 1128 3469 1177 super
3494 1112 3649 1166 omnia

2033 1219 2212 1264 autem
2237 1221 2449 1264 scutum
2488 1211 2615 1263 ﬁdei
2650 1209 2962 1272 assumite,
2991 1210 3052 1260 in
3086 1219 3205 1272 quo
3236 1202 3465 1272 possitis
3500 1200 3651 1271 iacula

2033 1301 2249 1369 maligni
2280 1302 2448 1371 ignita
2474 1301 2862 1368 exstinguere,
2899 1298 3010 1353 sed
3063 1304 3125 1351 et
3158 1293 3399 1350 calceati
3431 1294 3583 1360 pedes
3609 1293 3651 1346 in

2031 1390 2427 1458 praeparatione
2453 1389 2737 1458 Evangelii
2777 1387 2948 1456 pacis
2971 1402 2987 1449 ;
3028 1404 3051 1437 ι
3089 1393 3152 1438 et
3177 1385 3289 1437 hoc
3316 1382 3477 1435 modo
3498 1396 3653 1435 arma-

2036 1487 2119 1532 tos
2150 1479 2337 1534 tollere
2392 1480 2657 1534 vexillum
2697 1479 2896 1534 crucis
2963 1475 3223 1539 Christi,
3259 1484 3317 1528 et
3350 1473 3500 1543 sequi
3528 1488 3651 1528 eum.

2034 1569 2183 1624 Licet
2207 1581 2385 1624 tamen
2412 1572 2578 1624 etiam
2610 1572 2718 1624 hoc
2751 1571 2809 1622 in
2841 1567 3061 1622 militia
3087 1564 3336 1627 Christi,
3388 1574 3446 1616 ut
3472 1564 3512 1616 si
3537 1562 3655 1618 forte

2032 1658 2322 1727 aliquando
2354 1659 2673 1713 inferiorem
2730 1669 2785 1713 te
2821 1657 3059 1712 viribus
3108 1654 3371 1709 senseris
3405 1653 3456 1707 in
3490 1668 3651 1722 perse-

394 1737 553 1806 477
584 1741 779 1794 veniat.
805 1742 915 1797 Hoc
942 1745 1082 1797 enim
1112 1753 1194 1798 est
1220 1747 1361 1813 quod
1391 1749 1603 1815 quidem
1640 1750 1760 1804 aliis
1811 1765 1931 1803 ver-
1965 1731 2008 1784 Β
2038 1748 2365 1811 cutionibus,
2395 1757 2454 1802 et
2481 1763 2589 1802 non
2619 1762 2847 1816 aequum
2886 1747 2999 1801 tibi
3036 1747 3353 1800 adversum
3377 1742 3649 1798 crudelita-

396 1825 478 1876 bis
504 1826 689 1880 eodem
727 1837 900 1884 tamen
932 1846 1091 1887 sensu
1124 1834 1177 1886 in
1202 1833 1490 1903 Evangelio
1521 1837 1710 1891 dicit"
1749 1855 1804 1891 :t
1830 1838 1930 1904 Qui

396 1927 501 1965 non
537 1916 669 1968 tollit
689 1932 902 1972 crucem
931 1935 1079 1973 suam
1113 1930 1167 1975 et
1195 1923 1441 1991 sequitur
1465 1938 1570 1990 me,
1612 1941 1715 1979 non
1743 1937 1825 1980 est
1849 1943 1933 1980 me

306 2054 315 2063 ι
394 2002 615 2069 dignus;
652 2014 799 2058 iet:
839 2025 857 2057 ‹
892 2010 989 2073 Qui
1044 2026 1146 2064 non
1207 2012 1378 2066 oderit
1427 2024 1630 2080 patrem
1680 2030 1834 2068 suum
1882 2025 1936 2071 et

396 2102 618 2146 matrem
647 2103 700 2147 et
732 2095 925 2150 fratres
957 2114 1083 2153 suos
1115 2109 1168 2154 et
1203 2116 1441 2165 sorores,
1483 2104 1701 2172 insuper
1731 2115 1787 2159 et
1817 2106 1936 2158 ani-

395 2196 535 2234 mam
566 2197 735 2250 suam,
770 2200 872 2238 non
903 2196 985 2241 est
1014 2203 1096 2243 me
1122 2191 1331 2258 dignus.
1371 2213 1388 2244 ι
1426 2193 1491 2245 Ει
1524 2195 1746 2248 iterum:
1782 2213 1802 2247 ί
1833 2196 1934 2262 Qui

394 2281 500 2321 non
529 2274 913 2328 renuntiaverit
966 2277 1209 2332 omnibus
1243 2294 1361 2347 quae
1410 2282 1666 2349 possidet,
1708 2299 1808 2338 non
1841 2300 1935 2353 po-

397 2364 503 2411 test
533 2373 680 2414 meus
732 2376 849 2418 esse
874 2363 1184 2433 discipulus.
1221 2386 1239 2418 ι
1278 2368 1464 2423 Nonne
1512 2370 1565 2423 in
1615 2372 1699 2426 his
1757 2374 1935 2428 verbis

395 2448 671 2503 evidenter
723 2452 934 2506 timidos
977 2466 1032 2507 et
1081 2456 1451 2514 formidolosos
1501 2476 1531 2515 e
1579 2463 1770 2516 castris
1824 2464 1935 2519 suis

396 2536 636 2593 Christus
666 2551 878 2608 separat
903 2552 959 2597 et
982 2542 1473 2604 seceritiITOmnes
1522 2551 1682 2618 igitur
1717 2553 1806 2621 qui
1840 2554 1935 2607 mi-

399 2626 566 2680 litiam
593 2629 788 2684 Christi
824 2633 971 2700 sequi
1001 2635 1180 2699 vultis,
1210 2639 1299 2704 qui
1330 2640 1383 2691 in
1409 2640 1603 2694 castris
1633 2641 1797 2710 ipsius
1817 2657 1936 2698 esse

400 2718 733 2783 desideratis,
772 2724 953 2788 procul
989 2738 1018 2776 a
1045 2726 1195 2779 vobis
1231 2726 1472 2781 timorem
1504 2731 1718 2795 mentis,
1748 2733 1935 2799 procul

397 2806 572 2860 cordis
592 2809 839 2875 expellite
860 2810 1217 2876 formidinem,
1239 2823 1296 2866 ut
1312 2829 1431 2869 cum
1457 2815 1771 2870 conﬁdentia
1792 2819 1935 2872 dicat

397 2893 549 2947 miles
565 2894 757 2949 Christi
780 2897 851 2951 "z
876 2917 894 2948 ι
915 2899 970 2951 Si
994 2901 1289 2954 consistant
1316 2902 1594 2956 adversum
1624 2919 1708 2958 nte
1735 2915 1931 2969 castra,

400 2996 504 3037 non
530 2984 735 3039 timebit
763 3002 857 3041 cor
885 3003 1077 3041 meum.
1109 2989 1165 3043 Si
1192 3000 1441 3058 exsurgat
1465 2992 1521 3044 in
1549 3005 1633 3046 me
1663 2993 1926 3062 przelium,
1964 3026 2005 3082 ο

400 3073 453 3125 in
477 3073 575 3127 hoc
596 3090 693 3143 ego
718 3081 961 3146 sperabo.
996 3099 1015 3132 ι
1043 3080 1384 3135 Conﬁdenter
1410 3083 1552 3137 dicat
1576 3083 1621 3115 “
1649 3101 1663 3135 :
1699 3102 1718 3135 ι
1755 3084 1938 3139 Domi-

400 3177 500 3216 nus
535 3164 848 3222 illuminatio
897 3184 1011 3222 mea
1045 3178 1099 3223 et
1144 3171 1288 3226 salus
1326 3186 1464 3235 mea,
1517 3187 1674 3242 quem
1708 3174 1939 3228 timebo?

401 3248 652 3306 Dominus
674 3264 940 3321 protector
986 3260 1112 3311 vita:
1142 3274 1290 3323 meae,
1326 3275 1355 3312 a
1386 3275 1493 3330 quo
1549 3263 1870 3330 trepidabo?
1913 3283 1932 3316 ι

402 3339 507 3395 Sed
538 3357 606 3396 ne
639 3360 734 3398 nos
766 3347 1033 3401 deterreat
1087 3348 1207 3402 talis
1237 3349 1336 3403 ista
1368 3351 1577 3415 militia,
1607 3352 1740 3405 nihil
1791 3352 1843 3405 in
1882 3368 1939 3408 se

402 3430 630 3499 difﬁcile,
656 3436 784 3488 nihil
814 3438 1058 3502 arduum,
1091 3446 1180 3491 aut
1200 3438 1533 3508 impossibile
1557 3442 1816 3498 continet.
1847 3441 1957 3517 Vis;

403 3522 543 3576 scire
570 3538 728 3591 quam
761 3526 913 3579 facile
939 3528 1008 3580 sit
1034 3528 1255 3596 implere
1283 3529 1396 3583 haec
1429 3530 1480 3583 in
1533 3531 1635 3583 ﬁde
1664 3531 1939 3584 militanti-

402 3610 536 3665 bus?
566 3611 747 3667 Solent
789 3615 839 3666 in
889 3615 1007 3670 istis
1052 3617 1245 3670 castris
1295 3632 1434 3686 serpe
1476 3620 1638 3672 etiam
1689 3620 1940 3674 mulieres

403 3703 636 3768 vincere,
668 3705 790 3774 quia
818 3720 920 3757 non
947 3709 1189 3775 corporis
1225 3710 1432 3772 robore,
1469 3711 1559 3764 sed
1592 3711 1711 3763 ﬁdei
1743 3712 1941 3764 virtute

403 3801 686 3859 pugnatur.
733 3792 789 3846 ln
832 3795 1196 3861 superioribus
1225 3800 1275 3851 in
1314 3798 1415 3851 hoc
1436 3799 1554 3866 ipso
1589 3798 1764 3852 libello
1794 3798 1943 3852 ludi-

404 3896 521 3932 rum
552 3882 773 3950 legimus
811 3883 877 3936 de
904 3884 1157 3939 Debborae
1200 3887 1442 3940 mulieris
1488 3888 1796 3956 triumphis,
1844 3905 1941 3946 nec

406 3968 686 4024 femineam
744 3981 971 4026 mentem
1019 3972 1294 4028 muliebris
1330 3974 1438 4044 (87)
1485 3974 1712 4029 formido
1762 3977 1943 4030 turba-

408 4060 501 4112 vit.
536 4060 671 4125 Quid
716 4076 813 4132 ego
857 4064 994 4116 illam
1045 4064 1373 4134 magniﬁcam
1420 4074 1474 4119 et
1503 4068 1735 4121 Omnium
1783 4069 1938 4124 femi-

407 4164 594 4202 narum
639 4152 1021 4206 nobilissitnam
1065 4168 1354 4207 memorem
1401 4154 1620 4209 Judith?
1664 4174 1781 4226 qua:
1829 4160 1935 4228 iam

409 4238 629 4304 perditis
655 4254 790 4305 pene
844 4241 1002 4294 rebus
1041 4256 1149 4293 non
1178 4241 1436 4295 dubitavit
1465 4243 1573 4295 sola
1605 4258 1933 4307 succurrere,

2037 1845 2142 1889 tem
2175 1838 2390 1907 tyranni
2425 1851 2525 1904 per
2556 1836 2939 1905 fragilitatem
2999 1835 3276 1905 corporis
3327 1833 3524 1888 videris
3552 1847 3651 1887 esse

2034 1936 2335 1986 certamen.
2377 1926 2511 1979 dare
2543 1925 2726 1980 locum
2754 1925 2884 1988 irae,
2921 1935 2987 1980 et
3015 1925 3229 1995 fugere
3253 1924 3323 1977 de
3355 1923 3473 1977 loco
3494 1921 3553 1973 ad
3592 1922 3653 1975 Io-

2035 2030 2153 2068 cum
2178 2031 2192 2070 :
2222 2030 2317 2068 nec
2340 2015 2435 2069 tibi
2462 2016 2518 2069 in
2544 2015 2649 2069 hoc
2667 2015 2999 2068 ascribitur
3025 2014 3289 2067 militare
3310 2010 3648 2065 commissum.

2036 2104 2358 2172 Designatur
2386 2104 2488 2158 hoc
2518 2105 2686 2157 etiam
2720 2104 2776 2156 in
2807 2103 3052 2171 legibus
3085 2102 3306 2158 Christi
3339 2099 3650 2155 dicentisﬁ:

2041 2209 2059 2241 ε
2098 2189 2156 2245 Si
2178 2204 2275 2246 vos
2308 2193 2585 2260 persecuti
2616 2191 2833 2245 fuerint
2887 2192 2951 2244 in
2988 2191 3104 2244 hac
3132 2190 3390 2254 civitate,
3435 2185 3585 2256 fugite
3608 2186 3650 2239 in

2035 2282 2212 2335 aliam.
2244 2301 2264 2334 ι
2292 2282 2520 2336 Summa
2546 2296 2793 2350 namque
2822 2282 2914 2337 rei
2950 2289 3068 2345 est,
3098 2279 3303 2334 Iesum
3330 2294 3487 2347 quem
3510 2277 3651 2331 semel

2035 2369 2315 2425 confessus
2344 2386 2424 2435 es,
2486 2385 2594 2424 non
2650 2384 2891 2439 negare.
2951 2371 3205 2425 Certum
3253 2378 3339 2424 est
3370 2369 3508 2423 enim
3536 2369 3651 2437 quod

2035 2458 2308 2513 Christum
2341 2457 2639 2512 conﬁtetur
2702 2459 2826 2523 ille,
2884 2459 2994 2527 qui
3048 2468 3362 2527 propterea
3411 2457 3558 2525 fugit,
3599 2471 3652 2509 ne

2038 2558 2221 2618 neget.
2282 2547 2340 2602 Si
2386 2548 2512 2615 quis
2560 2561 2697 2615 ergo
2756 2548 3016 2602 timidus
3074 2558 3170 2602 est
3210 2558 3269 2603 et
3310 2545 3652 2602 formidolosus

2035 2641 2217 2706 corde,
2251 2637 2493 2693 discedat
2518 2652 2547 2690 a
2572 2637 2803 2701 castris,
2852 2647 3212 2693 revertatur
3252 2639 3473 2692 domum
3500 2652 3649 2697 suam,

2037 2741 2103 2779 ne
2124 2725 2429 2793 exemplum
2458 2723 2673 2776 timoris
2703 2732 2763 2778 et
2791 2724 3148 2779 formidinis
3177 2728 3403 2780 caneris
3426 2723 3649 2793 praebeat.

2041 2816 2130 2869 Vis
2153 2823 2331 2869 autem
2364 2816 2550 2870 videre
2583 2816 2782 2884 quanti
2809 2815 3098 2869 criminis
3128 2816 3209 2869 sit
3240 2816 3465 2869 timidus
3487 2822 3536 2867 et
3558 2813 3650 2866 for-

2037 2904 2363 2959 midolosus?
2388 2904 2445 2957 In
2469 2902 2810 2972 Apocalypsi
2843 2902 2948 2956 ubi
2977 2913 3407 2957 enumerantur
3445 2903 3479 2956 ii
3505 2901 3583 2971 qui
3607 2900 3649 2952 in

2039 3004 2287 3063 stagnum
2317 2994 2459 3062 ignis
2485 2993 2742 3047 mittendi
2774 3002 2921 3048 sunt.
2950 2993 3028 3058 ³⁸,
3082 2994 3162 3047 ibi
3207 3004 3339 3050 ante
3396 3008 3570 3048 omnes
3591 2993 3650 3045 ti-

2040 3083 2213 3136 midos
2235 3091 2290 3137 et
2309 3081 2702 3136 formidolosus
2728 3080 2921 3150 ponit,
2961 3096 3103 3136 cum
3131 3085 3343 3152 quibus
3365 3092 3418 3137 et
3440 3082 3654 3136 inﬁdeles

2037 3181 2091 3226 et
2115 3171 2477 3226 fornicatores
2503 3180 2560 3224 et
2580 3171 2837 3224 vinarios
2866 3171 3150 3239 deputat.
3211 3173 3310 3228 Sic
3334 3173 3473 3228 inter
3495 3175 3653 3242 ingen-

2042 3263 2111 3314 tia
2138 3269 2194 3314 et
2221 3260 2453 3314 nefanda
2480 3259 2717 3313 crimina
2767 3260 3017 3314 timoris
3045 3272 3110 3316 et
3137 3262 3458 3318 formidinis
3477 3262 3651 3315 crimen

2038 3352 2281 3419 ponitur.
2310 3350 2435 3404 llaec
2463 3361 2649 3404 autem
2681 3351 2944 3406 diximus
2971 3364 3225 3422 propter
3274 3369 3372 3409 eos
3395 3354 3479 3423 qui
3506 3353 3653 3422 primo

2039 3442 2184 3495 velut
2231 3440 2404 3495 timidi
2455 3449 2509 3494 et
2556 3439 2922 3496 formidolosi
2976 3446 3166 3501 corde
3218 3446 3555 3500 dimittuntur
3598 3442 3652 3494 de

2038 3529 2254 3583 castris.

2107 3617 2160 3669 2.
2188 3617 2294 3671 Sed
2323 3627 2682 3688 posteaquam
2734 3621 2847 3675 ista
2876 3622 3100 3692 viginti
3149 3628 3270 3681 duo
3298 3626 3462 3681 millia
3482 3624 3654 3679 disces—

2040 3715 2247 3773 serunt,
2284 3707 2432 3762 addit
2459 3710 2640 3763 adhuc
2666 3724 2864 3767 sermo
2918 3713 3190 3782 divinus,
3220 3726 3277 3771 et
3322 3717 3457 3771 dicit
3483 3715 3542 3769 ad
3565 3712 3654 3768 Ge-

2040 3797 2217 3850 deon:
2253 3814 2272 3846 (
2303 3796 2517 3865 Adhuc,
2545 3799 2728 3867 inquit
2769 3801 2845 3865 ”,
2887 3804 3154 3870 populus
3211 3806 3423 3860 multus
3462 3813 3558 3868 est,
3580 3804 3654 3856 de-

2040 3900 2179 3954 pone
2200 3901 2295 3941 eos
2318 3889 2384 3941 ad
2410 3902 2611 3956 aquam
2640 3900 2699 3944 et
2725 3891 2801 3946 ibi
2828 3908 2935 3948 eos
2966 3898 3241 3964 probabo
3286 3896 3412 3950 tibi.
3452 3914 3469 3948 ι
3502 3894 3564 3949 Ut
3587 3893 3655 3945 vi-

2041 3977 2172 4043 deo,
2201 3977 2275 4031 illi
2304 3979 2396 4046 qui
2424 3980 2589 4047 primi
2646 3984 2945 4050 reprobati
3001 3997 3187 4054 sunt,
3236 4002 3343 4042 nec
3389 3988 3442 4041 in
3487 3998 3655 4053 aquam

2042 4065 2451 4129 descenderant,
2481 4066 2577 4121 sed
2603 4069 2793 4124 adhuc
2834 4086 2900 4126 se
2930 4079 3393 4132 catechumenos
3433 4075 3656 4143 design:-

2042 4154 2191 4219 bant,
2217 4162 2273 4206 et
2297 4154 2573 4209 intautum
2606 4155 2936 4216 formidinis
2962 4165 3118 4220 vitio
3147 4166 3416 4220 deterriti
3443 4172 3578 4225 sunt,
3606 4168 3655 4212 ut

2046 4258 2143 4298 nec
2165 4243 2230 4296 ad
2282 4243 2565 4299 lavacrum
2619 4248 2873 4303 salutare
2925 4252 3412 4310 descenderent:
3460 4254 3530 4307 illi
3550 4265 3658 4321 ergo

412 4333 577 4386 seque
597 4334 859 4391 suumque
881 4338 1039 4393 caput
1064 4328 1805 4402 immanissimiHolophernis
1828 4335 1944 4389 neci
1975 4326 2021 4382 D
2050 4334 2130 4386 sic
2156 4334 2428 4400 reprobati
2483 4344 2639 4390 sunt.
2672 4334 2770 4391 lsti
2799 4353 2939 4395 vero
2971 4346 3225 4398 secundi
3259 4345 3329 4398 ad
3379 4358 3562 4411 aquam
3588 4354 3663 4392 re:

411 4406 521 4460 sola
546 4407 826 4476 subjicere,
851 4421 905 4465 et
927 4415 1193 4480 processit
1218 4417 1283 4470 ad
1311 4417 1508 4473 bellum
1538 4435 1640 4474 non
1680 4421 1731 4474 in
1762 4423 1946 4488 armis,

416 4509 586 4563 neque
609 4497 661 4549 in
683 4499 834 4565 equis
860 4500 1086 4568 bellicis,
1135 4513 1226 4556 aut
1252 4506 1303 4558 in
1346 4509 1605 4562 subsidiis
1630 4511 1949 4568 militaribus
1992 4496 2009 4509 '

413 4583 573 4649 freta,
604 4587 695 4639 sed
722 4587 917 4640 virtute
943 4590 1130 4652 animi,
1157 4600 1210 4646 et
1235 4594 1549 4648 conﬁdentia
1578 4599 1721 4663 ﬁdei,
1769 4603 1948 4655 consi-

412 4673 484 4727 lio
507 4674 663 4728 simul
689 4684 741 4729 et
764 4677 986 4730 audacia
1012 4680 1220 4733 hostem
1248 4683 1465 4749 perimit
1488 4687 1531 4719 ³³
1548 4704 1563 4741 :
1582 4694 1636 4740 et
1654 4702 1814 4756 quam
1842 4692 1941 4745 viri

410 4764 772 4833 perdiderant,
799 4764 993 4818 femina
1033 4768 1256 4822 reddidit
1301 4770 1599 4827 libertatem
1631 4780 1833 4844 patriae.
1878 4781 1946 4835 Et

411 4853 539 4922 quid
565 4862 670 4906 tam
710 4853 864 4921 longe
898 4853 1051 4908 nobis
1076 4856 1412 4923 antiquorum
1458 4864 1697 4930 exempla
1722 4868 1947 4922 revolvi-

412 4944 571 4998 mus?
627 4943 682 4998 ln
711 4942 879 4998 oculis
913 4944 1110 4997 nostris
1164 4959 1301 5013 smpe
1343 4946 1574 5002 vidimus
1620 4954 1872 5009 mulieres
1896 4965 1950 5011 et

411 5033 648 5102 virgines
674 5035 859 5102 prima:
881 5034 1056 5088 adhuc
1073 5035 1246 5088 aetatis
1268 5050 1367 5103 pro
1393 5038 1646 5105 martyrio
1673 5044 1945 5109 tyrannica

413 5124 694 5190 pertulisse
740 5134 1023 5187 tormenta,
1060 5124 1253 5191 quibus
1288 5125 1352 5179 ad
1383 5124 1745 5181 inﬁrmitatem
1788 5147 1948 5189 sexus

413 5215 634 5269 novella:
683 5215 857 5269 adhuc
902 5216 1022 5267 vitae
1045 5213 1301 5281 fragilitas
1352 5215 1668 5270 addebatur.
1707 5218 1796 5274 Sic
1819 5236 1948 5292 ergo

484 5334 528 5365 ιι
562 5334 689 5386 Luc,
745 5349 854 5394 xiv,
904 5332 991 5395 26,
1035 5333 1122 5395 27,
1170 5332 1254 5387 55.
1352 5331 1395 5364 ³³
1440 5331 1579 5385 Psal.
1607 5352 1753 5400 xxvi,
1788 5338 1842 5391 3.

417 5396 461 5429 ⁸⁷
490 5401 671 5453 Matth.
700 5418 752 5463 χ,
783 5403 872 5455 25.
946 5404 987 5433 ³⁸
1024 5404 1189 5472 Apoc.
1220 5417 1334 5456 xu.
1410 5403 1452 5433 ³⁸
1483 5401 1603 5456 Jud.
1630 5396 1808 5470 νιι,’4.

628 5509 750 5583 Mss.
769 5511 910 5583 duo,
935 5531 954 5583 ς
981 5514 1104 5581 quid
1133 5529 1277 5583 ergo.
1296 5533 1321 5583 ί»

494 5573 600 5643 (ευ)
641 5577 789 5631 Libb.
834 5573 958 5633 editi
977 5573 1014 5645 ,’
1045 5600 1063 5632 ι
1097 5583 1165 5636 ad
1194 5573 1410 5638 "milites
1450 5597 1575 5638 suos
1616 5593 1672 5638 ut
1712 5587 1951 5643 veniant.

1947 5343 1992 5374 ³³
2025 5343 2179 5409 ibid.,
2218 5346 2271 5398 1.

1888 5410 1931 5440 ⁸ο
1954 5409 2078 5467 Jud.
2109 5428 2205 5479 vn,
2240 5416 2294 5480 5,
2328 5415 2386 5483 6,
2416 5421 2481 5473 7.

2049 4423 2226 4487 niunt,
2254 4432 2313 4476 ut
2339 4423 2411 4476 ibi
2440 4425 2776 4491 probentur.
2828 4428 2902 4484 Et
2929 4436 3233 4502 quomodo
3262 4436 3574 4504 probentur,
3596 4432 3659 4480 ri-

2047 4512 2275 4566 deamus
2300 4525 2316 4564 :
2348 4530 2366 4562 ε
2396 4512 2463 4567 Et
2486 4514 2654 4581 dixit,
2684 4517 2871 4587 inquit
2896 4521 2969 4590 “,
2999 4523 3288 4579 Dominus
3312 4522 3379 4578 ad
3419 4522 3617 4578 Gedeen
3646 4538 3656 4571 ε

2044 4602 2273 4657 Omnem
2325 4601 2652 4672 quicunque
2699 4606 2915 4665 lambet
2958 4627 3173 4681 aquam
3207 4615 3265 4668 in
3300 4615 3503 4683 lingua,
3540 4610 3661 4662 sicut

2041 4687 2231 4743 lambit
2255 4687 2430 4754 canis,
2461 4696 2679 4746 statues
2707 4708 2839 4749 eum
2871 4711 3134 4754 seorsum
3172 4720 3187 4755 :
3242 4710 3300 4756 et
3340 4713 3552 4755 omnem
3579 4693 3657 4763 qui

2050 4776 2364 4831 curvaverit
2388 4792 2566 4846 genua
2593 4797 2696 4837 sua
2745 4794 2810 4840 ut
2858 4788 3035 4855 bibat,
3085 4792 3408 4846 transferes
3441 4802 3579 4843 eum.
3603 4784 3659 4838 Εί

2053 4867 2230 4921 factus
2257 4877 2360 4933 est,
2392 4869 2597 4939 inquit,
2629 4889 2906 4933 numerus
2928 4895 3123 4935 eorum
3154 4884 3257 4951 qui
3290 4882 3591 4936 lamberuut
3612 4876 3656 4927 in

2055 4972 2214 5010 manu
2239 4972 2439 5027 aquam
2465 4963 2556 5016 vel
2584 4963 2802 5035 lingua,
2833 4974 3078 5027 trecenti
3112 4973 3246 5026 viri.
3273 4971 3475 5027 Caeteri
3497 4976 3653 5021 autem

2055 5062 2244 5102 omnes
2272 5064 2660 5109 curvaverant
2686 5073 2870 5128 genua
2896 5077 3021 5127 sua,
3049 5070 3109 5117 ut
3132 5063 3395 5116 biberent
3429 5070 3608 5128 aquam
3637 5068 3650 5104 ε

2053 5150 2108 5191 et
2135 5139 2275 5192 dixit
2303 5140 2577 5201 Dominus
2601 5150 2671 5203 ad
2696 5150 2927 5208 Gedeon
2961 5173 2976 5209 :
3014 5155 3071 5209 In
3099 5156 3371 5208 trecentis
3401 5152 3527 5205 viris
3548 5147 3653 5200 istis

2054 5228 2143 5296 qui
2173 5228 2491 5287 lamberuut
2524 5237 2583 5291 in
2616 5255 2788 5297 manu
2823 5259 3048 5315 aquam,
3099 5243 3279 5300 salvos
3320 5256 3419 5295 vos
3449 5238 3647 5297 faciam,

2350 5346 2398 5430 τ’
2416 5348 2636 5432 Ξυιῖἱιὶι
2667 5374 2794 5415 xut.
2930 5361 2975 5393 "
3010 5360 3203 5432 Ephes.
3246 5372 3328 5423 νι,
3350 5356 3440 5419 ﬂ,
3466 5352 3547 5417 {5,
3575 5349 3647 5402 l6.

2054 5523 2360 5601 "09.9399
2393 5544 2511 5593 (εει-
2540 5548 2577 5593 ἰ
2610 5543 2746 5601 Mss.
2771 5556 2832 5601 ut
2860 5548 2914 5601 in
2955 5554 3135 5601 nostro
3161 5550 3327 5596 textu.

2137 5594 2255 5668 (87)
2285 5594 3204 5683 Maueorisfftiiué'ééltéi'ﬁisi,‘i
3242 5604 3493 5677 inﬁdelis.
3531 5619 3554 5653 ι
