3806 6210
275 348 374 408 989

1303 375 1369 427 ΙΝ
1407 371 1660 428 LIBRUM
1699 366 1988 426 JUDICUM
2020 363 2298 421 IIOMILIA
2328 362 2460 418 VIII.

3377 359 3480 413 990

249 477 304 522 et
333 472 546 528 tradam
584 477 810 535 Madian
863 485 921 539 in
957 503 1177 541 manum
1232 500 1394 545 tuam.
1437 511 1454 541 ι
1488 493 1541 544 In
1595 493 1840 545 omnibus
1871 497 1909 546 A
1941 499 2057 537 mus
2084 482 2196 552 (88)
2225 492 2280 534 ut
2304 482 2463 532 etiam
2491 494 2586 532 nos
2629 491 2928 530 mereamur
2952 475 3163 530 ascribi.
3201 475 3477 539 Quomodo

234 573 378 627 νεηθ
415 574 672 620 *ἐιθτηῐιὶ
705 576 889 639 gestis
919 579 1173 645 mysteria
1207 582 1554 648 designantur
1583 582 1836 646 ingentia,

246 649 388 702 sicut
415 653 586 707 etiam
635 657 692 711 in
747 661 863 715 hoc
894 664 1013 717 loco
1045 665 1153 718 fieri
1187 667 1446 731 videmus,
1492 669 1614 734 quia
1661 668 1695 718 ii
1752 668 1841 728 qui

255 741 597 798 descendunt
629 749 700 801 ad
731 766 963 819 aquam,
1004 755 1054 807 id
1107 764 1186 807 est
1212 757 1301 822 qui
1339 757 1402 807 ad
1451 757 1691 822 baptismi
1724 771 1842 823 gra-

262 831 394 885 tiam
421 835 674 901 veniunt,
706 856 819 894 non
847 842 1049 896 debent
1093 843 1370 910 procidere
1417 847 1466 897 in
1501 855 1713 906 terram,
1746 859 1843 898 nec

271 924 490 979 llectere
516 941 693 993 genua
719 946 844 992 sua.
873 941 930 985 et
957 933 1145 984 cedere
1179 934 1558 987 tentationibus
1587 935 1841 997 venturis,

275 1017 367 1069 sed
404 1025 551 1068 stare
583 1017 820 1072 firmiter
845 1031 899 1073 et
930 1031 1260 1087 constanter,
1301 1024 1438 1076 sicut
1488 1032 1540 1075 et
1589 1023 1841 1090 propheta

277 1106 502 1158 dicebat
539 1105 583 1137 “
624 1123 638 1157 :
676 1125 694 1156 ι
738 1109 1016 1163 Demissas
1044 1126 1251 1176 manus,
1289 1121 1344 1164 ct
1373 1111 1624 1164 dissoluta
1671 1125 1840 1177 genua

270 1194 516 1262 esigite;
575 1213 594 1244 ι
625 1206 678 1247 et
705 1196 751 1225 δ’
788 1213 802 1249 :
837 1217 854 1248 ι
889 1198 1141 1251 Cressum
1193 1208 1404 1262 rectum
1450 1198 1604 1250 facile
1638 1199 1842 1250 semitis

272 1284 514 1336 vestris.
552 1303 571 1335 ι
602 1283 808 1338 Venisti
846 1288 911 1338 ad
942 1302 1130 1354 aquam
1163 1287 1427 1354 baptismi,
1465 1287 1589 1338 illud
1617 1297 1697 1339 est
1723 1301 1842 1340 cer-

275 1373 514 1427 taminis
538 1385 595 1427 et
619 1389 808 1444 pugnae
833 1377 1088 1442 spiritalis
1118 1377 1346 1439 initium,
1393 1377 1516 1429 hinc
1544 1378 1632 1430 tibi
1661 1377 1844 1429 adver-

275 1475 403 1511 sum
433 1459 700 1514 Zabulum
734 1464 970 1516 nascitur
993 1478 1178 1530 pugnae
1203 1465 1542 1532 principium.
1571 1465 1624 1516 Si
1655 1466 1844 1519 remis-

277 1547 397 1598 sior
422 1545 623 1610 fueris,
649 1549 693 1600 si
723 1549 864 1602 flecti
891 1549 1044 1602 facile
1069 1551 1329 1615 potueris,
1355 1552 1621 1618 quomodo
1649 1566 1843 1618 pugna-

275 1638 408 1691 bis?
463 1639 755 1704 Quomodo
806 1625 974 1692 stabis
1033 1642 1288 1693 adversus
1344 1643 1568 1694 astutias
1619 1641 1842 1694 Zabuli?

275 1725 586 1795 Propterea
631 1738 685 1780 et
729 1729 1013 1796 Apostolus
1041 1729 1238 1782 clamat
1264 1729 1347 1780 "z
1381 1747 1399 1779 ι
1434 1729 1582 1784 State
1619 1745 1764 1798 ergo,
1791 1739 1844 1783 et

277 1817 451 1868 nolite
499 1816 674 1886 478
719 1818 912 1870 iterum
951 1818 1077 1884 jugo
1123 1819 1396 1870 servitutis
1440 1820 1659 1872 hazrere.
1709 1837 1727 1869 ι
1779 1818 1843 1870 Et

274 1906 482 1959 iterum
515 1907 654 1958 dicit
680 1906 725 1937 “
754 1922 767 1958 :
801 1923 820 1957 ‹
862 1906 1008 1959 State
1034 1908 1084 1958 iu
1112 1908 1356 1961 Domino.
1393 1925 1411 1957 ι
1441 1908 1505 1960 ΕΙ.
1550 1908 1708 1960 tertio
1757 1907 1840 1959 di-

273 1995 358 2047 cit
391 1995 436 2024 “
466 2009 482 2044 :
515 2013 533 2045 ι
571 1994 835 2059 Quoniam
867 2003 991 2048 tunc
1013 1995 1260 2058 vivimus,
1289 1995 1331 2048 si
1357 2010 1448 2048 vos
1479 1996 1632 2049 statis
1658 1995 1708 2047 in
1739 1995 1842 2047 Do-

272 2085 452 2137 mino.
492 2103 510 2135 r
546 2084 644 2138 Ille
697 2085 861 2153 igitur
886 2085 1199 2152 probabilis,
1255 2085 1339 2138 ille
1367 2085 1568 2138 electus
1607 2094 1709 2143 est.
1751 2085 1838 2150 qui

266 2181 646 2238 posteaquam
683 2171 750 2223 ad
772 2185 938 2238 aquas
969 2171 1214 2236 baptismi
1255 2180 1469 2223 ventum
1495 2180 1595 2235 est,
1619 2171 1753 2222 ﬂecti
1777 2171 1839 2220 ad

266 2259 651 2312 necessitates
681 2268 923 2312 terrenas
945 2267 998 2310 et
1027 2271 1309 2325 corporeas
1334 2259 1534 2320 nescit,
1563 2260 1650 2324 qui
1698 2259 1840 2312 vitiis

265 2363 386 2402 mon
415 2349 688 2418 indulget,
718 2363 892 2417 neque
919 2349 988 2402 ob
1019 2348 1220 2416 peccati
1252 2349 1396 2401 sitim
1435 2349 1697 2402 sternitur
1725 2365 1840 2415 pro-

269 2453 404 2490 nus.
437 2437 548 2492 Sed
577 2447 634 2492 et
659 2439 800 2506 quod
829 2439 958 2490 dicit
985 2452 1076 2492 eos
1102 2451 1284 2499 manu,
1311 2437 1390 2490 vel
1431 2437 1608 2504 lingua
1645 2453 1834 2504 aquam

269 2526 551 2588 lambere,
605 2541 712 2578 non
754 2527 958 2591 absque
1005 2526 1322 2578 sacramenti
1357 2526 1582 2592 quadam
1638 2526 1838 2594 signiﬁ-

267 2615 460 2666 cantia
488 2614 593 2666 hoc
633 2614 764 2665 mihi
802 2615 1010 2666 videtur
1035 2615 1314 2682 scriptum,
1363 2613 1567 2666 scilicet
1606 2615 1745 2681 quod
1786 2623 1839 2667 et

267 2718 445 2755 manu
472 2711 528 2756 et
558 2703 744 2769 lingua
772 2704 986 2770 operari
1013 2704 1209 2757 debent
1251 2704 1446 2757 milites
1485 2704 1838 2776 Christi.hoc

265 2798 359 2842 cst
390 2803 559 2856 Opere
602 2798 658 2841 et
704 2789 911 2841 verbo:
941 2789 1063 2856 quia
1109 2807 1127 2839 ι
1162 2791 1248 2857 qui
1279 2791 1432 2844 docet
1476 2799 1529 2842 et
1577 2789 1722 2851 facit,
1754 2791 1838 2843 hic

269 2893 514 2947 magnus
550 2877 842 2932 vocabitur
889 2879 940 2930 in
995 2893 1158 2945 regno
1201 2877 1453 2933 caelorum
1504 2878 1564 2929 “.
1619 2897 1637 2930 ι
1688 2878 1837 2942 Quod

266 2978 462 3021 autem
487 2969 654 3020 etiam
681 2966 1085 3020 similitudinem
1116 2969 1264 3022 canis
1289 2968 1570 3021 lambentis
1594 2950 1836 3035 Scriptu-

267 3073 335 3110 ra
377 3057 587 3125 posuit,
645 3057 860 3110 videtur
905 3055 1034 3107 mihi
1074 3055 1211 3108 istud
1259 3056 1456 3108 animal
1509 3057 1608 3111 hoc
1640 3056 1836 3111 inloco

270 3155 572 3212 propterea
623 3145 980 3207 nominatum,
1026 3144 1166 3212 quod
1208 3160 1365 3214 super
1414 3147 1591 3199 omnia
1642 3155 1834 3200 cartera

267 3237 534 3288 animalia
571 3250 815 3289 amorem
868 3235 1062 3287 dicitur
1105 3237 1302 3303 proprii
1347 3236 1547 3289 domini
1599 3251 1831 3298 servare,

270 3339 384 3378 nec
410 3333 681 3391 tempore,
709 3338 807 3376 nec
831 3324 1039 3391 injuriis
1061 3325 1357 3378 oblitterari
1384 3327 1434 3377 in
1463 3339 1526 3378 eo
1557 3326 1725 3379 fertur
1751 3327 1832 3378 af-

269 3415 478 3468 fectus.
529 3413 786 3466 Trecenti
835 3428 961 3480 ergo
1005 3414 1128 3477 soli,
1171 3414 1261 3480 qui
1303 3415 1621 3467 sacramenti
1682 3416 1836 3483 hujus

271 3504 576 3572 imaginem
631 3503 1068 3571 praeformabant,
1127 3506 1210 3558 isti
1261 3504 1441 3567 electi,
1492 3503 1578 3556 isti
1604 3507 1832 3572 probati,

274 3595 372 3648 isti
419 3595 484 3647 ad
531 3593 816 3648 victoriam
871 3595 1192 3658 consecrati,
1232 3595 1318 3661 qui
1364 3609 1428 3646 cx
1472 3594 1584 3660 ipso
1629 3596 1832 3647 numeri

276 3690 638 3735 sacramento
663 3681 909 3734 obtinere
936 3683 1272 3734 adversarios
1295 3690 1536 3748 possunt.
1587 3681 1832 3735 Trecenti

273 3769 480 3822 etenim
528 3777 686 3826 sunt,
733 3769 822 3833 qui
868 3769 1024 3820 tertio
1077 3778 1300 3821 centena
1352 3768 1726 3836 multiplicant,
1781 3779 1836 3822 et

270 3856 534 3924 perfectae
563 3856 848 3909 Trinitatis
876 3871 1152 3910 numerum
1180 3856 1374 3920 ferunt,
1399 3859 1495 3909 sub
1518 3872 1622 3926 quo
1655 3873 1838 3910 nume-

268 3961 339 3999 ro
364 3951 551 3999 omnis
581 3944 786 3998 Christi
821 3955 1071 3998 censetur
1113 3947 1398 4000 exercitus.
1447 3946 1504 3999 In
1549 3961 1655 4015 quo
1684 3956 1836 4014 opta-

911 4259 1230 4344 ΡΟΥΘ.

1876 1785 1918 1840 Β

1868 3086 1908 3141 C

1943 586 2115 627 tamen
2156 573 2240 625 isti
2287 569 2561 638 pugnant?
2610 567 2874 636 llydrias,
2933 567 3125 632 inquit,
3175 574 3385 629 portant
3421 573 3473 618 et

1941 661 2214 728 lampadas
2240 669 2290 711 et
2324 658 2572 710 buccinas
2601 668 2825 707 corneas
2865 654 2916 704 in
2966 653 3208 706 manibus
3243 655 3372 716 suis,
3422 664 3476 708 et

1941 753 2036 812 sic,
2064 752 2254 816 inquit,
2287 747 2507 800 veniunt
2529 745 2592 795 ad
2624 743 2740 794 illas
2771 743 3077 793 innumeras
3109 741 3474 797 multitudines

1942 842 2190 902 hostium,
2223 840 2271 889 in
2300 836 2489 904 quibus
2523 841 2675 886 erant
2702 829 2888 882 cameli
2924 831 3060 881 sicut
3097 845 3254 881 arena
3291 832 3470 882 maris.

1941 927 2006 980 Et
2032 943 2148 980 cum
2178 926 2445 978 venissent
2476 921 2539 972 ad
2571 917 2784 982 bellum,
2834 917 3087 980 buccinis,
3136 917 3322 982 inquit,
3353 931 3477 968 cor-

1942 1015 2055 1070 neis
2092 1018 2451 1066 iusonuerunt.
2489 1007 2553 1061 Et
2575 1005 2921 1067 demiserunt,
2953 1005 3140 1071 inquit,
3172 1005 3386 1071 hydrias
3409 1007 3474 1056 de

1943 1105 2206 1162 manibus,
2237 1109 2289 1153 et
2316 1098 2556 1151 contrita:
2590 1102 2734 1148 sunt.
2760 1092 2906 1145 Tunc
2937 1107 3060 1145 vero
3090 1092 3314 1158 arreptis
3340 1093 3476 1143 lam-

1943 1191 2166 1258 padibus
2196 1195 2450 1256 proruunt
2477 1184 2528 1234 in
2565 1179 2915 1240 adversarios,
2945 1178 3100 1230 simul
3142 1187 3196 1230 et
3237 1179 3475 1232 huccinis

1944 1283 2284 1344 concrepant.
2316 1273 2445 1325 Vide
2485 1269 2604 1336 quia
2658 1265 2808 1317 electi
2838 1266 3030 1318 milites
3062 1265 3148 1317 Dei
3201 1282 3320 1320 cum
3350 1268 3475 1319 lam-

1942 1365 2162 1432 padibus
2193 1367 2442 1430 pugnant.
2470 1359 2559 1412 Sic
2589 1359 2726 1412 enim
2768 1373 2860 1412 eos
2911 1357 3151 1410 Christus
3179 1364 3473 1408 armaverat

1944 1453 2124 1504 dicens
2153 1451 2194 1482 ⁸⁷
2220 1469 2232 1503 :
2270 1469 2289 1501 ί
2323 1450 2439 1502 Sint
2467 1448 2629 1502 lumbi
2664 1447 2823 1500 vestri
2854 1446 3214 1513 praecincti,et
3244 1445 3473 1499 lucernae

1943 1549 2132 1592 vestra:
2162 1539 2426 1590 ardentes.
2465 1555 2482 1588 ι
2517 1537 2579 1589 Et
2607 1538 2796 1589 iterum
2825 1535 2872 1564 ⁴⁸
2904 1550 2915 1583 :
2956 1551 2975 1584 ‹
3016 1533 3104 1586 Sic
3142 1532 3338 1598 fulgeat
3382 1531 3470 1582 lux

1943 1638 2119 1680 vestra
2169 1641 2346 1680 coram
2379 1625 2698 1687 hominibus,
2735 1634 2792 1678 ut
2830 1624 3044 1676 videant
3085 1637 3246 1688 opera
3297 1629 3471 1672 vestra

1949 1717 2105 1778 bona,
2131 1723 2184 1769 et
2233 1714 2527 1781 glorificent
2570 1712 2780 1764 Patrem
2814 1719 3047 1764 vestrum
3087 1711 3175 1778 qui
3226 1709 3278 1762 in
3318 1709 3472 1761 caelis

1947 1813 2048 1856 est.
2089 1820 2106 1852 ι
2153 1801 2365 1854 Talibus
2395 1816 2518 1866 ergo
2561 1799 2890 1866 lampadibus
2937 1799 3210 1858 accensis,
3238 1809 3472 1865 pugnare

1940 1891 2088 1943 decet
2121 1891 2313 1942 milites
2343 1889 2576 1949 Christi,
2624 1889 2742 1940 luce
2773 1901 2988 1951 operum
3031 1885 3366 1953 refulgentes,
3415 1896 3465 1936 et

1946 1979 2224 2046 splendore
2252 1988 2534 2046 gestorum.
2559 1975 2684 2040 Qua:
2712 1985 2832 2028 sunt
2882 1984 3052 2028 autem
3085 1975 3318 2027 buccinze
3351 1988 3469 2025 enr-

1941 2084 2074 2133 uece,
2105 2083 2168 2122 ex
2201 2069 2392 2135 quibus
2421 2067 2544 2119 tuba
2578 2067 2810 2120 canunt?
2843 2065 2938 2130 Qui
2970 2067 3035 2118 de
3060 2063 3364 2118 caelestibus
3388 2064 3470 2114 lo-

1938 2158 2134 2224 quitur,
2166 2156 2252 2222 qui
2281 2156 2344 2208 de
2370 2154 2692 2222 spiritalibus
2717 2153 2949 2217 disserit,
2985 2155 3074 2221 qui
3106 2153 3352 2221 mysteria
3387 2167 3469 2205 re-

1938 2247 2024 2314 gni
2057 2245 2312 2298 cmlorum
2342 2245 2560 2309 revelat,
2599 2246 2686 2298 ille
2732 2245 2952 2297 buccina
2999 2243 3257 2306 concinit,
3288 2242 3372 2294 ille
3402 2243 3468 2296 de

1940 2335 2062 2386 tuba
2095 2333 2344 2401 loquitur,
2379 2334 2465 2400 qui
2492 2335 2556 2387 de
2595 2333 2798 2400 magnis
2835 2340 2887 2384 et
2933 2331 3176 2384 maximis
3211 2331 3466 2406 loquitur,

1937 2422 2024 2488 qui
2057 2421 2333 2473 scientiam
2367 2420 2565 2474 Christi
2599 2421 2842 2473 humanis
2867 2419 3079 2472 auribus
3101 2419 3304 2486 pandit.
3357 2419 3463 2472 Sed

1938 2523 2033 2560 cur
2062 2517 2111 2560 et
2141 2523 2330 2561 cornea
2384 2509 2576 2562 dicitur
2624 2508 2884 2561 buccina?
2933 2506 3063 2570 Quia
3090 2516 3138 2560 et
3169 2507 3234 2559 de
3277 2516 3466 2558 sancto

1936 2597 2128 2650 dicitur
2150 2597 2239 2648 ⁶⁹ε
2283 2615 2301 2647 ι
2350 2597 2525 2650 Cornu
2573 2595 2687 2662 ejus
2729 2595 3049 2649 exaltabitur
3096 2597 3146 2648 in
3193 2596 3379 2664 gloria.
3437 2613 3456 2646 ι

1941 2688 2089 2741 Unde
2134 2696 2186 2740 et
2227 2688 2639 2754 uniuscujusque
2680 2686 2898 2737 buccina
2937 2685 3126 2738 dicitur
3153 2701 3375 2748 cornea,
3409 2686 3462 2737 in

1941 2800 2003 2837 eo
2049 2785 2188 2851 quod
2235 2783 2576 2850 multiplicem
2621 2781 2890 2832 scientiam
2929 2780 3160 2841 Christi,
3203 2790 3254 2832 et
3291 2781 3463 2833 crucis

1940 2881 2088 2948 ejus,,
2109 2894 2224 2947 quae
2255 2878 2307 2930 in
2341 2893 2505 2930 cornu
2531 2875 2852 2944 designatur,
2882 2873 3089 2927 disserit
3115 2884 3461 2930 sacramenta.

1939 2974 2070 3026 Cum
2111 2975 2208 3026 hac
2254 2988 2376 3038 ergo
2403 2971 2622 3024 buccina
2659 2969 2966 3030 militantes,
2996 2978 3050 3020 et
3080 2983 3198 3020 cum
3232 2969 3327 3020 hac
3361 2984 3462 3036 pu-

1941 3069 2184 3128 gnantes,
2219 3061 2478 3113 vincimus
2511 3061 2852 3132 alienigenas,
2879 3069 2933 3112 et
2966 3059 3140 3111 hostes
3185 3057 3236 3108 in
3285 3054 3461 3122 fugam

1941 3149 2211 3213 vertimus,
2250 3148 2455 3202 etiamsi
2480 3148 2640 3202 fuerit
2670 3149 2948 3202 multitudo
2994 3160 3178 3200 eorum
3223 3145 3357 3198 sicut
3389 3144 3464 3195 lo-

1942 3248 2123 3292 custae.
2152 3238 2395 3292 Locustis
2418 3238 2556 3290 enim
2581 3246 2882 3304 comparata
2910 3244 2990 3290 est
3011 3237 3304 3288 daemonum
3331 3231 3464 3284 mul-

1943 3326 2128 3387 titudo,
2160 3325 2348 3392 quibus
2381 3316 2546 3392 neque
2579 3325 2630 3378 in
2666 3325 2824 3390 cosio,
2876 3338 3045 3389 neque
3094 3322 3146 3374 in
3181 3321 3338 3374 terris
3384 3329 3464 3372 est

1939 3414 2109 3466 sedes.
2143 3414 2410 3467 Praecedat
2438 3429 2561 3482 ergo
2591 3423 2643 3466 et
2671 3428 2767 3466 nos
2792 3413 2890 3465 hoc
2938 3411 3074 3464 bello
3101 3422 3315 3478 Operum
3346 3410 3462 3471 lux,

1940 3501 2175 3555 scientia:
2205 3503 2388 3566 virtus,
2424 3503 2584 3556 divini
2613 3501 2758 3555 verbi
2808 3501 3126 3568 pradicalio.
3164 3498 3464 3566 Pugnemus

1940 3601 1994 3646 et
2026 3607 2120 3645 nos
2145 3592 2196 3644 in
2233 3593 2441 3660 hymnis
2468 3603 2520 3644 et
2547 3590 2762 3659 psalmis
2807 3595 2860 3641 et
2887 3588 3107 3641 canticis
3137 3585 3464 3654 spiritalibus

1939 3683 2280 3736 concinentes
2327 3692 2380 3736 et
2412 3681 2702 3736 clamantes
2733 3679 2799 3731 ad
2824 3678 3008 3742 Deum,
3064 3687 3120 3728 ut
3151 3678 3216 3727 ab
3243 3677 3355 3742 ipso
3387 3675 3463 3726 vi-

1941 3771 2161 3822 ctoriam
2193 3769 2443 3836 consequi
2478 3779 2776 3821 mereantur
2816 3765 2866 3816 in
2895 3763 3104 3816 Christo
3129 3761 3248 3815 Jesu
3283 3761 3461 3813 Domi-

1943 3873 2012 3911 no
2057 3869 2261 3918 nostro.
2309 3859 2392 3910 cui
2430 3865 2510 3910 est
2541 3855 2707 3922 gloria
2759 3861 2810 3905 et
2839 3853 3120 3920 imperium
3173 3850 3225 3902 in
3273 3849 3463 3904 sarcula

1941 3946 2269 4000 steculorum.
2296 3947 2482 3998 Amen.

2523 4259 2890 4349 RUTH.

343 4441 450 4514 (89)
485 4443 607 4497 Καὶ
638 4441 821 4511 ὄνομα
847 4440 920 4508 τῇ
946 4440 1186 4504 δευτέρᾳ
1229 4437 1416 4490 Ῥούθ.
1483 4437 1634 4490 Ῥοὺο
1677 4438 1838 4491 τύπον

2018 4438 2081 4490 Et
2132 4453 2310 4490 nomen
2365 4438 2602 4490 seruuda:
2651 4434 2788 4487 Βαιὴ
2831 4435 2893 4486 ⁸ο.
2941 4433 3186 4488 Gentium
3243 4432 3463 4502 figuram

268 4534 430 4602 φέρει
449 4535 572 4586 τῶν
601 4532 800 4583 ἐθνῶν·
828 4533 947 4598 ἥτις
975 4527 1225 4581 κατέλιπε
1252 4525 1319 4577 τὰ
1349 4526 1566 4596 πάτρια,
1597 4528 1684 4578 καὶ
1707 4525 1838 4596 ἠνώ-

1941 4528 2076 4595 gerit
2112 4525 2404 4593 Iiuth,qua:
2444 4525 2641 4578 relictis
2663 4525 2864 4591 patriis,
2890 4522 3186 4576 Israeliticze
3213 4521 3353 4590 genti
3377 4522 3459 4572 in-

1936 4626 2074 4670 serta
2101 4625 2198 4668 est.
2236 4614 2580 4678 Quaerendum
2632 4623 2716 4667 est
2743 4622 2914 4665 autem
2947 4627 3042 4664 cur
3086 4612 3199 4677 lege
3249 4617 3461 4659 velante

1937 4721 2004 4758 ne
2034 4705 2288 4758 Moabites
2339 4705 2670 4771 ingrediatur
2702 4705 2752 4755 in
2799 4703 3089 4755 Ecclesiam
3149 4699 3258 4759 Dei,
3323 4697 3460 4749 Ruth

1939 4794 2181 4847 Moabitis
2209 4793 2438 4844 intrarit.
2469 4791 2580 4844 Iloc
2605 4792 2881 4859 inquirens
2908 4800 3058 4843 utere
3084 4789 3164 4841 his
3188 4787 3361 4839 verbis
3378 4785 3456 4836 ἰε

1941 4902 1959 4933 ‹
1989 4882 2136 4935 Justo
2160 4881 2242 4936 lex
2269 4897 2372 4936 non
2403 4889 2485 4936 est
2526 4882 2717 4950 posita,
2737 4881 2837 4962 sed
2869 4879 3078 4950 injustis
3124 4887 3178 4930 et
3206 4889 3307 4928 non
3334 4872 3466 4926 suho,

1937 4972 2079 5026 ditis.
2120 4989 2138 5022 ι

270 4625 343 4692 οη
373 4629 430 4694 τῇ
475 4621 850 4692 Ίσραηλιτικῇ
875 4620 1012 4682 ἕξει.
1033 4615 1293 4685 Ζητητέον
1317 4616 1373 4667 δὲ
1407 4615 1538 4676 πῶς,
1565 4615 1654 4666 τοῦ
1683 4617 1840 4683 νόμου

268 4713 724 4784 ἀπαγορεύοντος
775 4710 848 4778 μὴ
910 4707 1162 4760 εἰσελθεῖν
1212 4705 1482 4774 Μοαϐίτην
1509 4706 1584 4766 εἰς
1621 4705 1841 4774 Ἐκκλη-

271 4803 401 4854 σίαν
417 4801 582 4863 Θεοῦ,
611 4801 646 4867 ἡ
686 4797 837 4848 Ῥοὺο
871 4795 1129 4854 Μοαὸίτις
1155 4787 1284 4844 οὖσα
1312 4790 1537 4860 εἰσῆλθε.
1560 4792 1664 4842 Καὶ
1689 4793 1843 4845 τοῦτο

271 4889 453 4958 ζητῶν
502 4889 712 4958 χρῆσαι
748 4884 844 4952 θεῷ’
885 4901 903 4932 t
927 4882 1126 4950 Atxaiq.
1148 4880 1202 4931 δὲ
1231 4880 1386 4948 νόμος
1407 4879 1466 4930 οὐ
1501 4882 1688 4944 κεῖται,
1713 4879 1842 4932 ἀλλὰ

274 4979 482 5041 ἀδίκοις
514 4978 614 5030 καὶ
646 4974 1056 5031 ἀνυποτάκτοις.
1085 4988 1101 5019 ι

1449 5123 1491 5154 ⁸³
1518 5122 1634 5174 Gal.
1664 5121 1794 5180 ν,1.

1961 5121 2148 5180 Philip.
2183 5139 2252 5180 tv.
2288 5123 2338 5176 I.
2440 5124 2483 5154 "
2512 5124 2527 5175 |
2557 5122 2741 5176 Thess.
2774 5137 2852 5180 ιιι,
2886 5122 2937 5176 8.
3010 5119 3051 5150 ⁸⁸
3082 5117 3262 5170 Matth.
3302 5129 3349 5171 ν.
3378 5112 3462 5166 l9-

1378 5191 1420 5223 “
1453 5190 1592 5243 I’sal.
1619 5203 1750 5246 cxu,
1775 5189 1828 5240 9.

2440 5124 2483 5154 "
2512 5124 2527 5175 I
2557 5122 2741 5176 Thess.
2774 5137 2852 5187 ιιι,
2886 5122 2937 5176 8.

2340 5195 2380 5223 δι
2406 5194 2422 5245 I
2453 5192 2721 5257 Tim.l,9.

891 5128 934 5159 δ’
960 5127 1116 5178 Ilcbr.
1148 5141 1240 5188 xtl,
1277 5125 1358 5177 I5.

831 5197 875 5227 ⁸⁸
909 5195 1094 5245 Matth.
1129 5209 1178 5252 γ,
1220 5195 1304 5247 16.

1894 5119 1938 5150 ⁸⁴
1961 5121 2148 5190 Philip.
2183 5139 2252 5187 Iv,
2288 5123 2338 5176 1.

353 5135 402 5165 ⁸⁸
428 5135 534 5188 Isa.
563 5147 727 5192 xxxv,
758 5130 812 5184 3.
891 5130 934 5159 δ’
960 5130 1116 5178 Ilcbt‘.
1148 5141 1240 5188 xu,
1277 5130 1358 5177 15.
1449 5130 1491 5154 ⁸³
1518 5130 1634 5174 Gal.
1664 5135 1718 5180 v,
1747 5130 1794 5172 1.

357 5201 493 5257 Luc.
529 5217 633 5257 xtl.
659 5199 749 5253 55.
831 5197 875 5227 ⁸⁸
909 5195 1094 5245 Matth.
1129 5209 1178 5252 γ,
1220 5195 1304 5247 l6.
1378 5191 1420 5223 δ’
1453 5190 1592 5243 Psal.
1619 5203 1750 5246 cxu,
1775 5189 1828 5240 9.

1962 5130 2148 5190 Philip.
2183 5139 2252 5187 ιν,

1941 5191 1953 5220 ⁵
1979 5189 2117 5244 Ruth
2145 5206 2182 5257 ι,
2211 5192 2262 5245 4.

273 5205 319 5235 θ’
357 5201 493 5258 Luc.
529 5217 633 5263 xtl,
659 5199 749 5253 55.

353 5343 466 5413 L88)
487 5341 645 5413 υεεορ
676 5355 698 5388 σ
718 5342 1050 5413 evenisse
1080 5328 1228 5413 9‘29-
1254 5329 1441 5413 βαδίξει
1461 5326 1832 5413 ,0PPE".‘?'I1“§:_'.

323 5391 786 5489 (διῆὲ-ἆιᾶεάίὲ
811 5396 1119 5453 Combeftsii
1143 5399 1470 5466 desumptuut
1495 5401 1577 5447 est
1609 5393 1709 5445 hoc
1738 5391 2108 5458 fragmentum.
