3806 6250
169 326 255 379 m
1304 273 1316 288 ’
1412 304 1709 361 SELECTA
1741 302 1807 358 1N
1846 306 2025 361 LlB.l
2068 306 2323 367 necum.

3352 320 3457 377 994

201 384 524 492 ea“an
559 396 1155 508 καῖ’(ίθιλοχρηματίας
1197 418 1257 472 τὸ
1301 421 1485 484 πάθος.
1535 422 1612 474 Τὰ
1659 423 1807 475 πίονα

1919 422 2232 479 insatiabilis
2259 425 2498 480 avaritiae
2523 425 2763 495 affectus.
2804 429 3070 500 Quidquid
3096 435 3235 490 enim
3261 435 3455 508 pingue

232 509 330 572 “9
342 491 473 547 ,των
498 491 779 559 ποιμνίων
808 508 1241 575 περιεποιήσατο
1266 508 1458 577 ἐαυτῷ.

325 577 430 640 Καὶ
450 579 634 646 αὐτὸς
656 587 996 656 πυρῤάκης.
1050 594 1107 645 '0
1137 595 1232 662 μὲν
1260 591 1350 648 οὖν
1386 597 1552 650 Ἦσαῦ
1583 615 1602 648 ι
1620 599 1819 670 πυρῥά·

260 690 361 745 κης
386 671 471 743 ἦν,
521 672 654 727 ὡσεὶ
695 676 861 748 δορὰν
901 681 1098 746 δασύς·
1131 703 1150 734 ι
1185 685 1281 756 τὴν
1309 685 1366 751 ἐξ
1393 688 1660 758 ἁμαρτίας
1683 688 1818 759 ἔχων

262 765 581 836 νεκρότητα,
616 767 711 820 καὶ
736 769 898 838 φόνον
922 773 1061 825 κατὰ
1095 776 1186 827 τοῦ
1227 776 1437 830 Ἰακώϐ.
1477 779 1534 831 '0
1564 779 1619 832 δὲ
1658 781 1820 833 Δαυὶδ

256 873 277 904 σ
303 856 601 926 πυρῤάκης
632 858 771 926 μετὰ
800 859 1029 924 κάλλους
1068 863 1374 934 ὀφθαλμῶν,
1401 867 1496 919 καὶ
1529 867 1726 934 ἀγαθὸς
1752 871 1814 939 τῇ

248 947 447 1017 δράσει
504 950 737 1020 Κυρίου,
765 969 784 1002 ι
846 951 936 1005 ἶνα
991 952 1053 1005 τὸ
1113 954 1411 1024 διορατικὺν
1460 956 1667 1028 δηλώσῃ
1724 958 1816 1011 τοῦ

236 1037 438 1089 Δαυίδ.

311 1126 437 1195 Καὶ
466 1127 590 1180 νῦν
618 1130 669 1181 εί
695 1129 856 1182 εἰσὶν
888 1129 1007 1183 ὑπὸ
1046 1129 1158 1196 τὴν
1180 1131 1346 1199 χεῖρά
1371 1149 1484 1187 σου
1518 1134 1693 1188 πέντε
1719 1139 1816 1203 ἁρ-

226 1230 355 1267 ros.
406 1216 729 1285 Προὺδήλου
770 1218 827 1270 δὲ
873 1219 967 1272 καὶ
1011 1220 1090 1272 ὅτι
1120 1221 1151 1290 ἡ
1186 1219 1429 1292 βασιλικὴ
1470 1223 1605 1293 φυλὴ
1651 1225 1743 1277 καὶ
1781 1227 1813 1295 ὴ

226 1302 502 1374 ίερατικὴ
554 1305 750 1374 ἔμελλε
794 1307 1152 1361 συνάπτεσθαι
1200 1310 1257 1361 ὲν
1305 1311 1521 1380 Χριστῷ
1561 1312 1639 1381 τῷ
1686 1315 1816 1384 ἱερεῖ

216 1391 383 1461 ὁμοῦ
424 1393 525 1445 καὶ
569 1393 803 1463 βασιλεῖ.

305 1483 445 1535 Οὐκ
469 1483 641 1535 εἰσιν
661 1484 826 1550 ἄρτοι
840 1484 1106 1554 βέϐηλοι.
1148 1487 1427 1557 Βεὸήλους,
1456 1489 1514 1541 οὑ
1538 1491 1661 1552 τοὺς
1682 1491 1814 1543 ἀκα-

214 1571 484 1641 θάρτους
512 1573 690 1641 λέγει,
721 1574 855 1628 ἀλλὰ
887 1578 1011 1638 τοὺς
1039 1577 1136 1647 οὑχ
1160 1577 1341 1645 άγίους
1359 1595 1374 1610 ο
1403 1581 1515 1642 καὶ,
1548 1581 1621 1643 ὡς
1661 1581 1813 1632 Ἀκύ-

213 1660 334 1721 λας
386 1662 656 1726 ἐξέδωκε,
704 1664 954 1726 λαῖκούς’
1001 1666 1096 1734 οὑχ
1126 1666 1204 1718 ὅτι
1239 1666 1447 1737 βέϐηλοι
1473 1670 1520 1720 οἱ
1547 1669 1620 1739 μὴ
1648 1669 1808 1735 ἅγιοι,

212 1746 352 1798 ἀλλ’
388 1749 472 1799 ὅτι
497 1750 646 1819 πρὸς
676 1751 738 1802 τὸ
767 1751 919 1817 ἅγιον
949 1753 1374 1821 συγκρινόμενοι.
1414 1754 1506 1819 Ἓξ
1541 1755 1596 1806 δὲ
1623 1755 1816 1823 ἄρτους

211 1834 388 1906 εἶχεν
414 1842 451 1908 ἡ
478 1840 743 1909 τράπεζα
768 1841 854 1892 ἀεὶ
882 1840 1304 1911 άλλασσομένους
1326 1843 1464 1912 ὑπὲρ
1482 1843 1586 1895 τῶν
1613 1845 1815 1897 δώδεκα

149 1951 165 1960 ~
213 1927 448 1994 φυλῶν,
474 1929 577 1990 οὓς
611 1929 871 1991 ὲνωπίους
898 1930 1120 1982 ἐκάλουν
1138 1944 1152 1960 ⁶
1182 1931 1256 1993 ὡς
1286 1931 1507 1984 ἕκαστον
1535 1935 1598 1985 ἐκ
1618 1933 1709 1985 δύο
1727 1951 1818 2001 φυ-

214 2015 342 2067 λῶν
380 2017 825 2087 προσφέρεσθαι.
864 2018 935 2071 Tb
959 2020 1066 2090 γὰρ
1090 2022 1154 2073 ὲκ
1183 2021 1367 2073 τούτου
1397 2021 1595 2086 καλεῖν,
1628 2023 1687 2075 τὸ
1720 2024 1817 2086 τὰς

211 2103 412 2169 φυλὰς
459 2104 688 2177 Ἰσραὴλ
733 2109 813 2169 είς
855 2108 1103 2177 ὁμόνοιαν
1145 2109 1519 2162 συνάπτεσθαι.
1576 2111 1814 2180 Προεση-

220 2196 471 2262 μαίνετο
507 2196 568 2248 δὲ
600 2197 695 2249 καὶ
720 2199 799 2257 τὸ.
840 2197 943 2252 ἀνὰ
968 2198 1060 2251 δύο
1083 2199 1388 2269 πέμπεσθαι
1417 2201 1539 2264 τοὺς
1572 2201 1812 2271 μαθητάς

216 2283 340 2335 ὑπὸ
371 2285 628 2355 Χριστοῦ
663 2286 955 2357 κηρύσσειν
989 2288 1046 2339 ὲν
1080 2291 1202 2352 ταῖς
1241 2290 1429 2359 φυλαῖς
1466 2290 1707 2360 Ἰσραήλ’
1735 2287 1813 2342 εἷ-

220 2376 316 2427 ναί
343 2392 410 2428 τε
452 2377 583 2445 ἅμα
609 2376 720 2429 τῶν
747 2377 950 2430 δώδεκα
981 2376 1236 2447 μαθητῶν
1256 2379 1504 2450 ἀριθμόν.

300 2545 424 2599 Καὶ
445 2545 588 2599 ἐκεῖ
607 2542 684 2615 ἦν
704 2545 776 2598 ἐν
804 2544 922 2598 τῶν
949 2546 1287 2614 παιδαρίων.
1327 2546 1484 2617 Δηλοῖ
1507 2547 1588 2599 ὅτι
1616 2547 1704 2601 διὰ
1729 2547 1811 2600 νό-

227 2654 352 2701 σον,
403 2636 440 2706 ἣ
489 2637 563 2689 δι’
613 2637 890 2706 ἁμαρτίαν
931 2638 1222 2706 παρέμεινε
1265 2637 1421 2705 Δωὴκ
1468 2640 1496 2690 ό
1528 2638 1811 2708 Ἰδουμαῖος

230 2726 477 2779 ἐνώπιον
536 2727 746 2795 Κυρίου
791 2726 1213 2795 θεραπευόμενος
1256 2727 1347 2780 καὶ
1395 2727 1812 2797 ἐξομολογούμε-

228 2832 324 2877 νος
343 2832 358 2844 ·
404 2814 440 2883 ἦ
477 2814 779 2882 δαιμόνων,
808 2814 884 2876 ὡς
910 2815 938 2865 ὁ
962 2813 1155 2877 Σαοὺλ,
1199 2808 1258 2868 οὗ
1289 2813 1386 2876 τὰς
1423 2814 1672 2882 ἡμιόνους
1696 2816 1811 2870 ἔϐο-

236 2920 393 2956 σκεν.

301 2992 423 3045 Kal
459 2991 669 3043 Σαοὺλ
699 2990 951 3057 ἐκάθητο
977 2992 1046 3044 ἐν
1073 2991 1151 3055 τῷ
1172 2991 1393 3056 βουνῷ.
1447 2992 1502 3044 '0
1525 2992 1692 3046 Σαοὺλ
1715 2992 1806 3045 τοῦ

234 3079 485 3149 πονηροῦ
518 3079 835 3149 πνεύματος
867 3080 1037 3133 τύπον
1081 3081 1252 3151 φέρει,
1299 3081 1554 3152 ἄρξαντος
1579 3083 1670 3136 τοῦ
1713 3086 1810 3136 ἰσ-

239 3169 407 3239 ραὴλ,
442 3170 569 3222 τότε
612 3169 894 3227 εἰπόντος’
946 3187 964 3219 ι
991 3169 1102 3221 Οὑκ
1142 3169 1333 3238 ἔχομεν
1374 3169 1611 3238 βασιλέα.
1639 3191 1657 3222 ι
1704 3175 1810 3227 Καὶ

236 3259 345 3327 γὰρ
374 3259 412 3309 ὁ
436 3258 611 3310 πάλαι
633 3258 764 3320 λαὸς
788 3257 1138 3322 ἐξουδενώσας
1169 3259 1258 3310 τὸν
1282 3259 1442 3310 Δαυὶδ
1471 3259 1810 3327 βασιλεύοντα

237 3347 434 3410 αὑτοῦ,
463 3349 637 3417 ᾔτησε
663 3348 755 3399 τὸν
777 3348 947 3399 Σαοὺλ
970 3348 1200 3417 ἄρχοντα
1223 3348 1368 3417 αὑτῷ
1398 3348 1635 3417 δοθῆναι.

249 3454 349 3510 Ἕκ
400 3456 521 3509 τῶν
571 3454 908 3523 Ὠριγέιόυς
937 3458 1022 3576 silc
1048 3454 1167 3532 τὴν
1201 3454 1481 3522 δευτέραν
1500 3455 1614 3510 τῶν
1635 3459 1809 3512 Βασι-

983 3540 1135 3575 ειων.

983 3540 1135 3575 ειων.

313 3616 447 3667 Ὅτι
488 3613 882 3677 ἀντέστησαν
909 3614 960 3664 ol
992 3609 1203 3678 τυφλοὶ
1230 3610 1329 3663 καὶ
1370 3612 1423 3664 ol
1461 3613 1658 3677 χωλοί.
1711 3613 1807 3664 Ἰε-

244 3704 485 3756 ϐουσαῖοι
513 3703 857 3772 φιλόπτωχον
878 3702 967 3753 τὸν
988 3701 1146 3752 Δαυὶδ
1169 3700 1428 3753 ὑπέϐαλον
1450 3702 1559 3754 ἀπὸ
1582 3702 1811 3755 τοϋυτεί⁶

244 3811 370 3861 χους
398 3792 654 3864 ὑϐρίζειν
698 3792 859 3844 αὑτὸν
884 3793 1007 3855 τοὺς
1032 3793 1233 3862 χωλοὺς
1267 3794 1357 3846 καὶ
1375 3791 1622 3859 τυφλούς.
1660 3793 1716 3845 Ὀ
1751 3794 1808 3846 δὲ

245 3885 531 3952 κρατήσας
575 3883 683 3952 τὴν
725 3881 1094 3952 Ἰερουσαλὴμ,
1133 3883 1192 3933 οὐ
1228 3882 1380 3951 μόνον
1414 3882 1512 3933 οὑκ
1537 3882 1808 3934 ἐκάκωσεν

245 3973 441 4035 αὑτούς
460 3989 475 4004 ο
512 3972 636 4026 ἀλλ’
665 3971 883 4040 ἔννομον
913 3971 1062 4024 ἔθετο
1091 3974 1200 4033 τοῖς
1238 3971 1397 4023 αὐτοῦ
1426 3971 1803 4040 στρατιώταις·

250 4078 269 4108 ι
296 4061 361 4112 Εἴ
382 4078 465 4122 τις
509 4060 700 4114 ἀνέλοι
746 4059 939 4127 τυφλὸν
974 4058 1306 4122 Ἰεϐουσαϊον,
1341 4058 1374 4128 ἢ
1415 4059 1600 4129 χωλὸν,
1644 4060 1808 4112 ἁπτέ-

245 4148 358 4201 σθω
389 4150 446 4202 tv
488 4148 819 4218 παραξιφίδι
840 4164 853 4178 ·
882 4166 901 4199 ι
939 4148 1100 4217 ἤγουν
1149 4165 1167 4197 ι
1191 4147 1525 4217 ἀναιρείσθω.
1552 4166 1571 4198 ι
1613 4149 1676 4200 Εἰ
1701 4147 1808 4217 γὰρ

245 4239 340 4290 καὶ
378 4240 615 4308 ἐμίσουν
644 4237 746 4307 τὴν
771 4236 945 4307 ψυχὴν
979 4235 1159 4300 Δαυὶδ,
1190 4233 1322 4288 ἀλλὰ
1363 4235 1572 4303 φείδους
1599 4236 1802 4305 ἔτυχον.

1920 525 2035 566 erat
2070 513 2121 566 in
2151 515 2397 583 gregibus
2420 517 2617 579 ovium,
2649 517 2773 571 illud
2802 522 2901 575 sibi
2932 527 3241 580 reservavit.

1984 601 2051 652 Et
2098 601 2206 667 ipse
2240 602 2387 670 rufus
2410 602 2476 656 ⁵³.
2518 603 2654 657 Esau
2680 607 2891 673 quidem
2923 627 2941 657 ι
2971 610 3122 666 rufus
3147 624 3281 678 erat,
3313 615 3455 669 sicut

1920 689 2071 756 pellis
2099 691 2318 757 pilosus,
2348 710 2367 742 ι
2400 692 2629 746 habebat
2665 695 2858 764 quippe
2882 712 2944 751 ex
2975 713 3194 766 peccato
3222 706 3453 759 mortali-

1922 786 2079 831 tatem
2112 791 2165 833 et
2194 780 2390 834 caedem
2422 794 2607 835 contra
2634 781 2821 838 Jacob.
2860 785 3024 841 David
3048 800 3224 843 autem
3258 810 3279 842 ι
3304 791 3451 847 rufus

1921 882 2040 919 cum
2068 866 2455 934 pulchritudine
2486 871 2782 936 oculorum,
2828 880 2878 925 et
2908 874 3077 929 bonus
3106 887 3318 945 aspectu
3350 880 3453 935 Do-

1921 957 2082 1020 mino,
2112 975 2132 1007 ι
2167 966 2224 1009 ιιι
2252 959 2573 1027 porspicacia
2603 962 2816 1015 Davidis
2842 965 3231 1019 ostenderetur.

1930 1166 1931 1169 η
1986 1126 2052 1179 Et
2089 1145 2222 1182 nunc
2252 1131 2297 1183 si
2331 1142 2447 1184 sunt
2469 1133 2561 1186 sub
2590 1150 2744 1188 manu
2780 1137 3001 1206 quinque
3024 1154 3177 1205 partes
3199 1139 3266 1193 ⁸⁸.
3305 1138 3443 1195 Prae.

1919 1214 2253 1281 signiﬁcabat
2298 1218 2494 1286 regiam
2533 1220 2727 1274 tribum
2759 1233 2813 1276 et
2859 1226 3241 1280 sacerdotalem
3285 1229 3453 1284 coali-

1922 1308 2068 1355 turas
2104 1316 2221 1357 esse
2256 1305 2307 1356 in
2336 1305 2547 1360 Christo
2573 1309 2848 1363 sacerdote
2871 1310 3029 1364 simul
3057 1321 3111 1367 et
3139 1328 3285 1384 rege.

1984 1472 2105 1526 Non
2131 1486 2249 1529 sunt
2278 1493 2434 1543 panes
2455 1481 2662 1548 profani
2685 1483 2754 1537 ".
2793 1483 3070 1549 Profanos,
3098 1503 3201 1542 non
3223 1489 3453 1547 immun-

1917 1563 2011 1614 dos
2038 1564 2186 1626 dicit,
2215 1567 2307 1619 sed
2339 1583 2441 1622 non
2487 1580 2717 1632 sanctos.
2750 1583 2806 1627 et
2838 1586 2895 1628 ut
2921 1575 3108 1643 Aquila
3139 1580 3316 1644 vertit,
3346 1580 3447 1634 lai-

1915 1665 2008 1704 cos
2040 1668 2053 1703 :
2081 1668 2185 1705 non
2220 1656 2358 1720 quod
2407 1657 2633 1723 profani,
2676 1663 2765 1728 qui
2794 1677 2897 1716 non
2949 1667 3140 1729 sancti,
3187 1668 3281 1722 sed
3307 1670 3444 1737 quod

1849 1737 2036 1791 Bcum
2084 1751 2268 1794 sancto
2312 1746 2625 1811 comparati.
2684 1746 2787 1801 Sex
2838 1758 3015 1803 autem
3063 1766 3227 1819 panes
3262 1755 3446 1810 habuit

1915 1839 2098 1879 mensa
2124 1828 2211 1894 qui
2240 1842 2451 1898 semper
2470 1834 2830 1899 mutabantur,
2858 1850 2990 1903 quos
3017 1849 3070 1892 et
3093 1842 3351 1898 vocabant
3377 1859 3443 1898 es

1915 1916 2139 1970 adverso
2160 1918 2359 1985 positos
2383 1934 2478 1989 pro
2498 1921 2775 1977 duodecim
2804 1926 3075 1993 tribubus;
3104 1929 3173 1982 ita
3204 1942 3262 1984 ut
3292 1947 3445 2003 unus-

1914 2005 2141 2071 quisque
2189 2021 2220 2058 a
2264 2007 2468 2062 duabus
2500 2009 2741 2064 tribubus
2792 2012 3092 2070 oli‘erretur.
3146 2016 3273 2073 Inde
3300 2022 3442 2074 enim

1914 2093 2017 2146 illis
2046 2109 2261 2160 nomen,
2296 2101 2434 2164 quod
2481 2101 2648 2154 tribus
2692 2102 2851 2155 Israel
2898 2106 2949 2157 in
2996 2108 3234 2162 eamdem
3279 2110 3442 2164 animi

1912 2184 2227 2237 sententiam
2260 2187 2622 2241 convenirent.
2663 2187 3106 2260 Prwsigniﬁeatur
3145 2197 3445 2253 etiant.fore

1914 2281 1971 2325 nt
2000 2274 2106 2327 bini
2150 2284 2205 2329 et
2241 2275 2346 2329 bini
2391 2292 2421 2329 a
2470 2277 2685 2332 Chrism
2728 2280 2968 2349 discipuli
3004 2284 3341 2337 mitterentur
3371 2286 3439 2340 ad

1913 2364 2079 2417 tribus
2115 2356 2272 2417 Israel
2302 2374 2357 2418 et
2383 2366 2544 2419 simul
2576 2376 2719 2424 esset
2755 2370 3035 2424 duodecim
3081 2372 3441 2440 apostolorum

1910 2469 2182 2508 numerus.

1980 2540 2047 2595 Et
2093 2543 2162 2594 ibi
2199 2554 2308 2597 erat
2347 2561 2480 2598 unus
2512 2562 2786 2612 puerorum
2824 2547 2887 2598 ⁸⁸.
2931 2546 3203 2616 Signiﬁcat
3230 2558 3444 2620 propter

1908 2640 2184 2698 peccatum
2228 2633 2311 2686 vel
2360 2636 2426 2687 ob
2470 2636 2711 2688 morbqu
2765 2637 3083 2690 remansisse
3127 2635 3270 2705 Doeg
3318 2639 3439 2692 ldu-

1909 2732 2097 2773 nimum
2146 2729 2204 2773 ut
2249 2723 2473 2776 serviret
2511 2732 2565 2777 et
2600 2722 2949 2776 conﬁteretur
2990 2738 3169 2777 coram
3196 2725 3440 2793 Domino,

1908 2807 1988 2861 vel
2032 2823 2212 2862 coram
2260 2810 2607 2876 daemonibus,
2654 2811 3099 2879 quemadmodum
3131 2813 3257 2867 Saul
3289 2815 3443 2885 cujus

1907 2899 2076 2948 mulos
2109 2898 2381 2964 pascebat.

1977 2983 2044 3037 Et
2069 2984 2203 3038 Saul
2225 2986 2431 3039 sedebat
2459 2987 2512 3040 in
2542 2987 2669 3041 colle
2689 2988 2756 3041 "'.
2797 2987 2923 3041 Saul
2953 2997 3126 3058 typum
3155 2988 3258 3042 fert
3284 2990 3438 3044 mali-

1908 3075 1992 3140 gni
2013 3074 2231 3141 spiritus
2249 3075 2334 3142 qui
2368 3076 2667 3130 dominatus
2686 3084 2770 3130 est
2795 3075 2954 3130 Israel
2982 3076 3178 3131 dicenti
3215 3093 3232 3134 :
3269 3095 3290 3128 ι
3325 3077 3436 3131 Non

1910 3162 2166 3215 habemus
2195 3177 2390 3229 regem.
2421 3181 2440 3214 ι
2479 3142 2610 3216 Nam
2639 3163 2845 3230 priscus
2883 3164 3107 3232 populus
3134 3173 3438 3237 contempto

1908 3250 2103 3305 Duvide
2126 3263 2249 3319 rege
2272 3265 2368 3304 suo
2389 3251 2544 3318 petiit
2572 3251 2787 3329 Saulem
2820 3266 2996 3320 regem
3022 3254 3123 3307 sibi
3154 3255 3294 3308 dari.

1907 3442 1991 3496 Ea:
2022 3442 2397 3496 commentariis
2442 3441 2679 3511 Origenis
2718 3442 2772 3494 in
2815 3440 3003 3495 librum
3033 3445 3312 3499 secundum
3338 3444 3438 3501 Re-

2553 3526 2791 3578 gnarum.

1977 3598 2118 3663 Quia
2162 3598 2419 3652 adversati
2462 3608 2579 3648 sunt
2625 3597 2748 3650 cauti
2792 3604 2838 3647 et
2893 3595 3067 3647 claudi
3090 3593 3155 3648 ⁸⁸.
3212 3596 3433 3651 Jebusmi

1904 3704 2192 3759 pauperum
2218 3698 2507 3740 amatorem
2542 3685 2721 3747 David
2753 3700 2783 3738 a
2819 3700 2968 3737 muro
2997 3698 3436 3741 commonuerunt

1905 3780 2192 3835 conviciari
2225 3779 2320 3846 ipsi
2352 3793 2520 3832 camus
2548 3786 2601 3830 et
2649 3776 2884 3830 claudos.
2938 3775 3032 3829 llic
3060 3786 3237 3830 autent
3265 3780 3435 3848 captis

1905 3870 2248 3939 Jerosolymis
2277 3884 2380 3922 non
2414 3869 2583 3923 solum
2613 3858 2856 3921 nihil-cis
2885 3866 3006 3920 ntali
3043 3869 3305 3936 rependit,
3338 3870 3431 3924 sed

1905 3970 2163 4025 militibus
2187 3968 2321 4021 hanc
2353 3967 2517 4035 legem
2553 3965 2736 4019 tulit”
2772 3982 2785 4018 :
2825 3983 2843 4016 ε
2868 3965 2924 4018 Si
2956 3967 3073 4033 quis
3111 3966 3434 4021 interfecerit

1904 4073 2100 4112 cmcutn
2123 4056 2442 4120 Jebusaaum,
2467 4056 2549 4109 vel
2578 4055 2845 4119 claudum,
2872 4064 3116 4120 tangatur
3145 4055 3385 4123 pugione,
3404 4074 3430 4112 ι

1908 4149 2007 4202 hoc
2034 4156 2115 4200 est
2146 4164 2167 4197 ι
2194 4146 2483 4200 occidatur.
2508 4163 2526 4195 ι
2569 4144 2820 4210 Quamvis
2857 4144 2999 4197 enim
3027 4144 3149 4198 odio
3182 4144 3434 4199 haberent

1906 4236 2135 4289 animam
2168 4233 2352 4295 David,
2382 4233 2462 4286 eis
2491 4234 2749 4300 parcitutn
2779 4239 2880 4286 est.

255 4347 350 4401 Ἐκ
382 4348 500 4406 τῶν
550 4347 891 4416 Ὠριγένους
934 4348 1019 4423 είς
1044 4344 1168 4423 τὴν
1209 4345 1412 4413 τρίτην
1464 4344 1582 4399 τῶν
1620 4348 1798 4400 Βασι-

1919 4339 2193 4413 581.153
2224 4339 2601 4423 centmeittariis
2631 4337 2869 4405 Origem‘s
2898 4338 2955 4391 in
2989 4337 3179 4390 librum
3218 4337 3429 4391 tertium

939 4419 1133 4468 λειῶν.

307 4509 414 4562 Kal
433 4508 666 4579 σφῦρα
696 4505 795 4557 καί
825 4504 1081 4568 πέλεκυς
1124 4503 1223 4556 καὶ
1248 4502 1368 4558 πᾶν
1391 4504 1609 4568 σκεῦος
1635 4503 1803 4570 σιδή-

229 4612 367 4662 ρου.
397 4597 575 4659 οἶκος
597 4595 659 4648 δὲ
680 4594 1013 4665 ήἘκκλησία
1036 4592 1128 4645 τοῦ
1148 4591 1302 4644 Θεοῦι
1328 4593 1384 4645 ὲν
1463 4593 1522 4645 οὐ
1541 4593 1623 4645 δεῖ
1641 4594 1805 4645 ἀκου-

239 4687 422 4757 σθῆναι
453 4688 710 4758 σφύραν.
731 4675 923 4756 ’Σφύρα
952 4684 1009 4737 δὲ
1032 4685 1210 4752 πάσης
1231 4683 1351 4753 γῆς,
1373 4684 1402 4734 ὁ
1421 4682 1658 4746 διάϐολος
1677 4698 1696 4715 ·
1710 4683 1805 4736 καὶ

236 4776 428 4834 ἔστινό
487 4778 577 4850 μὴ
607 4775 907 4845 φροντίζων
946 4775 1130 4843 αὑτῆς,
1174 4773 1336 4827 οἱονεί
1376 4788 1459 4835 τις
1482 4771 1579 4841 ὕλη
1611 4786 1803 4825 τυπτο-

238 4866 374 4937 μένη
406 4869 554 4941 παρ’
584 4866 760 4934 αὐτῆς
782 4864 873 4916 καὶ
902 4862 976 4933 μὴ
1002 4864 1295 4931 πάσχουσα.
1343 4877 1363 4912 ι
1384 4860 1510 4913 Ἰδοὺ
1541 4859 1668 4929 γὰρ,
1695 4876 1800 4929 φη..

235 4960 323 5011 σιν
358 4961 575 5033 Ἀμὼς,
624 4952 766 5024 ἀνὴρ
803 4951 1045 5023 ἑστηκὼς
1079 4952 1170 5004 ὲπὶ
1195 4952 1401 5020 τείχους
1426 4950 1797 5019 ἀδαμαντίνου,

236 5051 332 5100 καὶ
359 5051 408 5104 ἐν
431 5052 511 5119 τῇ
553 5045 703 5116 χειρὶ
732 5040 895 5096 αὑτοὺ
931 5040 1168 5108 ἀδάμας·
1193 5057 1211 5089 ι
1246 5038 1304 5101 ὃς
1341 5038 1550 5105 ἀδάμας
1593 5038 1684 5088 ὑπ’
1705 5040 1796 5090 οὑ-

236 5139 419 5209 δεμίας
472 5133 901 5204 συντριϐήσεται
931 5129 1149 5199 σφύρας.
1180 5128 1296 5181 Κᾶν
1337 5127 1624 5194 ἐφεστήκει
1666 5126 1795 5194 γοῦν

239 5231 268 5280 δ
292 5231 543 5289 διάϐολος
578 5223 784 5292 σφύρα,
826 5221 918 5271 καὶ
952 5217 1291 5286 ὑποκείμενος
1327 5218 1355 5268 ὁ
1385 5212 1594 5282 δράκων
1613 5213 1801 5287 ὥσπερ

241 5319 428 5387 ἄκμων
454 5315 753 5385 ἁνήλατος,
791 5308 944 5361 οὐδὲν
964 5307 992 5358 ὁ
1016 5308 1072 5357 ὲν
1094 5308 1157 5375 τῇ
1188 5305 1326 5374 χειρὶ
1354 5302 1556 5370 Κυρίου
1579 5302 1671 5353 καὶ
1693 5303 1797 5355 ὑπὸ

319 5528 367 5560 ⁸³
392 5528 406 5577 l
428 5526 568 5590 Reg.
598 5514 862 5590 “ille.”
898 5509 982 5590 “fl
1007 5508 1127 5575 Reg.
1155 5522 1257 5590 xxi,
1283 5507 1334 5559 5.

254 5595 300 5625 ⁸⁸
323 5594 386 5646 Ill
413 5578 546 5661 Reg:
579 5604 661 5650 Vi,
691 5586 747 5636 7.
825 5580 863 5610 °’
903 5583 1060 5631 Alnos
1098 5590 1181 5637 vn,
1207 5578 1255 5629 7.

2340 4468 2345 4473 Ι
2514 4407 2827 4474 Regnorum.

1976 4497 2045 4551 Et
2068 4495 2284 4549 malleus
2309 4503 2356 4547 et
2377 4495 2572 4548 securis
2595 4506 2638 4546 et
2671 4510 2817 4547 omne
2845 4510 2935 4547 vas
2978 4493 3199 4561 ferreum
3230 4493 3296 4548 “.
3330 4492 3433 4547 Do-

1905 4601 2044 4649 mus,
2069 4595 2152 4639 est
2185 4584 2419 4637 Ecclesia
2460 4583 2576 4645 Dei,
2609 4583 2659 4635 in
2705 4595 2808 4651 qua
2853 4595 2957 4633 non
3010 4580 3302 4634 audiendus
3347 4590 3433 4635 est

1905 4676 2146 4730 malleus.
2174 4672 2444 4727 Universae
2473 4680 2647 4724 autem
2680 4679 2832 4723 terra:
2876 4668 3095 4721 malleus
3134 4677 3212 4722 est
3250 4668 3429 4724 diabo-

1900 4769 2016 4824 lus:
2045 4769 2111 4822 de
2133 4781 2239 4835 quo
2263 4764 2354 4834 qui
2379 4778 2485 4817 non
2523 4771 2696 4824 curat,
2719 4770 2799 4814 est
2829 4759 2987 4813 veluti
3022 4758 3243 4812 materia
3285 4773 3428 4826 qua:-

1903 4860 2024 4912 dam
2051 4870 2166 4924 quae
2191 4853 2259 4906 ab
2280 4854 2394 4920 ipso
2419 4849 2711 4919 percutitur
2736 4856 2789 4901 et
2812 4846 2943 4900 nihil
2967 4845 3168 4913 patitur
3208 4861 3222 4898 :
3251 4862 3270 4895 ι
3293 4844 3429 4897 Ecce

1900 4943 2062 5007 enim,
2102 4940 2271 5008 inquit
2291 4939 2455 4993 Amos
2475 4938 2543 4999 “,
2569 4938 2654 4991 vir
2670 4934 2844 4990 stabat
2876 4948 3037 5002 super
3069 4946 3274 4986 murum
3302 4928 3428 4984 ada-

1899 5031 2193 5086 mantinum
2227 5035 2323 5082 :et
2359 5026 2415 5080 in
2449 5040 2608 5079 manu
2625 5024 2737 5091 ejus
2758 5024 3003 5086 adamas;
3041 5039 3059 5071 ι
3088 5020 3175 5087 qui
3209 5019 3425 5071 adamas

1900 5135 1929 5174 ιι
1960 5119 2104 5172 nullo
2127 5116 2319 5172 malleo
2364 5123 2693 5169 conteretur.
2747 5109 3002 5177 Quamvis
3052 5108 3213 5174 igitur
3260 5106 3425 5159 instet

1900 5207 2144 5261 diabolus
2164 5203 2406 5266 malleus,
2425 5211 2479 5255 et
2501 5201 2768 5267 subjectus
2805 5197 2964 5249 draco
2986 5202 3235 5258 tanquam
3272 5189 3425 5241 incus

1900 5297 2153 5354 indomita
2173 5333 2191 5360 ,
2223 5294 2311 5363 qui
2339 5293 2390 5346 itt
2428 5303 2582 5343 manu
2633 5285 2725 5338 Dei
2763 5289 2845 5336 est
2877 5289 2931 5333 et
2957 5280 3057 5333 sub
3090 5270 3421 5344 providentia

1434 5504 1481 5535 ⁸⁸
1507 5500 1632 5555 ibid.
1657 5501 1712 5554 4.
1790 5505 1807 5536 ⁸

1919 5504 1982 5558 itl.
2006 5506 2057 5557 7.
2131 5503 2173 5534 ⁸⁷
2197 5501 2215 5553 l
2239 5498 2366 5564 Reg.
2394 5508 2525 5554 uti,
2549 5487 2597 5540 6.
2662 5485 2706 5517 ⁵⁸
2728 5483 2764 5535 ll
2789 5479 2914 5546 Reg.
2940 5490 2994 5537 γ,
3019 5476 3074 5529 6.
3146 5472 3191 5506 "
3215 5468 3340 5525 ibid.
3363 5466 3419 5522 ὃ.
