3806 6264
164 283 269 340 995
370 240 373 241 ν

168 484 257 551 qui
292 483 343 535 in
372 494 527 532 manu
552 478 641 531 Dei
674 475 1094 545 imperturbatus
1125 476 1320 533 manet,
1351 476 1427 520 est
1454 473 1692 524 sanctus,

169 571 293 624 licet
316 568 518 621 medius
553 564 980 634 apprehendatur
1007 563 1142 614 inter
1171 557 1414 610 malleum
1469 563 1526 607 ct
1578 554 1699 605 dra-

167 674 380 717 conem.
415 659 625 722 Quanto
657 654 880 718 amplius
934 652 1256 714 verberatur,

170 749 338 803 virtus
379 747 493 815 ejus
515 745 714 800 evadit.
748 741 996 796 Diabolus
1041 740 1184 793 enim
1228 747 1287 791 ut
1339 736 1428 804 qui
1470 732 1702 800 lapidum
1802 722 1899 791 τὴν

1809 771 1988 877 ἐρνξξιν,
2036 805 2125 856 διὰ
2154 771 2374 855 πολλῶν
2400 771 2717 867 δίλκίμάζει
2770 786 3097 860 πληγῶν,
3141 780 3277 833 τὸν
3332 771 3482 828 οἷον
3510 772 3667 825 ἀ.δά-

1814 915 2008 970 μαντα,
2041 893 2178 947 Θεοῦ
2215 892 2383 962 μόνον
2414 890 2518 959 τὴν
2551 887 2769 940 τούτου
2811 881 3045 951 φύσιν,
3073 872 3395 929 εἰδότος.

174 839 378 907 ignorat
408 844 671 893 naturam,
698 831 876 885 multis
899 830 1091 883 ictibus
1116 827 1307 894 probat
1336 838 1458 877 eum
1506 820 1597 888 qui
1621 824 1705 873 est

172 944 268 982 ceu
297 928 512 978 adamas
534 930 588 976 et
612 918 761 985 cujus
783 921 927 972 solus
961 918 1098 970 Deus
1123 922 1366 967 naturam
1400 908 1563 962 novit.

242 1032 324 1086 Ea:
372 1030 755 1084 commentariis
794 1025 1030 1146 grigenis
1071 1025 1126 1075 in
1170 1020 1359 1074 librum
1410 1024 1652 1085 quartum

838 1108 1102 1146 eanorum.

838 1108 1102 1161 egnorum.

250 1189 381 1241 Ecce
417 1198 589 1241 autem
636 1201 749 1238 cum
794 1184 966 1238 pueris
1017 1180 1117 1232 tuis
1172 1173 1549 1246 quinquaginta
1594 1167 1713 1227 viri,

181 1280 278 1348 ﬁlii
305 1278 504 1333 virtutis
534 1277 600 1327 θ’.
643 1273 891 1328 Christus
918 1271 1102 1331 virtus,
1134 1267 1235 1319 diei
1260 1265 1394 1318 ﬁlios
1422 1261 1568 1321 facit,
1589 1269 1643 1310 et
1667 1255 1717 1309 si

172 1360 302 1438 quis
327 1377 407 1422 est
424 1368 505 1421 vir
526 1365 758 1426 virtutis,
791 1363 932 1415 ﬁlius
954 1359 1153 1415 Christi
1177 1364 1277 1411 est.
1306 1352 1513 1408 Accidit
1537 1358 1713 1402 autem

183 1470 245 1512 ut
268 1472 386 1525 qua:
414 1457 513 1511 sub
536 1455 754 1508 Christo
787 1444 913 1505 sunt
968 1450 1196 1501 virtutes
1261 1443 1398 1496 ﬁlios
1450 1445 1718 1507 nequeant

186 1547 396 1611 facere;
441 1544 486 1599 si
516 1554 690 1597 autem
720 1540 935 1603 iaciunt,
971 1546 1025 1590 at
1054 1535 1222 1590 solum
1250 1532 1499 1585 infantes.

1566 257 1880 315 ORIGENIS

166 396 283 464 ejus
310 392 546 454 adamas,
576 402 678 442 non
705 387 875 442 cadet.
914 384 1093 438 Murus
1117 381 1256 435 enim
1282 368 1658 433 adainantinus
1682 415 1695 439 ,
1729 381 1749 434 Δ

1936 362 2242 432 ἐπισκοπὴν
2276 358 2455 415 αὐτοῦ

1795 416 2433 522 ἀδαμέωεινον,
2458 446 2566 498 καὶ
2599 416 2664 493 ὲλι
2696 436 2864 508 χειρὶ
2895 426 3179 522 Κυρίοῖδ
3226 420 3445 522 μξνῖν
3477 416 3655 522 ἑπα-

1799 503 2235 610 ὀὲξίμέΞςΟς
2267 503 2460 605 ληφοῇ
2484 532 2598 600 τῆς
2635 503 2996 591 ’τέ-σφύρας
3025 514 3167 610 asa}
3197 508 3334 609 σιτῗῦ

1299 656 1446 699 tanto
1505 643 1702 698 clarior

1895 670 1907 683 .
1940 633 2090 698 ’Ὁσῳ
2119 628 2175 679 δὲ
2201 626 2508 685 τύπτεται,
2548 613 3012 699 λαμπροτέξαν

3514 207 3646 264 996

2490 354 2747 422 ἀδάμας
2795 341 3145 398 πεσεῖται.
3209 330 3472 422 Τέίχος
3492 322 3650 422 ’γὰρ

3054 596 3302 657 αὐτοῦ
3342 596 3477 665 τὴν
3508 594 3663 661 ἀρε-

1934 682 2292 772 ὲπιδὲίκνυσι.
2330 717 2392 766 ὐ
2412 682 2533 782 γὰρ
2556 682 2837 767 διάϐολος
2860 696 2980 754 οἷά
2998 712 3121 757 τις
3147 682 3666 782 λΑίθωθ,ἀτΫῗ’-Ῡν

1740 1056 1744 1060 .
1826 1009 1927 1061 Ἐκ
1961 1006 2081 1059 τῶν
2126 1000 2473 1071 Ὠριγένους
2512 1000 2607 1072 sic
2649 994 2780 1072 ξὴν
2807 988 3213 1056 τετάρτην
3251 976 3419 1033 τῶν
3450 979 3670 1030 Batn-

2533 1070 2758 1119 λειῶν.

1903 1165 2049 1218 Ἰδοὺ
2091 1163 2159 1217 δὲ
2201 1159 2360 1231 μετὰ
2395 1156 2521 1209 τῶν
2563 1151 2823 1206 παίδων
2862 1161 3022 1200 σου
3087 1140 3162 1209 ’τ’
3198 1137 3497 1206 ἄνδρες
3540 1136 3674 1188 viai

1820 1254 2148 1323 δυνάμεως.
2206 1229 2458 1321 Χριστὸς
2503 1245 2779 1311 δύναμις,
2826 1237 3129 1308 ἡμέρας
3191 1231 3400 1290 υἱοὺς
3463 1229 3670 1277 ποιεῖ’

1819 1346 1914 1398 καὶ
1939 1314 1990 1396 si
2016 1314 2286 1405 mssa;
2326 1337 2471 1407 ἀνὴρ
2505 1333 2843 1399 δυνάμεως,
2891 1326 3108 1378 ἐστὶν
3147 1322 3308 1383 υἱὸς
3355 1314 3673 1388 Χριστοῦ.

1819 1434 1958 1485 Ποτὲ
1983 1433 2039 1484 δὲ
2068 1434 2219 1493 υἱοὺς
2252 1405 2430 1480 ποιεῖύ
2467 1425 2527 1476 αἱ
2567 1422 2682 1474 ὑπὸ
2706 1417 3003 1489 Χριστὸν
3070 1411 3440 1480 δυνάμεις
3470 1408 3547 1458 οὐ
3582 1405 3677 1458 δύο

1821 1540 2029 1578 νανται.
2071 1522 2134 1574 Εἰ
2164 1520 2221 1571 δὲ
2260 1518 2357 1571 καὶ
2390 1513 2682 1574 ποιοῦσιν,
2709 1509 2867 1563 ἀλλὰ
2910 1505 3275 1575 νηπίους.

198 1652 3630 1716 ____________________._____________—_—————

427 1846 993 1944 OBIGENIS
1060 1839 1625 1935 HOMILIIE
1701 1833 1827 1923 IN
1906 1828 2383 1919 LIBRUM
2464 1813 3389 1914 REGNORUM.

1730 2027 1799 2040 —

694 2182 973 2240 HOMlLlA
1016 2181 1243 2235 PRIMA.

198 2281 560 2340 Dcﬂdchana
614 2286 657 2329 et
720 2274 1021 2333 Phenenna,
1074 2282 1129 2340 et,
1166 2270 1322 2340 Anna
1371 2275 1420 2320 et
1472 2264 1736 2329 Samuele,

601 2344 742 2407 Heli,
770 2351 815 2394 et
842 2340 1010 2407 Opimi
1031 2348 1078 2392 et
1106 2339 1346 2391 Phineas.

270 2464 321 2517 1.
345 2462 457 2516 Νοη
489 2467 612 2512 tunc
650 2449 1017 2506 tantummodo
1043 2448 1180 2502 Deus
1218 2446 1478 2516 plantavit
1530 2442 1743 2513 paradi-

213 2568 357 2615 sum,
387 2549 479 2604 sed
519 2547 689 2600 donec
732 2547 839 2595 stat
865 2536 971 2589 vita
1011 2536 1341 2598 mortalium,
1395 2533 1565 2587 donec
1603 2529 1748 2584 salus

118 2636 121 2641 ’
209 2641 482 2696 hominum
515 2633 705 2690 divinis
735 2625 1157 2683 institutionibus
1199 2628 1516 2692 procuratur
1539 2659 1553 2684 ,
1611 2634 1749 2674 sem-

210 2739 313 2799 per
352 2728 487 2780 ﬁunt
524 2740 585 2779 ea
617 2738 733 2790 quae
769 2720 896 2788 justi
941 2734 1038 2773 vox
1073 2723 1191 2771 orat
1237 2714 1291 2767 in
1340 2712 1589 2774 Psalmis,
1627 2724 1748 2763 cum

209 2820 341 2874 dicit
369 2818 414 2849 ”
440 2831 455 2867 :
492 2834 510 2865 ι
537 2813 797 2866 lndueens
824 2811 1004 2880 planta
1033 2822 1125 2863 eos
1159 2806 1212 2859 in
1255 2812 1435 2857 monte
1463 2800 1746 2855 haeredita-

211 2906 280 2958 tis
309 2913 458 2956 tuae.»
484 2898 634 2953 Unde
665 2908 719 2949 et
739 2910 926 2950 omnes
951 2906 1170 2947 oramus
1194 2903 1312 2943 esse
1339 2887 1598 2957 plantatio
1623 2885 1746 2939 Dei:

212 2993 335 3063 quia
358 2991 404 3044 si
427 2988 546 3057 quis
565 3001 669 3040 non
693 2985 851 3039 fuerit
876 2981 1136 3051 plantatio
1162 2979 1278 3042 Dei,
1301 2976 1565 3032 sententia
1587 2973 1753 3028 semel

214 3061 245 3137 ὦ
299 3080 476 3149 judice
529 3075 766 3132 omnium
819 3072 1098 3126 Salvatore
1148 3077 1329 3123 nostro
1392 3066 1495 3118 lata
1546 3071 1629 3117 est
1679 3061 1755 3114 di-

212 3186 344 3230 cens
364 3169 408 3201 “
436 3185 451 3222 :
486 3184 506 3218 ι
549 3165 736 3221 Omnis
758 3160 1012 3230 plantatio
1042 3173 1202 3226 quam
1232 3171 1334 3211 non
1369 3151 1628 3224 plantavit
1655 3149 1755 3202 Pa-

218 3273 300 3316 ter
331 3272 479 3313 meus
502 3254 755 3319 scelestis,
787 3249 1165 3306 eradicabitur.
1221 3265 1239 3298 ι
1296 3245 1434 3298 Deus
1455 3256 1580 3310 ergo
1609 3240 1757 3308 plan-

216 3357 318 3415 tat,
350 3357 402 3403 et
424 3354 507 3401 est
526 3344 765 3413 quadam
800 3342 1011 3410 propria
1042 3338 1132 3391 Dei
1173 3334 1523 3405 agricultura,
1557 3338 1613 3384 et
1663 3343 1756 3382 ne-

216 3451 369 3494 cesse
395 3443 479 3489 est
498 3433 641 3501 quod
664 3446 793 3501 ager
825 3430 914 3483 ille
936 3441 1094 3497 quem
1130 3426 1272 3478 Deus
1293 3423 1419 3477 colit
1443 3430 1496 3475 et
1527 3420 1754 3488 plantat,

225 3542 328 3580 non
355 3538 512 3577 unam
548 3522 739 3576 habeat
771 3521 1023 3572 arborum
1069 3516 1326 3583 speciem,
1359 3510 1450 3564 sed
1504 3518 1753 3574 tauquam
1781 3491 1823 3548 C

221 3630 313 3671 rus
338 3613 518 3668 divitis
542 3619 596 3665 et
627 3609 857 3679 potentis
896 3604 1142 3675 agricolae
1171 3604 1236 3656 de
1260 3600 1499 3656 omnium
1542 3597 1610 3650 sit
1639 3594 1750 3647 vir-

222 3704 488 3773 gultorum
522 3713 717 3768 genere
747 3696 1023 3751 refertum.
1075 3691 1348 3759 Quomodo
1372 3697 1547 3741 autem
1579 3682 1757 3737 omnia

230 3792 533 3847 habeantur
561 3789 612 3841 in
652 3801 780 3856 agro
811 3786 927 3849 Dei,
957 3783 1355 3838 consideremus
1376 3793 1441 3831 ex
1466 3776 1621 3843 hujus
1650 3781 1759 3826 ter-

222 3896 297 3936 ra:
321 3881 462 3950 agris
489 3891 622 3946 quos
654 3875 893 3930 homines
925 3874 1124 3928 colunt.
1156 3868 1404 3934 Nunquid
1426 3868 1477 3919 in
1506 3878 1635 3933 agro
1661 3875 1761 3916 suo

222 3968 599 4041 paterfamilias
629 3964 862 4032 agricola
894 3972 1058 4017 totum
1084 3962 1267 4014 vineas
1297 3957 1494 4019 habet,
1539 3959 1631 4041 alit
1683 3958 1762 4003 to.

225 4026 340 4115 tum
363 4060 516 4123 ﬁcus,
549 4065 638 4110 aut
664 4026 842 4109 totum
866 4053 1028 4116 mala,
1051 4051 1136 4105 vel
1161 4047 1402 4119 palmas?
1432 4044 1537 4099 Sed
1563 4026 1654 4110 q'ui
1683 4041 1762 4094 di-

227 4149 396 4217 ligens
414 4157 468 4202 et
502 4145 798 4200 industrius
843 4150 927 4197 est
974 4141 1212 4204 colonus,
1259 4152 1325 4192 ex
1380 4135 1465 4188 his
1510 4131 1761 4186 omnibus

228 4251 412 4304 agrum
435 4235 694 4289 consitum
719 4233 877 4286 habet
895 4240 949 4284 et
977 4227 1251 4284 refertum.
1291 4225 1382 4278 Sic
1410 4235 1538 4291 ergo
1568 4217 1764 4272 intelli-

230 4341 414 4394 gamus
449 4326 577 4378 etin
613 4338 678 4379 eo
704 4336 831 4393 agro
858 4335 1012 4389 quem
1059 4319 1198 4371 Dens
1219 4317 1446 4386 plantat,
1485 4312 1609 4380 quia
1656 4325 1759 4363 non

229 4431 334 4468 una
362 4414 473 4470 sola
497 4416 745 4469 arborum
776 4413 979 4480 species
1024 4421 1125 4475 est,
1158 4423 1279 4478 qua:
1330 4415 1537 4461 tantmu
1587 4401 1763 4457 dulcia

236 4504 570 4574 feratpoma,
598 4504 687 4558 sed
710 4505 882 4573 aliqua
907 4503 1107 4565 dulcia,
1152 4500 1324 4565 aliqua
1362 4506 1597 4557 austera,
1655 4502 1767 4543 suae

233 4602 410 4647 tamen
445 4594 857 4661 unumquodque
885 4591 1130 4645 utilitatis
1154 4601 1207 4641 et
1227 4586 1409 4656 gratiae
1438 4582 1571 4652 (90).
1594 4578 1767 4633 Nolite

232 4694 361 4749 ergo
397 4680 452 4735 in
475 4681 629 4736 nobis
666 4683 794 4737 illud
830 4681 1123 4745 requirere,
1169 4675 1307 4744 quod
1346 4673 1398 4725 in
1437 4686 1567 4739 papa
1607 4667 1767 4738 482

236 4770 539 4827 Alexandro
572 4770 681 4841 (9i)
716 4770 939 4825 habetis.
966 4767 1216 4821 Fatemur
1237 4763 1379 4817 enim
1418 4758 1558 4827 quod
1578 4769 1766 4812 omnes

233 4876 329 4916 nos
349 4870 564 4932 superat
593 4862 647 4913 in
695 4860 864 4929 gratia
912 4853 1166 4910 lenitatis.
1202 4849 1366 4917 Cujus
1406 4848 1589 4918 gratiae
1658 4863 1761 4902 non

233 4952 373 5007 solus
401 4967 499 5021 ego
528 4948 842 5020 praedicator
878 4944 1103 5003 exsisto.
1147 4940 1237 4994 sed
1279 4953 1376 4992 vos
1431 4950 1618 4990 omnes
1665 4950 1764 4989 ex-

233 5042 364 5109 perti
383 5040 699 5110 cognoscitis
718 5047 772 5092 et
796 5035 1031 5108 probatis
1073 5030 1135 5083 Et
1157 5028 1275 5082 ideo
1290 5024 1539 5107 ejusdem:
1549 5023 1763 5091 quidem

216 5200 217 5209 ι
297 5178 340 5208 θ’
367 5175 433 5230 lV
461 5175 655 5242 Reg.u,
677 5174 764 5230 l0.
840 5180 885 5212 οι
912 5168 1080 5234 Exod.
1109 5179 1196 5229 xv,
1226 5163 1311 5216 Π.

298 5306 577 5381 (90)_Dnus
601 5307 762 5365 codex
802 5332 961 5381 mss"
998 5327 1017 5361 ι
1053 5316 1151 5358 sua
1193 5307 1367 5352 tamen
1430 5296 1767 5364 unumquod-

231 5378 578 5445 queutililale
605 5385 656 5428 et
680 5378 877 5445 gratia.
914 5410 933 5444 ι

299 5439 402 5523 (θ’)
421 5430 1143 5523 Alexandri'A'ié'xinamm
1169 5431 1659 5523 ξιξεεῑὲίείῖέοξρὲοὶῐ
1666 5430 1766 5523 '1“:

234 5500 402 5561 tatiuni
430 5500 743 5590 episcopum,
1089 5507 1341 5568 anticum,
1376 5503 1439 5556 de
1472 5515 1578 5570 quo
1608 5500 1777 5555 Ense-

1771 2184 1814 2238 Β
1844 2173 1959 2244 agri
2000 2171 2200 2240 planta!
2222 2182 2345 2223 esse
2366 2176 2681 2235 possumus
2718 2169 2785 2216 et
2819 2169 3207 2230 optamus,
3271 2172 3415 2214 non
3472 2166 3673 2211 tamen

1844 2263 2092 2318 eumdem
2155 2271 2413 2326 saporem
2470 2253 2746 2308 reddere.
2825 2252 2901 2305 In
2972 2250 3362 2305 fructibus
3424 2248 3673 2319 quidem

1844 2354 2166 2406 conﬁtemur
2189 2361 2290 2400 nos
2345 2345 2558 2398 habere
2585 2339 2824 2408 aliquid
2862 2339 3401 2393 amaritudinis
3469 2338 3537 2391 in
3582 2350 3677 2389 sa-

1845 2454 1994 2509 pore,
2022 2445 2115 2491 aut
2161 2434 2301 2489 forte
2345 2431 2495 2502 quod
2525 2430 2766 2483 videtur
2799 2427 2951 2498 (9‘2)
3014 2429 3271 2498 stragis
3350 2442 3555 2498 quam
3604 2426 3675 2480 sit

1846 2542 2090 2582 amarum
2121 2542 2135 2578 :
2173 2526 2302 2593 quia
2332 2537 2523 2578 sermo
2550 2519 3000 2587 correptionis
3061 2533 3383 2574 amarus
3423 2518 3672 2587 quidem

1847 2622 2204 2675 videturesse
2235 2618 2365 2672 dum
2426 2614 2702 2683 corripit,
2756 2612 2988 2667 dulcis
3065 2621 3330 2667 autem
3406 2610 3677 2666 edicitur

1848 2725 1968 2764 cum
1996 2708 2270 2763 emendat.
2303 2704 2437 2757 Vide
2470 2703 2654 2757 etiam
2678 2700 2889 2769 ipsius
2935 2700 3243 2757 Domini
3286 2710 3361 2756 et
3389 2700 3678 2754 Salvato-

1855 2800 1928 2852 ris
1956 2797 2124 2850 nostri
2156 2807 2469 2853 sermones,
2498 2791 2636 2858 quia
2672 2803 2800 2843 non
2862 2803 3138 2845 omnes
3193 2790 3674 2845 beatitudinem

1852 2888 2155 2950 continent,
2190 2898 2293 2938 nec
2324 2896 2523 2936 omnes
2557 2881 2630 2934 de
2663 2881 2855 2933 venia
2895 2888 2970 2934 et
3016 2881 3485 2952 indulgentia
3541 2895 3677 2949 pro-

1854 2980 2145 3035 testantur,
2176 2971 2269 3025 sed
2305 2979 2437 3025 sunt
2465 2969 2523 3021 in
2558 2966 2767 3021 verbis
2801 2967 3021 3021 etiam
3060 2972 3410 3037 quadam
3470 2979 3676 3022 auste-

1854 3079 1913 3118 ra
1940 3073 1991 3118 et
2020 3062 2221 3116 tristia.
2253 3060 2411 3115 Sicut
2437 3058 2591 3112 enim
2630 3057 2788 3113 dicit
2819 3077 2837 3112 ε
2866 3058 3068 3113 Beati
3099 3062 3237 3129 qui
3274 3062 3424 3116 [nec
3455 3072 3522 3117 et
3552 3063 3675 3114 hac

1855 3163 2037 3225 agunt,
2069 3153 2143 3206 ita
2177 3151 2328 3211 dicit.
2357 3146 2457 3202 Vae
2487 3148 2599 3203 illis
2644 3149 2754 3218 qui
2788 3149 2941 3205 haec
3013 3161 3093 3205 et.
3164 3154 3323 3208 hac
3382 3164 3671 3224 egerunt.

1856 3246 1966 3314 Ego
1986 3242 2090 3296 hoc
2110 3241 2276 3295 etiam
2311 3240 2364 3292 in
2390 3238 2693 3306 prophetis
2716 3250 3232 3305 perscrutatus
3269 3258 3452 3308 sum,
3480 3254 3546 3299 et
3578 3244 3673 3298 in-

1856 3330 1975 3385 veni
2005 3328 2190 3398 paucis
2211 3328 2621 3396 prophetarum
2660 3327 2829 3380 istud
2868 3342 3037 3383 esse
3097 3346 3528 3388 concessum
3554 3372 3573 3398 ,
3610 3341 3676 3388 ut

1858 3431 2132 3486 nunquam
2161 3414 2370 3482 aliquid
2402 3412 2630 3481 populis
2666 3426 2980 3469 amarum
3020 3428 3162 3474 aut.
3234 3421 3439 3477 triste
3472 3421 3674 3492 loque-

1859 3516 2066 3573 rentur,
2090 3504 2184 3559 sed
2218 3502 2399 3556 dulcia
2438 3516 2671 3571 semper
2698 3512 2766 3558 et
2802 3504 3027 3563 lenia.
3075 3508 3552 3567 Observatum
3587 3523 3673 3566 tar

1858 3609 1979 3650 men
2001 3601 2083 3647 est
2110 3606 2139 3644 a
2162 3588 2443 3658 prioribus
2473 3590 2695 3642 nostris
2726 3628 2746 3653 ,
2787 3595 2978 3660 quod
3043 3595 3120 3650 in
3170 3597 3478 3655 Psalmis
3545 3610 3673 3657 μη,

1860 3681 2140 3738 tummodo
2178 3679 2288 3733 illis
2315 3678 2411 3746 qui
2439 3678 2831 3733 attitulantur
2869 3701 2894 3733 ι
2942 3683 3167 3743 Filiis
3204 3691 3443 3747 Chore
3471 3732 3491 3760 ,
3528 3711 3551 3744 ι
3613 3694 3670 3746 in

1859 3772 1992 3842 ipsis
2018 3770 2151 3823 solis
2202 3766 2339 3821 nihil
2365 3765 2791 3831 amaritudinis
2829 3771 2940 3826 vel
2988 3781 3455 3837 austeritatis
3505 3782 3668 3837 ηεαδ,

1862 3878 1945 3922 tur
1971 3862 2181 3929 inferri,
2210 3861 2306 3916 sed
2331 3861 2437 3914 hoc
2457 3860 2543 3915 eis
2570 3862 2745 3928 quasi
2780 3864 3028 3923 divino
3053 3886 3374 3931 munere
3408 3891 3669 3931 οοηορε.

1895 3970 1976 4009 um
2004 3961 2108 4015 est,
2137 3960 2208 4016 ,ιιι
2240 3949 2482 4004 nominis
2538 3963 2753 4005 eorum
2817 3953 3100 4015 Psalmi
3181 3980 3466 4037 semper
3534 3967 3670 4022 ιιι,

1860 4057 2084 4115 quaeque
2115 4040 2460 4096 contineant.
2507 4039 2610 4093 Est
2655 4056 2813 4109 ergo
2848 4046 3081 4105 etiam
3156 4054 3230 4109 in
3314 4057 3481 4125 ipsis
3534 4072 3670 4127 pro-

1861 4134 2036 4203 phetis
2058 4130 2229 4185 multa
2258 4128 2586 4184 diversitas.
2618 4130 2734 4184 Alii
2766 4135 3031 4204 tristia,
3068 4143 3199 4201 alii
3234 4148 3399 4203 Iaera
3439 4151 3670 4205 deum.

1865 4225 2019 4278 tiaut.
2048 4221 2155 4276 Sed
2188 4227 2243 4274 et
2285 4220 2406 4288 ipse
2437 4221 2736 4289 apostolus
2793 4225 3092 4295 Paulus.
3182 4242 3311 4308 qui
3393 4244 3669 4299 imitator

1861 4310 2194 4403 est‘Christi,
2225 4309 2522 4403 habere-se
2552 4309 3005 4403 dicit_virgam
3042 4366 3064 4389 ,
3116 4328 3217 4381 ad
3270 4346 3394 4387 eos
3459 4334 3669 4403 "liquo

1895 4399 1951 4465 qui
1974 4398 2213 4465 indigent
2235 4395 2530 4464 disciplina
2565 4414 2579 4449 :
2614 4406 2677 4451 et
2719 4401 2784 4454 in
2817 4406 3082 4473 spiritu
3129 4395 3670 4476 mansuetudinis

1864 4487 2057 4540 venire
2086 4498 2146 4539 se
2181 4483 2336 4547 dicit,
2374 4484 2446 4537 ad
2474 4498 2574 4539 eos
2601 4488 2918 4560 profecto,
2974 4513 3298 4567 quorum
3344 4513 3483 4566 vita
3546 4512 3665 4565 cul.

1866 4574 2218 4669 piscarebat.
2249 4571 2317 4624 Et
2349 4572 2750 4669 itainvenitur
2791 4579 2856 4634 in
2894 4600 3033 4642 una
3079 4596 3487 4669 eademque
3535 4601 3667 4669 eius

1870 4617 2217 4715 ἓ.-......-----
2249 4617 2317 4624 -ν
2351 4617 2425 4625 ---
2454 4617 2739 4631 ----ν-·--ι--
2792 4617 2856 4634 u-
2896 4617 3033 4642 ulla
3079 4617 3487 4669 carnemque
3535 4617 3666 4669 lels

1914 4660 2108 4729 pistola
2154 4673 2338 4714 sermo
2385 4667 2444 4714 et
2498 4675 2736 4720 amarus
2771 4677 2834 4721 et
2907 4674 3173 4737 dulcis.
3242 4685 3444 4742 Sicut
3483 4700 3549 4745 et
3591 4692 3666 4742 ad

1867 4747 2181 4803 Corinthios
2206 4748 2260 4801 in
2296 4748 2478 4818 prima
2508 4760 2671 4820 parte
2708 4756 2949 4823 prioris
2988 4764 3343 4835 Ερίειοιω
3401 4778 3565 4833 dicit
3588 4778 3641 4810 σε

1867 4839 1992 4908 quia
2026 4854 2047 4889 ‹
2081 4838 2137 4892 in
2157 4839 2413 4932 omnibus
2447 4839 2653 4896 divites
2672 4814 2817 4900 lacti
2838 4814 3355 4932 estis—i'r'iwi—p's;
3397 4814 3665 4922 inn-Domni

1895 4932 2077 4995 'erbo,
2137 4940 2196 4985 et
2255 4931 2312 4985 in
2356 4933 2513 4988 omni
2569 4935 2866 5005 scientia,
2943 4947 3134 5006 sicut

1871 5021 2080 5076 Christi
2100 5024 2495 5080 conﬁrmatum
2525 5028 2698 5084 estin
2744 5033 2953 5102 vobis,
2984 5040 3086 5096 ita
3138 5056 3222 5102 ιιι
3261 5052 3443 5108 nihil
3486 5055 3661 5110 vobis

1407 5160 1450 5192 “
1478 5159 1668 5214 Matth.
1695 5175 1786 5226 xv,
1817 5159 1904 5213 l3.
1985 5161 2035 5192 ⁸⁸
2068 5161 2089 5215 l
2115 5161 2249 5220 Cor.
2279 5178 2323 5229 ι,
2352 5163 2407 5230 5,
2436 5163 2493 5231 6,
2521 5166 2578 5219 ‘l.
2610 5186 2613 5189 ν

1877 5297 2026 5394 PBt—8‘
2045 5302 2312 5394 liistorite
2358 5282 2759 5394 ecclesiasticq
2807 5312 3041 5394 lib-LVI,
3101 5340 3268 5394 cap.
3305 5332 3350 5386 8
3412 5342 3483 5388 et
3547 5332 3654 5391 27.

2290 5379 2486 5450 collige
2542 5382 2690 5436 hanc
2746 5367 3060 5443 ltomiliaiii
3105 5367 3483 5457 ~i;:'.l'l.)iraﬂ‘:.

1969 5508 2088 5587 (9‘2)
2113 5508 2287 5589 Mss”
2319 5540 2336 5575 ς
2368 5520 2605 5578 videtur.
2637 5536 2658 5572 ι
2703 5517 2877 5587 Editi,
2920 5541 2940 5575 ι
2973 5524 3359 5595 iudicatur.
3400 5558 3431 5594 ι
