3806 6256
183 249 276 305 997

1309 251 1374 306 IN
1418 251 1669 306 LIBRUM
1699 250 1936 306 REGUM
1961 250 2235 306 HOMILIA
2266 251 2306 306 Ι.

3289 257 3388 313 998

191 363 322 420 desit
349 359 402 413 in
421 355 526 410 ulla
550 352 710 425 gratia
737 369 1214 431 exspectantibus
1249 371 1628 424 revelationem
1647 370 1749 424 Do-
1779 375 1819 429 Α
1853 369 2125 437 posuimus
2183 369 2462 422 indicetur.
2519 371 2784 426 Fortassis
2841 373 2981 425 enim
3043 373 3186 428 dicet
3239 375 3390 428 nobis

192 451 318 507 mini
347 446 512 503 nostri
542 444 664 501 Jesu
696 447 951 510 Christi.
999 477 1018 510 ι
1054 459 1120 512 Ει
1146 459 1300 526 paulo
1327 471 1445 526 post
1477 460 1744 527 gradiens,

192 542 310 595 vide
337 537 562 607 qualiter
582 551 761 592 sermo
784 540 915 609 ejus
953 558 1304 615 exasperatur
1337 564 1456 601 cum
1489 549 1619 600 dicit
1650 548 1694 578 °°
1729 562 1743 597 :

195 649 215 683 σ
251 629 480 686 Omnino
508 627 725 681 auditur
751 629 809 683 in
836 634 1000 689 vobis
1033 636 1329 698 fornicatio,
1359 645 1412 689 et
1437 636 1557 688 talis
1586 635 1749 686 forni-

190 719 342 773 catio
376 716 550 785 qualis
579 730 679 770 nec
709 717 858 771 inter
901 731 1112 789 gentes,
1147 723 1218 775 ita
1248 731 1304 775 ut
1334 736 1549 775 uxorem
1585 721 1748 788 patris

189 810 396 877 aliquis
427 808 647 861 habeat.
678 805 744 858 Et
779 821 879 862 vos
912 809 1078 862 inﬂati
1119 810 1266 872 estis,
1304 819 1358 864 et
1409 825 1510 863 non
1581 810 1746 876 magis

190 897 438 960 luxistis,
460 905 520 948 ut
554 894 771 949 tollatur
808 898 873 949 de
906 899 1083 952 medio
1115 908 1348 952 vestrum
1377 898 1464 965 qui
1495 900 1592 952 hoc
1615 912 1747 966 opus

187 986 346 1040 fecit.
391 1005 410 1038 ι
451 985 570 1039 Hoc
598 995 776 1038 autem
809 985 931 1040 ideo
958 987 1252 1051 scribebat,
1281 988 1404 1053 quia
1436 1003 1537 1040 non
1563 1002 1746 1040 omnes

184 1074 250 1126 ad
293 1088 442 1141 quos
471 1085 658 1126 sermo
691 1071 806 1138 ejus
832 1073 1182 1141 dirigebatur,
1213 1074 1368 1127 laude
1397 1074 1540 1140 digni
1574 1082 1743 1136 erant,

186 1176 374 1230 neque
409 1177 610 1216 omnes
655 1162 922 1218 confutari
959 1165 1038 1218 vel
1096 1164 1295 1230 corripi
1352 1164 1689 1217 merebantur
1729 1179 1742 1214 :

182 1260 235 1302 et
269 1251 395 1303 ideo
429 1266 617 1304 amara
647 1251 894 1306 dulcibus
930 1253 1134 1313 miscet,
1171 1261 1226 1304 ut
1271 1253 1385 1304 laus
1423 1252 1487 1303 ad
1520 1252 1746 1317 optimos

184 1353 462 1406 quosque,
488 1342 763 1408 correptio
784 1354 911 1394 vero
939 1339 1200 1392 referatur
1228 1339 1291 1390 ad
1316 1336 1592 1403 pessimos.
1626 1336 1746 1388 Haec

185 1427 395 1480 idcirco
431 1429 676 1483 diximus
711 1430 760 1481 in
785 1428 1114 1496 praefatione,
1133 1428 1250 1493 quia
1271 1427 1380 1479 scio
1405 1440 1498 1478 vos
1522 1440 1745 1479 consue-

181 1514 330 1567 visse
364 1515 641 1569 lenissimi
678 1517 846 1585 patris
869 1515 1052 1568 dulces
1083 1529 1292 1581 semper
1325 1514 1510 1567 audire
1540 1528 1743 1567 sermo-

186 1618 306 1666 nes,
348 1613 564 1656 nostrae
592 1619 719 1659 vero
755 1602 1099 1674 plautationis
1131 1603 1410 1656 arbuscula
1454 1603 1612 1656 habet
1647 1603 1744 1656 ali-

180 1694 308 1759 quid
341 1694 702 1748 austeritatis
738 1696 790 1748 in
824 1705 1004 1762 gustu,
1033 1693 1172 1758 quod
1235 1700 1409 1745 tamen
1469 1693 1744 1747 orantibus

181 1781 337 1836 vobis
365 1785 467 1836 ﬁet
494 1784 950 1838 medicamentum
977 1781 1162 1834 salutis
1196 1799 1208 1834 :
1243 1782 1365 1848 quia
1398 1791 1452 1835 et
1513 1782 1745 1834 medica-

181 1878 369 1923 menta
401 1872 658 1938 quaedam
689 1878 815 1922 sunt
847 1869 1045 1933 dulcia,
1081 1870 1319 1936 quaedam
1359 1886 1483 1924 vero
1507 1882 1741 1934 austera,

179 1971 586 2024 nonnunquam
615 1966 668 2010 et
697 1971 901 2022 amara,
942 1967 995 2012 et
1026 1968 1200 2013 tamen
1242 1960 1292 2011 in
1353 1961 1464 2013 suis
1521 1974 1744 2028 quaeque

180 2045 310 2096 iacis
343 2045 593 2098 remedia
624 2046 887 2110 tribuunt,
912 2047 957 2101 si
981 2061 1104 2101 cum
1137 2062 1384 2101 mensura
1415 2057 1469 2102 et
1493 2048 1744 2118 temporis

176 2133 609 2201 opportunitate
642 2144 948 2188 sumantur.

249 2224 304 2276 2.
348 2224 595 2278 llistoria
651 2225 809 2280 nobis
859 2228 1078 2280 recitata
1125 2233 1206 2278 est
1256 2226 1320 2279 de
1386 2227 1554 2294 primo
1609 2227 1743 2280 libro

178 2311 538 2381 Regnorum,
571 2327 690 2378 quae
724 2313 795 2365 ita
826 2314 1037 2366 videtur
1065 2312 1313 2378 difﬁcilis,
1343 2322 1398 2366 ut
1429 2302 1628 2380 absque
1665 2315 1743 2368 di-

174 2399 312 2452 vinae
353 2399 578 2452 virtutis
605 2399 776 2466 gratia
801 2399 1101 2466 explanatio
1123 2399 1238 2464 ejus
1277 2414 1381 2451 non
1425 2402 1590 2466 possit
1651 2414 1741 2452 ex-

175 2488 326 2555 pOui.
371 2487 637 2540 Refertur
661 2501 788 2556 ergo
823 2489 894 2542 ibi
926 2489 968 2519 "
999 2503 1012 2533 :
1055 2505 1074 2538 ‹
1117 2489 1245 2541 Erat
1275 2488 1356 2540 vir
1378 2502 1512 2541 unus
1539 2502 1602 2541 ex
1636 2489 1740 2540 Ra-

177 2575 450 2626 matliaim
508 2574 710 2642 Sephin
771 2576 837 2628 de
890 2583 1069 2628 monte
1121 2575 1394 2642 Epliraim,
1454 2585 1508 2628 et
1550 2589 1739 2629 nomen

177 2660 291 2727 ejus
320 2662 636 2716 Helchana.
674 2680 693 2712 ι
724 2661 937 2716 Etcum
976 2671 1344 2715 enumerasset
1392 2659 1618 2716 omnem
1653 2678 1742 2731 ge-

178 2756 533 2808 nerationem
566 2753 702 2821 ejus,
729 2754 858 2808 dicit
889 2771 902 2806 :
932 2772 951 2804 ι
983 2754 1045 2806 Ει
1069 2754 1190 2806 huic
1211 2763 1384 2817 erant,
1411 2755 1600 2822 inquit,
1625 2756 1742 2807 dua:

178 2859 408 2908 uxores,
439 2859 639 2897 nomen
673 2844 768 2897 uni
793 2844 966 2906 Anna,
993 2852 1047 2897 et
1074 2858 1264 2896 nomen
1307 2845 1551 2897 secundae
1602 2843 1742 2896 Phe-

1850 457 2043 524 aliquis
2075 458 2140 510 ad
2190 457 2510 510 audientiam
2575 460 2706 527 legis
2771 468 2964 515 nostra:
3025 477 3195 530 nuper
3241 477 3392 516 acce-

1848 545 2014 597 dens:
2041 543 2339 596 Christiana
2370 545 2554 612 religio
2593 548 2896 612 pudicitiam
2939 549 3254 618 proﬁtetur,
3309 551 3392 604 iu-

1849 639 2052 683 tantum
2090 640 2165 692 ut,
2199 632 2243 683 si
2280 631 2389 684 ﬁeri
2419 643 2608 698 potest,
2642 650 2738 688 nec
2765 639 3138 707 contingamus
3169 643 3389 694 omnino

1847 717 2144 770 mulierem.
2179 718 2266 770 Sic
2311 719 2451 771 enim
2488 721 2614 773 dicit
2644 723 2924 788 Apostolus
2951 727 2994 756 ⁸⁸
3042 743 3057 780 :
3117 745 3135 777 ι
3180 729 3386 784 Bonum

1845 812 1924 856 est
1951 805 2148 857 homini
2181 819 2284 858 non
2318 816 2534 875 tangere
2565 808 2862 863 mulierem.
2895 830 2914 863 ›
2942 811 3047 867 Iste
3098 826 3270 870 autem
3304 819 3392 884 ju-

1848 905 1963 946 etus
1987 902 2106 947 tuus
2134 894 2400 948 llelchana
2447 896 2533 964 qui
2577 899 2728 951 nobis
2753 915 2779 949 a
2819 898 3090 968 Scriptura
3135 911 3388 972 proponi-

1847 992 1933 1034 tur
1966 983 2032 1036 ad
2081 983 2379 1051 exemplum
2413 1025 2428 1047 ,
2498 987 2630 1038 duas
2676 986 2832 1040 simul
2877 1006 3069 1046 uxores
3134 994 3389 1048 habuisse

1846 1069 2163 1123 describitur
2195 1088 2205 1120 :
2238 1085 2301 1124 ex
2332 1073 2522 1139 quibus
2561 1073 2647 1126 illa
2695 1090 2812 1142 qua:
2849 1079 2995 1145 prior
3051 1082 3384 1148 nominatur,

1847 1172 1950 1210 non
1981 1159 2139 1211 habet
2177 1159 2366 1222 ﬁlium,
2400 1161 2448 1212 id
2502 1171 2604 1224 est,
2633 1163 2819 1228 Anna;
2859 1167 3144 1221 Plieuenna
3205 1180 3382 1225 autem

1845 1255 1899 1300 et
1965 1249 2159 1303 multos
2205 1250 2401 1304 habere
2445 1252 2579 1306 filios
2631 1253 2828 1307 dicitur
2877 1267 2933 1309 et
2983 1259 3174 1314 multas
3225 1275 3382 1317 acce-

1846 1334 1985 1402 pisse
2025 1337 2320 1402 portiones.
2382 1338 2469 1390 llla
2518 1349 2693 1393 autem
2761 1345 2908 1410 prior
2961 1361 3116 1399 unam
3163 1350 3380 1415 solam,

1844 1425 1969 1492 quia
1999 1427 2111 1493 ipsa
2145 1427 2256 1480 sola
2294 1435 2406 1492 est,
2450 1430 2654 1495 accepit
2685 1442 2912 1497 partem,
2962 1445 3016 1488 et
3069 1438 3133 1490 de
3188 1441 3384 1492 sterili-

1845 1523 1953 1568 tate
1987 1518 2346 1584 conqueritur.
2409 1516 2780 1586 Nunquidnam
2830 1532 2882 1575 et
2931 1540 3026 1578 nos
3075 1531 3380 1584 contristari

1844 1601 2101 1656 debemus
2127 1603 2250 1670 quia
2289 1603 2425 1659 ﬁlios
2454 1621 2556 1658 non
2580 1606 2854 1668 habemus,
2883 1619 2937 1661 et
2960 1612 3192 1677 virgines
3217 1615 3379 1684 483

1845 1699 2040 1743 nostra:
2084 1691 2390 1744 contristari
2423 1695 2614 1746 debent
2644 1698 2784 1760 quod
2828 1699 2942 1750 sine
2991 1699 3114 1752 liliis
3157 1703 3380 1757 vivunt?

1847 1776 1969 1830 Haec
2005 1778 2112 1830 dixi
2145 1792 2422 1833 assumens
2450 1795 2729 1848 personam
2755 1799 2960 1848 eorum,
3003 1789 3090 1854 qui
3145 1793 3378 1846 nondum

1843 1867 2000 1934 plene
2033 1869 2278 1921 instructi
2311 1869 2374 1922 de
2407 1871 2489 1924 his
2527 1886 2642 1938 quae
2690 1874 2740 1926 in
2793 1875 3082 1943 Scripturis
3109 1882 3379 1935 veteribus

1853 1955 2178 2022 recitantur,
2209 1957 2409 2010 moveri
2453 1960 2814 2025 scrupulosius
2866 1964 3054 2016 solent.
3111 1968 3380 2035 Deprecor

1841 2051 2016 2095 autem
2056 2056 2146 2096 vos
2189 2057 2406 2106 omnes,
2439 2055 2494 2096 ut
2530 2048 2782 2112 quoniam
2810 2062 3022 2102 sensum
3055 2060 3159 2103 tam
3188 2054 3376 2106 diﬁiei-

1843 2129 1969 2182 lium
2017 2143 2192 2184 rerum
2224 2146 2476 2185 conamur
2520 2137 2726 2202 aperire
2750 2177 2764 2200 ,
2815 2147 2867 2189 et
2889 2153 2950 2191 ea
2979 2154 3093 2206 qum
3120 2141 3380 2196 velamine

1839 2217 2046 2272 obtecta
2071 2230 2193 2272 sunt
2228 2219 2480 2274 Ecclesia:
2507 2224 2728 2278 auribus
2767 2226 2998 2292 pandere
3029 2228 3102 2295 (in
3141 2227 3370 2284 lectione

1838 2307 1976 2360 enim
2009 2307 2211 2362 Veteris
2241 2310 2568 2364 Testamenti
2594 2350 2609 2374 ,
2645 2313 2782 2366 sicut
2825 2315 2954 2367 dicit
2986 2319 3268 2384 Apostolus
3293 2320 3362 2381 “,

1838 2395 2074 2449 velamen
2107 2407 2189 2451 est
2213 2400 2466 2468 positum)
2489 2401 2735 2467 precibus
2763 2418 2788 2452 a
2822 2403 3044 2457 Domino
3068 2407 3369 2472 postuletis,

1841 2493 1895 2537 ut
1922 2486 2165 2555 dignetur
2212 2489 2363 2543 nobis
2390 2490 2453 2541 ad
2485 2503 2542 2544 se
2592 2492 2862 2545 conversis
2893 2493 3103 2547 auferre
3132 2497 3371 2550 velamen

1839 2575 1996 2626 etiam
2023 2574 2089 2626 de
2117 2575 2217 2628 hac
2249 2576 2476 2629 lectione
2499 2591 2658 2644 quam
2689 2577 3011 2634 liabemusin
3033 2583 3300 2643 manibus,
3317 2590 3374 2636 et

1840 2662 2044 2730 plenius
2091 2664 2246 2718 nobis
2293 2679 2532 2718 reserare
2575 2679 2690 2732 quae
2734 2675 2869 2720 tecta
2915 2677 3071 2734 sunt,
3112 2677 3166 2721 ut
3195 2680 3248 2722 et
3279 2686 3378 2724 nos

1839 2751 2099 2816 possimus
2128 2751 2358 2805 revelata
2393 2751 2528 2806 facie
2571 2754 2620 2805 in
2664 2753 2746 2807 his
2778 2768 2895 2821 quae
2927 2765 3060 2810 tecta
3085 2766 3209 2810 sunt
3250 2759 3366 2825 glo-

1841 2837 1974 2889 riam
2002 2837 2212 2891 Domini
2243 2839 2524 2905 speculari.

178 2948 356 2986 nenna
390 2950 406 2985 :
438 2942 495 2986 et
528 2932 638 2985 nati
667 2943 796 2986 sunt
852 2931 1151 2985 Phenennze
1182 2932 1297 2995 lilii,
1336 2940 1389 2984 et
1429 2934 1592 2986 Annae
1635 2947 1738 2985 non
1766 2955 1807 3010 ρ
1908 2927 1961 2978 4.
1994 2945 2012 2978 t
2050 2927 2200 2989 Erat.
2233 2929 2420 2996 inquit,
2450 2930 2530 2982 vir
2550 2945 2683 2982 unus
2710 2929 2776 2984 de
2804 2931 3058 2986 Ramatba
3092 2937 3156 2987 de
3193 2947 3378 2992 monte

178 3033 295 3076 erat
335 3024 510 3076 ﬁlius.
545 3022 612 3074 Et
646 3021 964 3075 ascendebat
990 3022 1074 3073 vir
1105 3021 1190 3074 ille
1235 3023 1299 3074 de
1337 3021 1554 3074 civitate
1581 3036 1672 3074 sua
1711 3035 1741 3074 a

179 3115 374 3167 diebus
410 3112 467 3164 in
499 3113 642 3174 dies,
670 3119 727 3163 ut
766 3111 1015 3163 adoraret
1059 3118 1114 3163 et
1170 3110 1472 3163 immolaret
1521 3111 1742 3165 Domino

181 3205 452 3258 virtutum
494 3203 551 3254 in
586 3201 724 3255 Silo.
755 3200 830 3253 lbi
862 3210 1017 3252 erant
1050 3199 1160 3253 Heli
1195 3208 1249 3252 et
1299 3200 1400 3252 duo
1448 3200 1539 3252 filii
1592 3201 1739 3268 ejus,

177 3291 357 3362 Ophni
379 3302 438 3344 et
454 3291 709 3352 Phinees,
729 3289 1033 3344 sacerdotes
1054 3289 1278 3342 Domini.
1295 3289 1357 3341 Et
1374 3289 1508 3342 facta
1529 3299 1609 3344 est
1631 3291 1743 3345 dies

179 3381 230 3433 in
256 3395 365 3448 qua
399 3377 710 3432 immolavit
734 3378 1028 3441 llelchana,
1054 3389 1105 3432 et
1133 3379 1275 3432 dedit
1295 3377 1590 3432 Phenennae
1613 3394 1744 3433 uxo-

179 3472 224 3523 ri
248 3485 390 3531 suae,
421 3478 479 3522 et
513 3468 765 3521 omnibus
804 3469 927 3522 ﬁliis
962 3470 1076 3535 ejus
1135 3480 1188 3524 et
1239 3471 1451 3525 ﬁliabus
1518 3480 1738 3538 partes:

177 3558 348 3611 Annae
378 3565 569 3609 autem
598 3557 742 3608 dedit
769 3571 928 3609 unam
959 3567 1185 3625 partem.
1205 3558 1317 3612 Non
1341 3560 1484 3612 enim
1517 3558 1742 3612 habebat

177 3648 344 3710 ﬁlios,
409 3647 545 3713 quia
603 3645 944 3698 concluserat
991 3645 1247 3701 Dominus
1295 3648 1500 3700 vulvam
1552 3648 1684 3712 ejus.
1716 3664 1735 3696 ι

179 3735 318 3788 Tum
344 3736 548 3788 deinde
581 3733 746 3787 refert
795 3734 1096 3802 Scriptura,
1145 3737 1266 3804 quia
1325 3736 1641 3789 coutristata
1663 3744 1743 3789 est

175 3825 361 3889 Anna,
398 3825 551 3892 quod
583 3837 706 3876 cum
738 3823 1310 3890 acceperithenenna
1343 3823 1598 3891 plurimas
1621 3837 1741 3890 por-

178 3914 363 3966 tiones
400 3928 529 3966 cum
565 3912 712 3975 ﬁliis,
749 3912 860 3978 ipsa
913 3927 1070 3964 uuam
1106 3913 1273 3966 solam
1304 3913 1568 3979 acceperit
1623 3928 1742 3979 par-

179 4011 312 4067 tem,
346 4001 555 4070 etquia
599 4001 703 4053 hoc
736 4000 918 4054 dolore
974 4001 1218 4066 perculsa
1249 4000 1495 4068 templum
1537 4001 1738 4054 Domini

179 4093 428 4160 ingressa
458 4091 741 4144 delleverit
783 4101 837 4144 et
871 4091 1106 4144 oraverit
1139 4105 1262 4144 cum
1293 4090 1506 4144 silentio
1533 4129 1547 4154 ,
1584 4091 1654 4144 ita
1687 4099 1743 4142 ut

177 4196 286 4233 non
316 4181 610 4234 audiretur
640 4194 738 4232 vox
791 4178 907 4245 ejus
935 4196 949 4232 :
999 4190 1052 4233 et
1083 4181 1206 4247 quia
1246 4188 1435 4246 putans
1466 4195 1582 4233 eam
1627 4179 1741 4232 Heli

1841 3015 2116 3081 Ephraim.
2162 3035 2180 3068 ι
2235 3016 2344 3070 Non
2381 3033 2463 3070 me
2497 3017 2624 3070 latet
2653 3020 2821 3086 primo
2855 3020 2970 3074 loco
3011 3024 3148 3088 quod
3180 3024 3231 3076 in
3280 3026 3380 3078 ali-

1841 3107 2033 3171 quibus
2053 3105 2448 3173 exemplaribus
2477 3108 2707 3159 habetur
2734 3128 2745 3162 :
2777 3124 2795 3157 ι
2825 3108 2954 3162 Erat
2977 3111 3060 3162 vir
3085 3112 3321 3178 quidam,
3356 3131 3376 3164 ι

1841 3194 1932 3246 sed
1960 3194 2008 3245 in
2042 3195 2125 3246 his
2155 3194 2552 3262 exemplaribus
2581 3211 2699 3265 qua:
2729 3199 3090 3251 emendatiora
3125 3201 3376 3266 probavi-

1843 3297 1959 3336 mus
1987 3283 2056 3334 ita
2107 3284 2371 3335 habetur:
2409 3301 2427 3333 ‹
2466 3285 2595 3338 Erat
2622 3286 2704 3338 vir
2732 3301 2885 3338 unus.
2928 3305 2946 3337 ο
2980 3286 3038 3340 In
3088 3304 3192 3356 quo
3224 3292 3379 3345 nobis

1841 3371 2000 3424 etiam
2038 3370 2262 3434 llebraei,
2295 3374 2386 3440 qui
2418 3374 2794 3428 contradicunt
2821 3375 2871 3426 in
2896 3377 3123 3440 caeteris,
3155 3381 3378 3447 acquie-

1842 3469 2012 3513 scunt.
2042 3460 2169 3513 Erat
2196 3475 2321 3528 ergo
2355 3463 2437 3515 vir
2483 3478 2638 3516 unus.
2673 3463 2798 3515 Vide
2839 3464 2882 3516 si
2914 3479 3019 3517 non
3066 3467 3167 3518 hoc
3211 3469 3380 3534 ipsum

1841 3549 2074 3616 pertinet
2101 3551 2167 3602 ad
2199 3550 2406 3604 laudem
2431 3551 2560 3619 justi
2591 3552 2730 3619 quod
2755 3551 2954 3604 dicitur
2983 3553 3047 3606 de
3067 3567 3167 3606 eo:
3201 3572 3218 3605 ι
3252 3556 3382 3609 Erat

1842 3639 1924 3690 vir
1951 3653 2103 3690 unus.
2143 3656 2161 3689 ι
2199 3637 2305 3692 Nos
2343 3640 2432 3707 qui
2478 3641 2655 3692 adhuc
2698 3652 3007 3708 peccatores
3041 3657 3222 3695 sumus
3274 3658 3380 3698 non

1840 3742 2118 3796 possumus
2137 3728 2293 3782 istum
2323 3730 2531 3782 titulum
2559 3729 2729 3782 laudis
2747 3733 3048 3798 acquirere,
3069 3731 3192 3796 quia
3219 3746 3382 3785 unus-

1840 3818 2063 3885 quisque
2093 3829 2334 3871 uostrum
2378 3833 2484 3871 non
2527 3827 2608 3871 est
2637 3834 2803 3885 unus,
2835 3821 2925 3873 sed
2962 3828 3043 3873 est
3087 3821 3258 3873 multi.
3291 3821 3378 3875 ln-

1844 3915 1991 3959 tuere
2016 3921 2243 3973 namque
2270 3905 2495 3973 alicujus
2523 3907 2720 3960 vultum
2753 3923 2890 3961 nunc
2916 3908 3060 3970 irati,
3111 3924 3249 3962 nunc
3285 3911 3381 3962 ite-

1845 4011 1960 4049 rum
1992 3996 2181 4058 tristis,
2210 3997 2364 4064 paulo
2393 4007 2511 4064 post
2541 4012 2748 4050 rursum
2781 3997 3076 4066 gaudentis,
3100 4006 3153 4050 et
3184 3999 3376 4052 iterum

1845 4085 2062 4150 turbati,
2097 4093 2149 4137 et
2176 4101 2384 4138 rursum
2422 4085 2573 4149 leuis,
2606 4087 2656 4138 in
2691 4086 2796 4140 alio
2844 4096 3083 4154 tempore
3131 4086 3186 4140 le
3221 4087 3381 4141 rebus

1845 4173 2040 4227 divinis
2085 4183 2138 4227 et
2175 4174 2290 4227 vitae
2330 4183 2541 4228 aeterna:
2569 4176 2776 4229 actibus
2823 4175 3150 4229 consulentis
3173 4214 3188 4239 ,
3225 4177 3384 4244 paulo

177 4271 449 4324 sacerdos
480 4283 606 4323 esse
634 4268 862 4328 ebriam,
904 4269 1264 4335 increpaverit
1291 4282 1430 4331 eam,
1475 4269 1585 4335 ipsa
1619 4281 1742 4320 vero
1772 4250 1814 4303 Ῐ)
1845 4271 1962 4330 post
1990 4277 2115 4315 vero
2145 4263 2229 4315 vel
2256 4279 2372 4330 qua:
2394 4263 2459 4316 ad
2496 4265 2795 4329 avaritiam,
2818 4264 2896 4318 vel
2924 4279 3041 4331 qua:
3067 4264 3132 4317 ad
3154 4264 3378 4333 gloriam

179 4373 307 4409 cum
350 4355 666 4409 humilitate
715 4353 1040 4420 respondens
1079 4350 1405 4405 satisfecerit
1459 4351 1746 4413 sacerdoti,

176 4445 425 4498 oraverit
467 4443 582 4512 (95)
624 4452 804 4496 autem
857 4443 924 4501 ad
981 4442 1288 4501 Dominum,
1334 4449 1390 4492 ut
1445 4440 1750 4507 conciperet

180 4535 383 4598 ﬁlium,
416 4533 740 4600 promittens
768 4543 826 4584 se
856 4531 960 4584 Deo
991 4539 1422 4582 consecraturam
1475 4529 1749 4594 quodcun-

178 4638 287 4690 que
349 4622 653 4690 genuisset.
730 4619 794 4672 Et
837 4633 960 4673 cum
1020 4633 1085 4672 ex
1132 4616 1546 4684 repromissione
1579 4616 1747 4670 ﬁlium

180 4710 546 4778 suscepisset,
577 4706 811 4761 refertur
836 4707 978 4774 quod
1011 4721 1040 4758 a
1065 4707 1203 4760 lacte
1231 4703 1506 4771 depulsum
1534 4706 1745 4759 obtule-

183 4800 254 4850 rit
281 4813 416 4851 eum
444 4797 693 4850 Domine.
717 4793 831 4847 Non
866 4796 1008 4848 enim
1049 4803 1259 4862 poterat
1285 4791 1474 4846 offerre
1520 4795 1746 4850 Domino

182 4888 341 4952 prius
361 4901 488 4940 eum
515 4901 680 4953 quam
707 4900 736 4937 a
768 4886 903 4938 lacte
930 4885 1234 4952 depelleret.
1261 4879 1424 4935 Oli‘ert
1470 4898 1597 4952 ergo
1625 4899 1744 4938 eum

184 4979 241 5030 in
273 4979 530 5032 oratione
557 4978 796 5044 quadam
835 4976 1160 5044 prepheticis
1180 4975 1422 5026 distincta
1455 4977 1746 5043 mysteriis.

182 5065 648 5117 Abbreviaviuius
704 5074 959 5130 quantum
1042 5062 1307 5128 potuimus
1359 5063 1746 5116 continentiam

188 5155 472 5208 lectionis.
771 5158 776 5162 ’

254 5247 312 5298 5.
355 5243 651 5297 Videamus
689 5255 830 5294 nunc
852 5240 979 5307 quid
1005 5239 1160 5292 etiam
1189 5251 1282 5303 per
1319 5240 1427 5293 haec
1472 5256 1594 5309 qum
1620 5257 1746 5310 pro-

257 5375 306 5404 “
339 5373 360 5426 ι
390 5371 520 5427 Cor.
556 5387 608 5432 v,
639 5372 691 5434 l,
715 5371 771 5422 2.
863 5371 903 5400 ’⁵⁷
937 5368 954 5418 l
981 5369 1104 5436 Reg.
1130 5385 1162 5430 l,
1190 5368 1320 5429 1,-5.

258 5507 375 5576 (92-)
421 5503 573 5556 Unus
596 5499 792 5559 codex,
825 5515 841 5545 ι
875 5497 1058 5548 oravit.
1099 5515 1114 5543 ο

1394 5373 1435 5403 ⁸⁸
1459 5373 1475 5425 l
1502 5375 1634 5428 Cor.
1662 5389 1757 5438 vii,
1791 5377 1838 5428 l.

1847 4353 2024 4406 saeculi
2056 4355 2320 4420 pertinent
2347 4352 2634 4406 molientis.
2668 4353 2825 4408 Vides
2867 4355 3134 4421 quomodo
3176 4355 3262 4406 ille
3289 4356 3378 4422 qui

1847 4450 2064 4508 putatur
2086 4455 2218 4494 unus
2247 4455 2383 4503 esse,
2412 4455 2512 4493 non
2543 4453 2622 4494 est
2656 4457 2810 4506 unus,
2842 4443 2932 4496 sed
2964 4452 3043 4496 tot
3080 4443 3134 4494 in
3164 4457 3228 4496 eo
3260 4459 3380 4509 per-

1846 4545 1988 4584 sona
2013 4529 2263 4583 videntur
2291 4543 2408 4583 esse
2445 4527 2572 4596 quot
2605 4545 2776 4585 mores
2797 4569 2812 4595 ,
2840 4532 2962 4598 quia
2994 4541 3049 4585 et
3091 4531 3379 4586 secundum

1849 4618 2150 4685 Scriptura:
2183 4636 2201 4669 ‹
2232 4619 2482 4686 insipiens
2508 4618 2642 4671 sicut
2672 4619 2794 4673 luna
2820 4629 3056 4672 mutatur
3079 4621 3146 4673 "°.
3177 4638 3196 4672 ι
3226 4619 3380 4674 Unde

1847 4716 1900 4763 et
1930 4708 2052 4762 luna
2080 4722 2197 4762 cum
2228 4709 2470 4763 videatur
2499 4724 2600 4762 una
2627 4723 2749 4764 esse
2786 4725 2882 4777 per
2930 4709 3243 4763 substantiae
3276 4711 3376 4762 im-

1851 4798 2191 4851 mutationem
2217 4839 2230 4863 ,
2276 4807 2447 4852 tamen
2495 4813 2706 4866 semper
2746 4813 2777 4851 a
2820 4799 3107 4866 semetipsa
3159 4797 3260 4849 alia
3299 4807 3382 4850 est

1850 4901 2160 4955 semperque
2205 4888 2415 4942 diversa
2453 4906 2468 4942 :
2515 4899 2571 4943 et
2602 4890 2678 4943 sic
2731 4889 2892 4941 etiam
2942 4888 2994 4940 in
3032 4888 3142 4954 ipsa
3175 4895 3386 4939 constat

1848 4975 1986 5041 quod
2008 4990 2110 5027 una
2142 4975 2317 5028 multae
2341 4977 2467 5032 sint.
2499 4978 2590 5030 Sic
2620 4992 2748 5044 ergo
2773 4986 2827 5031 et
2854 4990 2948 5028 nos
2979 4975 3068 5042 qui
3101 4974 3272 5025 adhuc
3300 4974 3384 5024 in-

1849 5064 2100 5132 SiPientes
2125 5078 2307 5118 sumus
2335 5075 2386 5118 et
2418 5065 2710 5135 imperfecti
2741 5105 2754 5129 ,
2803 5065 2925 5131 quia
2970 5074 3180 5125 semper
3209 5067 3387 5108 muta-

1853 5168 1968 5207 mus
1995 5155 2306 5218 sententias,
2339 5163 2391 5208 et
2421 5167 2632 5221 semper
2661 5155 2876 5206 diversa
2918 5148 3160 5211 cupimus
3186 5151 3241 5192 et
3269 5157 3395 5192 sen-

1854 5242 2031 5304 timus,
2066 5256 2201 5295 unus
2250 5257 2353 5296 non
2400 5256 2680 5310 possumus
2728 5239 2851 5292 diei.
2903 5234 2979 5285 De
3027 5228 3185 5296 ἱυειίδ
3209 5234 3402 5278 amem

1935 5379 1976 5409 ⁸⁸
2007 5377 2046 5432 ιι
2077 5379 2195 5433 Cor.
2227 5394 2304 5430 in.
2372 5378 2416 5408 ⁷ο
2442 5375 2600 5428 Eccli.
2635 5385 2798 5431 xxvn,
2835 5375 2928 5427 l2.
