3806 6272
185 241 287 298 999

1592 234 1913 291 ORIGENIS

3522 222 3694 279 £000

87 352 93 374 ¹
184 376 287 414 non
317 357 485 414 solum
517 371 611 425 per
640 356 880 427 singulos
909 369 1044 409 unus
1074 355 1291 419 dicitur,
1315 367 1502 408 verum
1530 360 1585 406 et
1608 368 1722 406 om-
1748 362 1797 415 Α
1823 351 2049 408 collibus
2077 352 2325 421 quidem.
2375 350 2456 405 De
2507 357 2720 405 monte
2749 386 2771 412 ,
2837 344 3072 414 inquit
3103 381 3127 408 ,
3199 348 3348 397 est.
3404 339 3507 397 De
3561 356 3694 411 quo

184 467 276 505 nes
297 457 664 518 competenter
699 462 839 500 unus
871 446 1143 500 dicuntur.
1188 445 1252 497 Et
1277 459 1374 499 cur
1404 457 1507 496 nou
1539 455 1726 495 omnes

180 552 318 590 unus
345 537 622 597 dicantur,
666 548 888 602 quorum
927 547 1022 586 cor
1051 539 1106 584 et
1137 533 1315 583 anima
1345 546 1447 583 una
1474 544 1595 583 esse
1627 531 1724 582 dc-

181 626 476 681 scribitur?
508 624 676 679 Unam
722 637 935 690 semper
974 635 1159 674 omnes
1200 621 1513 687 sapientiam
1555 619 1724 672 medi-

182 725 381 779 tantur,
413 732 574 768 ttnuut
608 715 846 781 sapiunt,
877 726 1040 764 unum
1073 712 1330 772 sentiunt,
1364 725 1523 762 tntum
1561 709 1724 762 Deum

181 814 534 861 venerantur,
567 816 729 853 unum
763 799 1040 852 Dominum
1073 798 1255 851 Jesum
1294 799 1563 851 Christum
1591 813 1723 851 con-

180 893 418 953 ﬁtentur,
449 905 555 943 uno
580 888 781 955 Spiritu
811 887 900 940 Dei
932 889 1226 956 replentur.
1266 888 1414 941 Unde
1454 887 1644 940 merito
1666 896 1722 940 et

178 983 275 1047 ipsi
300 995 505 1041 omnes,
527 994 630 1032 non
655 979 828 1032 solum
860 993 1045 1041 unum,
1076 978 1168 1031 sed
1193 986 1244 1029 et
1276 991 1414 1029 unus
1448 977 1720 1039 dicuntur,

175 1072 313 1125 sicut
338 1081 391 1123 et
420 1069 704 1136 Apostolus
731 1068 1031 1137 designavit
1058 1107 1071 1129 ,
1105 1069 1291 1121 dicens
1327 1069 1370 1099 ⁷¹
1412 1085 1425 1119 τ
1473 1086 1490 1116 σ
1525 1068 1725 1121 Omnes

175 1159 387 1227 quidem
426 1164 668 1221 currunt,
696 1156 786 1209 sed
816 1171 952 1209 unus
982 1156 1174 1222 accipit
1204 1157 1457 1222 palmam.
1507 1174 1525 1207 ι
1562 1154 1722 1208 Vides

177 1246 455 1300 manifeste
473 1246 594 1313 quia
623 1259 807 1297 omnes
827 1247 975 1311 justi,
1010 1261 1143 1297 unus
1173 1256 1252 1299 est
1281 1247 1370 1313 qui
1396 1246 1584 1312 accipit
1608 1245 1725 1313 pal-

176 1350 337 1387 mam.
372 1333 504 1389 Vere
529 1333 671 1387 enim
700 1334 944 1386 imitatur
965 1333 1145 1397 justus
1175 1335 1264 1402 qui
1299 1335 1419 1387 talis
1453 1344 1535 1387 est
1561 1349 1721 1386 unum

176 1424 479 1477 Dominum.
514 1423 643 1476 Nam
683 1431 741 1474 ut
781 1436 881 1490 ego
916 1423 1186 1485 arbitror,
1213 1432 1269 1477 et
1302 1423 1426 1475 illud
1456 1425 1595 1491 quod
1628 1437 1725 1491 per

175 1516 485 1583 prophetam
510 1514 703 1566 dicitur
724 1514 767 1542 ⁷³
793 1527 807 1564 :
842 1531 860 1562 (
899 1512 1054 1575 Audi,
1083 1512 1267 1576 Israel,
1303 1514 1557 1567 Dominus
1585 1513 1725 1566 Dens

177 1614 298 1654 tuus
333 1602 473 1655 Deus
511 1616 648 1654 unus
686 1610 799 1666 est,
866 1618 885 1650 ι
929 1615 1032 1653 um
1076 1610 1278 1655 tantum
1320 1616 1541 1655 numero
1588 1615 1725 1654 unus

175 1695 524 1763 designatur,
577 1695 667 1762 qui
728 1695 912 1761 utique
963 1708 1122 1760 supra
1177 1709 1389 1749 omnem
1443 1712 1721 1750 numerum
1753 1725 1798 1778 Β

172 1797 295 1836 esse
332 1783 627 1837 credendus
660 1794 741 1836 εει
776 1798 789 1835 :
834 1784 926 1836 sed
966 1797 1062 1850 per
1097 1784 1200 1837 hoc
1234 1785 1402 1852 magis
1438 1799 1576 1838 unus
1614 1786 1722 1840 dici

176 1874 547 1943 intelligendus
570 1882 671 1937 est,
702 1875 846 1941 quod
878 1889 1149 1942 nunquam
1187 1891 1215 1927 a
1256 1877 1547 1942 semetipso
1588 1877 1725 1930 alter

175 1963 419 2028 elﬁcitur,
463 1965 561 2017 hoc
598 1973 703 2026 est,
744 1978 1011 2030 nunquam
1065 1973 1316 2030 mutatur,
1360 1981 1626 2034 nunquam
1670 1966 1726 2020 in

176 2054 316 2106 aliud
340 2056 595 2117 avertitur,
619 2056 763 2107 sicut
805 2063 858 2106 et
896 2054 960 2107 de
993 2069 1057 2107 eo
1091 2054 1253 2107 David
1285 2064 1610 2122 protestatur
1641 2057 1722 2110 di-

176 2158 305 2196 cens
329 2144 417 2195 ":
460 2160 479 2194 ‹
513 2144 591 2196 Tu
630 2153 806 2197 autem
848 2144 984 2197 idem
1022 2146 1134 2212 ipse
1171 2158 1248 2207 es,
1274 2154 1326 2198 et
1356 2145 1478 2197 anni
1517 2145 1587 2197 tui
1618 2160 1724 2199 non

176 2231 440 2285 deficient.
488 2248 506 2281 ι
553 2231 657 2285 Sed
694 2240 748 2285 et
788 2231 916 2285 illud
957 2232 1007 2284 in
1049 2232 1190 2285 hunc
1231 2246 1448 2283 sensum
1503 2233 1725 2298 respicit

177 2324 313 2387 quod
351 2322 606 2389 scriptum
645 2332 728 2376 est
767 2322 815 2354 ⁷⁸
854 2337 870 2375 :
926 2339 945 2372 ι
990 2321 1100 2389 Ego
1135 2335 1251 2374 sum
1291 2321 1545 2375 Dominus
1585 2323 1726 2375 Deus

176 2421 388 2476 vester,
424 2421 479 2466 et
535 2428 639 2465 non
696 2413 974 2466 immutor.
1026 2432 1044 2463 ι
1099 2412 1444 2464 [inmutabilis
1478 2427 1608 2479 ergo
1642 2419 1725 2466 est

180 2502 314 2554 Deus
355 2518 369 2553 :
408 2510 461 2554 et
495 2515 587 2569 per
625 2502 725 2555 hoc
761 2515 898 2555 unus
939 2501 1134 2554 dicitur
1162 2539 1175 2563 ,
1215 2500 1354 2568 quod
1395 2512 1499 2554 non
1540 2508 1725 2553 muta-

177 2601 282 2643 tur.
321 2590 410 2644 Sic
438 2605 566 2659 ergo
606 2600 661 2644 et
699 2592 933 2644 imitator
968 2590 1057 2644 Dei
1088 2590 1263 2656 justus
1297 2589 1386 2657 qui
1427 2589 1490 2640 ad
1533 2589 1723 2655 imagi-

178 2693 296 2733 nem
337 2680 426 2733 Dei
466 2680 637 2735 factus
674 2689 757 2734 est
795 2695 931 2734 unus
981 2690 1035 2734 et
1087 2680 1198 2746 ipse
1250 2693 1371 2732 cum
1423 2678 1490 2731 ad
1542 2678 1722 2746 perfe-

176 2778 318 2822 ctum
336 2770 538 2822 venerit
559 2770 874 2838 appellatur,
903 2769 1026 2836 quia
1055 2777 1110 2823 et
1141 2770 1250 2836 ipse
1276 2782 1398 2820 cum
1430 2768 1480 2820 in
1509 2768 1724 2823 virtutis

177 2875 382 2929 summa
413 2860 748 2925 constiterit,
776 2875 881 2912 non
922 2867 1192 2923 mutatur,
1223 2858 1316 2911 sed
1346 2872 1481 2909 unus
1511 2872 1724 2924 perma-

178 2954 269 2999 net
297 2956 525 3013 semper.
561 2946 692 2999 Nam
729 2950 852 3000 dum
895 2946 947 2998 in
978 2946 1175 2998 malitia
1215 2954 1296 2999 est
1336 2945 1721 3012 unusquisque,

1826 442 2043 496 monte?
2081 442 2155 495 De
2181 449 2372 495 monte
2404 440 2690 509 Ephraitu
2719 476 2737 502 ,
2789 437 2903 505 qui
2969 436 3518 501 interpretatur
3553 433 3693 499 frst-

1825 532 2076 598 ctiﬁcatio
2131 530 2268 600 (94).
2316 530 2464 599 Ergo
2530 531 2607 583 de
2670 540 2893 583 monte
2955 522 3412 585 fructifera,
3479 531 3549 576 et
3604 523 3695 577 l0-

1825 636 1926 676 cus
1979 622 2098 690 ejus
2147 619 2429 674 fructifer.
2461 620 2611 673 Vide
2657 628 2719 672 et
2750 619 3203 686 Scripturam
3236 654 3258 677 ,
3296 627 3513 681 quam
3558 614 3698 667 lau-

1826 711 1948 763 dem
1992 709 2271 763 montibus
2297 709 2484 762 dicit:
2521 726 2544 759 (
2589 708 2775 770 Deus,
2821 706 3049 774 inquit
3092 704 3191 767 ⁷⁷,
3274 702 3470 756 Deus
3513 717 3696 758 mon-

1826 799 1959 852 tiqu
2006 807 2111 860 est,
2163 806 2221 852 et
2262 812 2375 850 non
2431 808 2523 852 est
2554 797 2973 851 convallium.
3028 815 3055 848 ι
3108 794 3265 849 Sed
3329 804 3410 848 et
3462 810 3693 849 nomen

1819 887 1953 957 justi
2005 887 2171 955 hujus
2196 897 2284 941 est
2327 887 2619 942 Helchana
2676 889 2834 957 (95),
2902 886 3109 955 quod
3185 885 3696 954 interpretatur

1825 977 2090 1039 possessio
2137 977 2257 1031 Dei.
2304 979 2539 1031 Certum
2587 988 2683 1032 cst
2730 980 2881 1046 quia
2935 976 3058 1030 ille
3100 976 3199 1031 de
3239 990 3392 1044 quo
3452 976 3695 1030 dictum

1826 1079 1910 1120 eSt
1941 1069 2087 1134 quod
2137 1083 2280 1121 unus
2332 1077 2488 1121 esset
2528 1068 2643 1131 vir,
2687 1068 3029 1135 possessio
3094 1066 3231 1119 Dei
3287 1076 3404 1118 est
3450 1074 3523 1118 et
3575 1080 3695 1118 non

1827 1155 2104 1224 possessio
2149 1156 2484 1208 daemonum.
2540 1160 2730 1220 Quem
2788 1156 2973 1209 enim
3052 1155 3445 1208 (largitiones
3488 1156 3693 1221 possi-

1826 1245 1974 1309 dent,
2015 1258 2124 1296 non
2158 1252 2244 1297 est
2298 1259 2468 1305 unus,
2514 1245 2618 1297 sed
2668 1243 2849 1296 multi
2907 1260 2926 1295 :
2983 1243 3195 1296 sicut
3242 1249 3324 1295 et
3398 1242 3531 1309 ipsi
3574 1242 3696 1294 da:-

1828 1349 2019 1388 mones
2064 1335 2133 1387 de
2181 1349 2249 1387 eo
2295 1348 2464 1401 quem
2514 1335 2922 1402 pessidebant
2998 1334 3557 1401 responderunt
3597 1335 3692 1387 di-

1828 1430 2037 1485 centes,
2074 1422 2206 1488 quia
2238 1420 2385 1490 legio
2419 1437 2630 1475 nomen
2663 1433 2755 1475 est
2793 1423 2879 1476 ei.
2920 1422 3146 1477 Unus
3182 1439 3362 1477 vero
3399 1435 3509 1478 est
3548 1423 3695 1479 ηει.

1829 1512 2001 1563 chana
2024 1551 2040 1576 ,
2074 1511 2167 1578 qui
2195 1520 2277 1564 est
2308 1512 2603 1579 possessio
2634 1512 2742 1565 Dei
2773 1553 2788 1574 ,
2826 1513 2947 1580 qui
2988 1524 3073 1568 et
3143 1513 3376 1568 habet
3411 1518 3691 1582 patriam

1827 1606 2067 1651 montem
2096 1598 2389 1665 Ephraim,
2439 1609 2701 1653 montem
2755 1599 3279 1656 fructiferum.
3319 1601 3542 1674 484
3573 1605 3696 1659 Isto

1829 1701 1961 1758 ergo
1998 1697 2109 1742 tam
2145 1688 2446 1743 laudabilis
2477 1689 2564 1741 vir
2602 1689 2823 1742 habuit
2851 1693 3043 1745 duas
3088 1706 3402 1747 uxores.
3444 1691 3691 1750 Nomen

1827 1781 1917 1833 uni
1945 1781 2118 1845 Anna,
2152 1791 2207 1833 et
2238 1794 2443 1834 nomen
2481 1784 2765 1835 secunda:
2797 1780 3251 1838 Phene-ina.
3292 1786 3551 1840 Habuit
3576 1803 3690 1840 au-

1827 1876 1935 1923 tent
1967 1870 2105 1922 tilios
2133 1871 2202 1924 de
2233 1872 2483 1925 secunda
2512 1871 2854 1925 Phenenua
2912 1889 2934 1924 :
2985 1872 3295 1926 sterilis
3324 1877 3519 1932 'uxor
3549 1889 3689 1934 erat

1825 1960 1974 2028 prior
2005 1959 2118 2021 illa,
2151 1974 2273 2025 qua:
2300 1968 2358 2013 et
2386 1961 2638 2013 nobilior
2679 1968 2847 2013 erat.
2898 1961 3216 2014 Similia
3285 1963 3595 2022 invenies
3624 1978 3690 2023 et

1826 2049 1880 2101 in
1908 2047 2129 2103 Genesi.
2159 2048 2407 2115 Cognata
2441 2048 2662 2116 quippe
2689 2058 2793 2102 est
2823 2049 2961 2103 sibi
2998 2051 3417 2121 Scriptura
3445 2054 3685 2111 divina.

1826 2137 2074 2193 Invenies
2112 2138 2190 2192 ibi
2225 2139 2462 2205 primam
2511 2155 2769 2193 uxorem
2812 2143 3150 2196 Abrahae
3208 2144 3474 2199 Saram
3520 2148 3691 2201 nobi-

1827 2228 2053 2290 liorem,
2084 2228 2389 2281 secundam
2428 2242 2568 2282 vero
2598 2228 2991 2298 Egyptian:
3045 2232 3272 2302 Agar
3326 2233 3687 2303 ignobilem

1825 2316 2012 2383 fuisse,
2048 2326 2105 2371 et
2141 2324 2269 2370 ante
2312 2328 2533 2384 patrem
2580 2318 2888 2372 eﬂ'ectum
2947 2323 3354 2378 Abraham
3401 2328 3486 2381 de
3519 2329 3687 2394 igno—

1823 2405 1942 2471 bili,
1969 2420 2132 2474 qnam
2167 2406 2236 2458 de
2260 2407 2432 2458 nobili
2455 2405 2525 2457 ⁷³.
2560 2406 2654 2459 Fit
2696 2414 2926 2463 autem
2977 2417 3470 2480 postmodum
3498 2419 3685 2473 etiam

1824 2494 1891 2548 de
1921 2495 2082 2547 nobili
2112 2496 2344 2564 conjuge
2382 2505 2569 2564 pater.
2612 2495 2702 2551 Ita
2751 2514 2921 2569 ergo
2962 2514 3043 2555 et
3100 2521 3311 2560 nunc
3345 2507 3683 2564 llelcltana

1826 2583 1913 2637 hic
1940 2585 2147 2652 quiest
2187 2588 2464 2654 possessio
2513 2588 2660 2651 Dei,
2713 2590 2912 2658 prius
2950 2594 3053 2649 de
3107 2601 3443 2653 secunda
3493 2616 3687 2655 uxore

1825 2671 2054 2727 edicitur
2078 2684 2269 2740 pater,
2301 2677 2573 2743 queniam
2632 2682 2909 2746 quidem
2987 2687 3485 2744 concluserat
3529 2692 3690 2747 Dens

1823 2763 2036 2816 vulvam
2066 2761 2236 2817 Sane.
2268 2765 2398 2819 Post
2449 2767 2748 2835 plurimos
2805 2787 2984 2828 vero
3060 2788 3343 2845 partus
3388 2780 3688 2836 Pheneu-

1824 2865 1926 2914 ηπ,
1958 2861 2012 2941 et
2033 2853 2204 2906 Anna:
2234 2854 2393 2906 vulva
2421 2857 2815 2914 orationibus
2849 2870 2922 2914 et
2956 2868 3335 2932 precibus
3367 2874 3687 2941 aperitur,

1823 2949 1877 2995 ct
1903 2940 2137 2995 eﬂicitur
2186 2953 2241 2997 et
2292 2945 2410 3011 ipsa
2461 2957 2657 3000 mater
2712 2949 2829 3003 lilii
2903 2953 3082 3021 ejus
3158 2974 3387 3026 quem
3456 2964 3691 3017 obtulit

179 3050 272 3103 per
290 3036 454 3089 multa
475 3037 732 3089 dividitur
754 3036 886 3089 etin
913 3036 1122 3089 diversa
1145 3035 1505 3103 dispergitur:
1531 3036 1721 3087 etdum
1750 3048 1791 3105 (ς
1827 3031 1953 3085 Deo.
1992 3032 2136 3096 Quid
2168 3047 2297 3100 ergo
2331 3035 2448 3088 haec
2500 3035 2559 3090 in
2616 3052 2687 3091 se
2736 3048 3210 3102 sacramenti
3262 3052 3685 3120 contineant,

179 3125 233 3178 in
256 3125 433 3178 multis
452 3134 536 3178 est
559 3124 775 3178 malitiae
799 3125 1106 3192 generibus,
1122 3124 1224 3177 dici
1248 3138 1351 3175 non
1371 3132 1543 3190 potest
1564 3138 1722 3175 unus.

183 3210 349 3278 Igitur
403 3211 527 3277 quia
580 3210 873 3264 secundum
920 3210 1219 3264 mirabilem
1270 3210 1408 3264 hanc
1467 3211 1724 3262 unitatem

184 3314 319 3352 unus
345 3306 428 3353 est
447 3298 644 3367 justus,
669 3300 777 3354 imo
808 3309 862 3354 et
886 3300 1061 3366 plures
1084 3301 1212 3366 justi
1240 3314 1377 3353 unus
1407 3308 1566 3361 sunt,
1608 3298 1727 3352 ideo

178 3397 234 3442 et
263 3396 479 3442 sanctus
513 3389 798 3456 Apostolus
833 3403 1046 3443 omnem
1077 3390 1393 3443 cohortatur
1430 3387 1725 3442 Ecclesiam

180 3477 363 3531 dicens
380 3479 464 3532 ἠε
503 3495 523 3529 (
563 3477 631 3532 Ut
665 3478 815 3533 idem.
833 3479 1024 3533 dicatis
1052 3492 1260 3541 omnes,
1298 3487 1352 3531 et
1392 3492 1498 3530 non
1534 3478 1640 3530 sint
1668 3478 1722 3530 itt

184 3565 330 3620 vobis
355 3567 669 3630 schismata,
694 3569 809 3622 sitis
830 3576 1006 3621 autem
1028 3567 1245 3635 perfecti
1272 3567 1324 3619 in
1346 3567 1531 3620 eodem
1566 3580 1727 3620 sensu

180 3665 235 3708 et
263 3657 317 3710 in
351 3659 536 3712 eadem
564 3658 816 3714 scientia.
842 3675 862 3708 ι
891 3656 1178 3726 Propterea
1205 3665 1260 3711 et
1284 3657 1335 3708 in
1359 3655 1578 3710 Actibus
1601 3669 1729 3724 apo.

179 3743 432 3797 stolorum
476 3758 569 3799 cor
608 3754 664 3798 et
705 3744 884 3797 anima
932 3745 1270 3798 credentium
1302 3757 1408 3797 una
1444 3757 1563 3795 esse
1590 3743 1727 3796 diei-

183 3843 269 3884 tur
296 3834 361 3886 ".
405 3833 460 3888 Si
512 3844 687 3888 autem
740 3843 796 3888 et
841 3834 1088 3888 subtilius
1135 3833 1338 3902 aliquid
1379 3832 1727 3888 considerare

181 3921 441 3986 velimus,
495 3923 737 3978 invenire
786 3937 1071 3992 possumus
1117 3931 1175 3977 et
1220 3923 1379 3975 aliam
1435 3921 1723 3976 unitatem.

184 4010 338 4065 Verbi
369 4014 538 4080 gratia
559 4051 574 4078 ,
608 4014 653 4068 si
694 4015 765 4067 ita
799 4014 1467 4069 mortiﬁcavero‘mcmbra
1498 4027 1636 4079 mea,
1668 4021 1727 4066 ut

177 4100 283 4166 jam
316 4116 420 4155 non
453 4105 797 4171 concupiscat
825 4118 954 4158 caro
980 4105 1238 4159 adversus
1262 4103 1528 4172 spiritum,
1555 4117 1725 4171 neque

185 4189 400 4256 spiritus
428 4192 683 4246 adversus
704 4207 947 4259 carnem,
974 4195 1018 4248 si
1045 4197 1153 4263 jam
1184 4208 1286 4247 non
1314 4195 1385 4248 sit
1420 4193 1524 4246 alia
1554 4192 1636 4247 lex
1668 4194 1721 4246 itt

189 4279 439 4334 ntetnbris
463 4283 593 4337 meis
615 4298 735 4352 qua:
758 4296 954 4356 pugnet
976 4285 1080 4353 legi
1118 4283 1312 4337 mentis
1338 4296 1497 4345 metu,
1536 4290 1592 4336 et
1628 4296 1723 4335 ca-

1828 3121 2104 3216 videamus
2138 3139 2152 3174 :
2189 3122 2498 3178 Phenenna
2545 3125 3044 3196 interpretatur
3124 3146 3490 3197 conversio
3530 3146 3684 3216 (96),

1826 3209 1978 3262 Anna
2009 3221 2189 3264 autem
2222 3212 2642 3308 interpretatur
2672 3223 2897 3308 rgratia
2943 3224 3152 3297 (97).
3200 3209 3688 3308 Unusquisque

1824 3310 1957 3366 ergo
1986 3309 2230 3352 nostrum
2260 3304 2352 3369 qui
2380 3303 2499 3356 vult
2530 3303 2685 3359 eﬂici
2724 3318 3104 3376 possessio
3156 3319 3321 3385 Dei,
3366 3303 3537 3381 istas
3565 3303 3683 3383 sibi

1826 3386 2169 3484 duasjungat
2200 3406 2434 3456 uxores,
2467 3403 2697 3450 etcum
2735 3400 2908 3467 ipsis
2968 3407 3129 3463 sibi
3175 3418 3471 3484 nuptias
3510 3420 3681 3476 cele-

1828 3475 1966 3579 bret.
1999 3477 2230 3531 Primam
2257 3479 2362 3533 sibi
2388 3480 2621 3552 jungat,
2658 3501 2804 3555 quae
2850 3495 3192 3555 nobilior
3236 3475 3352 3561 est
3390 3520 3465 3563 et
3491 3526 3683 3580 gene-

1829 3569 2025 3671 rosior,
2057 3572 2313 3671 gratiam.
2346 3571 2479 3628 Haec
2499 3576 2833 3671 nobisper
2861 3585 3097 3645 ﬁdem
3137 3599 3387 3663 prima
3421 3569 3686 3671 coitiun-

1826 3657 1993 3724 gitur,
2033 3660 2174 3713 sicut
2201 3669 2256 3714 et
2282 3663 2591 3732 Apostolus
2626 3669 2781 3725 dicit
2814 3674 2877 3706 7°
2914 3693 2936 3730 :
2977 3699 3006 3731 ι
3056 3657 3339 3744 Gratia
3382 3657 3569 3748 salvi.

1827 3751 2448 3857 f‘lLIAfftfsupeuﬁdsln.
2493 3774 2514 3807 ι
2583 3757 2908 3857 Secundae
2977 3785 3175 3830 vero
3229 3784 3685 3857 coniungatur

1826 3834 2151 3943 Phcpennte,
2204 3840 2257 3892 td
2285 3850 2391 3943 est,
2429 3848 2825 3943 conversioni
2877 3868 2898 3907 :
2950 3863 3140 3925 quia
3188 3834 3679 3943 pangi-Eia;

1825 3925 2156 4021 credulitatis
2181 3930 2512 3994 emendatio
2541 3934 2605 3986 fit
2639 3952 2898 3996 morum
2931 3958 3013 4001 et
3050 3925 3239 4012 vita:
3284 3925 3675 4021 coﬁéggﬁ

1827 4014 2543 4125 ἕῗξιιᾲιιι-ιεξᾷειιοῗιιι
2579 4038 2960 4095 nuptiarum
3001 4078 3022 4104 ,
3063 4044 3273 4103 alius
3305 4055 3487 4109 ortlo
3536 4072 3679 4125 pro-

1826 4106 2117 4211 creationis
2144 4106 2400 4162 edicitur.
2439 4110 2635 4167 Prima
2667 4132 2965 4191 namque
3013 4137 3248 4193 nobis
3286 4158 3329 4211 Ρ

2173 4106 2635 4211 νίῐίςίιιιιι..Ρι·ἱιηξι
2667 4132 2965 4191 namque
3013 4137 3248 4193 nobis
3286 4106 3476 4211 parit

1825 4193 2138 4300 Phenenna,
2171 4196 2300 4300 quia
2338 4200 2559 4265 primos
2593 4203 2842 4261 fructus
2872 4214 2964 4269 de
3004 4193 3676 4300 εοηνειῖεὲὸᾶιόἶξέῦί

1829 4285 2074 4383 ferimus,
2113 4287 2378 4354 etprima
2424 4290 2677 4383 justitize
2726 4305 3051 4366 germina
3134 4318 3235 4372 de
3285 4285 3679 4383 adﬂigit

187 4369 386 4434 ptivuut
416 4383 497 4424 me
521 4373 683 4473 ducat
710 4376 763 4428 in
789 4374 953 4443 legem
984 4375 1208 4444 peccati,
1232 4375 1275 4429 si
1297 4374 1473 4428 omnia
1500 4388 1619 4479 qua;
1646 4374 1731 4426 in—
1760 4369 1810 4429 D
1835 4372 2094 4439 operibus
2147 4386 2530 4441 procreamus.
2601 4378 2889 4441 Primum
2980 4369 3679 4479 namque—3-3;;Iiti;

191 4464 274 4507 tra
309 4470 390 4510 me
417 4461 618 4513 suntin
664 4478 767 4516 uno
805 4473 967 4531 atque
1001 4464 1053 4518 in
1088 4463 1274 4518 eodem
1299 4477 1454 4516 sensu
1487 4462 1721 4530 perfecta

186 4545 311 4609 sint,
339 4556 392 4599 et
413 4563 515 4602 una
541 4558 703 4620 atque
728 4554 917 4607 eadem
939 4553 1203 4608 sententia
1234 4561 1570 4615 moveantur,
1596 4559 1726 4605 tunc

188 4644 280 4689 ero
303 4643 355 4689 et
380 4651 477 4707 ego
507 4640 588 4693 vir
609 4656 768 4697 unus.

259 4725 311 4779 5.
338 4725 432 4782 llic
459 4728 618 4800 igitur
640 4730 924 4786 laudabilis
952 4732 1172 4786 duarum
1191 4744 1414 4783 uxorum
1436 4730 1520 4783 vir
1549 4729 1723 4798 primo

187 4813 421 4868 omnium
465 4819 602 4870 unde
647 4819 719 4871 sit
762 4818 1072 4871 videamus:
1111 4834 1131 4866 (
1166 4817 1242 4869 De
1286 4824 1482 4879 monte,
1530 4817 1720 4885 inquit,

188 4902 457 4971 Ephraim.
493 4924 514 4958 ι
561 4905 699 4973 Ergo
743 4921 846 4960 non
887 4905 1064 4970 justus
1114 4906 1180 4959 de
1222 4905 1488 4970 vallibus,
1526 4921 1624 4961 nec
1654 4908 1722 4962 de

189 4995 417 5062 campis,
447 5009 546 5048 nec
572 4997 637 5048 de
666 4995 786 5049 ullis
820 4993 1160 5048 inferioribus
1199 4993 1331 5047 locis
1351 5032 1366 5057 ,
1405 4996 1500 5048 sed
1529 5010 1626 5050 nec
1656 4997 1722 5050 de

257 5128 301 5159 '”
328 5127 346 5179 l
371 5128 494 5188 Cor.
526 5145 604 5191 Ix,
627 5128 718 5182 24.
804 5132 849 5163 ⁷⁸
878 5131 1029 5183 Deut.
1058 5144 1132 5193 vt,
1161 5129 1215 5182 4.

264 5306 370 5377 (94)
402 5311 684 5379 Ephraim,
711 5313 801 5378 qui
851 5313 1218 5379 interpretatur
1272 5312 1625 5379 fructi/icatio.
1681 5315 1728 5369 A

194 5379 306 5429 ΠἾῦ
337 5393 356 5423 t
395 5377 750 5433 frttclilicaVilr.
784 5399 804 5431 ι

268 5441 370 5506 (95)
407 5444 689 5517 Helo/mna.
711 5449 846 5515 quod
884 5448 1253 5517 interpretatur
1299 5451 1551 5517 possessio
1600 5449 1720 5505 Dei.

201 5500 237 5548 Α
416 5528 434 5561 (
470 5500 825 5580 ροεεθιιὶὶόιει
860 5521 960 5574 '78!
984 5500 1172 5571 σθυεοι

1312 5129 1356 5160 ⁷⁸
1381 5129 1522 5184 Psal.
1552 5146 1621 5186 ett
1641 5169 1657 5195 ,
1683 5132 1771 5187 28.

190 5193 235 5231 "
267 5195 392 5263 Reg.
430 5214 524 5262 xx,
564 5199 653 5252 28.
726 5197 772 5230 ⁷⁸
800 5198 934 5253 Gen.
962 5213 1049 5251 xv1
1082 5209 1136 5252 et
1182 5212 1291 5252 xxt.
1365 5196 1408 5230 "’
1439 5193 1719 5268 Ephesii,
1748 5201 1803 5256 8.

1825 4476 1961 4531 opus
1994 4471 2077 4517 est
2105 4465 2351 4557 converti
2384 4479 2414 4516 a
2452 4470 2717 4533 peccatis
2765 4481 2991 4545 :quia
3059 4465 3219 4546 nisi
3285 4465 3463 4555 ant-3

1825 4560 2104 4606 vertamur
2129 4561 2185 4606 et
2208 4553 2559 4659 declinemus
2589 4573 2624 4612 a
2655 4568 2830 4619 malo
2855 4607 2875 4632 ,
2918 4587 3061 4631 nec
3102 4583 3201 4638 de
3251 4553 3465 4648 Ann;

1920 4933 2018 5014 que
2049 4933 2193 5014 extim
2234 4933 2375 5014 tates
2401 4933 2533 4972 esse
2572 4935 2830 4989 possunt
2874 4933 3001 4989 lilii
3047 4954 3575 5014 conversionis
3604 4970 3674 5013 ιιι

1826 5006 2089 5056 assistant
2118 5010 2177 5060 et
2220 5006 2547 5064 adhaereant
2592 5014 2740 5072 Deo.
2793 5020 2927 5080 Nec
2983 5038 3235 5097 tamen
3294 5006 3573 5106 ideo;

1876 5134 1926 5167 "
1951 5134 2189 5195 Malach.
2238 5159 2327 5213 ιιι,
2352 5143 2410 5201 6.
2506 5146 2558 5180 ⁷⁸
2603 5147 2625 5205 l
2662 5152 2805 5212 Cor.
2844 5175 2890 5213 ι.
2931 5162 3054 5224 40.

3216 5177 3287 5213 ⁷⁸
3347 5186 3517 5245 Act.
3572 5205 3667 5248 η.

1910 5320 2029 5395 (96)
2071 5326 2383 5408 ,Ρὴεηεηηα
2439 5334 2849 5405 interpretatur
2913 5364 3281 5416 conversio
3385 5370 3413 5422 Α

1910 5406 2105 5435 tsmwn
2167 5407 2331 5435 ιωιιιιι
2388 5411 2664 5435 mutu..-”-
2733 5431 2748 5435 _
3289 5404 3313 5418 ‘

2159 5344 2849 5435 ’ξῗξῖξῖίαη1.²ἔῖ.⁴ῗ.ἱ¹ῗῖῗ’⁸ἴ²’θ’
2913 5364 3313 5418 “uenia
3385 5370 3451 5423 Α
3528 5384 3662 5435 ms

1842 5405 1861 5437 '
1892 5405 2130 5469 aﬁqgﬂt.
2167 5407 2358 5469 vertit,
2387 5411 2690 5462 convertit.
2732 5431 2753 5464 ι
3055 5405 3141 5411 “”
3165 5405 3313 5418 "ﬂ
3385 5405 3451 5423 ⁸⁸
3528 5408 3543 5434 ⁹

1841 5540 1861 5573 ι
1903 5460 2242 5597 Signaque
2297 5460 2470 5530 autem
2540 5460 2955 5550 interpretatur
3036 5500 3305 5561 gratia.
3388 5508 3499 5566 Ab
3577 5521 3661 5604 τη
