3806 6268
1450 391 1517 445 ΙΝ
1553 393 1799 447 LIBRUM
1836 394 1908 446 RE

1987 391 2066 447 ΗΜ
2104 391 2377 445 HOMILIA
2412 392 2450 443 Ι.
3383 395 3517 449 1002

334 333 358 388 1

106 376 305 515 βα
337 376 358 457 ς
1450 391 1517 445 IN
1553 393 1799 447 LIBRUM
1836 391 2066 448 ιιΕοοΜ
2104 391 2377 445 HOMILIA
2412 392 2450 443 ι.
3383 395 3516 449 1002

37 410 847 589 //;I‘I::sd:l:e‘t:i_gsl:tnt
878 499 919 539 a
953 495 1167 589 “re-bus
1198 498 1309 553 Dei.
1349 499 1629 569 Accipiunt
1666 516 1892 569 namque
1920 506 1965 560 Α
1993 514 2137 555 retur
2170 503 2220 556 in
2251 502 2566 558 Jerusalem.
2594 501 2650 554 ln
2672 502 2770 556 hoc
2800 517 2927 574 ergo
2953 505 3072 561 loco
3101 507 3189 576 qui
3220 509 3516 577 appellatur

44 515 95 566 ν
250 544 393 596 ἁπιῶ
417 515 653 614 de‘é‘;
678 515 847 585 ,οι-’ξς
879 515 919 539 α
976 515 1167 597 fenus
1200 515 1309 553 uet.
1349 515 1629 569 accipiunt
1666 516 1892 569 namque
1920 515 1965 560 Α
1993 515 2137 555 retur
2171 515 2220 556 in
2251 515 2566 558 Jerusalem.
2597 515 2650 554 In
2675 515 2770 556 hoc
2800 517 2927 574 ergo
2956 515 3072 561 loco
3101 515 3189 576 qui
3220 515 3515 577 appellatur

44 515 884 679 Kéjnum‘ﬁmnnnﬂcns
930 581 1182 651 dtvmis,
1208 596 1261 642 et
1280 589 1446 643 edunt
1474 591 1539 645 de
1567 591 1754 645 hostiis
1775 590 1887 645 Dei.
1993 589 2127 649 Silo.
2157 591 2343 645 hostiae
2367 607 2462 660 pro
2491 594 2721 659 peccatis
2750 591 3134 659 oll‘erebantur,
3171 606 3223 650 et
3251 597 3321 651 ibi
3354 600 3515 652 [ιριηη

57 584 156 632 Γ
418 584 496 649 ιςυ
523 584 884 629 uulneris
930 584 1182 651 divinis,
1208 596 1261 642 et
1280 589 1446 643 edunt
1474 591 1539 645 de
1567 591 1754 645 hostiis
1775 590 1887 645 Dei.
1993 589 2127 649 Silo.
2157 591 2343 645 hostiae
2367 607 2462 660 pro
2491 594 2721 659 peccatis
2750 591 3134 659 oll‘erebantur,
3171 606 3223 650 et
3251 597 3321 651 ibi
3354 600 3513 652 [iebat

57 584 858 765 Qeccﬁrsqremergo
927 688 1204 734 nostrum
1266 679 1436 747 primo
1476 683 1804 735 convertitur
1861 696 1889 734 a
1990 680 2231 746 purgatio
2283 691 2644 747 peccatorum.
2709 679 2821 735 Silo
2890 693 3067 738 autem
3133 685 3513 754 interpretatur

90 730 487 903 7eccﬂ°r
518 745 585 790 θι
623 756 704 798 εἰ
748 766 1171 822 conversione
1203 778 1420 836 generat
1451 783 1613 837 opera
1650 767 1889 834 justitim.
1989 765 2185 819 avulsio
2212 766 2292 820 vel
2327 767 2634 820 excalceatio
2659 766 2792 837 (99),
2825 770 2922 824 hoc
2950 780 3029 825 est
3056 730 3398 828 calceamianti
3425 791 3511 829 re-

139 802 430 903 ίοδῐφ
465 833 618 883 vero
661 841 957 903 excitata
1013 853 1073 903 in
1115 855 1264 903 nobis
1302 857 1450 903 Anna
1497 870 1588 903 ηει-
1625 856 1795 903 zelum
1838 866 1893 903 et
1989 850 2210 903 solutio.
2256 863 2308 903 et
2354 861 2576 903 uterune
2619 867 2809 903 sensus
2849 860 3228 903 cnnvmtiempr
3281 872 3491 903 ειηιςιιηιι

760 802 873 808 ἡ---
894 802 1171 822 ,νισιυηυ
1203 802 1420 836 δυηυια,
1451 802 1613 837 "in-ﬂ“
1650 802 1889 834 Juauuw.
1989 802 2185 819 κνωοσιυ
2220 802 2292 820 vt.-
2327 802 2633 820 εινιιιιιυιησυ
2659 802 2792 837 \uu],
2826 802 2922 824 ιιυυ
2950 802 3029 825 cat
3056 802 3398 828 ιιωυσίιιιιειιιι
3426 802 3510 829 Γυ-

107 802 430 964 φθδίθδ
464 833 618 920 fero
661 841 957 903 excitata
1013 853 1073 907 in
1114 855 1264 909 nobis
1300 857 1451 909 Anna
1497 870 1588 925 per
1625 856 1795 910 zelum
1838 866 1893 912 et
1989 850 2210 912 solutio,
2256 863 2308 905 et
2354 861 2576 922 uterque
2619 867 2809 908 sensus
2849 860 3228 913 convenienter
3281 872 3510 930 aptatur.

209 900 676 964 //“\“‘Mtonem
712 924 865 964 ὶυιηῖ
950 956 1182 964 ..------
1217 942 1383 964 amas.
1429 941 1489 964 -.Ι
1526 944 1684 964 nn-..
1753 952 1807 964 _.
1842 951 1889 964 ,Α
1987 938 2010 964 1
2033 953 2156 964 λιι..-
2190 941 2321 964 --ε-,.
2355 943 2403 964 ε..
2439 956 2534 964 -.-Α
2559 952 2764 964 _----._
2802 960 2956 964 ---μμ
2986 956 3024 964 ν.
3235 961 3243 964 .
3413 952 3426 964 .
3463 954 3475 964 .

138 900 149 909 ν
464 908 479 920 ,
1114 900 1264 909 ..-νη
1300 900 1451 909 --......
1497 900 1577 925 ν-.
1625 900 1795 910 ..ν-ν...
1840 900 1893 912 ν.
2262 900 2308 905 --
2358 900 2574 922 --ν-ιη
2619 900 2808 908 --ην---
2851 900 3219 913 -...............-.
3281 900 3307 913 ..

138 900 677 1040 Zt;“a:;:“em
712 924 867 987 δοῐιῖ
892 974 910 999 9
950 956 1186 1009 precem
1217 942 1390 996 fundit
1427 941 1490 995 ad
1526 944 1686 996 Deum
1709 983 1724 1007 ,
1753 952 1812 996 ut
1838 951 1892 996 et
1987 938 2158 993 Locus
2186 941 2323 994 enim
2355 943 2406 994 in
2435 956 2538 1009 quo
2559 952 2770 1009 peccata
2801 956 3115 1013 purgantur,
3140 961 3284 1005 recte
3308 900 3513 1007 :It'vulsio

534 1016 563 1040 α
597 1020 855 1040 ινα-ιιι--.
934 1024 981 1040 Λ
1070 1029 1084 1040 ι
1329 1029 1344 1040 .
1558 1022 1563 1027 ·
1729 1037 1739 1040 -
2115 1027 2128 1040 ι
2212 1037 2219 1040 .
2378 1029 2391 1040 η
2413 1030 2425 1040 .
2563 1029 2634 1040 η..
2861 1034 2873 1040 -
2950 1035 2962 1040 -
2987 1036 2998 1040 -

468 995 483 1008 ,
895 990 909 999 .
956 990 1186 1009 γαπ.-.
1428 990 1490 995 ,κ
1526 990 1686 996 ------
1709 990 1724 1007 ,
1842 990 1891 996 --
2074 990 2087 992 -
2134 990 2154 993 -
2440 990 2533 1009 -.η
2559 990 2770 1009 .--η-.-κ
2803 990 3115 1013 τωο-...πη
3142 990 3284 1005 ,νων
3308 990 3513 1007 ...ιηωυ

161 990 372 1113 Vsa
386 990 565 1113 ﬁlios
597 1020 887 1075 generet.
932 1024 1147 1090 Quales
1170 1043 1295 1097 ergo
1317 1029 1486 1092 Anna,
1518 1022 1633 1095 qua:
1664 1037 1745 1083 est
1769 1043 1892 1097 gra-
1988 1027 2310 1091 nominatur,
2339 1029 2428 1083 ubi
2458 1029 2707 1083 avellitur
2732 1046 2825 1086 cor
2861 1034 3144 1102 lapideum,
3172 1045 3225 1091 et
3263 1040 3513 1094 inseritur

450 1088 465 1101 ,
946 1080 985 1090 η
1179 1080 1194 1082 -
1231 1080 1260 1097 υ
1536 1080 1549 1095 ,
1596 1080 1628 1083 π
1769 1080 1861 1097 ορ.
2299 1080 2309 1091 ,
2378 1080 2428 1083 τ-
2738 1080 2815 1086 ---
2861 1080 3144 1102 --τη-.-.η
3174 1080 3225 1091 ν-

168 1080 544 1193 λβέιςῦὶιρδ
570 1108 874 1193 generat?
905 1111 1022 1176 Qui
1054 1117 1319 1170 assideant
1349 1116 1475 1171 Deo.
1509 1134 1528 1167 ι
1549 1114 1733 1171 Gratia
1749 1115 1888 1176 enim
1987 1129 2080 1169 cor
2129 1131 2376 1171 carneum
2412 1134 2426 1171 :
2474 1118 2556 1172 vel
2599 1121 2955 1186 excalceatio,
2981 1124 3101 1193 quia
3136 1138 3319 1181 omnes
3346 1130 3513 1182 donec

222 1182 335 1265 ἶσι
367 1181 586 1239 veritas
629 1202 739 1255 per
789 1192 1000 1253 Iesum
1029 1200 1301 1255 Chi-istum
1337 1203 1479 1257 facta
1514 1212 1595 1257 est
1628 1205 1692 1257 8°,
1733 1222 1753 1256 ι
1792 1203 1890 1259 mc
1987 1201 2053 1253 ad
2098 1210 2334 1255 sanctum
2385 1203 2555 1259 locum
2604 1207 2877 1264 veniamus
2902 1249 2919 1274 ,
2971 1181 3259 1267 excalceati
3290 1228 3508 1269 sumus:

273 1284 432 1342 efigo
467 1283 554 1328 est
582 1274 736 1333 ﬁlius
770 1285 1014 1351 gratiae,
1045 1288 1135 1355 qui
1183 1290 1290 1342 Deo
1319 1298 1472 1344 vacat
1499 1300 1554 1345 et
1583 1294 1745 1346 verbo
1775 1294 1883 1349 Dei.

300 1363 608 1421 Visautem
629 1369 1042 1437 evidentiorem
1077 1376 1169 1429 tibi
1189 1378 1461 1431 ostendam
1482 1386 1533 1432 et
1564 1379 1616 1432 in
1643 1379 1886 1449 Evange-

324 1450 415 1505 liis
452 1448 768 1516 huiusmodi
821 1454 1200 1524 intelligentiae
1250 1458 1497 1523 formam,
1530 1475 1650 1529 quae
1678 1463 1732 1515 itt
1776 1448 1888 1532 lege

316 1538 553 1606 quidem
577 1539 939 1594 adumbratur
963 1557 1060 1609 per
1095 1558 1310 1609 uxores,
1347 1546 1400 1599 in
1434 1546 1730 1616 Evangeliis
1761 1563 1886 1603 vero

299 1630 437 1695 jam
466 1643 712 1695 prtesens
734 1629 1064 1684 describitur
1081 1644 1180 1696 per
1200 1634 1449 1686 sorores?
1476 1631 1603 1688 Vide
1628 1636 1884 1689 Martham

300 1722 375 1767 et
412 1713 650 1767 “ariam
671 1715 716 1745 ⁸⁸
743 1733 760 1768 :
789 1728 858 1768 ex
885 1716 1082 1781 quibus
1110 1717 1321 1784 quidem
1361 1717 1568 1771 Martha
1598 1722 1885 1774 conturba-

1986 1303 2103 1342 cum
2131 1300 2302 1343 autem
2330 1295 2724 1357 pervenerimus
2751 1299 2813 1350 ad
2839 1314 2983 1361 eum,
3017 1301 3328 1356 discalceari
3355 1304 3514 1366 jube-

1985 1392 2123 1429 mur.
2156 1377 2245 1432 Sic
2290 1379 2485 1434 dicitur
2513 1384 2577 1436 ad
2625 1384 2801 1439 Mosen
2839 1387 2883 1417 ⁸⁶
2923 1404 2935 1439 :
2972 1405 2989 1437 ι
3032 1387 3187 1441 Solve
3220 1392 3509 1459 corrigiam

1984 1464 2323 1520 calceamenti
2357 1469 2450 1521 tui.
2485 1470 2654 1525 Locus
2682 1474 2822 1526 enim
2865 1475 2918 1527 in
2952 1490 3055 1542 quo
3087 1483 3138 1527 tu
3172 1486 3283 1529 stas
3307 1515 3322 1538 ,
3367 1488 3507 1532 terra

1983 1558 2164 1603 san'cta
2210 1562 2308 1607 est.
2355 1575 2373 1605 ι
2415 1555 2476 1608 Et
2523 1559 2648 1626 qttid
2699 1569 2942 1628 putamus
2985 1565 3123 1630 quod
3175 1565 3226 1616 in
3275 1567 3357 1619 his
3405 1583 3509 1623 non

1984 1638 2182 1704 aliquid
2251 1642 2486 1708 mysterii
2547 1646 2811 1699 obtectum
2883 1649 2990 1711 sit,
3048 1650 3139 1703 sed
3198 1652 3321 1718 quia
3375 1653 3513 1708 Dens

1985 1724 2145 1795 485
2185 1733 2562 1785 exserrabatur
2604 1735 2959 1790 calceamenta
3005 1739 3133 1793 Mosi
3173 1745 3462 1809 corporalia
3491 1783 3509 1808 ,

298 1811 443 1866 tur,
474 1811 536 1857 et
566 1804 767 1872 satagit
796 1805 944 1859 circa
975 1807 1195 1859 multum
1222 1807 1596 1871 ministerium,
1625 1817 1679 1860 et
1707 1809 1884 1876 explet
1915 1797 1955 1849 Β
1982 1812 2101 1865 ideo
2144 1814 2256 1868 haec
2297 1817 2652 1883 jubebantur?
2700 1822 2802 1875 Aut
2849 1823 2972 1878 illud
3006 1826 3171 1894 magis
3218 1797 3507 1896 putandum

286 1908 497 1960 opera
531 1893 927 1958 conversionis,
968 1904 1020 1950 et
1060 1911 1156 1963 per
1199 1896 1309 1949 haec
1336 1894 1479 1948 velut
1520 1897 1885 1951 conversionis

288 1983 478 2036 ﬁlios
523 1991 770 2050 generat.
796 1982 963 2035 Maria
999 1998 1143 2047 vero,
1197 1997 1354 2037 secus
1402 1982 1559 2050 pedes
1600 1981 1755 2038 Verbi
1793 1983 1882 2037 Dei

284 2068 567 2129 intenta,
609 2067 870 2134 optimam
905 2076 1111 2134 partem
1152 2068 1376 2135 elegisse
1420 2068 1638 2133 dicitur,
1685 2077 1740 2122 et
1793 2082 1886 2133 per

280 2154 451 2207 hanc
481 2153 805 2222 intelligitur
829 2153 978 2207 velut
1006 2154 1190 2224 gratia:
1207 2155 1448 2223 germina
1468 2170 1772 2222 procreare.
1796 2157 1885 2207 Sic

273 2255 462 2308 ergo
495 2249 553 2294 et
586 2254 735 2293 nunc
771 2239 924 2293 Anna
971 2249 1189 2309 generat
1230 2240 1415 2293 lilium.
1466 2242 1632 2306 Quem
1682 2241 1886 2293 lilium?

277 2325 674 2389 Samuelcm,
702 2326 897 2393 inquit,
923 2328 1010 2393 qui
1041 2327 1146 2380 Deo
1172 2328 1396 2389 assistit,
1423 2330 1487 2382 de
1512 2344 1619 2396 quo
1647 2329 1698 2381 in
1735 2327 1881 2383 ΡεαΙν

270 2420 433 2470 mia
464 2418 672 2472 dicitur
700 2418 745 2449 “
778 2435 792 2470 :
824 2434 845 2468 ι
883 2415 1053 2470 Moses
1097 2428 1148 2469 et
1199 2418 1373 2470 Aaron
1424 2417 1477 2469 in
1527 2420 1885 2473 sacerdotibus

268 2506 475 2575 ejus,
502 2515 561 2561 et
602 2505 829 2560 Samuel
872 2504 926 2557 in
963 2504 1047 2557 bis
1075 2504 1163 2571 qui
1197 2507 1444 2558 invocant
1472 2521 1661 2560 nomen
1689 2508 1822 2573 ejus.
1861 2526 1879 2557 ι

273 2594 441 2648 Sed
475 2604 535 2648 et
571 2592 844 2647 Jeremias
883 2591 1018 2647 dicit
1051 2591 1096 2623 ⁸³
1131 2607 1147 2644 ;
1178 2609 1206 2640 ι
1244 2590 1299 2644 Si
1346 2593 1590 2645 steterint
1629 2592 1801 2647 Moses
1831 2601 1886 2647 et

273 2683 550 2739 Samuel
585 2683 642 2736 in
684 2692 978 2751 conspectu
1018 2695 1156 2744 meo,
1192 2696 1296 2736 non
1340 2681 1598 2736 dimittam
1645 2683 1742 2735 eis.
1779 2700 1796 2733 ι
1830 2684 1885 2739 Si

273 2788 460 2843 ergo
490 2782 684 2827 tantus
711 2782 766 2826 et
796 2772 917 2825 talis
938 2780 1015 2826 est
1049 2772 1185 2824 lilius
1212 2771 1416 2840 gratiae,
1446 2780 1499 2825 et
1524 2786 1620 2826 nos
1665 2771 1884 2826 festine-

277 2880 447 2919 naus
475 2864 705 2932 quidem
736 2860 803 2914 ad
834 2861 1002 2917 Annae
1031 2862 1277 2930 nuptias,
1318 2862 1412 2915 sed
1453 2861 1716 2928 patienter
1762 2876 1886 2930 aga-

278 2967 446 3007 mus
481 2962 544 3006 ut
576 2952 731 3020 prius
772 2951 930 3003 nobis
972 2950 1064 3003 lilii
1090 2952 1154 3005 de
1181 2949 1534 3004 conversione
1562 2960 1881 3005 nascantur:

277 3042 478 3110 prius
516 3041 575 3093 in
613 3039 781 3092 bonis
807 3038 1060 3104 operibus
1090 3035 1421 3104 placeamus,
1458 3045 1581 3090 tunc
1616 3037 1805 3091 deinde
1829 3045 1882 3092 et

276 3133 386 3184 de
415 3127 624 3196 gratia,
673 3134 730 3178 et
773 3126 913 3179 dono
953 3124 1171 3190 spiritus
1203 3123 1368 3176 lilium
1419 3137 1779 3190 procreemus.
1813 3124 1883 3178 Et

277 3218 546 3288 qualem
574 3215 791 3267 lilium?
820 3213 1003 3279 Qualis
1028 3213 1113 3266 hic
1141 3212 1277 3266 lilius
1298 3219 1398 3276 est,
1425 3211 1662 3277 Samuel,
1689 3213 1880 3281 inquit,

278 3305 417 3372 qui
472 3305 871 3370 interpretatur
909 3300 994 3352 Ibi
1036 3302 1141 3366 ipse
1177 3301 1313 3352 Deus
1343 3300 1473 3370 (98).
1504 3301 1663 3356 Vides
1700 3301 1884 3369 quales

281 3395 470 3448 tilias
498 3400 732 3461 generat
761 3391 977 3459 gratia?
1010 3390 1098 3443 Sic
1129 3389 1269 3443 enim
1299 3390 1552 3457 scriptum
1591 3399 1670 3445 est
1706 3391 1771 3444 de
1800 3390 1886 3445 bis

280 3482 418 3549 qui
467 3480 703 3547 spiritus
735 3478 966 3545 gratiam
1010 3475 1281 3530 consecuti
1312 3487 1475 3540 sunt,
1507 3478 1713 3531 dicente
1742 3480 1883 3545 Apo-

284 3568 471 3623 stolo
494 3567 585 3618 ’δε
620 3580 642 3616 c
684 3563 743 3617 Si
777 3579 903 3618 vero
935 3564 1187 3631 propheta
1221 3565 1416 3629 intret,
1452 3571 1542 3615 aut
1583 3563 1882 3628 imperitus,

286 3666 423 3710 aut
472 3656 667 3715 idiota.
716 3654 769 3705 in
804 3661 1121 3705 conventum
1152 3664 1385 3705 vestrum
1408 3688 1425 3717 ,
1456 3652 1779 3704 discernitur
1818 3652 1885 3703 ab

285 3764 339 3801 ο
354 3746 613 3806 mnibus,
629 3742 843 3796 occulta
859 3756 1072 3809 quoque
1094 3741 1275 3795 cordis
1292 3740 1406 3805 ejus
1428 3739 1705 3792 manifesta
1732 3740 1883 3792 fient:

285 3847 380 3891 cs
421 3844 553 3888 tunc
597 3833 805 3885 cadens
853 3829 906 3882 in
942 3828 1131 3882 facient
1182 3828 1429 3880 adorabit
1460 3825 1664 3889 Deum,
1701 3826 1887 3880 dicens

286 3925 458 3993 quia
497 3933 628 3976 vere
661 3919 806 3973 Deus
849 3918 901 3970 in
943 3918 1093 3970 vobis
1120 3924 1223 3971 est.
1269 3933 1288 3967 ι
1326 3914 1437 3983 lloc
1474 3923 1558 3968 est
1588 3928 1715 3982 ergo
1745 3916 1886 3982 quod

290 4015 736 4077 interpretatur
764 4005 1005 4068 Samuel,
1031 4005 1102 4060 ibi
1130 4005 1239 4073 ipse
1282 4003 1444 4057 Deus.
1478 4002 1580 4090 Ubi
1614 4004 1753 4090 enim
1780 4004 1888 4070 spi-

292 4097 471 4152 ritus
499 4096 733 4165 gratitc,
774 4092 848 4147 ibi
893 4092 1007 4161 ipse
1046 4105 1170 4147 esse
1207 4090 1402 4145 dicitur
1429 4089 1590 4143 Deus.
1636 4089 1740 4144 Sed
1792 4091 1888 4143 istc

290 4185 492 4243 nobis
537 4184 664 4237 talis
707 4183 849 4235 (ilius
896 4196 998 4235 non
1043 4188 1217 4249 potest
1262 4179 1444 4241 nasci,
1496 4178 1600 4233 nisi
1646 4193 1885 4246 praeces-

291 4275 505 4333 serint
549 4273 707 4342 prius
765 4271 860 4324 lilii
904 4269 1210 4324 Pltenennac
1255 4267 1427 4334 ;.nisi
1483 4268 1624 4321 enim
1688 4282 1885 4335 praece-

1981 1907 2082 1960 est,
2133 1902 2271 1969 quod
2316 1917 2435 1957 cum
2477 1907 2648 1961 exiret
2684 1910 2749 1962 de
2784 1916 2927 1965 terra
2976 1909 3190 1983 IEgypti
3217 1955 3233 1979 ,
3282 1916 3510 1973 habebat

1982 1989 2340 2045 calceamenta
2372 1995 2437 2047 de
2461 1995 2686 2062 pellibus
2712 2000 2952 2064 mortuis,
2985 2010 3037 2054 et
3063 2013 3182 2056 erat
3203 2004 3345 2060 velut
3377 2023 3508 2075 qua-

1995 2077 2111 2131 dam
2124 2079 2435 2134 mortalitate
2446 2082 2782 2135 constrictus:
2800 2097 2918 2136 cum
2935 2098 3059 2139 vero
3075 2087 3233 2155 coepit
3260 2091 3513 2158 proﬁcere

1993 2165 2058 2218 ad
2076 2167 2318 2219 virtutem
2348 2177 2401 2220 et
2430 2168 2712 2222 ascendere
2739 2178 2972 2225 montem
3002 2172 3114 2238 Dei,
3137 2183 3291 2243 atque
3320 2178 3390 2231 ibi
3416 2180 3509 2233 int-

1992 2254 2300 2308 mortalibus
2337 2256 2634 2311 ministrare
2661 2261 2938 2327 mysteriis,
2970 2270 3094 2316 tunc
3124 2264 3249 2319 dicit
3284 2269 3351 2321 ad
3390 2284 3512 2324 eum

1992 2350 2053 2394 ut
2095 2342 2285 2396 indicia
2331 2346 2660 2399 mortalitatis
2706 2347 2989 2415 abjicerct.
3040 2366 3156 2417 qua:
3209 2353 3262 2404 in
3306 2357 3512 2410 calcea-

1992 2430 2187 2483 mentis
2235 2430 2467 2498 pelliceis
2505 2433 2862 2502 designantur.
2904 2438 3012 2506 Ego
3050 2448 3178 2505 puto
3212 2444 3352 2508 quod
3388 2460 3512 2511 pro-

1990 2525 2171 2584 pterea
2206 2528 2255 2572 ct
2297 2520 2546 2588 apostolis
2583 2521 2693 2574 suis
2728 2521 2965 2576 Salvator
3003 2527 3272 2595 praecepit,
3309 2544 3378 2583 ne
3415 2532 3510 2585 ba-

1990 2604 2176 2669 berent
2217 2607 2571 2662 calceamenta
2624 2609 2678 2661 in
2727 2610 2948 2677 pedibus
3002 2613 3136 2676 suis,
3175 2623 3233 2667 ut
3280 2616 3511 2683 ipsorum

1988 2694 2150 2763 pedes
2184 2694 2274 2763 qui
2311 2695 2593 2749 currebant
2628 2697 2694 2749 ad
2724 2698 3141 2752 annuntiandum
3169 2701 3329 2756 vitam
3356 2713 3512 2758 teter-

1989 2797 2141 2844 nam,
2182 2783 2326 2835 omni
2377 2791 2620 2837 carerent
2671 2786 3002 2839 mortalitatis
3037 2786 3231 2843 indicio
3270 2807 3283 2841 :
3318 2792 3512 2863 quippe

1989 2867 2079 2937 qui
2124 2868 2266 2921 illam
2318 2868 2457 2921 viam
2510 2869 2834 2935 incederent,
2870 2887 2987 2940 quae
3037 2876 3163 2929 dicit
3197 2877 3240 2908 ⁸⁷
3283 2895 3296 2930 :
3338 2897 3357 2927 ς
3404 2880 3511 2948 Ego

1984 2968 2099 3008 sum
2144 2955 2226 3005 via
2249 2994 2264 3019 ,
2296 2956 2494 3008 veritas
2534 2968 2588 3009 et
2630 2957 2757 3010 vita.
2785 2975 2803 3008 ι
2846 2957 3010 3012 Nemo
3041 2960 3183 3012 enim
3216 2960 3355 3014 viam
3392 2962 3512 3016 vitae

1985 3054 2104 3093 cum
2132 3041 2470 3095 mortalitatis
2496 3042 2690 3096 indicio
2722 3044 2935 3096 incedit.
2953 3044 3094 3100 Talis
3111 3061 3238 3117 ergo
3255 3058 3338 3103 est
3363 3049 3511 3104 locus

1987 3129 2085 3180 iste
2112 3128 2357 3182 similiter
2384 3131 2473 3182 ubi
2507 3140 2588 3183 est
2616 3130 2729 3184 llcli
2768 3131 2846 3184 vir
2885 3133 3059 3187 minus
3085 3135 3380 3191 laudabilis.
3409 3138 3513 3192 Pro

1985 3223 2205 3283 peccato
2232 3216 2374 3269 enim
2398 3225 2697 3270 retrorsum
2721 3232 2970 3272 corruens
2991 3222 3305 3290 exspiravit.
3317 3225 3385 3279 Et
3406 3241 3513 3280 non

1985 3310 2230 3371 putemus
2253 3306 2390 3371 quod
2430 3304 2530 3358 iste
2559 3307 2700 3359 solus
2732 3313 3019 3359 retrorsum
3043 3323 3298 3366 corruens
3331 3316 3513 3382 exspi-

1987 3392 2202 3455 raverit,
2239 3392 2330 3445 sed
2364 3400 2419 3445 et
2455 3408 2595 3446 nunc
2638 3394 2683 3447 si
2718 3396 2836 3462 quis
2871 3402 3161 3449 retrorsum
3192 3401 3429 3463 corruit,
3465 3405 3513 3457 si

1985 3479 2106 3545 quis
2154 3487 2299 3531 retro
2349 3480 2677 3533 convertitur
2712 3495 2741 3533 a
2792 3481 2895 3535 lide
2926 3490 2980 3534 ct
3009 3486 3262 3548 veritate,
3299 3502 3515 3544 necesse

1986 3574 2066 3620 est
2088 3575 2144 3619 ut
2162 3567 2336 3630 cadat,
2364 3558 2423 3619 et
2446 3577 2500 3619 ut
2523 3569 2770 3623 continuo
2792 3570 3067 3624 moriatur.
3096 3570 3199 3626 Sed
3221 3584 3276 3626 et
3300 3577 3351 3627 in
3376 3576 3513 3630 Deu-

1987 3655 2268 3706 teronomio
2293 3656 2632 3710 comminatio
2663 3658 3028 3725 peccatoribus
3052 3659 3361 3724 intentatur,
3391 3677 3512 3719 cum

1987 3741 2180 3794 dicitur
2206 3741 2253 3773 ⁸⁸
2286 3759 2298 3794 :
2327 3759 2347 3793 ‹
2373 3742 2437 3795 Et
2462 3743 2832 3810 opistbotonus
2854 3744 3182 3799 insanabilis.
3213 3764 3234 3797 ι
3260 3747 3513 3816 Opistlto~

1987 3836 2142 3882 tonus
2166 3837 2341 3883 autem
2375 3828 2503 3897 tergi
2537 3830 2904 3898 aegritudinem
2931 3840 2985 3884 et
3013 3834 3363 3901 posteriorum
3386 3851 3512 3903 par-

1988 3916 2117 3968 tium
2152 3917 2418 3983 signiﬁcat
2440 3955 2455 3980 ,
2489 3927 2544 3970 et
2575 3919 2760 3988 utique
2787 3933 2890 3973 non
2927 3920 3041 3975 sine
3072 3936 3227 3976 causa
3248 3961 3264 3987 ,
3294 3938 3411 3976 cum
3439 3934 3515 3978 tot

1985 4017 2177 4073 genera
2215 4004 2484 4075 languoris
2529 4007 2826 4063 habeantur
2859 4010 3107 4075 humani,
3146 4011 3250 4066 hoc
3301 4013 3515 4078 potis-io

1989 4108 2130 4146 mum
2169 4108 2337 4161 genus
2362 4094 2631 4162 languoris
2663 4095 2952 4149 ascribitur
2976 4098 3263 4164 peccatori.
3297 4098 3429 4152 Nam
3458 4108 3514 4153 et

1986 4183 2040 4236 in
2067 4181 2248 4237 Genesi
2279 4198 2412 4237 uxor
2453 4184 2570 4248 Lot,
2608 4199 2722 4252 qutc
2769 4193 2910 4238 retro
2941 4199 3195 4240 conversa
3246 4196 3348 4254 est,
3372 4189 3513 4244 divi-

1989 4287 2112 4324 num
2137 4272 2330 4325 dicitur
2357 4279 2685 4339 transgressa
2715 4283 3056 4340 praeceptum,
3088 4288 3191 4343 quo
3213 4275 3263 4329 ei
3294 4280 3518 4331 manda-

292 4365 463 4418 daut
499 4376 671 4431 apem
726 4359 1134 4423 conversionis,
1184 4372 1288 4410 non
1335 4369 1605 4409 meremur
1656 4355 1878 4421 gratiam
1912 4373 1955 4425 ι)
1987 4367 2094 4412 tum
2146 4360 2323 4411 fuerat
2366 4372 2433 4410 ne
2479 4368 2766 4413 retrorsum
2813 4361 3129 4428 respiceret,
3170 4378 3301 4419 neve
3347 4376 3518 4421 staret

293 4452 591 4519 spiritus,
625 4462 827 4503 neces
857 4448 970 4516 ipsa
1003 4460 1284 4515 possumus
1310 4444 1505 4498 donum
1546 4443 1769 4510 spiritus
1795 4459 1886 4512 ge-

294 4555 552 4600 uetare.
645 4594 651 4599 .

402 4628 458 4682 6.
492 4626 796 4680 Videamus
824 4633 1002 4679 autem
1031 4631 1084 4677 et
1112 4621 1177 4675 ad
1208 4634 1362 4689 quem
1403 4621 1575 4677 locum
1601 4619 1887 4676 convenie-

297 4719 425 4774 bat
458 4716 740 4770 Helcbana
779 4726 903 4766 cum
945 4709 1200 4765 uxoribus
1230 4708 1360 4764 suis.
1394 4724 1413 4759 ι
1449 4707 1761 4770 Itnntolare,
1805 4707 1889 4760 iu-

298 4807 453 4876 quit
472 4808 546 4873 ⁸⁸,
581 4804 821 4859 Domino
848 4804 901 4856 in
927 4799 1063 4859 Silo.
1091 4800 1257 4855 Erant
1295 4807 1470 4854 autem
1492 4836 1509 4865 ,
1543 4798 1730 4867 inquit,
1774 4796 1886 4851 Heli

298 4895 399 4953 ibi
422 4937 440 4962 ,
472 4904 528 4950 et
561 4895 676 4949 duo
719 4892 814 4946 lilii
845 4892 964 4958 ejus
1004 4889 1176 4959 Ophni
1213 4898 1268 4944 et
1303 4889 1550 4951 Pbinees,
1585 4887 1891 4941 sacerdotes

307 4986 575 5041 Domini.
618 5000 639 5034 ι
680 4983 796 5036 Silo
836 4994 1026 5035 nomen
1064 4991 1148 5035 est
1188 4980 1331 5044 loci,
1383 4979 1435 5033 in
1477 4992 1582 5047 quo
1623 4975 1887 5031 sacriﬁcia

318 5076 570 5130 Domino
599 5071 1008 5134 oﬂerebantur,
1042 5070 1351 5140 priusquam
1386 5068 1636 5137 templum
1663 5065 1891 5120 aediﬁca-

1992 4449 2043 4500 in
2068 4447 2211 4500 omni
2257 4447 2492 4515 regione,
2532 4455 2587 4500 et
2628 4446 2745 4500 ideo
2775 4446 2965 4503 eti‘ecta
2992 4457 3073 4505 est
3103 4451 3402 4508 staticulum
3430 4469 3509 4509 sar

1988 4534 2054 4587 lis
2083 4533 2148 4590 ".
2171 4533 2426 4588 Dominus
2450 4548 2659 4603 quoque
2683 4544 2736 4589 et
2770 4535 3012 4591 Salvator
3039 4549 3221 4595 noster
3255 4542 3309 4596 in
3338 4543 3518 4597 Evani

1989 4624 2128 4692 gelio
2156 4639 2170 4677 :
2207 4641 2227 4675 ι
2258 4622 2448 4686 Nemo,
2480 4623 2653 4692 inquit
2677 4624 2755 4688 ”,
2786 4625 3000 4680 mittens
3028 4624 3249 4682 ‘manum
3285 4644 3435 4683 suam
3463 4630 3518 4685 in

1991 4720 2245 4777 aratrum,
2281 4720 2335 4763 et
2367 4719 2507 4764 retro
2541 4711 2829 4780 respiciens
2865 4722 3020 4782 aptus
3055 4724 3138 4769 est
3165 4730 3329 4784 regno
3354 4717 3466 4771 Dei.
3492 4735 3514 4767 ι

1988 4799 2206 4867 Insuper
2243 4811 2454 4867 quoque
2484 4813 2603 4853 cum
2630 4800 2694 4855 de
2715 4800 2953 4869 pluribus
2981 4802 3269 4869 docuisset,
3295 4805 3439 4858 addit
3465 4813 3519 4858 et

1991 4888 2112 4951 hoc,
2146 4887 2328 4941 dicens
2350 4886 2392 4918 ’ί
2424 4904 2439 4941 :
2470 4904 2488 4938 ι
2520 4885 2783 4942 Memores
2807 4897 2979 4943 estote
3005 4891 3191 4945 uxoris
3212 4890 3333 4944 Lot.
3360 4907 3379 4941 ι
3409 4889 3518 4956 0p-

1991 4977 2176 5028 timum
2212 4976 2376 5044 igitur
2415 4981 2497 5029 est
2519 4974 2756 5029 oblivisci
2801 4977 2998 5045 priora,
3035 4978 3273 5032 oblivisci
3301 4988 3516 5046 pnetrr-

1990 5064 2084 5130 ita,
2108 5063 2182 5118 uti
2218 5078 2283 5119 ne
2307 5066 2723 5134 comprehendat
2752 5080 2847 5121 nos
2881 5066 3277 5134 apisthotonus,
3305 5068 3517 5118 insana-

391 5228 441 5259 ⁸ο
470 5223 677 5278 Joann.
712 5233 753 5280 t,
812 5218 901 5269 l7.
964 5216 1004 5247 "
1047 5216 1174 5270 Luc.
1227 5235 1280 5275 x.
1349 5217 1393 5250 ⁸⁸
1439 5216 1577 5270 Psal.
1626 5215 1792 5279 16,6.
1864 5216 1908 5247 ⁸³

1987 5229 2131 5271 trem.
2161 5231 2251 5277 xv,
2291 5218 2339 5270 Ι.
2418 5217 2461 5251 ⁸⁸
2508 5218 2524 5270 l
2555 5216 2796 5272 Corinth.
2833 5230 2923 5269 ιιν
2946 5253 2961 5279 ,
2995 5215 3083 5274 ει,
3110 5213 3200 5266 25.
3272 5204 3356 5254 "1
3384 5200 3516 5280 Rei!-

312 5312 357 5360 ι,
392 5295 448 5349 5.

391 5449 512 5519 (98)
550 5435 878 5500 Skutsch...
913 5441 998 5507 qui
1037 5442 1396 5509 interpretatur
1442 5443 1524 5496 Ibi
1559 5443 1668 5510 ipse
1734 5443 1892 5500 Deus.

314 5544 397 5595 Alt
423 5546 543 5596 an!
571 5552 592 5583 ε
632 5532 767 5589 ibi»
804 5537 913 5584 N‘ﬁ
952 5547 969 5578 ι
1006 5531 1137 5596 ipse,
1169 5551 1186 5584 ι
1223 5532 1365 5592 ctbat
1411 5551 1428 5583 ι
1470 5531 1628 5585 Dens.
1657 5549 1676 5580 ι

385 5608 503 5675 (99)
534 5600 659 5654 Sila
702 5606 889 5645 autem
927 5596 1276 5664 interpretatur
1303 5600 1498 5654 avulsio
1524 5598 1600 5650 vel
1619 5599 1890 5654 excalcea-

646 5684 940 5740 PATROL.
982 5685 1096 5744 Gn.
1139 5688 1269 5746 XII.

533 5291 585 5322 ⁸⁸
615 5287 793 5341 Exod.
823 5299 909 5345 Ill,
947 5281 999 5336 5.
1067 5285 1110 5316 ⁸⁷
1131 5284 1283 5339 Joan.
1312 5301 1417 5350 xw,
1449 5286 1500 5339 6.
1575 5283 1621 5315 ⁸⁸
1647 5284 1799 5336 Deut.
1837 5298 2023 5339 xxvut.

2113 5283 2157 5315 θ’
2188 5284 2320 5339 Gen.
2352 5299 2461 5338 ιιι.
2535 5286 2579 5317 ⁹⁰
2607 5284 2737 5341 Luc.
2767 5300 2843 5348 Ix,
2869 5283 2955 5335 62.
3027 5282 3072 5313 ἰ
3097 5280 3227 5331 Luc.
3266 5292 3396 5346 xvu,
3425 5279 3514 5331 52.

1997 5445 2089 5497 ιὶο·
2126 5443 2169 5496 Α
2212 5427 2321 5503 '70:
2350 5445 2381 5493 ι
2417 5443 2636 5508 avulsit,
2662 5440 2909 5501 detraxit,
2934 5430 3292 5496 discalceavit,
3323 5429 3368 5483 si
3395 5429 3523 5499 jun-

1995 5520 2146 5584 gatur
2171 5527 2289 5566 cum
2309 5510 2504 5565 calceo.
2537 5529 2555 5561 ι

3132 5670 3211 5726 32
