3806 6286
180 327 206 378 1
218 326 321 380 ὓοὸ

170 442 304 495 bilis
341 438 578 505 languor,
615 446 780 502 neque
811 432 1063 486 cadamus
1090 433 1381 480 retrorsum
1412 418 1549 475 sicut
1575 414 1708 475 lleli,

181 541 237 584 et
265 530 569 583 moriamur.

253 622 304 674 7.
340 619 423 671 lbi
454 627 629 670 autem
662 618 814 665 erant
846 611 948 664 duo
1007 605 1095 659 ﬁlii
1130 603 1266 658 Heli.
1300 600 1412 655 Heli
1444 598 1519 669 (l)
1552 598 1714 651 inter-

185 716 421 776 pretatur
463 698 647 763 Arabs,
686 702 798 753 sive
826 697 1104 752 extrarius.
1158 691 1434 745 Extrarius
1463 687 1657 756 quippe
1686 700 1714 736 a

185 801 295 855 Deo
335 808 415 851 est
439 797 528 865 qui
570 810 668 845 non
711 798 851 845 tenet
886 785 1245 852 disciplinam,
1280 781 1370 848 qui
1400 778 1714 844 delinquen-

188 900 293 941 tem
327 862 486 939 lilium
523 896 626 935 non
657 880 904 945 castigat,
940 888 1042 925 non
1081 869 1318 937 corripit,
1347 874 1404 918 ut
1424 862 1670 918 emendet
1698 875 1712 911 :

187 978 277 1046 qui
328 974 563 1041 indulget
591 969 753 1032 vitiis,
781 967 870 1035 qui
903 962 1093 1017 delicta
1140 973 1245 1013 non
1287 954 1469 1025 punit,
1499 952 1640 1006 sicut
1664 957 1718 1001 et

188 1039 469 1135 Apostolus
482 1039 616 1115 dicit
638 1060 683 1091 θ’
711 1075 723 1111 :
749 1074 767 1103 ς
787 1054 934 1121 Quod
961 1052 1003 1106 si
1029 1059 1180 1104 extra
1206 1043 1537 1113 disciplinam
1565 1039 1716 1100 estis,

186 1129 341 1220 cujus
368 1151 660 1220 participes
686 1147 810 1201 tacti
843 1150 968 1197 sunt
994 1153 1202 1202 omnes,
1249 1148 1376 1203 ergo
1406 1129 1716 1193 adulterini,

188 1252 241 1294 ct
272 1255 377 1295 non
412 1238 504 1292 ﬁlii
533 1238 685 1291 estis.
715 1253 731 1284 ι
775 1231 881 1284 Iste
918 1238 1001 1283 est
1031 1242 1157 1296 ergo
1200 1225 1338 1289 Heli,
1377 1222 1467 1289 qui
1501 1225 1720 1289 propter

187 1335 300 1384 haec
328 1330 544 1397 punitur
574 1341 602 1378 a
638 1325 762 1376 Deo.
812 1318 1095 1371 Videamus
1145 1323 1319 1367 autem
1365 1311 1453 1377 qui
1503 1314 1625 1361 sunt
1666 1311 1721 1357 et

190 1423 283 1476 lilii
331 1421 466 1489 ejus.
513 1415 708 1484 Opbni,
744 1411 938 1481 inquit,
967 1417 1019 1462 et
1055 1407 1304 1460 Pltinees.
1338 1401 1720 1466 Interpretatur

190 1486 372 1564 autem
393 1505 566 1574 Opltni
591 1516 825 1556 excessus
852 1494 1192 1552 conversionis
1210 1490 1304 1559 (2).
1333 1488 1404 1542 De
1434 1486 1720 1539 Phenenna

189 1608 364 1652 autem
413 1592 575 1662 paulo
603 1598 725 1642 ante
754 1586 987 1641 diximus
1027 1581 1166 1650 quod
1205 1587 1349 1632 esset
1397 1571 1717 1628 conversio:

191 1686 279 1739 llic
307 1660 479 1736 autem
518 1678 605 1745 qui
644 1672 874 1736 excedit,
905 1678 958 1723 et
997 1670 1153 1735 longe
1199 1664 1423 1718 ellicitur
1446 1660 1512 1712 ab
1538 1669 1719 1710 emen-

191 1771 426 1830 datione,
463 1779 563 1818 nec
597 1759 836 1816 converti
866 1756 975 1809 vult
1007 1755 1071 1806 ad
1101 1750 1413 1808 Dominum,
1438 1750 1719 1812 propterea

191 1859 382 1925 impius
417 1858 711 1922 permanet.
751 1848 855 1902 Sed
885 1853 938 1899 et
977 1841 1281 1911 quicunque
1308 1834 1396 1887 ille
1420 1841 1533 1892 est,
1562 1840 1719 1896 quem

189 1950 433 2003 videmus
459 1952 578 2013 post
605 1947 880 2010 peccatum
913 1948 1015 1987 non
1041 1925 1278 1982 converti
1311 1922 1376 1976 ad
1417 1918 1718 1978 Dominum,

185 2050 246 2094 et
277 2050 436 2106 agere
468 2029 858 2102 pmnitentiam,
890 2037 988 2076 nec
1024 2021 1257 2085 recipere
1284 2011 1527 2066 meritum
1560 2006 1719 2059 futuri

187 2095 393 2197 judidii,
430 2095 483 2176 et
511 2118 658 2174 verbi
688 2116 851 2170 divini
893 2106 1247 2179 prmcipientis
1277 2119 1289 2154 :
1315 2121 1332 2152 ι
1358 2097 1600 2166 Nunquid
1630 2095 1720 2161 qui

184 2191 359 2280 cadit,
392 2227 494 2267 non
533 2207 745 2275 adjiciet
773 2211 831 2257 ut
857 2197 1143 2266 resurgat?
1176 2195 1279 2247 Aut
1308 2191 1394 2260 qui
1436 2198 1724 2243 conversus

192 2315 296 2368 est,
320 2318 425 2357 non
452 2295 788 2353 revertetur?
819 2312 837 2343 ι
872 2299 1014 2344 recte
1034 2297 1085 2340 et
1106 2287 1173 2339 de
1202 2285 1315 2351 ipso
1341 2280 1566 2334 dicimus
1596 2275 1724 2343 quia

195 2397 260 2448 sit
295 2391 490 2460 Ophni,
532 2395 586 2442 et
623 2383 886 2439 excedens
919 2394 946 2431 a
981 2373 1347 2432 conversione.
1375 2368 1478 2422 Sed
1508 2375 1561 2417 et
1590 2365 1726 2416 alius

196 2481 340 2534 lilius
371 2477 485 2545 ejus
515 2473 711 2528 dicitur
743 2469 995 2523 Phineas.
1029 2464 1175 2516 Duos
1201 2458 1449 2513 novimus
1482 2455 1534 2506 in
1582 2451 1728 2506 Scri-

195 2567 368 2638 pturis
400 2541 500 2618 lloc
518 2560 732 2615 nomine
758 2556 1063 2626 appellatos,
1080 2549 1330 2615 Plaincem
1351 2546 1494 2598 illum
1519 2541 1725 2622 justum

194 2614 370 2712 λιι-οη
401 2614 609 2716 lilium,
640 2656 696 2704 et
723 2614 864 2702 hunc
891 2614 1142 2711 iniustum
1187 2636 1352 2689 tilium
1401 2631 1537 2685 Heli.
1580 2614 1729 2684 Unde

197 2759 251 2802 et
282 2750 646 2814 competenter
674 2737 805 2790 duas
838 2731 994 2800 hujus
1011 2727 1239 2783 nominis
1261 2719 1729 2790 interpretationes

198 2809 517 2890 invenimus.
554 2825 837 2896 Signiﬁcat
867 2820 1009 2874 enim
1049 2816 1276 2870 Pbinees
1310 2811 1363 2863 in
1413 2809 1591 2875 lingua
1628 2818 1728 2859 no-

199 2935 331 2989 stra,
359 2922 462 2978 aris
514 2916 794 2978 obturatio,
844 2911 929 2966 vel
966 2909 1044 2962 ori
1092 2919 1304 2974 parcens
1334 2899 1431 2969 (ὅ).
1472 2897 1731 2952 Peccator

1618 293 1933 353 ORIGENIS

1740 409 1915 468 Alme
1947 408 2206 470 dicimus,
2234 402 2396 474 quod
2447 402 2500 456 is
2550 398 2654 469 qui
2710 396 2849 450 Deo
2911 391 3243 445 oﬁertur

2234 402 2396 474 quod
2447 402 2500 456 is
2550 398 2654 469 qui
2710 396 2849 450 Deo
2911 391 3251 445 οϐει-ιιιι-
3294 396 3507 455 puer,
3558 389 3724 435 ante

3538 261 3719 316 10³34

1815 497 1996 552 oﬂ‘erri
2031 511 2140 549 non
2169 472 2375 564 pot—uit,
2405 504 2583 562 quam
2614 485 3093 556 depelleretur
3126 488 3172 525 a
3206 477 3444 527 lacte.
3476 472 3555 524 In
3586 485 3723 539 quo

1816 587 2127 639 ostenditur
2148 558 2478 638 consecrari
2511 581 2632 634 Deo
2658 573 3004 630 neminem
3046 576 3295 635 posse
3325 558 3459 629 qni
3498 561 3723 613 adhuc

1820 676 1958 729 lacte
1989 675 2178 736 alitur,
2207 679 2267 726 et
2300 685 2445 738 puer
2484 675 2578 722 est
2610 664 2946 721 sensibus,
3018 664 3279 720 atque
3317 660 3588 715 expers
3624 655 3728 698 est

1819 764 2091 819 sermonis
2112 761 2373 830 iustitia),
2401 772 2509 810 nec
2534 749 2975 811 sacerdotalia
3013 747 3292 814 potest
3333 748 3727 808 procurare

1818 861 2165 907 sacramenta
2199 850 2304 903 nisi
2352 848 2598 902 desistat
2642 859 2675 897 a
2720 838 3196 910 puerilibus,
3244 837 3330 885 et
3384 828 3459 880 in
3512 825 3728 895 majus

1822 943 2079 996 ascendat
2124 940 2194 993 ab
2248 938 2334 991 his
2371 937 2584 1005 quibus
2636 928 3013 999 Apostolus
3094 922 3302 977 dicit
3348 917 3416 951 "
3463 938 3481 972 :
3523 935 3549 968 ι
3595 914 3725 970 Lac

1821 1033 1975 1087 vobis
2014 1039 2203 1099 potum
2231 1028 2384 1093 dedi,
2428 1041 2541 1079 non
2576 1037 2818 1077 escam.
2864 1015 3241 1072 Nondum
3288 1010 3501 1066 enim
3542 1018 3727 1076 pote-

1821 1097 2033 1176 ratis.i
2080 1118 2341 1186 Alioquin
2396 1113 2721 1170 secundum
2775 1111 3122 1164 litteram
3190 1100 3387 1171 quid
3458 1097 3725 1153 videtur

1820 1224 2001 1278 operae
2026 1210 2192 1279 pretii
2223 1206 2524 1276 puerulum
2559 1216 2760 1270 nuper
2796 1214 2835 1253 a
2884 1199 3094 1251 lacte
3136 1193 3547 1262 depulsum
3597 1191 3725 1243 Deo

1821 1301 2032 1363 oﬂ'erri,
2061 1299 2150 1352 ubi
2183 1312 2292 1351 non
2327 1303 2514 1349 mater
2568 1291 2901 1354 intererit,
2948 1300 3116 1341 non
3160 1282 3513 1337 nutrices
3540 1279 3723 1334 fove-

1819 1390 1978 1453 bunt,
2023 1401 2204 1456 neque
2229 1385 2508 1440 educandi
2541 1382 2714 1453 pueri
2771 1380 3110 1438 aderunt.
3160 1373 3325 1427 ulla
3367 1371 3723 1427 subsidia?

1823 1479 1929 1533 Sed
1961 1477 2086 1532 vide
2124 1476 2252 1546 quia
2286 1474 2606 1544 Scriptura:
2633 1485 2853 1525 sermo
2893 1470 3001 1521 ita
3052 1475 3303 1534 aptus
3334 1470 3480 1525 est,
3524 1469 3602 1515 ut
3646 1460 3722 1512 ti-

1822 1566 2085 1637 guraliter
2129 1566 2327 1620 doceat
2371 1563 2528 1632 quod
2572 1560 2783 1616 omnis
2836 1558 2966 1628 qui
3039 1556 3313 1625 primo
3364 1553 3459 1606 ad
3527 1552 3719 1605 ﬁdem

1824 1655 2183 1719 convertitur,
2211 1654 2356 1708 lacte
2384 1662 2442 1707 et
2477 1667 2593 1706 non
2627 1650 2771 1705 cibo
2797 1648 2976 1704 forti
3031 1646 3321 1706 alitur,
3354 1642 3452 1696 de
3480 1642 3722 1713 quibus

1824 1748 1876 1801 in
1905 1747 2075 1802 altero
2110 1746 2230 1799 loco
2257 1745 2466 1799 dicitur
2493 1743 2586 1797 ’δε
2622 1759 2644 1791 ‹
2678 1742 2757 1794 Ει
2796 1738 3059 1794 eﬂ‘ecti
3100 1736 3358 1808 5.86
3399 1737 3579 1791 estis
3610 1736 3718 1805 qui

1823 1837 1965 1891 lacte
1997 1835 2272 1904 indigetis,
2308 1843 2366 1887 et
2423 1848 2539 1886 non
2591 1831 2733 1887 cibo
2785 1830 2994 1884 forti.
3065 1829 3465 1896 Quoniam
3505 1828 3721 1880 omnis

1822 1927 1915 1996 qui
1953 1927 2092 1981 lacte
2130 1925 2319 1988 alitur,
2374 1924 2600 1978 alienus
2660 1930 2761 1977 est
2818 1935 2863 1974 a
2934 1932 3337 1975 sermone
3412 1918 3713 1989 iustitia.

1824 2015 2091 2068 Parvulus
2122 2023 2208 2068 est
2236 2014 2411 2067 ettim.
2447 2012 2887 2067 Perfectorum
2939 2019 3077 2064 est
3143 2009 3375 2064 cibus
3439 2008 3713 2070 solidus,

1824 2104 1914 2173 qui
1950 2117 2051 2172 pro
2096 2101 2469 2171 possibilitate
2525 2099 2813 2153 sumendi
2892 2099 3402 2153 exercitatos
3475 2097 3713 2151 habent

1788 2207 2018 2247 .sensus
2064 2192 2131 2244 ad
2175 2191 2577 2244 discretionem
2617 2189 2765 2241 boni
2812 2202 2903 2241 ac
2944 2186 3182 2241 mali.
3217 2204 3246 2237 ι
3298 2186 3530 2256 Igitur
3568 2187 3709 2255 qui-

1825 2294 2040 2351 cunque
2060 2296 2090 2333 a
2115 2279 2257 2333 lacte
2285 2280 2533 2333 nondum
2565 2278 2956 2348 depellitur,
3003 2278 3155 2332 sed
3202 2276 3558 2347 parvulus
3588 2287 3700 2344 est,

1825 2385 1931 2423 non
1976 2375 2155 2437 potest
2198 2369 2508 2421 ascendere
2570 2367 2646 2419 ad
2706 2367 3071 2435 templum
3171 2366 3522 2433 Domini,
3587 2382 3709 2420 non

1826 2466 2002 2527 potest
2035 2457 2343 2511 ascendere
2366 2457 2435 2509 ad
2461 2454 2815 2509 ministeria
2846 2456 3406 2521 sacerdotum,
3447 2471 3574 2511 nec
3601 2470 3708 2510 sa-

1826 2548 2047 2603 critleiis
2079 2548 2373 2610 interesse,
2400 2546 2501 2600 sed
2530 2560 2604 2599 ne
2633 2553 2853 2600 mater
2895 2546 3235 2615 quidem
3286 2548 3452 2616 ejus
3486 2562 3714 2603 ascen-

1828 2637 1928 2702 dit,
1959 2650 2083 2691 cum
2130 2636 2306 2704 possit
2348 2636 2696 2689 ascendere.
2739 2634 2999 2691 Gratia
3059 2645 3196 2692 est
3248 2639 3455 2693 enim
3506 2650 3713 2697 mater

1828 2729 1945 2796 ejus
1976 2728 2128 2781 Anna
2154 2763 2170 2790 ,
2206 2740 2333 2794 quae.
2363 2736 2560 2780 servat
2593 2737 2658 2781 et
2688 2728 3012 2783 custodit
3068 2745 3262 2786 eum
3324 2742 3406 2787 et
3468 2734 3712 2788 enutrit

1828 2832 1975 2881 eum,
2001 2826 2062 2870 ut
2092 2825 2338 2885 tempore
2357 2825 2691 2884 opportuno
2721 2818 3000 2884 pariter
3048 2834 3241 2876 cum
3278 2822 3442 2891 ipso
3476 2838 3711 2881 Iseon-

1830 2909 1943 2964 dat.
1979 2907 2110 2973 Quae
2141 2920 2263 2959 cum
2307 2906 2517 2961 viderit
2550 2906 2664 2975 ipsi
2703 2910 2959 2964 a'desse
3015 2920 3378 2983 tempus,
3449 2926 3527 2970 ut
3580 2919 3712 2986 iam

200 3027 328 3082 ergo
364 3020 418 3065 et
449 3007 539 3078 qui
583 3002 830 3060 duritiam
880 3011 984 3051 non
1034 2994 1236 3053 liabet,
1288 2989 1354 3042 ad
1408 2983 1797 3082 l-oquendumc
1834 2996 2094 3051 recedens
2123 3009 2154 3049 ε
2183 2995 2329 3049 lacte
2380 2994 2584 3048 solidis
2621 3004 2686 3049 et
2723 2994 3047 3054 fortibus
3093 3002 3303 3057 cibis
3345 2983 3610 3073 una"...
3649 3016 3715 3061 ω

201 3073 505 3158 οὶιῖιιτιιιιιιιι
562 3093 723 3147 habet
771 3103 830 3142 os
872 3100 888 3139 :
925 3085 1099 3153 justus
1131 3093 1256 3135 vero
1290 3076 1459 3145 parcit
1491 3073 1573 3127 ori
1605 3086 1749 3127 suo..

202 3189 473 3254 Hodieque
506 3184 557 3236 in
591 3176 955 3236 sacerdotibus
992 3169 1194 3225 Domini
1236 3166 1464 3219 habetur
1504 3169 1732 3227 uterque

194 3249 451 3335 Phinees,
479 3272 705 3324 habetur
735 3275 790 3318 et
817 3263 1062 3321 Eleazar,
1090 3258 1178 3324 qui
1213 3256 1265 3308 in
1297 3250 1595 3319 Setipturis
1621 3249 1733 3317 pri-

192 3380 321 3418 ~mus
349 3364 630 3429 episcopus
680 3355 984 3410 nominatus
1036 3358 1155 3409 est,
1205 3345 1343 3399 sicut
1392 3343 1444 3395 in
1487 3338 1734 3393 Numeris

202 3427 457 3519 scriptum
488 3427 590 3502 est.
627 3446 765 3499 Sunt
811 3456 939 3510 ergo
976 3437 1243 3504 hodieque
1276 3433 1329 3486 in
1362 3427 1735 3485 sacerdotibus

203 3543 508 3610 quicunque
539 3543 767 3605 parcunt
797 3532 876 3586 ori
907 3545 1022 3589 suo.
1053 3536 1106 3580 et
1131 3524 1308 3580 omnis
1359 3535 1536 3575 sermo
1564 3518 1734 3572 malus

207 3607 539 3698 nequaquam
573 3625 639 3678 de
666 3637 759 3676 ore
786 3632 971 3675 eorum
1018 3614 1276 3684 procedit.
1321 3612 1455 3666 Sunt
1488 3607 1737 3664 sacerdo-

208 3731 286 3773 tes
314 3732 376 3772 ex
405 3729 632 3784 quorum
650 3725 745 3767 ore
778 3709 978 3763 nullum
1002 3703 1334 3766 scandalum,
1364 3700 1567 3754 nullum
1593 3714 1738 3753 men-

206 3806 440 3867 dacium,
464 3800 642 3855 nullus
678 3798 849 3861 dolus,
897 3808 1069 3862 neque
1100 3789 1309 3844 falsitas
1335 3787 1441 3840 ulla
1471 3786 1739 3855 depromi—

208 3903 316 3958 tur,
346 3900 399 3945 et
431 3890 521 3943 iSti
555 3887 746 3941 merito
781 3884 1010 3938 Phineas
1055 3881 1130 3935 illi
1161 3880 1337 3934 Aaron
1382 3878 1493 3931 tilio
1526 3890 1740 3943 compa-

210 3989 415 4035 rantur.
453 3977 587 4031 Snnt
618 3984 792 4027 autem
825 3972 986 4039 aliqui
1020 3978 1075 4023 et
1105 3968 1395 4024 secundum
1427 3967 1588 4020 istum
1615 3961 1741 4017 Phi-

213 4083 363 4123 neem
395 4065 507 4119 lleli
547 4063 709 4115 tilium
736 4061 1064 4121 sacerdotes,
1101 4059 1194 4126 qui
1222 4059 1524 4113 obturatum
1553 4070 1616 4109 os
1647 4056 1743 4107 ha-

208 4158 357 4220 bent,
390 4154 504 4208 sive
535 4148 815 4218 imperitiee
843 4148 996 4210 vitio,
1036 4147 1150 4201 sive
1180 4145 1507 4200 conscientia
1555 4158 1742 4211 pecca-

213 4255 410 4299 torum.
454 4241 559 4295 Sed
589 4241 688 4293 ltoc
715 4247 794 4291 est
823 4237 963 4306 quod
997 4236 1274 4304 deprecor,
1319 4244 1379 4288 ut
1421 4234 1465 4288 si
1502 4235 1625 4302 quis
1658 4242 1744 4287 est

213 4333 303 4400 qui
355 4333 408 4384 in
460 4326 841 4383 sacerdotalem
891 4326 1130 4380 ordinem
1182 4338 1241 4379 se
1291 4325 1516 4379 ascitum
1554 4325 1735 4386 videt,

215 4419 469 4483 satisagat
491 4416 775 4470 eruditioni
802 4423 849 4468 et
878 4413 1233 4468 emendationi
1262 4427 1481 4481 operam
1508 4413 1657 4475 dare,
1689 4420 1744 4464 et

217 4503 601 4565 festinetelliei
647 4505 711 4555 de
749 4504 844 4581 illo
889 4515 1109 4554 numero
1144 4503 1446 4566 beatorum,
1499 4515 1567 4556 ne
1608 4500 1745 4555 forte

216 4591 521 4650 inveniatur
542 4604 605 4644 ex
634 4588 748 4641 istis
772 4588 1136 4642 sacerdotibus
1162 4588 1251 4656 qui
1287 4598 1342 4643 et
1387 4589 1747 4659 reprobantur

216 4695 270 4738 et
304 4683 598 4751 puniuntur
624 4691 657 4728 a
688 4674 815 4729 Deo.

284 4772 337 4825 8.
363 4769 466 4822 Sed
490 4776 694 4832 tempus
723 4771 802 4815 est
821 4763 928 4831 jam
952 4772 1011 4817 et
1039 4765 1104 4816 de
1122 4764 1366 4819 oratione
1381 4767 1566 4834 Annae,
1583 4782 1742 4836 quam

214 4860 454 4932 profudit
488 4854 717 4910 oli‘erens
759 4852 864 4907 Deo
894 4852 1216 4916 Samuelem,
1240 4867 1395 4921 quem
1430 4871 1458 4908 a
1488 4859 1629 4912 lacte
1653 4860 1748 4912 de-

1827 3085 2071 3153 possitet
2091 3083 2470 3138 sacerdotibus
2502 3084 2836 3149 interesse,
2872 3097 2952 3142 et
3030 3090 3145 3146 de
3230 3094 3492 3152 altaris
3527 3098 3716 3152 edere

1830 3173 2136 3235 sacriﬁciis,
2170 3182 2299 3225 tunc
2335 3185 2463 3226 eum
2497 3172 2620 3226 Deo
2673 3186 3101 3233 consecrat.
3150 3180 3350 3237 Vide
3392 3185 3451 3237 si
3491 3186 3557 3238 in
3591 3184 3714 3239 alio

1830 3262 1951 3314 loco
1982 3261 2034 3312 in
2061 3260 2362 3327 Scriptnris
2387 3261 2616 3315 sanctis
2642 3261 2909 3319 invenis
2949 3266 3394 3336 significari
3425 3273 3709 3343 aliquem

1833 3365 1861 3400 a
1897 3348 2034 3401 laete
2067 3347 2370 3414 depulsum.
2396 3346 2515 3413 Ego
2551 3355 2793 3413 tamen,
2826 3365 3223 3418 quantum
3276 3361 3369 3413 ad
3414 3377 3705 3430 praesens

1834 3433 2094 3487 memoria
2136 3432 2402 3501 suggerit,
2438 3432 2603 3487 Isaac
2640 3437 2922 3489 memini
2967 3456 2987 3490 :
3038 3441 3148 3495 de
3193 3458 3350 3512 quo
3389 3447 3708 3514 εει-ίριηω

1834 3532 1916 3578 εει
1942 3524 2026 3589 ⁸⁵,
2058 3524 2202 3592 quod
2239 3523 2561 3577 convivium
2605 3540 2929 3594 maguum
2988 3530 3197 3588 fecit
3236 3538 3599 3593 Abraham
3633 3555 3706 3594 ea

1834 3613 1922 3666 die
1950 3625 2054 3680 qua
2085 3626 2116 3664 a
2142 3611 2282 3698 lacte
2314 3610 2588 3679 depulsus
2622 3622 2717 3666 est
2758 3614 2968 3672 Isaac
3017 3621 3248 3680 [ilius
3284 3642 3491 3683 suus.
3524 3629 3703 3698 Apud

1838 3699 2086 3795 nomines
2121 3697 2343 3795 quidem
2396 3698 2607 3795 seculi
2638 3699 2835 3768 hujus
2886 3720 3283 3773 parentes
3322 3716 3557 3772 solent
3586 3697 3708 3772 ina-

1839 3784 1996 3839 talem
2017 3782 2159 3837 diem
2188 3781 2473 3837 celebrare
2530 3783 2801 3840 filiorum
2844 3804 2865 3842 :
2906 3793 3327 3855 Abraham
3373 3818 3545 3861 vero
3588 3822 3705 3862 nou

1838 3876 2079 3970 ςθιευτθι
2106 3869 2345 3970 “Ξ¹¹³¹¹ῗ¹¹3
2374 3871 2524 3970 die"
2557 3872 2729 3970 Isaac
2760 3877 2883 3932 ιίιίε
2923 3884 3089 3950 sui.
3127 3891 3271 3945 sed
3310 3894 3509 3949 ειιιιι..
3538 3899 3701 3950 diem

1839 3962 2035 4016 festum
2065 3959 2286 4041 agit,_et
2319 3957 2533 4013 laetitiae
2581 3961 2874 4031 deputat.
2962 3981 3049 4027 et
3119 3982 3476 4040 convivia
3537 3985 3703 4041 cele-

1839 4050 2139 4149 brat,ne-um
2171 4036 2293 4149 eum
2327 4046 2538 4149 alacte
2563 4050 2850 4149 .depellit
2872 4096 2896 4122 ,
2946 4070 3029 4115 et
3080 4068 3185 4122 ad
3225 4036 3476 4129 cibo;
3506 4036 3706 4131 τε]ἓῷ

1842 4148 1898 4193 et
1919 4137 2119 4192 solidos
2139 4135 2398 4202 applicat,
2414 4138 2579 4205 quasi
2604 4140 2653 4193 si
2678 4155 2792 4208 per
2826 4145 2991 4203 haec
3031 4154 3347 4215 diceret
3382 4162 3580 4221 Isaac
3607 4166 3701 4222 ":

1849 4232 2038 4328 :Cltm
2070 4229 2249 4284 factus
2285 4246 2408 4328 sum
2435 4232 2545 4296 vir,
2582 4238 2847 4302 deposui
2874 4256 3052 4311 qua:
3086 4265 3323 4310 erant
3351 4263 3613 4328 parvuli
3675 4282 3700 4317 ι

1845 4322 2069 4390 Oportet
2116 4334 2247 4388 ergo
2284 4319 2450 4374 talem
2487 4336 2622 4378 esse
2663 4326 2840 4383 hunc
2893 4337 3031 4401 qui
3091 4319 3425 4403 oﬂ’ennr
3474 4352 3607 4408 Deo
3637 4362 3709 4409 ut

1849 4413 2057 4510 habitat
2088 4413 2141 4463 in
2165 4411 2400 4510 “quis,
2427 4411 2528 4479 qui
2555 4417 2745 4510 ῐῖοδδὶι
2772 4425 2975 4478 νθδθί
3016 4438 3396 4495 carnibus
3431 4446 3705 4510 sanctiS.

1849 4503 1914 4554 de
1937 4500 2135 4554 auibus
2156 4499 2423 4554 scriptum
2455 4512 2549 4554 est
2576 4504 2625 4535 ³⁷
2655 4521 2673 4554 :
2708 4522 2731 4554 σ
2767 4505 3026 4554 Sanan:

1849 4505 1914 4554 de
1975 4505 2135 4553 uibus
2185 4505 2260 4551 eri
2576 4505 2625 4535 ³⁷
2657 4521 2673 4536 ο
3010 4518 3026 4530 ·
3689 4505 3700 4510 ⁷

1849 4515 2057 4644 ductilis
2086 4509 2423 4644 ρΩξωὲἓιζιιιι
2455 4512 2549 4557 est
2655 4544 2673 4560 .
2708 4522 2731 4557 s
2766 4505 3390 4585 Sanctiﬁcamini
3429 4541 3506 4587 ut
3529 4548 3708 4588 man-

1890 4770 2068 4830 ratia,
2107 4779 2408 4824 consecrat
2469 4773 2609 4828 Deo.
2666 4774 2925 4830 Novum
2980 4794 3117 4830 nn:

1890 4773 2023 4823 ratia
2053 4807 2068 4830 ,
2107 4779 2408 4824 consecrat
2594 4811 2609 4826 .
2785 4795 2800 4807 ο
3097 4794 3117 4808 .
3455 4773 3468 4778 -

1852 4782 2144 4956 grinc‘ipiis‘
2179 4859 2315 4928 ipsis
2368 4773 3602 4956 sbsgfsabxdzmagtuigni???

215 4949 453 5018 pulerat,
491 4955 655 5011 pauca
704 4954 1014 4995 memorare.
1060 4940 1120 4993 ln
1155 4954 1259 5006 qua
1310 4943 1483 5009 primo
1532 4947 1746 5011 quidem
1854 4949 2038 5003 oravit
2065 4950 2244 5010 Anna,
2277 4957 2337 5004 et
2369 4951 2542 5007 dixit.
2575 4972 2597 5006 ι
2638 4957 2711 5012 Et.
2744 4976 3096 5036 nusquam
3140 4940 3340 5042 ἐξὲξ
3490 4940 3510 4954 ⁵
3564 4940 3585 4952 “
3622 4940 3702 5050 ἓ

3372 4995 3575 5050 quasi

3372 4995 3575 5060 quasi

321 5061 366 5091 οι
403 5056 574 5127 ηεξΙηὶ
605 5067 701 5127 in,
728 5052 779 5111 8,
853 5056 897 5088 ³³
931 5055 946 5109 l
981 5057 1108 5112 Cor.
1139 5065 1222 5114 ιιι,
1250 5051 1305 5104 2.
1379 5053 1424 5084 ”
1464 5055 1595 5110 Heb.
1627 5060 1792 5127 v,12,
1822 5084 1824 5090 ι

605 5067 701 5127 xtl,
728 5052 779 5111 8.
853 5056 897 5088 ⁵³
931 5055 946 5109 l
981 5057 1108 5112 Cor.
1139 5065 1222 5114 ιιι,
1250 5051 1305 5104 2.
1379 5053 1424 5084 ”
1464 5055 1595 5110 Heb.
1627 5060 1792 5127 v,12,
1822 5061 1912 5125 l5,
1948 5060 2035 5115 M.

215 5145 290 5192 ιι,
315 5127 399 5181 l8.

277 5264 356 5343 (1,)
384 5260 525 5341 Helia
552 5259 941 5343 elo-.Hebraice
978 5257 1244 5343 scribitur
1258 5237 1589 5343 2unde
1616 5271 1754 5326 quo-

212 5325 369 5451 ἓξὲξ
396 5330 509 5384 erui
538 5330 710 5397 possit
756 5355 774 5390 ι
797 5325 950 5400 ambs
970 5325 997 5398 ί
1017 5325 1151 5399 sive
1205 5342 1223 5375 t
1253 5325 1520 5379 extrarius
1546 5364 1563 5391 ,
1600 5343 1620 5377 ι
1646 5339 1753 5382 non

492 5123 577 5176 ’⁸1
604 5121 734 5191 Reg.
797 5142 835 5189 ι,
879 5126 963 5182 Η.

2128 5061 2175 5094 η
2205 5061 2352 5118 Gen,
2394 5082 2523 5123 χιι,
2613 5071 2710 5127 θοι
2754 5072 2905 5132 Cor.
2951 5098 3126 5156 xm,
3172 5094 3304 5154 11.

3408 5105 3471 5137 ’⁷
3505 5106 3698 5165 Num.

1862 5279 1885 5312 ε
1926 5266 2187 5334 respexit,
2219 5272 2528 5328 convertit.
2555 5291 2578 5328 ι

1935 5332 2335 5404 (Io—Significat
2363 5342 2518 5396 enim
2557 5343 2791 5401 Phineu
2825 5347 2891 5402 in
2924 5350 2950 5404 Ι

1867 5370 2891 5478 οδὶμζοιὶἷίὲῒνῖ’;›⁸ἇ’ἔεῖνέἷς”.“ῖῖἒὲι“
2905 5370 3129 5478 ἔξ.ῗῖ
3136 5380 3370 5478 ξιῑξξς

2196 5370 2198 5387 ,
2226 5370 2312 5390 η..

2196 5370 2266 5461 έει
2295 5370 2891 5478 ἐτῖ¹ἧ⁶ἆ’ἔεῖνέἷς’.“ῖῖἒὲι“
2905 5370 3078 5478 ι’ἒξῖξ
3075 5377 3129 5478 ζ’
3136 5380 3479 5478 1.12;"?

282 5423 382 5451 ιῦυ.

282 5454 371 5554 5?).
390 5462 765 5554 lacerentur
802 5497 964 5553 autem
1007 5460 1207 5554 οριιηὲ
1250 5475 1489 5554 fifff‘“

2195 5423 2384 5538 ιςπζνξ
2776 5423 2863 5480 τω
2905 5436 2930 5472 t
2960 5423 3105 5484 οἱ)
3146 5445 3225 5493 et
3436 5423 3477 5498 ἶ

220 5531 262 5582 ⁸,
282 5473 355 5542 (2)
390 5473 765 5534 Interpretatur
802 5497 964 5553 autem
1007 5473 1207 5554 opimi
1258 5475 1489 5514 excessus
1538 5474 1723 5513 comm

248 5545 391 5589 tants.
413 5530 565 5591 Forte
579 5538 644 5595 ab
660 5550 768 5621 mn
795 5579 812 5615 ε
835 5565 990 5641 cum,
1008 5569 1101 5623 ws
1112 5544 1231 5598 ius,
1248 5542 1510 5594 excessus,
1536 5545 1554 5578 ι
1576 5537 1631 5582 et
1652 5538 1723 5590 ru?

1227 5571 1231 5592 ’
1248 5475 1510 5594 3:333;
1863 5483 2031 5540 ravn,
2064 5493 2082 5526 ι
2115 5473 2199 5531 vel
2224 5483 2331 5538 D'tn
2363 5496 2384 5531 ι
2408 5483 2688 5552 pepercit.
2709 5502 2730 5537 ι
