3806 6210
260 214 413 272 1005

1372 228 1439 282 ΙΝ
1477 228 1728 284 LIBRUM
1765 228 1995 285 REGUM
2033 227 2308 281 HOMILIA
2345 229 2384 282 Ι.

3289 226 3425 282 1006

252 328 439 383 Deum
473 338 716 387 orantem
754 333 991 400 invenio,
1025 335 1112 390 vel
1160 335 1462 404 loquentem
1486 374 1506 401 ,
1552 338 1652 393 nisi
1708 353 1802 406 per
1830 340 1877 394 Α
1902 334 2120 387 sterium
2173 335 2461 387 docebatur
2488 373 2502 397 ,
2533 347 2675 401 cum,
2705 332 2881 403 Moyse
2928 333 3166 389 elevante
3192 349 3379 388 manus
3406 374 3424 401 ,

251 417 373 472 duo
411 427 618 472 tantum
662 421 824 474 verba
848 460 865 484 ,
911 424 999 478 ubi
1039 426 1169 479 dicit
1194 427 1275 478 ’σε
1314 442 1332 476 t
1368 424 1567 479 Laelata
1604 440 1717 481 sum
1750 426 1799 477 iu

248 504 489 558 salutari
515 514 624 569 tuo,
659 524 678 558 ι
706 517 762 562 et
785 509 927 563 aliud
964 526 978 564 :
1011 529 1030 563 ι
1058 511 1192 577 Quia
1226 527 1330 566 non
1359 524 1443 567 est
1469 523 1659 582 praeter
1691 521 1796 567 te.»

244 588 479 646 Initium
507 603 687 647 autem
718 597 798 651 sic
842 599 1004 653 habet
1035 618 1049 654 :
1086 618 1109 652 ι
1140 602 1437 656 Exsultavit
1486 618 1579 657 cor
1625 619 1798 656 meum

246 678 305 733 in
339 682 590 736 Domino.
613 702 631 733 ι
659 684 773 737 Νοη
798 687 955 749 dixit,
985 688 1282 743 Exsultavit
1314 705 1406 745 cor
1440 706 1612 745 meum
1639 693 1690 744 in
1726 702 1794 745 te.

246 766 309 821 Si
333 770 487 824 enim
511 779 656 825 esset
679 775 873 836 oratio,
909 776 977 827 ita
1017 777 1119 831 dici
1154 792 1484 847 consequens
1514 788 1670 832 erat:
1705 780 1801 832 Ex-

1904 417 2147 471 vincebat
2194 416 2446 483 Israel‘;
2493 418 2804 472 dentittente
2858 435 2982 474 vero
3042 429 3096 474 et
3148 419 3425 488 dejicleute
3506 482 3513 489 ,

1900 504 2145 557 deorsum
2172 545 2186 568 ,
2218 506 2460 558 vincebat
2490 504 2747 560 Amalec?
2788 508 2853 561 Et
2877 511 2920 563 si
2956 528 2975 562 ι
3011 511 3186 564 omnia
3221 512 3332 567 hazc
3361 515 3419 567 (l-

1900 591 2154 656 guraliter
2168 592 2541 659 contingebant
2560 592 2683 656 illis,
2701 595 2897 662 scripta
2917 605 3038 649 sunt
3059 613 3184 652 vero
3206 611 3423 669 propter

1899 692 2015 742 nos,
2040 679 2089 730 in
2122 694 2255 747 quos
2287 679 2419 734 lines
2445 681 2759 735 Steculorum
2801 683 3124 738 devenerunt
3146 686 3217 739 ⁸.»
3251 686 3424 753 Quare

1897 763 2194 831 intelligere
2227 766 2511 831 debemus,
2554 767 2676 835 quia
2716 767 2883 820 donec
2922 767 3152 825 famulus
3190 773 3283 827 Dei
3315 774 3423 830 ele-

1900 863 1987 905 vat
2023 862 2176 909 actus
2204 869 2327 909 suos
2357 857 2423 908 ad
2451 855 2638 921 Deum,
2668 856 2827 910 vincit
2854 872 2984 925 gens
3019 858 3108 912 Dei
3136 876 3149 911 :
3181 876 3300 913 cum
3330 878 3422 916 au-

241 858 479 913 sultavit
502 875 599 916 cor
620 875 797 914 meum
828 863 880 917 in
910 874 979 918 te.
1003 866 1068 919 Et
1091 867 1281 922 iterum
1302 870 1354 922 in
1377 870 1617 938 sequenti
1642 884 1796 923 versu

239 944 367 1011 ejus
411 947 549 1001 dicit
581 968 593 1003 :
623 968 642 1000 ι
676 951 983 1007 Exaltatum
1017 964 1099 1010 est
1128 971 1292 1011 cornu
1328 972 1499 1013 meum
1531 959 1583 1011 in
1617 959 1742 1014 Deo.
1773 978 1792 1010 ι

241 1031 363 1086 Νοη
399 1035 542 1089 dixit
576 1056 588 1091 :
622 1038 920 1094 Exaltatum
950 1054 1033 1097 est
1062 1059 1223 1099 cornu
1248 1059 1419 1099 meum
1448 1046 1499 1099 in
1526 1054 1593 1111 te,
1620 1048 1712 1101 sed
1745 1051 1794 1101 in

240 1120 382 1174 Deo.
425 1138 447 1172 ι
474 1121 769 1178 Dilatatttm
802 1138 882 1181 est
907 1144 968 1183 os
1002 1146 1175 1184 meum
1203 1146 1361 1200 super
1387 1134 1647 1198 inimicos,
1674 1135 1796 1203 quia

237 1206 429 1263 lzctata
470 1225 590 1264 sum
623 1213 674 1265 in
705 1216 924 1269 salutari
956 1225 1065 1272 tuo.
1097 1236 1115 1268 ι
1151 1219 1330 1284 Unus,
1371 1230 1430 1274 ut
1462 1222 1591 1284 dixi,
1619 1237 1795 1277 sermo

235 1297 557 1351 orationem
589 1303 830 1356 continet
854 1322 867 1358 :
896 1324 914 1356 ι
937 1305 1132 1359 Lzetata
1160 1323 1277 1361 sum
1308 1310 1360 1362 in
1389 1310 1608 1363 salutari
1638 1321 1745 1375 tuo,
1767 1331 1788 1364 ι

233 1392 293 1437 et
324 1384 381 1436 in
420 1390 890 1455 consequentibus
922 1407 1023 1446 non
1053 1394 1181 1446 dicit
1207 1395 1333 1462 quia
1356 1411 1458 1448 non
1479 1407 1561 1450 est
1582 1410 1794 1452 sanctus

231 1471 337 1523 nisi
366 1480 451 1535 tu,
475 1472 593 1533 sed,
624 1489 642 1519 ι
678 1470 793 1523 Non
826 1480 906 1525 est
932 1484 1145 1529 sanctus
1168 1484 1226 1529 ut
1254 1486 1334 1531 est
1366 1478 1634 1545 Dominus,
1668 1501 1685 1533 ι
1714 1494 1786 1549 et,
1890 1471 2100 1537 αυίάειη
2146 1470 2345 1524 Videre”
2392 1486 2481 1527 €35
2529 1490 2738 1528 sursum
2790 1477 3024 1532 είενθῑθε
3051 1520 3065 1541 ν
3121 1479 3279 1535 Ῑενθθι
3336 1484 3414 1536 Vi‘

234 1576 255 1610 ς
290 1558 419 1611 Non
453 1567 539 1612 est
567 1569 763 1626 praeter
806 1569 876 1613 te.
916 1578 934 1611 ι
964 1561 1062 1615 llic
1093 1577 1268 1618 sermo
1293 1581 1400 1621 non
1439 1568 1644 1622 videtur
1674 1586 1781 1624 ser-

1891 1558 2113 1611 ctoriam
2157 1559 2349 1614 daret:
2386 1562 2429 1615 si
2468 1578 2595 1616 vero
2649 1564 2894 1619 deorsum
2950 1566 3180 1634 dcjectas
3205 1608 3221 1634 ,
3259 1569 3419 1643 Ama-

233 1658 396 1698 vasse
417 1649 689 1703 orationis
711 1652 976 1708 ordinem.
1004 1655 1062 1708 In
1095 1656 1397 1713 novissimis
1423 1670 1598 1714 autem
1624 1662 1781 1730 longa

1891 1644 2109 1700 leeitis?
2156 1647 2368 1703 Siccine
2425 1651 2635 1718 dignum
2681 1661 2763 1706 est
2821 1656 2885 1708 de
2945 1658 3117 1710 sancti
3185 1638 3416 1727 Spiritus

232 1733 673 1802 supplicationis
704 1742 903 1805 specie,
932 1741 1093 1795 etiam
1126 1732 1512 1801 commutioues
1535 1750 1781 1816 quasdam

1891 1736 2088 1789 sentire
2136 1738 2513 1792 sermonibus?
2568 1741 2648 1792 An
2696 1741 2822 1795 illud
2885 1746 3060 1812 potius
3127 1749 3413 1814 putandum

231 1823 580 1891 introducit,
631 1827 814 1882 dicens
846 1830 911 1884 ιε
961 1848 981 1880 ι
1013 1830 1185 1886 Nolite
1234 1834 1582 1903 multiplicare
1645 1837 1781 1905 loqui

1891 1832 2013 1887 est,
2058 1826 2195 1890 quod
2238 1824 2407 1878 intura
2462 1827 2513 1881 in
2567 1826 2649 1882 his
2693 1834 2946 1899 mysteria
2986 1837 3416 1903 praeformabat?

228 1912 414 1976 mala,
453 1928 639 1983 neque
666 1926 820 1971 exeat
857 1919 1285 1988 maliloquacitas
1338 1924 1402 1978 de
1444 1939 1538 1979 ore
1574 1937 1781 1991 vestro,

1891 1910 2013 1991 Qua:
2050 1914 2264 1981 quidem
2321 1917 2385 1969 de
2451 1919 2627 1971 crucis
2673 1933 3009 1978 sacramento
3066 1936 3118 1980 et
3170 1926 3415 1983 alﬁxione

224 2002 359 2069 quia
396 2004 572 2059 fortis
608 2006 661 2058 in
703 2008 924 2062 scientia
960 2009 1233 2063 Dominus.
1257 2029 1275 2062 ι
1303 2012 1358 2065 in
1388 2028 1490 2080 quo
1518 2028 1614 2069 nec
1642 2017 1781 2069 vide-

1891 2015 2137 2054 tnanuum
2209 2003 2497 2059 Salvatoris
2560 2008 2778 2077 intelligi
2841 2014 3023 2066 tritutn
3076 2013 3219 2081 jam,
3271 2027 3325 2071 et
3380 2039 3410 2073 a

225 2096 319 2142 tur
339 2088 465 2155 jam
497 2094 567 2145 ad
602 2092 885 2148 Dominum
930 2096 1094 2166 loqui.
1126 2098 1262 2164 Quid
1296 2113 1424 2166 ergo
1454 2101 1691 2157 dicemus
1722 2106 1788 2158 de
1884 2090 2384 2161 487¹¹¹υ¹ῑίδείῐ⁶ῐιθ
2401 2095 3416 2169 ἀῖεεθνιιιῐηθει·δθάίιιιοηῖεηιἱηηονιι-

226 2176 356 2230 his?
385 2178 510 2248 Ego
537 2194 664 2233 cum
699 2181 937 2250 legerem
972 2185 1264 2254 aliquando
1310 2189 1447 2256 apud
1475 2190 1784 2259 Apostolum
1885 2180 1929 2232 ri
1948 2196 2153 2249 semper
2164 2181 2458 2248 jubeturis,
2476 2184 2563 2252 qui
2590 2188 3234 2261 secundutnEvaugelium
3257 2196 3410 2260 vivit,

221 2266 371 2332 quod
400 2265 552 2319 dixit
572 2270 595 2300 ι
625 2286 641 2322 ε
676 2287 695 2319 ε
723 2269 854 2324 Sine
889 2272 1285 2328 intermissione
1313 2286 1493 2339 οωιθ,
1530 2296 1549 2328 ,
1581 2294 1787 2347 quem.
1886 2275 1938 2319 et
1968 2266 2171 2321 Novum
2204 2269 2597 2326 Testamentum
2629 2288 2838 2343 semper
2869 2279 3022 2332 debet
3051 2284 3203 2337 novis
3235 2287 3410 2339 sensi-

222 2348 351 2405 bam
381 2352 435 2406 si
471 2367 802 2425 praeceptum
832 2359 935 2413 hoc
958 2360 1206 2428 possibitc
1234 2372 1373 2417 esset
1401 2365 1624 2434 impleri,
1659 2368 1786 2433 Quis
1884 2354 1985 2408 bus
2022 2356 2292 2424 illustrari,
2328 2368 2382 2412 et
2432 2371 2648 2416 cantare
2698 2365 2920 2421 Domino
2961 2368 3209 2433 iubemur
3235 2376 3411 2429 canti-

220 2439 371 2493 enim
403 2451 596 2510 potest
627 2461 897 2516 nunquam
942 2450 1185 2506 desinere
1223 2456 1288 2509 ab
1319 2457 1591 2522 oratione,
1622 2458 1692 2511 ita
1727 2469 1781 2513 ut

1891 2458 2003 2495 cum
2059 2459 2271 2509 novum,
2315 2455 2367 2499 et
2417 2447 2637 2502 interior
2683 2451 2840 2506 homo
2887 2464 3067 2511 noster
3119 2473 3223 2513 non
3276 2462 3441 2519 dixit'

220 2543 404 2597 neque
440 2531 627 2586 cibum
654 2571 670 2596 ,
717 2550 890 2604 neque
921 2548 1102 2606 ροιηηι
1151 2544 1393 2599 sumendi
1444 2554 1647 2613 tempus
1690 2547 1785 2601 ha,
1883 2530 2077 2586 Paulus
2107 2534 2226 2599 quia
2261 2546 2548 2590 renovatur
2577 2545 2629 2590 et
2663 2541 2827 2605 stetit,
2862 2545 2955 2596 sed
2992 2562 3011 2594 ι
3034 2557 3322 2605 renovatur
3343 2554 3408 2607 de

217 2615 392 2671 beat?
416 2621 630 2689 quippe
662 2638 783 2676 cum
817 2626 861 2678 si
897 2626 1007 2681 haec
1038 2627 1186 2693 ﬁant,
1218 2631 1613 2687 intermittenda
1642 2636 1783 2689 vitle-
1881 2620 1966 2673 die
1993 2620 2045 2674 in
2080 2622 2284 2687 diem"
2307 2640 2325 2673 ⁸
2360 2628 2637 2692 oportebat
2661 2628 2822 2683 etiam
2855 2646 2953 2686 "03
2982 2643 3034 2687 θί
3056 2636 3120 2689 de
3147 2639 3410 2695 οτίηίοπῖθ

218 2713 310 2759 gm-
361 2709 572 2786 οημο,
624 2709 727 2764 δρα
764 2726 863 2765 nec
900 2714 1197 2770 dormiendi
1251 2728 1342 2771 θυι
1393 2720 1589 2788 aliquid
1642 2722 1780 2776 ,ηεαδ
1881 2706 2039 2761 modo
2088 2710 2315 2776 qualiter
2362 2713 2478 2767 sine
2516 2714 2905 2773 intermissione
2949 2726 3202 2780 orandum
3233 2729 3323 2794 sit,
3354 2742 3409 2785 et

218 2792 454 2849 humani
489 2811 624 2850 usus
655 2800 846 2866 agendi
890 2802 1097 2855 veniam
1131 2806 1420 2860 secundum
1466 2808 1604 2862 istud
1646 2824 1782 2877 prte-
1881 2797 1947 2851 de
1988 2797 2284 2853 είθνδιῖοηθ
2333 2816 2603 2868 manuum:
2652 2810 2791 2875 quod
2839 2812 3160 2870 sacriﬁCium
3210 2821 3409 2877 dicitur

216 2892 448 2952 ceptum
480 2887 662 2939 oratio
692 2890 1046 2942 communiter
1094 2890 1358 2946 intellecta
1395 2895 1658 2949 concedit.
1692 2897 1778 2951 Vi-

1891 2888 2256 2953 vespertinum,
2290 2906 2392 2944 non
2428 2893 2595 2946 solum
2640 2896 2850 2951 usitatis
2879 2908 2931 2953 et
2965 2905 3179 2971 attritis,
3217 2910 3310 2963 sed
3342 2921 3400 2966 et

215 2970 452 3028 acamas
468 2989 605 3042 ergo
626 2990 692 3029 ne
714 2975 852 3030 τοτιθ
877 2992 1064 3033 omnes
1088 2989 1236 3035 actus
1263 2981 1377 3050 ejus
1407 2985 1497 3051 qui
1525 2984 1575 3038 in
1599 2986 1778 3041 divino
1808 2970 1847 2980 ’⁷
1880 2972 2265 3062 aliquantulum
2315 2978 2579 3035 innovatis
2635 2983 3044 3044 dissertionibus
3091 2994 3399 3062 explanare.

215 3071 482 3115 versatur
506 3063 709 3128 oilicio,
767 3074 821 3119 et
875 3068 1052 3120 omnia
1084 3078 1229 3137 gesta
1266 3072 1347 3125 vel
1381 3073 1516 3126 dicta
1548 3087 1664 3143 qua:
1694 3090 1781 3129 se-

1948 3060 2033 3115 io.
2066 3060 2348 3118 Videamus
2377 3080 2502 3133 ergo
2532 3069 2655 3136 quid
2694 3070 2801 3136 sibi.
2823 3072 2934 3125 vult
2967 3076 3102 3130 ratio
3148 3060 3247 3134 ista
3281 3096 3408 3136 ora.

216 3149 468 3202 cundum
502 3150 677 3205 Deum
712 3153 847 3220 gerit
878 3162 933 3207 et
971 3154 1123 3218 dicit,
1178 3158 1244 3211 ad
1278 3160 1568 3215 orationem
1600 3177 1780 3230 repor-

1891 3148 2031 3203 tionis
2078 3150 2262 3214 Annae,
2295 3169 2450 3221 quam
2491 3155 2533 3208 si
2588 3156 2955 3227 didicerimus,
3005 3164 3252 3220 similiter
3299 3168 3408 3225 for-

215 3245 430 3293 tentur.
464 3240 524 3293 Si
565 3242 712 3294 enim
747 3242 919 3296 oratio
951 3244 1052 3297 hoc
1083 3245 1251 3299 solum
1283 3247 1609 3317 intelligatur
1636 3252 1776 3317 quod

1891 3238 2035 3291 tassis
2065 3247 2115 3292 et
2134 3254 2228 3293 nos
2260 3256 2413 3296 orare
2444 3248 2754 3311 poterimus.
2782 3264 2800 3297 ι
2826 3247 3142 3320 Exsultavit,
3167 3256 3405 3325 inquit',

213 3330 596 3382 communiter
653 3331 875 3395 scimus,
933 3346 1103 3399 neque
1137 3337 1287 3387 Anna
1347 3336 1398 3388 in
1463 3338 1545 3390 his
1601 3339 1777 3394 verbis
1877 3339 1970 3378 (ὌΓ
2030 3340 2204 3380 meum
2248 3328 2300 3381 ίη
2348 3331 2630 3385 Domino”
2673 3331 2987 3393 Necessario
3034 3343 3274 3401 addidit:
3306 3349 3402 3403 «Ιιι

212 3429 413 3471 orasse
440 3417 739 3482 videbitur,
772 3430 824 3473 et
854 3436 1120 3489 nunquam
1146 3423 1558 3493 ullusjustorum
1585 3441 1776 3481 secun-

1891 3416 2118 3470 Domino.
2142 3436 2161 3468 ι
2216 3418 2307 3472 Est
2340 3421 2481 3473 enim
2514 3424 2795 3477 exsultatio
2819 3442 2935 3494 qua:
2963 3444 3068 3484 non
3097 3445 3176 3488 est
3203 3436 3255 3488 in
3296 3437 3400 3492 Do—

213 3507 348 3558 dum
371 3508 631 3576 Αροειοιί
675 3520 1002 3578 pacem...“
1048 3513 1164 3565 sine
1203 3514 1594 3570 intermissione
1622 3532 1777 3571 orare
1875 3504 2195 3566 mino,sicut
2218 3518 2271 3561 et
2298 3508 2426 3562 illud
2446 3510 2705 3565 dicitur":
2731 3530 2749 3563 t
2771 3513 3005 3572 Gaudete
3034 3519 3088 3574 in
3118 3521 3397 3579 Domino.»

205 3603 426 3663 potest.
472 3595 533 3648 Si
573 3610 705 3649 vero
747 3599 919 3650 omnis
964 3609 1117 3653 actus
1155 3598 1328 3665 justi,
1380 3616 1536 3669 quem
1582 3618 1773 3658 secun-

1891 3593 2054 3646 Potest
2078 3595 2216 3647 enim
2250 3597 2369 3664 quis
2400 3600 2628 3667 gaudere
2660 3601 2712 3654 in
2758 3605 3084 3673 carnalibus,
3115 3621 3168 3665 et
3202 3629 3306 3667 non
3348 3617 3401 3669 in

210 3686 343 3737 dum
378 3685 558 3739 Deum
605 3686 717 3752 agi;
745 3697 799 3741 ει
828 3689 1116 3741 secundum
1158 3691 1461 3744 mandatum
1497 3691 1730 3747 divinum
1755 3735 1771 3762 ,
1876 3680 2117 3735 Domino.
2152 3681 2206 3736 Si
2241 3685 2380 3738 enim
2411 3688 2667 3754 gaudeam
2713 3692 2851 3757 quod
2883 3693 3060 3748 inveni
3096 3699 3401 3757 thesaurum

209 3772 401 3826 oratio
455 3782 769 3840 reputatur,
820 3778 944 3842 quia
991 3776 1170 3844 justus
1220 3777 1333 3831 sine
1377 3778 1774 3836 intermissione

1891 3767 2155 3832 visibilem,
2192 3771 2327 3824 istud
2358 3775 2603 3840 gaudium
2632 3779 2812 3834 carnis
2844 3789 2946 3843 est,
2979 3792 3033 3836 et
3073 3800 3176 3841 non
3216 3789 3269 3842 in
3299 3791 3404 3846 Do-

206 3875 334 3928 quzn
386 3863 544 3931 justa
601 3872 731 3916 sunt
781 3866 927 3932 agit,
963 3880 1058 3934 per
1096 3866 1197 3919 hoc
1233 3868 1353 3921 sine
1382 3869 1775 3924 intermissione

1891 3858 2038 3910 uino.
2072 3857 2129 3911 Si
2172 3859 2429 3927 gaudeam
2457 3865 2597 3928 quod
2639 3880 2722 3919 me
2753 3866 2993 3924 homines
3039 3873 3289 3944 laudant,
3350 3890 3405 3934 et

202 3947 391 4015 justus
440 3951 643 4013 orabit,
693 3965 791 4005 nec
837 3967 1068 4020 unquam
1108 3955 1174 4008 ab
1213 3955 1454 4010 oratione
1497 3960 1768 4014 cessabit:

1891 3944 2011 3998 'orte
2040 3960 2142 3998 non
2186 3962 2280 4015 pro
2312 3949 2519 4014 merito,
2563 3966 2663 4004 non
2697 3963 2779 4008 est
2812 3956 2910 4011 hoc
2939 3961 3170 4026 gaudere
3200 3965 3253 4017 itt
3293 3965 3401 4020 Do-

206 4039 317 4091 nisi
342 4039 540 4105 justus
567 4054 691 4093 esse
723 4040 968 4093 desistat.
996 4042 1128 4095 Cum
1183 4043 1325 4096 enim
1383 4043 1635 4110 iujustum
1676 4047 1773 4100 ali-

1891 4032 2038 4084 nino.
2075 4033 2130 4086 Si
2162 4035 2420 4102 gaudeam
2456 4038 2509 4090 in
2545 4043 2701 4094 rebus
2742 4042 3025 4112 fragilibus
3069 4058 3122 4103 et
3161 4053 3399 4118 caducis,

203 4128 342 4195 quid
375 4129 600 4195 agimus
626 4137 720 4180 aut
743 4127 1119 4196 delinquimus,
1166 4139 1365 4183 certum
1405 4139 1484 4186 est
1533 4134 1671 4199 quod
1707 4148 1771 4189 eo
1876 4120 1986 4175 δαῖε
2011 4124 2186 4175 omnia
2216 4139 2318 4178 ηοη
2356 4126 2553 4179 habent
2600 4128 2861 4187 laUdabile
2889 4138 3160 4203 εειυάὶιιηι.
3191 4139 3246 4194 Si
3273 4157 3401 4199 νοτο

204 4226 468 4283 tempore
510 4217 675 4269 etiam
733 4217 801 4269 ab
850 4219 1088 4269 oratione
1141 4231 1426 4272 cessamus.
1475 4217 1608 4274 Puto
1633 4227 1770 4289 quod
1801 4223 1845 4277 D
1874 4211 2125 4276 83"deam
2158 4213 2407 4290 Q'lonjam
2447 4216 2634 4283 (“8"”5
2673 4218 2883 4275 habitus
2912 4238 3027 4278 sum
3054 4241 3153 4295 Ρτο
3185 4233 3402 4288 nomine

202 4302 311 4357 hoc
332 4304 639 4356 edocemur
667 4312 720 4355 et
752 4304 803 4355 in
831 4300 1055 4356 Psalmis
1085 4319 1205 4357 eum
1230 4306 1423 4360 dicitur
1442 4307 1463 4339 ³
1489 4321 1505 4360 :
1534 4326 1552 4359 ι
1586 4310 1770 4364 Eleva-

1891 4298 2080 4350 )0tnini
2140 4298 2383 4367 injuriam
2428 4305 2581 4371 pati”,
2605 4304 2748 4359 istud
2795 4311 3042 4378 gaudium
3094 4315 3147 4369 in
3180 4318 3401 4375 Domino

203 4395 280 4447 tio
312 4409 584 4447 manuum
617 4407 854 4446 mearum
875 4392 1199 4446 sacriﬁcium
1225 4396 1628 4464 vespertinum.»
1651 4399 1766 4454 Non
1873 4394 1973 4448 es"
2005 4386 2127 4453 quia
2161 4388 2271 4455 ipse
2292 4389 2420 4443 άῖιίῑ
2441 4405 2598 4458 δυρθτ
2625 4393 2799 4449 his”:
2833 4415 2850 4447 ί
2876 4399 3114 4457 Gaudete
3137 4414 3191 4459 et
3221 4410 3401 4463 exsul-

201 4481 355 4535 ωῖώ
410 4490 549 4548 pulo
595 4480 737 4546 quod
774 4479 816 4531 si
848 4480 967 4547 quis
1015 4480 1301 4534 ειθνηνθτίι
1350 4483 1432 4536 vel
1469 4486 1768 4540 εχιρηάρνει
1875 4483 1999 4538 tate,
2047 4479 2170 4544 quia
2213 4494 2415 4533 merces
2461 4490 2637 4536 vestra
2678 4485 2840 4539 multa
2875 4499 2955 4543 est
2995 4491 3045 4545 in
3080 4495 3251 4550 caelis.
3279 4516 3298 4549 ι
3336 4499 3398 4554 Si

203 4584 408 4623 manus
442 4569 510 4621 ad
546 4567 744 4622 εωιυιη
783 4567 861 4636 (ιιι
891 4568 1105 4621 habitus
1135 4569 1400 4622 orantium
1432 4585 1549 4625 esse
1585 4573 1761 4645 δοιθι),
1874 4568 2131 4634 gaudeam
2177 4585 2293 4621 cum
2338 4570 2457 4622 odia
2502 4570 2550 4624 in
2601 4587 2684 4627 me
2727 4588 3047 4633 exercentur
3103 4582 3319 4651 iniusta,
3352 4589 3399 4642 si

200 4660 479 4709 continuo
498 4653 830 4708 sacriﬁcium
848 4654 1099 4709 obtulerit
1124 4656 1252 4711 Deo.
1273 4658 1376 4711 Sed
1401 4661 1673 4716 videamus
1703 4676 1766 4715 ne

1891 4658 2125 4723 gaudeam
2171 4673 2287 4709 cum
2328 4657 2607 4728 impugnor
2656 4674 2866 4731 propter
2923 4670 3142 4724 verbum
3196 4674 3310 4739 Dei,
3347 4690 3396 4730 St

200 4740 352 4797 forte
387 4743 495 4797 hoc
533 4743 607 4797 sit
635 4742 778 4812 quod
810 4742 880 4795 ibi
925 4741 1128 4798 indicat
1169 4759 1346 4799 sermo
1378 4747 1489 4812 Dei,
1523 4750 1643 4818 quia
1675 4767 1768 4820 per
1873 4747 2127 4816 gaudeam
2156 4761 2273 4800 cum
2307 4748 2537 4815 castigor
2565 4750 2617 4804 in
2650 4752 3010 4826 languoribus,
3048 4760 3099 4814 in
3144 4776 3395 4829 persecu-

200 4845 410 4886 manus
440 4845 611 4900 opera
655 4832 1043 4902 intelliguntur.
1072 4833 1257 4886 Elevat
1305 4848 1494 4890 manus
1524 4838 1632 4903 ille,
1675 4840 1764 4907 qui
1873 4833 2126 4902 tionibus,
2175 4835 2224 4888 in
2270 4837 2548 4904 angustiis,
2593 4840 2636 4894 si
2696 4842 2806 4896 haec
2858 4848 3032 4900 omnia
3065 4849 3215 4904 laetus
3245 4853 3394 4905 exci-

201 4920 389 4974 elevat
423 4930 583 4975 actus
607 4933 737 4973 suos
763 4935 792 4971 a
823 4929 986 4984 terra,
1013 4929 1067 4973 et
1094 4921 1430 4975 conversatio
1454 4922 1566 4988 eius
1592 4924 1767 4978 adhuc
1872 4924 2032 4990 piam,
2068 4923 2204 4975 istud
2244 4925 2488 4993 gaudium
2533 4926 2584 4980 in
2626 4928 2846 4985 Domino
2876 4942 2974 4986 est.
3026 4936 3091 4989 Et
3132 4939 3250 4991 ideo
3295 4955 3395 4993 nos

200 5007 257 5059 in
285 5016 443 5061 terra
471 5007 810 5061 ambulantis
843 5007 893 5059 in
925 5007 1074 5060 cmlis
1101 5014 1201 5058 est.
1228 5004 1435 5061 Excelsi
1466 5023 1594 5076 ergo
1618 5023 1767 5065 actus
1873 5011 2026 5063 docet
2054 5010 2347 5080 Scriptura,
2378 5023 2435 5067 ut
2462 5014 2768 5083 abjicientes
2795 5021 2987 5086 gaudia
3021 5033 3252 5088 terrena,
3282 5024 3393 5077 fra-

200 5103 258 5147 et
313 5096 612 5158 sublimes,
666 5106 807 5160 quos
856 5093 1095 5146 videntes
1129 5092 1369 5146 homines
1416 5098 1767 5163 ntagniiicant
1873 5099 1996 5167 gilia
2052 5110 2104 5154 et
2133 5103 2350 5167 caduca,
2387 5103 2450 5159 de
2490 5108 2705 5161 teternis
2745 5110 2951 5176 gaudiis
2989 5112 3310 5164 exsultemus
3340 5115 3394 5166 in

202 5179 427 5234 Patrem
457 5180 771 5239 caelestem,
804 5177 1023 5231 elevatio
1051 5190 1297 5229 manuum
1328 5178 1553 5245 dicitur,
1587 5194 1640 5236 et
1672 5201 1762 5238 εδ·
1869 5188 2112 5255 Domino,
2148 5180 2230 5244 'ut
2289 5193 2477 5248 merito
2526 5195 2765 5249 dicamus
2819 5197 2958 5264 quod
3007 5197 3157 5249 Auna
3210 5196 3347 5249 dixit
3376 5216 3394 5253 :

193 5269 475 5323 oriﬁcium
498 5266 895 5336 vespertinum.
923 5267 1102 5317 Annon
1127 5264 1255 5316 etin
1277 5265 1392 5334 lege
1417 5268 1472 5320 id
1496 5281 1594 5338 per
1650 5288 1765 5342 my-
1876 5295 1894 5327 ι
1924 5277 2217 5333 Exsultavit
2248 5294 2339 5333 cor
2369 5295 2544 5335 meum
2588 5283 2639 5335 in
2687 5283 2929 5337 Domino.
2949 5300 2969 5333 ι
3007 5283 3074 5336 Et
3118 5277 3395 5351 quoniam,

266 5380 314 5455 ξ’
342 5379 530 5455 iﬁeg.
567 5376 725 5455 περ’,
755 5375 824 5455 Ξ..
846 5443 863 5455 _
894 5373 1068 5455 libid.
1102 5372 1158 5455 ὗε
1246 5375 1594 5455 ’,Ιητῃβεεῇ
1628 5384 1713 5455 l7.

196 5446 218 5478 ι
243 5447 306 5499 η,
342 5440 596 5508 θυι-Γπ,
637 5444 726 5495 16.
805 5442 865 5493 ⁷1
894 5441 1008 5506 Reg.
1042 5454 1099 5500 tt,
1137 5440 1190 5493 1.
1262 5442 1496 5513 “Philip.
1523 5440 1598 5514 tv,
1629 5451 1685 5505 4.

1899 948 2003 993 tem
2044 938 2300 1007 deiecerit
2348 950 2400 994 et
2449 941 2718 995 demiserit
2770 959 2980 1007 manus,
3026 946 3077 999 id
3113 956 3232 1012 est,
3272 957 3422 1002 actus

1899 1045 2044 1093 suos,
2081 1030 2248 1084 vincit
2280 1030 2499 1085 Amalec
2548 1032 2794 1087 inimicus
2828 1033 2942 1089 Dei.
2984 1035 3085 1088 Aut
3119 1037 3243 1103 quid
3274 1038 3420 1092 vide-

1898 1117 2019 1169 tur?
2046 1117 2184 1187 (volo
2213 1117 2355 1171 enim
2409 1118 2680 1186 paululum
2728 1120 2999 1174 immorari
3043 1137 3160 1177 cum
3213 1125 3296 1177 bis
3329 1127 3419 1193 qui

1896 1204 2080 1258 nulunt
2130 1206 2241 1259 haec
2293 1206 2642 1271 spiritaliter,
2696 1209 2786 1262 sed
2849 1212 3136 1264 secundum
3190 1212 3417 1269 litteram

1893 1291 2172 1361 intelligi,)
2210 1295 2572 1363 nunquiduam
2629 1299 2915 1365 putandum
2964 1309 3041 1353 est
3073 1340 3087 1363 ,
3133 1303 3270 1369 quod
3304 1319 3420 1358 om-

1893 1381 2135 1448 nipoteus
2179 1384 2318 1436 Deus
2349 1384 2412 1436 ad
2445 1399 2630 1437 manus
2661 1387 2952 1454 respiceret
3003 1388 3208 1459 Moysi,
3251 1401 3305 1446 et
3344 1394 3420 1448 si-

1826 5387 1845 5417 ⁸
1880 5387 2019 5442 Psal.
2065 5403 2207 5450 cxu,
2256 5389 2310 5443 2.
2420 5388 2621 5441 ‘Exod.
2662 5402 2789 5441 xvn.
2901 5388 3106 5443 'lCor.
3176 5401 3234 5452 ι,
3301 5387 3404 5451 ii.

1760 5455 1917 5510 °Act.
1965 5472 2015 5510 v.
2092 5457 2135 5487 ⁸⁸
2171 5454 2356 5511 Matth.
2401 5471 2454 5522 v,
2499 5454 2583 5506 i2.
