3806 6232
257 252 389 305 1007

1688 237 1999 294 ORIGENIS

3538 244 3556 293 1
3564 244 3646 299 008

256 380 374 420 cum
417 364 530 418 haec
560 362 827 428 dicuntur,
863 362 1073 431 quidam
1108 359 1172 412 de
1217 357 1513 412 astantibus
1562 355 1790 423 repletus
1818 357 1857 411 A
1891 354 2054 406 micos
2077 365 2247 406 meos.
2273 345 2374 403 »εἰ
2395 345 2517 401 istis
2541 340 2914 400 confutatis
2935 350 3359 398 occurrant
3379 349 3636 426 philosophi

255 464 337 509 est
366 454 558 529 spiritu
602 453 892 516 immundo,
940 459 994 503 et
1023 447 1340 503 exclamavit
1396 445 1467 500 ita
1524 454 1583 499 ut
1633 445 1784 498 fleret

254 528 433 614 populi
472 556 789 605 concursus,
841 540 1080 593 dicamus
1123 547 1176 590 et
1217 550 1313 590 nos
1355 549 1474 589 cum
1524 533 1677 585 Anna
1707 531 1789 585 di-

253 647 408 689 cente
434 651 449 688 :
482 653 500 685 ι
520 632 816 686 Exsultavit
846 645 938 683 cor
969 642 1138 682 meum
1169 628 1218 678 in
1243 625 1484 680 Domino.
1509 642 1528 675 ι
1561 623 1786 676 Contra-

257 725 368 778 rius
410 723 626 790 spiritus
684 719 1092 774 exsultationem
1152 724 1388 768 nostram
1453 712 1506 765 in
1558 710 1782 765 Domino

255 811 395 864 ferre
422 825 522 862 non
555 809 742 876 potuit,
772 808 865 862 sed
894 808 1003 861 vult
1029 823 1145 862 eam
1179 817 1398 864 mutare,
1425 812 1484 856 ut
1521 801 1691 855 ablata
1724 814 1786 853 ea

257 899 562 952 introducat
620 897 924 958 tristitiam,
969 904 1021 951 et
1066 895 1342 964 prohibeat
1400 907 1495 945 nos
1552 890 1782 944 dicere:

260 1005 279 1038 ι
303 987 599 1041 Exsultavit
629 1002 721 1042 cor
768 1001 939 1041 meum
969 987 1020 1038 in
1054 985 1324 1039 Domino.)
1362 981 1555 1036 Verum
1591 997 1656 1032 ne
1693 993 1788 1032 nos

253 1078 623 1146 impediantur,
653 1078 741 1131 sed
771 1077 936 1140 magis
967 1089 1030 1128 ac
1059 1073 1225 1142 magis
1247 1073 1486 1124 dicamus
1511 1087 1526 1123 :
1558 1086 1574 1118 ι
1600 1068 1790 1122 Exsul-

256 1169 388 1220 tavit
420 1181 512 1220 cor
545 1181 719 1220 meum
750 1165 802 1218 in
830 1164 1048 1217 Domino
1078 1180 1091 1214 :
1126 1181 1143 1212 ι
1170 1170 1223 1212 et
1252 1174 1346 1228 pro
1377 1160 1477 1212 hoc
1511 1157 1626 1226 ipso
1650 1156 1788 1224 quod

257 1255 500 1309 videmus
531 1253 831 1308 immundos
861 1250 1080 1317 spiritus
1107 1246 1382 1316 ﬂagellari,
1421 1245 1742 1310 gaudeamus
1771 1259 1783 1293 :

259 1344 383 1412 quia
415 1352 470 1396 et
509 1356 606 1412 per
632 1343 744 1396 haec
775 1340 926 1395 multi
965 1346 1348 1392 convertuntur
1385 1335 1450 1386 ad
1485 1333 1786 1392 Dominum,

255 1433 404 1487 multi
435 1431 800 1493 emendantur,
838 1428 984 1480 multi
1018 1425 1084 1478 ad
1113 1424 1264 1478 (idem
1297 1424 1539 1485 veniunt,
1574 1431 1629 1475 et
1659 1420 1787 1473 tiiliil

253 1533 336 1576 est
386 1522 524 1590 quod
574 1521 690 1575 sine
733 1534 889 1573 causa
943 1517 1102 1570 faciat
1151 1515 1426 1578 Dominus,
1460 1528 1559 1567 nec
1592 1511 1788 1580 aliquid

257 1610 371 1665 ﬁeri
422 1610 618 1664 frustra
669 1607 943 1676 permittit.
1000 1604 1128 1657 Nam
1189 1603 1434 1672 quoniam
1475 1601 1625 1655 multi
1667 1611 1791 1654 sunt

255 1701 346 1767 qui
380 1700 543 1753 verbo
569 1712 673 1751 non
709 1695 945 1759 credunt,
976 1711 1072 1750 nec
1099 1698 1359 1748 rationem
1393 1692 1648 1745 doctrina:
1670 1705 1788 1744 sus-

253 1793 477 1859 cipiunt,
506 1790 556 1841 in
586 1790 670 1842 his
701 1802 818 1841 cum
866 1789 1066 1840 duunnn
1099 1785 1362 1847 insilierit,
1406 1795 1530 1837 tunc
1560 1797 1789 1836 conver-

260 1889 465 1942 tuntur,
508 1886 565 1931 ut
606 1878 696 1929 uhi
742 1876 1030 1929 abundavit
1069 1875 1342 1936 delictum,
1396 1871 1791 1941 superabundet

255 1967 425 2034 gratia
458 1988 468 2020 :
503 1977 555 2019 et
603 1965 690 2017 tibi
723 1965 948 2032 maligna
976 1965 1144 2017 virtus
1173 1972 1386 2031 operata
1437 1971 1537 2025 cst,
1575 1961 1644 2014 ibi
1677 1959 1792 2027 plus

257 2059 588 2120 postmodum
623 2055 830 2107 Domini
863 2054 1029 2122 gratia
1063 2061 1309 2120 operetur
1341 2068 1353 2102 :
1383 2051 1504 2118 quia
1539 2065 1660 2102 cum
1694 2064 1790 2102 ex-

259 2146 454 2214 pulerit
486 2145 689 2197 Domini
719 2143 887 2213 gratia
920 2142 1210 2209 malignum
1246 2139 1516 2207 spiritum,
1549 2139 1793 2192 introdu-

255 2235 331 2288 cit
365 2232 619 2301 Spiritum
651 2239 891 2284 sanctum
917 2239 1000 2283 :et
1027 2227 1199 2280 anima
1242 2241 1359 2294 qua:
1395 2225 1591 2292 repleta
1631 2223 1792 2277 fuerit

258 2323 446 2391 spiritu
476 2322 767 2382 immundo,
805 2318 1034 2387 repletur
1061 2316 1393 2385 postmodum
1429 2313 1633 2382 Spiritu
1662 2328 1790 2367 san-

258 2422 364 2466 cto.
411 2410 531 2465 ldeo
570 2425 665 2478 pro
713 2410 796 2464 his
843 2409 1088 2462 omnibus
1138 2405 1418 2460 dicamus:
1458 2403 1792 2456 «Exsultavit

219 2493 224 2498 ’
258 2513 353 2551 cur
381 2513 554 2551 meum
581 2498 630 2549 in
650 2496 889 2549 Domino.
916 2495 978 2546 Et
1003 2495 1288 2548 exaltatum
1313 2500 1396 2544 est
1418 2506 1582 2544 cornu
1615 2506 1791 2544 meum

259 2589 312 2642 in
344 2589 447 2642 Deo
485 2602 619 2640 meo.
645 2606 664 2639 ι
699 2585 834 2638 Sunt
858 2586 1097 2652 qutedam
1138 2598 1336 2637 cornua
1375 2582 1642 2650 iustorum
1672 2581 1793 2648 qui-

258 2680 359 2733 bus
389 2687 605 2732 utuutur
631 2676 712 2730 vel
741 2683 959 2744 agentes
993 2672 1189 2742 aliquid
1218 2672 1299 2726 vel
1334 2672 1633 2739 loquentes,
1655 2670 1796 2728 sicut

253 2781 381 2820 cum
413 2765 655 2820 dicunt”
689 2783 702 2817 :
733 2783 750 2814 ι
777 2763 832 2817 ln
877 2773 925 2817 te
970 2763 1215 2817 inimicos
1265 2771 1480 2820 nostros
1515 2764 1796 2819 ventilabi-

262 2870 379 2908 tuus
430 2868 614 2907 cornu.
644 2871 663 2904 ι
701 2850 755 2905 In
802 2851 988 2906 Graeco
1035 2853 1390 2929 κερεπῐσομεν
1425 2853 1793 2922 dicitur,quod

1888 441 2211 495 insultantes
2237 437 2585 509 simplicitati
2638 433 2794 487 ﬁdei
2858 438 3135 487 nostrze,
3169 432 3232 474 et
3347 436 3525 493 idiotas
3552 462 3627 500 nos

1890 529 2277 597 imperitosque
2325 526 2736 583 clamitantes,
2799 527 2869 572 et
2935 518 3347 569 converta—r
3391 523 3535 580 etiam
3569 536 3628 586 ait

1888 623 2054 686 ipsos,
2111 627 2166 671 et
2222 632 2373 672 verte
2410 613 2725 684 sapientia:
2767 609 3027 662 viribus
3066 601 3313 655 falsa:
3360 622 3422 661 ac
3461 612 3631 677 fucata

1889 709 2169 778 sapientia:
2211 707 2476 762 nebulam
2513 704 2970 760 obturbavero,
3018 703 3082 748 et
3122 705 3322 746 non
3358 699 3523 757 solum
3553 711 3633 764 hu-

1886 801 1975 869 jus
2014 798 2220 861 mundi,
2272 798 2370 852 sed
2409 803 2465 849 et
2493 791 2848 862 principum
2911 782 3103 850 hujus
3137 787 3414 841 Inc-udi
3455 798 3635 864 sapic",

1893 888 2018 942 tiam
2040 887 2394 948 destruxero,
2421 893 2554 934 tunc
2575 876 2820 947 plenius
2844 873 3188 927 dilatatam
3218 882 3378 928 est
3402 891 3462 933 os
3488 898 3638 942 meum

1891 990 2054 1043 super
2099 974 2358 1027 inimicos
2412 985 2591 1025 meos.
2651 968 2877 1025 Sancti
2925 974 3023 1018 est
3072 974 3309 1029 erga—
3344 980 3449 1023 vox
3483 973 3578 1029 ista
3603 991 3645 1034 et

1893 1064 2140 1134 perfecti,
2175 1065 2269 1131 qui
2311 1063 2484 1116 rebus
2521 1061 2671 1129 ipsis
2707 1069 2771 1113 et
2818 1055 3094 1110 veritate
3134 1048 3516 1114 su-iuixuiu
3557 1068 3641 1120 hu-

1884 1154 2192 1222 juscemodi
2247 1165 2568 1208 sermonem
2618 1149 2819 1218 possit
2878 1141 3185 1210 proferre
3317 1155 3378 1198 et
3431 1149 3645 1213 dicere:

1897 1244 2232 1298 «Dilatatum
2279 1251 2367 1297 est
2411 1255 2479 1296 os
2534 1253 2734 1292 meum
2795 1249 2987 1302 super
3048 1228 3414 1290 inimicos
3449 1256 3639 1299 meos.

1891 1333 2116 1402 Oportet
2159 1345 2293 1400 ergo
2347 1342 2451 1382 nos
2501 1327 2696 1395 primo
2755 1338 2826 1376 os
2881 1330 3183 1375 nostrum
3297 1321 3561 1394 dilatare,
3599 1345 3650 1388 ut

1891 1421 2115 1490 impleat
2148 1419 2277 1473 illud
2313 1418 2486 1471 Deus.
2520 1413 2838 1480 Quomodo
2876 1419 3085 1463 autem
3122 1419 3211 1459 os
3302 1414 3490 1478 primo
3522 1421 3644 1476 dita-

1894 1509 2107 1564 tamus?
2139 1523 2236 1577 per
2270 1505 2706 1562 meditationem
2747 1501 2922 1556 verbi
2961 1495 3205 1558 divini,
3295 1507 3359 1554 ut
3382 1511 3646 1570 possimus

1892 1614 1955 1652 eo
1993 1612 2162 1667 usque
2197 1597 2494 1666 proficere,
2530 1603 2594 1648 ut
2648 1608 2684 1646 a
2743 1589 3124 1645 dilatatione
3167 1589 3353 1642 oris
3387 1598 3644 1656 etiamad

1894 1687 2074 1742 cordis
2104 1687 2487 1740 dilatationem
2525 1682 2862 1741 veniamus,
2897 1688 2959 1731 et
2991 1692 3147 1730 cum
3197 1675 3530 1748 Apostolo
3568 1693 3648 1744 di-

1894 1777 2079 1830 cere"
2105 1793 2120 1829 :
2151 1794 2169 1826 ι
2193 1776 2304 1829 Cor
2337 1788 2520 1826 meum
2555 1771 2874 1826 dilatatum
2918 1777 3011 1821 est
3042 1767 3134 1821 ad
3175 1781 3355 1832 vos,
3394 1790 3430 1828 ο
3463 1778 3645 1836 cori".

1895 1865 2014 1919 thii.
2039 1883 2057 1915 ι
2095 1865 2171 1916 Ex
2205 1863 2503 1917 latitudine
2533 1861 2693 1914 enim
2731 1859 2939 1912 cordis
2973 1856 3418 1918 abundantia
3450 1870 3533 1922 eri
3558 1887 3640 1926 sa-

1894 1954 2058 2022 pienti
2089 1954 2460 2007 ministratur.

1965 2041 2051 2097 il.
2079 2059 2097 2092 ι
2122 2042 2257 2106 Quia
2291 2041 2477 2094 laetata
2510 2054 2640 2094 sum
2675 2039 2733 2092 in
2767 2038 3015 2092 salutari
3047 2037 3295 2090 tuo.”
3319 2065 3343 2098 .
3391 2049 3454 2104 Si
3485 2051 3631 2108 ιωω,

1897 2141 1979 2184 tus
2019 2131 2174 2185 fuero
2224 2131 2278 2185 iu
2329 2131 2564 2185 salutari
2619 2132 2756 2195 Dei,
2824 2141 2965 2184 tunc
3009 2130 3385 2192 dilatatam
3438 2158 3526 2198 est
3567 2165 3626 2200 ns

1895 2236 2071 2273 meum
2114 2236 2280 2290 super
2314 2222 2579 2275 inimicos
2618 2237 2811 2276 meos.
2863 2240 2883 2272 ι
2910 2219 3036 2274 Non
3096 2229 3195 2274 est
3245 2225 3447 2296 488
3474 2249 3604 2285 εειι-

1895 2320 2012 2385 ctus
2041 2311 2184 2366 sicut
2213 2311 2565 2365 Dominus“.
2595 2331 2616 2364 ι
2663 2312 2728 2367 Si
2766 2313 3057 2382 scriptum
3108 2323 3312 2378 esset,
3350 2318 3484 2372 Non
3523 2331 3608 2373 est

1894 2411 2113 2454 sanctus
2138 2401 2240 2454 nisi
2275 2401 2567 2465 Dominus,
2607 2414 2989 2471 consequens
3039 2411 3180 2454 erat
3229 2415 3462 2459 omnes
3507 2424 3606 2462 nos

1896 2491 2213 2544 renuntiare
2249 2491 2678 2558 nobismetipsis
2716 2491 2793 2545 ab
2839 2491 2952 2544 hac
2982 2505 3087 2560 spe
3134 2500 3202 2543 ut
3241 2499 3458 2548 sancti
3491 2498 3612 2550 eiii-

1893 2596 2142 2634 ceremur
2174 2600 2186 2636 :
2221 2596 2368 2635 nunc
2415 2592 2606 2634 autem
2651 2582 2996 2636 necessaria
3043 2581 3468 2644 distinctione
3500 2591 3612 2646 uti.

1898 2689 1984 2732 tur
2015 2683 2068 2733 et
2120 2672 2291 2732 dicit:
2325 2671 2487 2729 «Non
2529 2687 2623 2729 est
2673 2687 2929 2730 sanctus
2985 2685 3152 2730 Sicut
3206 2677 3561 2744 Dominus;
3591 2701 3611 2734 ι

1897 2770 1996 2822 hoc
2028 2776 2129 2830 est,
2159 2768 2260 2821 etsi
2291 2768 2405 2820 sint
2453 2765 2616 2819 multi
2663 2767 2886 2833 sancti,
2941 2771 3046 2824 sed
3081 2770 3303 2823 nullus
3342 2772 3432 2824 ita
3471 2789 3620 2826 sane

1895 2869 2012 2914 ctus
2048 2868 2130 2913 est
2185 2865 2244 2910 ut
2291 2856 2579 2910 Dominus.
2640 2855 2908 2910 Possunt
2955 2872 3102 2926 ergo
3167 2859 3361 2914 multi
3423 2868 3622 2920 saneti

257 2953 342 2996 εει
368 2957 531 2996 com“
560 2951 824 3009 Ρειθιηυει
868 2943 949 3000 νεὶ
983 2947 1371 3000 νθιιιίιδϋὶιηυεο
1419 2942 1522 2997 Sed
1572 2951 1624 2996 el
1671 2942 1794 2995 alibi
1823 2950 1865 3007 C
1902 2949 2039 3012 fieri,
2063 2948 2204 3001 sicut
2225 2955 2282 2999 et
2303 2945 2629 2999 mandatum
2663 2944 2767 2999 Dei
2801 2948 3009 3000 dicit"
3034 2963 3050 3001 :
3077 2965 3100 2998 ι
3132 2947 3366 3003 Sancti
3399 2963 3626 3018 estote,

263 3030 516 3083 dicitur"
543 3045 555 3086 :
588 3047 606 3084 t
635 3029 694 3085 Et
717 3033 1096 3086 exaltabuntur
1131 3049 1329 3088 cornua
1352 3034 1504 3101 justi.
1527 3050 1547 3082 ι
1575 3029 1795 3098 Oportet

261 3133 387 3189 ergo
420 3137 514 3176 nos
543 3121 734 3174 habere
775 3125 875 3175 ista
915 3135 1138 3188 cornua,
1173 3137 1290 3190 quac
1325 3122 1487 3192 justis
1522 3120 1586 3173 de
1619 3118 1796 3172 causis

263 3212 501 3280 apicibus
529 3210 723 3265 Christi
769 3215 944 3265 crucis
981 3217 1347 3276 conferuntur,
1375 3222 1433 3266 ut
1475 3213 1530 3266 in
1567 3211 1652 3266 his
1705 3211 1797 3265 de-

261 3309 537 3355 atruamus
554 3309 608 3352 et
628 3297 942 3366 dejiciamus
960 3299 1292 3354 adversarias
1311 3301 1532 3353 virtutes
1545 3299 1609 3352 de
1620 3298 1796 3352 anima

266 3397 468 3450 nostra,
496 3386 687 3455 quibus
714 3387 996 3455 prostratis
1020 3399 1070 3441 et
1101 3389 1334 3455 expulsis
1365 3389 1532 3456 possit
1565 3388 1616 3440 in
1645 3388 1798 3442 nobis

267 3477 492 3545 plantari
520 3476 692 3541 vinea,
719 3475 842 3544 quia
876 3493 893 3525 ι
917 3476 1068 3530 vinea
1102 3477 1242 3530 facta
1273 3486 1357 3530 est
1384 3478 1578 3530 dilecto
1606 3477 1657 3528 in
1681 3492 1799 3531 cor-

266 3580 360 3627 nu,
399 3565 451 3618 in
490 3565 604 3619 loco
634 3566 779 3617 uberi
798 3565 889 3616 η.»
920 3563 1215 3618 Exaltatum
1251 3576 1332 3618 est
1373 3580 1498 3633 ergo
1539 3581 1702 3620 cornu
1747 3575 1798 3619 et

267 3651 597 3720 hujusjustte
632 3655 838 3722 gratia},
873 3664 924 3706 et
959 3654 1274 3722 omnisjusti
1305 3654 1357 3706 in
1396 3655 1638 3708 Domino.
1668 3673 1685 3704 ι
1711 3655 1797 3706 Di-

267 3741 488 3794 latatutn
510 3751 590 3794 est
610 3757 671 3795 os
698 3757 870 3794 meum
900 3757 1056 3810 super
1080 3742 1325 3795 inimicos
1365 3743 1617 3798 meos”.i
1650 3743 1797 3796 Scri-

266 3840 415 3900 ptum
443 3830 663 3884 est":«
692 3831 857 3883 Dilata
905 3846 964 3884 os
1012 3839 1180 3896 tuum,
1225 3838 1280 3882 et
1301 3829 1596 3900 adimplebo
1616 3829 1795 3895 illud,»

269 3927 324 3971 et
351 3933 486 3970 nunc
510 3917 638 3970 dicit
668 3919 776 3972 haec
796 3917 938 3984 justa
971 3938 982 3972 :
1017 3935 1035 3968 ‹
1059 3919 1344 3972 Dilatatum
1371 3926 1452 3971 est
1485 3932 1543 3970 os
1567 3933 1794 3971 meum.»

271 4007 327 4060 Si
362 4007 577 4060 idoneus
614 4016 666 4060 et
693 4007 843 4060 fortis
872 4006 1022 4060 lucro
1065 4009 1114 4059 in
1146 4008 1306 4060 verbo
1346 4006 1586 4071 eﬂectus,
1617 4015 1670 4059 et
1707 4022 1798 4058 va-

271 4095 409 4148 lidus
439 4096 491 4148 in
518 4095 795 4164 sapientia,
826 4097 897 4149 ita
921 4105 978 4149 ut
1003 4112 1105 4149 non
1133 4096 1368 4163 angustis
1392 4095 1797 4157 assertionibus,

273 4184 366 4236 sed
388 4184 616 4237 dilatatis
632 4195 682 4237 et
707 4183 1042 4237 aiﬂuentibus
1067 4184 1342 4237 confutare
1368 4186 1566 4253 possim
1591 4199 1799 4237 omnem

275 4269 548 4321 scientiam
576 4269 914 4323 extollentem
943 4285 1000 4324 se
1025 4271 1306 4324 adversum
1339 4271 1492 4325 iidem
1524 4278 1578 4324 et
1606 4272 1800 4324 verita-

279 4364 382 4408 tem
411 4355 607 4408 Christi
635 4374 647 4408 :
673 4357 754 4409 vel
790 4373 907 4410 cum
940 4358 1367 4412 incredulitatem
1401 4359 1480 4410 vel
1527 4357 1802 4426 perﬁdiam

277 4458 505 4512 arguens
525 4443 825 4497 Judmornm
855 4459 921 4497 ex
949 4446 1062 4514 lege
1091 4455 1144 4498 et
1167 4462 1232 4500 ex
1262 4448 1533 4515 prophetis
1556 4448 1804 4515 deprom-

277 4545 443 4600 ptam,
479 4534 760 4586 ostendero
789 4547 906 4585 esse
935 4531 1210 4587 Christum
1240 4535 1444 4601 Jesum,
1472 4547 1525 4590 et
1548 4537 1599 4589 in
1631 4537 1805 4589 omni-

280 4622 379 4673 bus
411 4629 595 4686 potero
630 4621 948 4688 redarguere
974 4622 1210 4676 veritatis
1246 4625 1491 4678 inimicos
1523 4641 1536 4675 :
1567 4633 1691 4678 tunc
1727 4625 1808 4679 di-

279 4724 382 4778 gne
412 4725 623 4778 possum
661 4710 817 4763 etiam
866 4725 963 4776 ego
1006 4712 1224 4768 dicere:
1255 4714 1577 4768 «Dilatatum
1621 4725 1704 4770 est
1742 4730 1804 4770 os

282 4813 456 4851 meum
486 4812 644 4865 super
694 4797 940 4853 inimicos
987 4814 1196 4854 meos.»
1254 4801 1309 4856 Si
1359 4803 1484 4856 mihi
1534 4813 1804 4860 certamen

283 4876 491 4939 moveai
521 4885 792 4950 Basilides,
819 4899 871 4941 et
904 4904 1024 4943 eum
1058 4891 1397 4943 vehementer
1429 4890 1696 4946 obtrivere
1721 4911 1735 4946 :
1761 4891 1807 4948 si

279 4974 543 5052 Valentini
587 4976 869 5044 discipulus
899 4987 1151 5033 occurrat
1197 4991 1250 5030 et
1297 4993 1380 5031 me
1420 4981 1807 5046 quaestionibus

278 5059 518 5131 ventilet,
558 5072 614 5119 et
638 5066 702 5118 de
744 5065 843 5120 hoc
887 5063 1174 5120 certamine
1203 5067 1374 5120 victor
1399 5068 1616 5122 exiere:
1643 5071 1687 5124 si
1720 5071 1806 5126 his

281 5154 574 5221 prostratis,
605 5152 839 5208 Marcion
874 5163 1141 5217 occurrat,
1189 5165 1244 5208 et
1285 5155 1592 5210 discesserit
1641 5160 1806 5212 etiam

284 5244 393 5308 ipse
425 5255 701 5311 superatus
726 5263 739 5299 ε
770 5261 789 5295 ι
816 5244 1096 5298 Dilatatum
1127 5253 1209 5297 est
1236 5258 1296 5298 os
1319 5259 1492 5298 meum
1522 5261 1682 5315 super
1704 5250 1808 5303 ini-

356 5439 556 5493 "Psal.
603 5442 827 5502 xuv,-5.
902 5445 944 5474 ¹¹¹

1057 5443 1191 5496 Psal.
1225 5460 1377 5510 uxv,
1416 5445 1498 5497 l0.

292 5514 361 5564 γι,
397 5505 474 5559 ιι.
549 5509 584 5536 ¹⁷
616 5512 635 5560 ι
675 5508 800 5575 licg.
833 5526 892 5574 ti,
929 5513 976 5563 1.

1054 5511 1096 5542 ’⁸
1119 5513 1244 5566 ibid.

1837 4257 1876 4308 D

1606 5447 1648 5477 ¹³
1671 5448 1791 5501 lsai.
1839 5466 1890 5511 ν,
1933 5453 1986 5509 1.

1428 5515 1466 5543 ”
1508 5513 1675 5568 chit.
1719 5531 1808 5582 xx,
1837 5519 1930 5574 ‘26.

1896 3036 2148 3105 quoniam
2179 3043 2234 3090 et
2263 3049 2364 3103 ego
2387 3044 2620 3088 sanctus
2645 3051 2802 3089 sum.
2835 3056 2856 3088 ι
2891 3037 3005 3090 Sed
3038 3050 3630 3112 quantumcunque

1895 3127 2016 3194 quis
2060 3127 2114 3178 in
2147 3127 2441 3178 sanctitate
2475 3125 2774 3193 proﬁciat,
2809 3129 3276 3196 quantumlibet
3331 3136 3631 3200 puritatis

1895 3225 1949 3269 et
1973 3213 2304 3268 sinceritatis
2332 3215 2612 3281 acquirat,
2654 3213 2738 3267 ita
2771 3229 2905 3270 esse
2943 3228 3198 3272 sanctus
3260 3220 3469 3278 homo
3505 3239 3622 3276 non
3681 3219 3690 3232 '

1896 3312 2069 3372 potest
2101 3302 2242 3356 sicut
2273 3302 2570 3368 Dominus;
2611 3307 2753 3372 quia
2793 3306 2888 3359 ille
2927 3306 3185 3375 largitor
3245 3313 3623 3367 sanctitatis

1895 3400 2002 3456 cst,
2027 3391 2128 3445 iste
2155 3400 2476 3459 susceptor;
2515 3393 2612 3448 ille
2637 3397 2981 3450 sanctitatis
3008 3396 3151 3451 fons
3192 3409 3336 3464 est,
3378 3401 3486 3456 hic
3515 3418 3624 3456 au-

1901 3493 2006 3537 tem
2053 3483 2228 3536 sancti
2266 3481 2434 3536 fontis
2478 3492 2748 3551 potator;
2804 3486 2903 3540 ille
2943 3489 3308 3545 sanctitatis
3359 3492 3472 3546 lux
3509 3505 3623 3559 est,

1900 3571 1986 3624 hic
2016 3579 2217 3624 sancta:
2244 3569 2382 3622 lucis
2412 3571 2743 3638 inspector;
2774 3585 2832 3626 et
2858 3574 2987 3628 ideo
3019 3593 3040 3627 ι
3066 3591 3194 3631 non
3231 3589 3342 3632 est
3369 3590 3624 3634 sanctus

1897 3660 2034 3711 sicut
2057 3657 2338 3721 Dominus,
2358 3668 2413 3711 et
2443 3673 2553 3711 non
2585 3671 2680 3713 est
2714 3673 2934 3730 prtiter
2961 3674 3037 3718 te.
3062 3683 3086 3715 ι
3118 3667 3289 3731 Quid
3331 3680 3434 3724 est
3460 3672 3620 3738 quod

1899 3745 2046 3805 dicit,
2090 3758 2234 3797 «non
2285 3754 2370 3798 est
2417 3757 2624 3813 praeter
2681 3759 2808 3812 te,»
2872 3767 2989 3806 non
3038 3756 3224 3822 plane
3282 3761 3502 3826 capio.
3558 3760 3620 3813 Si

1842 3873 1848 3884 .
1897 3833 2142 3896 dixisset,
2173 3849 2277 3886 non
2304 3843 2388 3887 est
2421 3835 2574 3890 Deus
2608 3852 2823 3906 printer
2864 3855 2942 3908 te,
2976 3844 3064 3897 vel
3105 3860 3234 3898 non
3292 3859 3401 3902 est
3447 3864 3620 3904 crea—

1873 3930 1984 3982 _tor
2008 3933 2202 3989 praeter
2231 3931 2305 3984 te,
2335 3933 2428 3975 aut
2470 3924 2581 3979 tale
2633 3927 2858 3998 aliquid
2891 3933 3251 3997 addidisset,
3317 3939 3478 3990 nihil
3521 3956 3617 3993 re-

1900 4013 2220 4079 quirendum
2251 4013 2570 4077 videbatur,
2603 4035 2760 4072 nunc
2808 4030 3003 4073 autem
3034 4023 3178 4088 quia
3210 4025 3404 4090 dicit,
3448 4048 3469 4078 σ
3496 4045 3611 4082 non

1900 4111 1980 4153 est
2009 4111 2201 4168 printer
2229 4110 2301 4164 te,
2326 4120 2344 4152 ι
2391 4103 2531 4156 mihi
2568 4107 2677 4160 hoc
2708 4108 2945 4162 videtur
2978 4112 3034 4164 in
3071 4111 3211 4166 loco
3258 4116 3617 4186 designari,

1902 4188 2034 4241 nihil
2064 4204 2250 4242 eorum
2283 4206 2407 4258 qua:
2439 4201 2596 4258 sunt,
2655 4197 2768 4250 hoc
2804 4199 2998 4266 ipsum
3033 4204 3196 4270 quod
3236 4218 3398 4262 sunt
3437 4220 3607 4262 natu.

1903 4276 2088 4330 raliter
2118 4278 2338 4333 habere.
2383 4279 2465 4333 Tu
2515 4284 2675 4340 solus
2730 4301 2821 4354 es,
2869 4293 2962 4345 cui
3005 4295 3167 4360 quod
3213 4311 3316 4361 es,
3377 4315 3413 4352 a
3447 4301 3610 4354 nullo

1904 4366 2084 4419 datum
2120 4377 2224 4422 est.
2263 4368 2370 4422 Nos
2411 4372 2564 4424 enim
2593 4390 2829 4445 omnes,
2878 4380 2938 4433 id
2978 4392 3068 4436 est
3095 4385 3395 4442 universa
3437 4405 3605 4444 crea-

1904 4461 2044 4518 tura,
2072 4469 2175 4507 non
2202 4470 2426 4508 eramus
2446 4467 2762 4526 antequam
2791 4480 3156 4532 crearemur,
3185 4482 3246 4524 et
3278 4474 3424 4529 ideo
3442 4476 3598 4544 quod

1901 4556 2110 4607 sumus,
2135 4543 2385 4599 voluntas
2407 4556 2492 4600 est
2513 4547 2838 4609 Creatoris.
2871 4556 2940 4611 Et
2959 4559 3096 4627 quia
3117 4543 3594 4630 aliquandoinon

1905 4631 2127 4698 fuimus,
2155 4649 2260 4688 non
2309 4645 2395 4690 est
2427 4638 2719 4708 integrum
2751 4646 2804 4699 si
2850 4648 3088 4704 dicatur
3131 4656 3202 4706 de
3231 4655 3425 4710 nobis
3456 4658 3593 4726 quia

1908 4732 2403 4810 sumus,_quantum
2427 4727 2499 4780 ad
2530 4728 2668 4783 illud
2696 4745 2940 4800 spectat
2974 4754 3107 4792 cum
3138 4755 3250 4794 non
3288 4757 3585 4801 essemus.

1909 4806 2017 4862 Sed
2045 4806 2201 4862 's'olus
2229 4820 2315 4865 est
2342 4810 2515 4878 Deus,
2548 4817 2648 4886 qui
2679 4825 2842 4889 quod
2879 4837 2974 4881 est
3007 4843 3225 4896 semper
3253 4829 3505 4897 habuit,
3533 4846 3594 4891 et

1909 4911 2016 4990 non
2047 4899 2266 4990 accepit
2294 4909 2357 4954 ut
2387 4914 2540 4958 esset
2581 4906 2845 4969 initium.
2895 4915 3154 4986 Denique
3182 4917 3426 4990 Moyses
3453 4938 3586 4978 cum

1909 4985 2126 5040 discere
2155 4989 2318 5044 vellet
2363 5006 2393 5043 ιι
2435 4993 2550 5049 Deo
2578 5002 2738 5066 quod
2786 5005 2842 5059 ei
2892 4985 3104 5062 nomen
3153 4985 3330 5073 esset,
3365 5012 3588 5067 docens

1906 5088 2027 5126 eum
2058 5077 2204 5133 Deus
2231 5080 2436 5133 dixit“
2469 5097 2487 5136 :
2514 5103 2534 5135 ι
2556 5085 2678 5156 Ego
2727 5107 2861 5147 sum
2893 5097 2994 5164 qui
3032 5113 3178 5160 sum,
3200 5105 3255 5148 et
3286 5097 3409 5154 hoc
3439 5103 3584 5156 mihi

1910 5177 2105 5219 nomen
2137 5179 2251 5224 est.
2291 5189 2312 5222 ι
2347 5171 2406 5225 Si
2434 5187 2572 5244 ergo
2613 5177 2781 5236 aliud
2807 5184 3026 5256 aliquid
3071 5189 3127 5242 in
3153 5191 3443 5243 creaturis
3474 5191 3584 5244 hoc

1909 5256 2132 5312 nomine
2167 5262 2260 5318 vel
2301 5264 2408 5319 hac
2437 5268 2842 5337 signiﬁcantia
2877 5279 3154 5349 appellari
3181 5289 3399 5347 posset.
3431 5295 3582 5333 ml"-

2527 5513 2542 5527 .
2624 5475 2669 5508 ³⁸
2702 5477 2861 5533 Psal.
2901 5497 3064 5544 xviii,
3109 5482 3191 5537 10.
3263 5476 3396 5533 “ll
3441 5479 3576 5537 Cor.

2386 5581 2401 5608 ι
2442 5546 2500 5597 2ο
2579 5546 2625 5577 ¹¹
2659 5546 2842 5607 Exod.
2876 5567 2963 5618 ιιι,
3007 5553 3098 5608 14.
