3806 6210
103 305 324 412 I009
1334 333 1406 390 IN
1446 340 1704 402 LIBRUM
1740 343 1972 401 uacum
2008 333 2286 396 IIOMIuA
2324 337 2364 389 ι,
3313 343 3461 397 mm

100 434 354 541 ("‘a.tn
379 419 597 541 dicer‘et
620 427 925 495 Dominus
963 445 1065 500 hoc
1090 446 1190 500 sibi
1214 459 1328 501 esse
1353 461 1578 505 nomen.
1603 454 1811 508 Sciebat
1840 457 1883 513 Α
1916 455 2095 514 homo,
2128 451 2247 520 quis
2271 465 2354 506 me
2381 450 2630 504 liberabit
2663 450 2726 503 de
2751 464 2978 519 corpore
3005 453 3190 507 mortis
3217 454 3370 524 hujus
3387 458 3436 506 ἳ»

103 515 342 615 gain}
370 526 431 567 se
463 515 646 615 Seium
689 537 854 593 esse,
894 549 1186 594 creaturas
1225 552 1349 594 vero
1393 555 1420 592 ει
1450 557 1511 596 se
1543 545 1813 612 accepisse
1911 542 2166 594 Convenit
2193 541 2293 594 hoe
2318 541 2420 594 dici
2451 542 2516 593 de
2541 540 2685 594 omni
2722 541 2953 594 homine.
3003 541 3250 597 Miserum
3290 560 3442 598 nam-

286 613 485 658 essent.
503 603 642 662 Nam
662 622 718 666 et
747 619 970 678 umbra
999 627 1063 679 ad
1093 627 1548 696 comparationem
1572 603 1813 700 corporis
1909 647 2013 700 que
2039 641 2122 686 est
2165 631 2466 686 mortalium
2504 646 2671 699 genus
2696 645 2709 682 :
2740 630 2997 699 siquidem
3031 647 3132 687 non
3174 633 3344 688 solum
3384 634 3436 688 in

142 714 317 784 ῃέιιι
347 704 454 763 est,
491 709 549 752 et
579 700 770 758 fumus
805 711 887 764 ad
921 719 1376 784 comparationem
1403 718 1543 787 ignis
1580 735 1680 774 non
1707 731 1807 776 est.
1911 723 2084 785 malis,
2109 721 2199 775 sed
2243 730 2294 774 et
2343 721 2394 773 in
2426 720 2581 774 bonis
2629 712 3025 787 periclitantur.
3045 720 3204 775 Verbi
3239 723 3433 789 gratia,

161 793 313 870 δάε
340 804 471 860 ergo
508 799 566 846 et
593 808 718 861 quae
749 797 810 851 in
845 805 1018 859 caelis
1055 817 1179 860 sunt
1212 816 1265 860 et
1290 823 1410 876 quae
1445 810 1496 862 in
1541 819 1705 874 terra,
1732 813 1813 864 vi-
1910 813 2140 864 visiones
2174 809 2430 880 quasdam
2463 809 2570 862 vidi
2600 808 2786 870 bonas,
2832 807 2987 861 facta:
3013 819 3137 862 sunt
3167 810 3292 863 mihi
3324 811 3434 864 ela-

193 902 242 952 ςχ
272 882 401 938 bilia
441 892 496 936 et
529 881 870 957 invisibilia,
908 908 1174 963 quantum
1203 899 1267 950 ad
1297 907 1542 952 naturam
1573 902 1660 954 Dei
1689 917 1812 970 per-

211 982 389 1045 tinet,
410 987 518 1026 non
557 983 708 1040 sunt,
765 992 1038 1046 quantum
1068 986 1132 1037 ad
1163 987 1486 1040 voluntatem
1515 987 1804 1049 Crcamris,

231 1074 365 1124 sunt
407 1065 512 1120 boc
547 1066 694 1133 quod
747 1082 812 1121 ea
853 1086 992 1145 esse
1032 1073 1196 1127 voluit
1230 1076 1316 1128 ille
1364 1077 1451 1143 qui
1498 1077 1638 1128 fecit.
1685 1077 1806 1130 Ideo

240 1174 374 1226 ergo
411 1148 628 1221 dicitur,
663 1159 795 1226 quia
829 1179 847 1211 ε
878 1173 1074 1229 praeter
1108 1176 1177 1226 te,
1211 1179 1311 1216 non
1342 1175 1440 1217 est.
1475 1185 1492 1215 ι

277 1235 287 1249 ’
317 1251 406 1304 1‘2.
449 1269 470 1301 ι
499 1249 612 1304 Non
634 1260 716 1305 est
743 1263 938 1320 potens
971 1255 1109 1308 sicut
1147 1255 1304 1318 Deus,
1327 1256 1460 1309 Deus
1492 1267 1673 1311 noster
1695 1262 1754 1309 η.
1784 1277 1800 1307 ι

233 1341 438 1392 Simile
469 1340 680 1394 esthoc
723 1342 798 1394 illi
846 1343 986 1408 quod
1023 1346 1269 1410 superius
1315 1346 1510 1397 dictum
1545 1355 1647 1407 est,
1683 1349 1804 1412 quia

230 1446 346 1483 non
390 1441 475 1484 est
511 1441 731 1485 sanctus
766 1435 907 1486 sicut
937 1433 1213 1488 Dominus.
1254 1436 1402 1488 Sicut
1430 1437 1568 1488 enim
1599 1437 1666 1490 ibi
1701 1455 1802 1490 non

227 1519 404 1584 dixit,
435 1521 568 1583 quia
601 1535 704 1572 non
739 1530 822 1574 est
858 1532 1073 1576 sanctus
1101 1525 1404 1592 quisquam,
1450 1528 1540 1580 sed
1591 1542 1690 1580 non
1727 1537 1806 1581 est

221 1617 467 1662 sanctus
493 1609 638 1661 sicut
666 1609 940 1670 Dominus,
980 1619 1036 1663 ut
1060 1614 1370 1666 ostenderet
1395 1614 1516 1681 quia
1546 1614 1645 1667 etsi
1679 1623 1804 1668 sunt

221 1697 442 1756 sancti.
475 1706 662 1751 tamen
691 1715 849 1754 nemo
880 1701 955 1754 ita
983 1712 1066 1755 est
1087 1715 1308 1756 sanctus
1331 1713 1387 1756 ut
1411 1712 1490 1756 est
1516 1703 1798 1756 Dominus:

223 1783 306 1837 ita
346 1795 408 1839 et
442 1787 498 1839 in
541 1788 647 1841 hoc
681 1789 798 1842 loco
832 1793 936 1844 etsi
979 1791 1052 1846 sit
1079 1791 1267 1860 aliquis
1299 1803 1506 1860 potens,
1532 1810 1550 1842 ι
1571 1808 1672 1848 non
1698 1805 1799 1860 est,

219 1872 443 1940 inquit,
479 1885 677 1943 potens
711 1879 855 1933 sicut
888 1879 1026 1934 Deus
1061 1891 1260 1935 noster.
1288 1901 1306 1933 ι

301 1961 398 2014 15.
446 1981 466 2013 ο
494 1963 680 2018 Nolite
718 1965 1078 2034 multiplicare
1125 1969 1266 2036 loqui
1318 1969 1606 2024 excelsa."
1633 1997 1652 2022 ι
1697 1973 1803 2026 Cur

217 2064 340 2135 non
383 2052 574 2105 dixit:
612 2052 789 2108 Nolite
830 2055 972 2123 loqui
1028 2057 1276 2135 excelsa?
1322 2059 1460 2127 Ergo
1506 2061 1629 2114 licet
1674 2061 1800 2114 mihi

213 2128 420 2208 aliqua
458 2142 614 2209 loqui
653 2144 889 2208 excelsa,
922 2128 1278 2214 multiplicare
1309 2158 1484 2203 autem
1517 2151 1721 2204 excelsa
1750 2159 1800 2202 et

214 2228 405 2279 ardua
453 2243 566 2282 non
603 2229 732 2282 mihi
769 2229 915 2295 licet,
955 2232 1054 2285 hoc
1093 2234 1235 2286 enim
1289 2234 1497 2287 videtur
1533 2236 1798 2304 designari

211 2330 328 2383 {er
362 2317 419 2368 id
453 2319 611 2384 quod
643 2319 842 2372 dictum
877 2329 998 2373 est:
1033 2321 1246 2374 «Nolite
1274 2322 1626 2390 multiplicare
1659 2325 1798 2394 loqui

212 2403 484 2458 excelsa.
514 2423 532 2455 ι
571 2406 710 2470 Quid
745 2421 872 2473 ergo
906 2424 998 2475 per
1028 2409 1129 2462 hoc
1175 2411 1458 2474 indicetur,
1496 2413 1800 2470 considere-

212 2507 374 2546 mus.
399 2493 521 2547 Non
556 2496 888 2562 permittitur
911 2497 1156 2552 humanae
1185 2513 1386 2555 natura:
1408 2503 1568 2556 multa
1590 2508 1796 2560 excelsa

210 2579 406 2650 loqui,
445 2598 630 2651 neque
661 2585 823 2638 multa
857 2587 1070 2640 excelsa
1109 2589 1423 2666 intelligere.
1458 2591 1588 2645 Nam
1619 2603 1671 2647 et
1699 2594 1799 2648 Sa-

208 2671 415 2725 lomon
452 2673 650 2726 dicit“
679 2696 692 2727 ;
719 2693 737 2723 ι
758 2674 960 2728 Altiora
993 2686 1042 2730 te
1070 2691 1134 2730 ne
1160 2678 1454 2744 qumsieris,
1487 2690 1540 2732 et
1575 2682 1794 2734 fortiora

207 2767 273 2816 te
300 2775 381 2814 ne
419 2770 698 2824 scrutere,
741 2764 838 2817 sed
881 2765 946 2816 de
989 2766 1179 2831 quibus
1212 2766 1302 2820 tibi
1336 2777 1659 2834 praaceptum
1692 2780 1792 2832 est,

210 2851 339 2904 hac
370 2850 648 2916 intellige.
682 2871 700 2902 ι
738 2851 880 2921 Ergo
908 2865 963 2908 et
998 2855 1048 2907 in
1079 2855 1178 2908 hoc
1201 2855 1318 2910 loco
1349 2857 1546 2910 dicitur
1579 2877 1597 2909 ι
1617 2859 1798 2912 excel-

207 2959 335 3008 sa,»
375 2959 486 2996 non
519 2953 579 2996 ut
605 2945 828 2998 omnino
852 2959 956 2999 non
985 2961 1213 3014 quaeras,
1240 2949 1330 3002 sed
1362 2964 1426 3002 ne
1453 2950 1622 3004 dehis
1651 2956 1793 3004 mul-

209 3032 449 3097 tiplices
473 3033 826 3098 qumstiones.
856 3033 1181 3101 Respicienti
1214 3037 1407 3104 quippe
1452 3039 1516 3090 ad
1554 3039 1790 3092 imbecil-
1818 3047 1859 3102 C

205 3119 440 3174 litatem
493 3120 827 3174 conditionis
870 3122 1148 3188 humanae,
1197 3125 1419 3180 sufﬁciat
1467 3128 1559 3181 tibi
1607 3144 1668 3182 ea
1727 3132 1792 3184 de

205 3209 460 3263 excelsis
499 3217 556 3262 et
596 3211 780 3262 arduis
815 3211 895 3262 vel
930 3211 1216 3278 inquisisse
1251 3215 1332 3266 vel
1365 3217 1632 3285 proloqui,
1674 3234 1792 3287 qua:

207 3295 399 3348 vitam
457 3294 542 3348 vel
594 3295 999 3362 inquirentibus
1038 3300 1119 3352 vel
1158 3299 1496 3368 loquentibus
1534 3305 1787 3362 tribuant.

207 3382 359 3446 Qum
393 3392 577 3436 autem
605 3393 732 3435 sunt
759 3385 810 3438 iu
840 3386 1034 3452 quibus
1061 3389 1267 3440 excelsa
1297 3404 1380 3442 me
1410 3390 1550 3458 loqui
1578 3407 1792 3449 necesse

207 3470 347 3521 est?
386 3468 621 3532 Quando
654 3470 720 3524 de
751 3473 1135 3540 nmnipotentia
1185 3475 1274 3528 Dei
1312 3476 1517 3542 loquor,
1550 3479 1616 3531 de
1659 3481 1792 3534 iuvi-

209 3557 498 3611 sibilitate
548 3566 606 3610 et
644 3560 1074 3625 sempiternitate
1121 3561 1258 3628 ejus,
1316 3565 1526 3618 excelsa
1579 3567 1786 3634 loquor.

208 3643 567 3709 Quandode
599 3643 875 3712 Unigeniti
923 3647 1038 3713 ejus
1073 3651 1438 3705 cozeteruitate
1476 3656 1790 3724 caeterisque

207 3733 345 3798 ejus
401 3733 684 3800 mysteriis
731 3736 1039 3800 pronuntio,
1082 3738 1290 3790 excelsa
1327 3739 1532 3806 loquor.
1567 3742 1786 3807 Quando

207 3822 285 3875 de
337 3822 523 3875 sancti
581 3820 820 3888 Spiritus
867 3824 1260 3893 magniﬁcentia
1300 3828 1524 3892 dissero,
1579 3835 1785 3888 excelsa

208 3912 447 3978 loquor.
487 3911 545 3963 In
579 3910 665 3962 his
699 3920 904 3964 tantum
961 3914 1112 3967 nobis
1158 3919 1470 3972 conceditur
1508 3919 1648 3990 loqui
1695 3938 1789 3977 ex-

207 4001 398 4054 celsa.
440 3999 579 4053 Post
610 4001 729 4053 haec
762 4000 862 4052 tria
905 4000 1016 4068 jam
1052 4003 1180 4055 nihil
1226 4004 1462 4072 loquaris
1489 4011 1784 4064 excelsum.

207 4091 424 4144 Omnia
459 4091 610 4143 enim
658 4091 878 4143 humilia
919 4102 1041 4145 sunt
1073 4103 1126 4147 et
1157 4095 1379 4161 dejecta,
1423 4109 1678 4165 quantum
1722 4101 1786 4154 ad

208 4179 525 4233 Trinitatis
562 4177 727 4245 hujus
755 4178 1126 4235 celsitudinem
1169 4193 1394 4250 spectat.
1445 4185 1615 4242 Nolite
1657 4205 1785 4262 ergo

212 4268 608 4336 multiplicare
638 4267 782 4334 loqui
809 4268 1045 4334 excelsa,
1079 4271 1178 4325 nisi
1206 4261 1271 4326 de
1299 4273 1458 4328 Patre
1487 4283 1540 4329 et
1565 4277 1702 4332 Filio
1733 4271 1787 4333 et

1911 901 2058 954 tioni.
2084 900 2245 969 Signa
2272 908 2324 951 et
2345 899 2579 966 prodigia
2611 912 2705 966 per
2732 913 2814 950 me
2846 896 3061 966 impleta
3084 908 3226 961 sunt,
3253 913 3436 966 super-

1907 990 2004 1042 bus
2032 987 2250 1042 eﬂ'ectus
2278 1003 2390 1040 sum
2433 988 2483 1038 in
2519 985 2691 1040 bonis.
2725 985 2945 1040 Servavi
2989 985 3267 1054 justitiam,
3303 1002 3435 1040 con-

1910 1076 2205 1138 tinentiam,
2241 1077 2510 1135 virtutem,
2558 1075 2651 1127 sed
2687 1073 2736 1126 in
2773 1075 2856 1126 his
2891 1072 3183 1140 periclitor.
3216 1073 3435 1138 Quando

1905 1167 2046 1218 enim
2082 1165 2209 1217 nihil
2253 1162 2392 1216 aliud
2445 1162 2629 1215 fecerit
2676 1162 2922 1225 Zahulus,
2959 1177 3054 1230 pro
3085 1162 3164 1214 his
3189 1162 3438 1217 omnibus

1907 1255 2126 1306 suscitat
2161 1253 2284 1304 Inibi
2325 1251 2654 1320 superbiam,
2679 1252 2747 1302 ita
2779 1260 2833 1302 ut
2867 1261 3047 1318 postea
3076 1251 3299 1305 habeam
3334 1266 3435 1305 an-

1905 1342 2076 1408 gelum
2113 1342 2323 1393 Satanac
2351 1344 2440 1408 qui
2476 1355 2558 1394 me
2586 1340 2904 1407 colaphizet,
2941 1341 3012 1392 uti
3044 1327 3110 1393 ne
3130 1340 3356 1393 extollar
3379 1351 3439 1396 et.

1904 1439 2058 1482 exeat
2088 1430 2494 1498 magniloquium
2523 1428 2586 1481 de
2610 1442 2702 1482 ore
2730 1429 2924 1493 meo",
2953 1428 3003 1482 id
3027 1439 3127 1491 est,
3155 1445 3220 1483 ne
3244 1446 3428 1499 magna

1905 1517 1969 1571 de
2027 1519 2228 1584 meipso
2281 1517 2484 1584 loquar,
2541 1517 2788 1583 quoniam
2840 1516 3050 1583 quidem
3109 1518 3432 1570 exterminat

1907 1605 2158 1659 Dominus
2203 1605 2342 1658 labia
2396 1605 2598 1668 dolosa,
2639 1614 2692 1659 et
2749 1605 2978 1672 linguam
3031 1605 3436 1673 magniloquatn.

1903 1707 2083 1746 eorum
2122 1697 2210 1761 qui
2246 1694 2548 1747 dixerunt"
2577 1713 2588 1746 :
2619 1712 2635 1743 ι
2659 1693 2918 1762 Linguam
2949 1703 3183 1747 nostram
3221 1696 3430 1762 magni-

1907 1783 2200 1837 licavimus.
2265 1781 2377 1835 Non
2425 1796 2551 1849 ergo
2588 1792 2740 1835 exeat
2784 1782 3200 1849 magniloqulum
3242 1783 3306 1836 de
3338 1796 3431 1836 ore

1901 1881 2097 1932 vestro,
2129 1871 2250 1936 quia
2291 1871 2443 1923 fortis
2470 1871 2811 1924 scientiarum
2837 1869 3112 1925 Dominus.
3136 1889 3152 1921 ι

1969 1957 2056 2010 15.
2092 1975 2115 2007 σ
2141 1956 2206 2008 Et
2255 1971 2356 2008 non
2399 1958 2816 2008 emendaverunt
2858 1966 3206 2022 excusantes;
3241 1977 3258 2008 ι
3296 1960 3435 2013 sicut-

1899 2055 1953 2101 et
2000 2045 2072 2100 ibi
2122 2046 2318 2100 dictum
2358 2047 2491 2099 est"
2524 2063 2536 2098 :
2566 2043 2717 2098 «Non
2766 2045 2994 2100 declinet
3032 2061 3125 2101 cor
3173 2059 3316 2101 tuum
3371 2049 3428 2102 in

1897 2136 2059 2190 verba
2097 2136 2236 2190 mala
2285 2134 2348 2186 ad
2396 2134 2725 2188 excusandas
2769 2136 3145 2189 excusationes
3197 2138 3248 2191 in
3299 2152 3424 2204 pec-

1899 2224 2034 2278 catis
2083 2238 2201 2276 cum
2264 2222 2570 2276 hominibus
2623 2222 2966 2290 operantibus
3020 2223 3418 2292 iniquitatem.»

1899 2312 1963 2364 Et
1992 2312 2042 2364 in
2076 2309 2366 2363 Proverbiis
2395 2309 2650 2364 dicitur‘o
2674 2327 2686 2362 :
2715 2328 2735 2361 ι
2771 2311 3089 2366 Occasiones
3117 2313 3317 2381 accipit
3341 2317 3422 2383 pi-

1897 2415 1988 2467 ger
2031 2409 2088 2452 et
2129 2399 2254 2452 dicit
2293 2417 2306 2451 :
2342 2397 2450 2453 Leo
2497 2406 2576 2453 est
2627 2399 2680 2452 in
2734 2401 2818 2452 via
2847 2439 2862 2463 ,
2917 2400 2969 2454 in
3023 2400 3208 2468 plateis
3249 2412 3428 2454 autem

1897 2488 2193 2541 homicidae.
2228 2505 2246 2538 ι
2285 2487 2584 2540 Invenimus
2623 2501 2752 2556 ergo
2783 2487 2916 2541 tales
2944 2501 3060 2542 esse
3096 2499 3420 2556 peccatores,

1894 2575 2058 2646 489
2085 2584 2396 2630 accusantes
2417 2577 2592 2630 omnia
2633 2577 2798 2644 magis
2823 2590 2980 2644 quam
3011 2577 3339 2644 semetipsos,
3370 2586 3424 2632 et

1895 2666 2202 2719 occasiones
2249 2665 2463 2718 sibimet
2509 2665 2906 2718 excusationqu
2965 2665 3242 2734 tingentes,
3297 2681 3415 2719 cum

1895 2752 2377 2808 dicunt:Zabulus
2416 2768 2499 2807 me
2544 2754 2917 2821 supplantavit,
2964 2755 3152 2808 mulier
3206 2769 3288 2807 me
3335 2770 3421 2808 se-

1894 2841 2062 2905 duxit,
2100 2842 2187 2896 ille
2214 2842 2339 2894 mihi
2380 2845 2710 2896 occasionem
2747 2843 2989 2910 pra-stitit
3024 2855 3079 2897 ut
3107 2859 3380 2912 peccarem
3401 2883 3429 2910 ,.

1895 2933 2232 2998 cumulique
2273 2942 2544 3000 eporteret
2596 2934 2898 2987 meminisse
2946 2936 3188 3001 przecepti
3238 2936 3420 2989 dicen-

1895 3021 2045 3074 tis";
2065 3038 2083 3070 ι
2113 3022 2202 3075 Dic
2227 3032 2279 3074 tu
2305 3033 2517 3088 peccata
2546 3032 2634 3076 tua
2650 3024 2794 3084 prior
2821 3023 3236 3090 utjnstiflceris:
3269 3045 3286 3076 ι
3316 3041 3420 3080 non

1897 3111 2035 3162 enim
2083 3111 2369 3164 emendant
2399 3114 2790 3175 excusationes,
2827 3127 2995 3180 neque
3042 3115 3145 3178 hic,
3177 3129 3344 3182 neque
3371 3117 3420 3170 in

1899 3198 2099 3262 futuro,
2131 3200 2176 3252 si
2217 3200 2353 3253 male
2383 3200 2689 3256 fecerimus.
2725 3201 2825 3254 Sed
2873 3211 2924 3254 et
2955 3202 3080 3255 illud
3112 3204 3162 3257 in
3195 3219 3422 3259 excursu

1897 3288 2201 3357 contingere
2217 3291 2576 3344 necessarium
2611 3291 2835 3343 videtur.
2861 3290 3049 3344 Mirum
3081 3296 3273 3362 quippe
3296 3309 3424 3348 cou-

1898 3379 2027 3432 tinet
2048 3395 2282 3444 sensum,
2318 3384 2438 3448 quia
2467 3383 2721 3451 scriptum
2751 3392 2833 3437 est
2852 3385 2895 3416 ³²
2923 3400 2936 3436 :
2968 3384 3187 3440 «Justus
3207 3392 3316 3456 ipse
3337 3391 3420 3444 sui

1895 3475 2174 3518 accusator
2205 3467 2262 3519 lit
2293 3468 2342 3519 in
2371 3468 2630 3535 principio
2653 3470 2912 3524 sermonis
2936 3473 3072 3533 θυι..
3099 3488 3216 3526 cum
3243 3483 3422 3530 tamen

1896 3553 2119 3620 injustus
2153 3569 2255 3608 non
2285 3555 2354 3608 sit
2383 3558 2462 3609 sui
2491 3567 2772 3610 aecusator
2800 3595 2815 3620 ,
2859 3560 2948 3612 sed
2977 3561 3217 3614 aliorum.
3268 3562 3420 3616 Sicut

1893 3649 1946 3693 et
1982 3641 2208 3696 Zabulus
2237 3654 2514 3698 accusator
2546 3646 2755 3712 quidem
2784 3655 2887 3711 est,
2932 3656 3208 3701 accusator
3240 3660 3416 3704 autem

1894 3744 1996 3782 non
2042 3730 2144 3793 sui,
2191 3731 2283 3784 sed
2337 3731 2577 3786 fratrum.
2609 3733 2821 3788 lutet-im
2851 3749 3036 3790 omnes
3081 3749 3295 3790 necesse
3336 3751 3420 3793 est

1894 3819 2130 3872 accusari
2162 3834 2175 3870 :
2207 3820 2298 3873 sed
2327 3821 2606 3888 siquidem
2635 3822 2809 3890 justus
2846 3825 3012 3888 fuero,
3045 3839 3146 3876 non
3169 3838 3420 3892 exspecto

1894 3916 1950 3960 ut
1976 3907 2110 3961 alius
2139 3921 2221 3961 me
2237 3917 2478 3972 accuset,
2510 3911 2600 3962 sed
2635 3911 2744 3977 ipse
2768 3911 2868 3963 mei
2899 3921 3174 3964 accusator
3193 3913 3416 3966 exsisto.

1895 3997 2108 4050 Plenius
2146 4006 2321 4050 tamen
2357 3997 2514 4050 velim
2571 3998 2865 4061 discutere,
2920 4000 3184 4066 quomodo
3245 4012 3417 4069 potest

1888 4083 2064 4152 justus
2115 4084 2197 4136 sui
2245 4095 2522 4137 accusator
2556 4099 2698 4140 esse.
2749 4086 2962 4139 Certum
2991 4094 3070 4140 est
3101 4087 3224 4154 quia
3251 4088 3418 4141 donec

1893 4171 2014 4239 quis
2051 4179 2235 4240 peccat
2267 4181 2320 4224 et
2350 4183 2622 4239 permanet
2654 4174 2705 4225 iu
2757 4173 2985 4237 delictis,
3027 4187 3199 4242 neque
3240 4175 3418 4242 justus

1891 4270 1993 4325 est,
2045 4276 2217 4329 neque
2247 4271 2525 4314 accusator
2558 4269 2638 4315 est
2686 4263 2790 4318 sui.
2842 4261 2958 4316 Non
3010 4263 3152 4315 enim
3203 4272 3418 4317 accusat

211 4357 436 4426 Spiritu
471 4365 694 4411 sancto.
729 4355 794 4409 Et
823 4365 878 4408 ut
914 4357 1124 4424 plenius
1155 4362 1494 4417 manifestum
1524 4367 1613 4420 fiat
1643 4371 1786 4437 quod
1821 4353 1863 4406 D
1893 4352 2032 4419 quod
2061 4353 2189 4419 agit.
2219 4351 2349 4402 Cum
2401 4365 2528 4402 vero
2582 4350 2887 4415 paenituerit
2932 4367 2960 4400 a
3018 4349 3245 4414 delictis,
3293 4358 3417 4402 tunc

211 4446 529 4514 loquimur,
588 4452 806 4496 utamur
864 4444 1062 4509 adhuc,
1107 4447 1152 4499 si
1203 4449 1436 4516 videtur,
1483 4457 1782 4524 exemplis:

209 4535 377 4588 verbi
411 4533 592 4602 gratia
631 4541 821 4599 gentes
865 4532 1057 4587 multos
1099 4535 1441 4590 introducunt
1489 4541 1634 4596 deos.
1668 4544 1786 4598 Ista:

210 4621 606 4688 multiplicant
659 4621 802 4688 loqui
855 4623 1082 4675 excelsa.
1121 4621 1500 4680 llaereticorum
1543 4631 1783 4699 quidam,

211 4710 675 4777 derelinquentes
723 4717 1016 4764 creatorem
1074 4711 1277 4775 mundi,
1323 4723 1376 4766 et
1415 4714 1603 4769 Filium
1645 4720 1781 4788 ejus,

211 4800 436 4868 fingunt
463 4799 571 4853 sibi
608 4799 773 4852 alium
802 4801 990 4853 nescio
1017 4813 1180 4866 quem
1215 4801 1560 4856 excelsiorem
1603 4804 1781 4871 deum,

213 4897 269 4941 et
298 4887 441 4941 alios
462 4886 719 4940 similiter
744 4887 1112 4946 introducunt,
1135 4887 1246 4939 sive
1272 4903 1402 4956 quos
1425 4890 1644 4956 αἰῶνας,
1673 4895 1786 4949 sive

214 4991 362 5043 quos
409 4976 550 5030 deos
595 4973 884 5042 appellant.
915 4973 982 5028 Et
1032 4973 1125 5026 isti
1164 4988 1290 5039 ergo
1323 4975 1672 5044 multiplicant
1701 4980 1782 5036 lo-

207 5068 306 5134 qui
339 5064 588 5120 excelsa.

285 5154 380 5207 14.
441 5169 462 5200 ι
492 5149 610 5204 Non
642 5159 792 5203 exeat
816 5147 1244 5215 magniloqnium
1267 5148 1332 5201 de
1363 5163 1454 5202 ore
1476 5161 1652 5206 vestro
1670 5155 1735 5206 ".
1761 5173 1779 5204 ι

209 5241 350 5293 Vide
391 5239 527 5306 quid
580 5237 774 5291 dictum
818 5244 898 5289 est
944 5235 1015 5285 ab
1064 5233 1383 5298 Apostolo"
1411 5253 1424 5288 =
1453 5236 1654 5292 «Μίδαν
1685 5255 1784 5307 θεο

278 5438 324 5466 η
362 5431 544 5497 ιῃρε,
577 5443 635 5497 η,
665 5427 715 5497 2.
778 5421 1014 5497 _f’_ib_iil.
1065 5420 1121 5470 3.
1221 5423 1482 5497 "_Ecc_li._
1513 5442 1596 5490 ιιι,
1637 5429 1728 5486 22.

205 5505 254 5534 "
278 5502 429 5555 l'sal.
461 5488 555 5553 τῖι.
581 5496 631 5550 5,
659 5495 699 5543 ί.
775 5495 812 5523 '9
832 5488 970 5542 Psal.
999 5499 1160 5555 cur,
1265 5494 1320 5544 4,

210 5551 360 5635 ιιξί,
441 5565 484 5595 ³⁵
517 5551 654 5615 Ιίεειι.
679 5576 728 5620 ιι,
757 5560 790 5611 2
817 5567 864 5608 et
897 5551 1052 5604 l'sal.
1093 5566 1206 5620 νιι,
1231 5559 1319 5611 15.

1806 5437 1851 5464 ’⁸
1893 5437 1909 5483 l
1955 5437 2081 5483 Rea.

1396 5431 1461 5479 :h’.
1513 5442 1596 5490 ιιι,
1637 5431 1728 5486 22.
1806 5437 1851 5464 “
1893 5431 1909 5484 l
1955 5432 2081 5500 Reg.
2125 5448 2182 5493 ιι,
2221 5431 2274 5486 5.
2366 5431 2410 5461 ’⁸
2442 5431 2479 5482 Β

1396 5494 1436 5525 ³⁸
1459 5495 1624 5558 Prov.
1662 5514 1818 5566 xxvi,
1843 5502 1928 5555 13.
2002 5501 2038 5532 ³⁸
2072 5499 2189 5553 Lai.
2221 5498 2479 5563 xun,‘26.

1885 4441 2064 4508 justus
2086 4439 2340 4503 eilicitur,
2381 4446 2436 4491 et
2467 4452 2568 4490 non
2614 4437 2858 4502 alterius,
2901 4437 2994 4490 sed
3023 4438 3102 4491 sui
3137 4447 3416 4492 accusator

1888 4529 2112 4584 exsistit.

1958 4619 2045 4674 l6.
2074 4636 2091 4668 ι
2129 4617 2300 4670 Arcus
2335 4616 2626 4684 potentium
2659 4615 2957 4670 infirmatus
2988 4624 3070 4669 est
3096 4618 3158 4670 ⁸³.
3189 4640 3206 4671 ι
3229 4619 3416 4682 .lacula

1889 4707 2241 4775 maligniqua‘.
2277 4705 2526 4758 dicuntur
2563 4704 2746 4771 ignita,
2779 4719 2874 4770 per
2909 4721 3089 4761 arcum
3124 4711 3432 4775 potentium

1891 4797 2224 4848 emittuntur.
2284 4794 2732 4848 Potentes-autem
2758 4794 2984 4850 virtutes
3036 4798 3282 4851 dicuntur
3321 4798 3416 4854 ad-

1889 4897 2080 4948 versae,
2106 4883 2173 4938 de
2209 4883 2399 4952 quibus
2427 4882 2620 4936 dicitur
2642 4883 2716 4946 ³⁸,
2753 4900 2778 4933 «ν
2814 4885 2936 4951 quia
2964 4899 3089 4939 ecce
3112 4894 3415 4952 peccatores

1890 4974 2228 5029 intenderunt
2253 4987 2458 5034 arcum,
2489 4973 2618 5026 etin
2642 4973 2757 5040 ipso
2783 4984 3107 5043 paraverunt
3127 4988 3250 5026 vasa
3281 4987 3416 5024 mor-

1890 5063 1978 5116 tis.
2017 5082 2035 5112 ο
2070 5062 2133 5114 Ει
2161 5062 2351 5116 iterum
2383 5077 2394 5112 :
2432 5079 2450 5111 ι
2487 5060 2722 5128 Sagittas
2764 5077 2890 5114 suas
2931 5061 3241 5113 ardentibus
3283 5057 3411 5110 επε-

1889 5150 1982 5211 cit.
2016 5168 2036 5201 ι
2080 5148 2184 5204 Sed
2214 5161 2266 5204 et
2291 5165 2432 5204 nunc
2457 5152 2670 5212 dicitur,
2718 5151 2840 5216 quia
2874 5165 2892 5196 ι
2927 5161 3085 5199 arcus
3123 5146 3412 5213 potentium

1888 5240 2186 5295 inﬁrmatus
2213 5249 2311 5294 est.
2349 5260 2368 5292 ι
2404 5240 2462 5294 Si
2487 5239 2630 5294 enim
2661 5239 2876 5292 indutus
2907 5236 2982 5286 sis
3018 5233 3183 5284 armis
3212 5229 3328 5290 Dei,
3368 5231 3415 5282 si

2947 5419 2991 5447 ’⁷
3025 5417 3065 5468 11
3091 5415 3212 5470 Cor.
3241 5430 3339 5474 xu,
3363 5417 3421 5471 7.

2366 5430 2410 5461 as
2442 5430 2594 5482 Rom.
2627 5441 2720 5487 vn,
2756 5421 2845 5475 24.
2947 5421 2991 5447 ’⁷
3025 5421 3065 5468 ll
3091 5421 3212 5470 Cor.
3241 5430 3339 5474 ιιιι,
3363 5421 3421 5471 7.

2366 5498 2479 5553 .‘26.
2557 5496 2599 5527 ⁸¹
2630 5493 2780 5546 l‘rov.
2810 5498 2960 5545 ινιιι,
2998 5485 3086 5536 18.
3159 5481 3248 5532 ⁸³1
3289 5483 3425 5553 Reg.

2125 5448 2182 5493 ιι,
2221 5431 2274 5486 5.
2366 5431 2410 5461 ’⁸
2442 5431 2594 5482 Rom.
2627 5441 2720 5487 vII,
2756 5431 2845 5475 24.
2949 5431 2988 5447 ³⁸
3025 5431 3065 5468 ιι

2125 5501 2189 5546 ai.
2221 5513 2372 5546 XLIII.
2395 5498 2479 5546 ‘26.
2557 5496 2599 5527 ⁸³
2630 5493 2780 5546 l‘l'ov.
2810 5498 2960 5545 XVIII,
2998 5485 3086 5536 18.
