3806 6206
215 256 367 313 tuti

1359 274 1425 327 lN
1464 274 1711 329 LIBRUM
1749 275 1980 332 REGUM
2016 274 2293 329 llOMlLlA
2331 278 2394 331 ll.

3303 278 3438 336 ιοιι
3490 284 3495 289 ’

221 370 401 437 ἡμᾶς,
438 365 650 457 ἴδωμεν
713 372 948 445 πότερόν
985 392 1115 428 ποτε
1154 378 1391 447 νενόηται
1424 383 1456 449 ἡ
1508 381 1694 450 Γραφὴ
1739 378 1804 448 τᾷ

1915 390 2199 436 concutere
2232 383 2421 446 Valeat,
2476 383 2748 438 videamus
2793 394 2966 441 utrum
3010 397 3154 444 recte
3196 386 3436 457 Scriptu-

221 458 393 511 τοῦτο
423 456 507 526 μὴ
547 461 1005 534 παραδεξαμένῳ·
1036 465 1069 534 ἢ
1108 467 1213 519 ἀπὸ
1237 467 1453 533 ἐνδόξων
1489 470 1584 538 μὲν
1614 470 1812 537 ἐπιχει-

229 550 353 617 ρεῖ,
408 548 637 601 ἐναντία
683 551 745 603 δὲ
773 552 923 620 λέγει
961 558 1068 617 τοῖς
1094 558 1505 626 γεγραμμένοις.
1533 558 1663 610 Τίνα
1707 558 1813 628 γὰρ

219 632 360 685 ἐστι
380 634 454 686 τά
485 639 890 708 γεγραμμένα;
921 659 940 691 ι
980 643 1087 695 Kal
1120 638 1268 697 εἶπεν
1298 647 1331 715 ἡ
1352 648 1505 715 γυνή·
1539 644 1669 698 Τίνα
1694 645 1814 698 ἀνα-

222 720 400 788 τὰγω
423 738 552 787 σοι;
590 742 608 773 »
644 725 805 789 Τίνος
835 729 1119 798 πρόσωπόν
1155 734 1267 783 ἐστι
1295 733 1355 784 τὸ
1382 733 1552 799 λέγον,
1588 753 1608 785 ι
1649 729 1812 786 Εἶπεν

221 811 262 877 ἡ
288 812 476 880 γυνή;
532 831 553 863 »
596 808 747 884 Ἆρα
781 818 843 867 τὸ
872 819 1153 887 πρόσωπον
1190 820 1339 886 ἀγίου
1378 821 1706 890 Πνεύματος,
1754 821 1813 886 ἐξ

219 895 294 950 οὗ
327 900 707 953 πεπίστευται
732 904 1134 975 ἀναγεγράφθαι
1164 911 1198 977 ἡ
1235 910 1273 959 Γ
1279 910 1441 979 ραφὴ,
1472 911 1504 980 ἢ
1533 913 1811 979 πρόσωπον

219 988 402 1042 ἄλλου
434 990 631 1053 τινός;
670 992 744 1044 T6
764 991 872 1063 γὰρ
899 994 1279 1064 διηγηματικὸν
1315 999 1595 1068 πρόσωπον
1622 1018 1812 1053 παντα-

221 1078 358 1145 χοῦ,
389 1078 474 1141 ὡς
521 1081 673 1132 ἴσασι
706 1081 800 1133 καὶ
824 1084 874 1133 οἱ
904 1082 1028 1150 περὶ
1058 1084 1416 1147 παντοδαποὺς
1434 1087 1700 1154 γενόμενοι
1727 1088 1810 1141 λό-

219 1182 394 1231 γους,
431 1168 564 1219 ἐστὶ
596 1169 888 1237 πρόσωπον
932 1168 1024 1221 τοῦ
1064 1173 1431 1241 συγγραφέως.
1468 1175 1810 1243 Συγγραφεὺς

217 1255 285 1307 δὲ
316 1258 419 1309 ἐπὶ
456 1257 676 1310 τούτων
700 1260 808 1312 τῶν
840 1259 1009 1327 λόγων
1046 1262 1389 1316 πεπίστευται
1424 1260 1557 1317 εἶναι
1592 1266 1689 1316 οὐκ
1719 1264 1811 1317 ἀν-

220 1343 492 1415 θρωπος,
534 1346 674 1398 ἀλλά
719 1350 1061 1418 συγγραφεὺς
1108 1351 1167 1402 τὸ
1198 1338 1415 1421 Πνεῦμα
1450 1353 1509 1403 τὸ
1545 1353 1713 1419 ἅγιον,
1750 1355 1809 1408 τὸ

220 1435 479 1504 κινῆσαν
510 1436 640 1498 τοὺς
669 1436 1001 1506 ἀνθρώπους·
1030 1440 1220 1492 οὐκοῦν
1243 1439 1302 1492 τὸ
1340 1441 1558 1510 Πνεῦμα
1584 1441 1641 1493 τὸ
1662 1442 1807 1509 ἆγιον

219 1522 410 1590 λέγει’
463 1542 485 1573 ι
529 1526 645 1577 Kal
691 1521 1067 1596 εἷπενὴγυνή·
1104 1527 1232 1578 Τίνα
1279 1528 1530 1596 ἀναγάγω
1562 1546 1669 1592 σοι;
1715 1530 1807 1581 καὶ

218 1606 381 1664 εἶπεν
420 1612 693 1682 Σαμουὴλ
721 1612 958 1680 ἀνάγαγέ
990 1631 1095 1681 μοι.
1124 1633 1141 1664 »
1164 1615 1257 1677 Τίς
1291 1614 1453 1681 λέγει·
1490 1633 1507 1665 ι
1544 1617 1651 1667 Kal
1675 1611 1806 1669 εἶδεν

1913 484 1996 520 ras
2016 471 2333 537 perceperit,
2368 471 2459 537 qui
2490 471 2542 523 id
2570 486 2671 524 non
2700 471 2951 539 admittit,
2984 476 3067 528 vel
3099 490 3433 545 argumente-

1912 566 1997 610 tur
2059 557 2126 612 ab
2172 557 2482 621 illustribus,
2544 559 2941 628 pugnantiaque
2984 563 3125 616 dicat
3170 565 3274 623 illis
3318 581 3435 634 qua:

1910 647 2106 714 scripta
2157 655 2301 702 sunt.
2350 645 2483 701 Nam
2529 662 2646 716 quae
2671 658 2793 701 sunt
2825 652 3019 719 scripta
3043 652 3124 706 "?
3161 673 3181 705 ι
3209 655 3273 709 Ει
3301 655 3441 710 dixit

1910 737 2114 802 mulier,
2138 737 2304 804 Quem
2331 738 2565 793 evocabo
2593 738 2720 793 tibi?
2749 757 2767 789 »
2794 737 3078 807 Cuiusnam
3104 752 3184 797 est
3206 759 3432 812 persona

1913 827 2019 889 illa,
2063 841 2179 893 quae
2229 825 2360 879 dicit
2392 842 2407 879 :
2439 826 2622 880 «Dixit
2667 826 2927 881 mulier?»
2977 829 3163 885 Annon
3208 847 3433 900 persona

1911 913 2141 981 Spiritus
2166 915 2360 978 sancti,
2399 928 2427 965 a
2461 929 2565 980 quo
2593 915 2798 969 divinas
2825 915 3029 969 litteras
3056 919 3281 988 scriptas
3318 937 3435 976 esse

1910 1003 2192 1065 credimus,
2220 1001 2301 1057 vel
2337 1001 2557 1058 alterius
2613 1004 2942 1072 cuiuspiam?
2975 1004 3177 1074 Quippe
3212 1023 3431 1075 persona

1910 1105 2131 1143 narrans
2179 1090 2392 1158 ubique,
2446 1095 2892 1160 quemadmodum
2946 1096 3034 1163 qui
3090 1109 3185 1162 per
3250 1112 3436 1152 omnes

1909 1178 2170 1234 orationis
2220 1181 2406 1232 modos
2450 1180 2645 1233 versati
2681 1192 2803 1234 sunt
2851 1183 3052 1249 optime
3097 1183 3310 1244 callent.
3342 1200 3437 1238 au-

1910 1266 2070 1320 eloris
2099 1281 2317 1333 persona
2347 1268 2530 1320 est..At
2565 1276 2863 1323 sermonum
2882 1270 3069 1323 borum
3101 1282 3306 1339 auctor,
3330 1290 3435 1339 non

1910 1356 2088 1417 homo,
2131 1354 2222 1407 sed
2266 1355 2495 1422 Spiritus
2551 1367 2786 1418 sanctus,
2820 1358 2909 1425 qui
2963 1361 3126 1414 movit
3169 1361 3433 1424 homines,

1909 1452 2027 1492 esse
2066 1441 2316 1494 creditur.
2360 1441 2498 1495 Dicit
2554 1443 2713 1511 igitur
2750 1442 2979 1511 Spiritus
3024 1459 3245 1501 sanctus
3277 1465 3290 1500 :
3325 1468 3342 1499 ι
3369 1449 3436 1502 Et

1910 1527 2043 1580 dixit
2064 1529 2252 1581 mulier
2284 1546 2298 1581 :
2325 1528 2491 1594 Quem
2525 1530 2746 1584 educam
2777 1533 2908 1586 tibi?
2932 1544 2984 1587 et
3007 1534 3139 1588 dixit
3168 1555 3181 1589 :
3208 1535 3431 1591 Samue-

1908 1616 2012 1669 lem
2046 1618 2179 1671 educ
2208 1618 2357 1675 mihi.
2390 1637 2407 1669 »
2441 1618 2571 1683 Quis
2597 1621 2766 1675 dicit:
2796 1640 2815 1672 ι
2840 1622 2901 1675 Et
2933 1624 3063 1677 vidit
3115 1626 3306 1679 mulier
3334 1626 3433 1680 Sa-

217 1702 257 1769 ἡ
276 1703 433 1771 γυνὴ
464 1672 565 1754 τίν
590 1672 866 1771 Σαμουὴλ,
898 1672 1287 1772 καὶνέϐόησεννή
1471 1707 1616 1773 φωνῇ
1649 1705 1804 1774 μεγά-

1914 1704 2159 1769 muclem,
2200 1714 2253 1760 et
2281 1707 2531 1761 clamavit
2564 1708 2752 1762 mulier
2781 1724 2909 1764 voce
2951 1726 3140 1779 magna
3168 1714 3384 1770 dicens?
3408 1731 3427 1765 ι

217 1788 295 1861 λῃ
322 1791 615 1857 λέγουσα;
658 1810 676 1841 »
725 1790 982 1861 Ἐροῦμεν
1019 1792 1152 1861 πρὸς
1191 1794 1390 1845 ἐκεῖνον
1425 1792 1655 1845 τοσαῦτα
1684 1795 1811 1860 ἡμῖν

218 1880 778 1948 καταϐομϐήσαντα,
813 1881 904 1931 καὶ
946 1880 1109 1949 μυρία
1148 1881 1419 1951 εἰρηκότα,
1462 1882 1535 1944 ὡς
1565 1882 1670 1950 ἄρα
1709 1884 1810 1934 Σα-

222 1968 415 2036 μουὴλ
446 1969 559 2020 οὐκ
586 1965 657 2038 ἦν
695 1972 751 2022 ἐν
774 1970 919 2039 ᾅδου.
956 1990 974 2023 ι
1013 1968 1166 2025 Εἶδεν
1193 1975 1224 2044 ή
1254 1976 1387 2045 γυνὴ
1422 1975 1689 2044 Σαμουὴλ,
1726 1994 1744 2027 »
1777 1976 1809 2043 ή

216 2054 631 2124 διηγηματικὴ
655 2058 806 2127 φωνὴ
823 2057 976 2110 τοῦτο
998 2059 1185 2128 ἔφησε,
1217 2078 1234 2110 ι
1268 2062 1358 2112 καὶ
1380 2060 1596 2129 ἐϐόησεν
1620 2063 1650 2129 ἠ
1676 2060 1808 2129 γυνὴ

219 2145 395 2210 φωνῇ
446 2142 691 2213 μεγάλῃ,
726 2144 818 2196 καὶ
851 2139 990 2210 εἷπε,
1018 2145 1107 2215 Μὴ
1129 2146 1311 2213 φοϐοῦ,
1346 2148 1474 2215 πρὸς
1506 2148 1690 2200 Σαούλ·
1725 2150 1811 2202 ἵνα

214 2231 278 2285 τί
305 2232 732 2300 παρηνοχλήσω
762 2250 849 2301 με,
877 2235 968 2286 καὶ
998 2236 1062 2288 σὺ
1082 2231 1132 2287 εἶ
1156 2235 1351 2300 Σαούλ;
1373 2237 1480 2288 Kal
1504 2233 1652 2289 εἶπεν
1672 2240 1807 2308 αὐτῇ

218 2319 251 2369 6
285 2318 583 2386 βασιλεύς·
618 2320 684 2371 Τί
719 2320 828 2390 γάρ
869 2322 1020 2388 ἐστι,
1052 2322 1140 2392 Μὴ
1197 2321 1391 2391 φοϐοῦ;
1424 2324 1486 2375 Τί
1522 2325 1806 2394 ἑώρακαςς

219 2408 342 2459 Καὶ
370 2405 538 2462 εἶπεν
560 2410 595 2477 ἡ
630 2409 765 2479 γυνὴ
796 2411 927 2480 πρὸς
954 2412 1045 2464 τὸν
1089 2412 1273 2464 Σαούλ·
1314 2412 1477 2475 Θεοὺς
1513 2409 1648 2465 εἶδον
1679 2414 1807 2465 ἀνα-

220 2494 537 2559 ϐαίνοντας
578 2500 645 2549 ἐκ
676 2498 775 2566 τῆς
822 2499 942 2566 γῆς.
981 2500 1091 2553 Kal
1120 2497 1267 2552 εἷπεν
1297 2500 1449 2569 αὐτῇ·
1483 2502 1546 2553 Τί
1577 2501 1635 2554 τὸ
1673 2497 1808 2563 είδος

219 2583 462 2647 αὒτῶν;
498 2586 613 2637 Καὶ
643 2580 796 2637 εἶπεν
817 2585 981 2654 αὐτῷ’
1027 2586 1187 2654 Ἀνὴρ
1212 2586 1570 2654 πρεσϐύτερος
1589 2587 1808 2639 ἀναϐαί-

220 2690 384 2733 νων,
432 2674 531 2725 xal
580 2674 742 2734 αὐτὸς
795 2673 1248 2742 περιϐεϐλημένος
1289 2673 1521 2726 διπλοΐδα
1557 2675 1733 2743 ἐφούδ.
1780 2696 1798 2727 »

223 2760 412 2827 Λέγει
459 2760 635 2829 αὐτὴν
664 2761 964 2829 ἑωρακέναι
997 2759 1170 2811 καὶτὸ
1195 2760 1402 2828 ίμάτιον
1425 2761 1483 2812 τὸ
1518 2762 1800 2830 ίερατικόν.

223 2842 376 2900 Οἶδα
406 2849 491 2911 δὲ,
515 2849 601 2900 ὅτι
640 2849 879 2901 ἐναντίον
910 2849 975 2901 ἐκ
1016 2846 1108 2900 τοῦ
1136 2849 1291 2913 λόγου
1320 2848 1482 2915 λέγει,
1505 2851 1563 2901 ού
1604 2850 1800 2920 θαῦμα.

1911 1792 2142 1846 Dicimus
2181 1795 2245 1847 ad
2285 1794 2451 1858 illum,
2481 1797 2568 1864 qui
2614 1807 2828 1851 nostras
2876 1812 3032 1852 aures
3074 1800 3310 1869 implevit
3342 1818 3431 1855 ru-

1908 1881 2160 1941 moribus.
2192 1880 2582 1950 immodicaque
2623 1885 2907 1937 verborum
2937 1889 3089 1953 copia
3128 1887 3431 1943 Samuelem

1907 1964 2042 2028 apud
2083 1964 2280 2019 inferos
2313 1982 2417 2020 non
2454 1967 2616 2021 fuisse
2657 1971 2949 2022 contendit.
3000 1990 3018 2022 ι
3048 1972 3187 2025 Vidit
3238 1974 3430 2028 mulier

1906 2049 2220 2117 Sanmelem,
2253 2073 2271 2104 »
2301 2069 2521 2107 narrans
2541 2071 2641 2108 vox
2669 2057 2884 2121 dixit“,
2909 2077 2927 2108 ι
2962 2069 3014 2113 et
3033 2060 3284 2114 clamavit
3314 2077 3432 2114 mu-

1904 2139 2003 2192 lier
2033 2153 2160 2193 voce
2192 2155 2406 2209 magna,
2451 2153 2506 2196 et
2533 2145 2666 2197 dixit
2692 2146 2756 2197 ad
2792 2146 3006 2199 Saulem
3042 2164 3055 2200 :
3091 2148 3167 2201 Ne
3202 2150 3427 2203 timeas:

1905 2228 2112 2294 utquid
2143 2228 2395 2296 decepiin
2447 2246 2551 2294 me,
2571 2242 2625 2285 et
2669 2242 2722 2284 tu
2779 2248 2837 2287 es
2890 2233 3051 2287 Saul?
3090 2235 3156 2288 Et
3205 2236 3339 2288 dixit
3380 2237 3427 2288 ei

1906 2328 1994 2367 rex
2026 2331 2041 2367 :
2072 2314 2208 2380 Quid
2239 2317 2289 2369 id
2314 2325 2427 2380 est,
2455 2313 2531 2372 Ne
2565 2319 2933 2385 timeas?Qnid
2959 2322 3178 2375 vidisti?
3209 2323 3271 2375 Et
3298 2323 3431 2376 dixit

1905 2404 2094 2456 mulier
2128 2404 2192 2456 ad
2230 2403 2355 2458 Sani
2384 2422 2398 2458 :
2428 2404 2562 2459 Deos
2593 2407 2697 2461 vidi
2730 2410 3077 2463 ascendentes
3100 2426 3130 2464 e
3164 2422 3329 2469 terra.
3366 2415 3430 2468 Et

1904 2491 2037 2544 dixit
2062 2492 2126 2544 ad
2152 2506 2268 2545 eam
2293 2509 2307 2544 :
2337 2493 2464 2559 Qua:
2482 2494 2565 2548 est
2594 2495 2761 2549 forma
2799 2497 3009 2550 illorum
3028 2499 3131 2553 ?Et
3157 2502 3291 2554 dixit
3324 2502 3424 2555 illi:

1905 2576 2000 2630 Vir
2028 2579 2204 2632 senior
2239 2581 2553 2643 ascendens,
2589 2592 2644 2635 et
2667 2583 2756 2636 hic
2790 2586 2969 2639 senior
2999 2586 3230 2653 diploide
3254 2588 3429 2655 ephod

1904 2665 2137 2719 indutus.
2165 2686 2182 2718 »
2214 2666 2434 2722 Fatetur
2461 2683 2575 2721 eam
2601 2670 2799 2723 vidisse
2825 2682 2881 2723 et
2905 2683 3100 2725 vestem
3127 2676 3433 2728 sacerdota-

1905 2753 2026 2805 lem.
2054 2752 2187 2807 Novi
2218 2756 2518 2822 oppositum
2551 2758 2748 2819 dicere,
2777 2760 2916 2826 quod
2950 2760 3141 2813 mirum
3186 2776 3288 2814 non
3325 2772 3425 2815 est.

1903 2838 2016 2905 lpse
2045 2840 2238 2907 quippe
2289 2841 2515 2895 Satanas
2569 2844 2916 2897 transformat
2970 2859 3027 2897 se
3075 2846 3126 2897 iu
3184 2846 3428 2915 angelum

230 2936 424 2997 Δΰτὸς
440 2935 556 3003 γὰρ
586 2936 616 2987 6
645 2936 887 2996 Σατανᾶς
912 2933 1430 3004 μετασχηματίζεται
1470 2937 1545 2996 εἰς
1584 2937 1804 3002 ἄγγελον

1907 2923 2117 2978 lucis".
2154 2924 2331 2990 Quare
2368 2940 2616 2996 magnum
2648 2944 2749 2982 non
2801 2940 2903 2992 est,
2935 2932 2980 2985 si
3013 2940 3067 2999 et
3098 2931 3243 2985 illius
3277 2933 3431 2985 mini—

236 3024 455 3091 φωτός.
485 3024 563 3075 Ού
593 3024 736 3092 μέγα
750 3020 842 3075 οὖν
868 3025 915 3074 εί
936 3023 1025 3075 καὶ
1039 3024 1087 3073 ot
1118 3021 1517 3073 διάκονοιαύτοῦ
1545 3039 1809 3092 μετασχη-

234 3111 576 3180 ματίζονται
609 3112 685 3172 ὡς
720 3110 950 3163 διάκονοι
978 3108 1334 3176 δικαιοσύνης.
1373 3106 1530 3159 Ἀλλά
1559 3108 1608 3160 τί
1643 3110 1804 3171 ἐστιν,

227 3199 386 3271 ὅπερ
414 3196 557 3252 εἶδεν
584 3202 618 3266 ἡ
649 3198 806 3267 γυνὴ,
846 3195 936 3249 τοῦ
968 3196 1240 3265 Σαμουήλ;
1288 3195 1441 3247 Ἀλλά
1488 3195 1805 3263 γέγραπται,

230 3290 320 3341 ὅτι
384 3290 531 3355 ἔγνω
575 3288 768 3349 Σαοὺλ,
804 3288 885 3338 ὅτι
935 3284 1180 3355 Σαμουὴλ
1239 3286 1371 3347 ἐστι,
1423 3303 1441 3335 ι
1472 3286 1578 3336 Kal
1622 3284 1808 3336 ἔπεσεν

232 3379 331 3429 ἐπὶ
364 3378 663 3445 πρόσωπον
686 3375 777 3427 ἐπὶ
808 3374 903 3443 τὴν
916 3373 1040 3440 γῆν,
1074 3374 1166 3424 καὶ
1196 3371 1607 3441 προσεκύνησεν.
1640 3392 1657 3420 »
1678 3367 1806 3424 Εἶτα

239 3466 419 3517 πάλιν
443 3462 508 3516 τὸ
533 3463 827 3533 πρόσωπον
853 3461 951 3530 τῆς
981 3461 1218 3530 Γραφῆς·
1250 3477 1267 3509 ι
1297 3461 1402 3511 Kal
1427 3455 1542 3512 εἷπε
1563 3460 1807 3529 Σαμουὴλ

238 3554 389 3622 πρὸς
414 3551 610 3604 Σαούλ’
652 3549 766 3602 Ἵνα
806 3550 857 3601 τί
888 3548 1239 3619 παρώργισάς
1288 3565 1354 3616 με
1388 3548 1477 3599 τοῦ
1515 3548 1806 3613 ἀναγαγεῖν

243 3654 347 3703 ps;
373 3657 392 3689 »
424 3632 649 3698 «Eius,»
679 3633 842 3705 φησιν
864 3635 898 3703 ἡ
946 3634 1154 3705 Γραφὴ,
1181 3636 1284 3688 ἔδει
1322 3634 1604 3697 πιστεύειν,
1635 3653 1653 3684 ι
1691 3631 1805 3685 εἷπε

240 3725 521 3795 Bagoan):
558 3726 680 3777 Ἵνα
700 3723 751 3776 τί
784 3722 1133 3793 παρώργισάς
1154 3740 1220 3791 με
1252 3723 1342 3774 τοῦ
1368 3724 1653 3789 ἀναγαγεῖν
1669 3739 1735 3791 με
1756 3739 1801 3787 ;»

240 3808 377 3867 Εἶτα
423 3815 567 3885 πρὸς
592 3812 785 3865 τοῦτον
834 3812 1178 3882 ἀποκρίνεται
1223 3810 1407 3863 Σαούλ’
1449 3828 1466 3861 ι
1512 3810 1716 3879 Σφόδρα
1757 3810 1805 3861 oi

232 3900 534 3973 ἀλλόφυλοι
585 3901 917 3970 πολεμοῦσιν
958 3904 1015 3955 ἐν
1049 3901 1189 3970 ἐμοὶ,
1233 3901 1323 3952 καὶ
1366 3902 1394 3951 6
1432 3898 1562 3959 Θεὸς
1601 3898 1804 3969 ἀπέστη

226 3988 327 4039 ἀπ’
347 3992 521 4064 ἐμοῦ,
564 3993 667 4044 καὶ
685 3991 786 4044 οὐκ
812 3990 1078 4059 ἀπεκρίθη
1109 4008 1197 4058 μοι
1228 3990 1328 4049 ἔτι,
1362 3989 1453 4040 καί
1481 4004 1544 4054 γε
1586 3989 1643 4039 ἐν
1668 3988 1807 4058 χειρὶ

208 4074 325 4152 τῶν
373 4079 720 4152 προφητῶν,
751 4079 845 4129 καὶ
883 4079 939 4129 ἐν
971 4080 1084 4139 τοῖς
1129 4076 1391 4137 ἐνυπνίοις
1423 4075 1670 4138 ἐκάλεσα,
1713 4073 1804 4127 τοῦ

187 4150 469 4220 δηλῶσαί
502 4180 603 4233 μοι
630 4162 685 4214 τί
711 4163 938 4230 ποιήσω.
972 4179 991 4212 »
1028 4162 1193 4214 Πάλιν
1233 4164 1267 4231 η
1294 4162 1500 4231 Γραφὴ,
1535 4162 1631 4214 οὐκ
1654 4161 1806 4224 ἀλλος

172 4233 395 4319 εἶπεν,
444 4228 584 4307 ἀλλ’
627 4251 713 4304 ὅτι
758 4228 917 4313 αὐτὸς
959 4250 1207 4320 Σαμουὴλ
1250 4228 1382 4319 ἐφνί-
1419 4228 1576 4304 ἐκαὶ
1625 4252 1709 4304 ἴνα
1755 4252 1807 4305 τι
1838 4228 1881 4281 ο

152 4323 610 4414 έπξρὼτησάς
652 4354 753 4407 με;
800 4339 910 4391 Kal
962 4339 1161 4409 Κύριος
1200 4340 1404 4410 ἀπέστη
1437 4340 1541 4393 ἀπὸ
1568 4340 1680 4400 σοῦ.
1715 4341 1808 4393 καὶ

144 4407 261 4475 ὲγε
292 4407 661 4498 νήθηνκατά
686 4423 803 4484 σοῦ,
841 4424 932 4475 καὶ
964 4407 1211 4492 ἐποίησεν
1235 4407 1581 4495 ἀλλον-αὐτῷ,
1610 4426 1669 4479 δν
1696 4427 1810 4496 τρό-

138 4517 299 4569 πον-υ
326 4515 640 4582 ἐλάλησεν
666 4512 725 4562 ἐν
756 4512 898 4580 χειρί
927 4527 1048 4580 μου.
1079 4514 1186 4565 Kal
1221 4513 1498 4584 διαρρήξει
1527 4515 1624 4582 τὴν
1661 4514 1808 4583 βασι-

131 4588 358 4659 Χεέιην
396 4606 473 4655 ἐκ
533 4598 732 4669 χειρός
787 4613 900 4649 σου.
945 4616 965 4649 »
1016 4600 1125 4651 Kal
1167 4599 1433 4669 δαιμόνιον
1479 4603 1803 4672 προφητεύει

190 4690 356 4755 περὶ
384 4686 699 4759 βασιλείας
735 4685 1147 4756 Ἰσραηλιτικῆς.
1193 4686 1256 4737 Τί
1306 4704 1465 4755 φησιν
1505 4691 1534 4741 6
1572 4690 1805 4753 ἐναντίος

228 4772 403 4844 λὸγος;
462 4777 688 4845 Ὁρᾶτε
712 4775 837 4835 ὅσος
859 4773 1006 4840 ἀγών
1032 4776 1174 4827 ἐστιν
1201 4777 1256 4827 ἐν
1279 4776 1354 4846 τῷ
1377 4777 1515 4847 λόγῳ
1537 4778 1629 4831 τοῦ
1652 4780 1804 4843 Θεοῦ,

237 4866 402 4931 χρείαν
436 4867 602 4933 ἔχων
639 4862 741 4914 καὶ
770 4862 1051 4931 ἀκροατῶν
1076 4863 1375 4933 δυναμένων
1409 4868 1573 4933 ἁγίων
1594 4868 1804 4923 ἀκούειν

235 4952 388 5020 λόγων
424 4953 736 5025 μεγάλων,
759 4953 853 5003 καὶ
872 4954 1189 5020 ἀπορρήτων
1218 4954 1324 5006 τῶν
1346 4958 1583 5026 περὶτῆς
1603 4958 1804 5021 ἐξόδου,

236 5038 718 5112 ἐπαιωρουμένων
742 5052 805 5086 τε
828 5034 934 5087 τῶν
966 5036 1255 5106 προτέρων,
1279 5039 1397 5091 οὔτε
1421 5041 1524 5094 τῶν
1549 5042 1807 5112 δευτέρων

239 5131 405 5197 σαφῶν
467 5128 689 5180 ὄντων.
756 5124 896 5174 Ἀλλ’
925 5126 954 5177 6
982 5124 1132 5191 λόγος
1168 5126 1245 5179 ἐτι
1302 5128 1622 5193 ἐξετάζεται.
1654 5132 1807 5198 Λέγω

211 5211 299 5270 ἄλ
338 5221 432 5272 ὅτι
485 5210 792 5276 ἀναγκαία
838 5211 931 5260 καὶ
971 5211 1005 5279 ἠ
1054 5213 1271 5281 ἱστορία,
1314 5216 1408 5267 καὶ
1439 5218 1472 5285 ἠ
1512 5218 1805 5289 ἐξέτασιςὴ

184 5310 249 5344 τε
287 5310 345 5378 Pi.
378 5302 600 5368 αὐτῆς,
644 5299 737 5348 ἵνα
766 5297 967 5364 ἴδωμεν
996 5298 1047 5349 τί
1084 5299 1225 5368 ἡμᾶς
1253 5301 1361 5371 ἔχει
1386 5305 1519 5372 μετά
1557 5306 1654 5375 τὴν
1699 5308 1809 5373 ἔξο-

220 5462 225 5467 ‘
282 5468 346 5500 υ
375 5465 572 5529 IBcg.
606 5477 813 5526 xxvm,
844 5463 928 5516 il.
1003 5466 1045 5497 “
1070 5468 1215 5534 ibid.,
1242 5471 1324 5535 l2,
1354 5474 1432 5531 15.
1510 5477 1555 5509 ⁸³
1585 5477 1629 5531 ll
1657 5478 1779 5537 Cor.

1916 5482 1979 5534 Η

1910 3014 2005 3066 stri
2050 3015 2100 3066 in
2145 3016 2417 3070 ministros
2441 3017 2664 3083 iustitia:
2702 3029 3115 3073 commutantur.
3157 3020 3261 3074 Sed
3303 3020 3428 3088 quid

1910 3102 1960 3155 id
1988 3110 2086 3164 est,
2115 3104 2253 3170 quod
2302 3104 2564 3158 Samuelis
2604 3122 2722 3160 esse
2773 3107 2965 3161 mulier
3004 3109 3284 3177 cognovit?
3325 3108 3432 3163 Sed

1907 3192 2164 3260 scriptum
2213 3203 2294 3246 est
2342 3193 2555 3248 Saulem
2590 3197 2904 3263 cognovisse
2947 3196 3095 3251 illum
3126 3198 3289 3250 fuisse
3331 3196 3419 3250 Sa-

1908 3279 2134 3332 muelem
2149 3281 2193 3312 “
2219 3298 2232 3332 :
2263 3298 2281 3331 ι
2327 3282 2392 3333 Et
2441 3282 2713 3349 procubuit
2745 3282 2901 3351 5.93
2958 3284 3009 3336 in
3061 3284 3248 3337 faciem
3278 3298 3430 3337 suam

1906 3379 2066 3433 super
2106 3375 2321 3431 terram,
2355 3377 2408 3419 et
2435 3369 2695 3421 adoravit.
2723 3387 2741 3419 »
2783 3369 2989 3423 Rursus
3023 3370 3149 3423 item
3182 3370 3431 3437 Scriptu-

1908 3467 1978 3504 ra:
2012 3461 2231 3505 auctor:
2264 3471 2283 3502 ι
2313 3454 2374 3506 Ει
2409 3455 2543 3507 dixit
2569 3454 2779 3508 Samuel
2805 3456 2869 3505 ad
2914 3454 3129 3506 Saulem
3159 3472 3173 3509 :
3204 3454 3272 3508 Ut
3304 3455 3430 3520 quid

1905 3543 2223 3608 perturbasti
2257 3559 2341 3598 me
2363 3542 2597 3597 faciendo
2619 3543 2958 3596 ascendere?»
2996 3541 3215 3605 «Dixit,»
3262 3542 3435 3609 inquit

1907 3628 2204 3696 Scriptura,
2235 3626 2342 3693 iam
2384 3629 2599 3681 credere
2628 3642 2760 3696 Opus
2802 3636 2884 3681 est
2912 3642 2923 3675 ε
2963 3644 2983 3677 ι
3005 3627 3145 3680 Dixit
3171 3627 3381 3681 Samuel
3411 3643 3426 3677 :

1907 3715 1973 3770 Ut
2008 3716 2132 3783 quid
2179 3716 2230 3768 in
2264 3716 2402 3769 iram
2435 3716 2675 3769 excitasti
2714 3731 2816 3779 me,
2859 3716 3100 3769 iaciendo
3142 3731 3223 3769 me
3250 3730 3434 3768 ascen-

1905 3804 2096 3857 dere?»
2134 3804 2434 3872 Respondet
2464 3805 2652 3857 deinde
2682 3804 2807 3857 Saul
2840 3824 2853 3859 :
2884 3822 2903 3855 ι
2930 3804 3091 3858 Valde
3124 3805 3433 3872 alienigenae

1904 3905 2139 3959 pugnant
2173 3894 2223 3946 in
2249 3907 2367 3956 me,
2402 3902 2456 3945 et
2484 3892 2625 3947 Deus
2662 3894 2908 3947 discessit
2940 3909 2969 3946 a
3002 3907 3104 3955 nte,
3134 3902 3188 3946 et
3217 3908 3317 3946 non
3348 3907 3434 3946 re-

1904 3982 2117 4047 spondit
2166 3980 2295 4033 mibi
2352 3981 2512 4043 ultra,
2550 3981 2675 4035 licet
2724 3982 2893 4050 ipsum
2940 3984 2991 4035 in
3038 3984 3284 4037 manibus
3316 3999 3434 4048 pm-

1905 4070 2203 4137 pltetarum,
2252 4078 2303 4123 et
2353 4070 2406 4123 in
2459 4071 2683 4125 somniis
2735 4072 3114 4136 invocaverim,
3149 4074 3216 4125 ad
3250 4071 3431 4124 notiti-

1906 4158 2130 4211 candnm
2164 4157 2293 4212 mihi
2321 4158 2448 4225 quid
2481 4158 2694 4212 faciam.
2721 4178 2740 4211 »
2773 4159 2970 4214 lterum
3006 4158 3306 4227 Scriptura,
3335 4172 3434 4212 nec

1909 4243 2042 4299 alius
2083 4245 2239 4307 dixit,
2272 4245 2441 4313 ipsum
2488 4243 2789 4300 Samuelem
2830 4248 3089 4302 dixisse"
3120 4264 3133 4300 :
3165 4265 3184 4298 ι
3206 4246 3275 4303 Ut
3301 4246 3431 4315 quid

1907 4334 2202 4405 interrogas
2256 4334 2378 4386 me?
2416 4333 2478 4387 Et
2529 4336 2783 4389 Dominus
2829 4337 3070 4391 discessit
3098 4351 3127 4388 a
3163 4345 3234 4401 te,
3275 4314 3333 4391 et
3363 4314 3469 4390 fa:

1909 4430 2028 4474 ctus
2057 4431 2136 4474 est
2173 4431 2356 4473 contra
2386 4432 2459 4485 te,
2504 4430 2557 4475 et
2599 4421 2731 4476 fecit
2758 4423 2922 4477 alium
2964 4424 3086 4485 sibi,
3119 4425 3258 4479 sicut
3296 4425 3432 4478 Iocu-

1908 4520 1993 4563 tus
2022 4518 2102 4563 est
2137 4510 2187 4563 in
2223 4526 2378 4564 manu
2415 4525 2551 4566 mea.
2586 4511 2653 4565 Et
2683 4512 2958 4566 abscindet
2981 4526 3198 4582 regnum
3229 4513 3293 4565 de
3318 4527 3403 4564 ma

1908 4612 1977 4649 nu
2010 4605 2118 4649 tua.
2142 4614 2160 4647 »
2206 4597 2530 4653 Dtemouium
2559 4598 2626 4651 de
2660 4599 2948 4652 Israelitico
2976 4615 3138 4669 regno
3162 4601 3420 4652 vaticina-

1910 4696 2015 4739 tur.
2047 4685 2182 4751 Quid
2212 4688 2277 4740 ad
2316 4686 2449 4756 haec,
2475 4688 2564 4757 qui
2587 4688 2916 4742 contrarium
2954 4690 3241 4743 asserunt?
3276 4688 3435 4741 Vide-

1911 4775 1978 4828 tis
2014 4775 2276 4842 quodnam
2312 4784 2585 4829 certamen
2636 4776 2704 4829 sit
2749 4776 2803 4828 in
2851 4777 3030 4831 verbis
3059 4775 3285 4837 Domini,
3312 4789 3430 4842 qua:

1908 4864 2235 4918 auditoribus
2264 4863 2523 4931 indigent,
2562 4864 2651 4931 qui
2682 4880 2871 4933 magna
2904 4874 2958 4918 et
2999 4861 3280 4917 iueﬂ'abilia
3310 4875 3431 4928 pos-

1904 4954 2010 5007 sint
2037 4952 2327 5021 iutelligere
2362 4954 2429 5008 de
2454 4954 2598 5008 exitu
2630 4968 2696 5008 ex
2747 4956 2845 5007 hac
2869 4954 2996 5017 vita,
3025 4968 3142 5007 cum
3178 4951 3347 5018 prima
3376 4947 3429 5001 iu

1906 5042 2119 5095 dubium
2142 5049 2623 5107 controvertantur,
2661 5051 2716 5096 et
2742 5043 2973 5095 secunda
3012 5037 3287 5093 manifesta
3322 5048 3428 5086 non

1906 5129 2028 5181 sint.
2062 5127 2167 5183 Sed
2205 5143 2383 5182 sermo
2414 5129 2587 5184 adhuc
2622 5130 2675 5183 in
2716 5128 2961 5183 examine
3013 5134 3114 5178 est.
3148 5124 3276 5175 Dico
3301 5131 3431 5173 vc-o

1909 5218 2257 5272 necessariam
2284 5233 2402 5273 esse
2431 5228 2484 5272 et
2505 5220 2811 5280 historiam,
2845 5227 2900 5269 et
2933 5216 3073 5269 illius
3099 5222 3342 5269 examen.
3369 5223 3430 5262 ιιι

1911 5306 2036 5375 (ιυῖά
2069 5320 2165 5361 “05
2195 5316 2315 5373 post
2357 5306 2479 5360 vita:
2515 5307 2673 5377 hujus
2697 5307 2896 5360 exitum
2925 5306 3214 5369 exspectat,
3243 5293 3429 5347 videa-

2095 5481 2140 5513 ⁸⁰
2166 5480 2181 5534 Ι
2207 5478 2339 5549 Reg.
2367 5494 2554 5546 xxvttt,
2582 5482 2669 5534 Η.
2741 5477 2781 5509 ⁸⁷
2806 5473 2957 5542 ibid.,
2994 5474 3077 5536 16,
3113 5468 3200 5523 17.
