3806 6240
196 290 330 371 t‘oia

1583 304 1909 362 ORIGENIS.

3448 264 3592 319 ιθέιι

192 446 330 484 mus.
373 446 391 478 ι
417 426 648 482 Locutus
674 433 756 480 est
787 424 838 478 in
871 438 1026 476 manu
1058 436 1195 484 mea,
1231 430 1283 475 et
1310 421 1582 475 ahscindet
1609 422 1695 474 Do‘

2092 409 2323 477 λάληκεν
2347 404 2408 455 ὲν
2443 399 2601 471 χειρί
2629 409 2776 467 μου·
2813 387 2951 484 καὶ-
2969 378 3352 484 δῖαρῤἡξει.
3374 373 3595 484 ἰξύριαὶ

193 520 368 571 miims
413 529 633 583 regnum
676 514 740 567 de
769 527 922 564 manu
977 519 1090 574 tua,
1120 518 1169 563 et
1202 511 1347 563 dabit
1380 511 1504 562 illud
1536 509 1716 576 proxi-

195 620 282 656 mo
333 613 421 656 tuo
453 603 634 654 David.
667 619 685 651 ›
719 599 1041 652 Πιειηοιιίιιιη
1095 613 1222 652 vero
1279 613 1502 662 regnum
1552 597 1716 649 David

195 693 377 758 nequit
427 689 624 742 habere
671 697 1025 755 compertum,
1057 689 1195 753 quod
1239 703 1266 739 a
1301 686 1408 738 Deo
1448 687 1714 738 decretum

194 790 330 834 erat.
365 777 598 844 Quidni?
641 776 828 828 Nonne
874 791 1054 829 vocem
1117 775 1322 828 Domini
1377 773 1718 827 intellexisti?

202 887 220 919 ι
249 869 360 920 Non
391 867 512 919 fecit
564 866 975 934 indignationem
1015 865 1107 916 ira:
1134 879 1259 926 suae,
1293 863 1341 915 in
1367 862 1581 916 Amalec
1601 863 1665 914 ⁸⁸.
1692 881 1710 913 ι

197 955 382 1008 Nonne
436 956 550 1007 haec
581 964 707 1007 sunt
733 953 892 1006 verba
926 952 1173 1006 Domini?
1203 965 1372 1004 nonne
1403 965 1522 1002 vera
1563 949 1718 1002 sunt?

195 1043 334 1098 Vere
386 1044 602 1110 quidem
643 1042 966 1095 voluntatem
1019 1040 1228 1094 Domini
1263 1038 1390 1092 Saul
1437 1049 1717 1093 exsecutus

196 1148 300 1187 non
325 1139 407 1185 est
433 1149 447 1185 :
478 1131 568 1184 sed
601 1145 776 1199 regem
805 1129 1022 1184 Amalec
1069 1130 1249 1181 vivum
1288 1129 1715 1190 conservabat“,

197 1227 410 1287 propter
442 1233 597 1286 quem
645 1227 701 1272 et
747 1228 1031 1283 antequam
1066 1217 1377 1284 quiesceret,
1405 1224 1458 1270 et
1489 1217 1541 1268 in
1576 1216 1717 1268 exitu

197 1308 316 1374 ipso
329 1307 538 1359 Samuel
558 1305 703 1359 Sauli
732 1305 1103 1372 exprobravit:
1127 1322 1143 1352 ι
1170 1303 1232 1356 Et
1250 1312 1464 1372 propter
1483 1303 1582 1356 hoc
1605 1318 1720 1356 ver-

198 1391 320 1444 hum
346 1391 446 1444 hoc
465 1393 587 1447 fecit
611 1393 861 1446 Dominus
879 1391 932 1444 in
956 1390 1042 1443 die
1063 1390 1253 1443 hac.Et
1277 1389 1445 1442 tradet
1471 1389 1723 1442 Dominus

199 1483 252 1548 ip
271 1499 370 1534 mm
402 1481 560 1536 Israel
593 1483 644 1536 in
679 1497 834 1536 manu
874 1482 1309 1548 alienigenarum.
1340 1498 1358 1531 ι
1383 1482 1452 1534 De
1476 1482 1724 1534 universo

199 1571 292 1624 Dei
341 1571 530 1638 populo
566 1571 883 1624 daemonium
937 1578 1106 1638 potest
1142 1569 1418 1622 vaticinari
1444 1569 1722 1621 Dominum

143 1726 148 1730 _
201 1662 518 1714 traditurum
570 1661 769 1715 Israel?
797 1679 815 1711 ι
841 1661 904 1714 Et
936 1662 1325 1716 tabernaculum
1357 1665 1525 1729 ipsum
1557 1658 1720 1714 Israel

1945 463 2222 568 βασιλείαν
2269 497 2337 546 ὲκ
2393 463 2593 560 χέἰρὸς
2631 463 2794 543 νσου.
2843 478 2963 531 καὶ
2996 463 3484 571 ξὼσξιλιὺτθῗ

1822 553 2042 658 πλησίον
2067 604 2161 637 σου
2193 583 2273 651 τῷ
2304 553 2502 632 Auum.
2535 595 2558 626 ι
2600 571 2957 658 Δαιμόνιον.
2989 562 3067 614 δὲ
3099 555 3489 658 ῗύ-δύναται
3517 553 3598 603 εξ-

1821 644 1966 731 δέναι
1993 679 2090 747 τὴν
2127 644 2418 743 βασιλείαν
2449 665 2652 722 Δαυῖδ.
2695 661 2810 729 τὴν
2844 655 2976 709 ὑπὸ
3006 650 3142 747 1:06-
3194 644 3439 747 Κυρξομ
3479 658 3597 739 χειῖ

1824 732 2223 840 ροτονηθεῖσαν.
2260 761 2515 819 Καθότι;
2567 755 2699 806 Οὐκ
2739 751 3033 841 ἤκουσας
3071 739 3232 841 τὴν.
3501 732 3598 841 τοῦ

1822 823 2069 926 ίςυρίου;
2106 874 2122 903 ι
2165 853 2283 904 Ούκ
2320 849 2594 914 ἐποίησεν
2639 840 2842 908 ὀργὴν
2867 831 3112 930 ΔΘυμοῦ
3159 825 3362 930 αὑτοῦ
3404 823 3589 930 ὲνὲΔ·

1827 945 2028 1016 μαλήκ.
2051 962 2069 992 ι
2087 941 2278 993 Ταῦτα
2300 939 2403 991 οὐκ
2423 935 2544 986 ἔστι
2572 933 2644 1002 ρή
2655 945 2824 999 ματα
2855 922 3027 976 Θεοῦ
3053 936 3083 1018 Ξ
3107 918 3241 1018 Ϊῦκ
3275 915 3447 1018 ἐστὶν
3475 910 3603 1018 ἀλη-

1825 997 1924 1100 ὸῆ;
1958 997 2234 1096 ’Ἀληθῶς
2279 1024 2394 1093 γὰρ
2427 1021 2534 1074 οὐκ
2572 997 2849 1085 ’ἐποίησε
2908 1011 2984 1062 τὸ
3049 1005 3328 1100 Θέλημα
3379 997 3598 1100 ῐὲυρξου

1825 1090 2014 1171 Σέιὸύλ·
2043 1090 2182 1170 ἀλλὰ
2218 1090 2484 1183 περιέπει
2527 1109 2628 1161 τὸν
2684 1101 2954 1175 βασιλέα
3006 1090 3598 1190 ’.ἑμαλῦγκςιῖιντ-α,

1825 1209 1910 1276 ἐφ’
1939 1202 1982 1274 ᾧ
2023 1208 2119 1258 καὶ⁴
2167 1203 2276 1271 πρὸ
2301 1180 2414 1270 ’τῆς
2460 1198 2813 1266 κοιμήσεως
2871 1183 3335 1276 αὑτοῦἴῗκαὶᾳ
3354 1180 3462 1276 επὶ
3501 1180 3604 1275 τῆς

1826 1266 2007 1360 ἐξόδου
2041 1266 2292 1345 ὠνείδισε
2318 1266 2596 1357 Σαμουὴλ
2629 1283 2720 1352 τῷ
2751 1279 2991 1333 Σαούλσ
3044 1292 3071 1324 c
3131 1271 3276 1360 Kal.
3302 1266 3409 1320 διὰ
3437 1266 3603 1360 τοῦτο

1825 1355 1887 1434 ea}
1921 1382 2075 1450 ρἧα
2125 1379 2285 1431 τοῦτο
2333 1355 2568 1443 ἐποίησε
2606 1371 2843 1440 Κύριος
2883 1369 2957 1420 ὲν
2990 1365 3083 1432 τῇ
3136 1355 3599 1450 ἡμέρᾳ

1828 1443 1939 1522 Καὶ
1964 1443 2126 1520 διῦσει
2155 1466 2366 1535 Κύριος
2393 1463 2494 1516 καί
2523 1479 2592 1530 γε
2636 1460 2739 1512 τὸν
2785 1453 3063 1526 Ἰσραὴλ
3117 1454 3196 1502 ὲν
3237 1447 3413 1518 χειρὶ
3440 1443 3602 1497 ἀλλο-

1831 1560 2031 1627 φύλων.
2088 1577 2108 1609 ι
2155 1559 2290 1626 Περὶ
2333 1556 2460 1608 ὅλου
2503 1552 2647 1606 λαοῦ
2711 1547 2872 1601 Θεοῦ
2943 1545 3246 1597 δύναται
3301 1536 3602 1627 δαιμόνιον

1832 1626 2225 1715 προφητεῦσαι,
2249 1645 2331 1695 ὅτι
2366 1641 2583 1710 Κύριος
2616 1637 2824 1709 μέλλει
2859 1629 3319 1703 παραδιδόναι
3350 1626 3456 1715 τὸν
3486 1626 3603 1715 ΔἸσ-

571 1709 762 1715 -_-_-_-
804 1709 903 1714 -_-
938 1709 1325 1716 --_----_-_-_..-
1357 1709 1524 1729 τη---
1559 1709 1620 1714 ---
1680 1709 1696 1712 -

202 1749 374 1801 tradet
405 1749 658 1801 Dominus
686 1749 736 1800 in
765 1763 919 1801 manu
939 1748 1372 1817 alienigenarum.
1394 1750 1455 1802 Et
1482 1759 1557 1809 ιιι,
1577 1748 1698 1800 Saul

2098 1732 2206 1783 Καί
2232 1747 2296 1796 γε
2324 1729 2428 1799 τὴν
2462 1709 2864 1796 παρεμϐολὴν
2920 1717 3212 1789 Ἰσραὴλ

203 1851 322 1889 cras
347 1836 602 1899 accelera,
630 1845 702 1900 tu,
723 1845 774 1889 et
796 1836 936 1890 filius
959 1846 1076 1890 tuus
1110 1852 1314 1890 meeum
1345 1839 1409 1890 ⁷ο.
1451 1856 1469 1888 ι
1517 1839 1575 1889 Et
1599 1838 1724 1889 illud

203 1925 519 1976 damionium
550 1925 686 1978 scire
731 1934 922 1992 potest,
972 1941 1144 1993 regem
1184 1927 1386 1978 scilicet
1435 1928 1728 1979 chrismate

204 2009 507 2075 prophetico
537 2011 876 2074 declaratum,
902 2009 1110 2063 Saulem
1141 2026 1260 2064 cras
1285 2027 1314 2064 e
1340 2013 1441 2064 vita
1470 2013 1726 2080 migratu-

207 2112 345 2160 rntn,
394 2108 446 2150 et
478 2099 611 2150 ﬁlios
644 2098 786 2151 illius
821 2115 923 2151 una
956 2114 1074 2152 cum
1099 2100 1204 2151 eo?
1236 2117 1252 2149 ι
1274 2101 1404 2154 Cras
1442 2109 1518 2162 tu,
1551 2111 1605 2153 et
1636 2102 1728 2154 lilii

207 2185 280 2236 tui
314 2199 535 2237 mecum.
557 2205 575 2235 ι
599 2186 689 2238 llis
718 2187 959 2253 superius
979 2186 1171 2252 scripta
1195 2186 1574 2240 conﬁrmantur
1603 2203 1726 2241 vera

203 2285 344 2334 esse,
372 2283 426 2326 et
452 2274 503 2325 in
537 2273 698 2325 vitam
737 2283 1012 2326 evocatum
1046 2273 1206 2327 fuisse
1241 2273 1563 2328 Samuelem.
1593 2275 1728 2340 Quid

208 2361 477 2429 igiturhic
525 2363 858 2429 ventriloqua
890 2364 1178 2429 operatur?
1203 2362 1335 2426 Quid
1368 2365 1420 2416 in
1448 2365 1731 2417 eductione

206 2447 537 2515 animaejusti
570 2450 896 2516 ventriloqua
926 2451 1070 2517 agit?
1099 2451 1198 2515 Qui
1230 2453 1418 2518 prima;
1447 2453 1732 2506 sententia

206 2545 310 2600 est,
359 2537 577 2590 evitavit
611 2553 678 2592 ne
724 2553 830 2606 pra:
875 2549 948 2592 tot
985 2539 1102 2592 aliis
1130 2549 1182 2593 et
1236 2555 1429 2592 novum
1461 2550 1730 2596 certamen

207 2620 345 2674 inire
379 2632 657 2690 cogeretur
685 2639 698 2675 :
732 2624 872 2676 circa
906 2626 1248 2692 quaestionem
1280 2625 1435 2693 hujus
1485 2627 1585 2680 loci
1642 2644 1728 2682 re-

207 2711 463 2777 spondet:
494 2710 607 2764 Non
652 2721 734 2765 est
763 2710 995 2772 Samuel.
1026 2711 1188 2783 494
1214 2713 1416 2767 dzemon
1459 2717 1729 2781 mentitur,

209 2811 329 2850 cum
363 2798 475 2867 ipsa
503 2797 782 2866 Scriptura
829 2801 1041 2854 mentiri
1070 2817 1172 2855 non
1197 2803 1383 2870 possit.
1409 2804 1579 2858 Verba
1606 2819 1734 2860 vero

212 2886 500 2956 Scriptura:
540 2898 663 2943 sunt
695 2905 835 2944 :non
863 2905 891 2943 a
927 2891 1186 2957 daemone,
1217 2893 1307 2946 sed
1359 2893 1424 2946 ab
1466 2894 1604 2948 illius
1638 2911 1735 2948 au-

1826 1798 2028 1887 Κύριος
2048 1818 2217 1886 αὐτὴν
2245 1819 2303 1867 ὲν
2323 1798 2474 1886 χειρὶ
2496 1811 2878 1880 ἀλλοφύλων.
2905 1808 3230 1874 Τάχυνον
3259 1803 3358 1866 δὲ,
3391 1798 3596 1859 Σαοὺλ,

1826 1905 2036 1974 αὔριονο
2083 1907 2180 1958 καὶ
2244 1907 2333 1968 σὺ,
2377 1906 2476 1957 καὶ
2517 1906 2548 1955 ὁ
2604 1902 2733 1963 υἱός
2777 1916 2890 1950 σου
2963 1895 3122 1965 μετ’
3175 1890 3370 1963 ἐμοῦ.
3417 1908 3439 1941 ι
3485 1887 3600 1941 Καὶ

1826 1993 1982 2046 τοῦτο
2026 1993 2248 2045 δύναται
2279 1992 2484 2044 εἰδέναι
2523 1990 2867 2059 δαιμόνιον,
2926 1982 3221 2053 βασιλέα
3257 1995 3598 2050 χειροτονηο

1829 2080 1988 2132 θέντα
2020 2081 2159 2148 μετὰ
2186 2079 2496 2149 χρίσματος
2537 2073 2964 2146 προφητικοῦ,
3002 2074 3119 2124 ὅτι
3173 2069 3406 2138 αὔριον
3433 2065 3596 2135 ἐμελ-

1827 2170 1916 2221 λεν
1957 2169 2234 2231 ἐξελέσθαι
2281 2170 2311 2220 ὁ
2365 2167 2548 2219 Σαοὺλ
2590 2167 2693 2218 τὸν
2751 2165 2915 2233 βίον,
2959 2163 3087 2216 καὶ
3147 2163 3212 2213 οἱ
3268 2160 3394 2212 υἱοὶ
3422 2154 3594 2210 αύτοῦ

1832 2260 1948 2327 μετ’
1982 2259 2180 2322 αὐτοῦς
2221 2275 2240 2307 ι
2280 2257 2487 2326 Αὔριον
2519 2259 2614 2319 σὺ,
2654 2256 2764 2308 καὶ
2820 2253 2949 2305 υἱοί
2997 2269 3130 2304 σου
3179 2251 3327 2320 μετ’
3359 2247 3531 2319 ἐμοῦ.
3569 2266 3590 2296 ι

1829 2347 2013 2399 Ταῦτα
2060 2346 2159 2414 μὲν
2201 2341 2318 2408 οὖν,
2349 2346 2434 2396 ὃτι
2470 2346 2578 2396 οὐκ
2611 2344 2743 2395 ἐστι
2784 2344 2876 2411 (7)
2933 2342 3163 2410 ψευδῆ
3209 2340 3294 2392 τὰ
3334 2341 3463 2392 ἄνω
3503 2353 3598 2403 γε·-

1828 2434 2141 2503 γραμμένα,
2177 2435 2274 2485 καὶ
2300 2435 2386 2485 ὅτι
2426 2433 2707 2501 Σαμουὴλ
2741 2434 2914 2484 ἐστιν
2951 2434 2984 2482 ὁ
3025 2425 3494 2494 ἁναὸεὗηκώς.
3530 2424 3594 2475 Τί

1829 2519 1920 2574 οὖν
1947 2525 2088 2573 ποιεῖ
2116 2520 2566 2590 ἐγγαστρίμυοος
2601 2519 2858 2583 ὲνθὰδε;
2898 2518 2973 2570 Τί
3020 2522 3224 2571 ποιεῖ
3270 2513 3594 2583 ἐγγαστρί-

1835 2611 2000 2680 μυθος
2052 2612 2182 2680 περὶ
2231 2611 2334 2678 τὴν
2364 2608 2678 2677 ἀναγωγὴν
2717 2610 2834 2679 τῆς
2880 2609 3112 2677 ψυχῆς
3155 2608 3279 2660 τοῦ
3314 2606 3592 2667 amatae;

1844 2700 2078 2761 Ἐκεῖνος
2104 2699 2304 2765 ἔφυγεν
2338 2699 2368 2748 ὁ
2399 2697 2495 2751 τὸν
2523 2697 2767 2766 πρῶτον
2812 2695 2924 2750 τὸν
2953 2697 3169 2763 λόγον
3223 2695 3462 2749 εἰπών’
3504 2695 3596 2746 ἵνα

1832 2793 1940 2863 γὰρ
1991 2793 2065 2860 (8)
2121 2791 2196 2860 μὴ
2235 2790 2427 2857 ἀγῶνα
2459 2789 2615 2858 ἔχειν
2653 2790 2802 2860 δοκῇ
2843 2790 3006 2843 κατὰ
3069 2788 3379 2842 τοσαῦτα
3425 2785 3592 2851 ἄλλα,

1832 2880 1973 2935 κατὰ
2001 2879 2090 2931 τὸν
2116 2879 2278 2930 τόπον
2303 2876 2657 2946 ζητούμενα,
2691 2881 2802 2931 καὶ
2859 2879 3064 2946 λέγει·
3111 2878 3264 2930 Οὐκ
3309 2875 3442 2928 ἐστι
3484 2874 3600 2926 Σα-

211 2985 360 3030 ctore
401 2987 527 3031 sunt
554 2979 758 3046 prolata
790 2995 804 3030 :
833 2997 851 3029 ι
877 2979 940 3031 Ει
977 2980 1104 3032 vidit
1135 2980 1324 3034 mulier
1354 2983 1679 3036 Samuelem.
1710 3003 1714 3033 ι

2096 2967 2307 3018 εύδεται
2337 2966 2400 3016 τὸ
2432 2966 2761 3034 δαιμόνιον,
2811 2968 2951 3019 ἐπεὶ
2984 2967 3073 3018 οὐ
3138 2966 3414 3020 δύναται
3459 2962 3598 3030 ψεύ-

213 3063 358 3118 Dixit
408 3065 532 3118 Saul
581 3080 697 3133 qum
739 3067 951 3120 locutus
998 3065 1173 3120 fuerat
1214 3066 1446 3122 Samuel.
1495 3068 1714 3132 Quanan

2118 3055 2329 3124 Γραφή.
2362 3053 2448 3105 Τὰ
2480 3053 2542 3104 δὲ
2583 3057 2833 3123 ῥήματα
2882 3057 2990 3123 τῆς
3054 3055 3354 3126 Γραφῆς
3397 3055 3595 3105 ἐστιν’

216 3151 379 3218 igitur
407 3155 628 3217 ratione,
661 3169 779 3222 quae
807 3157 858 3208 in
885 3156 983 3208 hoc
1019 3155 1134 3208 loco
1167 3156 1230 3207 de
1255 3157 1584 3226 ventriloqua
1635 3160 1734 3212 du-
1765 3188 1774 3196 -

215 3241 471 3305 bitantur,
513 3243 824 3296 solventur?
863 3245 1052 3309 Quaero
1082 3259 1108 3295 a
1139 3244 1323 3309 prima:
1357 3245 1499 3298 illius
1527 3256 1739 3300 senten-

218 3331 304 3382 tia:
335 3341 589 3386 auctore:
631 3332 847 3387 Samuel
889 3336 1026 3402 apud
1072 3335 1314 3388 inferos?
1351 3345 1456 3390 etc.
1496 3335 1735 3404 Respon-

217 3416 337 3469 deat
363 3418 426 3468 ad
460 3419 777 3490 interrogata
811 3425 968 3494 :quis
1011 3424 1197 3488 major,
1231 3421 1467 3486 Samuel,
1501 3407 1738 3479 anJesus

216 3502 495 3557 Christus?
515 3504 646 3570 Quis
677 3508 861 3574 major,
888 3509 1179 3576 prophetae,
1201 3522 1265 3560 an
1293 3507 1446 3561 .Iesus
1473 3508 1741 3562 Christus?

217 3594 337 3660 quis
366 3596 553 3661 major,
584 3597 874 3658 Abraham,
899 3611 963 3649 an
989 3595 1148 3649 Jesus
1173 3595 1456 3649 Christus?
1485 3595 1624 3648 Sane
1657 3597 1740 3650 hic

220 3696 373 3734 nemo
413 3697 618 3745 eorum,
643 3683 730 3748 qui
767 3683 851 3736 vel
890 3698 990 3735 una
1030 3684 1145 3736 vice
1177 3691 1378 3734 tantum
1406 3683 1544 3736 scire
1571 3683 1741 3750 potuit

217 3766 394 3821 Jesum
439 3768 704 3822 Christum
752 3785 889 3832 esse,
915 3770 1006 3836 qui
1041 3784 1070 3821 a
1102 3770 1376 3837 prophetis
1420 3770 1742 3836 praenuntia-

220 3866 306 3909 tus
335 3867 438 3919 est,
475 3858 685 3911 audebit
713 3859 888 3912 dicere
909 3859 1175 3911 Christum
1210 3871 1314 3910 non
1339 3872 1460 3910 esse
1490 3855 1738 3922 majorem

221 3946 506 4013 prophetis.
530 3945 656 3999 Cum
679 3947 856 4016 itaque
883 3945 1148 3999 Christum
1183 3945 1435 4013 majorem
1464 3944 1738 4004 fateberis,

220 4033 531 4088 Christusne
581 4036 716 4103 apud
764 4036 998 4088 inferos?
1049 4035 1234 4087 Nonne
1290 4033 1414 4086 illuc
1470 4033 1745 4098 pervenit?

221 4119 404 4175 Nonne
457 4138 636 4176 verum
692 4133 775 4177 est
819 4125 958 4192 quod
1000 4124 1054 4176 in
1093 4123 1320 4176 Psalmis
1351 4122 1563 4183 dicitur,
1599 4121 1745 4174 etab

227 4208 480 4271 apostolis
513 4211 562 4261 in
591 4210 803 4263 Actibus
837 4211 1292 4278 interpretatur“,
1318 4208 1646 4262 Salvatorem
1679 4207 1744 4259 ad

1837 3145 1934 3196 οὐκ
1954 3143 2096 3195 ἐστιν
2119 3144 2182 3193 ὲκ
2210 3141 2511 3210 προσώπου
2544 3141 2648 3192 τοῦ
2701 3142 3012 3212 δαιμονίου
3061 3145 3316 3207 αὐτοῦ,
3367 3145 3496 3196 ἀλλ’
3528 3147 3598 3194 ὲκ

1840 3231 2129 3300 προσώπου
2153 3230 2344 3298 αύτῆςο
2375 3249 2394 3280 ι
2440 3231 2558 3281 Καὶ
2587 3228 2742 3282 εἶδεν
2783 3235 2820 3302 ἡ
2860 3233 3014 3302 γυνὴ
3057 3235 3192 3287 τὸν
3239 3234 3622 3304 Σαμουὴλ»,

1840 3318 1970 3372 Εἷπε
1994 3318 2249 3372 Σαοϋλτὰ
2278 3318 2641 3388 λελαλημένα
2669 3321 2788 3372 ἀπὸ
2825 3321 2925 3372 τοῦ
2957 3322 3308 3393 Μμουήλ
3337 3323 3451 3392 (9)*
3473 3321 3604 3382 πῶς

1838 3409 1928 3463 οὖν
1962 3409 2195 3478 λυόμενα
2223 3409 2292 3460 τὰ
2321 3409 2424 3477 τῆς
2453 3409 2932 3480 ἐγγαστριμύθου
2973 3416 3321 3478 φανεῖται
3347 3413 3428 3465 τὰ
3450 3411 3598 3464 κατὰ

1837 3499 1927 3550 τὸν
1951 3498 2144 3561 τόπον;
2169 3496 2522 3565 Πυνθάνομαι
2548 3497 2652 3549 τοῦ
2683 3500 3156 3568 προειρηκότος
3191 3504 3281 3555 τὰ
3299 3502 3594 3571 πρότερα,

1841 3587 2089 3656 Σαμουὴλ
2132 3587 2189 3638 ὲν
2229 3586 2393 3654 ᾂδου;
2441 3587 2544 3640 καὶ
2595 3587 2674 3639 τὰ
2720 3588 2881 3656 ἑξῆς.
2925 3589 3068 3640 Καὶ
3137 3589 3600 3662 ἀποκρινάσθω

1843 3677 1977 3745 πρὸς
2034 3676 2094 3727 τὸ
2152 3677 2618 3744 ὲπηρωτημένον.
2685 3679 2791 3738 Τις
2841 3677 3118 3747 μείζων,
3190 3681 3524 3750 Σαμουὴλ,
3557 3680 3593 3748 ἢ

1854 3765 2057 3832 Ἰησοῦς
2081 3767 2109 3816 ὁ
2134 3763 2402 3833 Χριστός;
2434 3763 2520 3825 τίς
2556 3765 2801 3833 μείζων,
2840 3768 2894 3818 οἱ
2944 3769 3346 3837 προφῆται,
3395 3769 3434 3838 ἦ
3486 3769 3596 3836 '11;—

1844 3853 1967 3913 σοῦς
1995 3853 2022 3902 ὁ
2052 3850 2317 3921 Χριστόςς
2364 3851 2452 3912 τίς
2490 3851 2751 3919 μείζων,
2802 3853 3138 3924 Ἀὕραὰμ,
3189 3859 3232 3926 ἢ
3298 3857 3538 3924 Ἰησοῦς
3565 3857 3595 3906 ὁ

1842 3939 2113 4008 Χριστός;
2163 3937 2384 3990 Ἐνθάδε
2424 3940 2490 3990 οὐ
2550 3939 2832 4010 τολμήσοι
2871 3958 2959 4002 τις
3001 3943 3165 3995 τῶν
3211 3943 3397 4007 ἅπαξ
3450 3943 3595 4010 φθα-

1846 4029 2049 4080 σάντων
2085 4027 2175 4078 τὸν
2210 4026 2419 4096 Κύριον
2459 4027 2673 4080 εἰδέναι
2718 4027 2938 4097 Ἰησοῦν
2979 4031 3307 4100 Χριστὸν
3335 4034 3445 4085 τὸν
3483 4033 3598 4084 ὑπὸ

1842 4117 1948 4167 τῶν
1974 4111 2263 4184 προφητῶν
2297 4108 2773 4184 προκηρυχθέντα
2806 4113 2974 4179 εἶναι,
3015 4121 3290 4182 εἰπεῖν,
3325 4124 3424 4172 ὅτι
3466 4120 3593 4188 μεί-

1847 4203 1949 4266 ζων
1979 4203 2076 4254 οὐκ
2105 4201 2251 4253 ἐστιν
2283 4202 2312 4252 ὁ
2357 4203 2604 4271 Χριστὸς
2643 4205 2760 4257 τῶν
2811 4207 3196 4274 προφητῶν.
3245 4210 3455 4262 Ὀταν
3490 4205 3597 4262 οὖν

225 4293 422 4347 inferos
451 4296 818 4352 descendisse?
839 4299 986 4362 Quod
1016 4301 1068 4352 in
1102 4298 1308 4366 psalmo
1329 4297 1536 4350 decimo
1556 4296 1728 4363 quintt

2086 4307 2198 4359 ςῃς,
2229 4291 2312 4342 ὅτι
2365 4291 2588 4360 Ἰησοῦς
2614 4294 2866 4363 Χριστὸς
2896 4293 3157 4362 μείζων
3194 4299 3408 4359 ἐστὶν,
3439 4300 3589 4366 Χρι-

225 4382 438 4450 legitur,
473 4389 536 4439 ad
585 4388 754 4456 ipsum
817 4389 1002 4443 referri
1064 4391 1324 4457 scriptum
1358 4387 1501 4441 est"
1537 4404 1550 4439 :
1585 4404 1602 4436 ι
1629 4386 1742 4440 Non

229 4473 568 4541 derelinques
599 4478 832 4530 animam
887 4493 1055 4531 meam
1100 4478 1152 4530 in
1208 4477 1437 4536 inferno,
1465 4489 1562 4529 nec
1597 4475 1747 4529 dabis

222 4557 420 4625 justum
453 4570 595 4614 tuum
656 4565 834 4619 videre
879 4567 1288 4634 corruptionem.
1316 4583 1336 4616 ι
1390 4565 1444 4618 Si
1498 4563 1747 4629 deinceps

231 4650 582 4715 respondebit,
617 4654 736 4721 quia
780 4653 1021 4707 Christus
1068 4655 1133 4707 ad
1191 4652 1393 4706 inferos
1426 4651 1747 4706 descendit:

1846 4377 1966 4438 στὸς
1993 4379 2048 4428 ὲν
2075 4375 2236 4445 ᾆδου;
2277 4377 2353 4428 Ἦ
2384 4379 2448 4429 οὺ
2481 4380 2717 4447 γέγονεν
2751 4383 2907 4446 ὲκεῖ·;
2949 4381 3105 4436 Οὐκ
3143 4385 3337 4438 ἐστιν
3368 4385 3596 4456 ἀληθὲς

1843 4466 1903 4516 τὸ
1931 4466 2214 4534 εἰρημένον
2239 4467 2296 4517 ὲν
2348 4469 2653 4536 Ψαλμοῖς,
2681 4470 3043 4542 ἐρμηνευθὲν
3081 4475 3229 4528 ὑπὸ
3289 4477 3422 4530 τῶν
3456 4479 3597 4529 ἀπιο-

1849 4554 2045 4606 στόλων
2069 4557 2126 4606 ὲν
2155 4557 2276 4616 ταῖς
2342 4557 2658 4622 Πράξεσιν
2702 4559 2889 4612 αὐτῶν
2923 4561 3086 4629 περὶ
3125 4564 3254 4616 τοῦ
3304 4567 3418 4620 τὺν
3467 4566 3594 4618 Σω-

1851 4644 1990 4713 τῆρα
2034 4645 2091 4695 ὲν
2126 4643 2254 4713 ᾅδου
2307 4648 2797 4718 καταϐεϐηκέναις
2859 4651 3282 4721 Γέγραπται,
3335 4659 3436 4711 δτι
3493 4659 3591 4710 ἐπ’

231 4737 354 4802 quid
403 4742 646 4794 acturus?
681 4743 1003 4805 victurusne,
1036 4755 1100 4793 an
1148 4754 1177 4793 a
1213 4747 1386 4792 morte
1431 4738 1734 4792 vincendus'

2087 4732 2270 4803 ἐρεται
2303 4735 2368 4788 τὸ
2395 4737 2455 4788 ὲν
2492 4739 2662 4791 πέντε
2702 4741 2804 4793 καὶ
2849 4740 3098 4810 δεκάτῳ
3143 4745 3440 4817 ψαλμιῖγ
3497 4748 3590 4801 ὅτι

232 4824 513 4881 Descendit
539 4831 604 4881 ad
629 4829 712 4882 illa
746 4830 880 4892 loca,
935 4844 1034 4881 non
1069 4839 1316 4894 tanquam
1353 4841 1536 4878 servus
1564 4839 1745 4878 eorum

233 4914 318 4978 qui
355 4914 422 4967 ibi
473 4927 645 4982 erant,
669 4918 758 4970 sed
787 4925 1040 4983 tanquam
1073 4915 1329 4966 Dominus
1359 4913 1752 4977 decertaturus,

234 5013 289 5054 ut
318 5006 460 5069 prius
503 5006 827 5068 dicebamus,
860 5005 983 5056 dum
1009 5002 1269 5069 psalmum
1300 5002 1605 5068 vigesimum
1640 5003 1752 5070 pri-

235 5106 374 5143 mum
401 5094 779 5160 explicaremus
799 5089 1319 5144 :cCircumdederunt
1338 5103 1421 5141 me
1445 5090 1593 5141 vituli
1620 5091 1756 5142 mul-

1861 4839 1877 4870 ι
1915 4822 2027 4872 Οὐκ
2062 4824 2494 4896 ἐγκαταλείψεις
2543 4828 2644 4898 τὴν
2674 4829 2857 4899 ψυχήν
2899 4845 2996 4899 μου
3057 4834 3170 4896 εξς
3215 4835 3404 4904 ᾅδου,
3453 4837 3590 4888 οὐδὲ

1854 4908 2045 4996 δῴσεις
2082 4909 2178 4964 τὸν
2229 4914 2379 4969 ὅσιόν
2425 4935 2521 4970 σου
2583 4919 2714 4972 ἰδεῖν
2765 4918 3110 4989 διαφθοράν.
3158 4941 3184 4973 ι
3232 4921 3404 4978 Εἶτα
3436 4925 3592 4996 μετὰ

1855 4995 2012 5048 τοῦτο
2050 4998 2151 5054 ἐὰν
2185 5004 2586 5080 ἀποκρίνηται,
2634 5010 2717 5062 ὅτι
2754 5008 2983 5080 Χριστὸς
3036 5010 3114 5061 ὲν
3173 5013 3342 5080 ᾅδου
3386 4995 3590 5067 κατα-

1859 5085 2086 5154 6έ6ηκε,
2119 5092 2176 5144 τί
2220 5100 2442 5164 eratsic;
2490 5101 2754 5171 νικήσων,
2806 5100 2839 5169 ἢ
2889 5096 3409 5171 νικηθησόμενος
3465 5104 3590 5157 ὑπὸ

239 5173 299 5236 ti,
325 5177 458 5226 tauri
490 5171 708 5243 pingues
735 5176 1056 5228 obsederunt
1086 5189 1188 5226 me.
1221 5175 1554 5240 Aperueruut
1595 5190 1742 5242 super

2080 5180 2229 5239 ιάτου
2255 5204 2274 5253 ‘,
2298 5191 2419 5246 Kal.
2438 5191 2801 5262 κατελήλυθεν
2837 5192 2913 5252 εις
2944 5187 3008 5238 τὰ
3054 5193 3291 5261 χωρία
3334 5197 3583 5257 ἐκεῖνα,

308 5283 350 5314 ⁸⁸
376 5285 540 5354 lReg.
561 5303 748 5351 xxvnt,
780 5289 864 5341 l8.
937 5288 979 5319 “
1010 5285 1026 5337 l
1054 5287 1183 5354 Reg.
1210 5300 1303 5348 xv,
1327 5286 1416 5339 28.

313 5391 386 5464 (7)
412 5395 527 5447 Ὅτι
556 5399 664 5464 οὐκ
699 5399 845 5450 ἔστι.
877 5397 968 5451 Vel
998 5397 1171 5464 scribe
1193 5396 1358 5464 δηλοῖ,
1386 5397 1466 5448 ὅτι
1497 5397 1595 5447 οὐκ
1622 5395 1751 5456 ἔστι,

245 5461 535 5531 velﬁsupple
561 5463 725 5531 δηλοῖ,
767 5475 856 5531 aut
880 5465 1006 5530 quid
1031 5463 1222 5531 simile.

320 5524 622 5590 (εῆΕὶέτώνί
653 5524 751 5582 ἵνα
790 5524 916 5597 γάρ,
951 5541 1051 5584 etc.
1085 5529 1272 5583 lluetio
1309 5529 1576 5598 legendum
1607 5528 1750 5580 vide-

1513 5285 1600 5338 ⁷⁰Ι
1637 5285 1764 5352 Reg.
1797 5301 1990 5352 xxviii,
2027 5294 2124 5351 19.
2205 5302 2254 5334 τι
2289 5306 2414 5366 Act,
2453 5325 2517 5377 ιι,
2548 5309 2639 5364 δι,
2713 5308 2760 5339 τ’
2797 5304 3046 5360 Psal.XV.
3089 5303 3208 5360 10.

1867 5408 2227 5498 ¹¹¹¹ἷῖιέίῖῖὼνρ
2264 5421 2365 5498 ἵνα
2395 5427 2471 5498 μὴ
2504 5423 2707 5498 dum“;
2735 5429 2839 5498 elc-

1939 5472 2021 5545 (ει)
2076 5472 2230 5540 Ἀπὸ
2265 5472 2384 5552 es},
2397 5472 2721 5568 rapam:
2744 5472 2912 5556 'Lese-
2941 5475 3040 5534 ὑπὸ
3069 5480 3190 5535 τοῦ
3226 5483 3575 5559 Σαμουήλ-
