3806 6248
190 342 309 396 1021

1268 350 1333 403 ΙΝ
1373 343 1620 402 LIBRUM
1658 343 1893 401 REGUM
1929 345 2208 401 HOMILIA
2243 347 2309 401 li.

3262 340 3400 405 5022

185 458 274 525 οὐχ
303 457 379 519 ὼς
402 457 592 522 δοῦλος
619 462 736 516 τῶν
758 466 897 530 ἐκεῖ,
923 466 1033 518 ἀλλ’
1071 466 1145 529 ὡς
1171 467 1429 539 δεσπότης
1452 468 1724 520 παλαίσων

1849 482 1932 520 me
1959 481 2019 521 os
2049 477 2225 528 suum,
2254 463 2393 515 sicut
2421 460 2505 513 leo
2534 457 2747 525 rapiens
2771 466 2823 511 ct
2858 457 3096 526 rugiens.
3140 444 3379 522 Dispersa

183 545 253 607 ὥς
292 545 484 615 πρώην
538 548 813 620 ἐλέγομεν
843 553 1185 625 ἐξηγούμενοι
1238 556 1326 609 τὸν
1372 557 1579 626 ψαλμὸν
1627 562 1743 608 ua"

189 649 210 683 ι
253 633 712 702 Περιεκῦκλωσὰν
755 657 829 709 με
870 642 1053 709 μόσχοι
1092 641 1291 705 πολλοὶ,
1339 644 1524 714 ταῦροι
1571 644 1748 707 πίονες

147 732 154 801 ς
184 721 461 791 περιέσχον
494 740 586 791 με.
622 726 892 793 Ἤνοιξαν
918 731 1006 780 ἐπ’
1034 731 1129 800 ἐμὲ
1162 732 1221 784 τὸ
1255 732 1422 800 στόμα
1446 730 1640 794 αὐτῶν,
1674 730 1748 793 ὡς

179 808 307 861 λέων
335 811 599 879 ἁρπάξων
629 816 727 866 καὶ
757 816 1086 887 ὠρυόμενος.
1108 820 1494 889 Διεσκορπίσθη
1523 819 1591 871 τὰ
1618 821 1749 871 ὀστᾶ

184 914 296 967 μου.
323 916 341 948 ι
362 899 735 969 Μεμνήμεθα,
751 902 809 955 εἴ
823 921 885 971 γε
904 908 1238 976 μεμνήμεθα,
1264 907 1374 959 τῶν
1402 907 1554 976 ἱερῶν
1569 924 1718 977 γραμ
1739 940 1747 948 -

182 986 373 1054 μάτων·
419 987 712 1058 μέμνημαι
746 992 860 1063 γὰρ
897 995 1069 1049 αὐτῶν
1106 997 1401 1066 εἰρημένων
1435 1000 1512 1060 εἰς
1544 998 1633 1051 τὸν
1660 1003 1744 1050 κα⁹

179 1074 398 1144 ψαλμόν.
427 1074 646 1129 Οὐκοῦν
680 1080 711 1129 6
749 1080 944 1152 Σωτὴρ
982 1083 1302 1154 κατελήλυθε
1335 1085 1548 1138 σώσωψ
1591 1102 1747 1137 κατε-

180 1164 394 1234 λήλυθεν
444 1165 567 1216 ἐκεῖ
612 1170 1026 1239 προκηρυχθεὶς
1061 1172 1163 1224 ὑπὸ
1209 1172 1316 1226 τῶν
1355 1174 1659 1243 προφητῶν,
1708 1175 1741 1245 ἢ

178 1253 267 1318 οὖ;
306 1252 443 1304 Ἀλλ’
474 1252 671 1306 ἐνθάδε
715 1256 823 1325 μὲν
854 1259 1231 1328 προεκηρύχθη
1258 1260 1363 1313 ὑπὸ
1396 1260 1502 1313 τῶν
1539 1279 1745 1332 προφη-

179 1338 294 1389 τῶν·
327 1337 564 1407 ἁλλαχοῦ
594 1340 655 1392 δὲ
691 1341 1105 1411 κατέρχεταιού
1153 1343 1239 1396 διὰ
1279 1345 1593 1415 προφητῶν;
1639 1347 1745 1400 Kal

179 1424 368 1493 Μωσῆς
399 1426 566 1478 αὐτὸν
606 1428 888 1496 κηρύσσει
928 1430 1322 1499 ἐπιδημήσοντα
1343 1430 1418 1501 τῷ
1449 1432 1595 1499 γένει
1638 1434 1743 1489 τῶν

178 1514 482 1584 ἀνθρώπων·
519 1515 667 1569 ὥστε
716 1517 978 1585 λέγεσθαι
1026 1518 1201 1581 καλῶς
1241 1519 1345 1572 ὑπὸ
1409 1521 1500 1572 τοῦ
1543 1522 1740 1592 Κυρίου

179 1603 262 1653 καὶ
290 1602 541 1672 Σωτῆρος
565 1605 752 1673 ἡμῶν·
790 1623 813 1657 s
836 1607 897 1658 El
924 1605 1229 1658 ἐπιστεύετε
1252 1608 1441 1677 Μωσῇ,
1467 1610 1739 1662 ἐπιστεύε-

178 1710 230 1745 τε
257 1692 320 1745 ἁν
355 1693 508 1763 ὲμοίι·
545 1694 677 1763 περὶ
717 1694 839 1763 γὰρ
875 1694 1005 1764 ἐμοῦ
1049 1697 1251 1758 ἐκεῖνος
1294 1695 1544 1766 ἔγραψεν.
1581 1699 1641 1750 Ei
1680 1699 1737 1751 δὲ

1845 566 1971 610 sunt
1997 555 2176 609 omnia
2217 566 2338 606 ossa
2381 562 2494 603 mea
2517 547 2582 599 ".
2612 564 2633 596 ι
2679 546 2818 600 Sane
2861 548 3214 600 recordamur
3250 547 3380 600 divi.

1844 659 2031 699 narum
2078 643 2394 705 litterarum,
2429 651 2662 708 namque
2696 634 2807 687 haec
2850 635 2901 687 in
2944 632 3153 702 psalmo
3179 632 3369 700 vigesi.

1844 749 1930 787 mo
1955 734 2126 802 primo
2170 732 2369 798 scripta
2395 744 2513 784 esse
2549 726 2793 782 memini.
2818 724 2982 790 Igitur
3008 721 3253 775 Salvator
3276 724 3369 776 de-

1842 820 2068 885 scendit,
2098 826 2156 872 ut
2199 819 2470 877 liberaret.
2501 814 2846 870 descenditne
2889 811 3017 862 illnc
3048 811 3367 876 pramuntia-

1842 917 1975 960 tnsa
2006 906 2299 973 prophetis,
2335 919 2508 957 annon
2528 904 2553 955 ?
2578 905 2644 957 At
2675 901 2763 954 hic
2789 899 3004 966 quidem
3034 910 3063 948 ι
3093 897 3366 963 prophetis

1841 994 2222 1064 praenuntiatus
2250 1002 2364 1057 est;
2399 992 2505 1044 alio
2537 1006 2664 1044 vero
2696 990 2966 1043 descendit
2992 1000 3092 1039 non
3120 998 3213 1051 per
3242 999 3366 1050 pro-

1852 1083 2077 1153 phetas?
2104 1082 2312 1151 Moyses
2342 1083 2466 1134 item
2504 1081 2672 1148 ipsum
2699 1078 3012 1147 praenuntiat
3038 1090 3135 1143 pro
3173 1087 3366 1141 genere

1840 1174 2074 1227 hmuano
2099 1172 2473 1234 adventurnm,
2502 1170 2573 1222 ita
2608 1180 2664 1222 ut
2695 1177 2835 1222 recte
2865 1183 2892 1219 a
2921 1164 3145 1218 Domino
3158 1171 3209 1215 et
3242 1161 3366 1216 Sal—

1839 1272 2021 1316 vatore
2048 1268 2232 1314 nostro
2254 1260 2459 1314 dicatur
2474 1258 2522 1289 ⁷⁸
2543 1271 2559 1310 :
2583 1273 2606 1308 ι
2629 1258 2683 1311 Si
2700 1254 2990 1311 crederetis
3021 1250 3212 1321 Moysi,
3243 1263 3367 1304 cre-

1841 1350 2037 1405 deretis
2070 1359 2123 1402 et
2155 1348 2283 1401 mihi
2315 1363 2330 1401 :
2362 1349 2428 1399 de
2454 1361 2539 1400 me
2576 1346 2717 1400 enim
2766 1344 2855 1396 ille
2881 1340 3116 1408 scripsit.
3150 1338 3205 1392 Si
3229 1336 3368 1391 scri-

1840 1440 1943 1506 ptis
1972 1437 2115 1491 illius
2157 1451 2263 1490 non
2297 1434 2544 1497 creditis,
2587 1433 2854 1501 quomodo
2885 1429 3065 1484 verbis
3097 1429 3232 1482 meis
3258 1440 3370 1481 cre—

1842 1524 2046 1578 detis‘h
2078 1521 2301 1575 Etvenit
2330 1522 2381 1574 in
2410 1522 2544 1574 hanc
2566 1520 2727 1573 vitam
2753 1518 3021 1580 Christus,
3040 1526 3093 1570 et
3121 1529 3372 1583 praenun-

1844 1611 2001 1663 tiatnr
2022 1610 2272 1665 Christus
2294 1610 2346 1662 in
2368 1609 2504 1663 hanc
2541 1610 2706 1661 vitam
2737 1606 3045 1659 adveniens.
3073 1603 3130 1657 Si
3162 1603 3367 1670 Moyses

1843 1699 1906 1751 de
1938 1699 2029 1752 illo
2072 1699 2159 1753 hic
2186 1698 2547 1766 praenuntiat,
2577 1711 2683 1749 non
2719 1695 2799 1749 vis
2839 1703 2892 1748 et
2929 1694 3095 1762 ipsum
3133 1692 3256 1744 illuc
3282 1692 3371 1745 de-

177 1785 277 1842 τοῖς
300 1782 504 1835 ἐκείνου
528 1783 870 1852 γράμμασιν
900 1785 959 1836 οὐ
984 1785 1279 1847 πιστεύετε,
1311 1786 1428 1848 πῶς
1469 1790 1578 1849 τοῖς
1595 1789 1619 1838 ὲ
1628 1791 1730 1857 μοῖς

1844 1789 2132 1849 scendisse.
2161 1797 2219 1839 ut
2247 1786 2515 1840 Christum
2551 1784 2863 1854 praediceret
2891 1797 2954 1836 eo
2980 1778 3367 1850 migraturum?

182 1872 370 1941 ῥήμασι
396 1871 761 1935 πιστεύσετε;
790 1890 814 1922 s
847 1873 951 1925 Kal
982 1874 1335 1944 ἐπιδεδήμηκε
1357 1875 1526 1944 τούτῳ
1543 1875 1617 1945 τῷ
1639 1877 1735 1946 βίῳ

177 1960 216 2009 Χ
225 1960 416 2027 ριστὺς,
446 1961 541 2012 καὶ
563 1977 752 2030 προκη
763 1959 1020 2030 ρύσσεται
1036 1963 1078 2013 Χ
1087 1963 1260 2031 ριστὸς
1281 1963 1435 2032 ὲπιδη
1444 1964 1553 2032 μῶν
1567 1963 1735 2033 τούτῳ

177 2047 245 2115 τῷ
271 2047 383 2117 βίῳ.
411 2051 473 2101 Εἰ
515 2049 573 2101 δὲ
614 2051 838 2119 Μωσῆς
879 2051 1204 2120 προφητεύει
1239 2051 1396 2104 αὐτὸν
1428 2050 1629 2117 ἐνθάδε,
1668 2053 1731 2108 ,οὐ

178 2135 336 2199 θέλεις
377 2138 541 2190 αὐτὸν
576 2139 748 2190 κάκεῖ
798 2138 1245 2206 καταϐεϐηκέναι,
1276 2139 1360 2191 ἴνα
1392 2140 1734 2209 προφητεύσῃ

178 2223 395 2294 Χριστὸν
422 2225 792 2289 elatius-seat;
842 2227 907 2277 Ἰῖί
933 2226 1023 2290 se;
1056 2228 1261 2296 Μωσῆς
1295 2228 1410 2297 μὲν,
1436 2231 1484 2281 οἱ
1515 2230 1571 2282 δὲ
1611 2229 1733 2299 ἑξῆς

177 2314 433 2382 προφῆται
466 2315 628 2384 οὐχί;
686 2314 946 2385 Σαμουὴλ
973 2316 1029 2368 δὲ
1068 2316 1215 2384 οὐχίς
1270 2316 1334 2368 Τί
1382 2318 1576 2370 ἄτοπόν
1620 2320 1731 2370 ἐστι

176 2404 288 2465 τοὺς
319 2405 534 2473 ίατροὺς
563 2404 929 2457 καταϐαίνειν
964 2404 1096 2473 πρὸς
1132 2407 1254 2468 τοὺς
1294 2406 1473 2468 κακῶς
1493 2406 1728 2475 ἔχοντας;

176 2489 235 2540 Τί
263 2489 315 2541 δὲ
335 2491 532 2543 ἄτοπόν
560 2494 717 2543 ἐστιν
742 2490 836 2541 ἵνα
867 2489 959 2541 καὶ
986 2491 1013 2541 6
1038 2491 1326 2560 ἁρχίατρος
1358 2492 1563 2562 καταὸῇ
1598 2493 1732 2561 πρὸς

175 2577 287 2639 τοὺς
312 2577 494 2640 κακῶς
514 2578 747 2647 ἔχοντας
774 2594 791 2642 ;
845 2579 1065 2631 Ἐκεῖνοι
1101 2580 1268 2648 ἰατροὶ
1303 2579 1398 2647 μὲν
1422 2576 1558 2648 ἦσαν
1600 2580 1729 2633 πολ-

176 2663 269 2726 λοὶ,
299 2666 327 2717 6
349 2665 404 2717 δὲ
441 2665 650 2735 Κύριός
682 2681 793 2735 μου
815 2666 906 2717 καὶ
942 2664 1127 2734 Σωτὴρ
1153 2664 1437 2735 ἁρχίατρός
1464 2666 1594 2716 ἐστι·
1637 2665 1731 2717 καὶ

176 2751 276 2820 γὰρ
293 2751 387 2821 τὴν
413 2753 562 2805 ἔνδον
596 2753 923 2822 ἐπιθυμίαν,
955 2753 988 2821 ἥ
1012 2755 1069 2805 οὐ
1095 2752 1310 2807 δύναται
1333 2753 1435 2805 ὑπὸ
1450 2753 1618 2805 ἄλλων
1645 2753 1730 2805 οε-

179 2839 517 2909 ραπευθῆναι,
556 2843 728 2903 αὐτὸς
762 2841 1076 2910 θεραπεύεν
1107 2843 1225 2911 ἥτις
1269 2842 1366 2894 οὐκ
1396 2841 1606 2911 ἴσχυσεν
1638 2844 1727 2894 ὑπ’

179 2929 374 2991 οὐδενὸς
422 2930 842 2999 θεραπευθῆναι
881 2929 987 2981 τῶν
1019 2930 1235 2999 ἰατρῶν,
1264 2930 1490 3000 Χριστὸς
1530 2932 1728 3000 Ἰησοῦς

176 3014 329 3083 αὐτὴν
355 3014 671 3084 θεραπεύει.
698 3014 794 3083 Μὴ
818 3013 1001 3081 φοόοῦ.
1031 3014 1121 3084 Μὴ
1154 3014 1378 3082 θαμϐοῦ.
1416 3016 1615 3085 Ἰησοῦς
1649 3021 1728 3079 εις

1838 1877 1972 1942 Quid
2006 1875 2198 1943 porro?
2231 1874 2438 1943 Moyses
2459 1873 2510 1924 id
2544 1873 2651 1940 egit
2682 1888 2696 1923 :
2724 1870 2914 1938 reliqui
2956 1870 3227 1937 prophetae
3258 1881 3365 1921 non

1839 1964 2001 2017 item?
2022 1963 2204 2018 Nonne
2244 1962 2501 2016 Samuel?
2536 1961 2797 2026 Quidnam
2822 1957 3039 2012 absurdi
3071 1966 3172 2021 est,
3199 1956 3364 2008 medi-

1837 2066 1929 2106 cos
1960 2054 2024 2105 ad
2050 2052 2183 2104 male
2222 2065 2281 2104 se
2311 2049 2570 2103 habentes
2598 2046 2963 2101 descendere?
2990 2045 3124 2110 Quid
3148 2043 3365 2098 absurdi

1832 2148 1917 2192 est
1961 2138 2247 2206 principem
2302 2136 2625 2190 medicorum
2670 2137 2735 2187 ad
2776 2143 3096 2201 aegrotantes
3139 2135 3363 2186 descen-

1837 2228 1997 2282 dere?
2040 2227 2118 2281 llli
2153 2227 2344 2281 medici
2401 2226 2614 2294 quidem
2662 2235 2832 2290 erant,
2883 2233 2939 2278 et
2982 2238 3113 2277 sane
3173 2222 3361 2275 multi:

1835 2325 1892 2371 at
1944 2317 2195 2372 Dominus
2258 2330 2408 2369 meus
2470 2323 2524 2369 et
2560 2314 2807 2369 Salvator
2872 2314 3120 2382 princeps
3174 2326 3362 2366 eorum

1822 2416 1932 2461 est.
1996 2404 2199 2459 Etenim
2268 2407 2531 2459 internum
2603 2404 2964 2464 desiderium,
3019 2401 3178 2472 5.95
3226 2403 3364 2469 quod

1833 2510 1937 2547 non
1998 2502 2169 2562 potest
2208 2493 2275 2546 ab
2323 2492 2443 2547 aliis
2506 2486 2712 2557 curari,
2756 2484 2911 2545 curat
2956 2492 3070 2559 ipse
3105 2509 3120 2546 :
3151 2493 3290 2560 quod
3332 2506 3363 2546 a

1834 2581 2046 2635 nemine
2095 2582 2264 2649 potuit
2305 2580 2629 2633 medicorum
2683 2579 2881 2641 sanari,
2910 2588 3126 2631 sanatur
3152 2594 3181 2631 a
3206 2578 3363 2633 Chri-

1830 2675 1917 2722 sto
1959 2665 2105 2721 Jesu.
2144 2664 2221 2720 Ne
2265 2666 2470 2722 timeas.
2518 2664 2594 2718 Ne
2623 2667 2851 2720 mireris.
2894 2665 3134 2719 Christus
3182 2665 3236 2720 in
3275 2666 3361 2720 in-

1833 2753 2039 2809 fernum
2091 2755 2401 2817 descendit,
2454 2760 2509 2808 et
2553 2764 2678 2808 ante
2736 2768 2856 2807 eum
2911 2753 3180 2823 propheta:
3200 2756 3225 2819 ,’
3268 2753 3361 2823 qui

1832 2841 1945 2907 ejus
1985 2843 2263 2896 adventum
2306 2841 2686 2910 praedicebant.
2734 2841 2939 2895 Addam
3005 2851 3259 2909 praeterea
3304 2850 3362 2897 et

1832 2925 1976 2979 aliud
2019 2927 2202 2981 nescio
2220 2929 2345 2995 quid
2371 2943 2434 2982 ex
2459 2930 2571 2996 ipsa
2601 2927 2898 2995 Scriptura.
2931 2927 3145 2982 Samuel
3173 2942 3363 2982 ascen-

1832 3013 1945 3077 dit;
1994 3023 2047 3067 et
2080 3028 2206 3067 ecce
2244 3015 2371 3069 Saul
2412 3015 2542 3068 dicit
2589 3030 2649 3068 se
2698 3016 2894 3069 vidisse
2936 3015 3167 3067 animam
3204 3033 3219 3069 :
3257 3030 3361 3069 non

176 3102 292 3171 ᾅδου
317 3104 526 3170 γέγονε,
562 3105 662 3156 καὶ
694 3106 743 3155 οἱ
775 3104 1047 3172 προφῆται
1077 3103 1181 3171 πρὸ
1200 3103 1381 3167 αὐτοῦ,
1411 3105 1503 3156 καὶ
1529 3120 1730 3174 προκη-

1830 3101 1954 3181 dicit
1988 3102 2255 3157 hominem
2298 3116 2356 3155 se
2393 3103 2616 3157 vidisse.
2662 3102 2864 3156 Timuit
2907 3115 3066 3171 quem
3095 3103 3229 3156 vidit
3262 3118 3276 3155 :
3305 3110 3363 3156 at

180 3189 418 3258 ρύσσουσι
448 3189 545 3243 τοῦ
578 3189 824 3260 Χριστοῦ
847 3191 944 3258 τὴν
965 3188 1270 3258 ἐπιδημίαν.
1299 3185 1429 3240 Εἶτα
1472 3190 1563 3242 καὶ
1608 3190 1731 3243 ἄλλο

174 3294 224 3328 τι
257 3279 387 3331 θέλω
415 3281 594 3332 εἰπεῖν
622 3280 721 3331 ἀπ’
748 3277 918 3346 αὐτῆς
942 3279 1037 3347 τῆς
1058 3278 1295 3347 Γραφῆς.
1323 3278 1570 3347 Σαμουὴλ
1604 3280 1731 3331 ἁνα-

179 3366 357 3431 δαίνει,
388 3369 483 3420 καὶ
533 3369 647 3421 ἰδοὺ
680 3368 857 3421 Σαοὺλ
896 3367 1039 3433 λέγει
1083 3366 1377 3435 ἑωρακέναι
1406 3368 1578 3436 ψυχήν
1602 3384 1617 3399 ο
1668 3369 1727 3420 οὐ

178 3455 311 3522 λέγει
337 3458 644 3527 ἑωρακέναι
674 3457 978 3527 ἄνθρωπον.
1009 3455 1245 3523 Ἐπτηξε
1279 3455 1461 3508 τοῦτον
1498 3456 1555 3508 ὃν
1592 3453 1724 3509 εἶδε·

176 3543 286 3595 τίνα
309 3546 407 3614 ὁρᾷ
430 3562 444 3608 ;
465 3564 483 3595 ι
517 3546 713 3610 Θεοὺς,
748 3547 927 3613 φησὶν,
963 3544 1070 3612 ἐγὼ
1084 3543 1237 3608 εἶδον,
1255 3545 1405 3606 θεοὺς
1422 3545 1728 3599 ἀναϐαίνον-

178 3647 264 3693 τας
292 3634 397 3685 ἁπὺ
424 3636 526 3703 τῆς
548 3636 677 3704 γῆς.
710 3654 729 3685 ι
760 3634 866 3688 Kal
894 3635 1031 3703 τάχα
1052 3633 1297 3703 Σαμουὴλ
1317 3634 1377 3684 οὐ
1414 3634 1567 3702 μόνος
1600 3636 1727 3687 ἁνα-

177 3717 364 3787 σέϐηκε
393 3723 487 3774 καὶ⁵
512 3723 642 3775 τότε
674 3720 1061 3792 προφητεύσων
1087 3720 1163 3788 τῷ
1188 3718 1383 3771 Σαούλ·
1415 3718 1526 3772 ἁλλ’
1561 3721 1724 3785 εἰκὸς,

176 3802 353 3876 ὥσπερ
397 3810 658 3862 ἐνταῦθα’
697 3827 715 3859 ι
753 3809 905 3861 Μετὰ
942 3808 1085 3860 ὁσίου
1128 3806 1415 3878 ὁσιωθήσῃ,
1458 3809 1549 3860 xal
1594 3809 1727 3877 μετὰ

375 3897 555 3950 ἁθώου
592 3897 771 3960 ἁθῶος
810 3898 928 3967 ἔστι,
957 3899 1050 3950 xal
1090 3897 1225 3966 μετὰ
1269 3896 1518 3949 ὲκλεκτοῦ
1578 3898 1727 3950 ἐκλε-

179 3983 295 4043 κτὸς
320 3984 436 4056 ἔσῃ·
463 4003 479 4035 ι
506 3987 607 4038 καὶ⁵
645 3986 781 4037 εἰσιν
814 3985 1040 4037 ἐνταῦθα
1071 3984 1336 4053 διατριϐαὶ
1378 3986 1545 4051 ἁγίων
1592 3986 1725 4055 μετὰ

176 4066 354 4134 ἁγίων·
391 4072 512 4139 οὐχὶ
545 4072 603 4123 δὲ
628 4072 799 4138 ἁγίων
826 4071 961 4141 μετὰ
990 4070 1317 4141 ἁμαρτωλῶν
1336 4087 1349 4101 ο
1396 4071 1488 4123 καὶ
1524 4074 1572 4125 εἰ
1619 4072 1725 4143 ἄρα

180 4156 298 4207 ποτέ
317 4157 429 4210 ἐστι
457 4158 572 4211 τῶν
598 4158 771 4226 ἁγίων
797 4158 1043 4229 διατριϐὴ
1067 4159 1204 4227 μετὰ
1229 4156 1334 4209 τῶν
1370 4159 1721 4228 ἁμαρτωλῶν,

177 4243 307 4314 ὑπὲρ
324 4246 417 4298 τοῦ
443 4248 538 4300 xal
564 4248 695 4310 τοὺς
720 4248 1070 4318 ἁμαρτωλοὺς
1101 4247 1287 4299 σῶσαι.
1310 4246 1604 4317 Οὖτωτάχα
1632 4248 1723 4300 καὶ

1827 3203 1983 3256 quem
2011 3189 2185 3243 vidit?
2216 3206 2235 3241 ι
2274 3190 2432 3252 Deos,
2456 3192 2629 3259 inquit
2652 3191 2719 3255 "',
2741 3204 2838 3259 ego
2867 3191 2992 3254 vidi,
3020 3191 3149 3244 deos
3171 3204 3360 3243 ascen-

1829 3275 2016 3328 dentes
2040 3290 2069 3328 e
2101 3285 2262 3331 terra.
2294 3296 2313 3328 ι
2346 3277 2411 3330 Ει
2438 3277 2665 3331 fortasse
2710 3285 2834 3329 tunc
2863 3292 2965 3330 non
3004 3278 3149 3331 solus
3180 3291 3360 3330 ascen-

1828 3363 1904 3414 dit
1937 3362 2152 3416 Samuel
2182 3363 2329 3417 Sauli
2358 3365 2762 3419 vaticinaturusl
2809 3365 2914 3419 Sed
2939 3373 3356 3419 consentaneum

1826 3461 1928 3515 est,
1975 3451 2417 3519 quemadmodum
2449 3452 2535 3507 hic
2556 3453 2603 3485 ⁷⁸
2635 3470 2648 3505 :
2688 3470 2708 3503 ι
2745 3452 2876 3506 Cum
2919 3462 3105 3506 sancto
3133 3463 3372 3528 sanctus.

1826 3541 1956 3603 eris,
1999 3548 2053 3594 et
2091 3554 2216 3593 cum
2258 3541 2475 3594 homine
2514 3541 2799 3595 innocente
2844 3542 3096 3596 innocens
3126 3544 3267 3607 eris;
3299 3552 3356 3597 et

1824 3642 1944 3681 cum
1969 3627 2137 3681 electo
2174 3629 2374 3681 electus
2415 3629 2556 3694 eris;
2598 3647 2618 3680 ι
2669 3637 2896 3695 suntque
2926 3629 3011 3683 hic
3041 3639 3352 3683 sanctorum

1824 3730 1944 3769 cum
1976 3715 2177 3768 sanctis
2207 3716 2651 3782 consuetudines;
2685 3726 2733 3769 at
2762 3730 2863 3768 non
2887 3726 3194 3770 sanctorum
3225 3732 3348 3770 cum

1824 3801 2353 3872 praevaricatorihus:
2390 3809 2445 3856 et
2474 3802 2517 3856 si
2568 3806 2880 3871 quandoque
2908 3803 3021 3857 ﬁeri
3048 3804 3235 3874 possit,
3283 3812 3343 3858 ut

1822 3901 2130 3945 sanctorum
2174 3905 2278 3942 una
2314 3904 2432 3944 cum
2469 3892 2837 3958 peccatoribus
2882 3893 3208 3947 consuetudo
3252 3892 3345 3957 sit,

1822 3989 1881 4033 ut
1914 3989 2223 4047 peccatores
2257 3979 2544 4033 salventnr.
2582 3979 2834 4035 Fortasse
2873 3981 2975 4035 hac
3008 3982 3213 4035 ratione
3243 3995 3349 4036 una

1822 4079 1943 4122 cum
1969 4066 2213 4120 Samuele
2234 4068 2552 4121 ascendente
2572 4070 2924 4123 ascenderunt
2942 4071 3100 4123 etiam
3124 4070 3349 4123 aliorum

1820 4159 2194 4227 prophetarum
2249 4160 2442 4211 anima:
2492 4167 2713 4212 sauctze.
2758 4159 2958 4213 Forsan
3005 4174 3241 4227 quaeres,
3277 4174 3346 4212 an

1820 4246 2013 4300 fuerint
2041 4245 2389 4313 angelisnper
2424 4248 2698 4315 spiritibus
2739 4263 2944 4303 eorum.
2974 4247 3237 4316 PrOpheta
3267 4248 3349 4301 di-

179 4333 506 4387 ἀναϐαίνοντι
529 4336 612 4405 τῷ
642 4336 890 4406 Σαμουὴλ
930 4335 1418 4403 συναναδεϐήκασιν
1435 4336 1549 4404 ῆτοι
1575 4337 1721 4403 ἅγιαι

1830 4338 1957 4390 cit"
1984 4355 1998 4391 :
2030 4355 2049 4388 ι
2083 4338 2314 4407 Angelus
2339 4338 2427 4406 qui
2464 4343 2697 4406 loquitur
2732 4340 2784 4393 in
2833 4353 2939 4393 me.
2981 4358 3000 4391 ι
3036 4341 3129 4396 Vel
3176 4341 3348 4410 angeli

178 4416 331 4486 ψυχαὶ
358 4421 533 4474 ἄλλων
578 4425 890 4492 προφητῶν.
933 4425 1083 4493 Τάχα
1122 4425 1390 4496 ζητήσεις,
1424 4430 1471 4479 οἱ
1509 4429 1721 4496 ἄγγελοι

1830 4435 1998 4490 erant,
2028 4427 2115 4493 qui
2144 4441 2249 4479 una
2275 4442 2396 4480 cum
2442 4428 2719 4494 spiritibus
2744 4429 3119 4493 ascenderunt,
3143 4430 3345 4483 omnia-

180 4498 306 4571 ἦσαν
337 4507 424 4560 επὶ
466 4509 581 4561 τῶν
625 4511 947 4579 πνευμάτων
982 4511 1189 4576 αὑτῶν;
1231 4513 1288 4565 Ὀ
1318 4515 1602 4585 Προφήτης
1631 4517 1720 4569 λέ-

180 4604 286 4654 γει’
321 4610 340 4642 ι
371 4595 642 4662 Ἀγγελος
670 4600 699 4649 6
743 4599 918 4650 λαλῶν
947 4600 1002 4651 ὲν
1033 4600 1201 4669 ἐμοί.»
1247 4601 1313 4653 ’Ὴ
1340 4603 1553 4670 ἄγγελοι
1584 4600 1720 4674 ἦσαν

187 4679 310 4764 μετὰ
338 4685 665 4752 πνευμάτων
698 4687 1204 4757 συναναϐεϐηκότες,
1246 4691 1340 4743 καὶ
1382 4692 1555 4745 πάντα
1586 4694 1719 4764 πλη-

186 4762 354 4829 ροῦται
380 4768 490 4837 (10)
521 4769 632 4821 τῶν
674 4772 945 4839 δεομένων
987 4775 1253 4843 σωτηρίας
1271 4791 1285 4804 ·
1318 4793 1339 4826 ι
1378 4776 1484 4827 Kal
1521 4762 1716 4841 πάντες

184 4849 280 4902 εἰσὶ
303 4852 646 4926 λειτουργικὰ
672 4859 957 4926 πνεύματα
984 4862 1061 4924 είς
1093 4862 1361 4916 διακονίαν
1397 4866 1715 4919 ἀποστελλό-

190 4950 312 5001 μενα
341 4941 425 4994 διὰ
444 4946 570 5006 τοὺς
602 4945 895 5012 μέλλοντας
918 4945 1258 5020 κληρονομεῖν
1287 4952 1567 5023 σωτηρίαν.
1605 4973 1624 5005 ι
1652 4956 1716 5007 Τί

187 5025 309 5095 (Ροδῇ
341 5031 527 5093 εἰπεῖν,
557 5034 638 5084 ὅτι
672 5035 784 5094 πᾶς
809 5033 971 5094 τόπος
1010 5037 1196 5106 χρῄζει
1235 5038 1404 5105 Ἰησοῦ
1446 5041 1712 5108 Χριστοῦ;

193 5111 310 5197 om
339 5117 440 5186 γὰρ
459 5120 692 5187 Χριστοῦ
722 5120 824 5187 μὲν
857 5120 1043 5187 χρῄζει
1074 5125 1177 5177 τῶν
1204 5126 1490 5194 προφητῶν
1521 5130 1549 5179 ὁ
1585 5128 1716 5197 χρή-

190 5192 285 5255 ζων
310 5202 397 5252 τοῦ
428 5205 681 5270 Χριστοῦ.
718 5203 855 5254 Οὐδὲ
875 5204 973 5272 γὰρ
1006 5192 1357 5279 Χριστοῦήμὲν
1376 5192 1715 5280 χρῄζει,

195 5280 658 5355 δὲεὺτρεπιζόντων
697 5290 932 5356 Χριστοῦ
972 5298 1271 5364 παρουσίαν
1300 5298 1391 5347 καὶ
1432 5299 1715 5369 ἐπιδημίαν

1823 4527 1929 4580 que
1958 4513 2023 4566 ad
2055 4514 2321 4579 egentium
2356 4513 2582 4566 salutem
2627 4516 2898 4585 complent
2932 4533 2949 4571 :
2995 4533 3015 4567 ι
3067 4518 3131 4571 Et
3162 4529 3349 4570 omnes

1820 4608 1945 4654 sunt
1989 4600 2208 4667 spiritus
2269 4602 2678 4668 ministrantes,
2748 4606 2837 4673 qui
2891 4606 2944 4658 in
2999 4604 3346 4658 ministerium

1822 4696 2034 4755 propter
2057 4685 2260 4742 futuros
2279 4686 2515 4741 lnrredes
2539 4688 2720 4742 salutis
2759 4692 3044 4744 mittuntur
3071 4692 3136 4746 ⁷⁸.
3163 4708 3181 4741 ι
3209 4687 3346 4754 Quid

1822 4775 1976 4828 times
2005 4774 2202 4841 dicere,
2226 4789 2436 4828 omnem
2464 4775 2637 4828 locum
2662 4774 2788 4831 Jesu
2825 4778 3040 4832 Christo
3071 4772 3348 4845 indigere?

1818 4860 1999 4929 Neque
2026 4875 2174 4925 vero,
2203 4861 2291 4929 qui
2324 4860 2537 4914 Christo
2582 4862 2797 4930 indiget,
2843 4863 3140 4931 prophetis,
3173 4864 3349 4930 iisque

1818 4950 1906 5018 qui
1931 4950 2127 5004 Christi
2156 4953 2486 5017 praesentiam
2512 4959 2565 5004 et
2592 4951 2876 5005 adventum
2903 4960 3349 5017 praeparantmon

1814 5037 2077 5107 indigent.
2106 5038 2171 5093 Et
2201 5039 2433 5094 Joannes
2472 5056 2601 5095 sane
2622 5080 2638 5105 ,
2672 5056 2776 5110 quo
2812 5040 2982 5104 major
3022 5039 3166 5089 inter
3197 5046 3356 5088 natos

1820 5128 2118 5194 mulierum,
2161 5132 2375 5187 Christo
2416 5134 2531 5202 ipso
2566 5143 2718 5197 teste,
2751 5144 2905 5184 nemo
2948 5126 3088 5177 fuit:
3125 5140 3146 5171 ι
3185 5123 3360 5189 Major

1819 5219 1957 5270 inter
1977 5228 2126 5273 natos
2150 5220 2424 5274 mulierum
2446 5221 2646 5274 Joanne
2671 5218 2905 5285 Baptista
2932 5210 3107 5263 nullus
3128 5206 3361 5269 fuit";'

1820 5318 1989 5372 neque
2035 5307 2223 5361 timeas
2278 5306 2327 5360 id
2366 5306 2627 5361 aiiirmare
2669 5321 2684 5355 :
2730 5297 3005 5355 descendit
3036 5293 3101 5348 ad
3152 5291 3377 5343 inferos

250 5391 454 5485 ’ἰινεδές
480 5394 895 5485 εξεεὲδοέςίιεὲν
964 5399 1018 5429 ⁷⁵
1039 5402 1189 5459 δοαη-
1216 5420 1267 5469 νυ
1298 5403 1386 5457 46-
1460 5407 1505 5439 "
1540 5407 1712 5481 Ines-

1830 5430 1926 5485 rnt,
1956 5416 2042 5471 15.
2115 5417 2159 5451 ⁷⁸
2185 5416 2325 5472 Psal.
2354 5430 2486 5482 xvu,
2507 5415 2595 5469 26.
2667 5413 2709 5447 "
2732 5407 2902 5465 Zach.
2926 5416 2990 5468 ιι,
3012 5400 3065 5455 5.
3144 5395 3206 5430 ’³
3236 5396 3386 5453 Heli.

198 5470 235 5516 ι,
270 5458 346 5510 ll.
407 5462 454 5492 "
479 5461 661 5515 Matth.
700 5476 780 5523 ιι,
818 5462 895 5512 11.

256 5564 352 5635 (10)
377 5570 725 5637 Πληροῦται.
755 5565 936 5634 Forte,
968 5576 1331 5649 πληροῦντες.
