3806 6240
61 77 122 92 *Ε-
131 91 134 93 λ

112 251 252 338 “ﬁl/'7

1294 270 1359 322 IN
1395 266 1644 322 LIBRUM
1686 266 1914 320 REGUM
1955 235 2229 318 llOXllLlA
2269 266 2331 317 ΙΙ.

3263 266 3396 320 1026

149 381 284 438 σιώ,
308 345 636 449 πρὸδφμῧι
658 365 926 440 Χριστοῦ
959 379 1009 430 οἱ
1040 379 1312 449 προφῆται
1343 379 1571 449 Χριστοῦ
1591 396 1603 408 ·
1629 377 1750 430 οῦτο

1868 375 1957 428 sed
1980 384 2035 426 ut
2062 383 2337 434 sanctum;
2375 372 2460 424 ubi
2495 372 2538 422 si
2562 381 2642 425 est
2669 383 2909 438 sanctus,
2939 383 3157 430 sanctus
3183 376 3400 428 omnino

159 472 251 520 ιώ.
270 445 550 519 ‘z‘c’d’xl‘ﬁll3k
594 452 722 508 ἒ.κεῖ
753 445 1172 534 καταϐέϐηκεν·
1199 445 1261 518 οὐ
1296 445 1407 536 γὰρ’
1431 467 1631 528 ἁπλῶς,
1658 455 1771 517 ἀλλ’

186 555 259 612 io;
283 549 456 612 ωςιος
496 540 638 612 ὅπου
688 547 793 601 ἐὰν
899 553 929 603 6
956 554 1128 620 ἆγιος,
1171 554 1314 606 ἐστιν
1346 555 1375 605 6
1421 554 1588 620 ἆγιος.
1628 556 1772 623 Μήτι

192 637 427 710 Χριστὸς
466 634 571 688 οὐκ
606 635 690 689 ἔτι
742 639 986 710 Χριστός
1034 645 1198 705 ἐστιν,
1237 645 1357 695 ἐπεὶ
1384 645 1440 696 ὲν
1479 643 1603 711 ᾅδου
1647 644 1772 695 ποτὲ

188 725 297 798 ἦνς
325 727 444 779 Οὐκ
482 725 565 779 ἔτι
604 721 675 798 ἦν
704 728 838 792 Υἱὸς
867 730 1024 793 Θεοῦ,
1073 731 1192 783 ἐπεὶ
1225 735 1282 784 ὲν
1315 732 1390 801 τῷ
1440 732 1772 802 καταχθονίῳ

178 820 495 887 γεγένηται
535 819 708 887 τόπῳ,
753 836 770 868 ι
802 819 892 871 ἵνα
937 821 1043 872 πᾶν
1071 820 1196 886 γόνυ
1237 820 1423 889 κάμψῃ
1463 823 1520 873 ὲν
1554 820 1630 889 τῷ
1658 821 1772 872 ὀνό-

182 921 328 974 ματι
372 903 556 974 Ἰησοῦ
592 904 852 972 Χριστοῦ,
879 905 1231 975 ἐπουρανίων,
1257 908 1348 958 καὶ
1377 908 1651 973 ἐπιγείων,
1677 907 1770 959 καὶ

170 994 575 1064 καταχθονίων
600 1010 616 1057 ;
651 1012 670 1044 ι
705 994 888 1056 Οὕτως
922 995 1150 1063 Χριστὸς
1165 991 1250 1065 ἧν,
1277 996 1369 1049 καλ⁸
1391 998 1536 1048 κάτω
1564 995 1657 1060 ὢν,
1686 996 1769 1048 ἵνα

165 1081 370 1144 οὕτως
409 1082 579 1144 εἴπω,
615 1082 674 1134 έν
699 1081 779 1151 τῷ
822 1081 971 1133 κάτω
1014 1083 1160 1151 τόπῳ
1206 1082 1298 1145 ὢν,
1329 1083 1634 1153 προαιρέσει
1661 1082 1769 1135 ἄνω

165 1167 247 1242 ἦν
284 1190 300 1202 ·
336 1171 494 1224 οὕτω
524 1172 624 1224 καὶ
651 1172 702 1224 οἱ
743 1171 1036 1241 προφῆται,
1067 1172 1158 1224 καὶ
1183 1172 1448 1240 Σαμουὴλ,
1475 1172 1573 1224 κᾶν
1605 1188 1768 1223 κατα-

161 1262 363 1313 ϐῶσιν
404 1262 546 1312 ὅπου
580 1261 639 1312 αἱ
669 1260 836 1329 ψυχαὶ
869 1263 924 1312 αἱ
961 1260 1126 1316 κάτω.
1154 1260 1300 1312 κάτω
1341 1260 1585 1312 δύνανται
1631 1255 1767 1312 εἶναι

161 1345 365 1412 τόπῳ,
393 1346 458 1396 οὑ
486 1345 648 1397 κάτω
672 1345 727 1396 δέ
753 1347 856 1396 είσι
878 1349 941 1415 τῇ
977 1347 1300 1416 προαιρέσει.
1329 1346 1665 1415 Πυνθάνομαι
1689 1347 1764 1409 δὲ,

160 1435 629 1502 προεφήτευσαν
652 1434 720 1486 τὰ
749 1435 1141 1506 ὑπερουράνια;
1197 1434 1333 1502 Ἐγὼ
1369 1435 1423 1488 δὲ
1452 1435 1511 1486 οὐ
1539 1435 1766 1503 δύναμαι

157 1521 395 1574 διδόναι
418 1522 696 1590 δαιμονίῳ
717 1522 1041 1590 τηλικαύτην
1065 1523 1304 1592 δύναμιν,
1329 1525 1407 1575 ὅτι
1445 1523 1764 1593 προφητεύει

158 1611 318 1678 περὶ
348 1611 535 1662 Σαοὺλ
564 1611 835 1680 Σαμουὴλ,
863 1610 1066 1662 καὶτοῦ
1095 1610 1222 1663 λαοῦ
1249 1611 1338 1663 τοῦ
1355 1611 1505 1675 Θεοῦ,
1531 1613 1620 1664 καὶ
1637 1627 1765 1680 προ-

1869 472 1968 517 cst.
2011 462 2190 515 Nonne
2217 462 2266 514 id
2298 461 2460 514 etiam
2493 459 2557 512 de
2582 459 2791 516 Christo
2814 464 3135 517 aﬂirmamus
3158 465 3183 517 ‘l
3208 465 3398 518 Annon

1869 551 2114 604 Christus
2149 557 2288 610 erat,
2328 548 2451 601 licet
2479 547 2759 614 aliquando
2799 551 2935 618 apud
2969 551 3164 605 inferos
3196 549 3402 605 fuerit?

1868 639 2058 691 Annon
2106 637 2204 690 fuit
2233 636 2399 689 Filius
2431 636 2557 700 Dei,
2589 635 2715 690 licet
2762 638 2812 690 in
2849 640 3207 694 subterraneis
3243 641 3398 708 dege-

1870 736 1950 778 rct
2003 725 2164 787 locis,
2204 742 2224 776 ι
2273 735 2521 797 utpmne
2573 739 2707 792 genu
2753 724 3049 779 ﬂecteretur
3090 727 3142 780 in
3188 730 3399 782 nomine

1866 814 2010 875 Jesu,
2057 813 2374 874 caelestium,
2433 814 2762 866 terrestrium
2801 821 2856 866 et
2901 813 3224 869 infernorum
3250 818 3342 871 “1
3371 839 3396 870 υ

1869 902 1982 954 Non
2016 901 2170 953 aliter
2191 901 2435 954 Christus
2471 909 2604 962 erat,
2651 902 2771 955 licet
2796 902 3017 956 inferius
3048 915 3208 968 esset,
3238 914 3295 958 ut
3320 907 3400 959 sic

1866 991 2064 1055 dicam,
2096 999 2150 1042 et
2180 990 2222 1043 si
2267 990 2317 1042 in
2356 989 2593 1042 inferiori
2628 990 2742 1042 loro
2773 999 2976 1057 ageret,
3009 991 3281 1045 voluntate
3313 1007 3404 1046 su-

1867 1081 2042 1146 perius
2095 1090 2228 1132 erat.
2263 1079 2455 1144 Eodem
2493 1089 2644 1147 pacto
2671 1088 2722 1132 et
2765 1081 3055 1158 prophetat,
3079 1090 3131 1133 et
3158 1081 3399 1146 Samuel,

1867 1167 2106 1234 quamvis
2132 1181 2195 1220 eo
2230 1167 2570 1228 descendant,
2602 1167 2686 1218 ubi
2728 1177 2852 1220 sunt
2885 1167 3076 1220 animae
3096 1183 3212 1235 quae
3241 1169 3290 1221 in
3320 1170 3404 1222 in-

1867 1257 2056 1320 fernis,
2093 1258 2211 1311 loco
2258 1257 2470 1324 quidem
2501 1256 2720 1310 inferius
2748 1271 2902 1323 sunt;
2936 1269 2992 1312 at
3034 1275 3136 1312 non
3181 1259 3402 1315 inferius

1865 1354 1987 1398 sunt
2017 1346 2309 1398 voluntate.
2339 1345 2402 1398 Et
2434 1359 2614 1413 quaero
2647 1361 2712 1398 an
2741 1348 3138 1412 supercmlutia
3171 1349 3402 1416 prophe-

1863 1434 2041 1486 tarint.
2074 1434 2141 1486 At
2163 1447 2260 1500 ego
2290 1447 2546 1498 nusquam
2593 1433 2818 1485 daemoui
2853 1434 3077 1488 similem
3112 1437 3401 1503 potentiam

1863 1519 2169 1573 concedam.
2208 1519 2337 1571 Nam
2383 1517 2600 1572 Samuel
2652 1518 2718 1572 de
2757 1518 2946 1582 Saule,
2973 1531 3026 1574 et
3060 1523 3251 1590 populo
3284 1524 3397 1588 Dei,

1861 1618 1917 1661 et
1951 1623 2110 1678 regno
2139 1609 2326 1672 David,
2351 1608 2512 1663 David
2547 1609 2754 1662 scilicet
2777 1619 3116 1677 regnaturum
3144 1613 3400 1666 vaticina-

157 1698 421 1768 φητεύει
449 1701 590 1770 περὶ
625 1699 899 1768 βασιλείας
934 1699 1110 1762 Δαυῒδ,
1139 1701 1218 1752 ὅτι
1247 1700 1424 1768 μέλλει
1448 1701 1753 1769 βασιλεύειν.

1869 1699 1972 1744 tur.
2009 1693 2107 1757 Qui
2137 1695 2460 1747 contrarium
2493 1697 2748 1759 sentiunt,
2781 1697 3216 1768 veritatem,qnaa
3241 1701 3291 1752 in
3332 1716 3398 1753 eo

159 1789 448 1840 Εἷσονται
469 1789 523 1840 οἱ
550 1786 728 1840 ταῦτα
761 1788 1005 1854 λέγοντες
1032 1788 1100 1839 τὰ
1113 1789 1211 1856 τῆς
1240 1789 1488 1856 ἀληθείας
1511 1789 1608 1855 τῆς
1625 1791 1763 1842 κατὰ

154 1875 267 1927 τὸν
279 1875 485 1938 τόπον,
511 1875 617 1943 οὐχ
633 1876 919 1945 εὑρήσουσι
943 1877 1282 1944 παραστῆσαι
1299 1877 1412 1938 πῶς
1427 1875 1490 1928 ἂν
1509 1877 1599 1928 καὶ
1616 1877 1765 1944 ἆγιος

158 1962 406 2028 γένοιτο
441 1961 596 2032 ὑπὲρ
624 1963 894 2031 σωτηρίας
914 1962 1018 2014 τῶν
1053 1964 1233 2025 κακῶς
1271 1965 1516 2032 ἐχόντων.
1556 1966 1646 2026 El;
1675 1965 1764 2017 τὸν

158 2049 349 2101 τόπον
394 2049 515 2101 τῶν
565 2050 753 2112 κακῶς
794 2050 1022 2118 ἐχόντων
1076 2052 1246 2120 ἰατροὶ
1291 2053 1642 2119 γενέσθωσαν,
1686 2056 1764 2118 εἰς

157 2140 308 2200 τοὺς
336 2138 550 2198 τόπους
575 2137 685 2188 τῶν
712 2139 1020 2206 καμνόντων
1054 2141 1406 2208 στρατιωτῶν,
1435 2141 1525 2192 καὶ
1562 2142 1764 2194 εἰσίτω-

165 2243 278 2278 σαν
307 2227 455 2278 ὅπου
501 2229 562 2278 αἱ
590 2227 840 2278 δυσωδίαι
865 2228 972 2279 τῶν
1006 2230 1324 2297 τραυμάτων
1358 2230 1550 2283 αὐτῶν.
1597 2230 1764 2282 Τοῦτο

162 2315 494 2367 ὑποσάλλει
530 2317 566 2383 ἡ
606 2315 820 2384 ἰατρικὴ
860 2317 1246 2387 φιλανθρωπία.
1292 2318 1442 2370 Οὕτω
1465 2319 1617 2370 τοῦτο
1640 2319 1764 2370 ὑπο-

167 2407 427 2476 εέΰληκε
469 2406 554 2475 τῷ
585 2407 796 2475 Σωτῆρι
821 2408 848 2457 6
875 2405 1030 2471 λόγος
1056 2405 1250 2473 κατὰμ
1267 2405 1313 2472 l)
1330 2407 1439 2466 τοῖς
1465 2408 1762 2474 προφήταις

166 2498 268 2547 καὶ
299 2497 510 2548 ἐνθάδε
548 2495 748 2556 ἐλθεῖν,
773 2496 866 2548 καὶ
889 2496 967 2556 είς
993 2494 1116 2563 ᾅδου
1139 2494 1455 2559 καταὸἧναι.
1482 2495 1586 2546 Καὶ
1612 2494 1763 2547 τοῦτο

170 2587 229 2637 δὲ
259 2585 618 2654 προσθετέον
657 2583 733 2653 τῷ
765 2583 906 2651 λόγῳ
925 2598 942 2614 ’
973 2583 1052 2635 ὅτι
1099 2583 1342 2650 Σαμουὴλ
1370 2583 1643 2650 προφήτης
1672 2577 1759 2651 ἦν,

170 2676 272 2727 καὶ
302 2673 655 2736 ἐξελθόντος,
690 2670 898 2738 ἀπέστη
942 2669 1034 2721 ἀπ’
1059 2667 1219 2720 αὑτοῦ
1244 2670 1275 2736 ἡ
1303 2668 1622 2736 προφητεία·
1665 2669 1761 2720 οὐκ

176 2758 290 2832 ἄρα
317 2760 595 2830 ἀληθεύει
627 2759 657 2809 6
701 2757 870 2823 λέγων
909 2755 1253 2817 Ἀπόστολος·
1300 2773 1317 2804 ι
1361 2756 1516 2824 Ἀρτι
1557 2771 1762 2824 προφη-

173 2853 326 2903 τεύω
355 2854 429 2903 ὲκ
481 2851 708 2918 μέρους,
751 2847 842 2900 καλ⁵
888 2847 950 2898 ἐκ
993 2845 1190 2915 μέρους
1229 2843 1509 2911 γινώσκω·
1553 2846 1678 2897 ὅταν
1704 2845 1759 2896 δὲ

179 2939 308 3010 ἔλθῃ
332 2940 399 2992 τὸ
429 2938 667 2997 τέλειον,
691 2936 783 2987 καὶ
808 2935 926 2985 τότε
955 2934 1014 2985 τὺ
1049 2935 1114 2985 ὲκ
1144 2933 1338 3002 μέρους
1366 2932 1764 3001 καταργηθήσε-

1867 1779 1985 1834 loco
2009 1791 2110 1846 est,
2159 1786 2478 1838 confirmare
2512 1799 2569 1838 se
2603 1801 2707 1839 non
2756 1801 2908 1853 posse
2957 1788 3394 1841 animadverterit.

1869 1868 1970 1922 Sed
1995 1885 2220 1936 quanam
2248 1873 2452 1927 ratione
2481 1886 2692 1928 sanctus
2729 1891 2824 1942 pro
2859 1875 3030 1928 salute
3059 1875 3196 1929 male
3215 1890 3272 1929 se
3299 1877 3396 1928 ha-

1869 1955 2121 2018 bentium,
2173 1959 2224 2010 in
2269 1958 2440 2010 locum
2496 1961 2582 2012 ubi
2645 1973 2951 2027 permanent
3013 1963 3303 2015 deveniet?
3340 1965 3394 2016 In

1865 2043 2023 2112 497
2047 2045 2155 2098 loca
2182 2047 2406 2101 militum
2433 2051 2798 2117 :rgrotantiunt
2829 2053 3019 2106 medici
3053 2068 3292 2119 gressum
3317 2055 3398 2107 di-

1867 2132 2044 2199 rigant
2079 2149 2093 2185 :
2129 2133 2395 2189 introeant
2429 2138 2512 2190 ubi
2565 2137 2723 2192 latter
2769 2140 3003 2193 ulcerum
3035 2157 3220 2196 eorum
3261 2144 3398 2197 male

1865 2219 1991 2272 olet.
2016 2219 2123 2274 Hoc
2151 2222 2385 2290 suggerit
2415 2225 2736 2277 medicorum
2767 2227 2817 2278 in
2849 2229 3088 2283 homines
3111 2245 3279 2284 amor.
3307 2234 3396 2287 Sic

1867 2316 1918 2358 et
1949 2309 2288 2374 propheticus
2310 2324 2484 2363 sermo
2506 2310 2769 2366 Salvatori
2798 2317 2986 2378 suasit,
3008 2327 3064 2369 ut
3089 2331 3152 2370 eo
3171 2322 3394 2384 veniret,

1866 2393 2312 2464 descenderetque
2341 2399 2705 2453 iniuferuutn.
2739 2402 2866 2456 Illud
2895 2405 3017 2457 item
3047 2407 3272 2460 orationi
3299 2411 3394 2462 ad-

1865 2482 2090 2536 dendum
2123 2499 2136 2535 :
2168 2485 2379 2540 Samuel
2408 2491 2656 2557 prOpheta
2688 2491 2807 2553 fuit,
2841 2505 3009 2560 eoque
3032 2504 3238 2549 mortuo
3269 2510 3397 2563 prc-

1866 2571 2042 2638 phetia
2071 2573 2252 2627 abillo
2306 2577 2574 2633 discessit.
2603 2581 2790 2633 Annon
2840 2597 2962 2634 vera
3003 2583 3132 2636 dicit
3171 2586 3399 2652 Aposto-

1864 2659 1948 2713 lus
1972 2661 2017 2691 "
2045 2679 2059 2713 :
2090 2679 2110 2712 ι
2153 2661 2268 2716 Jam
2314 2668 2568 2734 propheto
2598 2683 2663 2721 ex
2704 2679 2870 2736 parte,
2917 2681 2981 2724 ει·
3009 2687 3072 2724 ex
3126 2657 3277 2740 parte!
3316 2689 3399 2726 co-

1863 2763 2061 2817 gnosco
2089 2769 2102 2803 :
2133 2767 2251 2804 cum
2287 2768 2411 2807 vero
2443 2758 2834 2811 consummatio
2855 2761 3075 2824 venerit,
3109 2771 3231 2814 tunc
3257 2765 3394 2830 quod

1863 2849 1927 2890 ex
1954 2849 2102 2906 parte
2130 2851 2229 2904 est,
2251 2845 2411 2896 etiam
2441 2848 2857 2901 evacuabitur?»
2885 2848 3280 2905 Consummatio
3299 2853 3396 2906 ita-

1862 2942 1966 2995 que
1998 2937 2116 2995 post
2159 2930 2317 3000 hujus
2346 2936 2466 2986 vine
2508 2934 2662 2987 finem
2707 2945 2806 2990 est.
2848 2937 2912 2990 Et
2943 2940 3198 3006 quidquid
3231 2941 3394 2997 Isaias

177 3044 300 3093 ται;
338 3047 357 3080 ι
417 3024 640 3079 Οὐκοῦν
672 3024 733 3075 τὸ
763 3023 962 3075 τέλειον
987 3021 1121 3091 μετὰ
1151 3022 1240 3073 τὸν
1290 3021 1398 3089 βίον
1438 3021 1600 3073 ἐστίν.
1651 3023 1753 3073 Καὶ

1862 3018 2212 3084 prophetavit,
2233 3033 2298 3072 ex
2324 3030 2472 3086 parte
2492 3036 2610 3075 cum
2637 3025 2778 3076 omni
2810 3024 3056 3079 libertate
3079 3029 3394 3082 vaticinatus

181 3120 234 3172 εἴ
257 3135 311 3170 τι
349 3116 776 3187 προεφήτευσεν
807 3113 1050 3172 Ἡσαΐας,
1075 3113 1137 3162 ἐκ
1171 3110 1363 3180 μέρους
1401 3112 1760 3180 προεφήτευσε

184 3209 325 3278 μετὰ
352 3207 555 3273 πάσης
585 3201 925 3272 παρρησίας·
958 3198 1364 3268 μεμαρτύρηται
1395 3197 1449 3249 δὲ
1487 3198 1552 3248 τὰ
1579 3198 1760 3250 ἐνθάδε

179 3300 209 3350 ὁ
236 3295 411 3349 Δαυῒδ
450 3293 586 3361 περὶ
609 3290 671 3342 τὸ
696 3289 899 3353 τέλειον
932 3287 1028 3355 τῆς
1055 3285 1414 3355 προφητείας·
1439 3285 1536 3336 οὐκ
1562 3285 1763 3337 ἀπέλα-

183 3381 275 3432 ϐεν
297 3376 400 3432 οῦν
424 3377 531 3446 τὴν
578 3376 742 3444 χάριν
783 3373 880 3442 τὴν
920 3371 1257 3441 προφητικὴν
1305 3370 1568 3440 Σαμουὴλ.
1603 3372 1660 3422 '0
1706 3372 1760 3423 δὲ

181 3468 310 3534 νοῦς
339 3484 452 3536 μου
497 3463 751 3533 ἄκαρπός
792 3465 934 3514 ἐστι·
967 3461 1057 3512 καὶ
1095 3461 1176 3512 ὅτι
1225 3459 1538 3528 Ἐκκλησίαν
1566 3461 1762 3512 οἰκοδο-

186 3560 276 3624 μεί
300 3553 592 3623 όγλώσσῃ
625 3551 819 3603 λαλῶν.
870 3551 977 3603 Καὶ
1017 3549 1124 3618 γάρ
1166 3549 1311 3614 λέγει
1355 3549 1383 3598 6
1425 3547 1646 3610 Παῦλος,
1679 3551 1759 3600 ὅτι

195 3643 542 3712 Ἐκκλησίαν
591 3639 866 3707 οἰκοδομεῖ
906 3639 934 3689 ὁ
977 3636 1342 3706 προφητεύων,
1372 3635 1558 3696 αὑταῖς
1588 3635 1758 3704 λέξεσι

179 3736 380 3800 λέγων.
421 3733 490 3783 Ei
513 3731 571 3782 δὲ
591 3726 944 3798 προφητεύων
986 3724 1302 3793 Ἐκκλησίαν
1327 3723 1606 3790 οἰκοδομεῖ,
1649 3717 1757 3790 εἶχε

181 3825 349 3894 χάριν
401 3819 796 3891 προφητικήν·
850 3817 910 3868 οὑ
959 3815 1065 3884 γὰρ
1113 3813 1440 3866 ἀπολωλέκει
1481 3812 1644 3882 αὐτὴν
1686 3812 1757 3881 μὴ

178 3913 559 3983 ἀφθαρτήσας
586 3906 718 3976 (12)·
763 3905 918 3974 μόνος
948 3904 1054 3972 γὰρ
1091 3903 1345 3955 ἀπόλλυσι
1374 3901 1527 3970 χάριν
1559 3914 1760 3970 προφη-

177 4002 364 4068 τικὴν,
390 4000 454 4058 ὃς
485 3993 630 4064 μετὰ
656 3993 716 4044 τὸ
739 3989 1104 4060 προφητεῦσαι
1140 3987 1431 4056 πεποίηκεν
1455 3985 1640 4050 ἀνάξια
1665 3985 1756 4038 τοῦ

176 4090 517 4157 Πνεύματος
543 4083 641 4136 τοῦ
670 4082 846 4148 ἁγίου,
873 4080 999 4132 ὥστ’
1040 4077 1416 4145 ἐγκαταλιπεῖν
1459 4075 1636 4139 αὑτὸν,
1668 4077 1758 4127 καὶ

177 4181 381 4244 φυγεῖν
413 4174 530 4227 ἀπὸ
583 4171 682 4223 τοῦ
727 4167 1048 4238 ἡγεμονικοῦ
1093 4163 1284 4217 αὑτοῦ·
1342 4164 1474 4232 ὅπερ
1519 4161 1757 4230 ἐφοϐεῖτο

174 4269 302 4318 τότε
345 4265 446 4318 καὶ
496 4261 638 4332 μετὰ
691 4259 789 4326 τὴν
824 4256 1090 4325 ἁμαρτίαν
1134 4256 1162 4305 6
1207 4251 1383 4312 Δαυῒδ,
1427 4251 1520 4302 καλ⁵
1573 4251 1750 4316 ἐλεγε-

182 4372 202 4404 ι
246 4356 367 4406 Καὶ
419 4353 482 4404 τὸ
530 4349 759 4417 Πνεῦμα
782 4346 842 4398 τὸ
881 4346 1030 4412 ἅγιόν
1071 4360 1164 4395 σου
1208 4343 1279 4411 μὴ
1325 4339 1614 4409 ἀντανέλῃς
1660 4341 1752 4392 ἀπ’

175 4443 345 4512 ἐμοῦ.
392 4462 413 4495 ι
450 4443 516 4493 Εἰ
539 4438 721 4490 τοίνυν
749 4436 810 4488 τὸ
849 4433 1066 4502 Πνεῦμα
1097 4431 1158 4483 τὸ
1209 4431 1358 4496 ἅγιον
1403 4429 1752 4498 προφητεύει·

173 4534 327 4598 τίνις
380 4530 698 4599 ’Δγγέλοιςο
754 4544 775 4578 ι
831 4520 911 4588 οἷς
954 4525 1027 4594 μὴ
1075 4521 1261 4590 χρείαν
1303 4519 1412 4590 (15)
1455 4519 1663 4588 ἔχουσιν
1706 4523 1754 4573 οἱ

180 4620 471 4689 ἰσχύοντες
505 4613 729 4686 ἰατρῶν,
763 4611 875 4666 ἀλλ’
895 4611 945 4663 οἱ
974 4608 1156 4670 κακῶς
1183 4607 1410 4676 ἔχοντες.
1455 4625 1473 4657 ι
1508 4607 1754 4674 Δέχονται

172 4709 331 4772 τίνες
360 4709 462 4777 τῆς
485 4701 828 4773 προφητείας
858 4698 968 4768 (ﬂ)
996 4695 1160 4750 αὐτοῦ
1183 4711 1199 4758 ;
1240 4696 1311 4748 υύ
1344 4695 1451 4764 γὰρ
1479 4695 1635 4763 ἀργεῖ
1659 4697 1755 4764 χά-

178 4814 267 4866 ρις
291 4795 617 4866 προφητική
637 4809 651 4823 ·
670 4790 824 4843 οὐδὲν
854 4787 1097 4856 χάρισμα
1115 4785 1270 4852 ἀργεῖ
1282 4784 1388 4836 τῶν
1418 4787 1474 4836 έν
1493 4783 1568 4851 τῷ
1592 4784 1749 4852 ἁγίῳ.

177 4887 297 4955 Τῆς
327 4884 427 4940 οῦν
462 4885 689 4953 χάριτος
719 4881 818 4949 τῆς
842 4875 1180 4947 προφητικῆς
1227 4877 1282 4928 αἱ
1325 4876 1488 4943 ψυχαὶ
1508 4875 1610 4927 τῶν
1639 4893 1750 4928 κοι-

180 4976 480 5043 μωμένων,
511 4971 770 5039 τολμήσω
798 4965 893 5018 καὶ
934 4962 1096 5023 εἴπω,
1126 4961 1346 5016 ἐδέοντο.
1389 4963 1524 5015 Ἀλλ’
1568 4963 1748 5016 ἐνθάδε

182 5065 283 5132 μιν
303 5065 497 5134 χρείαν
529 5062 711 5131 ἔχεται
743 5055 860 5126 (15)
879 5052 975 5104 τοῦ
1006 5051 1280 5120 προφήτου
1318 5053 1558 5124 Ἰσραήλ·
1602 5055 1693 5106 καὶ
1720 5055 1749 5106 ὁ

249 5200 297 5232 ἰ
325 5199 555 5270 Philipp.
591 5211 652 5261 ιι,
685 5192 775 5247 ιο.
853 5189 903 5220 ⁹¹
932 5187 953 5239 ι
981 5186 1101 5239 Cor.
1125 5201 1243 5254 xm,
1265 5189 1322 5244 9.
1392 5190 1438 5222 ⁸³
1465 5189 1629 5246 lCor.
1659 5205 1766 5254 xrv,
1796 5193 1880 5245 ll.

242 5331 288 5390 (Ι
303 5331 326 5381 ί
337 5331 354 5394 )
372 5333 553 5390 Κατά.
595 5331 787 5396 Forte,
821 5319 996 5396 παρά.
1017 5386 1028 5396 ο

241 5385 350 5472 με)
375 5385 1098 5472 ῖίὲέὸαρτήςταςίὲἱθὶιὶῗν
1132 5385 1422 5472 ’.έόἒηάυφ
1451 5391 1746 5472 iammi-

299 5452 951 5533 μηλίτῖξδξτερέφοϐεῖτο
978 5452 1106 5516 τότε,
1141 5455 1244 5505 καὶ
1277 5459 1412 5526 μετὰ
1441 5452 1550 5524 τῆν’
1568 5452 1745 5529 ἀμαρ-

146 5532 259 5582 τίαν
283 5531 311 5579 ὁ
349 5539 545 5597 Δαυῗδ,

1860 3113 1961 3167 εει,
1994 3114 2315 3174 testatusque
2353 3118 2434 3162 est
2471 3110 2580 3162 haec
2612 3113 2791 3165 omnia
2821 3114 2885 3166 de
2928 3116 3220 3181 prophetiae
3265 3133 3394 3171 con-

1860 3191 2215 3245 summatione
2243 3194 2438 3247 David:
2473 3211 2575 3248 non
2610 3199 2808 3264 recepit
2829 3199 2992 3266 igitur
3023 3204 3243 3267 gratiam
3267 3221 3392 3273 pro-

1857 3278 2126 3344 pheticam
2164 3281 2396 3336 Samuel.
2432 3283 2502 3336 At
2548 3285 2850 3339 intellectus
2891 3301 3037 3340 mens
3063 3291 3178 3343 sine
3221 3293 3392 3348 fructu

1859 3365 1993 3416 est”
2014 3379 2028 3415 :
2053 3375 2105 3418 et
2133 3369 2272 3433 quod
2305 3369 2592 3424 Ecclesiam
2622 3371 2867 3436 mdiflcat,
2891 3376 2978 3440 qui
3008 3375 3184 3444 lingua
3221 3380 3394 3446 loqui-

1860 3449 2023 3502 tur”.
2063 3451 2128 3504 Et
2152 3453 2346 3507 Paulus
2381 3457 2492 3522 ipse
2529 3458 2754 3510 aﬂlrmat
2783 3461 3181 3527 prophetautem
3209 3466 3391 3520 Eccle-

1858 3539 1990 3591 siam
2029 3539 2292 3595 aediﬁcare
2319 3543 2402 3596 his
2450 3546 2634 3600 iisdem
2675 3545 2872 3597 verbis.
2908 3548 3074 3604 Porro
3099 3552 3140 3604 si
3167 3555 3388 3618 prophe-

1860 3635 1976 3679 tans
2004 3627 2290 3683 Ecclesiam
2313 3633 2558 3700 aedificat,
2578 3637 2758 3704 utique
2777 3639 3002 3706 gratiam
3025 3641 3386 3708 propheticam

1857 3713 2035 3780 habet,
2081 3733 2253 3786 neque
2283 3723 2423 3775 enim
2478 3724 2642 3790 ipsam
2678 3727 2884 3791 amisit,
2913 3727 3013 3781 nisi
3064 3730 3385 3796 peccaverit.

1857 3803 2008 3858 Solus
2033 3808 2223 3875 quippe
2245 3810 2468 3877 gratiam
2490 3814 2846 3880 propheticam
2865 3816 3080 3879 amittit.
3098 3818 3210 3884 qui,
3237 3829 3382 3884 post-

1855 3903 2014 3955 quam
2053 3895 2405 3962 prophetarit,
2437 3899 2648 3965 indigna
2677 3900 2875 3967 Spiritu
2893 3913 3078 3955 sancto
3101 3916 3383 3972 operatur;

1855 3979 1925 4031 ita
1944 3989 2001 4032 ut
2019 3981 2187 4049 ipsum
2211 3985 2464 4054 Spiritum
2488 3989 2715 4052 deserat,
2735 3991 3004 4060 fugiatque
3025 3992 3092 4046 ab
3107 3994 3218 4058 ejus
3239 3996 3388 4062 prin-

1853 4075 1970 4148 cipe
1995 4079 2184 4132 animae
2216 4079 2483 4136 facultate.
2514 4083 2662 4148 Quod
2710 4084 2926 4137 timebat
2954 4094 3078 4139 tunc
3113 4095 3229 4153 post
3262 4102 3384 4155 pec-

1853 4178 2030 4219 catum
2061 4168 2247 4232 David,
2276 4171 2592 4238 dicebatque
2615 4172 2688 4223 ":
2722 4188 2739 4222 ι
2767 4171 2830 4224 Ει
2855 4172 3109 4239 Spiritum
3143 4183 3382 4228 sanctqu

1857 4268 2002 4309 tuum
2028 4269 2092 4308 ne
2121 4259 2330 4311 auferas
2365 4274 2392 4310 a
2420 4275 2520 4312 me.
2555 4278 2574 4309 ι
2610 4261 2794 4327 Itaque
2836 4262 2878 4314 si
2914 4260 3144 4328 Spiritus
3169 4272 3384 4315 sanctus

1857 4346 2134 4415 prophetat
2172 4365 2186 4400 :
2213 4347 2421 4399 cuinam
2445 4348 2468 4398 ‘I
2489 4347 2703 4414 Angelis
2728 4349 2751 4400 ?
2777 4349 2844 4402 At
2876 4363 2890 4399 :
2935 4365 2954 4398 ι
2992 4347 3104 4403 Non
3132 4364 3266 4418 opus
3302 4361 3384 4405 est

1857 4435 2090 4487 medicus
2129 4434 2284 4498 bene,
2337 4436 2428 4487 sed
2481 4437 2618 4488 male
2667 4437 2980 4492 habentibus
2997 4439 3062 4492 ".
3102 4455 3121 4490 ι
3156 4439 3380 4503 Quinam

1852 4523 1968 4588 ejus
2002 4523 2327 4589 prophetiam
2361 4525 2662 4593 excipiunt?
2688 4525 2867 4594 Neque
2895 4527 3038 4580 enim
3072 4525 3266 4580 frustra
3301 4538 3383 4583 est

1852 4611 2018 4680 gratia
2073 4612 2376 4680 prophetica
2403 4653 2420 4678 ,
2467 4628 2636 4680 neque
2679 4613 2840 4667 ullum
2884 4613 3150 4668 charisma
3195 4629 3378 4670 eorum

1850 4713 1967 4764 qua:
1999 4698 2050 4750 in
2079 4709 2263 4751 sancto
2295 4711 2421 4752 sunt
2444 4699 2643 4754 frustra
2681 4709 2782 4757 est.
2813 4701 2993 4756 Gratia
3041 4703 3219 4771 itaque
3256 4718 3382 4770 pro-

1854 4788 2061 4854 phetica
2087 4796 2412 4842 mortuorum
2440 4789 2649 4854 anima,
2679 4790 2931 4845 audacter
2959 4793 3151 4854 dicam,
3175 4791 3378 4858 indige-

1853 4875 2000 4928 bant.
2051 4876 2152 4930 Sed
2210 4877 2297 4931 hic
2340 4877 2551 4945 quidem
2601 4880 2930 4934 necessarius
2989 4889 3073 4934 est
3120 4882 3378 4948 propheta

1851 4964 2032 5028 Israel,
2055 4975 2109 5019 et
2135 4967 2224 5034 qui
2265 4967 2478 5031 dormit,
2513 4967 2864 5036 discessitque
2905 4984 2970 5022 ex
3001 4969 3101 5022 hac
3134 4967 3262 5028 vita,
3292 4969 3376 5019 in-

1851 5055 2062 5122 digebat
2107 5057 2394 5123 prephetis,
2436 5065 2496 5110 ut
2539 5057 2641 5110 alia
2681 5060 2886 5112 ratione
2925 5059 3021 5126 ipsi
3050 5055 3252 5109 Christi
3284 5057 3381 5107 ad-

1983 5184 2028 5224 “
2056 5194 2182 5247 ibid.
2212 5195 2264 5248 4.
2339 5195 2384 5227 ’⁸
2420 5194 2558 5250 Psal.
2587 5211 2640 5260 1.,
2669 5211 2786 5250 χιιι.
2857 5197 2901 5228 "
2916 5193 3106 5246 Matth.
3140 5203 3216 5248 ιι,
3249 5188 3336 5242 12.

1921 5329 2029 5397 (15)
2069 5330 2388 5397 Ἀγγέλοις·
2429 5325 2518 5393 οἷς
2563 5329 2648 5397 μὴ
2700 5329 2920 5395 χρείαν.
2951 5322 3178 5376 Scribe:
3208 5317 3390 5384 ἀγγέο·

1851 5397 2002 5476 Acts,
2025 5398 2325 5476 μηχρείαν,
2355 5408 2498 5476 elC-_
2615 5461 2646 5476 η
2718 5461 2748 5476 ,,
2818 5475 2826 5476 γ
2871 5457 2957 5476 7,4
2992 5401 3304 5476 ___,___-.v_‘

1922 5461 2036 5534 (Hi
2065 5461 2176 5532 Τῆξ
2219 5461 2830 5534 προφητείαςζεετὶὺεε
2864 5461 2959 5518 τὰς
2988 5461 3338 5521 προφητείαις

1923 5529 2030 5603 (ιδ)
2061 5529 2305 5602 Ἔχεται.
2330 5529 2513 5586 Scribe
2543 5547 2556 5582 :
2581 5529 2711 5596 ἔχει,
