3806 6214
216 273 347 334 1053

1529 295 1829 351 SELECTA
1858 296 1926 352 IN
1957 297 2092 353 JOB.

3237 309 3260 362 1
3271 310 3368 366 ρει

214 392 443 462 περιέχει
466 392 501 463 ἦ
519 395 619 465 τὴν
645 396 912 468 ἀνδρείαν
932 400 1092 457 αὐτοῦ
1113 405 1203 491 καὶ
1217 407 1314 476 τὴν
1331 407 1619 481 ὑπομονήν·
1640 413 1713 466 sx

1816 421 2029 490 ktarum
2075 415 2494 479 strenuissimus,
2543 424 2598 473 et
2645 418 2791 486 cujus
2835 419 2967 475 liber
3011 422 3367 479 fortitudinem

217 480 355 548 ὅμως
377 480 831 541 αἰσθάνεται’τῶν
858 491 1113 558 καμάτων
1134 487 1208 545 ὧν
1231 498 1492 566 κεκμήκει
1529 480 1632 551 ἀπὸ
1659 498 1749 552 τοῦ

214 569 361 637 λόγου
391 570 486 622 τοῦ
516 571 759 642 σκληροῦ
781 577 892 630 τῶν
918 579 1239 647 ἐληλυθότων
1260 584 1416 636 αὐτὸν
1465 587 1753 656 ἐπισκοπῆ-

214 673 317 710 σαι.
349 659 455 710 Καὶ
501 660 695 731 ἐπειδὴ
758 665 796 732 ή
844 666 934 717 τοῦ
983 666 1136 734 λόγου
1175 668 1426 741 βαρύτης,
1473 672 1655 744 ὥσπερ
1697 688 1749 727 τι

210 748 415 818 φορτίον
442 750 826 820 ἐπιτιθέμενον
856 758 920 823 τῇ
942 755 1104 826 ψυχῇ,
1128 759 1350 827 κάμνειν
1379 760 1541 830 αὐτὴν
1579 779 1750 834 παρα-

209 837 471 900 σκευάζει,
497 838 587 892 διά
624 842 789 895 τοῦτό
822 863 1002 915 φησιν·
1042 848 1177 899 Ἀνϐ’
1201 849 1341 911 ὅτου,
1365 843 1408 901 ὦ
1436 851 1603 917 φίλοι,
1630 855 1748 915 ταῖς

206 924 291 976 τοῦ
317 925 566 994 σώματος
593 929 858 999 ἀλγηδόσι
885 934 1189 1002 προστίθετε
1210 937 1297 988 τὸν
1324 937 1421 1005 τῆς
1451 937 1622 1008 ψυχῆς
1650 941 1746 992 πό-

204 1028 305 1072 νον,
332 1012 531 1082 μᾶλλον
554 1019 882 1083 κεντοῦντες
901 1025 1009 1084 τοῖς
1039 1025 1272 1093 ῥήμασιν
1300 1025 1332 1094 ἢ
1382 1025 1451 1077 τὰ
1501 1027 1641 1098 πάθη
1688 1027 1746 1080 τὸ

204 1097 390 1168 dum;

265 1278 660 1333 Κηϊα-καλεῖτέ
690 1300 835 1350 μου.
886 1285 1146 1348 Πολλάκις
1189 1289 1469 1340 καταλαλεῖ
1517 1307 1600 1353 τις
1646 1308 1742 1345 κα-

200 1365 300 1427 κῶς
315 1367 495 1419 ποιῶν·
528 1370 661 1422 ὅταν
688 1371 748 1423 δὲ
783 1373 1174 1445 ἀπερυθριάσῃ,
1193 1379 1270 1438 είς
1290 1370 1570 1447 πρόσωπον
1597 1380 1738 1447 λέγει

200 1456 395 1510 ἑκείνου
417 1495 434 1520 ,
494 1458 597 1510 οὐκ
649 1460 916 1531 ἐλέγχων,
964 1465 1083 1517 οὐδὲ
1133 1466 1330 1537 τάληθῆ
1380 1468 1565 1535 λέγων,
1624 1472 1735 1524 ἀλλ’

196 1544 453 1607 ὀνειδίζων
486 1546 584 1598 καὶ
609 1547 877 1618 ὑϐρίζων.

1851 499 1965 566 ejus
1995 513 2056 554 ac
2084 502 2394 569 patientiam
2423 505 2689 573 praecipue
2720 510 3115 578 complectitur,
3161 514 3370 569 labores

1851 587 2192 643 nihilominus
2221 598 2273 640 et
2307 591 2577 647 molestias
2610 599 2884 663 persentit,
2916 612 3046 667 quas
3069 617 3129 654 ex
3156 601 3369 659 duriore

1847 689 2091 729 sermone
2139 689 2320 730 eorum
2348 682 2438 746 qui
2472 680 2732 737 iuvi’seudi
2767 699 2924 739 causa
2962 689 3026 741 ad
3079 689 3245 756 ipsum
3276 707 3369 745 ac-

1846 772 2141 826 cesserunt,
2180 764 2416 831 pertulit.
2454 767 2520 820 Et
2551 770 2798 836 quoniam
2842 774 3104 828 sermonis
3142 781 3363 844 pondus,

1848 859 2096 917 tanquam
2146 854 2291 919 gravi
2340 869 2505 908 onere
2565 857 2838 926 imposito,
2883 862 3114 915 animam
3162 866 3362 932 fatigat,

1846 936 2044 991 idcirco
2068 940 2192 993 dicit
2221 959 2233 993 :
2259 939 2638 1008 Quamobrem,
2666 961 2697 1000 ο
2726 948 2906 1010 amici,
2940 952 3119 1004 acrius
3140 967 3223 1004 me
3244 968 3366 1006 ver-

1849 1022 1930 1077 bis
1951 1027 2143 1080 vestris
2189 1039 2479 1097 pungeutes
2505 1046 2660 1100 quam
2706 1036 2914 1090 dolores
2946 1053 3136 1106 corpus
3175 1041 3363 1093 stimu-

1842 1110 1971 1177 lant,
2010 1116 2171 1169 animi
2223 1133 2477 1186 angorem
2515 1124 2758 1189 corporis
2796 1125 3065 1182 doloribus
3109 1131 3366 1197 superad-

1840 1200 1962 1253 ditis
1990 1202 2013 1253 7

1908 1287 2065 1342 Vens.
2095 1291 2148 1344 5.
2192 1292 2480 1362 Loquimini
2523 1309 2700 1351 contra
2732 1315 2828 1353 me.
2871 1300 3243 1367 Saepenumero
3269 1308 3357 1373 qui

1838 1376 1976 1429 mala
2023 1391 2325 1447 perpetrat,
2377 1384 2526 1437 alteri
2574 1387 2829 1452 detrahit;
2879 1400 3083 1442 etcum
3128 1390 3355 1446 frontem

1834 1465 1996 1518 semel
2040 1470 2392 1535 perfricuerit,
2435 1488 2536 1525 non
2572 1476 2859 1540 arguendo,
2900 1491 3072 1544 neque
3115 1487 3237 1531 vera
3275 1480 3355 1532 di-

1828 1553 2018 1615 ccndo,
2061 1557 2152 1609 sed
2192 1560 2539 1613 conviciando
2579 1572 2630 1614 et
2673 1562 3045 1618 calumniando
3085 1566 3136 1618 in
3181 1581 3241 1619 os
3269 1568 3349 1620 lo-

1831 1639 2030 1706 quitur.

253 1719 636 1791 Κεκράξομαι,
664 1724 770 1777 καὶ
791 1725 1053 1796 οὐδαμοῦ
1083 1728 1271 1798 κρῖμα.
1294 1731 1403 1785 Νῦν
1421 1733 1514 1787 ἐὰν
1534 1735 1712 1805 κράξω

1900 1727 2059 1782 Vens.
2107 1731 2159 1783 7.
2206 1731 2451 1787 Clamabo
2484 1745 2532 1788 et
2571 1751 2820 1805 nusquam
2866 1739 3151 1806 judicium.
3202 1742 3352 1796 Nunc

195 1807 414 1879 οὐδαμοῦ
450 1811 514 1862 τὸ
571 1814 754 1881 κρίμά
819 1827 918 1882 μου
966 1816 1200 1885 ἔρχεται·
1250 1819 1331 1872 ἔτι
1369 1820 1530 1874 ἀθλῶ.
1593 1825 1730 1876 Ὠσεὶ

196 1896 380 1962 ἔλεγεν·
415 1898 512 1960 Ὣς
547 1914 636 1961 τις
694 1900 944 1971 ἀθλητὴς
980 1904 1038 1956 ὲν
1078 1905 1269 1976 σταδίῳ
1316 1909 1554 1978 κέκραγα
1580 1949 1594 1973 ,
1639 1913 1730 1963 καὶ

194 1984 412 2054 οὐδαμοῦ
434 1986 496 2038 τὸ
529 1988 711 2057 κρῖμά
743 2006 856 2057 μου
882 1990 1243 2045 ἐπανίσταται·
1265 1995 1343 2047 ἔτι
1369 1996 1473 2066 γάρ
1500 1998 1723 2052 παλαίω.

202 2074 317 2128 Ἐάν
342 2075 417 2146 μὴ
442 2077 647 2131 τελέσω
674 2078 740 2131 τὸ
782 2081 1076 2148 πάλαισμα,
1100 2084 1195 2136 οὐκ
1223 2085 1433 2155 ἔρχεται
1458 2089 1518 2140 τὸ
1560 2093 1725 2159 κρῖμα

192 2160 277 2213 τοῦ
301 2163 581 2230 στεφάνου.
612 2167 726 2219 Καὶ
747 2168 925 2221 ταῦτά
952 2186 1145 2238 φαμεν,
1184 2173 1268 2224 ἵνα
1294 2174 1366 2243 μὴ
1417 2179 1724 2247 κατηγορῶ-

196 2268 286 2320 μεν
307 2252 398 2306 τοῦ
419 2254 576 2317 Θεοῦ,
602 2257 689 2308 ὅτι
717 2259 958 2309 τοσαῦτα
985 2261 1176 2327 πάσχει
1217 2262 1244 2311 ὁ
1285 2262 1401 2316 ’1ὼὸ
1427 2303 1440 2324 ,
1486 2267 1576 2318 καὶ
1631 2268 1721 2319 οὑ-

190 2338 347 2406 δαμοῦ
372 2340 433 2392 τὸ
463 2346 660 2411 κρῖμα,
694 2345 973 2397 τουτέστιν
1006 2347 1038 2413 ἡ
1090 2348 1354 2415 ἀπόφασις
1385 2351 1481 2419 τῆς
1515 2351 1722 2405 ἐλευθε-

197 2427 325 2496 ρίας,
353 2429 560 2500 καὶτῆς
584 2431 699 2485 τῶν
727 2432 918 2484 δεινῶν
943 2433 1270 2505 ἀπαλλαγῆς.

835 2590 986 2642 ΚΕΦ.
1022 2593 1103 2643 Κ’.

265 2674 389 2726 Ἐὰν
406 2674 599 2741 ἀναϐῇ
631 2680 724 2740 εις
759 2676 1013 2744 οὐρανὸν
1030 2679 1213 2733 αὑτοῦ
1247 2680 1317 2733 τὰ
1353 2682 1524 2748 δῶρα.
1553 2685 1659 2738 Καὶ
1688 2689 1717 2740 ό

191 2763 442 2833 cipe-meo;
457 2768 587 2820 ὅταν
617 2767 870 2838 εὔξηται,
902 2770 1027 2822 ὅταν
1059 2775 1090 2840 ἡ
1127 2771 1280 2824 Θυσία
1329 2775 1488 2827 αὐτοῦ
1546 2777 1712 2848 ἀναϐῇ

189 2854 247 2919 τῇ
277 2853 560 2924 ὑψηγορίᾳ,
604 2856 743 2908 ὅταν
794 2856 920 2926 δοκῇ
987 2860 1417 2929 κατεστηρίχθαι,
1466 2863 1581 2915 τότε
1635 2867 1714 2928 είς

191 2940 324 3003 τελος
350 2942 646 2996 ἀπολεῖται·
682 2946 719 3013 ἠ
750 2945 857 3013 γάρ
889 2946 1017 3016 εὐχὴ
1069 2948 1226 2999 αὐτοῦ
1276 2949 1537 3016 λογίζεται
1570 2953 1712 3023 αὐτῷ

1796 1814 1801 1818 ’
1835 1812 1958 1867 licet
1995 1816 2311 1884 clamavero,
2360 1832 2616 1889 nusquam
2665 1833 2837 1877 tamen
2876 1824 3135 1892 judicium
3173 1844 3345 1885 meum

1833 1902 1994 1965 venit,
2024 1904 2194 1958 adhuc
2215 1917 2396 1974 certo;
2420 1923 2483 1961 ae
2511 1910 2554 1963 si
2579 1911 2833 1966 dixisset:
2856 1912 3127 1980 Tanquam
3149 1918 3347 1972 athleta

1833 1989 1884 2042 in
1924 1993 2098 2046 stadio
2130 1994 2373 2058 clamavi,
2401 1997 2658 2065 judicium
2704 2010 2875 2056 tamen
2928 2018 3103 2057 meum
3146 2020 3347 2073 nequa-

1831 2092 1992 2145 quam
2039 2081 2222 2145 instat,
2253 2085 2425 2139 adhuc
2463 2088 2601 2140 enim
2641 2088 2826 2142 luctor.
2883 2091 2938 2145 Si
2976 2102 3149 2146 autem
3191 2095 3347 2149 lucta:

1831 2165 1992 2220 linem
2014 2184 2118 2221 uon
2139 2171 2457 2239 imposuere,
2479 2190 2676 2229 corona
2702 2179 2829 2232 mihi
2858 2196 2962 2234 non
2995 2182 3340 2248 adjudicatur.

1827 2253 1949 2309 Haec
2003 2272 2130 2311 vero
2180 2259 2422 2326 dicimus,
2476 2278 2541 2317 ne
2591 2264 2752 2319 Deum
2807 2281 3145 2335 accusemus,
3200 2275 3341 2339 quod

1823 2339 1986 2397 Jobus
2032 2356 2136 2398 tam
2173 2349 2353 2416 gravia
2404 2360 2688 2418 pateretur,
2743 2364 2799 2408 et
2851 2369 3110 2425 nusquam
3158 2366 3336 2414 tamen

1818 2429 2077 2498 judicium
2105 2446 2265 2497 esset.
2312 2439 2362 2491 id
2405 2450 2486 2494 est
2522 2442 2781 2499 libertatis
2819 2453 2873 2499 et
2916 2445 3242 2503 liberatiouis
3274 2450 3340 2504 ab

1821 2522 2073 2574 aerumnis
2098 2527 2383 2579 sententia.

2417 2616 2564 2670 CAP.
2602 2616 2717 2671 XX.

1884 2691 2046 2750 Vsus.
2079 2697 2132 2752 6.
2174 2698 2236 2753 Si
2265 2703 2597 2758 ascenderint
2632 2707 2686 2759 in
2710 2707 2891 2759 mlum
2919 2709 3055 2762 dona
3098 2712 3228 2780 eius.
3270 2713 3335 2768 Et

1815 2778 2093 2838 haereticus
2124 2794 2450 2855 cum'preces
2474 2794 2539 2845 ad
2571 2791 2733 2846 Deum
2763 2794 2978 2861 fuderit,
3011 2778 3131 2859 cum
3165 2802 3334 2855 sacri-

1816 2869 1989 2924 ficium
2032 2873 2146 2941 ejus
2187 2890 2306 2928 eum
2351 2876 2490 2931 fastu
2538 2888 2594 2932 et
2646 2882 3132 2950 superbiloquentia
3175 2887 3334 2943 altius

1816 2958 2133 3026 ascenderit,
2170 2976 2289 3016 eum
2331 2979 2415 3018 res
2455 2981 2564 3020 sua:
2593 2967 2764 3022 stabili
2793 2968 2844 3023 in
2878 2970 2996 3025 loco
3029 2986 3146 3027 esse
3181 2976 3332 3031 vide-

190 3030 261 3090 είς
282 3031 570 3101 ἁμαρτίαν.
606 3035 670 3086 0i
730 3032 790 3084 δὲ
843 3034 1036 3093 εἰδότες
1088 3036 1248 3088 αὐτοῦ
1304 3037 1373 3089 τά
1430 3041 1712 3109 σφάλματα

1816 3042 2023 3110 buntur,
2068 3057 2203 3104 tunc.
2242 3049 2477 3105 funditus
2513 3054 2783 3118 interibit;
2810 3056 2924 3122 ejus
2953 3059 3095 3112 enim
3138 3074 3328 3126 preces

190 3117 604 3179 ἒκκλησιαστικοὶ
646 3120 898 3191 ἐροῦμεν·
935 3122 1042 3175 Ποῦ
1069 3124 1207 3176 εἰσιν
1238 3127 1284 3177 oi
1327 3127 1549 3180 τοιοῦτοι
1631 3132 1717 3184 ὲν-

181 3207 651 3274 υπνιαζόμενοικαὶ
668 3209 1094 3272 ἀναπλάττοντες
1141 3213 1347 3275 ἑαυτοῖς
1391 3213 1707 3284 σφάλματα;

189 3292 254 3342 Οὐ
286 3297 346 3362 τῇ
374 3295 600 3367 ἀληθείᾳ
646 3296 750 3366 τὴν
825 3297 1057 3367 διάνοιαν
1105 3300 1431 3369 ὲπερείδουσι
1489 3303 1711 3371 σφαλλό-

189 3392 345 3445 μενοι·
382 3381 476 3432 καὶ
507 3379 753 3447 γίνονται
782 3379 968 3451 ὥσπερ
1014 3383 1254 3436 ἐνύπνιον
1306 3386 1648 3450 ὲκπετασθὲν,
1680 3390 1709 3441 δ

183 3466 236 3517 οὐ
267 3467 335 3536 μὴ
366 3469 585 3540 εὑρεθῇ.
623 3468 873 3521 Τοιοῦτόν
901 3487 953 3522 τι
976 3472 1067 3523 καὶ
1093 3471 1251 3524 Δαυῒδ
1264 3473 1467 3541 ψάλλει·
1506 3493 1524 3525 t
1563 3478 1622 3528 Οἱ
1652 3479 1708 3530 δὲ

181 3554 347 3626 ἐχθροὶ
381 3556 475 3610 τοῦ
526 3559 741 3629 Κυρίου
788 3558 1046 3622 ἐξέλιπον.
1091 3560 1235 3629 Ἅμα
1286 3563 1345 3615 τὸ
1393 3562 1706 3634 δοξασθῆνᾱι

180 3636 480 3708 αὐτοὺςκαὶ
504 3647 788 3716 ὑψωθῆναι
818 3648 1149 3711 ἐκλείποντες
1177 3650 1304 3703 ὡσεὶ
1348 3652 1546 3715 καπνὸς
1594 3654 1705 3719 ἑξέ-

179 3726 338 3787 λιπον·
373 3752 394 3787 ι
439 3736 537 3789 καὶ
599 3735 789 3788 πάλιν·
834 3754 855 3787 ι
898 3736 1035 3788 Ὠσεὶ
1085 3739 1328 3791 ἐνύπνιον
1368 3739 1703 3813 ὲξεγειρομέ-

178 3834 349 3875 νων.»

240 4084 495 4153 Πλοῦτος
538 4088 762 4155 ἀδίκως
817 4092 1217 4160 συναγόμενος
1268 4093 1694 4163 ἐξεμεθήσετιιι.

176 4164 291 4225 Οἶδα
306 4174 396 4225 καὶ
423 4175 579 4228 ἄλλον
609 4177 834 4231 πλοῦτον
864 4180 1057 4242 ἀδίκως
1090 4180 1444 4249 συναγόμενον
1462 4221 1477 4244 ,
1524 4183 1612 4236 τὸν
1640 4187 1696 4236 ἐν

174 4258 273 4318 τοῖς
300 4259 472 4327 λόγοις
494 4264 608 4316 τῶν
664 4264 966 4334 αίρετικῶν,
988 4265 1037 4318 οἳ
1081 4265 1256 4335 ἔχουσι
1298 4267 1580 4338 μαθήματα
1612 4273 1694 4322 ὲν-

1811 3129 1885 3182 illi
1922 3147 2020 3199 pro
2052 3144 2264 3200 peccato
2307 3138 2720 3207 imputahuntur.
2768 3141 2873 3197 Nos
2908 3158 3036 3199 vero
3075 3147 3329 3201 ecclesia-

1808 3217 1947 3283 Stici,
1973 3222 2166 3284 quibus
2183 3223 2296 3290 ejus
2318 3238 2527 3280 errores
2551 3231 2745 3295 cogniti
2767 3240 2911 3293 sunt,
2933 3232 3172 3288 dicemus
3195 3252 3209 3288 :
3231 3236 3329 3291 Ubi

1807 3313 1930 3358 sunt
1974 3306 2058 3359 isti
2106 3312 2484 3379 somniatores,
2528 3316 2617 3383 qui
2649 3331 2854 3371 errores
2879 3319 2978 3373 sibi
3008 3321 3138 3389 ipsis
3176 3338 3325 3378 com-

1807 3392 2209 3448 miniscuntur?
2241 3398 2450 3465 Decepti
2488 3412 2713 3454 mentem
2748 3405 2975 3460 veritate
3018 3423 3123 3461 non
3160 3412 3327 3466 stabi-

1806 3474 1955 3538 liuut,
1986 3492 2047 3531 ac
2077 3490 2320 3547 tanquam
2356 3487 2641 3553 somnium,
2669 3491 2805 3555 quod
2833 3491 3063 3545 avolavit
3092 3503 3147 3547 et
3195 3511 3324 3550 nus-

1802 3570 1958 3622 quam
2008 3563 2325 3628 invenietur,
2375 3572 2623 3623 evadunt.
2660 3572 2793 3627 Huic
2842 3576 3014 3630 simile
3064 3579 3224 3634 David
3263 3582 3319 3636 iu

1801 3642 2021 3700 Psalmis
2052 3653 2193 3703 canit
2232 3654 2291 3705 σε
2327 3671 2347 3703 t
2391 3654 2589 3710 Inimici
2636 3670 2810 3713 autem
2860 3663 3066 3719 Domini
3104 3667 3314 3723 defece-

1801 3745 1942 3789 runt.
1979 3757 1997 3788 ι
2033 3737 2099 3792 Ει
2130 3756 2309 3795 rursus
2343 3743 2404 3796 τε
2442 3759 2462 3792 ι
2499 3743 2617 3797 Mox
2660 3756 2718 3800 ut
2759 3751 3090 3807 honoriﬁcati
3120 3755 3317 3814 fuerint

1796 3832 1850 3875 et
1890 3827 2135 3892 exaltati,
2183 3830 2486 3887 deficientes
2516 3836 2655 3888 sicut
2691 3835 2866 3894 fumus
2900 3841 3250 3908 defecerunt;
3288 3866 3309 3899 ι

1792 3924 1849 3969 et
1895 3917 1951 3969 ’τ
1992 3934 2011 3967 ι
2042 3917 2314 3986 Tanquam
2373 3924 2635 3977 somnium
2689 3938 2872 3980 eorum
2921 3931 3011 3997 qui
3066 3937 3313 4006 expergi-

1793 4013 2036 4058 scuntur.
2073 4025 2092 4057 ι

1862 4094 2021 4147 Vens.
2058 4093 2142 4151 l5.
2166 4086 2322 4165 502
2363 4097 2568 4153 Divitiae
2613 4101 2788 4169 inique
2834 4118 3152 4175 congregata:
3191 4126 3310 4166 evo-

1791 4191 2021 4235 mentur.
2052 4181 2180 4236 Novi
2210 4187 2370 4238 etiam
2395 4196 2449 4239 et
2474 4187 2614 4243 aliud
2642 4190 2838 4258 injuste
2880 4205 3310 4264 comparatarum

1791 4260 2097 4321 divitiarum
2117 4283 2304 4337 genus,
2323 4274 2463 4339 quod
2491 4274 2544 4327 in
2566 4277 2935 4333 haereticorum
2971 4260 3309 4340 sermonibus

173 4346 313 4399 αντία
337 4352 447 4412 τοῖς
466 4350 698 4420 δόγμασι
727 4329 826 4421 τῆς
858 4329 1141 4422 ἀληθείας,
1160 4329 1455 4424 ὲγγάστριά
1491 4356 1683 4408 αὐτῶν·

1816 4365 2036 4418 npparet,
2083 4361 2171 4424 qui
2218 4358 2486 4413 doctrinas
2514 4364 2756 4418 veritatis
2801 4367 3139 4435 dogmatibus
3179 4386 3307 4426 cou-

171 4429 205 4483 ἃ
229 4435 318 4487 οὐκ
343 4436 453 4491 ἔστι
487 4440 709 4507 γλυκέα,
741 4440 871 4493 ἀλλά
906 4459 924 4491 t
955 4441 1081 4511 χολὴ
1114 4442 1331 4504 ἀσπίδος
1355 4482 1368 4501 ,
1402 4462 1420 4493 ι
1454 4444 1687 4497 τουτέστι

173 4525 381 4593 πονηρά·
405 4525 482 4588 ὡς
509 4528 723 4598 εἴρηται
755 4531 810 4581 ἐν
839 4531 1229 4600 Δευτερονομίῳ
1260 4533 1317 4582 ὲν
1358 4532 1463 4602 ᾠδῇ
1525 4533 1686 4586 Monii-

173 4609 295 4673 σέως
326 4614 567 4684 περὶτοῦ
613 4617 752 4668 οἴνου
783 4618 879 4686 τῆς
922 4618 1259 4681 διδασκαλίας
1297 4619 1492 4671 αὐτῶν·
1531 4639 1549 4671 ι
1593 4623 1683 4675 Ἐκ

170 4700 269 4770 γὰρ
293 4704 529 4774 ἀμπέλου
575 4707 816 4777 Σοδόμων
846 4711 876 4776 ἡ
924 4708 1157 4777 ἄμπελος
1207 4708 1400 4763 αὐτῶν.
1435 4730 1454 4761 ι
1501 4712 1632 4765 Ἀλλ’
1654 4716 1683 4765 ὁ

172 4788 356 4852 ἀγαθὸς
380 4792 511 4854 Θεὸς
540 4793 637 4845 οὐκ
667 4795 817 4846 ἐάσει
849 4794 1038 4858 αὐτοὺς
1059 4795 1280 4849 πλοῦτον
1301 4797 1496 4859 ἀδίκως
1525 4814 1680 4852 συνα-

171 4876 371 4945 γόμενον
397 4880 542 4949 ἔχειν
573 4880 653 4933 ἀεὶ
684 4885 743 4934 ὲν
785 4882 1019 4945 ἑαυτοῖς,
1061 4883 1190 4936 ἀλλά
1242 4887 1447 4955 ποιήσει
1492 4889 1682 4953 αὐτοὺς

160 4964 411 5033 ἐξεμέσαι.
453 4971 719 5039 Ἀγγελος
747 4971 853 5040 γάρ
886 4973 1003 5022 κατ’
1032 4972 1338 5042 εὐεργεσίαν
1373 4975 1503 5028 Θεοῦ
1536 4976 1679 5041 ἐξελ-

152 5048 285 5101 κύσει
319 5054 516 5115 αὐτοὺς
563 5061 649 5110 ἐπ’
679 5057 852 5124 αὐτῆς
885 5057 982 5124 τῆς
1018 5061 1196 5123 κακῶς
1248 5062 1678 5133 οἰκοδομηθείσης

154 5136 320 5201 οἰκίας·
351 5140 467 5210 ἣτις
494 5142 659 5198 ἐστὶν
690 5146 725 5213 ἡ
762 5143 1017 5212 ἐκκλησία
1048 5142 1497 5219 πονηρευομένων.
1517 5150 1676 5204 Ἐπά-

159 5239 233 5290 γει
262 5229 399 5295 γοῦν·
430 5248 448 5282 ι
498 5231 598 5296 Ἐξ
624 5231 805 5293 οίκίας
833 5231 1012 5295 αὑτοῦ,
1042 5251 1060 5284 ι
1093 5239 1187 5289 καὶ
1203 5238 1270 5291 τὰ
1298 5237 1446 5305 ἑξῆς.

1792 4439 1982 4493 trarias
2009 4442 2060 4493 in
2089 4453 2271 4497 ventre
2299 4461 2360 4500 ac
2401 4446 2692 4504 visceribus
2723 4453 2937 4518 habent,
2968 4470 3085 4524 quae
3119 4463 3302 4528 gustui

1788 4524 1969 4579 dulces
1997 4541 2099 4580 non
2133 4540 2275 4595 sunt,
2310 4533 2401 4586 sed
2431 4552 2450 4585 ι
2477 4534 2548 4590 fel
2579 4538 2800 4604 aspidis,
2839 4558 2859 4591 ο
2897 4541 2947 4594 id
2977 4553 3080 4608 est,
3108 4524 3303 4599 vitiatae

1783 4622 1840 4664 et
1869 4625 2169 4683 corruptas;
2220 4623 2660 4686 quemadmodum
2707 4628 2758 4680 in
2802 4629 3210 4687 Deuteronomio
3251 4643 3301 4686 et

1784 4701 1993 4753 cantico
2037 4703 2230 4772 Moysis
2280 4707 2346 4761 de
2397 4710 2649 4767 doctrina:
2701 4730 2885 4770 eorum
2932 4719 3054 4773 vino
3102 4723 3299 4776 dictum

1779 4799 1861 4842 est
1886 4789 1907 4820 ⁹
1940 4807 1954 4842 :
1995 4808 2015 4840 ι
2056 4790 2264 4848 Etenim
2291 4809 2357 4849 ex
2387 4797 2494 4853 vite
2516 4800 2865 4856 Sodomorum
2895 4805 3018 4859 vitis
3038 4822 3238 4862 eorum.
3271 4826 3296 4864 ι

1781 4875 1976 4930 Verum
2003 4879 2265 4945 benignus
2295 4883 2430 4938 Deus
2477 4902 2583 4940 non
2625 4903 2835 4958 semper
2875 4893 3102 4959 patietur
3131 4905 3187 4947 ιιι
3220 4897 3294 4948 di-

1776 4964 1935 5019 vitias
1978 4981 2071 5035 per
2108 4971 2354 5038 injuriam
2402 4984 2581 5043 partas
2627 4979 2768 5033 intus
2812 4981 3152 5048 possideant,
3202 4983 3293 5035 sed

1775 5066 2023 5108 evomere
2050 5056 2165 5112 illas
2195 5058 2372 5115 faciet.
2411 5063 2645 5133 Angelus
2693 5069 2834 5121 enim
2879 5068 3053 5121 divina
3093 5068 3289 5121 beneﬁ-

1776 5141 1949 5195 centia
1997 5158 2028 5198 e
2064 5145 2219 5200 domo
2252 5149 2390 5204 male
2438 5161 2727 5219 exstructa,
2775 5168 2892 5219 quae
2926 5162 3010 5206 est
3054 5154 3287 5220 improbe

1775 5226 2070 5296 degentium
2098 5242 2286 5300 cattus,
2318 5236 2433 5291 illos
2469 5240 2733 5293 extrahet.
2774 5240 2948 5304 Quare
2971 5238 3241 5305 subjungit
3271 5253 3288 5294 :

1778 5334 1796 5366 ι
1820 5318 1894 5372 De
1920 5320 2077 5376 domo
2103 5323 2216 5389 ejus
2244 5328 2487 5381 extrahet
2511 5343 2653 5392 eum,
2686 5346 2705 5379 ι
2735 5337 2837 5379 etc.

231 5506 395 5565 'Psal.
429 5527 501 5574 ιχ,
528 5513 574 5564 7.
655 5511 677 5542 '
709 5508 844 5562 Psal.
877 5524 1039 5574 κυνί,
1073 5512 1177 5573 20,
1247 5519 1270 5553 ³
1292 5515 1438 5572 Psal.
1472 5531 1638 5583 ιχχη,
1677 5517 1713 5571 ες

1834 5523 1855 5554 ⁹
1900 5526 2051 5581 Deut.
2084 5541 2244 5593 xxxii,
2280 5526 2366 5579 52.

442 5601 715 5658 Ριτιιοι.
755 5596 866 5653 Gn.
908 5597 1033 5657 ΧΠ.

2909 5612 2992 5669 33
