  <div class='ocr_page' id='page_1' title='image "/cluster/home/n/w/nwhite01/storage/ocr_20150623/12 (Origen; pt. 2)/nyp.33433081862272/528.png"; bbox 0 0 3806 6220; ppageno 0'>
   <div class='ocr_carea' id='block_1_1' title="bbox 188 305 3385 370">
    <p class='ocr_par' dir='ltr' id='par_1_1' title="bbox 188 305 3385 370">
     <span class='ocr_line' id='line_1_1' title="bbox 188 305 3385 370; baseline 0.003 -10"><span class='ocrx_word' id='word_1_1' title='bbox 188 305 354 363; x_wconf 72' lang='grc'><strong>1031</strong></span> <span class='ocrx_word' id='word_1_2' title='bbox 1541 311 1844 369; x_wconf 83' lang='lat' dir='ltr'><strong>SELECTA</strong></span> <span class='ocrx_word' id='word_1_3' title='bbox 1875 312 1942 367; x_wconf 83' lang='lat' dir='ltr'><strong>IN</strong></span> <span class='ocrx_word' id='word_1_4' title='bbox 1969 311 2104 369; x_wconf 78' lang='lat' dir='ltr'><strong>JOB.</strong></span> <span class='ocrx_word' id='word_1_5' title='bbox 3250 316 3385 370; x_wconf 67' lang='lat'><strong>£058</strong></span> 
     </span>
    </p>
   </div>
   <div class='ocr_carea' id='block_1_2' title="bbox 178 423 1736 502">
    <p class='ocr_par' dir='ltr' id='par_1_2' title="bbox 178 423 1733 502">
     <span class='ocr_line' id='line_1_2' title="bbox 178 423 1733 502; baseline 0.004 -25"><span class='ocrx_word' id='word_1_6' title='bbox 178 424 435 481; x_wconf 80' lang='grc' dir='ltr'>δύναται</span> <span class='ocrx_word' id='word_1_7' title='bbox 465 423 604 481; x_wconf 70' lang='grc' dir='ltr'>εἶναι</span> <span class='ocrx_word' id='word_1_8' title='bbox 635 429 943 497; x_wconf 74' lang='grc' dir='ltr'>ἄνθρωπος’</span> <span class='ocrx_word' id='word_1_9' title='bbox 978 453 994 482; x_wconf 81' lang='grc' dir='ltr'><strong>ι</strong></span> <span class='ocrx_word' id='word_1_10' title='bbox 1020 436 1046 485; x_wconf 90' lang='grc' dir='ltr'><strong>ὀ</strong></span> <span class='ocrx_word' id='word_1_11' title='bbox 1070 427 1324 486; x_wconf 76' lang='grc' dir='ltr'><strong>διδάσκων</strong></span> <span class='ocrx_word' id='word_1_12' title='bbox 1355 432 1458 502; x_wconf 80' lang='grc' dir='ltr'><strong>γὰρ</strong></span> <span class='ocrx_word' id='word_1_13' title='bbox 1488 432 1733 502; x_wconf 79' lang='grc' dir='ltr'>άνθρωπο</span> 
     </span>
    </p>
   </div>
   <div class='ocr_carea' id='block_1_3' title="bbox 1853 423 3383 502">
    <p class='ocr_par' dir='ltr' id='par_1_3' title="bbox 1866 427 3383 498">
     <span class='ocr_line' id='line_1_3' title="bbox 1866 427 3383 498; baseline 0.001 -15"><span class='ocrx_word' id='word_1_14' title='bbox 1866 444 1968 485; x_wconf 90' lang='lat' dir='ltr'><strong>non</strong></span> <span class='ocrx_word' id='word_1_15' title='bbox 1999 442 2119 483; x_wconf 88' lang='lat' dir='ltr'><strong>esse</strong></span> <span class='ocrx_word' id='word_1_16' title='bbox 2157 427 2360 498; x_wconf 89' lang='lat' dir='ltr'><strong>possit;</strong></span> <span class='ocrx_word' id='word_1_17' title='bbox 2392 427 2482 496; x_wconf 87' lang='lat' dir='ltr'><strong>qui</strong></span> <span class='ocrx_word' id='word_1_18' title='bbox 2512 429 2656 483; x_wconf 88' lang='lat' dir='ltr'><strong>enim</strong></span> <span class='ocrx_word' id='word_1_19' title='bbox 2692 444 2710 479; x_wconf 80' lang='grc' dir='ltr'><strong>ι</strong></span> <span class='ocrx_word' id='word_1_20' title='bbox 2743 429 2895 485; x_wconf 89' lang='lat' dir='ltr'><strong>docet</strong></span> <span class='ocrx_word' id='word_1_21' title='bbox 2915 431 3180 486; x_wconf 83' lang='lat' dir='ltr'><strong>hominem</strong></span> <span class='ocrx_word' id='word_1_22' title='bbox 3214 433 3383 486; x_wconf 88' lang='lat' dir='ltr'><strong>scien-</strong></span> 
     </span>
    </p>
   </div>
   <div class='ocr_carea' id='block_1_4' title="bbox 179 515 1736 591">
    <p class='ocr_par' dir='ltr' id='par_1_4' title="bbox 179 515 1730 591">
     <span class='ocr_line' id='line_1_4' title="bbox 179 515 1730 591; baseline 0.003 -24"><span class='ocrx_word' id='word_1_23' title='bbox 179 515 436 581; x_wconf 82' lang='grc' dir='ltr'>γνῶσιν,</span> <span class='ocrx_word' id='word_1_24' title='bbox 479 540 496 568; x_wconf 75' lang='grc' dir='ltr'><strong>ι</strong></span> <span class='ocrx_word' id='word_1_25' title='bbox 538 521 632 571; x_wconf 69' lang='grc' dir='ltr'>καὶ</span> <span class='ocrx_word' id='word_1_26' title='bbox 656 522 712 571; x_wconf 80' lang='grc' dir='ltr'>ὲν</span> <span class='ocrx_word' id='word_1_27' title='bbox 729 523 965 589; x_wconf 77' lang='grc' dir='ltr'>Ψαλμοῖς</span> <span class='ocrx_word' id='word_1_28' title='bbox 990 523 1410 591; x_wconf 82' lang='grc' dir='ltr'>ἀναγέγραπται,</span> <span class='ocrx_word' id='word_1_29' title='bbox 1442 525 1520 574; x_wconf 83' lang='grc' dir='ltr'>ὅτι</span> <span class='ocrx_word' id='word_1_30' title='bbox 1545 523 1640 574; x_wconf 80' lang='grc' dir='ltr'>οὐκ</span> <span class='ocrx_word' id='word_1_31' title='bbox 1668 521 1730 574; x_wconf 79' lang='grc' dir='ltr'><strong>άλ</strong></span> 
     </span>
    </p>
   </div>
   <div class='ocr_carea' id='block_1_5' title="bbox 1853 515 3387 591">
    <p class='ocr_par' dir='ltr' id='par_1_5' title="bbox 1865 517 3387 585">
     <span class='ocr_line' id='line_1_5' title="bbox 1865 517 3387 585; baseline 0.002 -13"><span class='ocrx_word' id='word_1_32' title='bbox 1865 519 1990 572; x_wconf 91' lang='lat' dir='ltr'><strong>tiam</strong></span> <span class='ocrx_word' id='word_1_33' title='bbox 2022 519 2092 582; x_wconf 79' lang='lat'><strong>“,</strong></span> <span class='ocrx_word' id='word_1_34' title='bbox 2127 533 2145 567; x_wconf 80' lang='grc' dir='ltr'><strong>ι</strong></span> <span class='ocrx_word' id='word_1_35' title='bbox 2197 526 2253 569; x_wconf 80' lang='grc' dir='ltr'><strong>ιιι</strong></span> <span class='ocrx_word' id='word_1_36' title='bbox 2284 517 2334 570; x_wconf 94' lang='lat' dir='ltr'><strong>in</strong></span> <span class='ocrx_word' id='word_1_37' title='bbox 2369 517 2596 571; x_wconf 86' lang='lat' dir='ltr'><strong>Psalmis</strong></span> <span class='ocrx_word' id='word_1_38' title='bbox 2643 518 2896 585; x_wconf 89' lang='lat' dir='ltr'><strong>scriptum</strong></span> <span class='ocrx_word' id='word_1_39' title='bbox 2957 532 3059 585; x_wconf 79' lang='lat' dir='ltr'><strong>est,</strong></span> <span class='ocrx_word' id='word_1_40' title='bbox 3103 536 3204 574; x_wconf 91' lang='lat' dir='ltr'><strong>non</strong></span> <span class='ocrx_word' id='word_1_41' title='bbox 3248 522 3387 576; x_wconf 85' lang='lat' dir='ltr'><strong>alius</strong></span> 
     </span>
    </p>
   </div>
   <div class='ocr_carea' id='block_1_6' title="bbox 177 603 1736 680">
    <p class='ocr_par' dir='ltr' id='par_1_6' title="bbox 177 603 1734 680">
     <span class='ocr_line' id='line_1_6' title="bbox 177 603 1734 680; baseline 0.004 -25"><span class='ocrx_word' id='word_1_42' title='bbox 177 603 290 666; x_wconf 84' lang='grc' dir='ltr'><strong>λος</strong></span> <span class='ocrx_word' id='word_1_43' title='bbox 331 607 485 657; x_wconf 77' lang='grc' dir='ltr'>ἐστὶν</span> <span class='ocrx_word' id='word_1_44' title='bbox 512 607 628 658; x_wconf 77' lang='grc' dir='ltr'>ἀλλ’</span> <span class='ocrx_word' id='word_1_45' title='bbox 670 607 702 676; x_wconf 79' lang='grc' dir='ltr'>ἢ</span> <span class='ocrx_word' id='word_1_46' title='bbox 736 608 883 670; x_wconf 83' lang='grc' dir='ltr'>Θεός.</span> <span class='ocrx_word' id='word_1_47' title='bbox 929 611 1171 661; x_wconf 77' lang='grc' dir='ltr'><strong>Διδάσκει</strong></span> <span class='ocrx_word' id='word_1_48' title='bbox 1203 611 1258 662; x_wconf 79' lang='grc' dir='ltr'>δὲ</span> <span class='ocrx_word' id='word_1_49' title='bbox 1289 611 1418 672; x_wconf 82' lang='grc' dir='ltr'>Θεὸς</span> <span class='ocrx_word' id='word_1_50' title='bbox 1440 649 1453 669; x_wconf 87' lang='grc'><strong>,</strong></span> <span class='ocrx_word' id='word_1_51' title='bbox 1484 610 1734 680; x_wconf 84' lang='grc' dir='ltr'>ὲλλάμπω</span> 
     </span>
    </p>
   </div>
   <div class='ocr_carea' id='block_1_7' title="bbox 1853 603 3383 680">
    <p class='ocr_par' dir='ltr' id='par_1_7' title="bbox 1863 604 3383 676">
     <span class='ocr_line' id='line_1_7' title="bbox 1863 604 3383 676; baseline 0.003 -17"><span class='ocrx_word' id='word_1_52' title='bbox 1863 615 1946 659; x_wconf 88' lang='lat' dir='ltr'><strong>est</strong></span> <span class='ocrx_word' id='word_1_53' title='bbox 1989 613 2179 674; x_wconf 57' lang='lat' dir='ltr'><strong>praeter</strong></span> <span class='ocrx_word' id='word_1_54' title='bbox 2219 605 2406 658; x_wconf 88' lang='lat' dir='ltr'><strong>Deum.</strong></span> <span class='ocrx_word' id='word_1_55' title='bbox 2447 604 2612 658; x_wconf 87' lang='lat' dir='ltr'><strong>Docet</strong></span> <span class='ocrx_word' id='word_1_56' title='bbox 2655 617 2827 658; x_wconf 88' lang='lat' dir='ltr'><strong>autem</strong></span> <span class='ocrx_word' id='word_1_57' title='bbox 2857 608 2997 660; x_wconf 88' lang='lat' dir='ltr'><strong>Deus</strong></span> <span class='ocrx_word' id='word_1_58' title='bbox 3027 609 3267 676; x_wconf 85' lang='lat' dir='ltr'><strong>discipuli</strong></span> <span class='ocrx_word' id='word_1_59' title='bbox 3301 611 3383 664; x_wconf 89' lang='lat' dir='ltr'><strong>sui</strong></span> 
     </span>
    </p>
   </div>
   <div class='ocr_carea' id='block_1_8' title="bbox 175 692 1736 768">
    <p class='ocr_par' dir='ltr' id='par_1_8' title="bbox 175 694 1733 768">
     <span class='ocr_line' id='line_1_8' title="bbox 175 694 1733 768; baseline 0.006 -25"><span class='ocrx_word' id='word_1_60' title='bbox 175 695 256 762; x_wconf 74' lang='grc' dir='ltr'><strong>τῇ</strong></span> <span class='ocrx_word' id='word_1_61' title='bbox 294 694 452 762; x_wconf 66' lang='grc' dir='ltr'>ψυχῇ</span> <span class='ocrx_word' id='word_1_62' title='bbox 472 695 569 746; x_wconf 86' lang='grc' dir='ltr'><strong>τοῦ</strong></span> <span class='ocrx_word' id='word_1_63' title='bbox 603 697 958 764; x_wconf 78' lang='grc' dir='ltr'><strong>μανθάνοντος</strong></span> <span class='ocrx_word' id='word_1_64' title='bbox 980 699 1070 749; x_wconf 80' lang='grc' dir='ltr'><strong>ὑπ’</strong></span> <span class='ocrx_word' id='word_1_65' title='bbox 1099 698 1280 760; x_wconf 80' lang='grc' dir='ltr'>αὑτοῦ,</span> <span class='ocrx_word' id='word_1_66' title='bbox 1305 699 1394 751; x_wconf 74' lang='grc' dir='ltr'><strong>καὶ</strong></span> <span class='ocrx_word' id='word_1_67' title='bbox 1418 700 1512 768; x_wconf 82' lang='grc' dir='ltr'>τὴν</span> <span class='ocrx_word' id='word_1_68' title='bbox 1536 700 1733 752; x_wconf 81' lang='grc' dir='ltr'><strong>διάνοια</strong></span> 
     </span>
    </p>
   </div>
   <div class='ocr_carea' id='block_1_9' title="bbox 1853 692 3382 768">
    <p class='ocr_par' dir='ltr' id='par_1_9' title="bbox 1863 692 3382 758">
     <span class='ocr_line' id='line_1_9' title="bbox 1863 692 3382 758; baseline 0.003 -12"><span class='ocrx_word' id='word_1_69' title='bbox 1863 695 2094 747; x_wconf 91' lang='lat' dir='ltr'><strong>animam</strong></span> <span class='ocrx_word' id='word_1_70' title='bbox 2124 692 2459 755; x_wconf 89' lang='lat' dir='ltr'><strong>illustrando,</strong></span> <span class='ocrx_word' id='word_1_71' title='bbox 2497 703 2550 746; x_wconf 89' lang='lat' dir='ltr'><strong>et</strong></span> <span class='ocrx_word' id='word_1_72' title='bbox 2577 707 2706 747; x_wconf 85' lang='lat' dir='ltr'><strong>vero</strong></span> <span class='ocrx_word' id='word_1_73' title='bbox 2733 693 2950 758; x_wconf 87' lang='lat' dir='ltr'><strong>lumine,</strong></span> <span class='ocrx_word' id='word_1_74' title='bbox 2983 698 3142 750; x_wconf 90' lang='lat' dir='ltr'><strong>verbo</strong></span> <span class='ocrx_word' id='word_1_75' title='bbox 3175 698 3382 752; x_wconf 88' lang='lat' dir='ltr'><strong>scilicet</strong></span> 
     </span>
    </p>
   </div>
   <div class='ocr_carea' id='block_1_10' title="bbox 177 779 1736 859">
    <p class='ocr_par' dir='ltr' id='par_1_10' title="bbox 177 781 1736 859">
     <span class='ocr_line' id='line_1_10' title="bbox 177 781 1736 859; baseline 0.005 -27"><span class='ocrx_word' id='word_1_76' title='bbox 177 781 463 848; x_wconf 73' lang='grc' dir='ltr'>φωτίζων</span> <span class='ocrx_word' id='word_1_77' title='bbox 495 784 576 852; x_wconf 81' lang='grc' dir='ltr'>τῷ</span> <span class='ocrx_word' id='word_1_78' title='bbox 607 783 744 851; x_wconf 68' lang='grc' dir='ltr'>φωτὶ</span> <span class='ocrx_word' id='word_1_79' title='bbox 765 786 841 854; x_wconf 86' lang='grc' dir='ltr'>τῷ</span> <span class='ocrx_word' id='word_1_80' title='bbox 863 786 1093 856; x_wconf 82' lang='grc' dir='ltr'><strong>ἀληθινῷ</strong></span> <span class='ocrx_word' id='word_1_81' title='bbox 1115 790 1190 858; x_wconf 84' lang='grc' dir='ltr'>τῷ</span> <span class='ocrx_word' id='word_1_82' title='bbox 1221 792 1408 844; x_wconf 77' lang='grc' dir='ltr'>ἑαυτοῦ</span> <span class='ocrx_word' id='word_1_83' title='bbox 1438 791 1595 859; x_wconf 84' lang='grc' dir='ltr'>λόγῳ.</span> <span class='ocrx_word' id='word_1_84' title='bbox 1625 791 1736 841; x_wconf 79' lang='grc' dir='ltr'><strong>Οὐκ</strong></span> 
     </span>
    </p>
   </div>
   <div class='ocr_carea' id='block_1_11' title="bbox 1853 779 3385 859">
    <p class='ocr_par' dir='ltr' id='par_1_11' title="bbox 1863 779 3385 850">
     <span class='ocr_line' id='line_1_11' title="bbox 1863 779 3385 850; baseline 0.005 -18"><span class='ocrx_word' id='word_1_85' title='bbox 1863 795 1980 845; x_wconf 89' lang='lat' dir='ltr'><strong>suo,</strong></span> <span class='ocrx_word' id='word_1_86' title='bbox 2010 789 2238 834; x_wconf 90' lang='lat' dir='ltr'><strong>mentem</strong></span> <span class='ocrx_word' id='word_1_87' title='bbox 2271 779 2634 835; x_wconf 90' lang='lat' dir='ltr'><strong>illuminando.</strong></span> <span class='ocrx_word' id='word_1_88' title='bbox 2663 781 2728 834; x_wconf 92' lang='lat' dir='ltr'><strong>Et</strong></span> <span class='ocrx_word' id='word_1_89' title='bbox 2753 783 2970 850; x_wconf 90' lang='lat' dir='ltr'><strong>quidem</strong></span> <span class='ocrx_word' id='word_1_90' title='bbox 2994 783 3118 838; x_wconf 90' lang='lat' dir='ltr'><strong>licet</strong></span> <span class='ocrx_word' id='word_1_91' title='bbox 3140 786 3385 848; x_wconf 80' lang='lat' dir='ltr'><strong>homines</strong></span> 
     </span>
    </p>
   </div>
   <div class='ocr_carea' id='block_1_12' title="bbox 172 861 1736 939">
    <p class='ocr_par' dir='ltr' id='par_1_12' title="bbox 172 861 1736 939">
     <span class='ocr_line' id='line_1_12' title="bbox 172 861 1736 939; baseline 0.007 -25"><span class='ocrx_word' id='word_1_92' title='bbox 172 861 289 915; x_wconf 84' lang='grc' dir='ltr'><strong>οῦν</strong></span> <span class='ocrx_word' id='word_1_93' title='bbox 310 902 327 926; x_wconf 91' lang='grc'><strong>,</strong></span> <span class='ocrx_word' id='word_1_94' title='bbox 365 865 477 916; x_wconf 71' lang='grc' dir='ltr'>κᾶν</span> <span class='ocrx_word' id='word_1_95' title='bbox 516 868 709 934; x_wconf 75' lang='grc' dir='ltr'>ἄνδρες</span> <span class='ocrx_word' id='word_1_96' title='bbox 747 869 938 921; x_wconf 89' lang='grc' dir='ltr'>δίκαιοι</span> <span class='ocrx_word' id='word_1_97' title='bbox 965 875 1110 939; x_wconf 80' lang='grc' dir='ltr'>ἡμᾶς</span> <span class='ocrx_word' id='word_1_98' title='bbox 1140 874 1442 936; x_wconf 86' lang='grc' dir='ltr'>διδάσκωσι,</span> <span class='ocrx_word' id='word_1_99' title='bbox 1473 874 1736 926; x_wconf 85' lang='grc' dir='ltr'>διδασκαλι</span> 
     </span>
    </p>
   </div>
   <div class='ocr_carea' id='block_1_13' title="bbox 1853 861 3380 939">
    <p class='ocr_par' dir='ltr' id='par_1_13' title="bbox 1856 867 3380 938">
     <span class='ocr_line' id='line_1_13' title="bbox 1856 867 3380 938; baseline 0.004 -17"><span class='ocrx_word' id='word_1_100' title='bbox 1856 867 2009 935; x_wconf 86' lang='lat' dir='ltr'><strong>justi,</strong></span> <span class='ocrx_word' id='word_1_101' title='bbox 2059 869 2278 922; x_wconf 89' lang='lat' dir='ltr'><strong>docendi</strong></span> <span class='ocrx_word' id='word_1_102' title='bbox 2331 872 2558 938; x_wconf 77' lang='lat' dir='ltr'><strong>gratiam</strong></span> <span class='ocrx_word' id='word_1_103' title='bbox 2603 872 2894 936; x_wconf 90' lang='lat' dir='ltr'><strong>consecuti,</strong></span> <span class='ocrx_word' id='word_1_104' title='bbox 2948 887 3046 926; x_wconf 87' lang='lat' dir='ltr'><strong>nos</strong></span> <span class='ocrx_word' id='word_1_105' title='bbox 3097 875 3380 936; x_wconf 74' lang='lat' dir='ltr'><strong>erudiant;</strong></span> 
     </span>
    </p>
   </div>
   <div class='ocr_carea' id='block_1_14' title="bbox 175 952 1736 1031">
    <p class='ocr_par' dir='ltr' id='par_1_14' title="bbox 175 952 1736 1031">
     <span class='ocr_line' id='line_1_14' title="bbox 175 952 1736 1031; baseline 0.009 -28"><span class='ocrx_word' id='word_1_106' title='bbox 175 952 297 1023; x_wconf 75' lang='grc' dir='ltr'><strong>χὴν</strong></span> <span class='ocrx_word' id='word_1_107' title='bbox 330 955 623 1022; x_wconf 73' lang='grc' dir='ltr'><strong>εἰληφότες</strong></span> <span class='ocrx_word' id='word_1_108' title='bbox 670 958 825 1026; x_wconf 83' lang='grc' dir='ltr'>χάριν</span> <span class='ocrx_word' id='word_1_109' title='bbox 845 996 859 1020; x_wconf 92' lang='grc'><strong>,</strong></span> <span class='ocrx_word' id='word_1_110' title='bbox 894 960 1050 1011; x_wconf 82' lang='grc' dir='ltr'>πάλιν</span> <span class='ocrx_word' id='word_1_111' title='bbox 1074 963 1101 1012; x_wconf 87' lang='grc' dir='ltr'><strong>ὀ</strong></span> <span class='ocrx_word' id='word_1_112' title='bbox 1128 963 1323 1031; x_wconf 83' lang='grc' dir='ltr'>Κύριός</span> <span class='ocrx_word' id='word_1_113' title='bbox 1351 965 1494 1016; x_wconf 81' lang='grc' dir='ltr'>ἐστιν</span> <span class='ocrx_word' id='word_1_114' title='bbox 1521 967 1548 1017; x_wconf 80' lang='grc' dir='ltr'>ὁ</span> <span class='ocrx_word' id='word_1_115' title='bbox 1574 965 1638 1016; x_wconf 87' lang='grc' dir='ltr'><strong>δι’</strong></span> <span class='ocrx_word' id='word_1_116' title='bbox 1672 966 1736 1017; x_wconf 88' lang='grc' dir='ltr'>αὑ</span> 
     </span>
    </p>
   </div>
   <div class='ocr_carea' id='block_1_15' title="bbox 1853 952 3384 1031">
    <p class='ocr_par' dir='ltr' id='par_1_15' title="bbox 1860 959 3384 1028">
     <span class='ocr_line' id='line_1_15' title="bbox 1860 959 3384 1028; baseline 0.004 -18"><span class='ocrx_word' id='word_1_117' title='bbox 1860 959 1999 1012; x_wconf 85' lang='lat' dir='ltr'><strong>Deus</strong></span> <span class='ocrx_word' id='word_1_118' title='bbox 2053 967 2226 1012; x_wconf 91' lang='lat' dir='ltr'><strong>tamen</strong></span> <span class='ocrx_word' id='word_1_119' title='bbox 2272 970 2352 1012; x_wconf 88' lang='lat' dir='ltr'><strong>est</strong></span> <span class='ocrx_word' id='word_1_120' title='bbox 2415 959 2504 1027; x_wconf 87' lang='lat' dir='ltr'><strong>qui</strong></span> <span class='ocrx_word' id='word_1_121' title='bbox 2546 975 2642 1028; x_wconf 88' lang='lat' dir='ltr'><strong>per</strong></span> <span class='ocrx_word' id='word_1_122' title='bbox 2695 974 2788 1014; x_wconf 88' lang='lat' dir='ltr'><strong>eos</strong></span> <span class='ocrx_word' id='word_1_123' title='bbox 2831 974 2928 1015; x_wconf 94' lang='lat' dir='ltr'><strong>nos</strong></span> <span class='ocrx_word' id='word_1_124' title='bbox 2967 962 3236 1015; x_wconf 90' lang='lat' dir='ltr'><strong>instituit:</strong></span> <span class='ocrx_word' id='word_1_125' title='bbox 3277 962 3384 1016; x_wconf 91' lang='lat' dir='ltr'><strong>imo</strong></span> 
     </span>
    </p>
   </div>
   <div class='ocr_carea' id='block_1_16' title="bbox 170 1040 1736 1117">
    <p class='ocr_par' dir='ltr' id='par_1_16' title="bbox 170 1040 1736 1112">
     <span class='ocr_line' id='line_1_16' title="bbox 170 1040 1736 1112; baseline 0.008 -22"><span class='ocrx_word' id='word_1_126' title='bbox 170 1040 302 1091; x_wconf 80' lang='grc' dir='ltr'><strong>τῶν</strong></span> <span class='ocrx_word' id='word_1_127' title='bbox 335 1041 616 1093; x_wconf 79' lang='grc' dir='ltr'><strong>διδάσκων</strong></span> <span class='ocrx_word' id='word_1_128' title='bbox 633 1045 779 1112; x_wconf 80' lang='grc' dir='ltr'>ἡμᾶς</span> <span class='ocrx_word' id='word_1_129' title='bbox 795 1061 808 1073; x_wconf 71' lang='grc' dir='ltr'><strong>ο</strong></span> <span class='ocrx_word' id='word_1_130' title='bbox 834 1046 925 1097; x_wconf 81' lang='grc' dir='ltr'><strong>καὶ</strong></span> <span class='ocrx_word' id='word_1_131' title='bbox 955 1047 1084 1099; x_wconf 79' lang='grc' dir='ltr'>αὐτὸ</span> <span class='ocrx_word' id='word_1_132' title='bbox 1108 1047 1162 1099; x_wconf 83' lang='grc' dir='ltr'>δὲ</span> <span class='ocrx_word' id='word_1_133' title='bbox 1190 1048 1249 1100; x_wconf 82' lang='grc' dir='ltr'>τὸ</span> <span class='ocrx_word' id='word_1_134' title='bbox 1273 1051 1498 1102; x_wconf 82' lang='grc' dir='ltr'>συνιέναι</span> <span class='ocrx_word' id='word_1_135' title='bbox 1517 1049 1609 1101; x_wconf 71' lang='grc' dir='ltr'>καὶ</span> <span class='ocrx_word' id='word_1_136' title='bbox 1624 1049 1736 1102; x_wconf 89' lang='grc' dir='ltr'>διαν</span> 
     </span>
    </p>
   </div>
   <div class='ocr_carea' id='block_1_17' title="bbox 1853 1040 3381 1117">
    <p class='ocr_par' dir='ltr' id='par_1_17' title="bbox 1859 1047 3381 1117">
     <span class='ocr_line' id='line_1_17' title="bbox 1859 1047 3381 1117; baseline 0.002 -16"><span class='ocrx_word' id='word_1_137' title='bbox 1859 1057 1910 1101; x_wconf 89' lang='lat' dir='ltr'><strong>et</strong></span> <span class='ocrx_word' id='word_1_138' title='bbox 1948 1047 2074 1101; x_wconf 85' lang='lat' dir='ltr'><strong>illud</strong></span> <span class='ocrx_word' id='word_1_139' title='bbox 2103 1049 2276 1102; x_wconf 82' lang='lat' dir='ltr'><strong>divina</strong></span> <span class='ocrx_word' id='word_1_140' title='bbox 2307 1048 2475 1116; x_wconf 76' lang='lat' dir='ltr'><strong>gratia</strong></span> <span class='ocrx_word' id='word_1_141' title='bbox 2507 1048 2586 1112; x_wconf 83' lang='lat' dir='ltr'><strong>tit,</strong></span> <span class='ocrx_word' id='word_1_142' title='bbox 2615 1057 2670 1102; x_wconf 92' lang='lat' dir='ltr'><strong>ut</strong></span> <span class='ocrx_word' id='word_1_143' title='bbox 2704 1049 3079 1117; x_wconf 84' lang='lat' dir='ltr'><strong>intelligamus,</strong></span> <span class='ocrx_word' id='word_1_144' title='bbox 3106 1060 3160 1104; x_wconf 90' lang='lat' dir='ltr'><strong>et</strong></span> <span class='ocrx_word' id='word_1_145' title='bbox 3191 1052 3257 1104; x_wconf 91' lang='lat' dir='ltr'><strong>ad</strong></span> <span class='ocrx_word' id='word_1_146' title='bbox 3296 1051 3381 1104; x_wconf 82' lang='lat' dir='ltr'><strong>di-</strong></span> 
     </span>
    </p>
   </div>
   <div class='ocr_carea' id='block_1_18' title="bbox 169 1127 1736 1206">
    <p class='ocr_par' dir='ltr' id='par_1_18' title="bbox 169 1127 1736 1206">
     <span class='ocr_line' id='line_1_18' title="bbox 169 1127 1736 1206; baseline 0.006 -28"><span class='ocrx_word' id='word_1_147' title='bbox 169 1127 454 1196; x_wconf 80' lang='grc' dir='ltr'>οιχθῆναι</span> <span class='ocrx_word' id='word_1_148' title='bbox 508 1130 610 1191; x_wconf 83' lang='grc' dir='ltr'><strong>τὰς</strong></span> <span class='ocrx_word' id='word_1_149' title='bbox 672 1133 894 1200; x_wconf 82' lang='grc' dir='ltr'><strong>καρδίας</strong></span> <span class='ocrx_word' id='word_1_150' title='bbox 961 1133 1112 1202; x_wconf 83' lang='grc' dir='ltr'>ἡμῶν</span> <span class='ocrx_word' id='word_1_151' title='bbox 1169 1137 1246 1197; x_wconf 82' lang='grc' dir='ltr'><strong>είς</strong></span> <span class='ocrx_word' id='word_1_152' title='bbox 1299 1137 1394 1206; x_wconf 81' lang='grc' dir='ltr'>τὴν</span> <span class='ocrx_word' id='word_1_153' title='bbox 1448 1137 1551 1189; x_wconf 90' lang='grc' dir='ltr'><strong>τῶν</strong></span> <span class='ocrx_word' id='word_1_154' title='bbox 1608 1137 1736 1188; x_wconf 54' lang='grc' dir='ltr'>θείωε</span> 
     </span>
    </p>
   </div>
   <div class='ocr_carea' id='block_1_19' title="bbox 1853 1127 3376 1206">
    <p class='ocr_par' dir='ltr' id='par_1_19' title="bbox 1860 1136 3376 1206">
     <span class='ocr_line' id='line_1_19' title="bbox 1860 1136 3376 1206; baseline 0.002 -18"><span class='ocrx_word' id='word_1_155' title='bbox 1860 1137 2100 1189; x_wconf 86' lang='lat' dir='ltr'><strong>vinarum</strong></span> <span class='ocrx_word' id='word_1_156' title='bbox 2121 1136 2484 1192; x_wconf 84' lang='lat' dir='ltr'><strong>doctrinarum</strong></span> <span class='ocrx_word' id='word_1_157' title='bbox 2500 1138 2853 1205; x_wconf 85' lang='lat' dir='ltr'><strong>receptionem</strong></span> <span class='ocrx_word' id='word_1_158' title='bbox 2871 1139 3030 1193; x_wconf 90' lang='lat' dir='ltr'><strong>corda</strong></span> <span class='ocrx_word' id='word_1_159' title='bbox 3051 1139 3376 1206; x_wconf 90' lang='lat' dir='ltr'><strong>aperiamus.</strong></span> 
     </span>
    </p>
   </div>
   <div class='ocr_carea' id='block_1_20' title="bbox 173 1216 1757 1295">
    <p class='ocr_par' dir='ltr' id='par_1_20' title="bbox 173 1216 1757 1295">
     <span class='ocr_line' id='line_1_20' title="bbox 173 1216 1757 1295; baseline 0.006 -28"><span class='ocrx_word' id='word_1_160' title='bbox 173 1216 555 1286; x_wconf 80' lang='grc' dir='ltr'><strong>μαθημάτων</strong></span> <span class='ocrx_word' id='word_1_161' title='bbox 636 1221 963 1293; x_wconf 82' lang='grc' dir='ltr'>παραδοχὴν,</span> <span class='ocrx_word' id='word_1_162' title='bbox 1002 1224 1138 1278; x_wconf 79' lang='grc' dir='ltr'>κατὰ</span> <span class='ocrx_word' id='word_1_163' title='bbox 1196 1226 1291 1295; x_wconf 84' lang='grc' dir='ltr'>τὴν</span> <span class='ocrx_word' id='word_1_164' title='bbox 1351 1225 1496 1279; x_wconf 84' lang='grc' dir='ltr'>θείαν</span> <span class='ocrx_word' id='word_1_165' title='bbox 1560 1227 1757 1294; x_wconf 84' lang='grc' dir='ltr'>γίνεται</span> 
     </span>
    </p>
   </div>
   <div class='ocr_carea' id='block_1_21' title="bbox 170 1312 380 1381">
    <p class='ocr_par' dir='ltr' id='par_1_21' title="bbox 170 1312 380 1381">
     <span class='ocr_line' id='line_1_21' title="bbox 170 1312 380 1381; baseline 0 -19"><span class='ocrx_word' id='word_1_166' title='bbox 170 1312 380 1381; x_wconf 78' lang='grc' dir='ltr'>χάριν.</span> 
     </span>
    </p>
   </div>
   <div class='ocr_carea' id='block_1_22' title="bbox 251 1398 1736 1477">
    <p class='ocr_par' dir='ltr' id='par_1_22' title="bbox 251 1398 1736 1477">
     <span class='ocr_line' id='line_1_22' title="bbox 251 1398 1736 1477; baseline 0.002 -25"><span class='ocrx_word' id='word_1_167' title='bbox 251 1401 339 1452; x_wconf 74' lang='grc' dir='ltr'><em>Ἠ</em></span> <span class='ocrx_word' id='word_1_168' title='bbox 390 1398 591 1468; x_wconf 70' lang='grc' dir='ltr'>λόγον</span> <span class='ocrx_word' id='word_1_169' title='bbox 624 1415 738 1454; x_wconf 87' lang='grc' dir='ltr'><strong>σου</strong></span> <span class='ocrx_word' id='word_1_170' title='bbox 783 1403 1127 1470; x_wconf 76' lang='grc' dir='ltr'>ποιούμενος</span> <span class='ocrx_word' id='word_1_171' title='bbox 1173 1405 1396 1473; x_wconf 73' lang='grc' dir='ltr'>ἐλέγξει</span> <span class='ocrx_word' id='word_1_172' title='bbox 1446 1423 1561 1470; x_wconf 89' lang='grc' dir='ltr'>σε;</span> <span class='ocrx_word' id='word_1_173' title='bbox 1621 1406 1736 1477; x_wconf 74' lang='grc' dir='ltr'><strong>Πρὸ.</strong></span> 
     </span>
    </p>
   </div>
   <div class='ocr_carea' id='block_1_23' title="bbox 1853 1398 3398 1477">
    <p class='ocr_par' dir='ltr' id='par_1_23' title="bbox 1928 1401 3398 1472">
     <span class='ocr_line' id='line_1_23' title="bbox 1928 1401 3398 1472; baseline 0.001 -16"><span class='ocrx_word' id='word_1_174' title='bbox 1928 1401 2087 1456; x_wconf 72' lang='lat' dir='ltr'><strong>Vsus.</strong></span> <span class='ocrx_word' id='word_1_175' title='bbox 2125 1402 2179 1458; x_wconf 80' lang='grc'>4.</span> <span class='ocrx_word' id='word_1_176' title='bbox 2222 1405 2323 1454; x_wconf 82' lang='grc' dir='ltr'>Αιιι</span> <span class='ocrx_word' id='word_1_177' title='bbox 2360 1404 2608 1456; x_wconf 84' lang='lat' dir='ltr'><strong>rationem</strong></span> <span class='ocrx_word' id='word_1_178' title='bbox 2634 1405 2713 1456; x_wconf 83' lang='lat' dir='ltr'><strong>tui</strong></span> <span class='ocrx_word' id='word_1_179' title='bbox 2737 1405 2928 1457; x_wconf 85' lang='lat' dir='ltr'><strong>habens</strong></span> <span class='ocrx_word' id='word_1_180' title='bbox 2961 1413 3138 1472; x_wconf 80' lang='lat' dir='ltr'><strong>arguet</strong></span> <span class='ocrx_word' id='word_1_181' title='bbox 3169 1405 3266 1457; x_wconf 82' lang='lat' dir='ltr'><strong>te?</strong></span> <span class='ocrx_word' id='word_1_182' title='bbox 3298 1404 3398 1457; x_wconf 65' lang='lat' dir='ltr'><strong>Ad\</strong></span> 
     </span>
    </p>
   </div>
   <div class='ocr_carea' id='block_1_24' title="bbox 167 1489 1736 1566">
    <p class='ocr_par' dir='ltr' id='par_1_24' title="bbox 167 1489 1736 1566">
     <span class='ocr_line' id='line_1_24' title="bbox 167 1489 1736 1566; baseline 0.004 -26"><span class='ocrx_word' id='word_1_183' title='bbox 167 1489 351 1541; x_wconf 85' lang='grc' dir='ltr'>τοῦτο</span> <span class='ocrx_word' id='word_1_184' title='bbox 422 1493 678 1560; x_wconf 76' lang='grc' dir='ltr'>εἴποιμεν</span> <span class='ocrx_word' id='word_1_185' title='bbox 742 1491 845 1554; x_wconf 82' lang='grc' dir='ltr'>ἂν,</span> <span class='ocrx_word' id='word_1_186' title='bbox 927 1493 1005 1544; x_wconf 82' lang='grc' dir='ltr'>ὅτι</span> <span class='ocrx_word' id='word_1_187' title='bbox 1073 1495 1131 1545; x_wconf 82' lang='grc' dir='ltr'>οὐ</span> <span class='ocrx_word' id='word_1_188' title='bbox 1207 1496 1494 1566; x_wconf 75' lang='grc' dir='ltr'>φροντίζων</span> <span class='ocrx_word' id='word_1_189' title='bbox 1552 1497 1579 1550; x_wconf 83' lang='grc' dir='ltr'><strong>ὀ</strong></span> <span class='ocrx_word' id='word_1_190' title='bbox 1630 1497 1736 1549; x_wconf 69' lang='grc' dir='ltr'>Θεὸς</span> 
     </span>
    </p>
   </div>
   <div class='ocr_carea' id='block_1_25' title="bbox 1853 1489 3378 1566">
    <p class='ocr_par' dir='ltr' id='par_1_25' title="bbox 1857 1491 3378 1560">
     <span class='ocr_line' id='line_1_25' title="bbox 1857 1491 3378 1560; baseline 0.001 -16"><span class='ocrx_word' id='word_1_191' title='bbox 1857 1491 1958 1544; x_wconf 91' lang='lat' dir='ltr'><strong>hoc</strong></span> <span class='ocrx_word' id='word_1_192' title='bbox 1986 1492 2306 1560; x_wconf 90' lang='lat' dir='ltr'><strong>respondere</strong></span> <span class='ocrx_word' id='word_1_193' title='bbox 2336 1507 2642 1560; x_wconf 79' lang='lat' dir='ltr'><strong>possumus,</strong></span> <span class='ocrx_word' id='word_1_194' title='bbox 2671 1495 2934 1547; x_wconf 85' lang='lat' dir='ltr'><strong>hominem</strong></span> <span class='ocrx_word' id='word_1_195' title='bbox 2970 1494 3186 1560; x_wconf 91' lang='lat' dir='ltr'><strong>impium</strong></span> <span class='ocrx_word' id='word_1_196' title='bbox 3211 1509 3239 1545; x_wconf 71' lang='grc' dir='ltr'><em>δ</em></span> <span class='ocrx_word' id='word_1_197' title='bbox 3271 1493 3378 1546; x_wconf 89' lang='lat' dir='ltr'><strong>Deo</strong></span> 
     </span>
    </p>
   </div>
   <div class='ocr_carea' id='block_1_26' title="bbox 171 1578 1736 1654">
    <p class='ocr_par' dir='ltr' id='par_1_26' title="bbox 171 1578 1736 1654">
     <span class='ocr_line' id='line_1_26' title="bbox 171 1578 1736 1654; baseline 0.004 -24"><span class='ocrx_word' id='word_1_198' title='bbox 171 1578 408 1647; x_wconf 83' lang='grc' dir='ltr'>μήποτε</span> <span class='ocrx_word' id='word_1_199' title='bbox 449 1579 618 1640; x_wconf 79' lang='grc' dir='ltr'>αῦτός</span> <span class='ocrx_word' id='word_1_200' title='bbox 669 1596 720 1630; x_wconf 88' lang='grc' dir='ltr'><strong>τι</strong></span> <span class='ocrx_word' id='word_1_201' title='bbox 770 1579 931 1649; x_wconf 76' lang='grc' dir='ltr'>βλαϐῇ</span> <span class='ocrx_word' id='word_1_202' title='bbox 955 1618 968 1641; x_wconf 92' lang='grc'><strong>,</strong></span> <span class='ocrx_word' id='word_1_203' title='bbox 1019 1581 1220 1650; x_wconf 79' lang='grc' dir='ltr'>ἐλέγχει</span> <span class='ocrx_word' id='word_1_204' title='bbox 1263 1583 1352 1634; x_wconf 82' lang='grc' dir='ltr'><strong>τὸν</strong></span> <span class='ocrx_word' id='word_1_205' title='bbox 1389 1585 1580 1654; x_wconf 79' lang='grc' dir='ltr'><strong>ἀσεϐῆ·</strong></span> <span class='ocrx_word' id='word_1_206' title='bbox 1624 1585 1736 1636; x_wconf 81' lang='grc' dir='ltr'><strong>ἀλλά</strong></span> 
     </span>
    </p>
   </div>
   <div class='ocr_carea' id='block_1_27' title="bbox 1853 1578 3378 1654">
    <p class='ocr_par' dir='ltr' id='par_1_27' title="bbox 1856 1581 3378 1651">
     <span class='ocr_line' id='line_1_27' title="bbox 1856 1581 3378 1651; baseline 0.002 -18"><span class='ocrx_word' id='word_1_207' title='bbox 1856 1581 2032 1648; x_wconf 79' lang='lat' dir='ltr'><strong>argui,</strong></span> <span class='ocrx_word' id='word_1_208' title='bbox 2063 1595 2167 1633; x_wconf 90' lang='lat' dir='ltr'><strong>non</strong></span> <span class='ocrx_word' id='word_1_209' title='bbox 2200 1583 2338 1647; x_wconf 87' lang='lat' dir='ltr'><strong>quod</strong></span> <span class='ocrx_word' id='word_1_210' title='bbox 2382 1581 2646 1636; x_wconf 88' lang='lat' dir='ltr'><strong>sollicitus</strong></span> <span class='ocrx_word' id='word_1_211' title='bbox 2674 1583 2744 1636; x_wconf 90' lang='lat' dir='ltr'><strong>sit</strong></span> <span class='ocrx_word' id='word_1_212' title='bbox 2773 1595 2838 1635; x_wconf 91' lang='lat' dir='ltr'><strong>ne</strong></span> <span class='ocrx_word' id='word_1_213' title='bbox 2862 1583 3112 1635; x_wconf 87' lang='lat' dir='ltr'><strong>damnum</strong></span> <span class='ocrx_word' id='word_1_214' title='bbox 3165 1583 3378 1651; x_wconf 86' lang='lat' dir='ltr'><strong>aliquod</strong></span> 
     </span>
    </p>
   </div>
   <div class='ocr_carea' id='block_1_28' title="bbox 165 1664 1753 1744">
    <p class='ocr_par' dir='ltr' id='par_1_28' title="bbox 165 1664 1753 1744">
     <span class='ocr_line' id='line_1_28' title="bbox 165 1664 1753 1744; baseline 0.005 -26"><span class='ocrx_word' id='word_1_215' title='bbox 165 1664 344 1733; x_wconf 81' lang='grc' dir='ltr'>λόγον</span> <span class='ocrx_word' id='word_1_216' title='bbox 391 1667 722 1730; x_wconf 75' lang='grc' dir='ltr'>ποιούμενος</span> <span class='ocrx_word' id='word_1_217' title='bbox 767 1668 860 1720; x_wconf 89' lang='grc' dir='ltr'><strong>τοῦ</strong></span> <span class='ocrx_word' id='word_1_218' title='bbox 901 1672 1284 1738; x_wconf 75' lang='grc' dir='ltr'>προνοουμένου</span> <span class='ocrx_word' id='word_1_219' title='bbox 1325 1674 1412 1725; x_wconf 76' lang='grc' dir='ltr'>καὶ</span> <span class='ocrx_word' id='word_1_220' title='bbox 1460 1673 1753 1744; x_wconf 77' lang='grc' dir='ltr'>εὐεργετῶν</span> 
     </span>
    </p>
   </div>
   <div class='ocr_carea' id='block_1_29' title="bbox 168 1769 372 1808">
    <p class='ocr_par' dir='ltr' id='par_1_29' title="bbox 168 1769 372 1808">
     <span class='ocr_line' id='line_1_29' title="bbox 168 1769 372 1808; baseline 0.015 -4"><span class='ocrx_word' id='word_1_221' title='bbox 168 1769 372 1808; x_wconf 84' lang='grc' dir='ltr'>αυτον.</span> 
     </span>
    </p>
   </div>
   <div class='ocr_carea' id='block_1_30' title="bbox 268 1927 1749 2008">
    <p class='ocr_par' dir='ltr' id='par_1_30' title="bbox 268 1927 1749 2008">
     <span class='ocr_line' id='line_1_30' title="bbox 268 1927 1749 2008; baseline 0.01 -28"><span class='ocrx_word' id='word_1_222' title='bbox 268 1927 682 1998; x_wconf 75' lang='grc' dir='ltr'>Ἦνεχύραζες</span> <span class='ocrx_word' id='word_1_223' title='bbox 743 1931 881 1998; x_wconf 82' lang='grc' dir='ltr'>τοὺς</span> <span class='ocrx_word' id='word_1_224' title='bbox 941 1933 1233 2002; x_wconf 71' lang='grc' dir='ltr'>ἀδελφούς</span> <span class='ocrx_word' id='word_1_225' title='bbox 1285 1951 1397 1990; x_wconf 88' lang='grc' dir='ltr'><strong>σου</strong></span> <span class='ocrx_word' id='word_1_226' title='bbox 1469 1941 1749 2008; x_wconf 62' lang='grc' dir='ltr'>διακενῆς.</span> 
     </span>
    </p>
   </div>
   <div class='ocr_carea' id='block_1_31' title="bbox 174 2017 1749 2093">
    <p class='ocr_par' dir='ltr' id='par_1_31' title="bbox 174 2017 1749 2093">
     <span class='ocr_line' id='line_1_31' title="bbox 174 2017 1749 2093; baseline 0.006 -21"><span class='ocrx_word' id='word_1_227' title='bbox 174 2017 616 2088; x_wconf 81' lang='grc' dir='ltr'>Ὕπολαμϐάνει</span> <span class='ocrx_word' id='word_1_228' title='bbox 667 2020 725 2072; x_wconf 80' lang='grc' dir='ltr'>δὲ</span> <span class='ocrx_word' id='word_1_229' title='bbox 779 2021 930 2074; x_wconf 72' lang='grc' dir='ltr'>τοῦτο</span> <span class='ocrx_word' id='word_1_230' title='bbox 981 2026 1108 2092; x_wconf 70' lang='grc' dir='ltr'>περὶ</span> <span class='ocrx_word' id='word_1_231' title='bbox 1163 2025 1257 2076; x_wconf 89' lang='grc' dir='ltr'><strong>τοῦ</strong></span> <span class='ocrx_word' id='word_1_232' title='bbox 1301 2026 1418 2078; x_wconf 83' lang='grc' dir='ltr'><strong>’1ὼὸ</strong></span> <span class='ocrx_word' id='word_1_233' title='bbox 1479 2029 1749 2093; x_wconf 80' lang='grc' dir='ltr'>ἐντεῦθεν,</span> 
     </span>
    </p>
   </div>
   <div class='ocr_carea' id='block_1_32' title="bbox 164 2107 1754 2178">
    <p class='ocr_par' dir='ltr' id='par_1_32' title="bbox 164 2107 1754 2178">
     <span class='ocr_line' id='line_1_32' title="bbox 164 2107 1754 2178; baseline 0.006 -18"><span class='ocrx_word' id='word_1_234' title='bbox 164 2111 254 2164; x_wconf 77' lang='grc' dir='ltr'>ὅτι</span> <span class='ocrx_word' id='word_1_235' title='bbox 315 2110 448 2178; x_wconf 70' lang='grc' dir='ltr'>ᾔδει</span> <span class='ocrx_word' id='word_1_236' title='bbox 495 2107 663 2159; x_wconf 76' lang='grc' dir='ltr'>αὐτὸν</span> <span class='ocrx_word' id='word_1_237' title='bbox 712 2107 996 2173; x_wconf 82' lang='grc' dir='ltr'>πλούσιον,</span> <span class='ocrx_word' id='word_1_238' title='bbox 1034 2114 1125 2164; x_wconf 69' lang='grc' dir='ltr'><strong>και)⁵</strong></span> <span class='ocrx_word' id='word_1_239' title='bbox 1166 2113 1474 2166; x_wconf 82' lang='grc' dir='ltr'>ὑπώπτευεν</span> <span class='ocrx_word' id='word_1_240' title='bbox 1516 2117 1620 2168; x_wconf 83' lang='grc' dir='ltr'><strong>ἀπὸ</strong></span> <span class='ocrx_word' id='word_1_241' title='bbox 1648 2135 1754 2170; x_wconf 80' lang='grc' dir='ltr'>τοι-</span> 
     </span>
    </p>
   </div>
   <div class='ocr_carea' id='block_1_33' title="bbox 163 2195 1750 2271">
    <p class='ocr_par' dir='ltr' id='par_1_33' title="bbox 163 2195 1750 2271">
     <span class='ocr_line' id='line_1_33' title="bbox 163 2195 1750 2271; baseline 0.006 -22"><span class='ocrx_word' id='word_1_242' title='bbox 163 2199 353 2249; x_wconf 79' lang='grc' dir='ltr'>ούτων</span> <span class='ocrx_word' id='word_1_243' title='bbox 383 2195 556 2248; x_wconf 88' lang='grc' dir='ltr'>τινῶν</span> <span class='ocrx_word' id='word_1_244' title='bbox 583 2195 762 2263; x_wconf 88' lang='grc' dir='ltr'>πόρων</span> <span class='ocrx_word' id='word_1_245' title='bbox 785 2197 1022 2249; x_wconf 81' lang='grc' dir='ltr'>πλουτεῖν</span> <span class='ocrx_word' id='word_1_246' title='bbox 1049 2201 1205 2252; x_wconf 82' lang='grc' dir='ltr'>αὐτόν</span> <span class='ocrx_word' id='word_1_247' title='bbox 1225 2218 1238 2230; x_wconf 75' lang='grc' dir='ltr'><strong><em>ο</em></strong></span> <span class='ocrx_word' id='word_1_248' title='bbox 1271 2202 1348 2254; x_wconf 87' lang='grc' dir='ltr'><strong>διό</strong></span> <span class='ocrx_word' id='word_1_249' title='bbox 1372 2219 1531 2271; x_wconf 79' lang='grc' dir='ltr'>φησιν</span> <span class='ocrx_word' id='word_1_250' title='bbox 1549 2208 1750 2259; x_wconf 77' lang='grc' dir='ltr'>ἰἪνε-</span> 
     </span>
    </p>
   </div>
   <div class='ocr_carea' id='block_1_34' title="bbox 164 2281 1753 2362">
    <p class='ocr_par' dir='ltr' id='par_1_34' title="bbox 164 2281 1753 2362">
     <span class='ocr_line' id='line_1_34' title="bbox 164 2281 1753 2362; baseline 0.007 -27"><span class='ocrx_word' id='word_1_251' title='bbox 164 2285 428 2354; x_wconf 79' lang='grc' dir='ltr'>χύραζες</span> <span class='ocrx_word' id='word_1_252' title='bbox 545 2281 832 2351; x_wconf 82' lang='grc' dir='ltr'>διακενῆς·</span> <span class='ocrx_word' id='word_1_253' title='bbox 871 2301 889 2334; x_wconf 72' lang='grc' dir='ltr'><strong>ι</strong></span> <span class='ocrx_word' id='word_1_254' title='bbox 931 2287 1172 2338; x_wconf 79' lang='grc' dir='ltr'><strong>τουτέστι</strong></span> <span class='ocrx_word' id='word_1_255' title='bbox 1215 2289 1374 2356; x_wconf 82' lang='grc' dir='ltr'>μηδὲν</span> <span class='ocrx_word' id='word_1_256' title='bbox 1410 2291 1753 2362; x_wconf 83' lang='grc' dir='ltr'>ὲποφειλόμε-</span> 
     </span>
    </p>
   </div>
   <div class='ocr_carea' id='block_1_35' title="bbox 164 2372 1750 2448">
    <p class='ocr_par' dir='ltr' id='par_1_35' title="bbox 164 2372 1750 2448">
     <span class='ocr_line' id='line_1_35' title="bbox 164 2372 1750 2448; baseline 0.006 -24"><span class='ocrx_word' id='word_1_257' title='bbox 164 2391 281 2434; x_wconf 89' lang='grc' dir='ltr'>νος.</span> <span class='ocrx_word' id='word_1_258' title='bbox 319 2372 774 2440; x_wconf 82' lang='grc' dir='ltr'>Προσεπιτείνων</span> <span class='ocrx_word' id='word_1_259' title='bbox 813 2372 868 2425; x_wconf 81' lang='grc' dir='ltr'>δὲ</span> <span class='ocrx_word' id='word_1_260' title='bbox 911 2373 1068 2426; x_wconf 88' lang='grc' dir='ltr'>πάλιν</span> <span class='ocrx_word' id='word_1_261' title='bbox 1101 2375 1264 2446; x_wconf 85' lang='grc' dir='ltr'>ἄλλην</span> <span class='ocrx_word' id='word_1_262' title='bbox 1293 2377 1451 2430; x_wconf 79' lang='grc' dir='ltr'>αὑτοῦ</span> <span class='ocrx_word' id='word_1_263' title='bbox 1482 2380 1750 2448; x_wconf 81' lang='grc' dir='ltr'>ἁμαρτίαν</span> 
     </span>
    </p>
   </div>
   <div class='ocr_carea' id='block_1_36' title="bbox 167 2479 371 2532">
    <p class='ocr_par' dir='ltr' id='par_1_36' title="bbox 167 2479 371 2532">
     <span class='ocr_line' id='line_1_36' title="bbox 167 2479 371 2532; baseline 0 -18"><span class='ocrx_word' id='word_1_264' title='bbox 167 2479 371 2532; x_wconf 79' lang='grc' dir='ltr'>φησιν.</span> 
     </span>
    </p>
   </div>
   <div class='ocr_carea' id='block_1_37' title="bbox 252 2638 1751 2708">
    <p class='ocr_par' dir='ltr' id='par_1_37' title="bbox 252 2638 1751 2708">
     <span class='ocr_line' id='line_1_37' title="bbox 252 2638 1751 2708; baseline 0.003 -16"><span class='ocrx_word' id='word_1_265' title='bbox 252 2639 600 2707; x_wconf 71' lang='grc' dir='ltr'>Ἀμφίασιν</span> <span class='ocrx_word' id='word_1_266' title='bbox 637 2638 706 2690; x_wconf 82' lang='grc' dir='ltr'>δὲ</span> <span class='ocrx_word' id='word_1_267' title='bbox 744 2639 980 2707; x_wconf 78' lang='grc' dir='ltr'>γυμνῶν</span> <span class='ocrx_word' id='word_1_268' title='bbox 1022 2641 1291 2708; x_wconf 66' lang='grc' dir='ltr'>ἀφείλου.</span> <span class='ocrx_word' id='word_1_269' title='bbox 1329 2641 1480 2694; x_wconf 86' lang='grc' dir='ltr'>Ἔστι</span> <span class='ocrx_word' id='word_1_270' title='bbox 1509 2643 1634 2695; x_wconf 86' lang='grc' dir='ltr'>ποτὲ</span> <span class='ocrx_word' id='word_1_271' title='bbox 1659 2643 1751 2698; x_wconf 88' lang='grc' dir='ltr'>λα-</span> 
     </span>
    </p>
   </div>
   <div class='ocr_carea' id='block_1_38' title="bbox 166 2725 1750 2800">
    <p class='ocr_par' dir='ltr' id='par_1_38' title="bbox 166 2725 1750 2800">
     <span class='ocr_line' id='line_1_38' title="bbox 166 2725 1750 2800; baseline 0.002 -21"><span class='ocrx_word' id='word_1_272' title='bbox 166 2727 289 2781; x_wconf 71' lang='grc' dir='ltr'>ϐεῖν</span> <span class='ocrx_word' id='word_1_273' title='bbox 323 2725 729 2797; x_wconf 74' lang='grc' dir='ltr'>ἀμφιάσματα,</span> <span class='ocrx_word' id='word_1_274' title='bbox 759 2728 820 2778; x_wconf 86' lang='grc' dir='ltr'>οὑ</span> <span class='ocrx_word' id='word_1_275' title='bbox 848 2728 1070 2796; x_wconf 88' lang='grc' dir='ltr'>γυμνοῦ,</span> <span class='ocrx_word' id='word_1_276' title='bbox 1092 2726 1223 2782; x_wconf 79' lang='grc' dir='ltr'>ἀλλὰ</span> <span class='ocrx_word' id='word_1_277' title='bbox 1253 2729 1518 2793; x_wconf 83' lang='grc' dir='ltr'>πλουσίου,</span> <span class='ocrx_word' id='word_1_278' title='bbox 1542 2731 1750 2800; x_wconf 76' lang='grc' dir='ltr'>ἔχοντος</span> 
     </span>
    </p>
   </div>
   <div class='ocr_carea' id='block_1_39' title="bbox 165 2817 1750 2890">
    <p class='ocr_par' dir='ltr' id='par_1_39' title="bbox 165 2817 1750 2890">
     <span class='ocr_line' id='line_1_39' title="bbox 165 2817 1750 2890; baseline 0.002 -19"><span class='ocrx_word' id='word_1_279' title='bbox 165 2819 532 2887; x_wconf 79' lang='grc' dir='ltr'>ἀποκείμενα</span> <span class='ocrx_word' id='word_1_280' title='bbox 566 2817 836 2887; x_wconf 79' lang='grc' dir='ltr'>ἐνδύματα</span> <span class='ocrx_word' id='word_1_281' title='bbox 872 2818 1056 2872; x_wconf 90' lang='grc' dir='ltr'>πολλά.</span> <span class='ocrx_word' id='word_1_282' title='bbox 1101 2820 1224 2871; x_wconf 82' lang='grc' dir='ltr'>Ἐὰν</span> <span class='ocrx_word' id='word_1_283' title='bbox 1275 2820 1514 2888; x_wconf 82' lang='grc' dir='ltr'>μέντοιγε</span> <span class='ocrx_word' id='word_1_284' title='bbox 1554 2821 1750 2890; x_wconf 87' lang='grc' dir='ltr'>χιτῶνα</span> 
     </span>
    </p>
   </div>
   <div class='ocr_carea' id='block_1_40' title="bbox 164 2901 1748 2979">
    <p class='ocr_par' dir='ltr' id='par_1_40' title="bbox 164 2901 1748 2979">
     <span class='ocr_line' id='line_1_40' title="bbox 164 2901 1748 2979; baseline 0.002 -20"><span class='ocrx_word' id='word_1_285' title='bbox 164 2907 268 2978; x_wconf 72' lang='grc' dir='ltr'><strong>ἔχῃ</strong></span> <span class='ocrx_word' id='word_1_286' title='bbox 308 2901 403 2970; x_wconf 79' lang='grc' dir='ltr'><strong>τις</strong></span> <span class='ocrx_word' id='word_1_287' title='bbox 446 2908 577 2968; x_wconf 73' lang='grc' dir='ltr'>ἕνα,</span> <span class='ocrx_word' id='word_1_288' title='bbox 622 2907 716 2958; x_wconf 73' lang='grc' dir='ltr'>καὶ</span> <span class='ocrx_word' id='word_1_289' title='bbox 756 2905 942 2959; x_wconf 87' lang='grc' dir='ltr'>τοῦτον</span> <span class='ocrx_word' id='word_1_290' title='bbox 986 2906 1076 2960; x_wconf 84' lang='grc' dir='ltr'>τὸν</span> <span class='ocrx_word' id='word_1_291' title='bbox 1118 2907 1313 2976; x_wconf 91' lang='grc' dir='ltr'>χιτῶνα</span> <span class='ocrx_word' id='word_1_292' title='bbox 1358 2909 1619 2979; x_wconf 86' lang='grc' dir='ltr'>προφάσει</span> <span class='ocrx_word' id='word_1_293' title='bbox 1655 2908 1748 2963; x_wconf 86' lang='grc' dir='ltr'><strong>τοῦ</strong></span> 
     </span>
    </p>
   </div>
   <div class='ocr_carea' id='block_1_41' title="bbox 164 2996 1744 3066">
    <p class='ocr_par' dir='ltr' id='par_1_41' title="bbox 164 2996 1744 3066">
     <span class='ocr_line' id='line_1_41' title="bbox 164 2996 1744 3066; baseline 0 -15"><span class='ocrx_word' id='word_1_294' title='bbox 164 3001 440 3052; x_wconf 81' lang='grc' dir='ltr'>ἀπαιτεῖν</span> <span class='ocrx_word' id='word_1_295' title='bbox 473 2997 537 3048; x_wconf 82' lang='grc' dir='ltr'>τὸ</span> <span class='ocrx_word' id='word_1_296' title='bbox 568 2996 701 3066; x_wconf 80' lang='grc' dir='ltr'>ἐμὸν</span> <span class='ocrx_word' id='word_1_297' title='bbox 743 2997 950 3049; x_wconf 83' lang='grc' dir='ltr'>ὲκδύσω</span> <span class='ocrx_word' id='word_1_298' title='bbox 975 3037 988 3059; x_wconf 94' lang='grc'><strong>,</strong></span> <span class='ocrx_word' id='word_1_299' title='bbox 1029 2998 1100 3065; x_wconf 86' lang='grc' dir='ltr'>μὴ</span> <span class='ocrx_word' id='word_1_300' title='bbox 1137 2997 1359 3065; x_wconf 79' lang='grc' dir='ltr'>ἐλεήσας</span> <span class='ocrx_word' id='word_1_301' title='bbox 1401 2999 1596 3050; x_wconf 78' lang='grc' dir='ltr'>ἐκεῖνον</span> <span class='ocrx_word' id='word_1_302' title='bbox 1655 2999 1744 3052; x_wconf 85' lang='grc' dir='ltr'>τὸν</span> 
     </span>
    </p>
   </div>
   <div class='ocr_carea' id='block_1_42' title="bbox 166 3084 1742 3157">
    <p class='ocr_par' dir='ltr' id='par_1_42' title="bbox 166 3084 1742 3157">
     <span class='ocr_line' id='line_1_42' title="bbox 166 3084 1742 3157; baseline -0.001 -17"><span class='ocrx_word' id='word_1_303' title='bbox 166 3089 388 3157; x_wconf 75' lang='grc' dir='ltr'>γυμνὸν</span> <span class='ocrx_word' id='word_1_304' title='bbox 407 3125 426 3150; x_wconf 88' lang='grc'><strong>,</strong></span> <span class='ocrx_word' id='word_1_305' title='bbox 469 3087 741 3156; x_wconf 82' lang='grc' dir='ltr'>ἀμφίασιν</span> <span class='ocrx_word' id='word_1_306' title='bbox 777 3084 870 3137; x_wconf 90' lang='grc' dir='ltr'><strong>τοῦ</strong></span> <span class='ocrx_word' id='word_1_307' title='bbox 901 3085 1103 3154; x_wconf 83' lang='grc' dir='ltr'>γυμνοῦ</span> <span class='ocrx_word' id='word_1_308' title='bbox 1133 3084 1442 3154; x_wconf 81' lang='grc' dir='ltr'>ἀφειλόμην.</span> <span class='ocrx_word' id='word_1_309' title='bbox 1485 3086 1656 3138; x_wconf 82' lang='grc' dir='ltr'>Πολλὰ</span> <span class='ocrx_word' id='word_1_310' title='bbox 1687 3087 1742 3139; x_wconf 87' lang='grc' dir='ltr'>δὲ</span> 
     </span>
    </p>
   </div>
   <div class='ocr_carea' id='block_1_43' title="bbox 163 3173 1743 3244">
    <p class='ocr_par' dir='ltr' id='par_1_43' title="bbox 163 3173 1743 3244">
     <span class='ocr_line' id='line_1_43' title="bbox 163 3173 1743 3244; baseline 0 -18"><span class='ocrx_word' id='word_1_311' title='bbox 163 3175 408 3228; x_wconf 84' lang='grc' dir='ltr'>τοιαῦτα</span> <span class='ocrx_word' id='word_1_312' title='bbox 431 3176 490 3227; x_wconf 81' lang='grc' dir='ltr'>ὲν</span> <span class='ocrx_word' id='word_1_313' title='bbox 519 3175 652 3242; x_wconf 83' lang='grc' dir='ltr'>ἡμῖν</span> <span class='ocrx_word' id='word_1_314' title='bbox 685 3174 911 3240; x_wconf 88' lang='grc' dir='ltr'>γίνεται,</span> <span class='ocrx_word' id='word_1_315' title='bbox 929 3175 1053 3226; x_wconf 81' lang='grc' dir='ltr'>ὅταν</span> <span class='ocrx_word' id='word_1_316' title='bbox 1073 3173 1414 3242; x_wconf 79' lang='grc' dir='ltr'>δανείζωμεν,</span> <span class='ocrx_word' id='word_1_317' title='bbox 1436 3174 1559 3225; x_wconf 83' lang='grc' dir='ltr'>ὅταν</span> <span class='ocrx_word' id='word_1_318' title='bbox 1579 3191 1743 3244; x_wconf 86' lang='grc' dir='ltr'>προσ-</span> 
     </span>
    </p>
   </div>
   <div class='ocr_carea' id='block_1_44' title="bbox 1854 1667 3378 1738">
    <p class='ocr_par' dir='ltr' id='par_1_44' title="bbox 1854 1667 3378 1738">
     <span class='ocr_line' id='line_1_44' title="bbox 1854 1667 3378 1738; baseline 0.003 -19"><span class='ocrx_word' id='word_1_319' title='bbox 1854 1669 1902 1720; x_wconf 92' lang='lat' dir='ltr'><strong>ei</strong></span> <span class='ocrx_word' id='word_1_320' title='bbox 1931 1667 2142 1730; x_wconf 82' lang='lat' dir='ltr'><strong>inferat,</strong></span> <span class='ocrx_word' id='word_1_321' title='bbox 2188 1669 2280 1722; x_wconf 86' lang='lat' dir='ltr'><strong>sed</strong></span> <span class='ocrx_word' id='word_1_322' title='bbox 2326 1669 2448 1736; x_wconf 89' lang='lat' dir='ltr'><strong>quia</strong></span> <span class='ocrx_word' id='word_1_323' title='bbox 2495 1684 2654 1736; x_wconf 92' lang='lat' dir='ltr'><strong>quem</strong></span> <span class='ocrx_word' id='word_1_324' title='bbox 2690 1671 3024 1737; x_wconf 83' lang='lat' dir='ltr'><strong>providentia</strong></span> <span class='ocrx_word' id='word_1_325' title='bbox 3055 1685 3148 1725; x_wconf 89' lang='lat' dir='ltr'><strong>sua</strong></span> <span class='ocrx_word' id='word_1_326' title='bbox 3191 1672 3378 1738; x_wconf 80' lang='lat' dir='ltr'><strong>digna-</strong></span> 
     </span>
    </p>
   </div>
   <div class='ocr_carea' id='block_1_45' title="bbox 1784 1748 3376 1827">
    <p class='ocr_par' dir='ltr' id='par_1_45' title="bbox 1784 1748 3376 1827">
     <span class='ocr_line' id='line_1_45' title="bbox 1784 1748 3376 1827; baseline 0.004 -20"><span class='ocrx_word' id='word_1_327' title='bbox 1784 1748 1825 1800; x_wconf 82' lang='lat' dir='ltr'><strong>B</strong></span> <span class='ocrx_word' id='word_1_328' title='bbox 1855 1764 1960 1820; x_wconf 91' lang='lat' dir='ltr'><strong>tur,</strong></span> <span class='ocrx_word' id='word_1_329' title='bbox 2004 1771 2187 1810; x_wconf 90' lang='lat' dir='ltr'><strong>curam</strong></span> <span class='ocrx_word' id='word_1_330' title='bbox 2236 1757 2348 1823; x_wconf 87' lang='lat' dir='ltr'><strong>ejus</strong></span> <span class='ocrx_word' id='word_1_331' title='bbox 2399 1768 2570 1827; x_wconf 75' lang='lat' dir='ltr'><strong>gerat,</strong></span> <span class='ocrx_word' id='word_1_332' title='bbox 2608 1766 2661 1810; x_wconf 86' lang='lat' dir='ltr'><strong>et</strong></span> <span class='ocrx_word' id='word_1_333' title='bbox 2694 1759 3039 1814; x_wconf 80' lang='lat' dir='ltr'><strong>beneﬁcentia</strong></span> <span class='ocrx_word' id='word_1_334' title='bbox 3087 1773 3184 1814; x_wconf 87' lang='lat' dir='ltr'><strong>sua</strong></span> <span class='ocrx_word' id='word_1_335' title='bbox 3229 1774 3376 1813; x_wconf 90' lang='lat' dir='ltr'><strong>com-</strong></span> 
     </span>
    </p>
   </div>
   <div class='ocr_carea' id='block_1_46' title="bbox 1851 1843 2132 1910">
    <p class='ocr_par' dir='ltr' id='par_1_46' title="bbox 1851 1843 2132 1910">
     <span class='ocr_line' id='line_1_46' title="bbox 1851 1843 2132 1910; baseline 0.007 -16"><span class='ocrx_word' id='word_1_336' title='bbox 1851 1843 2132 1910; x_wconf 88' lang='lat' dir='ltr'><strong>plectatur.</strong></span> 
     </span>
    </p>
   </div>
   <div class='ocr_carea' id='block_1_47' title="bbox 1925 1930 3374 2002">
    <p class='ocr_par' dir='ltr' id='par_1_47' title="bbox 1925 1930 3374 2002">
     <span class='ocr_line' id='line_1_47' title="bbox 1925 1930 3374 2002; baseline 0.001 -18"><span class='ocrx_word' id='word_1_337' title='bbox 1925 1930 2082 1985; x_wconf 73' lang='lat' dir='ltr'><strong>Vsss.</strong></span> <span class='ocrx_word' id='word_1_338' title='bbox 2117 1932 2169 1985; x_wconf 87' lang='lat'><strong>6.</strong></span> <span class='ocrx_word' id='word_1_339' title='bbox 2211 1931 2274 1984; x_wconf 84' lang='lat' dir='ltr'><strong>In</strong></span> <span class='ocrx_word' id='word_1_340' title='bbox 2294 1933 2476 2001; x_wconf 79' lang='lat' dir='ltr'><strong>pignus</strong></span> <span class='ocrx_word' id='word_1_341' title='bbox 2500 1943 2669 1985; x_wconf 77' lang='lat' dir='ltr'><strong>autem</strong></span> <span class='ocrx_word' id='word_1_342' title='bbox 2696 1935 2937 2002; x_wconf 79' lang='lat' dir='ltr'><strong>accepisti</strong></span> <span class='ocrx_word' id='word_1_343' title='bbox 2960 1935 3149 2001; x_wconf 78' lang='lat' dir='ltr'><strong>fratres</strong></span> <span class='ocrx_word' id='word_1_344' title='bbox 3178 1944 3292 1989; x_wconf 73' lang='lat' dir='ltr'><strong>tuos</strong></span> <span class='ocrx_word' id='word_1_345' title='bbox 3317 1935 3374 1986; x_wconf 75' lang='lat' dir='ltr'><strong>in</strong></span> 
     </span>
    </p>
   </div>
   <div class='ocr_carea' id='block_1_48' title="bbox 1852 2019 3372 2090">
    <p class='ocr_par' dir='ltr' id='par_1_48' title="bbox 1852 2019 3372 2090">
     <span class='ocr_line' id='line_1_48' title="bbox 1852 2019 3372 2090; baseline 0.003 -20"><span class='ocrx_word' id='word_1_346' title='bbox 1852 2035 2058 2072; x_wconf 86' lang='lat' dir='ltr'><strong>ranum.</strong></span> <span class='ocrx_word' id='word_1_347' title='bbox 2095 2020 2202 2075; x_wconf 82' lang='lat' dir='ltr'><strong>Hoc</strong></span> <span class='ocrx_word' id='word_1_348' title='bbox 2231 2031 2407 2073; x_wconf 90' lang='lat' dir='ltr'><strong>autem</strong></span> <span class='ocrx_word' id='word_1_349' title='bbox 2442 2021 2507 2076; x_wconf 76' lang='lat' dir='ltr'><strong>tle</strong></span> <span class='ocrx_word' id='word_1_350' title='bbox 2533 2019 2666 2075; x_wconf 75' lang='lat' dir='ltr'><strong>Jobo</strong></span> <span class='ocrx_word' id='word_1_351' title='bbox 2699 2035 2760 2074; x_wconf 79' lang='lat' dir='ltr'><strong>ex</strong></span> <span class='ocrx_word' id='word_1_352' title='bbox 2793 2037 2856 2076; x_wconf 91' lang='lat' dir='ltr'><strong>eo</strong></span> <span class='ocrx_word' id='word_1_353' title='bbox 2890 2025 3216 2090; x_wconf 88' lang='lat' dir='ltr'><strong>suspicatur,</strong></span> <span class='ocrx_word' id='word_1_354' title='bbox 3251 2024 3372 2090; x_wconf 82' lang='lat' dir='ltr'><strong>quia</strong></span> 
     </span>
    </p>
   </div>
   <div class='ocr_carea' id='block_1_49' title="bbox 1851 2106 3372 2176">
    <p class='ocr_par' dir='ltr' id='par_1_49' title="bbox 1851 2106 3372 2176">
     <span class='ocr_line' id='line_1_49' title="bbox 1851 2106 3372 2176; baseline 0.003 -18"><span class='ocrx_word' id='word_1_355' title='bbox 1851 2107 2066 2159; x_wconf 82' lang='lat' dir='ltr'><strong>divitem</strong></span> <span class='ocrx_word' id='word_1_356' title='bbox 2089 2121 2207 2160; x_wconf 91' lang='lat' dir='ltr'><strong>eum</strong></span> <span class='ocrx_word' id='word_1_357' title='bbox 2238 2106 2402 2160; x_wconf 88' lang='lat' dir='ltr'><strong>fuisse</strong></span> <span class='ocrx_word' id='word_1_358' title='bbox 2429 2119 2764 2175; x_wconf 79' lang='lat' dir='ltr'><strong>cognoverat,</strong></span> <span class='ocrx_word' id='word_1_359' title='bbox 2794 2117 2846 2160; x_wconf 85' lang='lat' dir='ltr'><strong>et</strong></span> <span class='ocrx_word' id='word_1_360' title='bbox 2877 2109 3135 2174; x_wconf 89' lang='lat' dir='ltr'><strong>ejusmodi</strong></span> <span class='ocrx_word' id='word_1_361' title='bbox 3181 2110 3372 2176; x_wconf 85' lang='lat' dir='ltr'><strong>aliqui-</strong></span> 
     </span>
    </p>
   </div>
   <div class='ocr_carea' id='block_1_50' title="bbox 1850 2193 3369 2263">
    <p class='ocr_par' dir='ltr' id='par_1_50' title="bbox 1850 2193 3369 2263">
     <span class='ocr_line' id='line_1_50' title="bbox 1850 2193 3369 2263; baseline 0.003 -17"><span class='ocrx_word' id='word_1_362' title='bbox 1850 2193 1950 2247; x_wconf 87' lang='lat' dir='ltr'><strong>bus</strong></span> <span class='ocrx_word' id='word_1_363' title='bbox 1983 2193 2276 2246; x_wconf 84' lang='lat' dir='ltr'><strong>rationibus</strong></span> <span class='ocrx_word' id='word_1_364' title='bbox 2315 2195 2631 2261; x_wconf 87' lang='lat' dir='ltr'><strong>locupletem</strong></span> <span class='ocrx_word' id='word_1_365' title='bbox 2681 2196 2915 2249; x_wconf 82' lang='lat' dir='ltr'><strong>evasisse</strong></span> <span class='ocrx_word' id='word_1_366' title='bbox 2959 2197 3369 2263; x_wconf 85' lang='lat' dir='ltr'><strong>suspicabatur:</strong></span> 
     </span>
    </p>
   </div>
   <div class='ocr_carea' id='block_1_51' title="bbox 1851 2285 3372 2356">
    <p class='ocr_par' dir='ltr' id='par_1_51' title="bbox 1851 2285 3372 2356">
     <span class='ocr_line' id='line_1_51' title="bbox 1851 2285 3372 2356; baseline 0.006 -20"><span class='ocrx_word' id='word_1_367' title='bbox 1851 2285 2068 2347; x_wconf 86' lang='lat' dir='ltr'><strong>idcirco,</strong></span> <span class='ocrx_word' id='word_1_368' title='bbox 2103 2302 2122 2335; x_wconf 77' lang='grc' dir='ltr'><strong>ι</strong></span> <span class='ocrx_word' id='word_1_369' title='bbox 2152 2287 2370 2354; x_wconf 75' lang='lat' dir='ltr'><strong>Pignus,</strong></span> <span class='ocrx_word' id='word_1_370' title='bbox 2403 2286 2589 2352; x_wconf 90' lang='lat' dir='ltr'><strong>inquit,</strong></span> <span class='ocrx_word' id='word_1_371' title='bbox 2633 2286 2688 2339; x_wconf 93' lang='lat' dir='ltr'><strong>in</strong></span> <span class='ocrx_word' id='word_1_372' title='bbox 2729 2301 2923 2340; x_wconf 91' lang='lat' dir='ltr'><strong>vanum</strong></span> <span class='ocrx_word' id='word_1_373' title='bbox 2957 2289 3230 2356; x_wconf 88' lang='lat' dir='ltr'><strong>accepisti,</strong></span> <span class='ocrx_word' id='word_1_374' title='bbox 3268 2308 3288 2340; x_wconf 77' lang='grc' dir='ltr'><strong>ι</strong></span> <span class='ocrx_word' id='word_1_375' title='bbox 3319 2290 3372 2345; x_wconf 90' lang='lat' dir='ltr'><strong>ld</strong></span> 
     </span>
    </p>
   </div>
   <div class='ocr_carea' id='block_1_52' title="bbox 1847 2373 3370 2446">
    <p class='ocr_par' dir='ltr' id='par_1_52' title="bbox 1847 2373 3370 2446">
     <span class='ocr_line' id='line_1_52' title="bbox 1847 2373 3370 2446; baseline 0.005 -21"><span class='ocrx_word' id='word_1_376' title='bbox 1847 2382 1930 2427; x_wconf 89' lang='lat' dir='ltr'><strong>est</strong></span> <span class='ocrx_word' id='word_1_377' title='bbox 1978 2373 2203 2428; x_wconf 89' lang='lat' dir='ltr'><strong>fructum</strong></span> <span class='ocrx_word' id='word_1_378' title='bbox 2243 2374 2442 2427; x_wconf 90' lang='lat' dir='ltr'><strong>nullum</strong></span> <span class='ocrx_word' id='word_1_379' title='bbox 2476 2374 2600 2426; x_wconf 89' lang='lat' dir='ltr'><strong>inde</strong></span> <span class='ocrx_word' id='word_1_380' title='bbox 2623 2376 2941 2444; x_wconf 87' lang='lat' dir='ltr'><strong>percipiens.</strong></span> <span class='ocrx_word' id='word_1_381' title='bbox 2979 2377 3370 2446; x_wconf 88' lang='lat' dir='ltr'><strong>lmprobitatem</strong></span> 
     </span>
    </p>
   </div>
   <div class='ocr_carea' id='block_1_53' title="bbox 1849 2462 3366 2535">
    <p class='ocr_par' dir='ltr' id='par_1_53' title="bbox 1849 2462 3366 2535">
     <span class='ocr_line' id='line_1_53' title="bbox 1849 2462 3366 2535; baseline 0.004 -21"><span class='ocrx_word' id='word_1_382' title='bbox 1849 2470 2026 2515; x_wconf 87' lang='lat' dir='ltr'><strong>autem</strong></span> <span class='ocrx_word' id='word_1_383' title='bbox 2065 2462 2182 2530; x_wconf 75' lang='lat' dir='ltr'><strong>eius</strong></span> <span class='ocrx_word' id='word_1_384' title='bbox 2222 2476 2570 2532; x_wconf 77' lang='lat' dir='ltr'><strong>exaggerans,</strong></span> <span class='ocrx_word' id='word_1_385' title='bbox 2619 2464 2760 2517; x_wconf 86' lang='lat' dir='ltr'><strong>aliud</strong></span> <span class='ocrx_word' id='word_1_386' title='bbox 2799 2472 3055 2533; x_wconf 69' lang='lat' dir='ltr'><strong>praeterea</strong></span> <span class='ocrx_word' id='word_1_387' title='bbox 3089 2475 3366 2535; x_wconf 75' lang='lat' dir='ltr'><strong>peccatum</strong></span> 
     </span>
    </p>
   </div>
   <div class='ocr_carea' id='block_1_54' title="bbox 1847 2548 2146 2619">
    <p class='ocr_par' dir='ltr' id='par_1_54' title="bbox 1847 2548 2146 2619">
     <span class='ocr_line' id='line_1_54' title="bbox 1847 2548 2146 2619; baseline 0.007 -17"><span class='ocrx_word' id='word_1_388' title='bbox 1847 2548 1960 2619; x_wconf 88' lang='lat' dir='ltr'><strong>ejus</strong></span> <span class='ocrx_word' id='word_1_389' title='bbox 1986 2549 2146 2604; x_wconf 89' lang='lat' dir='ltr'><strong>addit.</strong></span> 
     </span>
    </p>
   </div>
   <div class='ocr_carea' id='block_1_55' title="bbox 1916 2638 3372 2698">
    <p class='ocr_par' dir='ltr' id='par_1_55' title="bbox 1916 2638 3372 2698">
     <span class='ocr_line' id='line_1_55' title="bbox 1916 2638 3372 2698; baseline 0.005 -8"><span class='ocrx_word' id='word_1_390' title='bbox 1916 2638 1986 2691; x_wconf 83' lang='lat' dir='ltr'><strong>Et</strong></span> <span class='ocrx_word' id='word_1_391' title='bbox 2022 2639 2265 2691; x_wconf 77' lang='lat' dir='ltr'><strong>amictum</strong></span> <span class='ocrx_word' id='word_1_392' title='bbox 2296 2639 2550 2691; x_wconf 84' lang='lat' dir='ltr'><strong>nudorum</strong></span> <span class='ocrx_word' id='word_1_393' title='bbox 2581 2640 2860 2694; x_wconf 70' lang='lat' dir='ltr'><strong>abstulisti.</strong></span> <span class='ocrx_word' id='word_1_394' title='bbox 2889 2640 2972 2696; x_wconf 81' lang='lat' dir='ltr'><strong>Fit</strong></span> <span class='ocrx_word' id='word_1_395' title='bbox 3001 2643 3274 2698; x_wconf 88' lang='lat' dir='ltr'><strong>interdum</strong></span> <span class='ocrx_word' id='word_1_396' title='bbox 3314 2653 3372 2698; x_wconf 94' lang='lat' dir='ltr'><strong>ut</strong></span> 
     </span>
    </p>
   </div>
   <div class='ocr_carea' id='block_1_56' title="bbox 1848 2725 3373 2797">
    <p class='ocr_par' dir='ltr' id='par_1_56' title="bbox 1848 2725 3373 2797">
     <span class='ocr_line' id='line_1_56' title="bbox 1848 2725 3373 2797; baseline 0.007 -19"><span class='ocrx_word' id='word_1_397' title='bbox 1848 2725 2209 2780; x_wconf 86' lang='lat' dir='ltr'><strong>indumentum</strong></span> <span class='ocrx_word' id='word_1_398' title='bbox 2237 2726 2496 2793; x_wconf 88' lang='lat' dir='ltr'><strong>capiatur,</strong></span> <span class='ocrx_word' id='word_1_399' title='bbox 2527 2741 2628 2779; x_wconf 91' lang='lat' dir='ltr'><strong>non</strong></span> <span class='ocrx_word' id='word_1_400' title='bbox 2667 2737 2839 2782; x_wconf 92' lang='lat' dir='ltr'><strong>autem</strong></span> <span class='ocrx_word' id='word_1_401' title='bbox 2873 2730 3025 2796; x_wconf 89' lang='lat' dir='ltr'><strong>nudi,</strong></span> <span class='ocrx_word' id='word_1_402' title='bbox 3055 2733 3146 2786; x_wconf 89' lang='lat' dir='ltr'><strong>sed</strong></span> <span class='ocrx_word' id='word_1_403' title='bbox 3174 2733 3373 2797; x_wconf 77' lang='lat' dir='ltr'><strong>divitis,</strong></span> 
     </span>
    </p>
   </div>
   <div class='ocr_carea' id='block_1_57' title="bbox 1847 2815 3374 2882">
    <p class='ocr_par' dir='ltr' id='par_1_57' title="bbox 1847 2815 3374 2882">
     <span class='ocr_line' id='line_1_57' title="bbox 1847 2815 3374 2882; baseline 0.005 -16"><span class='ocrx_word' id='word_1_404' title='bbox 1847 2815 1938 2882; x_wconf 94' lang='lat' dir='ltr'><strong>qui</strong></span> <span class='ocrx_word' id='word_1_405' title='bbox 1993 2815 2155 2867; x_wconf 89' lang='lat' dir='ltr'><strong>multa</strong></span> <span class='ocrx_word' id='word_1_406' title='bbox 2207 2817 2516 2872; x_wconf 89' lang='lat' dir='ltr'><strong>vestimenta</strong></span> <span class='ocrx_word' id='word_1_407' title='bbox 2576 2818 2850 2872; x_wconf 88' lang='lat' dir='ltr'><strong>recondita</strong></span> <span class='ocrx_word' id='word_1_408' title='bbox 2893 2821 3055 2874; x_wconf 91' lang='lat' dir='ltr'><strong>habet</strong></span> <span class='ocrx_word' id='word_1_409' title='bbox 3096 2838 3110 2874; x_wconf 92' lang='lat'><strong>:</strong></span> <span class='ocrx_word' id='word_1_410' title='bbox 3157 2823 3202 2876; x_wconf 89' lang='lat' dir='ltr'><strong>si</strong></span> <span class='ocrx_word' id='word_1_411' title='bbox 3247 2836 3374 2875; x_wconf 83' lang='lat' dir='ltr'><strong>vero</strong></span> 
     </span>
    </p>
   </div>
   <div class='ocr_carea' id='block_1_58' title="bbox 1849 2903 3373 2972">
    <p class='ocr_par' dir='ltr' id='par_1_58' title="bbox 1849 2903 3373 2972">
     <span class='ocr_line' id='line_1_58' title="bbox 1849 2903 3373 2972; baseline 0.007 -17"><span class='ocrx_word' id='word_1_412' title='bbox 1849 2903 1968 2969; x_wconf 92' lang='lat' dir='ltr'><strong>quis</strong></span> <span class='ocrx_word' id='word_1_413' title='bbox 1992 2905 2221 2958; x_wconf 91' lang='lat' dir='ltr'><strong>tunicam</strong></span> <span class='ocrx_word' id='word_1_414' title='bbox 2268 2907 2475 2958; x_wconf 87' lang='lat' dir='ltr'><strong>unicam</strong></span> <span class='ocrx_word' id='word_1_415' title='bbox 2520 2915 2723 2959; x_wconf 90' lang='lat' dir='ltr'><strong>tantum</strong></span> <span class='ocrx_word' id='word_1_416' title='bbox 2773 2909 2988 2972; x_wconf 88' lang='lat' dir='ltr'><strong>habeat,</strong></span> <span class='ocrx_word' id='word_1_417' title='bbox 3023 2917 3078 2962; x_wconf 92' lang='lat' dir='ltr'><strong>et</strong></span> <span class='ocrx_word' id='word_1_418' title='bbox 3105 2909 3244 2964; x_wconf 86' lang='lat' dir='ltr'><strong>hanc</strong></span> <span class='ocrx_word' id='word_1_419' title='bbox 3274 2913 3373 2965; x_wconf 91' lang='lat' dir='ltr'><strong>sub</strong></span> 
     </span>
    </p>
   </div>
   <div class='ocr_carea' id='block_1_59' title="bbox 1855 2997 3365 3064">
    <p class='ocr_par' dir='ltr' id='par_1_59' title="bbox 1855 2997 3365 3064">
     <span class='ocr_line' id='line_1_59' title="bbox 1855 2997 3365 3064; baseline 0.005 -20"><span class='ocrx_word' id='word_1_420' title='bbox 1855 3001 2112 3060; x_wconf 65' lang='lat' dir='ltr'><strong>praetextu</strong></span> <span class='ocrx_word' id='word_1_421' title='bbox 2161 2997 2428 3062; x_wconf 86' lang='lat' dir='ltr'><strong>repetendi</strong></span> <span class='ocrx_word' id='word_1_422' title='bbox 2473 2998 2613 3064; x_wconf 91' lang='lat' dir='ltr'><strong>quod</strong></span> <span class='ocrx_word' id='word_1_423' title='bbox 2667 3011 2839 3050; x_wconf 90' lang='lat' dir='ltr'><strong>meum</strong></span> <span class='ocrx_word' id='word_1_424' title='bbox 2890 3005 2990 3064; x_wconf 88' lang='lat' dir='ltr'><strong>est,</strong></span> <span class='ocrx_word' id='word_1_425' title='bbox 3040 2998 3183 3052; x_wconf 88' lang='lat' dir='ltr'><strong>nulla</strong></span> <span class='ocrx_word' id='word_1_426' title='bbox 3241 3003 3365 3056; x_wconf 91' lang='lat' dir='ltr'><strong>nudi</strong></span> 
     </span>
    </p>
   </div>
   <div class='ocr_carea' id='block_1_60' title="bbox 1846 3080 3362 3152">
    <p class='ocr_par' dir='ltr' id='par_1_60' title="bbox 1846 3080 3362 3152">
     <span class='ocr_line' id='line_1_60' title="bbox 1846 3080 3362 3152; baseline 0.006 -19"><span class='ocrx_word' id='word_1_427' title='bbox 1846 3080 1985 3134; x_wconf 88' lang='lat' dir='ltr'><strong>illius</strong></span> <span class='ocrx_word' id='word_1_428' title='bbox 2032 3083 2373 3136; x_wconf 86' lang='lat' dir='ltr'><strong>miseratione</strong></span> <span class='ocrx_word' id='word_1_429' title='bbox 2413 3095 2602 3150; x_wconf 78' lang='lat' dir='ltr'><strong>tactus,</strong></span> <span class='ocrx_word' id='word_1_430' title='bbox 2649 3087 2965 3152; x_wconf 79' lang='lat' dir='ltr'><strong>detraxero,</strong></span> <span class='ocrx_word' id='word_1_431' title='bbox 3021 3089 3146 3142; x_wconf 88' lang='lat' dir='ltr'><strong>nudi</strong></span> <span class='ocrx_word' id='word_1_432' title='bbox 3207 3090 3362 3142; x_wconf 84' lang='lat' dir='ltr'><strong>indu-</strong></span> 
     </span>
    </p>
   </div>
   <div class='ocr_carea' id='block_1_61' title="bbox 1851 3169 3362 3230">
    <p class='ocr_par' dir='ltr' id='par_1_61' title="bbox 1851 3169 3362 3230">
     <span class='ocr_line' id='line_1_61' title="bbox 1851 3169 3362 3230; baseline 0.007 -11"><span class='ocrx_word' id='word_1_433' title='bbox 1851 3175 2084 3220; x_wconf 89' lang='lat' dir='ltr'><strong>mentum</strong></span> <span class='ocrx_word' id='word_1_434' title='bbox 2116 3169 2328 3223; x_wconf 90' lang='lat' dir='ltr'><strong>abstuli.</strong></span> <span class='ocrx_word' id='word_1_435' title='bbox 2361 3171 2507 3224; x_wconf 87' lang='lat' dir='ltr'><strong>Talia</strong></span> <span class='ocrx_word' id='word_1_436' title='bbox 2537 3179 2713 3224; x_wconf 90' lang='lat' dir='ltr'><strong>autem</strong></span> <span class='ocrx_word' id='word_1_437' title='bbox 2745 3173 2909 3226; x_wconf 89' lang='lat' dir='ltr'><strong>multa</strong></span> <span class='ocrx_word' id='word_1_438' title='bbox 2939 3173 3082 3228; x_wconf 90' lang='lat' dir='ltr'><strong>inter</strong></span> <span class='ocrx_word' id='word_1_439' title='bbox 3115 3189 3212 3229; x_wconf 91' lang='lat' dir='ltr'><strong>nos</strong></span> <span class='ocrx_word' id='word_1_440' title='bbox 3243 3189 3362 3230; x_wconf 86' lang='lat' dir='ltr'><strong>eve-</strong></span> 
     </span>
    </p>
   </div>
   <div class='ocr_carea' id='block_1_62' title="bbox 163 3258 1736 3332">
    <p class='ocr_par' dir='ltr' id='par_1_62' title="bbox 163 3262 1736 3332">
     <span class='ocr_line' id='line_1_62' title="bbox 163 3262 1736 3332; baseline -0.001 -16"><span class='ocrx_word' id='word_1_441' title='bbox 163 3266 464 3332; x_wconf 77' lang='grc' dir='ltr'>οφειλέτας</span> <span class='ocrx_word' id='word_1_442' title='bbox 515 3263 750 3332; x_wconf 74' lang='grc' dir='ltr'>ἔχωμεν.</span> <span class='ocrx_word' id='word_1_443' title='bbox 804 3263 1065 3323; x_wconf 88' lang='grc' dir='ltr'>Πολλάκις</span> <span class='ocrx_word' id='word_1_444' title='bbox 1097 3266 1125 3315; x_wconf 84' lang='grc' dir='ltr'>ὁ</span> <span class='ocrx_word' id='word_1_445' title='bbox 1159 3262 1434 3331; x_wconf 75' lang='grc' dir='ltr'>ὀφειλέτης</span> <span class='ocrx_word' id='word_1_446' title='bbox 1471 3263 1624 3332; x_wconf 81' lang='grc' dir='ltr'>ἡμῶν</span> <span class='ocrx_word' id='word_1_447' title='bbox 1663 3265 1736 3326; x_wconf 81' lang='grc' dir='ltr'>εἰς</span> 
     </span>
    </p>
   </div>
   <div class='ocr_carea' id='block_1_63' title="bbox 1853 3258 3368 3332">
    <p class='ocr_par' dir='ltr' id='par_1_63' title="bbox 1853 3258 3368 3330">
     <span class='ocr_line' id='line_1_63' title="bbox 1853 3258 3368 3330; baseline 0.007 -21"><span class='ocrx_word' id='word_1_448' title='bbox 1853 3258 2019 3321; x_wconf 90' lang='lat' dir='ltr'><strong>niunt,</strong></span> <span class='ocrx_word' id='word_1_449' title='bbox 2048 3273 2165 3312; x_wconf 92' lang='lat' dir='ltr'><strong>cum</strong></span> <span class='ocrx_word' id='word_1_450' title='bbox 2208 3259 2371 3314; x_wconf 90' lang='lat' dir='ltr'><strong>fenorl</strong></span> <span class='ocrx_word' id='word_1_451' title='bbox 2403 3260 2650 3328; x_wconf 90' lang='lat' dir='ltr'><strong>pecunias</strong></span> <span class='ocrx_word' id='word_1_452' title='bbox 2693 3264 3026 3330; x_wconf 78' lang='lat' dir='ltr'><strong>exponimus,</strong></span> <span class='ocrx_word' id='word_1_453' title='bbox 3049 3275 3101 3319; x_wconf 90' lang='lat' dir='ltr'><strong>et</strong></span> <span class='ocrx_word' id='word_1_454' title='bbox 3129 3281 3247 3319; x_wconf 92' lang='lat' dir='ltr'><strong>cum</strong></span> <span class='ocrx_word' id='word_1_455' title='bbox 3274 3267 3368 3320; x_wconf 80' lang='lat' dir='ltr'><strong>de-</strong></span> 
     </span>
    </p>
   </div>
   <div class='ocr_carea' id='block_1_64' title="bbox 166 3343 1736 3427">
    <p class='ocr_par' dir='ltr' id='par_1_64' title="bbox 166 3351 1736 3423">
     <span class='ocr_line' id='line_1_64' title="bbox 166 3351 1736 3423; baseline -0.001 -17"><span class='ocrx_word' id='word_1_456' title='bbox 166 3352 489 3423; x_wconf 75' lang='grc' dir='ltr'>ὑπερϐολὴν</span> <span class='ocrx_word' id='word_1_457' title='bbox 540 3351 795 3414; x_wconf 85' lang='grc' dir='ltr'>πένεται,</span> <span class='ocrx_word' id='word_1_458' title='bbox 844 3352 917 3420; x_wconf 82' lang='grc' dir='ltr'>μὴ</span> <span class='ocrx_word' id='word_1_459' title='bbox 958 3351 1242 3421; x_wconf 87' lang='grc' dir='ltr'>δυνάμενος</span> <span class='ocrx_word' id='word_1_460' title='bbox 1289 3352 1598 3406; x_wconf 79' lang='grc' dir='ltr'>ἀποδοῦναι·</span> <span class='ocrx_word' id='word_1_461' title='bbox 1652 3354 1736 3405; x_wconf 75' lang='grc' dir='ltr'>καὶ</span> 
     </span>
    </p>
   </div>
   <div class='ocr_carea' id='block_1_65' title="bbox 1853 3343 3372 3427">
    <p class='ocr_par' dir='ltr' id='par_1_65' title="bbox 1853 3343 3372 3427">
     <span class='ocr_line' id='line_1_65' title="bbox 1853 3343 3372 3427; baseline 0.009 -32"><span class='ocrx_word' id='word_1_462' title='bbox 1853 3343 2108 3398; x_wconf 90' lang='lat' dir='ltr'><strong>bitoribus</strong></span> <span class='ocrx_word' id='word_1_463' title='bbox 2137 3349 2343 3414; x_wconf 79' lang='lat' dir='ltr'><strong>negotia</strong></span> <span class='ocrx_word' id='word_1_464' title='bbox 2377 3349 3063 3427; x_wconf 29' lang='lat' dir='ltr'><strong>habemus.&#39;S:epenumero</strong></span> <span class='ocrx_word' id='word_1_465' title='bbox 3094 3354 3184 3422; x_wconf 92' lang='lat' dir='ltr'><strong>qui</strong></span> <span class='ocrx_word' id='word_1_466' title='bbox 3215 3355 3372 3408; x_wconf 88' lang='lat' dir='ltr'><strong>nobis</strong></span> 
     </span>
    </p>
   </div>
   <div class='ocr_carea' id='block_1_66' title="bbox 165 3431 1736 3514">
    <p class='ocr_par' dir='ltr' id='par_1_66' title="bbox 165 3442 1736 3514">
     <span class='ocr_line' id='line_1_66' title="bbox 165 3442 1736 3514; baseline -0.001 -18"><span class='ocrx_word' id='word_1_467' title='bbox 165 3444 334 3514; x_wconf 78' lang='grc' dir='ltr'>ἡμεῖς</span> <span class='ocrx_word' id='word_1_468' title='bbox 358 3481 375 3504; x_wconf 84' lang='grc'><strong>,</strong></span> <span class='ocrx_word' id='word_1_469' title='bbox 411 3443 486 3495; x_wconf 82' lang='grc' dir='ltr'>τὰ</span> <span class='ocrx_word' id='word_1_470' title='bbox 533 3442 819 3510; x_wconf 85' lang='grc' dir='ltr'>σπλάγχνα</span> <span class='ocrx_word' id='word_1_471' title='bbox 875 3442 1028 3510; x_wconf 73' lang='grc' dir='ltr'>ἡμῶν</span> <span class='ocrx_word' id='word_1_472' title='bbox 1069 3443 1498 3504; x_wconf 82' lang='grc' dir='ltr'>ἀποκλείσαντες,</span> <span class='ocrx_word' id='word_1_473' title='bbox 1530 3442 1620 3494; x_wconf 67' lang='grc' dir='ltr'>καὶ</span> <span class='ocrx_word' id='word_1_474' title='bbox 1667 3443 1736 3512; x_wconf 80' lang='grc' dir='ltr'>μὴ</span> 
     </span>
    </p>
   </div>
   <div class='ocr_carea' id='block_1_67' title="bbox 1853 3431 3372 3514">
    <p class='ocr_par' dir='ltr' id='par_1_67' title="bbox 1853 3431 3372 3506">
     <span class='ocr_line' id='line_1_67' title="bbox 1853 3431 3372 3506; baseline 0.007 -25"><span class='ocrx_word' id='word_1_475' title='bbox 1853 3431 2024 3484; x_wconf 87' lang='lat' dir='ltr'><strong>debito</strong></span> <span class='ocrx_word' id='word_1_476' title='bbox 2053 3432 2422 3501; x_wconf 72' lang='lat' dir='ltr'><strong>obstringitur,</strong></span> <span class='ocrx_word' id='word_1_477' title='bbox 2459 3439 2508 3490; x_wconf 93' lang='lat' dir='ltr'><strong>in</strong></span> <span class='ocrx_word' id='word_1_478' title='bbox 2536 3453 2741 3491; x_wconf 86' lang='lat' dir='ltr'><strong>summa</strong></span> <span class='ocrx_word' id='word_1_479' title='bbox 2781 3447 2865 3492; x_wconf 92' lang='lat' dir='ltr'><strong>est</strong></span> <span class='ocrx_word' id='word_1_480' title='bbox 2909 3447 3163 3506; x_wconf 83' lang='lat' dir='ltr'><strong>egestate,</strong></span> <span class='ocrx_word' id='word_1_481' title='bbox 3209 3441 3281 3492; x_wconf 87' lang='lat' dir='ltr'><strong>ita</strong></span> <span class='ocrx_word' id='word_1_482' title='bbox 3311 3450 3372 3492; x_wconf 82' lang='lat' dir='ltr'><strong>ut</strong></span> 
     </span>
    </p>
   </div>
   <div class='ocr_carea' id='block_1_68' title="bbox 167 3528 1739 3599">
    <p class='ocr_par' dir='ltr' id='par_1_68' title="bbox 167 3528 1739 3599">
     <span class='ocr_line' id='line_1_68' title="bbox 167 3528 1739 3599; baseline -0.001 -17"><span class='ocrx_word' id='word_1_483' title='bbox 167 3531 492 3599; x_wconf 78' lang='grc' dir='ltr'>βλέποντες,</span> <span class='ocrx_word' id='word_1_484' title='bbox 525 3531 610 3582; x_wconf 76' lang='grc' dir='ltr'>ὅτι</span> <span class='ocrx_word' id='word_1_485' title='bbox 640 3531 873 3596; x_wconf 86' lang='grc' dir='ltr'>γυναῖκα</span> <span class='ocrx_word' id='word_1_486' title='bbox 895 3528 1101 3598; x_wconf 82' lang='grc' dir='ltr'>τρέφει,</span> <span class='ocrx_word' id='word_1_487' title='bbox 1129 3530 1218 3580; x_wconf 79' lang='grc' dir='ltr'>καὶ</span> <span class='ocrx_word' id='word_1_488' title='bbox 1246 3529 1408 3580; x_wconf 86' lang='grc' dir='ltr'>τέκνα</span> <span class='ocrx_word' id='word_1_489' title='bbox 1429 3567 1444 3590; x_wconf 95' lang='grc'><strong>,</strong></span> <span class='ocrx_word' id='word_1_490' title='bbox 1472 3529 1562 3580; x_wconf 75' lang='grc' dir='ltr'>καὶ</span> <span class='ocrx_word' id='word_1_491' title='bbox 1593 3529 1739 3597; x_wconf 80' lang='grc' dir='ltr'>μόλις</span> 
     </span>
    </p>
   </div>
   <div class='ocr_carea' id='block_1_69' title="bbox 164 3617 1736 3692">
    <p class='ocr_par' dir='ltr' id='par_1_69' title="bbox 164 3617 1736 3692">
     <span class='ocr_line' id='line_1_69' title="bbox 164 3617 1736 3692; baseline -0.003 -19"><span class='ocrx_word' id='word_1_492' title='bbox 164 3622 435 3692; x_wconf 81' lang='grc' dir='ltr'>τρέφεται</span> <span class='ocrx_word' id='word_1_493' title='bbox 469 3619 582 3672; x_wconf 80' lang='grc' dir='ltr'><strong>ἀπὸ</strong></span> <span class='ocrx_word' id='word_1_494' title='bbox 615 3619 723 3670; x_wconf 86' lang='grc' dir='ltr'><strong>τῶν</strong></span> <span class='ocrx_word' id='word_1_495' title='bbox 750 3617 1112 3688; x_wconf 77' lang='grc' dir='ltr'>ποριζομένων</span> <span class='ocrx_word' id='word_1_496' title='bbox 1140 3618 1284 3686; x_wconf 80' lang='grc' dir='ltr'>αὑτῴ</span> <span class='ocrx_word' id='word_1_497' title='bbox 1310 3618 1497 3684; x_wconf 82' lang='grc' dir='ltr'>ὀλίγων</span> <span class='ocrx_word' id='word_1_498' title='bbox 1522 3618 1736 3681; x_wconf 77' lang='grc' dir='ltr'>ὀϐολῶν,</span> 
     </span>
    </p>
   </div>
   <div class='ocr_carea' id='block_1_70' title="bbox 164 3706 1738 3778">
    <p class='ocr_par' dir='ltr' id='par_1_70' title="bbox 164 3706 1738 3778">
     <span class='ocr_line' id='line_1_70' title="bbox 164 3706 1738 3778; baseline -0.005 -14"><span class='ocrx_word' id='word_1_499' title='bbox 164 3709 522 3778; x_wconf 78' lang='grc' dir='ltr'>ἀπαιτοῦμεν</span> <span class='ocrx_word' id='word_1_500' title='bbox 564 3706 814 3777; x_wconf 91' lang='grc' dir='ltr'>πικρῶς,</span> <span class='ocrx_word' id='word_1_501' title='bbox 845 3707 953 3758; x_wconf 74' lang='grc' dir='ltr'>ἔσθ’</span> <span class='ocrx_word' id='word_1_502' title='bbox 987 3708 1073 3758; x_wconf 83' lang='grc' dir='ltr'>ὅτε</span> <span class='ocrx_word' id='word_1_503' title='bbox 1123 3708 1216 3758; x_wconf 79' lang='grc' dir='ltr'>καὶ</span> <span class='ocrx_word' id='word_1_504' title='bbox 1261 3706 1490 3776; x_wconf 82' lang='grc' dir='ltr'>περισσὰ</span> <span class='ocrx_word' id='word_1_505' title='bbox 1531 3706 1738 3774; x_wconf 72' lang='grc' dir='ltr'>ἔχοντες</span> 
     </span>
    </p>
   </div>
   <div class='ocr_carea' id='block_1_71' title="bbox 166 3792 1732 3870">
    <p class='ocr_par' dir='ltr' id='par_1_71' title="bbox 166 3792 1732 3870">
     <span class='ocr_line' id='line_1_71' title="bbox 166 3792 1732 3870; baseline -0.006 -16"><span class='ocrx_word' id='word_1_506' title='bbox 166 3803 303 3870; x_wconf 77' lang='grc' dir='ltr'>παρ’</span> <span class='ocrx_word' id='word_1_507' title='bbox 355 3801 596 3860; x_wconf 80' lang='grc' dir='ltr'>ἑαυτοῖς.</span> <span class='ocrx_word' id='word_1_508' title='bbox 643 3796 827 3848; x_wconf 89' lang='grc' dir='ltr'>Ταῦτα</span> <span class='ocrx_word' id='word_1_509' title='bbox 875 3792 964 3847; x_wconf 81' lang='grc' dir='ltr'>οὖν</span> <span class='ocrx_word' id='word_1_510' title='bbox 1007 3795 1149 3862; x_wconf 87' lang='grc' dir='ltr'>λέγει</span> <span class='ocrx_word' id='word_1_511' title='bbox 1195 3795 1431 3862; x_wconf 73' lang='grc' dir='ltr'>ἐγκαλῶν</span> <span class='ocrx_word' id='word_1_512' title='bbox 1477 3794 1552 3863; x_wconf 84' lang='grc' dir='ltr'>τῷ</span> <span class='ocrx_word' id='word_1_513' title='bbox 1595 3795 1732 3858; x_wconf 76' lang='grc' dir='ltr'><strong>Ἰὼϐ,</strong></span> 
     </span>
    </p>
   </div>
   <div class='ocr_carea' id='block_1_72' title="bbox 167 3883 1737 3957">
    <p class='ocr_par' dir='ltr' id='par_1_72' title="bbox 167 3883 1737 3957">
     <span class='ocr_line' id='line_1_72' title="bbox 167 3883 1737 3957; baseline -0.006 -13"><span class='ocrx_word' id='word_1_514' title='bbox 167 3891 284 3951; x_wconf 75' lang='grc' dir='ltr'>ὅτι.</span> <span class='ocrx_word' id='word_1_515' title='bbox 332 3910 351 3941; x_wconf 81' lang='grc' dir='ltr'><strong>ι</strong></span> <span class='ocrx_word' id='word_1_516' title='bbox 398 3888 699 3957; x_wconf 78' lang='grc' dir='ltr'>’Δμφίασιν</span> <span class='ocrx_word' id='word_1_517' title='bbox 726 3884 943 3955; x_wconf 76' lang='grc' dir='ltr'>γυμνῶν</span> <span class='ocrx_word' id='word_1_518' title='bbox 980 3885 1216 3952; x_wconf 62' lang='grc' dir='ltr'>ἀφείλου.</span> <span class='ocrx_word' id='word_1_519' title='bbox 1267 3903 1284 3934; x_wconf 73' lang='grc' dir='ltr'><strong>ι</strong></span> <span class='ocrx_word' id='word_1_520' title='bbox 1334 3885 1489 3944; x_wconf 81' lang='grc' dir='ltr'>Ἴσως</span> <span class='ocrx_word' id='word_1_521' title='bbox 1535 3883 1591 3936; x_wconf 83' lang='grc' dir='ltr'>δὲ</span> <span class='ocrx_word' id='word_1_522' title='bbox 1647 3883 1737 3936; x_wconf 75' lang='grc' dir='ltr'>καὶ</span> 
     </span>
    </p>
   </div>
   <div class='ocr_carea' id='block_1_73' title="bbox 168 3969 1735 4048">
    <p class='ocr_par' dir='ltr' id='par_1_73' title="bbox 168 3969 1735 4048">
     <span class='ocr_line' id='line_1_73' title="bbox 168 3969 1735 4048; baseline -0.006 -17"><span class='ocrx_word' id='word_1_523' title='bbox 168 3979 232 4031; x_wconf 72' lang='grc' dir='ltr'><strong>τὸ</strong></span> <span class='ocrx_word' id='word_1_524' title='bbox 281 3979 360 4048; x_wconf 85' lang='grc' dir='ltr'>μὴ</span> <span class='ocrx_word' id='word_1_525' title='bbox 404 3976 594 4030; x_wconf 84' lang='grc' dir='ltr'>δοῦναι</span> <span class='ocrx_word' id='word_1_526' title='bbox 637 3973 716 4042; x_wconf 83' lang='grc' dir='ltr'>τῷ</span> <span class='ocrx_word' id='word_1_527' title='bbox 762 3973 950 4042; x_wconf 83' lang='grc' dir='ltr'>γυμνῷ</span> <span class='ocrx_word' id='word_1_528' title='bbox 981 3972 1188 4042; x_wconf 78' lang='grc' dir='ltr'>ἱμάτιον</span> <span class='ocrx_word' id='word_1_529' title='bbox 1233 3971 1512 4040; x_wconf 73' lang='grc' dir='ltr'>ἀφαίρεσιν</span> <span class='ocrx_word' id='word_1_530' title='bbox 1542 3969 1735 4039; x_wconf 86' lang='grc' dir='ltr'>ὀνομά-</span> 
     </span>
    </p>
   </div>
   <div class='ocr_carea' id='block_1_74' title="bbox 170 4057 1736 4132">
    <p class='ocr_par' dir='ltr' id='par_1_74' title="bbox 170 4057 1736 4132">
     <span class='ocr_line' id='line_1_74' title="bbox 170 4057 1736 4132; baseline -0.006 -12"><span class='ocrx_word' id='word_1_531' title='bbox 170 4069 291 4130; x_wconf 80' lang='grc' dir='ltr'>ζει·</span> <span class='ocrx_word' id='word_1_532' title='bbox 343 4061 733 4132; x_wconf 83' lang='grc' dir='ltr'>ἀποστερητὴς</span> <span class='ocrx_word' id='word_1_533' title='bbox 772 4061 880 4129; x_wconf 88' lang='grc' dir='ltr'><strong>γάρ</strong></span> <span class='ocrx_word' id='word_1_534' title='bbox 919 4062 1033 4112; x_wconf 77' lang='grc' dir='ltr'>ἐστι</span> <span class='ocrx_word' id='word_1_535' title='bbox 1079 4061 1170 4111; x_wconf 80' lang='grc' dir='ltr'>καὶ</span> <span class='ocrx_word' id='word_1_536' title='bbox 1215 4057 1532 4126; x_wconf 85' lang='grc' dir='ltr'>πλεονέκτης</span> <span class='ocrx_word' id='word_1_537' title='bbox 1577 4059 1666 4110; x_wconf 77' lang='grc' dir='ltr'>καὶ</span> <span class='ocrx_word' id='word_1_538' title='bbox 1708 4062 1736 4110; x_wconf 91' lang='grc' dir='ltr'><strong>ὀ</strong></span> 
     </span>
    </p>
   </div>
   <div class='ocr_carea' id='block_1_75' title="bbox 173 4145 1733 4225">
    <p class='ocr_par' dir='ltr' id='par_1_75' title="bbox 173 4145 1733 4225">
     <span class='ocr_line' id='line_1_75' title="bbox 173 4145 1733 4225; baseline -0.006 -18"><span class='ocrx_word' id='word_1_539' title='bbox 173 4155 250 4225; x_wconf 76' lang='grc' dir='ltr'>μὴ</span> <span class='ocrx_word' id='word_1_540' title='bbox 287 4153 498 4206; x_wconf 68' lang='grc' dir='ltr'>ἑνδύων</span> <span class='ocrx_word' id='word_1_541' title='bbox 526 4151 622 4203; x_wconf 84' lang='grc' dir='ltr'>τὸν</span> <span class='ocrx_word' id='word_1_542' title='bbox 645 4148 850 4216; x_wconf 67' lang='grc' dir='ltr'>γυμνὸν</span> <span class='ocrx_word' id='word_1_543' title='bbox 875 4186 889 4210; x_wconf 93' lang='grc'><strong>,</strong></span> <span class='ocrx_word' id='word_1_544' title='bbox 921 4149 1010 4198; x_wconf 78' lang='grc' dir='ltr'>καὶ</span> <span class='ocrx_word' id='word_1_545' title='bbox 1047 4149 1074 4198; x_wconf 84' lang='grc' dir='ltr'><strong>ὁ</strong></span> <span class='ocrx_word' id='word_1_546' title='bbox 1113 4145 1185 4215; x_wconf 83' lang='grc' dir='ltr'>μὴ</span> <span class='ocrx_word' id='word_1_547' title='bbox 1216 4145 1422 4216; x_wconf 85' lang='grc' dir='ltr'>τρέφων</span> <span class='ocrx_word' id='word_1_548' title='bbox 1455 4145 1541 4198; x_wconf 82' lang='grc' dir='ltr'>τὸν</span> <span class='ocrx_word' id='word_1_549' title='bbox 1574 4145 1733 4214; x_wconf 79' lang='grc' dir='ltr'>ἄρτου</span> 
     </span>
    </p>
   </div>
   <div class='ocr_carea' id='block_1_76' title="bbox 167 4243 455 4314">
    <p class='ocr_par' dir='ltr' id='par_1_76' title="bbox 167 4243 455 4314">
     <span class='ocr_line' id='line_1_76' title="bbox 167 4243 455 4314; baseline -0.007 -18"><span class='ocrx_word' id='word_1_550' title='bbox 167 4243 455 4314; x_wconf 77' lang='grc' dir='ltr'>δεόμενον.</span> 
     </span>
    </p>
   </div>
   <div class='ocr_carea' id='block_1_77' title="bbox 257 4491 1729 4572">
    <p class='ocr_par' dir='ltr' id='par_1_77' title="bbox 257 4491 1729 4572">
     <span class='ocr_line' id='line_1_77' title="bbox 257 4491 1729 4572; baseline -0.01 -14"><span class='ocrx_word' id='word_1_551' title='bbox 257 4502 642 4572; x_wconf 70' lang='grc' dir='ltr'>Ἐθαύμασας</span> <span class='ocrx_word' id='word_1_552' title='bbox 667 4498 733 4551; x_wconf 84' lang='grc' dir='ltr'><strong>δέ</strong></span> <span class='ocrx_word' id='word_1_553' title='bbox 765 4511 939 4549; x_wconf 74' lang='grc' dir='ltr'>τινων</span> <span class='ocrx_word' id='word_1_554' title='bbox 965 4495 1262 4561; x_wconf 77' lang='grc' dir='ltr'>πρόσωπα.</span> <span class='ocrx_word' id='word_1_555' title='bbox 1309 4493 1466 4544; x_wconf 81' lang='grc' dir='ltr'>’Λλλο</span> <span class='ocrx_word' id='word_1_556' title='bbox 1497 4493 1583 4545; x_wconf 76' lang='grc' dir='ltr'>καὶ</span> <span class='ocrx_word' id='word_1_557' title='bbox 1609 4491 1729 4545; x_wconf 87' lang='grc' dir='ltr'>τοῦ-</span> 
     </span>
    </p>
   </div>
   <div class='ocr_carea' id='block_1_78' title="bbox 169 4583 1731 4666">
    <p class='ocr_par' dir='ltr' id='par_1_78' title="bbox 169 4583 1731 4666">
     <span class='ocr_line' id='line_1_78' title="bbox 169 4583 1731 4666; baseline -0.013 -14"><span class='ocrx_word' id='word_1_558' title='bbox 169 4613 236 4651; x_wconf 65' lang='grc' dir='ltr'><strong>το</strong></span> <span class='ocrx_word' id='word_1_559' title='bbox 261 4598 592 4666; x_wconf 70' lang='grc' dir='ltr'>ἁμάρτημαο</span> <span class='ocrx_word' id='word_1_560' title='bbox 617 4589 914 4658; x_wconf 84' lang='grc' dir='ltr'>ἁμάρτημα</span> <span class='ocrx_word' id='word_1_561' title='bbox 929 4585 1036 4654; x_wconf 79' lang='grc' dir='ltr'><strong>γάρ</strong></span> <span class='ocrx_word' id='word_1_562' title='bbox 1061 4586 1150 4636; x_wconf 69' lang='grc' dir='ltr'>καὶ</span> <span class='ocrx_word' id='word_1_563' title='bbox 1172 4585 1228 4635; x_wconf 82' lang='grc' dir='ltr'>τὸ</span> <span class='ocrx_word' id='word_1_564' title='bbox 1252 4583 1540 4651; x_wconf 73' lang='grc' dir='ltr'>θαυμάζειν</span> <span class='ocrx_word' id='word_1_565' title='bbox 1570 4583 1731 4650; x_wconf 77' lang='grc' dir='ltr'>πρόσο</span> 
     </span>
    </p>
   </div>
   <div class='ocr_carea' id='block_1_79' title="bbox 1848 3519 3372 3596">
    <p class='ocr_par' dir='ltr' id='par_1_79' title="bbox 1848 3519 3372 3596">
     <span class='ocr_line' id='line_1_79' title="bbox 1848 3519 3372 3596; baseline 0.007 -24"><span class='ocrx_word' id='word_1_566' title='bbox 1848 3519 2100 3575; x_wconf 89' lang='lat' dir='ltr'><strong>solvendo</strong></span> <span class='ocrx_word' id='word_1_567' title='bbox 2141 3524 2357 3578; x_wconf 92' lang='lat' dir='ltr'><strong>omnino</strong></span> <span class='ocrx_word' id='word_1_568' title='bbox 2405 3541 2509 3581; x_wconf 92' lang='lat' dir='ltr'><strong>non</strong></span> <span class='ocrx_word' id='word_1_569' title='bbox 2555 3531 2676 3594; x_wconf 87' lang='lat' dir='ltr'><strong>sit;</strong></span> <span class='ocrx_word' id='word_1_570' title='bbox 2718 3541 2814 3580; x_wconf 90' lang='lat' dir='ltr'><strong>nos</strong></span> <span class='ocrx_word' id='word_1_571' title='bbox 2862 3539 2990 3580; x_wconf 85' lang='lat' dir='ltr'><strong>vero</strong></span> <span class='ocrx_word' id='word_1_572' title='bbox 3038 3541 3372 3596; x_wconf 85' lang='lat' dir='ltr'><strong>nequaquam</strong></span> 
     </span>
    </p>
   </div>
   <div class='ocr_carea' id='block_1_80' title="bbox 1843 3612 3368 3687">
    <p class='ocr_par' dir='ltr' id='par_1_80' title="bbox 1843 3612 3368 3687">
     <span class='ocr_line' id='line_1_80' title="bbox 1843 3612 3368 3687; baseline 0.007 -21"><span class='ocrx_word' id='word_1_573' title='bbox 1843 3612 2238 3668; x_wconf 90' lang='lat' dir='ltr'><strong>considerantes</strong></span> <span class='ocrx_word' id='word_1_574' title='bbox 2288 3621 2426 3683; x_wconf 87' lang='lat' dir='ltr'><strong>quod</strong></span> <span class='ocrx_word' id='word_1_575' title='bbox 2467 3621 2742 3687; x_wconf 80' lang='lat' dir='ltr'><strong>conjugem</strong></span> <span class='ocrx_word' id='word_1_576' title='bbox 2793 3627 2846 3673; x_wconf 90' lang='lat' dir='ltr'><strong>et</strong></span> <span class='ocrx_word' id='word_1_577' title='bbox 2897 3618 3092 3674; x_wconf 89' lang='lat' dir='ltr'><strong>liberos</strong></span> <span class='ocrx_word' id='word_1_578' title='bbox 3150 3622 3368 3676; x_wconf 92' lang='lat' dir='ltr'><strong>alendos</strong></span> 
     </span>
    </p>
   </div>
   <div class='ocr_carea' id='block_1_81' title="bbox 1841 3700 3362 3777">
    <p class='ocr_par' dir='ltr' id='par_1_81' title="bbox 1841 3700 3362 3777">
     <span class='ocr_line' id='line_1_81' title="bbox 1841 3700 3362 3777; baseline 0.006 -25"><span class='ocrx_word' id='word_1_579' title='bbox 1841 3700 2053 3764; x_wconf 90' lang='lat' dir='ltr'><strong>habeat,</strong></span> <span class='ocrx_word' id='word_1_580' title='bbox 2085 3713 2136 3756; x_wconf 91' lang='lat' dir='ltr'><strong>et</strong></span> <span class='ocrx_word' id='word_1_581' title='bbox 2169 3705 2350 3772; x_wconf 90' lang='lat' dir='ltr'><strong>paucis</strong></span> <span class='ocrx_word' id='word_1_582' title='bbox 2379 3703 2535 3777; x_wconf 68' lang='grc'><strong>504</strong></span> <span class='ocrx_word' id='word_1_583' title='bbox 2558 3707 2727 3762; x_wconf 88' lang='lat' dir='ltr'><strong>obolis</strong></span> <span class='ocrx_word' id='word_1_584' title='bbox 2759 3707 2846 3774; x_wconf 91' lang='lat' dir='ltr'><strong>qui</strong></span> <span class='ocrx_word' id='word_1_585' title='bbox 2895 3706 2970 3760; x_wconf 85' lang='lat' dir='ltr'><strong>illi</strong></span> <span class='ocrx_word' id='word_1_586' title='bbox 3015 3707 3362 3772; x_wconf 72' lang='lat' dir='ltr'><strong>exhibentur,</strong></span> 
     </span>
    </p>
   </div>
   <div class='ocr_carea' id='block_1_82' title="bbox 1843 3787 3364 3858">
    <p class='ocr_par' dir='ltr' id='par_1_82' title="bbox 1843 3787 3364 3858">
     <span class='ocr_line' id='line_1_82' title="bbox 1843 3787 3364 3858; baseline 0.007 -18"><span class='ocrx_word' id='word_1_587' title='bbox 1843 3787 2128 3844; x_wconf 75' lang='lat' dir='ltr'><strong>diﬂiculter</strong></span> <span class='ocrx_word' id='word_1_588' title='bbox 2171 3793 2332 3845; x_wconf 88' lang='lat' dir='ltr'><strong>vitam</strong></span> <span class='ocrx_word' id='word_1_589' title='bbox 2380 3799 2665 3858; x_wconf 88' lang='lat' dir='ltr'><strong>sustineat,</strong></span> <span class='ocrx_word' id='word_1_590' title='bbox 2709 3793 2939 3848; x_wconf 88' lang='lat' dir='ltr'><strong>occlusis</strong></span> <span class='ocrx_word' id='word_1_591' title='bbox 2987 3795 3364 3851; x_wconf 65' lang='lat' dir='ltr'><strong>misericordia</strong></span> 
     </span>
    </p>
   </div>
   <div class='ocr_carea' id='block_1_83' title="bbox 1843 3876 3363 3950">
    <p class='ocr_par' dir='ltr' id='par_1_83' title="bbox 1843 3876 3363 3950">
     <span class='ocr_line' id='line_1_83' title="bbox 1843 3876 3363 3950; baseline 0.008 -25"><span class='ocrx_word' id='word_1_592' title='bbox 1843 3876 2178 3939; x_wconf 73' lang='lat' dir='ltr'><strong>visceribus,</strong></span> <span class='ocrx_word' id='word_1_593' title='bbox 2242 3894 2360 3932; x_wconf 91' lang='lat' dir='ltr'><strong>cum</strong></span> <span class='ocrx_word' id='word_1_594' title='bbox 2415 3882 2708 3935; x_wconf 86' lang='lat' dir='ltr'><strong>acerbitate</strong></span> <span class='ocrx_word' id='word_1_595' title='bbox 2767 3881 2999 3934; x_wconf 82' lang='lat' dir='ltr'><strong>debitum</strong></span> <span class='ocrx_word' id='word_1_596' title='bbox 3061 3882 3363 3950; x_wconf 76' lang='lat' dir='ltr'><strong>exigimus,</strong></span> 
     </span>
    </p>
   </div>
   <div class='ocr_carea' id='block_1_84' title="bbox 1849 3961 3365 4035">
    <p class='ocr_par' dir='ltr' id='par_1_84' title="bbox 1849 3961 3365 4035">
     <span class='ocr_line' id='line_1_84' title="bbox 1849 3961 3365 4035; baseline 0.008 -23"><span class='ocrx_word' id='word_1_597' title='bbox 1849 3961 2004 4028; x_wconf 93' lang='lat' dir='ltr'><strong>idque</strong></span> <span class='ocrx_word' id='word_1_598' title='bbox 2032 3962 2297 4015; x_wconf 84' lang='lat' dir='ltr'><strong>interdum</strong></span> <span class='ocrx_word' id='word_1_599' title='bbox 2325 3979 2445 4018; x_wconf 87' lang='lat' dir='ltr'><strong>cum</strong></span> <span class='ocrx_word' id='word_1_600' title='bbox 2480 3967 2576 4035; x_wconf 90' lang='lat' dir='ltr'><strong>ipsi</strong></span> <span class='ocrx_word' id='word_1_601' title='bbox 2599 3981 2771 4020; x_wconf 82' lang='lat' dir='ltr'><strong>rerum</strong></span> <span class='ocrx_word' id='word_1_602' title='bbox 2790 3966 3026 4020; x_wconf 91' lang='lat' dir='ltr'><strong>omnium</strong></span> <span class='ocrx_word' id='word_1_603' title='bbox 3049 3967 3365 4024; x_wconf 88' lang='lat' dir='ltr'><strong>abundantia</strong></span> 
     </span>
    </p>
   </div>
   <div class='ocr_carea' id='block_1_85' title="bbox 1845 4048 3363 4126">
    <p class='ocr_par' dir='ltr' id='par_1_85' title="bbox 1845 4048 3363 4126">
     <span class='ocr_line' id='line_1_85' title="bbox 1845 4048 3363 4126; baseline 0.01 -26"><span class='ocrx_word' id='word_1_604' title='bbox 1845 4048 2291 4104; x_wconf 79' lang='lat' dir='ltr'><strong>circumfluamus.</strong></span> <span class='ocrx_word' id='word_1_605' title='bbox 2322 4051 2445 4107; x_wconf 69' lang='lat' dir='ltr'><strong>Hazc</strong></span> <span class='ocrx_word' id='word_1_606' title='bbox 2469 4056 2627 4124; x_wconf 71' lang='lat' dir='ltr'><strong>igitur</strong></span> <span class='ocrx_word' id='word_1_607' title='bbox 2656 4054 2842 4109; x_wconf 86' lang='lat' dir='ltr'><strong>Jobum</strong></span> <span class='ocrx_word' id='word_1_608' title='bbox 2875 4057 3180 4126; x_wconf 87' lang='lat' dir='ltr'><strong>vituperans</strong></span> <span class='ocrx_word' id='word_1_609' title='bbox 3203 4059 3363 4115; x_wconf 83' lang='lat' dir='ltr'><strong>dicit:</strong></span> 
     </span>
    </p>
   </div>
   <div class='ocr_carea' id='block_1_86' title="bbox 1844 4137 3368 4204">
    <p class='ocr_par' dir='ltr' id='par_1_86' title="bbox 1844 4137 3368 4204">
     <span class='ocr_line' id='line_1_86' title="bbox 1844 4137 3368 4204; baseline 0.01 -16"><span class='ocrx_word' id='word_1_610' title='bbox 1844 4155 1862 4186; x_wconf 82' lang='grc' dir='ltr'><strong>ι</strong></span> <span class='ocrx_word' id='word_1_611' title='bbox 1893 4137 2156 4192; x_wconf 81' lang='lat' dir='ltr'><strong>Amictutn</strong></span> <span class='ocrx_word' id='word_1_612' title='bbox 2180 4143 2438 4194; x_wconf 90' lang='lat' dir='ltr'><strong>nudorum</strong></span> <span class='ocrx_word' id='word_1_613' title='bbox 2463 4144 2747 4201; x_wconf 82' lang='lat' dir='ltr'><strong>abstulisti.</strong></span> <span class='ocrx_word' id='word_1_614' title='bbox 2781 4165 2799 4197; x_wconf 79' lang='grc' dir='ltr'><strong>ι</strong></span> <span class='ocrx_word' id='word_1_615' title='bbox 2845 4140 3092 4201; x_wconf 86' lang='lat' dir='ltr'><strong>Fortasse</strong></span> <span class='ocrx_word' id='word_1_616' title='bbox 3119 4149 3282 4202; x_wconf 89' lang='lat' dir='ltr'><strong>etiam</strong></span> <span class='ocrx_word' id='word_1_617' title='bbox 3314 4159 3368 4204; x_wconf 92' lang='lat' dir='ltr'><strong>et</strong></span> 
     </span>
    </p>
   </div>
   <div class='ocr_carea' id='block_1_87' title="bbox 1839 4227 3359 4300">
    <p class='ocr_par' dir='ltr' id='par_1_87' title="bbox 1839 4227 3359 4300">
     <span class='ocr_line' id='line_1_87' title="bbox 1839 4227 3359 4300; baseline 0.011 -26"><span class='ocrx_word' id='word_1_618' title='bbox 1839 4227 2212 4282; x_wconf 75' lang='lat' dir='ltr'><strong>vestimentum</strong></span> <span class='ocrx_word' id='word_1_619' title='bbox 2243 4233 2383 4284; x_wconf 91' lang='lat' dir='ltr'><strong>nudo</strong></span> <span class='ocrx_word' id='word_1_620' title='bbox 2418 4249 2520 4284; x_wconf 91' lang='lat' dir='ltr'><strong>non</strong></span> <span class='ocrx_word' id='word_1_621' title='bbox 2553 4235 2802 4300; x_wconf 69' lang='lat' dir='ltr'><strong>praebere,</strong></span> <span class='ocrx_word' id='word_1_622' title='bbox 2833 4234 3154 4290; x_wconf 87' lang='lat' dir='ltr'><strong>ablationem</strong></span> <span class='ocrx_word' id='word_1_623' title='bbox 3187 4249 3359 4292; x_wconf 87' lang='lat' dir='ltr'><strong>vocat.</strong></span> 
     </span>
    </p>
   </div>
   <div class='ocr_carea' id='block_1_88' title="bbox 1766 4313 3368 4396">
    <p class='ocr_par' dir='ltr' id='par_1_88' title="bbox 1766 4313 3368 4396">
     <span class='ocr_line' id='line_1_88' title="bbox 1766 4313 3368 4396; baseline 0.011 -31"><span class='ocrx_word' id='word_1_624' title='bbox 1766 4341 1809 4396; x_wconf 70' lang='grc' dir='ltr'><strong>ι)</strong></span> <span class='ocrx_word' id='word_1_625' title='bbox 1840 4313 1939 4378; x_wconf 88' lang='lat' dir='ltr'><strong>Qui</strong></span> <span class='ocrx_word' id='word_1_626' title='bbox 1993 4317 2136 4369; x_wconf 90' lang='lat' dir='ltr'><strong>enim</strong></span> <span class='ocrx_word' id='word_1_627' title='bbox 2191 4319 2384 4370; x_wconf 91' lang='lat' dir='ltr'><strong>nudum</strong></span> <span class='ocrx_word' id='word_1_628' title='bbox 2439 4334 2542 4373; x_wconf 93' lang='lat' dir='ltr'><strong>non</strong></span> <span class='ocrx_word' id='word_1_629' title='bbox 2588 4319 2781 4384; x_wconf 88' lang='lat' dir='ltr'><strong>induit,</strong></span> <span class='ocrx_word' id='word_1_630' title='bbox 2817 4331 2871 4375; x_wconf 92' lang='lat' dir='ltr'><strong>et</strong></span> <span class='ocrx_word' id='word_1_631' title='bbox 2914 4334 3184 4380; x_wconf 88' lang='lat' dir='ltr'><strong>carentem</strong></span> <span class='ocrx_word' id='word_1_632' title='bbox 3227 4343 3368 4396; x_wconf 87' lang='lat' dir='ltr'><strong>pane</strong></span> 
     </span>
    </p>
   </div>
   <div class='ocr_carea' id='block_1_89' title="bbox 1843 4403 3013 4466">
    <p class='ocr_par' dir='ltr' id='par_1_89' title="bbox 1843 4403 3013 4466">
     <span class='ocr_line' id='line_1_89' title="bbox 1843 4403 3013 4466; baseline 0.009 -12"><span class='ocrx_word' id='word_1_633' title='bbox 1843 4415 1947 4455; x_wconf 91' lang='lat' dir='ltr'><strong>non</strong></span> <span class='ocrx_word' id='word_1_634' title='bbox 1977 4403 2092 4466; x_wconf 86' lang='lat' dir='ltr'><strong>alit,</strong></span> <span class='ocrx_word' id='word_1_635' title='bbox 2127 4403 2396 4458; x_wconf 83' lang='lat' dir='ltr'><strong>fraudator</strong></span> <span class='ocrx_word' id='word_1_636' title='bbox 2421 4415 2504 4460; x_wconf 92' lang='lat' dir='ltr'><strong>est</strong></span> <span class='ocrx_word' id='word_1_637' title='bbox 2532 4415 2586 4460; x_wconf 92' lang='lat' dir='ltr'><strong>et</strong></span> <span class='ocrx_word' id='word_1_638' title='bbox 2620 4407 2778 4461; x_wconf 92' lang='lat' dir='ltr'><strong>alieni</strong></span> <span class='ocrx_word' id='word_1_639' title='bbox 2809 4409 3013 4465; x_wconf 87' lang='lat' dir='ltr'><strong>avidus.</strong></span> 
     </span>
    </p>
   </div>
   <div class='ocr_carea' id='block_1_90' title="bbox 1910 4490 3360 4567">
    <p class='ocr_par' dir='ltr' id='par_1_90' title="bbox 1910 4490 3360 4567">
     <span class='ocr_line' id='line_1_90' title="bbox 1910 4490 3360 4567; baseline 0.008 -25"><span class='ocrx_word' id='word_1_640' title='bbox 1910 4490 2068 4545; x_wconf 73' lang='lat' dir='ltr'><strong>Vsus.</strong></span> <span class='ocrx_word' id='word_1_641' title='bbox 2099 4493 2155 4545; x_wconf 92' lang='lat'><strong>8.</strong></span> <span class='ocrx_word' id='word_1_642' title='bbox 2195 4491 2259 4543; x_wconf 82' lang='lat' dir='ltr'><strong>Et</strong></span> <span class='ocrx_word' id='word_1_643' title='bbox 2295 4495 2581 4547; x_wconf 79' lang='lat' dir='ltr'><strong>admiratus</strong></span> <span class='ocrx_word' id='word_1_644' title='bbox 2610 4510 2662 4548; x_wconf 82' lang='lat' dir='ltr'><strong>es</strong></span> <span class='ocrx_word' id='word_1_645' title='bbox 2695 4499 3034 4564; x_wconf 80' lang='lat' dir='ltr'><strong>quorumdam</strong></span> <span class='ocrx_word' id='word_1_646' title='bbox 3067 4515 3360 4567; x_wconf 74' lang='lat' dir='ltr'><strong>personam.</strong></span> 
     </span>
    </p>
   </div>
   <div class='ocr_carea' id='block_1_91' title="bbox 1836 4571 3360 4646">
    <p class='ocr_par' dir='ltr' id='par_1_91' title="bbox 1836 4571 3360 4646">
     <span class='ocr_line' id='line_1_91' title="bbox 1836 4571 3360 4646; baseline 0.005 -14"><span class='ocrx_word' id='word_1_647' title='bbox 1836 4579 1949 4633; x_wconf 87' lang='lat' dir='ltr'><strong>Hoc</strong></span> <span class='ocrx_word' id='word_1_648' title='bbox 2000 4587 2250 4646; x_wconf 55' lang='lat' dir='ltr'><strong>prasterea</strong></span> <span class='ocrx_word' id='word_1_649' title='bbox 2302 4579 2442 4634; x_wconf 85' lang='lat' dir='ltr'><strong>aliud</strong></span> <span class='ocrx_word' id='word_1_650' title='bbox 2497 4571 2696 4635; x_wconf 74' lang='lat' dir='ltr'><strong>crimen</strong></span> <span class='ocrx_word' id='word_1_651' title='bbox 2750 4593 2852 4638; x_wconf 89' lang='lat' dir='ltr'><strong>est.</strong></span> <span class='ocrx_word' id='word_1_652' title='bbox 2919 4584 3158 4640; x_wconf 82' lang='lat' dir='ltr'><strong>Hominis</strong></span> <span class='ocrx_word' id='word_1_653' title='bbox 3217 4588 3360 4640; x_wconf 86' lang='lat' dir='ltr'><strong>enim</strong></span> 
     </span>
    </p>
   </div>
   <div class='ocr_carea' id='block_1_92' title="bbox 171 4669 1736 4742">
    <p class='ocr_par' dir='ltr' id='par_1_92' title="bbox 171 4670 1726 4742">
     <span class='ocr_line' id='line_1_92' title="bbox 171 4670 1726 4742; baseline -0.011 -3"><span class='ocrx_word' id='word_1_654' title='bbox 171 4703 348 4738; x_wconf 76' lang='grc' dir='ltr'>ωπον.</span> <span class='ocrx_word' id='word_1_655' title='bbox 391 4687 450 4737; x_wconf 84' lang='grc' dir='ltr'><strong>Ὀ</strong></span> <span class='ocrx_word' id='word_1_656' title='bbox 494 4685 663 4742; x_wconf 86' lang='grc' dir='ltr'>δεῖνα,</span> <span class='ocrx_word' id='word_1_657' title='bbox 702 4679 783 4730; x_wconf 83' lang='grc' dir='ltr'>ὅτι</span> <span class='ocrx_word' id='word_1_658' title='bbox 829 4675 1073 4737; x_wconf 79' lang='grc' dir='ltr'>πλούσιός</span> <span class='ocrx_word' id='word_1_659' title='bbox 1103 4676 1236 4735; x_wconf 75' lang='grc' dir='ltr'>ἐστι,</span> <span class='ocrx_word' id='word_1_660' title='bbox 1282 4673 1536 4740; x_wconf 79' lang='grc' dir='ltr'>θαυμάζω</span> <span class='ocrx_word' id='word_1_661' title='bbox 1565 4670 1726 4722; x_wconf 80' lang='grc' dir='ltr'>αὑτοῦ</span> 
     </span>
    </p>
   </div>
   <div class='ocr_carea' id='block_1_93' title="bbox 1853 4669 3362 4742">
    <p class='ocr_par' dir='ltr' id='par_1_93' title="bbox 1853 4669 3362 4742">
     <span class='ocr_line' id='line_1_93' title="bbox 1853 4669 3362 4742; baseline 0.007 -24"><span class='ocrx_word' id='word_1_662' title='bbox 1853 4682 2111 4721; x_wconf 69' lang='grc' dir='ltr'>κπεοηθιη</span> <span class='ocrx_word' id='word_1_663' title='bbox 2166 4669 2215 4720; x_wconf 88' lang='lat' dir='ltr'><strong>in</strong></span> <span class='ocrx_word' id='word_1_664' title='bbox 2280 4669 2629 4724; x_wconf 88' lang='lat' dir='ltr'><strong>admiratione</strong></span> <span class='ocrx_word' id='word_1_665' title='bbox 2690 4672 2906 4740; x_wconf 90' lang='lat' dir='ltr'><strong>habere,</strong></span> <span class='ocrx_word' id='word_1_666' title='bbox 2966 4683 3186 4742; x_wconf 86' lang='lat' dir='ltr'><strong>peccato</strong></span> <span class='ocrx_word' id='word_1_667' title='bbox 3255 4691 3362 4730; x_wconf 92' lang='lat' dir='ltr'><strong>non</strong></span> 
     </span>
    </p>
   </div>
   <div class='ocr_carea' id='block_1_94' title="bbox 172 4756 1736 4842">
    <p class='ocr_par' dir='ltr' id='par_1_94' title="bbox 172 4759 1727 4842">
     <span class='ocr_line' id='line_1_94' title="bbox 172 4759 1727 4842; baseline -0.012 -15"><span class='ocrx_word' id='word_1_668' title='bbox 172 4777 236 4826; x_wconf 77' lang='grc' dir='ltr'>τὸ</span> <span class='ocrx_word' id='word_1_669' title='bbox 262 4775 557 4842; x_wconf 78' lang='grc' dir='ltr'>πρόσωπον</span> <span class='ocrx_word' id='word_1_670' title='bbox 576 4786 589 4799; x_wconf 75' lang='lat'>&#39;</span> <span class='ocrx_word' id='word_1_671' title='bbox 631 4768 723 4819; x_wconf 83' lang='grc' dir='ltr'>τὸν</span> <span class='ocrx_word' id='word_1_672' title='bbox 758 4766 816 4816; x_wconf 82' lang='grc' dir='ltr'>δὲ</span> <span class='ocrx_word' id='word_1_673' title='bbox 855 4764 1057 4832; x_wconf 84' lang='grc' dir='ltr'>πένητα</span> <span class='ocrx_word' id='word_1_674' title='bbox 1089 4761 1376 4814; x_wconf 87' lang='grc' dir='ltr'>καταπατῶ</span> <span class='ocrx_word' id='word_1_675' title='bbox 1395 4799 1408 4823; x_wconf 93' lang='grc'><strong>,</strong></span> <span class='ocrx_word' id='word_1_676' title='bbox 1440 4759 1727 4829; x_wconf 72' lang='grc' dir='ltr'>ἐπειδήπερ</span> 
     </span>
    </p>
   </div>
   <div class='ocr_carea' id='block_1_95' title="bbox 1853 4756 3360 4842">
    <p class='ocr_par' dir='ltr' id='par_1_95' title="bbox 1853 4756 3360 4828">
     <span class='ocr_line' id='line_1_95' title="bbox 1853 4756 3360 4828; baseline 0.005 -20"><span class='ocrx_word' id='word_1_677' title='bbox 1853 4766 2021 4810; x_wconf 88' lang='lat' dir='ltr'><strong>:aret:</strong></span> <span class='ocrx_word' id='word_1_678' title='bbox 2057 4756 2213 4825; x_wconf 86' lang='lat' dir='ltr'><strong>hujus</strong></span> <span class='ocrx_word' id='word_1_679' title='bbox 2251 4773 2552 4825; x_wconf 89' lang='lat' dir='ltr'><strong>personam,</strong></span> <span class='ocrx_word' id='word_1_680' title='bbox 2603 4761 2725 4828; x_wconf 92' lang='lat' dir='ltr'><strong>quia</strong></span> <span class='ocrx_word' id='word_1_681' title='bbox 2775 4761 2927 4815; x_wconf 90' lang='lat' dir='ltr'><strong>dives</strong></span> <span class='ocrx_word' id='word_1_682' title='bbox 2979 4773 3083 4827; x_wconf 90' lang='lat' dir='ltr'><strong>est,</strong></span> <span class='ocrx_word' id='word_1_683' title='bbox 3134 4779 3360 4818; x_wconf 88' lang='lat' dir='ltr'><strong>veneror</strong></span> 
     </span>
    </p>
   </div>
   <div class='ocr_carea' id='block_1_96' title="bbox 173 4861 682 4932">
    <p class='ocr_par' dir='ltr' id='par_1_96' title="bbox 173 4861 682 4932">
     <span class='ocr_line' id='line_1_96' title="bbox 173 4861 682 4932; baseline -0.006 -17"><span class='ocrx_word' id='word_1_684' title='bbox 173 4865 394 4932; x_wconf 81' lang='grc' dir='ltr'>ἀξίωμα</span> <span class='ocrx_word' id='word_1_685' title='bbox 421 4864 523 4914; x_wconf 82' lang='grc' dir='ltr'>οὐκ</span> <span class='ocrx_word' id='word_1_686' title='bbox 548 4861 682 4927; x_wconf 77' lang='grc' dir='ltr'>ἔχει.</span> 
     </span>
    </p>
   </div>
   <div class='ocr_carea' id='block_1_97' title="bbox 251 5021 1736 5096">
    <p class='ocr_par' dir='ltr' id='par_1_97' title="bbox 251 5021 1736 5096">
     <span class='ocr_line' id='line_1_97' title="bbox 251 5021 1736 5096; baseline -0.022 2"><span class='ocrx_word' id='word_1_687' title='bbox 251 5046 468 5096; x_wconf 81' lang='grc' dir='ltr'>Ἔσται</span> <span class='ocrx_word' id='word_1_688' title='bbox 501 5039 617 5092; x_wconf 76' lang='grc' dir='ltr'><strong>οὖν</strong></span> <span class='ocrx_word' id='word_1_689' title='bbox 655 5052 756 5088; x_wconf 86' lang='grc' dir='ltr'><strong>σοι</strong></span> <span class='ocrx_word' id='word_1_690' title='bbox 786 5036 816 5086; x_wconf 83' lang='grc' dir='ltr'><em>ὁ</em></span> <span class='ocrx_word' id='word_1_691' title='bbox 849 5021 1256 5095; x_wconf 80' lang='grc' dir='ltr'>παντοκράτωρ</span> <span class='ocrx_word' id='word_1_692' title='bbox 1281 5021 1520 5088; x_wconf 77' lang='grc' dir='ltr'>βοηθός.</span> <span class='ocrx_word' id='word_1_693' title='bbox 1558 5021 1736 5089; x_wconf 77' lang='grc' dir='ltr'>’Υγιὲς</span> 
     </span>
    </p>
   </div>
   <div class='ocr_carea' id='block_1_98' title="bbox 175 5107 1736 5196">
    <p class='ocr_par' dir='ltr' id='par_1_98' title="bbox 175 5107 1736 5196">
     <span class='ocr_line' id='line_1_98' title="bbox 175 5107 1736 5196; baseline -0.016 -11"><span class='ocrx_word' id='word_1_694' title='bbox 175 5132 369 5185; x_wconf 67' lang='grc' dir='ltr'>ἐνθάδε</span> <span class='ocrx_word' id='word_1_695' title='bbox 414 5131 593 5196; x_wconf 85' lang='grc' dir='ltr'>δόγμα</span> <span class='ocrx_word' id='word_1_696' title='bbox 623 5128 651 5176; x_wconf 85' lang='grc' dir='ltr'>ὁ</span> <span class='ocrx_word' id='word_1_697' title='bbox 689 5120 907 5186; x_wconf 75' lang='grc' dir='ltr'>Ἐλιφὸις</span> <span class='ocrx_word' id='word_1_698' title='bbox 941 5117 1121 5182; x_wconf 83' lang='grc' dir='ltr'>λέγει’</span> <span class='ocrx_word' id='word_1_699' title='bbox 1158 5117 1320 5166; x_wconf 82' lang='grc' dir='ltr'>οἴεται</span> <span class='ocrx_word' id='word_1_700' title='bbox 1360 5111 1467 5180; x_wconf 86' lang='grc' dir='ltr'><strong>γὰρ</strong></span> <span class='ocrx_word' id='word_1_701' title='bbox 1497 5111 1584 5162; x_wconf 83' lang='grc' dir='ltr'>τὸν</span> <span class='ocrx_word' id='word_1_702' title='bbox 1622 5107 1736 5162; x_wconf 80' lang='grc' dir='ltr'><strong>’1ὼὸ</strong></span> 
     </span>
    </p>
   </div>
   <div class='ocr_carea' id='block_1_99' title="bbox 174 5197 1736 5284">
    <p class='ocr_par' dir='ltr' id='par_1_99' title="bbox 174 5197 1736 5284">
     <span class='ocr_line' id='line_1_99' title="bbox 174 5197 1736 5284; baseline -0.015 -14"><span class='ocrx_word' id='word_1_703' title='bbox 174 5219 263 5270; x_wconf 76' lang='grc' dir='ltr'>διὰ</span> <span class='ocrx_word' id='word_1_704' title='bbox 292 5218 362 5268; x_wconf 80' lang='grc' dir='ltr'>τὰ</span> <span class='ocrx_word' id='word_1_705' title='bbox 384 5215 764 5284; x_wconf 80' lang='grc' dir='ltr'>ἁμαρτήματα</span> <span class='ocrx_word' id='word_1_706' title='bbox 795 5206 1015 5273; x_wconf 84' lang='grc' dir='ltr'>πάσχειν</span> <span class='ocrx_word' id='word_1_707' title='bbox 1035 5241 1048 5264; x_wconf 90' lang='grc'><strong>,</strong></span> <span class='ocrx_word' id='word_1_708' title='bbox 1077 5203 1164 5254; x_wconf 69' lang='grc' dir='ltr'><strong>καὶ</strong></span> <span class='ocrx_word' id='word_1_709' title='bbox 1206 5203 1281 5254; x_wconf 81' lang='grc' dir='ltr'>ὅτι</span> <span class='ocrx_word' id='word_1_710' title='bbox 1320 5197 1612 5265; x_wconf 80' lang='grc' dir='ltr'>ὑπομείνας</span> <span class='ocrx_word' id='word_1_711' title='bbox 1640 5214 1736 5248; x_wconf 86' lang='grc' dir='ltr'>κα-</span> 
     </span>
    </p>
   </div>
   <div class='ocr_carea' id='block_1_100' title="bbox 176 5285 1731 5376">
    <p class='ocr_par' dir='ltr' id='par_1_100' title="bbox 176 5285 1731 5376">
     <span class='ocr_line' id='line_1_100' title="bbox 176 5285 1731 5376; baseline -0.015 -18"><span class='ocrx_word' id='word_1_712' title='bbox 176 5308 427 5376; x_wconf 80' lang='grc' dir='ltr'>θαίρεται</span> <span class='ocrx_word' id='word_1_713' title='bbox 460 5305 526 5355; x_wconf 73' lang='grc' dir='ltr'>δι’</span> <span class='ocrx_word' id='word_1_714' title='bbox 558 5297 728 5353; x_wconf 76' lang='grc' dir='ltr'>αὑτοῦ</span> <span class='ocrx_word' id='word_1_715' title='bbox 774 5294 862 5346; x_wconf 86' lang='grc' dir='ltr'><strong>τοῦ</strong></span> <span class='ocrx_word' id='word_1_716' title='bbox 913 5293 1132 5359; x_wconf 88' lang='grc' dir='ltr'>πάσχειν</span> <span class='ocrx_word' id='word_1_717' title='bbox 1155 5307 1167 5319; x_wconf 93' lang='grc'><strong>·</strong></span> <span class='ocrx_word' id='word_1_718' title='bbox 1199 5291 1288 5342; x_wconf 80' lang='grc' dir='ltr'>καὶ</span> <span class='ocrx_word' id='word_1_719' title='bbox 1319 5285 1731 5354; x_wconf 85' lang='grc' dir='ltr'>καθαιρόμενος,</span> 
     </span>
    </p>
   </div>
   <div class='ocr_carea' id='block_1_101' title="bbox 178 5375 1730 5464">
    <p class='ocr_par' dir='ltr' id='par_1_101' title="bbox 178 5375 1730 5464">
     <span class='ocr_line' id='line_1_101' title="bbox 178 5375 1730 5464; baseline -0.015 -15"><span class='ocrx_word' id='word_1_720' title='bbox 178 5375 366 5464; x_wconf 76' lang='grc' dir='ltr'>ὥσπερ</span> <span class='ocrx_word' id='word_1_721' title='bbox 404 5392 608 5462; x_wconf 79' lang='grc' dir='ltr'>χρυσὸς</span> <span class='ocrx_word' id='word_1_722' title='bbox 639 5390 696 5438; x_wconf 81' lang='grc' dir='ltr'>ὲν</span> <span class='ocrx_word' id='word_1_723' title='bbox 724 5383 1078 5452; x_wconf 84' lang='grc' dir='ltr'>χωνευτηρίῳ,</span> <span class='ocrx_word' id='word_1_724' title='bbox 1107 5381 1314 5448; x_wconf 86' lang='grc' dir='ltr'>δόκιμος</span> <span class='ocrx_word' id='word_1_725' title='bbox 1342 5375 1730 5464; x_wconf 50' lang='grc' dir='ltr'>,ᾀποφαίνεταῃ</span> 
     </span>
    </p>
   </div>
   <div class='ocr_carea' id='block_1_102' title="bbox 181 5462 1732 5544">
    <p class='ocr_par' dir='ltr' id='par_1_102' title="bbox 181 5462 1732 5544">
     <span class='ocr_line' id='line_1_102' title="bbox 181 5462 1732 5544; baseline -0.016 -6"><span class='ocrx_word' id='word_1_726' title='bbox 181 5487 286 5536; x_wconf 73' lang='grc' dir='ltr'><strong>πᾶν</strong></span> <span class='ocrx_word' id='word_1_727' title='bbox 332 5462 393 5534; x_wconf 76' lang='grc' dir='ltr'>τὸ</span> <span class='ocrx_word' id='word_1_728' title='bbox 442 5478 734 5544; x_wconf 78' lang='grc' dir='ltr'>ἀλλότριον</span> <span class='ocrx_word' id='word_1_729' title='bbox 784 5470 1126 5536; x_wconf 83' lang='grc' dir='ltr'>ἀποθέμενος,</span> <span class='ocrx_word' id='word_1_730' title='bbox 1175 5467 1261 5519; x_wconf 74' lang='grc' dir='ltr'>καὶ</span> <span class='ocrx_word' id='word_1_731' title='bbox 1306 5463 1483 5530; x_wconf 85' lang='grc' dir='ltr'>πάσης</span> <span class='ocrx_word' id='word_1_732' title='bbox 1533 5462 1732 5526; x_wconf 87' lang='grc' dir='ltr'>κακίας</span> 
     </span>
    </p>
   </div>
   <div class='ocr_carea' id='block_1_103' title="bbox 254 5579 852 5648">
    <p class='ocr_par' dir='ltr' id='par_1_103' title="bbox 254 5579 852 5648">
     <span class='ocr_line' id='line_1_103' title="bbox 254 5579 852 5648; baseline -0.012 -4"><span class='ocrx_word' id='word_1_733' title='bbox 254 5599 297 5628; x_wconf 77' lang='grc' dir='ltr'><strong>ιθ</strong></span> <span class='ocrx_word' id='word_1_734' title='bbox 343 5594 485 5648; x_wconf 80' lang='lat' dir='ltr'><strong>Psal.</strong></span> <span class='ocrx_word' id='word_1_735' title='bbox 534 5600 714 5646; x_wconf 84' lang='lat' dir='ltr'><strong>xcut,</strong></span> <span class='ocrx_word' id='word_1_736' title='bbox 771 5579 852 5634; x_wconf 76' lang='lat' dir='ltr'><strong>l0.</strong></span> 
     </span>
    </p>
   </div>
   <div class='ocr_carea' id='block_1_104' title="bbox 1830 4846 3360 4920">
    <p class='ocr_par' dir='ltr' id='par_1_104' title="bbox 1830 4846 3360 4920">
     <span class='ocr_line' id='line_1_104' title="bbox 1830 4846 3360 4920; baseline 0.005 -20"><span class='ocrx_word' id='word_1_737' title='bbox 1830 4854 1885 4900; x_wconf 90' lang='lat' dir='ltr'><strong>et</strong></span> <span class='ocrx_word' id='word_1_738' title='bbox 1924 4846 2192 4912; x_wconf 89' lang='lat' dir='ltr'><strong>admiror;</strong></span> <span class='ocrx_word' id='word_1_739' title='bbox 2226 4862 2506 4916; x_wconf 88' lang='lat' dir='ltr'><strong>pauperem</strong></span> <span class='ocrx_word' id='word_1_740' title='bbox 2558 4864 2707 4914; x_wconf 90' lang='lat' dir='ltr'><strong>vero,</strong></span> <span class='ocrx_word' id='word_1_741' title='bbox 2752 4852 2872 4919; x_wconf 91' lang='lat' dir='ltr'><strong>quia</strong></span> <span class='ocrx_word' id='word_1_742' title='bbox 2917 4851 3060 4905; x_wconf 90' lang='lat' dir='ltr'><strong>nulla</strong></span> <span class='ocrx_word' id='word_1_743' title='bbox 3106 4852 3360 4920; x_wconf 76' lang='lat' dir='ltr'><strong>dignitate</strong></span> 
     </span>
    </p>
   </div>
   <div class='ocr_carea' id='block_1_105' title="bbox 1833 4931 2897 5006">
    <p class='ocr_par' dir='ltr' id='par_1_105' title="bbox 1833 4931 2897 5006">
     <span class='ocr_line' id='line_1_105' title="bbox 1833 4931 2897 5006; baseline 0.004 -17"><span class='ocrx_word' id='word_1_744' title='bbox 1833 4931 2089 5004; x_wconf 62' lang='lat' dir='ltr'><strong>praditus</strong></span> <span class='ocrx_word' id='word_1_745' title='bbox 2113 4945 2213 4999; x_wconf 91' lang='lat' dir='ltr'><strong>est,</strong></span> <span class='ocrx_word' id='word_1_746' title='bbox 2245 4939 2340 4991; x_wconf 91' lang='lat' dir='ltr'><strong>sub</strong></span> <span class='ocrx_word' id='word_1_747' title='bbox 2369 4939 2588 5006; x_wconf 88' lang='lat' dir='ltr'><strong>pedibus</strong></span> <span class='ocrx_word' id='word_1_748' title='bbox 2622 4941 2897 4994; x_wconf 89' lang='lat' dir='ltr'><strong>conculco.</strong></span> 
     </span>
    </p>
   </div>
   <div class='ocr_carea' id='block_1_106' title="bbox 1910 5023 3358 5096">
    <p class='ocr_par' dir='ltr' id='par_1_106' title="bbox 1910 5023 3358 5096">
     <span class='ocr_line' id='line_1_106' title="bbox 1910 5023 3358 5096; baseline 0.002 -19"><span class='ocrx_word' id='word_1_749' title='bbox 1910 5023 2070 5079; x_wconf 74' lang='lat' dir='ltr'><strong>Vsus.</strong></span> <span class='ocrx_word' id='word_1_750' title='bbox 2115 5025 2204 5081; x_wconf 74' lang='lat'><strong>25.</strong></span> <span class='ocrx_word' id='word_1_751' title='bbox 2248 5024 2364 5079; x_wconf 85' lang='lat' dir='ltr'><strong>Erit</strong></span> <span class='ocrx_word' id='word_1_752' title='bbox 2402 5029 2561 5096; x_wconf 85' lang='lat' dir='ltr'><strong>igitur</strong></span> <span class='ocrx_word' id='word_1_753' title='bbox 2611 5039 2728 5080; x_wconf 84' lang='lat' dir='ltr'><strong>tuus</strong></span> <span class='ocrx_word' id='word_1_754' title='bbox 2776 5029 3098 5091; x_wconf 82' lang='lat' dir='ltr'><strong>omnipotens</strong></span> <span class='ocrx_word' id='word_1_755' title='bbox 3129 5027 3358 5094; x_wconf 84' lang='lat' dir='ltr'><strong>ndjutor.</strong></span> 
     </span>
    </p>
   </div>
   <div class='ocr_carea' id='block_1_107' title="bbox 1838 5113 3358 5183">
    <p class='ocr_par' dir='ltr' id='par_1_107' title="bbox 1838 5113 3358 5183">
     <span class='ocr_line' id='line_1_107' title="bbox 1838 5113 3358 5183; baseline -0.001 -16"><span class='ocrx_word' id='word_1_756' title='bbox 1838 5115 2119 5182; x_wconf 85' lang='lat' dir='ltr'><strong>Eliphazus</strong></span> <span class='ocrx_word' id='word_1_757' title='bbox 2156 5117 2256 5170; x_wconf 88' lang='lat' dir='ltr'><strong>hoc</strong></span> <span class='ocrx_word' id='word_1_758' title='bbox 2290 5116 2405 5170; x_wconf 91' lang='lat' dir='ltr'><strong>loco</strong></span> <span class='ocrx_word' id='word_1_759' title='bbox 2436 5132 2624 5170; x_wconf 89' lang='lat' dir='ltr'><strong>sanum</strong></span> <span class='ocrx_word' id='word_1_760' title='bbox 2655 5117 2849 5183; x_wconf 82' lang='lat' dir='ltr'><strong>dogma</strong></span> <span class='ocrx_word' id='word_1_761' title='bbox 2897 5116 3134 5183; x_wconf 80' lang='lat' dir='ltr'><strong>profert;</strong></span> <span class='ocrx_word' id='word_1_762' title='bbox 3170 5113 3358 5166; x_wconf 78' lang='lat' dir='ltr'><strong>Jobuin</strong></span> 
     </span>
    </p>
   </div>
   <div class='ocr_carea' id='block_1_108' title="bbox 1838 5201 3362 5272">
    <p class='ocr_par' dir='ltr' id='par_1_108' title="bbox 1838 5201 3362 5272">
     <span class='ocr_line' id='line_1_108' title="bbox 1838 5201 3362 5272; baseline -0.003 -18"><span class='ocrx_word' id='word_1_763' title='bbox 1838 5203 1978 5255; x_wconf 90' lang='lat' dir='ltr'><strong>enim</strong></span> <span class='ocrx_word' id='word_1_764' title='bbox 2030 5213 2243 5272; x_wconf 89' lang='lat' dir='ltr'><strong>propter</strong></span> <span class='ocrx_word' id='word_1_765' title='bbox 2290 5212 2502 5272; x_wconf 87' lang='lat' dir='ltr'><strong>peccata</strong></span> <span class='ocrx_word' id='word_1_766' title='bbox 2551 5204 2660 5271; x_wconf 90' lang='lat' dir='ltr'><strong>pati</strong></span> <span class='ocrx_word' id='word_1_767' title='bbox 2705 5203 2928 5254; x_wconf 87' lang='lat' dir='ltr'><strong>adversa</strong></span> <span class='ocrx_word' id='word_1_768' title='bbox 2970 5201 3276 5259; x_wconf 81' lang='lat' dir='ltr'><strong>arbitratur,</strong></span> <span class='ocrx_word' id='word_1_769' title='bbox 3309 5209 3362 5252; x_wconf 90' lang='lat' dir='ltr'><strong>et</strong></span> 
     </span>
    </p>
   </div>
   <div class='ocr_carea' id='block_1_109' title="bbox 1839 5282 3363 5357">
    <p class='ocr_par' dir='ltr' id='par_1_109' title="bbox 1839 5282 3363 5357">
     <span class='ocr_line' id='line_1_109' title="bbox 1839 5282 3363 5357; baseline -0.003 -18"><span class='ocrx_word' id='word_1_770' title='bbox 1839 5291 1978 5354; x_wconf 89' lang='lat' dir='ltr'><strong>quod</strong></span> <span class='ocrx_word' id='word_1_771' title='bbox 2042 5291 2152 5357; x_wconf 90' lang='lat' dir='ltr'><strong>ipsa</strong></span> <span class='ocrx_word' id='word_1_772' title='bbox 2198 5290 2456 5346; x_wconf 87' lang='lat' dir='ltr'><strong>malorum</strong></span> <span class='ocrx_word' id='word_1_773' title='bbox 2512 5287 2830 5343; x_wconf 85' lang='lat' dir='ltr'><strong>toleratione</strong></span> <span class='ocrx_word' id='word_1_774' title='bbox 2870 5282 3176 5338; x_wconf 89' lang='lat' dir='ltr'><strong>sustinendo</strong></span> <span class='ocrx_word' id='word_1_775' title='bbox 3232 5296 3363 5347; x_wconf 88' lang='lat' dir='ltr'><strong>pur-</strong></span> 
     </span>
    </p>
   </div>
   <div class='ocr_carea' id='block_1_110' title="bbox 1837 5367 3364 5448">
    <p class='ocr_par' dir='ltr' id='par_1_110' title="bbox 1837 5367 3364 5448">
     <span class='ocr_line' id='line_1_110' title="bbox 1837 5367 3364 5448; baseline -0.008 -16"><span class='ocrx_word' id='word_1_776' title='bbox 1837 5387 2010 5445; x_wconf 78' lang='lat' dir='ltr'><strong>getur,</strong></span> <span class='ocrx_word' id='word_1_777' title='bbox 2059 5388 2113 5433; x_wconf 91' lang='lat' dir='ltr'><strong>et</strong></span> <span class='ocrx_word' id='word_1_778' title='bbox 2156 5389 2428 5448; x_wconf 71' lang='lat' dir='ltr'><strong>purgatus,</strong></span> <span class='ocrx_word' id='word_1_779' title='bbox 2480 5377 2688 5443; x_wconf 88' lang='lat' dir='ltr'><strong>abjecto</strong></span> <span class='ocrx_word' id='word_1_780' title='bbox 2734 5372 2882 5425; x_wconf 90' lang='lat' dir='ltr'><strong>omni</strong></span> <span class='ocrx_word' id='word_1_781' title='bbox 2925 5371 3117 5429; x_wconf 88' lang='lat' dir='ltr'><strong>alieno,</strong></span> <span class='ocrx_word' id='word_1_782' title='bbox 3148 5375 3202 5418; x_wconf 93' lang='lat' dir='ltr'><strong>et</strong></span> <span class='ocrx_word' id='word_1_783' title='bbox 3225 5367 3364 5422; x_wconf 88' lang='lat' dir='ltr'><strong>liber</strong></span> 
     </span>
    </p>
   </div>
   <div class='ocr_carea' id='block_1_111' title="bbox 1837 5458 3369 5537">
    <p class='ocr_par' dir='ltr' id='par_1_111' title="bbox 1837 5458 3369 5537">
     <span class='ocr_line' id='line_1_111' title="bbox 1837 5458 3369 5537; baseline -0.008 -18"><span class='ocrx_word' id='word_1_784' title='bbox 1837 5465 1904 5520; x_wconf 84' lang='lat' dir='ltr'><strong>ab</strong></span> <span class='ocrx_word' id='word_1_785' title='bbox 1947 5467 2048 5523; x_wconf 88' lang='lat' dir='ltr'><strong>ulla</strong></span> <span class='ocrx_word' id='word_1_786' title='bbox 2091 5467 2445 5537; x_wconf 86' lang='lat' dir='ltr'><strong>improbitatis</strong></span> <span class='ocrx_word' id='word_1_787' title='bbox 2483 5464 2728 5519; x_wconf 85' lang='lat' dir='ltr'><strong>mistura.</strong></span> <span class='ocrx_word' id='word_1_788' title='bbox 2777 5465 3030 5510; x_wconf 76' lang='lat' dir='ltr'><strong>tanouam</strong></span> <span class='ocrx_word' id='word_1_789' title='bbox 3074 5467 3260 5506; x_wconf 90' lang='lat' dir='ltr'><strong>aurum</strong></span> <span class='ocrx_word' id='word_1_790' title='bbox 3313 5458 3369 5510; x_wconf 89' lang='lat' dir='ltr'><strong>in</strong></span> 
     </span>
    </p>
   </div>
  </div>
