3806 6236
324 288 455 342 1059

318 482 453 548 quit,
501 493 561 532 ea
607 491 726 545 quae
764 474 859 528 tibi
908 474 1247 537 acciderunt,
1293 471 1630 533 sustinueris,
1682 468 1836 530 Deus,

234 601 247 611 -
320 579 572 636 tanquam
596 570 873 631 argentum
907 561 1027 629 igne
1061 569 1368 628 purgatum.
1404 573 1592 626 purum
1640 565 1691 610 te
1728 556 1845 609 red-

320 658 451 720 det;
484 663 536 708 et
563 667 729 722 purus
772 651 964 715 factus,
1001 660 1252 718 tauquam
1295 650 1340 702 is
1385 648 1475 716 qui
1512 655 1724 715 peccata
1748 646 1845 698 ab-

314 746 460 815 jecit.
491 741 737 797 ﬁduciam
767 740 1058 807 concipies,
1095 748 1151 791 et
1172 737 1499 791 conscientia
1528 750 1557 788 a
1600 735 1850 786 condem-

318 832 534 888 natioue
560 828 723 881 libera
766 838 951 892 preces
996 824 1243 886 fundens,
1287 821 1514 875 hilarem
1547 818 1747 869 vultum
1795 816 1847 867 in

321 923 511 991 caelum
539 919 751 975 attolles
778 934 791 970 :
820 924 875 970 et
904 917 948 971 si
977 922 1100 968 voto
1134 913 1312 981 aliquo
1366 919 1419 964 et
1444 909 1704 977 promisso
1744 906 1851 958 Deo

320 1024 375 1069 te
415 1008 790 1068 obstrinxeris,
843 1004 930 1058 ille
982 1013 1040 1056 ut
1085 1001 1343 1071 promissa
1396 1007 1483 1050 tua
1528 997 1591 1049 ad
1649 995 1851 1050 exitum

322 1087 601 1172 perducas,
657 1095 799 1149 vires
848 1091 944 1146 tibi
993 1089 1389 1159 suppeditabit;
1434 1084 1523 1139 ille
1569 1084 1709 1137 enim
1772 1088 1855 1134 est

329 1168 348 1243 ὲ
380 1191 469 1260 qui
498 1196 748 1256 operatur
802 1184 854 1236 in
894 1181 1047 1234 nobis
1081 1189 1133 1232 et
1171 1187 1226 1230 ut
1269 1175 1510 1239 velimus,
1549 1182 1603 1227 et
1645 1180 1705 1225 ut
1743 1168 1855 1225 elli-

324 1257 550 1339 cia-mus,
609 1288 706 1342 pro
750 1272 982 1342 gratuita
1031 1281 1127 1321 sua
1173 1261 1537 1318 benevolentia
1575 1261 1639 1312 ιι.
1684 1278 1703 1311 ι
1749 1257 1854 1310 Pro

324 1367 415 1427 illo
468 1373 667 1427 autem,
712 1378 731 1412 ι
781 1358 931 1414 dabit
982 1357 1074 1411 tibi
1124 1355 1347 1409 reddere
1395 1361 1537 1413 vota,
1598 1368 1618 1401 ›
1680 1349 1855 1402 Theo—

323 1456 468 1513 dotio
513 1454 892 1521 interpretatus
936 1455 1041 1511 est,
1090 1462 1107 1495 ι
1151 1443 1369 1498 delinies
1397 1441 1641 1503 verbum,
1677 1446 1735 1490 et
1763 1436 1851 1490 ﬁr-

324 1557 469 1613 mum
494 1542 602 1597 erit
629 1538 746 1604 tibi,
778 1556 798 1590 ι
858 1537 909 1590 id
953 1544 1058 1597 est,
1104 1532 1363 1603 quidquid
1413 1526 1758 1584 constitueris
1802 1535 1858 1580 et

326 1632 506 1691 animo
540 1627 873 1689 formaveris,
900 1639 1004 1677 non
1034 1622 1318 1675 intercidet
1348 1619 1441 1672 tibi
1471 1627 1522 1670 et
1550 1621 1854 1677 evanescat,

1682 271 1769 326 EX
1800 264 2094 327 ORIGENE

318 397 535 449 loruace
565 392 801 448 coctum,
836 385 1094 454 probatus
1138 392 1408 452 appareat.
1449 380 1506 436 Si
1550 380 1731 451 igitur,
1757 379 1821 430 in-

914 385 1094 440 ibatus
1138 392 1408 452 appareat.
1449 380 1506 436 Si
1550 380 1731 451 igitur,
1757 379 1839 430 in-
1867 381 1909 433 Δ
1935 373 2137 444 ἀμιγὴς
2158 366 2417 439 γεγονώς.

3545 216 3687 271 1040

2451 362 2644 435 Φησὶν
2675 352 2814 420 οὖν,
2844 352 2957 419 ,ὅτι
2979 386 3000 413 ,
3043 342 3162 400 ἐὰν
3200 337 3312 392 καὶ
3346 334 3420 435 ci.»
3450 327 3685 435 ὐτὲομεί-

2568 468 2683 513 σοι,
2704 442 3036 501 ἀποδώσει
3070 453 3146 489 σε
3186 425 3461 535 καθαρὸν
3494 420 3687 535 ὣῗπερ

2212 511 2629 617 ξιεπυρωμένον
2724 535 2883 598 Θεὸς
2908 549 2925 563 ο
2962 528 3089 623 κοιλ.
3130 517 3416 623 καθαρὸς
3452 511 3687 623 Kay-ep:—

1943 602 2064 702 ,
2089 602 2423 706 ⁸ττιιῤῥηςςίιξψ
2456 602 2679 694 ἕξεις,
2715 626 2805 686 ὡς
2863 616 3288 706 ἀποθέμενος
3333 602 3694 706 ramirami}—

1951 689 2125 799 ματα,
2160 689 2256 778 »έοίι
2281 689 2506 791 ’ἱλαρῶς
2536 689 2604 771 τὸ
2627 689 2999 785 ἡπρόσωπον
3041 701 3326 799 ἐπαρεῖς
3372 696 3464 756 είς
3611 689 3696 742 οὐ-

1953 780 1965 799 .
2113 780 2124 792 ι
2392 780 2403 791 .
2488 780 2499 782 -
2703 780 2718 785 -

1953 815 2131 886 ρανὺν,
2157 806 2573 877 ὰκαταγνὼστῳ
2604 800 2905 856 συνειδότι
2944 797 3079 857 τὰς
3116 786 3405 847 ἱκετείας
3431 780 3691 850 ποιούμε-

1949 869 2065 967 νος⁸
2102 869 2202 954 κᾶν
2233 917 2288 951 τι
2320 869 2458 968 abin
2492 869 2593 948 καὶ
2626 893 2868 960 ὑπόσχῃ
2900 886 3001 955 τῷ
3043 880 3221 951 Θεῷ,
3257 874 3445 968 αὐτος
3482 869 3690 968 ἐνισχύι-

1955 958 2042 1045 σεὶ
2073 1007 2133 1043 σε
2173 987 2313 1060 πρὸς
2343 958 2525 1056 πέρας
2566 958 2824 1051 ἀγαγεῖν
2842 958 2998 1039 νίτὰς
3042 972 3217 1044 πρὸς
3253 966 3442 1022 αὑτὸν
3472 958 3683 1033 ὐποσχέ

1955 1097 2102 1144 σεις·
2146 1052 2311 1140 αὐτὸς
2354 1052 2467 1144 γάρ
2516 1075 2674 1126 ἐστιν
2733 1090 2754 1120 r
2796 1073 2828 1123 ὁ
2868 1065 3179 1136 ἐνεργῶν
3235 1062 3305 1112 ἐν
3343 1058 3492 1127 ἡμῖν
3523 1053 3620 1106 καὶ
3646 1052 3695 1104 τί

1955 1171 2130 1224 θέλειν
2169 1166 2363 1222 καὶτὸ
2408 1166 2669 1232 ἐνεργεῖν
2720 1160 2883 1230 ὑπὲρ
2930 1158 3073 1225 τῆς
3133 1150 3453 1210 εὐδοκίας.
3498 1166 3519 1198 ι
3564 1145 3699 1198 ’Δντὶ

1959 1260 2141 1331 μέντοι
2169 1256 2268 1309 τοῦ
2294 1295 2312 1320 ,
2355 1273 2375 1305 ι
2417 1252 2597 1305 Δώσει
2627 1251 2690 1303 δέ
2740 1266 2834 1301 σοι
2868 1244 3249 1301 ἀποδοῦναι
3301 1238 3419 1300 τὰς
3455 1235 3645 1304 εὐχὰς,
3680 1251 3698 1284 ι

1955 1325 2269 1409 δεοδοτίων,
2306 1362 2326 1395 r
2351 1341 2682 1409 Καὶόριεῖς
2715 1337 2915 1410 ῥῆμα,
2955 1333 3090 1387 καὶ
3130 1325 3517 1401 σταθήσεταί
3550 1341 3651 1387 σοι,
3680 1342 3697 1375 ι

1956 1435 2185 1500 ἐξέδωκε
2202 1451 2214 1465 ·
2242 1432 2551 1493 τουτέστιν,
2578 1430 2736 1483 ᾶπαν
2765 1427 2798 1480 ὂ
2833 1426 2912 1480 ἂν
2951 1419 3262 1490 συντάξει]
3290 1418 3402 1471 καὶ
3425 1413 3701 1484 τυπώσῃς.

1955 1527 2018 1579 οὐ
2048 1520 2388 1579 διαπεσεῖται
2412 1538 2426 1552 ·
2471 1522 2571 1574 καὶ
2612 1517 2821 1580 ἁπλῶς
2870 1517 3107 1570 εἰπεῖν
3131 1554 3151 1579 ,
3205 1508 3464 1565 ἅπασάν
3497 1524 3583 1561 σοι
3613 1506 3705 1577 τὴν

1958 1611 2308 1685 ἁρμόζουσαν
2333 1610 2535 1679 δικαίῳ
2562 1607 2814 1678 παρέξει
2845 1604 3213 1672 διαγωγήν
3234 1618 3252 1631 ο
3300 1598 3408 1653 καὶ
3446 1598 3622 1648 πᾶσαι
3652 1594 3701 1646 αἱ

324 1720 418 1781 sed
445 1718 656 1773 ﬁrmum
686 1724 739 1769 et
766 1724 938 1768 ratum
968 1711 1094 1776 fiet;
1126 1720 1177 1763 et
1206 1718 1264 1762 ut
1291 1708 1455 1761 verbo
1484 1707 1683 1766 dicam,
1710 1702 1827 1754 dabi

2224 1698 2787 1765 κατευοδωθήσονται
2825 1694 2957 1747 ὑπὸ
2999 1690 3130 1744 τοῦ
3184 1689 3361 1742 θείου
3406 1684 3701 1755 ὁδηγούμε-

327 1809 425 1864 tibi
463 1804 916 1862 conversationem
964 1801 1016 1853 in
1058 1799 1305 1852 omnibus
1342 1797 1555 1850 homine
1589 1793 1736 1859 justo
1777 1792 1861 1844 di-

328 1911 505 1967 gnam,
538 1903 595 1949 et
624 1894 719 1946 vita
749 1901 853 1944 tuae
881 1902 1087 1953 omnes,
1115 1887 1295 1941 divino
1328 1885 1527 1938 lumine
1569 1884 1672 1935 iter
1706 1894 1859 1934 mon-

329 1994 557 2051 strante,
600 1981 1083 2051 prosperabuntnr,
1129 1977 1208 2030 vel
1266 1975 1423 2029 etiam
1476 1972 1712 2029 actiones
1754 1978 1860 2025 tuae

328 2074 619 2145 splendida
652 2079 704 2124 et
729 2069 1035 2124 honoriﬁca:
1066 2076 1240 2120 erunt.
1544 2053 1547 2057 ’

399 2163 557 2218 Vsus.
589 2159 679 2215 29.
720 2158 975 2222 Quoniam
1005 2154 1296 2208 humiliavit
1325 2153 1568 2219 seipsum.
1594 2160 1640 2203 et
1667 2149 1809 2201 dices
1839 2160 1858 2198 :

329 2253 515 2309 Elatia
536 2262 608 2306 est
632 2251 688 2303 in
716 2249 1030 2318 superbiam.
1064 2244 1208 2296 Licet
1234 2238 1421 2295 Jobum
1447 2239 1767 2306 alloquatur,
1796 2237 1863 2287 de

330 2343 437 2398 alio
457 2343 667 2396 videtur
687 2338 845 2391 verba
873 2335 1085 2388 facere:
1123 2330 1426 2396 Pr0pterea,
1465 2325 1658 2394 inquit,
1692 2322 1864 2393 poeni-

331 2435 553 2490 tentiam
582 2427 758 2496 agenti
778 2427 891 2480 hac
912 2423 1182 2486 evenient,
1203 2419 1331 2491 quia
1353 2419 1585 2486 seipsum
1609 2415 1862 2470 humilia-

330 2522 457 2584 vit,‘
487 2527 543 2572 et
596 2512 1021 2584 quandoquidem
1064 2509 1204 2562 fastu
1246 2516 1301 2561 et
1342 2504 1647 2575 arrogantia
1688 2502 1862 2558 elatus

331 2616 472 2672 erat,
515 2603 706 2658 merito
728 2614 789 2654 so
825 2597 1141 2653 sustinuisse
1163 2593 1296 2648 dixit
1323 2607 1384 2646 ea
1405 2607 1522 2660 quae
1544 2604 1732 2660 passus
1757 2596 1860 2644 est.

401 2694 470 2751 Et
504 2691 780 2746 demissum
806 2687 969 2741 oculis
1004 2684 1241 2738 aalvabit.
1283 2681 1394 2735 Hoc
1439 2689 1543 2742 est,
1590 2678 1864 2732 humiliter

333 2786 400 2839 de
425 2798 483 2839 se
508 2779 850 2839 sentientem,
874 2783 929 2829 et
955 2775 1100 2827 bumi
1131 2770 1313 2826 oculos
1354 2770 1598 2838 ﬁgentem
1642 2776 1865 2836 propter

334 2876 567 2932 animum
600 2865 726 2923 mali
766 2866 867 2920 sibi
900 2862 1173 2917 conscium
1219 2874 1281 2912 ac
1320 2856 1525 2910 ﬁduciae
1565 2863 1861 2921 expertem,

1959 1810 2047 1847 ναι
2070 1791 2272 1860 φωτός·
2300 1789 2335 1859 ἢ
2362 1789 2462 1842 καὶ
2496 1789 2556 1841 αἱ
2595 1786 2848 1858 πράξεις
2886 1799 3016 1835 σου
3057 1778 3376 1848 λαμπραὶ
3403 1778 3507 1829 καὶ
3535 1773 3702 1825 ἐπίδο-

1961 1879 2041 1943 ξοι
2068 1879 2302 1931 ἔσονται.

2030 2133 2157 2190 Ὀτι
2188 2135 2608 2190 ἐταπείνωσεν
2653 2133 2942 2200 ἑαυτὸν,
3002 2134 3138 2188 καὶ
3194 2129 3383 2202 ἐρεῖς
3407 2149 3425 2164 ο
3469 2134 3692 2200 Ὑπερη-

1955 2227 2318 2297 φανεύσατο.
2357 2226 2450 2288 Ὠς
2480 2227 2583 2296 μὲν
2616 2226 2759 2299 περὶ
2790 2225 3034 2298 ἐτέρου
3066 2226 3256 2278 δοκεί
3291 2222 3495 2292 λέγειν
3516 2239 3532 2253 ⁸
3570 2221 3695 2294 πρὸς

1955 2317 2010 2369 δέ
2031 2317 2121 2369 τὸν
2159 2314 2280 2367 ’1ὼὸ
2311 2316 2339 2367 ὁ
2377 2315 2562 2382 λόγος.
2594 2315 2705 2367 Διὰ
2753 2314 2943 2367 τοῦτο
2976 2354 2998 2379 ,
3044 2316 3256 2385 φησὶν
3279 2356 3298 2381 ,
3337 2314 3507 2366 ἔσται
3532 2314 3699 2366 ταῦτα

1955 2404 2034 2475 τῷ
2066 2403 2436 2473 μετανοοῦντι,
2477 2404 2563 2455 ὅτι
2593 2403 3029 2457 ἐταπείνωσεν
3083 2406 3325 2457 ἑαυτὸν
3345 2442 3363 2467 ,
3401 2403 3508 2457 καὶ
3530 2403 3694 2470 εἶπεν,

1956 2494 2037 2547 δτι
2068 2492 2288 2556 ἐνδίκως
2310 2492 2476 2556 αὐτὸς
2499 2492 2722 2545 ὑπέστη
2756 2492 2797 2546 ἃ
2823 2492 3198 2558 πέπονθεν,
3236 2493 3456 2565 ἐπειδὴ
3494 2495 3697 2564 Circam--

1959 2580 2128 2652 φανεύ
2138 2597 2277 2635 εατο.

2030 2668 2142 2724 Καὶ
2169 2669 2445 2737 κύφοντα
2472 2664 2835 2735 ὀφθαλμοῖς
2862 2663 3135 2718 σώσει.
3168 2662 3473 2717 Τωτὲστι
3502 2658 3595 2714 τὸν
3617 2676 3702 2712 τεο

1965 2759 2308 2829 πεινόφρονα,
2341 2756 2436 2809 τὸν
2470 2755 2631 2809 κάτω
2664 2754 2983 2823 βλέποντα
3013 2754 3131 2806 διὰ
3155 2754 3235 2806 τὸ
3265 2747 3698 2816 δυσσυνείδητον

1963 2851 2057 2904 καὶ
2089 2845 2547 2920 ἀπαρρησίαστον
2569 2885 2587 2911 ,
2618 2843 2911 2914 καθάπερ
2955 2846 2995 2898 ὁ
3060 2844 3136 2896 ἐν
3166 2846 3308 2908 τοῖς
3340 2836 3702 2909 Edenda;

334 2958 771 3033 quemadmodum
792 2951 1108 3023 publicanus
1125 2949 1175 3000 in
1196 2944 1495 3014 Evangeliis
1506 2942 1837 3011 justiticatus

1058 2949 1175 3001 asin
1196 2942 1859 3014 Evangeliisjustiﬁcatus.
1888 2973 1936 3033 α
1964 2936 2270 2998 δικαιωθεὶς
2293 2932 2561 3004 τελώνης.

896 3036 1042 3094 CAP.
1083 3032 1291 3087 XXVII.
1350 3034 1357 3037 ’

405 3136 566 3191 Vsus.
598 3136 649 3187 1.
690 3131 873 3184 Adhuc
925 3136 1095 3181 autem
1145 3120 1245 3175 Job
1312 3116 1561 3186 adjiciam
1619 3115 1866 3181 protentio

335 3227 489 3281 dixit.
520 3220 788 3285 Diabolus,
815 3225 1079 3288 potestate
1103 3218 1342 3278 accepta,
1373 3207 1600 3277 primum
1649 3202 1863 3288 quidem

324 3315 701 3376 extrinsecus,
744 3287 938 3363 deinde
972 3301 1138 3372 plagis
1175 3298 1383 3366 corpori
1421 3293 1661 3355 inﬂictis,
1708 3287 1867 3361 505

343 3418 407 3457 ac
438 3410 620 3468 postea
645 3410 743 3466 per
765 3394 987 3455 amicos,
1015 3388 1205 3443 Jubum
1231 3388 1345 3441 dies
1374 3393 1427 3440 et
1451 3391 1634 3436 noctes
1659 3379 1869 3433 crucia-

349 3466 491 3543 tibus
537 3484 853 3555 exploravit.
907 3482 1193 3555 Postquam
1250 3473 1392 3528 enim
1443 3485 1538 3540 per
1592 3466 1868 3537 coniugem

341 3578 579 3634 animum
604 3553 723 3647 ejus
750 3553 1125 3642 pertentassel,
1149 3575 1203 3620 et
1228 3563 1485 3617 invictum
1511 3573 1631 3614 eum
1658 3571 1872 3627 perma-

341 3681 471 3722 nere
514 3644 882 3736 cognovisset,
934 3658 1135 3713 amicos
1190 3662 1301 3709 tres
1342 3653 1407 3704 ad
1458 3664 1579 3703 eum
1625 3644 1869 3713 adduxit,

342 3771 450 3812 non
490 3755 754 3816 inimicos,
799 3764 970 3818 neque
1004 3745 1259 3800 insidiosa
1319 3742 1567 3809 dogma-ta
1609 3735 1867 3799 foventes,

343 3844 437 3899 sed
465 3844 552 3911 qui
579 3854 852 3894 sermones
893 3849 1072 3897 veros,
1119 3832 1241 3885 licet
1288 3829 1467 3882 minus
1507 3825 1750 3895 apposite
1779 3837 1874 3877 ne-

343 3946 449 4002 que
477 3943 713 3999 tempore
748 3934 1045 3995 opportuno
1071 3921 1310 3990 prolatos
1349 3916 1768 3983 usurpaverint;
1810 3927 1873 3967 ac

348 3999 442 4088 per
474 4017 570 4070 bos
605 4023 662 4067 ut
682 4012 859 4079 justus
887 4020 1071 4064 contra
1113 4002 1515 4061 Providentiam
1552 4000 1751 4069 aliquid
1778 3999 1873 4067 Io-

350 4087 626 4173 queretur,
687 4109 902 4170 propter
948 4107 1214 4152 aerumnas
1261 4100 1317 4144 et
1360 4087 1631 4142 molestias
1677 4087 1875 4156 impius

348 4193 631 4258 evaderet,
659 4199 714 4245 et
743 4187 941 4243 doloris
964 4183 1258 4238 acerbitate
1301 4176 1472 4231 victus
1501 4176 1737 4229 animum
1783 4176 1877 4229 de-

2591 3024 2745 3076 ΚΕΦ
2764 3062 2780 3076 .
2814 3025 2973 3079 KZ'.

2044 3117 2169 3169 Ἔτι
2199 3114 2267 3167 δὲ
2294 3113 2589 3180 προσθεὶς
2623 3113 2770 3167 Ἰὼϐ
2786 3112 2885 3178 τῷ
2919 3114 3288 3182 προοιμίῳ
3315 3108 3526 3166 εἶπεν.
3551 3106 3701 3161 Ἐλαι

1972 3205 2064 3257 σεν
2109 3202 2353 3269 ἐξουσίαν
2396 3201 2493 3254 τοῦ
2538 3201 2667 3254 Ἰὼϐ
2699 3203 2731 3254 ό
2771 3202 3075 3265 διάϐολος
3110 3204 3229 3256 καὶ
3279 3203 3509 3273 ἧτασεν
3544 3198 3703 3253 nam

1972 3292 2161 3354 νυκτὸς
2203 3292 2299 3343 καὶ
2334 3291 2590 3361 ἡμέραςο
2629 3291 2935 3361 πρότερον
3008 3294 3138 3362 μὲν
3194 3292 3304 3346 διὰ
3360 3290 3482 3345 τῶν
3514 3286 3701 3348 ἐκτός”

1973 3378 2196 3450 ὕστερον
2225 3378 2282 3430 δὲ
2315 3377 2381 3429 δι’
2425 3376 2596 3430 αὐτοῦ
2630 3376 2734 3429 τοῦ
2775 3376 3089 3447 σώματος
3109 3397 3129 3410 ο
3181 3380 3350 3451 μετὰ
3396 3378 3580 3434 ταῦτα
3613 3374 3703 3427 καὶ

1972 3466 2060 3520 διὰ
2097 3466 2204 3519 τῶν
2239 3465 2427 3534 φίλων.
2465 3466 2599 3518 Ὀτε
2641 3465 2764 3535 γὰρ
2816 3467 3016 3519 αὐτὸν
3079 3468 3432 3539 ἐδοκίμαζε
3466 3468 3563 3521 διὰ
3606 3468 3702 3534 τῆς

1974 3555 2231 3625 γυναικὸς
2251 3594 2266 3618 ,
2297 3554 2391 3607 καὶ
2426 3549 2569 3606 οἶδεν
2594 3591 2610 3616 ,
2643 3555 2732 3607 ὅτι
2782 3556 2851 3608 οὐ
2884 3558 3243 3629 νενίκηται
3292 3561 3328 3612 ὁ
3371 3557 3528 3625 Ἰὼϐ,
3560 3558 3702 3628 τρεῖς

1976 3646 2160 3715 φίλους
2190 3644 2420 3713 ἤνεγκεν
2441 3680 2456 3703 ,
2483 3642 2591 3694 οὐκ
2620 3642 2904 3714 ἐχθροὺς,
2942 3646 3071 3700 οὐκ
3111 3648 3431 3702 ἐπίϐουλα
3462 3648 3704 3718 δόγματα

1976 3736 2221 3807 ἔχοντας·
2258 3731 2373 3785 ἀλλ’
2398 3730 2630 3802 ἀληθεῖς
2661 3733 2769 3802 μὲν
2799 3733 3062 3803 λόγους,
3105 3739 3185 3791 οὗ
3219 3739 3437 3802 καλῶς
3462 3738 3559 3799 δὲ,
3587 3733 3703 3790 οὐδὲ

1976 3827 2033 3877 ἐν
2057 3820 2231 3894 καιρῷ
2261 3821 2761 3891 προσφερομένους
2782 3840 2798 3853 ·
2842 3825 2955 3877 καὶ
3006 3826 3327 3882 ἐϐούλετο
3370 3829 3471 3881 διὰ
3502 3828 3702 3881 τούτων

1978 3914 2199 3981 ποιῆσαι
2246 3910 2337 3964 τὸν
2376 3910 2590 3962 δίκαιον
2641 3911 3033 3982 φθέγξασθαί
3080 3936 3152 3971 τι
3203 3919 3375 3973 κατὰ
3420 3920 3529 3989 τῆς
3570 3920 3704 3989 Προ-

1978 4003 2159 4065 νοίας·
2210 4000 2477 4070 ἀσεϐῆσαι
2520 3999 2614 4054 διὰ
2668 4004 2812 4067 τοὺς
2876 4005 3167 4071 πόνους·
3228 4012 3582 4079 ὲκκακῆσαι
3621 4009 3701 4063 διὸ

1978 4091 2075 4153 τὰς
2103 4089 2427 4159 ἁλγηδόναςτ
2459 4089 2580 4142 ἀλλ’
2621 4092 2653 4143 ὁ
2686 4093 2940 4164 στερρὸς
2964 4095 3251 4167 ἀδάμας
3288 4096 3492 4167 οὗτος,
3528 4101 3630 4171 δρα
3649 4098 3701 4151 τί

1980 4180 2128 4247 λέγει
2176 4178 2318 4247 μετὰ
2356 4179 2484 4240 τοὺς
2530 4178 2741 4247 λόγους
2785 4182 2905 4235 τῶν
2947 4186 3213 4255 τριῶν,
3256 4189 3368 4244 ὅτε
3422 4191 3645 4244 ἐτέλεσε
3674 4189 3704 4239 ὀ

349 4278 650 4345 sponderet,
692 4275 850 4329 enixe
891 4269 1284 4326 contendebat:
1330 4277 1515 4316 verum
1541 4270 1657 4330 post
1683 4262 1852 4315 boruu

2199 4269 2217 4331 ξ
2246 4270 2397 4337 τρεῖς
2446 4267 2733 4335 διαλέξεις
2758 4309 2775 4332 ,
2812 4274 2845 4325 ό
2885 4272 3148 4330 Βοιλδὰδ
3180 4282 3366 4349 τρεῖς
3394 4320 3413 4346 ,
3444 4279 3478 4331 ὁ
3525 4276 3702 4345 Σοφὰρ

354 4364 509 4419 trium
546 4377 839 4426 sermones,
879 4369 1157 4429 postquam
1203 4352 1488 4421 Elipbazus
1527 4362 1636 4405 tres
1677 4350 1874 4404 disser-

353 4456 600 4518 tationes,
629 4453 890 4509 Baldadus
919 4460 1050 4513 tres,
1103 4456 1156 4501 et
1203 4444 1477 4512 Sopharus
1522 4442 1654 4496 duas
1695 4440 1875 4495 absol-

354 4544 537 4607 visset,
559 4542 681 4597 vide
703 4545 827 4614 quid
855 4541 1042 4596 ﬁrmus
1066 4538 1154 4592 hic
1187 4537 1407 4588 adamas
1444 4533 1606 4586 dicat.

420 4629 579 4687 Vsus.
618 4629 669 4683 6.
710 4629 819 4683 Nec
839 4629 972 4683 enim
1001 4623 1234 4678 conscius
1260 4636 1375 4672 sum
1406 4618 1533 4671 mihi
1563 4617 1881 4670 commisirse

353 4721 601 4775 absurda.
643 4719 754 4774 Hoc
784 4719 943 4773 etiam
982 4713 1182 4770 Paulus
1209 4718 1395 4779 postea
1429 4709 1638 4762 locutus
1672 4716 1787 4771 est,
1827 4716 1885 4760 et

354 4806 553 4861 addidit
593 4807 634 4838 ¹¹
680 4823 695 4860 :
734 4822 754 4856 r
780 4803 884 4858 Sed
924 4816 1029 4856 non
1065 4814 1158 4868 per
1186 4799 1287 4851 boc
1319 4788 1643 4864 justiﬁcatus
1681 4808 1821 4848 sum.
1858 4810 1877 4843 ι

365 4894 548 4962 Magna
574 4892 678 4948 fuit
702 4892 800 4948 viri
820 4890 950 4960 justi
983 4885 1173 4940 ﬁducia
1205 4890 1422 4952 propter
1450 4882 1572 4934 vita:
1595 4889 1724 4935 ante
1751 4892 1884 4935 actae

358 4983 737 5047 innocentiam,
761 4990 815 5035 et
838 4994 900 5033 ea
931 4988 1051 5045 quae
1083 4971 1404 5027 calamitatis
1435 4979 1672 5037 tempore
1706 4983 1885 5038 gesse-

357 5080 464 5137 rat,
498 5072 568 5126 ita
599 5057 657 5126 ut
680 5069 895 5129 dixerit,
922 5062 1130 5118 Nullius
1159 5058 1288 5112 mibi
1322 5057 1571 5111 conscius
1604 5071 1743 5110 sum.

936 5151 1083 5208 CAP.
1118 5146 1303 5202 XXIX.

427 5247 589 5304 Vm.
626 5249 680 5305 9.
719 5246 784 5300 Et
808 5251 1032 5313 potentes
1055 5243 1373 5290 cessaverunt
1399 5234 1560 5303 loqui.
1584 5233 1888 5290 Velsecun-

357 5334 489 5388 dum
534 5337 752 5390 aliorum
802 5326 1321 5400 interpretationem,
1376 5323 1711 5392 «principes.
1743 5343 1763 5377 ι
1821 5324 1888 5379 Hi

433 5507 477 5536 ιι
507 5507 640 5562 Phil.
668 5527 728 5575 ιι,
763 5512 847 5564 l3.
926 5511 968 5540 “
1003 5509 1020 5560 ι
1053 5507 1174 5561 Cor.
1223 5518 1295 5567 IV,
1346 5501 1400 5555 4.

1980 4353 2095 4407 δύο.

2062 4627 2145 4679 Οὐ
2170 4626 2282 4694 γὰρ
2328 4623 2591 4678 σύνοιδα
2627 4625 2876 4694 ἐμαυτῷ
2913 4628 3159 4686 ἄτοπα
3205 4637 3505 4704 πράξας.
3538 4636 3704 4689 Τοῦτο

1989 4714 2086 4768 καὶ
2127 4714 2341 4779 Παῦλος
2383 4713 2619 4783 ὕστερον
2665 4716 2983 4785 ἐφθέγξατο
3014 4758 3037 4783 ,
3111 4726 3237 4777 καὶ
3295 4727 3663 4799 προσέθηκεν
3682 4740 3701 4758 ·

1989 4822 2008 4854 ι
2056 4803 2196 4857 Ἀλλ’
2229 4805 2333 4858 οὐκ
2372 4806 2433 4857 ἐν
2478 4805 2663 4876 τούτῳ
2691 4804 3108 4875 δεδικαίωμαι.
3161 4831 3186 4864 a
3225 4815 3441 4887 Πολλὴ
3485 4819 3522 4887 ἡ
3562 4817 3700 4884 παῤ-

1986 4892 2155 4962 ρησία
2180 4893 2279 4948 τοῦ
2306 4894 2522 4948 δικαίου
2558 4896 2660 4950 καὶ
2687 4897 2787 4950 ἐπὶ
2816 4895 2896 4965 τῷ
2925 4900 3244 4973 προτέρῳ
3296 4905 3452 4976 βίῳ,
3484 4907 3586 4962 καὶ
3613 4906 3702 4962 ἐπὶ

1982 4959 2102 5043 τοῖς
2132 4983 2279 5038 κατὰ
2312 4983 2406 5036 τὸν
2442 4985 2641 5054 καιρὸν
2683 4986 2787 5057 τῆς
2820 4959 3260 5056 περιστάσέᾷ

1987 5068 2169 5155 εἰπεῖν
2188 5088 2201 5102 ·
2239 5074 2407 5127 Οὐδὲν
2437 5075 2670 5147 ἐμαυτῷ
2698 5075 2937 5129 σύνοιδα.

2640 5168 2816 5221 ΚΕΨ.
2848 5165 2976 5220 ΚΘν.

2037 5336 2065 5349 υ
2082 5248 2310 5349 Ἀἶδροί
2328 5257 2396 5312 δὲ
2431 5258 2787 5315 ἐπαύσαντο
2830 5255 3235 5327 λαλοῦντες.
3285 5264 3371 5318 Ἦ
3414 5263 3573 5320 κατὰ
3598 5263 3699 5336 τὴν

1993 5336 2111 5392 τῶν
2140 5314 2354 5404 λοιπῶν
2379 5314 2613 5406 ἔκδοσιν
2659 5370 2679 5405 ι
2719 5352 2769 5406 οἱ
2797 5348 3081 5421 ἄρχοντες.
3134 5368 3159 5401 ι
3176 5314 3396 5408 '02;ch
