3806 6196
251 229 405 293 suis

1590 253 1885 308 SELECTA
1920 254 1984 307 IN
2013 254 2148 309 JOB.

3261 247 3394 303 1046

250 351 433 413 ἵππος
460 350 553 403 καὶ
586 351 805 420 ἡμίονος
823 393 836 417 ,
864 351 944 417 οἷς
972 357 1069 409 οὐκ
1111 357 1222 412 ἐστι
1260 357 1465 422 σύνεσις
1482 401 1495 424 ,
1524 363 1613 415 καὶ
1637 363 1785 427 ἵππος

1904 376 1985 420 tus
2007 380 2106 418 non
2138 379 2194 417 es
2217 404 2230 427 ,
2270 361 2359 415 sed
2386 368 2717 429 comparatus
2743 374 2801 415 es
2823 360 3097 429 jumentis,
3125 362 3398 427 factusque

245 436 393 507 θηλυ
400 439 596 508 μανής.

889 715 1024 766 ΚΕΦ
1048 752 1063 767 .
1087 708 1177 766 Μ’.

299 799 628 867 armasse
662 798 835 859 ζῶσαι
858 799 1057 867 ὥσπερ
1082 800 1231 867 ἀνὴρ
1256 799 1366 865 τὴν
1424 801 1619 867 ὀσφύν
1646 814 1781 853 σου.

221 888 308 940 Τὰ
347 888 458 956 μὲν
489 887 666 939 τέλεια
689 887 796 939 τῶν
850 889 1233 955 ἀγωνισμάτων
1262 889 1370 950 τοῖς
1420 887 1593 950 καλῶς
1623 888 1785 956 ἀθλή-

221 991 356 1027 σασι
392 974 539 1042 μετά
567 974 657 1026 τὸν
693 974 803 1042 βίον
826 976 1105 1027 ἀπόκειται
1136 974 1339 1027 τοῦτον·
1368 976 1515 1027 οὐδὲν
1543 975 1599 1027 δὲ
1629 971 1785 1045 ἦττον

222 1064 319 1115 καὶ
349 1063 461 1131 ἤδη
493 1066 526 1131 ὴ
564 1063 721 1133 χάρις
748 1062 838 1114 τοῦ
874 1061 1006 1115 Θεοῦ
1034 1063 1449 1132 ἀρραϐωνίζεται
1478 1064 1600 1125 τοὺς
1630 1061 1787 1130 ἀθλη-

222 1150 342 1211 τάς.
380 1148 488 1201 Διά
523 1152 702 1209 τοῦτο,
735 1150 822 1201 ὅτε
873 1150 1172 1218 ἠγωνίσατο
1198 1149 1263 1201 τὰ
1298 1150 1520 1218 μέγιστα
1565 1152 1592 1200 ὁ
1634 1151 1783 1201 Ἰώδ-

221 1236 335 1295 ὃτε,
369 1235 674 1287 ἀποϐαλὼν
704 1237 771 1287 τὰ
804 1238 1127 1305 ὑπάρχοντα,
1155 1237 1363 1301 ὲδόξασε
1389 1237 1476 1288 τὸν
1505 1237 1785 1289 δεδωκόταο

221 1322 333 1383 ὅτε,
358 1322 711 1388 ἀποθέμενος
733 1322 800 1373 τὰ
830 1322 1010 1384 τέκνα,
1040 1324 1387 1392 εὑχαρίστησε
1408 1322 1483 1390 τῷ
1536 1323 1788 1392 παρειλη-

224 1410 368 1477 pars.
401 1410 521 1472 ὅτε,
558 1412 793 1479 νοσήσας
821 1411 895 1471 ὡς
942 1410 1219 1479 σκώληκας
1262 1411 1542 1479 ἀνομδρεῖν
1567 1412 1670 1462 ἀπὸ
1695 1410 1787 1463 τοῦ

223 1498 512 1567 σώματος,
570 1500 633 1554 οὑ
669 1501 939 1567 νενίκηται
992 1500 1097 1551 ἀπὸ
1144 1498 1249 1549 τῶν
1281 1499 1482 1552 πόνων’
1537 1500 1787 1568 προοίμια

222 1587 317 1638 καὶ
343 1586 654 1656 ἀρραϐῶνα
679 1588 784 1639 τῶν
810 1587 979 1639 ἄθλων
1009 1587 1215 1638 δίδωσιν
1245 1588 1387 1656 αὐτῷ
1413 1589 1441 1639 ὁ
1486 1588 1634 1649 Θεὸς,
1659 1605 1790 1658 χρη-

1879 476 1939 516 es
1979 458 2123 511 sicut
2160 466 2326 518 equus
2349 460 2401 501 et
2433 450 2625 513 mulus,
2666 450 2718 501 in
2749 450 2938 517 quibus
2970 464 3072 502 non
3119 456 3201 502 est
3242 448 3399 500 intel-

1880 548 2048 600 lectus
2085 543 2148 606 “,
2210 550 2264 594 et
2311 552 2476 606 equus
2525 538 2739 605 quidem
2789 545 2954 591 (nstro
3000 536 3231 591 libidinis
3275 552 3398 604 per-

1880 635 2013 688 citus
2046 632 2108 686 "’.

2492 709 2641 767 CAP.
2672 710 2784 764 XL.

1952 806 2111 859 Vnus.
2171 806 2221 859 7.
2293 802 2667 871 Nequaquam,
2725 801 2815 852 sed
2859 800 3118 865 accingere
3153 800 3282 852 sicut
3320 800 3399 851 vir

1881 896 2105 948 lumbum
2137 900 2301 945 tuum.
2341 890 2410 941 lis
2455 889 2664 956 quidem
2693 888 2779 955 qui
2814 901 2870 939 se
2896 896 3140 939 strenuos
3176 886 3400 937 athletas

1881 983 2272 1050 prazstiterunt,
2338 977 2551 1043 praemia
2605 974 3033 1043 praestantissima
3094 980 3211 1040 post
3263 973 3402 1025 hanc

1881 1070 2043 1123 vitam
2080 1065 2348 1120 recondita
2397 1073 2553 1125 sunt;
2604 1062 2940 1116 nihilominus
2977 1075 3113 1115 nunc
3157 1061 3313 1115 etiam
3346 1061 3400 1114 in

1883 1154 2126 1224 praesenti
2157 1151 2371 1209 smculo,
2402 1150 2506 1202 illis
2534 1149 2704 1217 gratia
2738 1148 2829 1201 Dei
2855 1162 2951 1217 pro
2975 1146 3271 1201 arrhabone
3297 1156 3400 1201 est.

1883 1242 2082 1294 Idcirco
2127 1239 2290 1291 Jobus
2332 1251 2453 1288 cum
2512 1250 2775 1288 summum
2834 1235 3118 1288 discrimen
3164 1235 3401 1295 adiisset,

1884 1343 2002 1381 cum
2040 1328 2189 1379 bonis
2225 1327 2477 1385 nudatus,
2523 1324 2759 1390 largitori
2811 1323 3033 1391 gloriam
3088 1323 3401 1388 detulisset;

1884 1426 2002 1465 cum
2031 1410 2207 1464 liberis
2235 1418 2483 1471 ornatus,
2511 1410 2705 1475 gratias
2732 1407 2988 1463 aul’erenti
3015 1409 3210 1477 egisset
3234 1427 3249 1473 ;
3285 1424 3403 1463 cum

1883 1498 2192 1568 aegritudine
2246 1497 2574 1557 laborasset,
2628 1496 2698 1547 ita
2750 1505 2807 1547 ut
2860 1508 3062 1549 vermes
3118 1509 3148 1549 e
3184 1510 3407 1562 corpore

1887 1589 2057 1640 instar
2098 1585 2282 1639 imbris
2339 1584 2700 1653 proﬂuxeriut,
2756 1583 3008 1637 molestiis
3050 1594 3104 1637 et
3155 1585 3407 1638 aerumnis

222 1675 466 1743 ματίσας
500 1674 655 1744 αὐτῷ
680 1675 767 1727 διὰ
793 1675 984 1743 νέφους
1007 1677 1098 1727 καὶ
1126 1675 1397 1738 λαίλαπος.
1425 1677 1677 1739 ’Δκούσας
1695 1674 1784 1729 οὖν

1890 1685 2161 1741 superatus
2187 1689 2292 1726 non
2322 1682 2404 1725 est
2428 1691 2441 1737 ;
2482 1687 2664 1726 verum
2710 1672 2847 1725 Deus
2872 1688 2901 1725 e
2949 1681 3089 1726 nube
3117 1682 3171 1727 et
3199 1674 3407 1727 turbine

222 1763 331 1813 τῶν
366 1763 667 1832 προτέρων
698 1763 888 1829 λόγων,
921 1764 1035 1816 δέον
1061 1764 1444 1833 ἀποκρίνασθαι
1473 1765 1605 1834 πρὸς
1632 1765 1781 1827 Θεὸν,

221 1852 429 1920 σιωπᾷ.
469 1851 553 1913 ὡς
581 1854 682 1904 οὑκ
716 1853 850 1919 ἔχων
883 1853 1181 1920 παρρησίαν
1202 1869 1214 1881 ο
1267 1852 1413 1903 οὔπω
1438 1853 1541 1923 γὰρ
1565 1853 1676 1922 ᾔδει
1704 1856 1782 1915 τὸ,

225 1956 245 1987 s
286 1937 508 2005 Μωσῆς
535 1937 735 1999 ἐλάλει,
770 1940 798 1989 ὁ
821 1939 877 1989 δὲ
905 1939 1033 1999 Θεὸς
1056 1939 1376 2007 ἀπεκρίνατο
1405 1940 1547 2009 αὑτῷ
1567 1944 1733 2010 φωνῇ.
1759 1959 1778 1992 ι

231 2026 292 2076 '0
325 2026 525 2094 μέντοι
578 2026 711 2087 Θεὸς
739 2027 948 2078 δίδωσιν
978 2029 1122 2096 αὐτῷ
1154 2029 1454 2099 παρρησίαν
1480 2028 1567 2079 τοῦ
1588 2028 1780 2095 λέγειν·

222 2116 315 2167 καὶ
372 2113 626 2182 τοσαύτη
653 2115 797 2166 ἐστὶν
829 2115 987 2167 αὑτοῦ
1018 2119 1050 2184 ὴ
1077 2116 1390 2185 χρηστότης,
1419 2115 1553 2167 ὥστε
1594 2115 1786 2167 ἀναλα-

219 2201 335 2254 ϐεῖν
369 2202 546 2255 αὑτὸν
579 2204 863 2271 πρόσωπον
889 2204 948 2256 οὑ
981 2206 1267 2273 κρίνοντος,
1302 2204 1430 2257 ἀλλὰ
1479 2204 1783 2274 κρινομένου

222 2288 364 2357 μετά
398 2289 502 2340 τοῦ
537 2288 844 2358 ἀνθρώπου.
875 2290 982 2341 Kal.
1009 2290 1160 2342 ἄλλαι
1192 2290 1344 2342 τοῦτο
1380 2289 1618 2353 ἐδίδαξαν
1650 2289 1784 2358 Γρα-

219 2375 350 2444 φαί·
385 2374 468 2438 ὡς
501 2376 589 2434 τὸ.
611 2394 631 2425 s
661 2376 840 2436 Δεῦτε,
875 2377 965 2428 καὶ
994 2377 1377 2446 διαλεχθῶμεν·
1418 2395 1436 2428 s
1466 2378 1578 2436 καὶ,
1606 2396 1623 2427 ι
1650 2378 1786 2439 Λαός

221 2478 347 2532 μου,
377 2464 445 2514 τῖ’
494 2464 732 2532 ἐποίησά
762 2481 875 2529 σοις
908 2484 927 2515 s
965 2465 1099 2534 Ἤδη
1132 2462 1285 2517 ἆθλον
1336 2465 1541 2517 δίδωσιν
1574 2466 1717 2534 αὑτῷ
1759 2468 1786 2517 ὁ

219 2549 376 2610 Θεὸς,
413 2550 504 2601 ὅτι
561 2549 844 2621 ἄνθρωπον
871 2552 1067 2620 ἐρωτᾷ,
1123 2553 1203 2603 ὅτι
1244 2551 1557 2604 πυνθάνεται
1605 2551 1784 2613 αὑτοῦ,

219 2636 301 2687 ὅτι
328 2637 560 2687 δίδωσιν
584 2638 828 2702 ἐξουσίαν
852 2638 947 2706 τῆς
974 2638 1324 2705 ἀποκρίσεως.
1364 2638 1423 2689 Εἰ
1467 2638 1538 2707 μὴ
1571 2634 1637 2707 ἦν
1655 2654 1787 2689 νενι-

219 2724 434 2791 κηκὼς,
462 2726 572 2776 οὑκ
612 2725 909 2793 ἐλάμϐανεν
928 2741 941 2755 ·
978 2728 1024 2776 εί
1058 2726 1129 2793 μὴ
1157 2721 1222 2795 ἦν
1268 2726 1577 2793 ὑπομείνας,
1601 2727 1699 2777 οὐκ
1722 2726 1785 2778 ἂν

218 2811 458 2881 ἢκουσε·
499 2829 521 2859 s
559 2810 738 2863 Ζῶσαι
792 2811 974 2879 ὥσπερ
1025 2810 1158 2879 ἀνὴρ
1186 2812 1281 2879 τὴν
1308 2811 1470 2877 ὀσφύν
1495 2828 1607 2872 σου,
1649 2831 1667 2863 ι
1697 2813 1787 2865 καὶ

221 2900 297 2968 μὴ
333 2899 566 2951 σιώπα·
602 2898 717 2950 ἀλλ’
746 2897 988 2967 ἀνδρίζου
1022 2900 1154 2968 πρὸς
1182 2899 1276 2960 τὰς
1327 2900 1641 2968 ἐρωτήσεις·
1681 2900 1787 2970 ὅσῳ

218 2990 330 3058 γὰρ
359 2989 547 3056 ὀσφύς
572 3006 716 3050 τινος
739 2991 837 3041 οὑκ
866 2989 1109 3051 ἔζωσται,
1142 2989 1256 3041 οὑδὲ
1284 2990 1674 3056 συνέσφιγκται,
1696 2990 1787 3042 ἀλι-
1813 2970 1854 3025 C

217 3076 287 3130 λὰ
312 3077 633 3139 λέλυται,οὑ
658 3076 873 3129 δύναται
903 3077 1130 3143 εὐλόγως
1156 3078 1539 3144 ἀποκρίνασθαι
1559 3079 1634 3148 τῷ
1649 3079 1782 3148 Θεῷ.

217 3167 312 3235 Μὴ
346 3167 635 3237 πρότερον
668 3163 759 3218 οὖν
802 3166 1176 3235 ἀποκρινάσθω
1201 3182 1281 3227 τις
1310 3165 1385 3233 τῷ
1411 3167 1546 3235 Θεῷ,
1590 3168 1681 3220 saw
1714 3169 1785 3238 μὴ

215 3257 361 3324 ἀνὴρ
394 3255 636 3323 γένηται
662 3254 859 3316 τέλειος
908 3254 1006 3323 τὴν
1033 3253 1394 3322 πνευματικὴν
1438 3255 1644 3323 ἡλικίαν
1696 3258 1787 3308 καὶ

216 3343 317 3412 τὴν
346 3345 532 3410 ὀσφὺν
561 3342 821 3411 ζὼσηται.

1886 1777 2005 1816 eum
2030 1763 2308 1827 allocutus,
2332 1761 2668 1828 praemiorum
2698 1761 3043 1827 primordium
3075 1771 3127 1814 et
3152 1762 3406 1815 arrhabo—

1888 1867 2005 1905 nem
2058 1854 2102 1903 ei
2170 1852 2427 1904 concedit.
2492 1850 2922 1916 Quandoquidem
2977 1859 3153 1903 autem
3214 1851 3407 1904 auditis

1888 1940 2242 2006 superioribus
2288 1938 2375 1991 Dei
2428 1937 2794 2001 sermonibus,
2852 1952 2971 1989 cum
3014 1938 3159 1991 vices
3190 1953 3404 2007 respon-

1887 2027 2041 2078 dendi
2083 2025 2151 2076 illi
2184 2025 2563 2085 incubuissent,
2606 2024 2796 2076 fiducia
2829 2023 3073 2089 loquendi
3099 2025 3403 2089 destitutus.

1888 2116 2151 2167 silentium
2214 2114 2411 2181 egisset
2458 2112 2708 2180 (nondum
2760 2112 2902 2164 enim
2951 2112 3075 2165 illud
3125 2114 3403 2172 didicerat.

1894 2218 1913 2250 ι
1940 2200 2108 2253 Moses
2135 2200 2463 2266 loquebatur,
2490 2199 2622 2249 Deus
2652 2205 2822 2248 autem
2853 2212 2980 2252 voce
2999 2198 3045 2248 ei
3064 2191 3411 2261 respondit»),

1890 2293 2026 2344 Deus
2065 2289 2306 2356 loquendi
2346 2288 2590 2340 tiduciam
2617 2287 2665 2340 ei
2703 2288 2969 2353 impertit;
3009 2295 3256 2353 tantaque
3292 2289 3405 2356 ejus

1887 2374 2186 2443 benignitas
2235 2380 2335 2438 est,
2377 2381 2436 2424 ut
2478 2387 2578 2426 non
2625 2374 2847 2441 judicia,
2893 2376 2982 2427 sed
3029 2389 3148 2427 cum
3190 2375 3405 2429 homine

1889 2463 2220 2517 decernentis
2274 2475 2548 2528 personam
2601 2461 3057 2529 suscipiatzquod
3107 2462 3223 2515 aliis
3259 2463 3405 2516 Scri-

1886 2561 2054 2619 ptura:
2078 2548 2205 2601 locis
2220 2546 2536 2611 ostenditur;
2555 2556 2631 2609 ut,
2659 2548 2893 2611 «Venite,
2911 2560 2963 2600 et
2988 2563 3268 2616 arguamus
3295 2550 3336 2580 ⁸⁸
3354 2567 3368 2613 ;
3383 2568 3401 2600 ι

1889 2649 1986 2691 et:
2029 2637 2298 2705 «Populus
2345 2651 2525 2698 meus,
2571 2637 2694 2703 quid
2748 2638 2847 2691 feci
2908 2638 3000 2690 tibi
3067 2638 3152 2690 “‘i
3180 2657 3197 2689 ι
3257 2639 3411 2704 Quod

1890 2727 2155 2781 hominem
2210 2727 2522 2791 interroget,
2576 2727 2715 2791 quod
2767 2726 3063 2793 loquentem
3109 2728 3305 2791 audiat,
3354 2735 3408 2779 et

1890 2817 2030 2885 quod
2072 2814 2420 2881 respondendi
2480 2813 2745 2867 licentiam
2802 2815 3092 2879 concedat,
3153 2816 3408 2891 hactenus

1889 2904 2103 2974 prazmio
2132 2918 2249 2957 eum
2277 2905 2415 2957 Deus
2435 2901 2629 2956 ali’ecit.
2663 2902 2717 2956 Si
2751 2903 2922 2956 victor
2950 2917 3052 2955 non
3078 2902 3366 2956 exstitisset
3390 2941 3406 2965 ,

1889 2988 2047 3056 508
2074 2989 2342 3055 praemium
2374 3005 2474 3042 non
2506 2997 2858 3055 reportasset;
2892 2989 2933 3041 si
2974 2989 3136 3040 animi
3161 2997 3409 3042 constan-

1890 3081 2014 3133 tiam
2051 3094 2155 3132 non
2188 3080 2523 3142 ostendisset,
2570 3078 2695 3131 illud
2735 3083 2913 3147 utique
2961 3093 3063 3131 non
3100 3078 3406 3143 audivisset,

1892 3184 1912 3218 ι
1935 3169 2157 3236 Accinge
2185 3170 2322 3221 sicut
2350 3169 2430 3219 vir
2461 3167 2695 3219 lumbum
2733 3177 2900 3226 tuum.
2936 3187 2953 3218 ι
2998 3167 3103 3220 noli
3137 3167 3404 3221 silentium

1890 3268 2070 3322 agere,
2090 3254 2180 3307 sed
2204 3254 2268 3307 ad
2295 3252 2711 3321 respondendum
2740 3255 2970 3307 animum
2995 3255 3195 3307 virilem
3228 3256 3404 3307 indue:

1889 3351 2148 3410 quatenus
2188 3342 2327 3395 enim
2364 3343 2524 3395 lumbi
2572 3341 2793 3407 alicujus
2831 3343 3052 3396 minime
3084 3344 3304 3396 accincti
3355 3351 3409 3395 et

218 3437 543 3501 constricti,
578 3437 673 3489 sed
729 3437 884 3490 soluti
922 3446 1064 3502 sunt,
1113 3437 1157 3491 is
1206 3437 1337 3502 Deo,
1375 3444 1531 3504 prout
1564 3445 1972 3489 consentaneum
2012 3443 2115 3496 est,
2153 3435 2473 3499 respondere
2511 3449 2611 3486 non
2662 3443 2849 3502 potest.
2887 3436 2992 3487 Deo
3051 3436 3207 3502 igitur
3253 3449 3407 3488 nemo

218 3531 376 3587 prius
410 3522 770 3589 respondeat,
816 3512 971 3591 quam
1008 3524 1267 3591 spirituali
1305 3533 1501 3577 statura
1546 3525 1629 3575 vir
1656 3531 2052 3576 consummatus
2072 3523 2320 3585 evaserit,
2346 3532 2397 3574 et
2420 3522 2624 3575 lumbos
2646 3522 2958 3574 accinxerit.

287 3615 390 3682 Μὴ
418 3615 729 3668 ἀρτοποιοῦ
752 3632 868 3681 μου
893 3615 954 3667 τὸ
983 3615 1173 3682 κρῖμα.
1201 3616 1290 3685 Μὴ
1320 3615 1429 3666 οἴου
1460 3614 1662 3681 ἀλόγως
1695 3631 1786 3666 κε-

216 3703 452 3773 κρέσθαι
507 3720 601 3771 μοι
644 3701 811 3753 ταῦτα
841 3703 977 3772 ᾇπερ
1008 3703 1315 3770 ὑπέμεινας,
1375 3703 1503 3771 μηδὲ
1531 3701 1787 3754 ἀποποιοῦ

220 3810 325 3861 μου
356 3793 420 3844 τὸ
444 3794 648 3862 κρῖμα.
679 3790 879 3842 Τούτου
904 3789 995 3842 τοῦ
1035 3790 1213 3859 ῥητοῦ,
1238 3791 1309 3851 ὡς
1347 3790 1608 3859 χρησίμου
1654 3808 1790 3860 μνη-

220 3881 579 3949 μονεύωμεν,
606 3881 732 3931 ὅταν
752 3880 779 3929 ὁ
798 3880 926 3942 Θεὸς
959 3880 1145 3932 παθεῖν
1172 3897 1221 3931 τι
1254 3881 1395 3947 ἡμᾶς
1418 3880 1591 3949 κρίνῃ,
1609 3880 1789 3931 τέκνον

217 3968 557 4025 ἀποϐαλεῖν,
600 3967 771 4036 ἀρχὴν
794 3967 1067 4027 ἀπολέσαι,
1123 3967 1338 4035 νοσῆσαι
1372 3966 1507 4017 κατά
1527 3968 1585 4018 τὸ
1611 3967 1787 4035 σῶμα,

215 4058 245 4108 ὃ
269 4074 325 4107 τι
353 4058 570 4125 δήποτε
592 4057 794 4108 τούτων
826 4056 1113 4123 ὑποστῆναι
1136 4071 1148 4084 ο
1196 4054 1343 4106 οὐδὲν
1379 4055 1575 4105 τούτων
1599 4049 1705 4105 οἶόν
1734 4070 1792 4106 τε

217 4144 425 4196 παθεῖν
451 4146 629 4213 ἡμᾶς,
666 4142 740 4212 μὴ
770 4144 1035 4212 κρίνοντος
1055 4142 1144 4194 τοῦ
1175 4141 1327 4197 Θεοῦ.
1370 4142 1515 4193 Ἐπεὶ
1536 4138 1624 4194 οὖν
1647 4142 1792 4194 οὐδὲν

216 4231 433 4283 τούτων
488 4231 700 4297 γίνεται
735 4229 897 4299 χωρὶς
944 4230 1202 4299 κρίματος
1252 4228 1343 4279 τοῦ
1394 4228 1546 4290 Θεοῦ,
1585 4228 1791 4295 λέγεται

218 4322 361 4388 πρὸς
390 4320 492 4371 τὸν
533 4318 771 4369 παθόντα
794 4334 807 4346 ·
840 4336 857 4366 ι
890 4318 977 4385 Μὴ
1020 4316 1275 4369 ἀποποιοῦ
1317 4334 1414 4386 μου
1458 4316 1517 4369 τὸ
1546 4318 1731 4386 κρῖμα·
1767 4336 1785 4367 ι

1961 3613 2117 3665 Vsus.
2157 3613 2211 3667 8.
2256 3612 2335 3664 Ne
2357 3612 2571 3679 repellas
2584 3611 2844 3678 judicium
2868 3626 3053 3665 meum.
3081 3611 3196 3666 Noli
3222 3615 3405 3669 existi-

1890 3716 2035 3756 mare
2078 3716 2159 3753 me
2208 3714 2483 3769 perperam
2508 3707 2561 3751 et
2586 3700 2699 3750 sine
2729 3697 2950 3760 ratione,
2990 3713 3050 3751 ea
3078 3714 3195 3766 qua:
3219 3714 3408 3767 passus

1887 3789 2245 3858 esjudicasse,
2280 3801 2448 3854 neque
2486 3787 2743 3855 judicium
2776 3800 2947 3838 meum
2978 3787 3230 3855 defugito.
3267 3788 3405 3843 Dictl

1890 3878 2044 3942 lmjus
2066 3876 2343 3928 utilitatem
2370 3873 2623 3927 memoria
2649 3873 2971 3936 recolamus,
2998 3889 3115 3927 cum
3145 3874 3279 3929 Deus
3300 3875 3407 3943 pati

1891 3982 1987 4020 nos
2039 3964 2240 4031 aliquid
2292 3963 2606 4025 decreverit,
2660 3961 2704 4014 si
2756 3960 3038 4014 liberorum
3079 3963 3358 4017 orbitatem
3388 4006 3407 4033 ,

1888 4055 2187 4108 dominatus
2221 4051 2578 4114 amissionem,
2618 4052 2857 4119 corporis
2891 4052 3253 4119 aegritudinem
3276 4093 3291 4119 ,
3322 4055 3408 4109 vel

1886 4143 2083 4211 aliquid
2119 4142 2414 4210 lmjusmodi
2448 4140 2630 4195 subire
2654 4149 2899 4207 Oporteat
2929 4159 2942 4194 :
2976 4142 3091 4195 fieri
3126 4145 3263 4198 enim
3301 4161 3405 4201 non

1886 4238 2077 4300 potest,
2105 4238 2162 4281 ut
2190 4229 2304 4282 sine
2343 4227 2432 4281 Dei
2454 4228 2655 4294 judicio
2699 4228 2983 4296 quidquam
3022 4231 3203 4284 horum
3235 4233 3405 4298 patia-

1889 4333 2026 4371 mur.
2048 4317 2175 4370 Cum
2209 4316 2384 4384 itaque
2410 4316 2610 4383 absque
2638 4315 2814 4368 divino
2829 4316 3029 4384 judicio
3058 4319 3189 4373 nihil
3220 4322 3405 4375 horum

216 4409 500 4467 τουτέστι,
537 4405 629 4474 Μὴ
676 4403 918 4472 ἀπαρνοῦ
969 4405 1102 4474 ὅπερ
1130 4405 1313 4475 ἔκρινα
1354 4404 1477 4477 περὶ
1531 4403 1649 4456 σοῦ·
1699 4404 1785 4459 τὸν

1890 4406 2117 4468 eveniat,
2168 4406 2389 4456 adversa
2442 4399 2683 4457 toleranti
2738 4404 2947 4469 dicitur,
3010 4407 3120 4460 «Ne
3186 4409 3408 4478 repellas

218 4493 481 4564 παρόντα
507 4491 657 4558 λέγει
677 4490 1067 4560 χρηματισμόν.

294 4761 422 4812 Olet
468 4758 544 4811 δέ
566 4774 646 4825 με
688 4756 890 4820 ἄλλως
921 4773 1014 4808 σοι
1056 4760 1564 4825 κεχρηματικέναι,
1602 4761 1639 4827 ἣ
1685 4762 1783 4814 ἵνα

214 4846 551 4913 ἀναφανῇς
572 4846 848 4907 δίκαιος;
903 4844 1277 4914 Ἀπολογοῦμαί
1305 4862 1410 4898 σοι’
1472 4848 1667 4911 δίκαιος
1693 4844 1779 4918 ἦς,

218 4933 332 4984 ἀλλ’
389 4935 497 4985 οὑκ
550 4930 619 5002 ἧς
672 4931 932 4997 φανερός·
998 4933 1261 5002 ὑπομονὴν
1318 4930 1494 5003 εἶχες·
1560 4937 1660 4988 ἔδει
1716 4954 1782 5006 με

215 5022 479 5091 ἀφορμὴν
525 5021 843 5089 παρασχεῖν
873 5019 959 5070 τοῦ
981 5020 1177 5091 λάμψαι
1216 5039 1305 5075 σου
1334 5025 1429 5092 τὴν
1475 5028 1739 5095 ὑπομονήν
1765 5044 1778 5058 ·

114 5146 121 5155 .
220 5102 365 5176 εἶχες
390 5108 654 5177 ἀνδρείαν
676 5122 691 5135 ⁸
756 5103 871 5155 ἀλλ’
900 5107 1182 5176 ἐκρύπτετο
1204 5112 1259 5160 ὲν
1289 5112 1395 5162 σοί·
1434 5114 1480 5163 οἱ
1516 5113 1781 5181 συμϐεϐη-

216 5194 374 5256 ωὑτες
409 5196 566 5247 πόνοι
605 5190 832 5250 ἔδειξαν
865 5208 952 5242 σου
981 5196 1074 5263 τὴν
1117 5197 1373 5265 ἀνδρείαν.
1418 5200 1626 5251 Τούτων
1653 5216 1782 5269 μνη-

220 5282 538 5351 μονεύωμεν
558 5281 622 5330 ὲν
646 5280 773 5332 τοῖς
795 5276 899 5328 τῶν
922 5282 1266 5347 περιστάσεων
1288 5292 1504 5356 καιροῖς,
1524 5288 1614 5338 καὶ
1630 5287 1786 5350 δόξω-

1882 4494 2136 4560 judicium
2172 4506 2364 4553 meum,
2394 4512 2413 4544 ι
2456 4493 2511 4547 id
2545 4503 2646 4557 est,
2674 4494 2812 4561 quod
2845 4492 2910 4547 de
2938 4502 2987 4548 te
3011 4494 3211 4561 judicio
3245 4498 3404 4551 statui

1887 4586 2144 4651 (praesens
2190 4581 2397 4635 scilicet
2456 4596 2762 4649 responsum
2819 4584 3013 4653 meum)
3071 4585 3176 4638 noli
3225 4586 3403 4639 detre-

1883 4682 2048 4724 ctare.

1955 4760 2118 4812 Putas
2147 4770 2315 4812 autent
2356 4776 2435 4813 me
2476 4762 2628 4815 aliter
2657 4765 2749 4816 tibi
2782 4766 3099 4830 respondisse
3122 4805 3138 4830 ,
3163 4782 3317 4827 quam
3350 4776 3401 4818 ut

1884 4858 2130 4910 apparens
2160 4843 2380 4910 justus?
2421 4844 2602 4901 Justus
2634 4863 2781 4913 eras,
2827 4848 3011 4913 fateor,
3064 4866 3248 4903 verum
3287 4854 3402 4905 aliis

1885 4934 2131 5001 ignotus;
2156 4933 2405 4999 patientia
2439 4934 2805 4999 instruebaris,
2832 4938 2924 4990 sed
2948 4946 3001 4990 ut
3028 4939 3277 5005 patientia
3313 4949 3396 4989 tua

1884 5024 2125 5085 eniteret,
2161 5023 2493 5077 occasionem
2540 5039 2622 5078 me
2660 5027 2891 5092 praebere
2914 5026 3183 5091 oportuit;
3222 5026 3401 5077 animo

1886 5109 2006 5162 forti
2032 5124 2168 5172 eras,
2200 5111 2290 5164 sed
2322 5110 2568 5164 latentem
2599 5113 2649 5165 in
2678 5121 2729 5165 te
2759 5112 3118 5165 fortitudinem
3148 5125 3398 5164 aerumna:

1886 5209 1940 5253 et
1971 5199 2220 5252 molestiae
2243 5213 2358 5267 qua:
2383 5199 2472 5253 tibi
2502 5202 2851 5267 contigerunt,
2878 5198 3198 5263 perspicuam
3224 5198 3400 5253 reddi-

1891 5289 2095 5342 derunt.
2150 5286 2345 5340 Horum
2397 5292 2747 5347 recordemur,
2797 5298 2913 5336 cum
2945 5282 3271 5336 calamitates
3302 5297 3398 5338 nos

284 5456 327 5486 ¹⁶
370 5455 513 5508 Psat.
563 5462 791 5511 sui",
841 5448 921 5512 15,
951 5451 1037 5515 2|,
1079 5469 1218 5516 xm.
1277 5457 1328 5510 9.
1400 5462 1440 5492 "
1494 5460 1689 5515 Jerem.
1728 5477 1779 5528 ν,

1955 5464 1995 5496 ¹⁸
2033 5464 2154 5519 lsai.
2183 5478 2221 5528 ι,
2249 5462 2334 5518 18.
2409 5462 2450 5493 "
2490 5461 2645 5516 Micb.
2685 5476 2758 5527 Vl,
2796 5458 2849 5515 5.
