3806 6212
247 291 383 346 1053

1498 283 1797 340 SELECTA
1831 283 1894 337 IN
1931 283 2054 337 PSA
2063 281 2260 335 LMOS.

3285 278 3421 333 1054

246 409 376 461 alios
409 405 699 470 scriptores
729 400 1124 470 ecclesiasticas,
1151 394 1432 470 Eusebium
1472 411 1616 464 puta,
1658 397 2052 470 Theodoretnnt,
2078 405 2164 470 aut
2186 394 2632 470 aliaanttoslioet‘.
2667 403 2902 458 parentes
2927 394 3114 447 habere
3138 394 3417 470 deprehen-

243 460 453 534 dimus;
485 460 678 520 ca’tera
702 486 825 521 vero
850 464 1294 534 admittendahvisa
1323 460 1586 526 sunt,'non
1605 460 1666 516 rut
1694 467 1815 534 certi
1847 462 2294 534 atqueiadnbitati
2328 460 2561 527 Origem’s
2584 461 2741 527 fetus,
2772 478 2858 514 nec
2883 478 2935 513 ut
2959 479 3071 534 qua:
3096 462 3168 514 vel
3193 478 3218 512 e
3245 464 3417 534 tomis,

242 541 318 596 vel
346 555 410 590 ea:
434 530 780 599 Enchiridia,
813 547 987 588 antea:
1019 532 1267 592 homiliis,
1297 533 1339 583 si
1382 548 1546 598 pauca
1579 533 1857 584 admodum
1903 531 2147 595 excipias,
2199 539 2440 599 e:r_gerpta
2471 544 2580 599 esse
2624 538 2840 599 constet,
2891 531 2976 599 sed
3020 538 3071 579 ut
3111 530 3404 599 gnmcertis

242 593 562 673 argumentis
602 593 930 673 A_dania_nti_o
967 608 1138 673 nostra
1182 593 1392 673 prorsus
1437 599 1743 673 abjndirarg
1783 615 1883 673 non
1930 593 2207 673 potuimus.
2241 594 2580 673 Ea‘partittte
2611 593 2816 673 Catenis
2844 597 2994 673 editi!
3023 612 3058 673 tt
3105 596 3414 673 Ila-(theatra

242 660 489 726 Corderio
522 679 572 721 et
623 669 849 721 Daniele
879 670 1129 725 Barbara,
1182 660 1372 732 partim
1407 660 1653 718 eseltedis
1703 665 1883 716 Grabii
1928 667 2016 732 qui
2060 665 2259 714 codices
2313 662 2650 728 Anglicanas,
2686 660 3054 732 etgontbe/isii
3097 664 3186 728 qui
3220 663 3419 732 codices

242 740 425 807 Regios
453 737 760 799 exscripsit,
790 737 979 802 partim
1007 728 1215 802 denique
1247 749 1274 786 ι
1310 735 1462 786 codd.
1489 749 1612 786 mss.
1635 728 1952 786 bibliotltecaé
1980 731 2332 786 Caislinianw.
2362 745 2449 780 nec
2477 745 2576 780 non
2603 742 2666 779 ea:
2705 728 2822 780 aliis
2866 728 2991 780 locis
3033 745 3146 796 quae
3183 744 3274 784 suo
3310 730 3420 782 loco

241 806 558 867 indicantur,
577 806 893 871 deprompta
921 812 1058 856 sunt.

251 965 3404 994 W

724 1184 1038 1346 EK
1161 1157 1636 1344 ΤΩΝ
1723 1168 2953 1339 ΩΡΙΓΕΝΟΥΣ

1242 1451 1499 1574 ΕΙΣ
1571 1440 2434 1572 ΨΑΛΜΟΥΣ.

1389 1842 1574 1949 EX
1645 1837 2162 1950 ORIGEN
2175 1837 2294 1950 IS

986 2068 1881 2160 COMMENTARIIS
1953 2071 2074 2156 IN
2150 2065 2701 2198 PSALMOS.

309 2415 402 2468 Διὰ
427 2413 553 2476 τοὺς
576 2407 1092 2479 ἐπιγεγραμμένους
1121 2407 1363 2477 ψαλμοὺς
1411 2425 1431 2459 ι
1471 2409 1550 2470 εἰς
1594 2408 1655 2459 τὸ
1701 2408 1794 2459 τέ-

1963 2407 2119 2476 513
2136 2404 2613 2473 Propterpsalmos,
2633 2420 2652 2452 ι
2677 2403 2726 2454 in
2744 2401 2895 2454 ﬁnem
2919 2417 2938 2451 ι
2957 2372 3253 2468 inscriptos,
3275 2407 3422 2459 vocis

243 2505 344 2565 λος,
381 2521 399 2554 ι
435 2498 826 2568 ἐπελεξάμεθα
862 2498 986 2558 τοὺς
1029 2497 1185 2564 ὅρους
1215 2495 1397 2556 αὐτοῦ,
1436 2496 1498 2548 ὲκ
1555 2497 1650 2564 μὲν
1694 2496 1800 2548 τῶν

251 2589 641 2658 Ἀριστοτέλους
663 2587 849 2648 οὕτως
876 2585 1120 2653 ἔχοντας·
1154 2585 1314 2647 Τέλος
1341 2585 1486 2638 ἐστὶν
1519 2577 1578 2636 οὗ
1618 2585 1800 2639 ἕνεκεν

239 2677 304 2730 τὰ
327 2677 474 2739 ἄλλα,
510 2677 645 2728 αὐτὸ
676 2674 745 2726 δὲ
778 2673 997 2742 μηδενὸς
1022 2673 1203 2724 ἕνεκεν
1236 2689 1250 2702 ο
1289 2673 1322 2741 ἢ
1349 2672 1544 2734 οὕτως·
1593 2667 1652 2725 οὗ
1684 2673 1797 2725 ἓνε-

242 2780 330 2815 γεν
363 2765 429 2816 τὰ
459 2763 616 2826 ἄλλα,
645 2761 790 2812 αὐτὸ
820 2760 874 2811 δὲ
905 2761 1002 2811 οὐκ
1031 2760 1203 2812 αὐτῶν
1223 2759 1410 2810 ἕνεκαο
1442 2759 1473 2827 ἢ
1505 2759 1702 2820 οὕτως’
1732 2761 1798 2810 δι’

239 2842 296 2900 οὖ
321 2850 386 2901 τὰ
410 2849 545 2902 ἄλλα
569 2865 655 2910 τις
689 2847 950 2916 πράττει,
991 2847 1119 2897 αὑτὸ
1139 2846 1194 2897 δὲ
1226 2845 1310 2897 διὰ
1341 2845 1502 2914 μηδὲν
1530 2845 1654 2898 ἄλλο
1673 2861 1687 2874 ο
1735 2846 1799 2897 ὲκ

241 2936 293 2986 δὲ
318 2936 422 2986 τῶν
463 2933 767 3004 Ἡροφίλου
802 2933 926 3000 περὶ
967 2932 1204 3000 Στωϊκῆς
1248 2932 1518 2999 ὀνομάτων
1559 2931 1798 3000 χρήσεως

240 3024 434 3088 οὕτως·
472 3025 643 3084 Τέλος
675 3022 726 3074 δ’
770 3017 905 3072 εἶναι
933 3021 1141 3086 λέγουσι
1171 3020 1277 3087 (17)
1335 3020 1688 3090 κατηγόρημα
1737 3013 1796 3072 οὗ

240 3103 415 3162 ἕνεκεν
450 3111 519 3162 τά
543 3108 718 3161 λοιπὰ
750 3108 1074 3175 πράττομεν,
1113 3106 1240 3157 αὐτὸ
1263 3105 1318 3156 δὲ
1339 3105 1546 3167 οὐδενὸς
1578 3106 1759 3157 ἕνεκεν
1779 3121 1792 3133 ·

240 3202 297 3255 τὸ
336 3202 391 3255 δὲ
426 3199 708 3267 συζυγοῦν
757 3196 948 3265 τούτῳ,
999 3195 1244 3262 καθάπερ
1280 3197 1311 3262 ἡ
1371 3194 1676 3262 εὐδαιμονία
1719 3194 1796 3263 τῷ

243 3291 592 3359 εὐδαιμονεῖν,
631 3286 874 3338 σκοπόν⁸
911 3283 940 3335 ὃ
973 3282 1036 3351 δὴ
1067 3281 1287 3350 ἔσχατόν
1342 3283 1456 3334 ἐστι
1493 3283 1600 3335 τῶν
1651 3285 1796 3352 αἱρε-

240 3395 362 3430 των.

308 3545 370 3598 Εἰ
401 3545 458 3598 δὲ
488 3546 585 3596 καὶ
619 3545 672 3596 οι
707 3515 836 3611 περὶ
867 3539 1000 3592 Θεοῦ
1032 3541 1165 3608 ὅροι,
1211 3540 1302 3591 καὶ
1334 3540 1433 3592 ὅσα
1481 3539 1797 3608 σημαίνεται

243 3636 302 3686 ὲν
324 3635 421 3703 τῆς
464 3635 614 3698 Θεός
657 3631 1046 3699 προσηγορίας,
1078 3629 1336 3700 χρήσιμόν
1375 3645 1426 3679 τι
1481 3629 1607 3697 ἡμῖν
1658 3646 1796 3700 παρ-

1898 2496 2037 2550 illius
2077 2495 2411 2548 deﬁnitiones
2434 2491 2716 2559 selegimus
2768 2505 2832 2542 ex
2874 2490 3156 2543 Aristotele
3190 2491 3300 2544 sic:
3328 2492 3420 2544 Fi-

1897 2586 1983 2639 nis
2012 2593 2092 2637 est
2119 2584 2170 2636 id
2200 2581 2349 2648 cujus
2370 2595 2534 2634 causa
2568 2581 2692 2642 alia,
2717 2579 2888 2645 ipsum
2915 2592 3038 2630 vero
3072 2579 3270 2632 nullius
3289 2595 3422 2632 cau-

1897 2686 1988 2734 sa;
2033 2669 2116 2722 vel
2164 2669 2264 2723 hoc
2300 2667 2665 2734 modo:cujus
2709 2680 2870 2719 causa
2918 2665 3044 2727 alia,
3080 2666 3247 2733 ipsum
3283 2681 3412 2721 vero

1897 2775 2002 2814 non
2045 2772 2229 2811 eorum
2268 2771 2460 2820 causa;
2505 2755 2616 2808 sive
2664 2755 2763 2806 hoc.
2807 2761 2997 2820 pacto:
3035 2763 3249 2820 propter
3275 2754 3422 2822 quod

1897 2849 1998 2902 alia
2038 2848 2209 2916 quivis
2252 2854 2522 2914 operatur,
2556 2845 2724 2911 ipsum
2754 2859 2879 2896 vero
2908 2853 3120 2910 prapter
3156 2843 3299 2896 aliud
3332 2845 3419 2897 ni-

1895 2937 1989 2991 hil.
2022 2937 2100 2990 Ex
2131 2934 2415 3002 Herophilo
2437 2942 2634 2994 autem,
2672 2933 2736 2986 de
2771 2931 2950 2986 Stoico
2996 2933 3266 2985 nominum
3301 2947 3420 2997 usu,

1898 3023 1999 3076 hoc
2053 3025 2246 3076 modo:
2296 3022 2480 3076 Finem
2511 3034 2636 3074 vero
2679 3019 2862 3073 dicunt
2911 3034 3026 3073 esse
3063 3030 3418 3088 categorcma,

1897 3123 1992 3162 seu
2009 3109 2370 3176 praedicatum,
2390 3107 2542 3174 cujus
2557 3120 2717 3158 causa
2751 3105 2948 3172 reliqua
2971 3107 3215 3169 facimus,
3241 3108 3410 3174 ipsum

1895 3211 2026 3250 vero
2060 3195 2258 3249 nullius
2290 3209 2473 3248 causa.
2501 3194 2650 3259 Quod
2677 3203 2853 3246 autem
2894 3195 3040 3257 huic,
3075 3194 3278 3248 scilicet
3310 3195 3423 3258 ﬁni,

1895 3285 2189 3352 coniungit,
2216 3285 2384 3337 veluti
2405 3283 2675 3338 beatitudo
2699 3283 2746 3334 ei
2771 3283 2909 3357 quod
2939 3292 3021 3335 est
3052 3282 3261 3335 beatum
3287 3297 3422 3346 esse,

1895 3386 2112 3440 scopum
2168 3371 2477 3439 appellant:
2511 3370 2652 3437 quod
2710 3378 2793 3423 est
2838 3371 3250 3437 appetendarum
3303 3369 3416 3423 ulti-

1896 3472 2060 3513 mum.

1965 3546 2046 3599 An
2083 3559 2208 3598 vero
2250 3545 2583 3598 deﬁnitiones
2635 3542 2725 3596 Dei
2768 3552 2818 3594 et
2851 3543 3011 3594 variae
3056 3541 3211 3610 hujus
3273 3543 3422 3596 vocis

1899 3635 2036 3688 Deus
2079 3634 2512 3703 signiﬁcationes,
2571 3648 2636 3686 ex
2687 3633 2897 3699 aptimis
2946 3631 3295 3698 scriptoribus
3343 3647 3423 3686 se-

243 3720 467 3786 έξουσιν,
499 3717 885 3787 ἐκλεξαμένοις
909 3718 1002 3769 ἀπ’
1031 3717 1205 3768 αὐτῶν
1227 3717 1348 3778 τοὺς
1367 3715 1709 3785 διαφέροντας
1733 3721 1796 3787 τῇ

1900 3725 2069 3789 lectae,
2103 3724 2298 3790 aliquid
2340 3723 2488 3776 nobis
2537 3721 2781 3774 utilitatis
2825 3721 3127 3780 conferant,
3177 3721 3416 3772 conside.

243 3811 447 3879 Γραφῇ,
494 3811 594 3863 καὶ
637 3807 805 3869 αὐτὸς
857 3807 1182 3875 ἐπιστήσεις.
1231 3805 1393 3873 Φησὶν
1423 3800 1513 3857 οὖν
1564 3807 1591 3856 ὁ
1642 3807 1800 3868 αὑτὸς

255 3899 536 3968 Ἡρόφιλος
561 3915 574 3927 ·
612 3895 750 3949 Θεὸν
781 3895 876 3964 μὲν
903 3892 1232 3961 γενικώτατα
1256 3892 1466 3959 λέγουσι
1505 3893 1640 3956 ζῶον
1669 3894 1800 3945 άθά-

242 4005 417 4050 νατον,
452 3987 704 4054 λογικὸν,
735 3983 866 4038 καθὸ
896 3985 1043 4036 πᾶσα
1081 3983 1268 4050 λογικὴ
1297 3982 1439 4051 ψυχὴ
1471 3983 1600 4044 Θεός
1634 3985 1796 4035 ἐστιν.

247 4077 451 4138 Ἄλλως
475 4077 555 4136 δὲ,
585 4075 728 4138 ζῶον
757 4074 1038 4136 ἀθάνατον,
1063 4071 1290 4138 λογικὸν,
1325 4071 1442 4124 καθ’
1468 4072 1595 4123 αὐτὸ
1618 4072 1695 4123 δνο
1725 4071 1800 4133 ὡς

241 4159 338 4222 τὰς
363 4162 420 4212 ὲν
464 4163 603 4230 ἡμῖν
651 4159 1038 4227 περιεχομένας
1075 4157 1249 4225 ψυχὰς
1308 4158 1382 4227 μὴ
1431 4154 1565 4210 εἶναι
1615 4157 1796 4220 Θεούς·

243 4250 658 4316 άπαλλαγείσας
687 4249 742 4300 δὲ
774 4248 879 4300 τῶν
914 4247 1174 4316 σωμάτων
1213 4246 1442 4300 ἔσεσθαι.
1482 4250 1614 4301 Κατ’
1647 4250 1800 4304 ἄλλον

243 4337 296 4389 δὲ
325 4339 553 4407 τρόπον,
598 4337 731 4389 Θεὸν
764 4337 1010 4402 λέγεσθαι
1066 4335 1198 4398 ζῶον
1229 4335 1506 4399 ἀθάνατον,
1570 4337 1796 4404 λογικὸν,

247 4428 533 4480 σπουδαῖον
555 4444 568 4456 ·
608 4427 750 4478 ὥστε
783 4428 960 4478 πᾶσαν
995 4425 1210 4475 ἀστείαν
1258 4425 1433 4494 ψυχὴν
1468 4427 1596 4478 Θεὸν
1627 4427 1800 4498 ὑπάρ-

247 4532 374 4583 χειν,
401 4517 510 4570 κᾶν
537 4518 599 4568 ὲν
627 4515 894 4586 ἀνθρώπῳ
916 4515 1245 4584 περιέχηται’
1274 4515 1442 4577 ἄλλως
1462 4517 1517 4568 δὲ
1554 4516 1798 4583 λέγεσθαι

247 4604 374 4657 Θεὸν
406 4606 469 4656 τὸ
499 4605 630 4657 καθ’
666 4603 796 4655 αὐτὸ
830 4601 887 4656 ὃν
911 4602 1046 4666 ζῶον
1078 4602 1354 4665 ἀθάνατον,
1393 4604 1696 4655 σπουδαῖον·
1726 4604 1798 4666 ὼς

247 4691 342 4755 τὰς
380 4696 438 4746 ὲν
498 4691 814 4762 ἀνθρώποις
856 4694 1035 4758 σοφοῖς
1091 4692 1469 4760 περιεχομένας
1511 4693 1682 4760 ψυχὰς
1725 4694 1796 4760 μὴ

247 4783 513 4853 ὑπάρχειν
546 4781 725 4843 θεούς.
769 4780 880 4832 Καὶ
917 4779 997 4832 ἔτι
1027 4779 1195 4842 άλλως
1219 4780 1428 4833 λέγουσι
1449 4781 1576 4833 Θεόν
1595 4798 1608 4811 ο
1655 4781 1797 4832 Ζῶον

249 4871 537 4932 ἀθάνατον,
569 4869 855 4921 σπουδαῖον
889 4905 904 4929 ,
962 4865 1078 4935 ἔχον
1121 4868 1240 4920 τινὰ
1280 4869 1590 4920 ἐπιστασίαν
1631 4869 1688 4920 ὲν
1725 4867 1798 4936 τῷ

1901 3813 2124 3866 randum
2157 3813 2247 3865 tibi
2281 3826 2537 3879 propono.
2568 3811 2656 3862 Ait
2685 3811 2844 3878 igitur
2884 3811 3022 3861 idem
3057 3808 3368 3874 Herophilus
3397 3826 3413 3862 :

1902 3902 2062 3955 Deum
2113 3899 2328 3967 quidem
2381 3897 2780 3967 generalissime
2832 3897 3036 3960 dicunt,
3070 3896 3266 3948 animal
3323 3895 3424 3949 im-

1902 3987 2146 4050 mortale,
2187 3985 2480 4049 rationale;
2509 3983 2796 4036 secundnm
2855 3998 3010 4049 quam
3059 3983 3424 4036 deﬁnitionem

1903 4077 2076 4128 omnis
2106 4076 2279 4128 anima
2313 4072 2582 4126 rationalis
2603 4079 2683 4123 est
2707 4071 2863 4124 Deus.
2883 4071 3002 4123 Alio
3023 4080 3194 4124 autem
3225 4071 3380 4124 modo
3407 4086 3423 4122 :

1898 4164 2110 4218 Animal
2166 4163 2454 4227 rationale,
2485 4161 2800 4224 immortale,
2846 4161 3137 4213 secundum
3187 4175 3244 4213 se
3286 4161 3427 4213 exsi-

1899 4262 2078 4315 stens;
2108 4252 2178 4303 ita
2205 4259 2261 4302 ut
2292 4251 2482 4302 animae
2507 4251 2628 4302 dum
2668 4251 2718 4301 in
2748 4249 2901 4301 nobis
2931 4249 3290 4314 continentur,
3319 4263 3423 4302 non

1899 4341 2007 4392 sint
2039 4340 2130 4402 dii,
2157 4340 2246 4392 sed
2275 4339 2459 4392 soluta:
2502 4353 2531 4389 a
2565 4351 2788 4404 corpore
2822 4337 2891 4389 dii
2925 4336 3112 4390 futura:
3148 4337 3270 4389 sint.
3307 4335 3424 4388 Alio

1901 4437 2073 4482 autem
2105 4428 2260 4481 modo
2290 4427 2454 4480 Deum
2483 4426 2558 4477 ait
2591 4426 2692 4478 dici
2725 4440 2735 4471 :
2766 4424 2972 4477 Animal
2999 4425 3316 4490 immortale,
3341 4438 3426 4476 ra-

1901 4518 2113 4580 tionale,
2152 4527 2468 4579 strenuum;
2505 4517 2576 4566 ita
2608 4522 2665 4566 ut
2703 4513 2876 4565 omnis
2905 4513 3078 4565 anima
3119 4511 3334 4578 elegans
3372 4518 3426 4563 et

1899 4606 2099 4657 urbana
2166 4604 2304 4656 Deus
2333 4603 2423 4662 sit,
2448 4601 2654 4653 etiamsi
2694 4600 2746 4651 in
2787 4601 3001 4652 homine
3057 4601 3422 4663 contineatur;

1898 4692 2000 4745 alio
2044 4692 2167 4744 item
2219 4691 2375 4742 modo
2424 4689 2588 4742 Deum
2619 4688 2848 4752 deﬁniri,
2881 4688 3018 4756 quod
3049 4687 3335 4740 secundum
3367 4701 3424 4739 se

1902 4788 1986 4832 est
2034 4777 2232 4830 animal
2277 4775 2597 4836 immortale,
2630 4783 2936 4840 strenuum;
2976 4790 3080 4843 quo
3109 4774 3276 4842 posito
3309 4773 3424 4825 ani-

1900 4883 1998 4921 ma:
2044 4867 2343 4933 sapientum
2389 4866 2460 4918 dii
2513 4880 2616 4918 non
2661 4873 2801 4917 sunt.
2841 4863 3060 4930 Insuper
3107 4863 3210 4915 alio
3264 4862 3421 4914 modo

241 4958 428 5026 κόσμῳ
458 4956 611 5008 κατά
642 4956 740 5025 τὴν
765 4955 1046 5020 διοίκησιν,
1073 4955 1128 5006 ὃν
1160 4956 1351 5025 τρόπον
1393 4958 1421 5006 ὁ
1446 4957 1592 5026 ἦλιος
1637 4956 1729 5008 καὶ
1763 4957 1795 5024 ἡ

1900 4957 2062 5010 Deum
2095 4955 2351 5008 deﬁniunt
2384 4973 2396 5007 :
2427 4953 2635 5006 Animal
2670 4953 3287 5014 immortale,strenuum,
3321 4949 3419 5000 ha-

232 5044 444 5112 σελήνη.
479 5042 710 5105 ’Ἄλλως
742 5043 801 5095 δὲ
823 5041 969 5108 λέγει
1003 5040 1128 5094 Θεὸν
1159 5044 1246 5094 τὸν
1293 5043 1500 5112 πρῶτον
1547 5045 1798 5112 διοικητι-

241 5130 329 5182 κὸν
353 5130 447 5182 τοῦ
478 5130 728 5200 κόσμου.
774 5129 898 5181 Ἐπὶ
930 5129 1058 5180 πᾶσι
1094 5129 1149 5182 δὲ
1191 5130 1316 5182 Θεὸν
1353 5132 1592 5200 λέγουσι’
1654 5133 1798 5186 Ζῶον

327 5322 437 5392 (17)
469 5324 652 5392 Τέλος
667 5320 720 5372 δ’
743 5314 904 5392 εἶναι
921 5317 1180 5385 λέγουσι,
1206 5329 1306 5376 etc.
1335 5321 1395 5392 ξ.
1426 5323 1656 5377 Hilarius
1677 5339 1799 5392 pro-

259 5385 375 5456 logo
416 5385 474 5441 in
527 5391 728 5442 librum
781 5385 1114 5456 Psalmornm
1150 5403 1288 5440 num.
1333 5389 1392 5442 18
1429 5407 1443 5442 :
1477 5411 1495 5442 ι
1531 5385 1789 5447 Ε’ίιιίεέει

265 5452 408 5520 οιῇυι
443 5471 608 5509 causa
638 5461 840 5506 etetera
877 5452 1027 5520 ﬁunt,
1057 5454 1354 5516 ipseantem
1383 5459 1516 5510 nulli
1547 5459 1634 5512 alii
1664 5473 1788 5512 cau-

259 5516 368 5576 sain
418 5539 570 5577 suam
622 5525 870 5588 praestat.
927 5516 1006 5570 0b
1055 5520 1204 5575 ﬁnem
1235 5523 1370 5576 enim
1414 5527 1610 5592 omnia,
1657 5527 1789 5582 nihil

1897 5047 2030 5100 hens
2055 5044 2280 5112 aliquam
2315 5043 2680 5112 praefecturam
2711 5045 2761 5096 in
2790 5045 2982 5096 mundo
3007 5039 3292 5093 secundum
3318 5037 3419 5086 ad-

1898 5134 2356 5196 ministrationem,
2391 5133 2830 5200 quemadmodum
2893 5128 2971 5181 sol
3016 5134 3069 5178 et
3107 5123 3250 5174 luna.
3295 5121 3420 5176 Alio

1894 5339 2020 5379 vero
2057 5324 2197 5376 aliud
2226 5330 2342 5392 post
2369 5319 2815 5392 ﬁnem._NaquIe
2842 5317 2906 5367 ad
2940 5315 3096 5392 ﬁnem
3122 5306 3383 5392 tenditur
3403 5347 3423 5372 ,

1895 5374 2203 5448 έὲἁέτίῇηέ
2227 5374 2522 5447 Ἠέείιιίιιιν.
2553 5387 2624 5438 Ita
2655 5374 2771 5436 ﬁnis
2799 5392 2850 5435 et
2879 5380 3203 5451 anteriorum
3235 5374 3423 5451 perfa—

1892 5463 2000 5516 etio
2023 5469 2125 5520 est,
2165 5467 2217 5510 et
2253 5473 2309 5510 se
2339 5458 2388 5508 in
2415 5455 2546 5507 nihil
2573 5452 2712 5504 aliud
2749 5448 3090 5517 protendens,
3119 5448 3337 5508 propria
3370 5448 3426 5495 in

1895 5537 2061 5584 semet
2079 5527 2157 5582 sui
2179 5525 2290 5595 ipse
2318 5521 2582 5592 posScssio
2603 5526 2700 5572 est.
2734 5536 2754 5568 ι
