3806 6254
243 278 359 333 1061

1448 276 1751 335 SELECTA
1781 277 1849 333 IN
1878 278 2209 336 PSALMOS.

3236 279 3372 339 10ίί

241 388 497 459 τῷὸγδόῳ
515 389 708 462 ψαλμῷ
758 353 929 449 οὺτωο
977 413 995 447 ι
1030 394 1222 466 Κύριε,
1263 395 1295 448 6
1351 395 1550 467 Κύριος
1595 397 1745 466 ἡμῶν

1849 412 1950 467 que
1977 398 2028 450 in
2057 405 2252 451 octavo
2278 396 2484 464 psalmo
2517 395 2716 452 dictum
2742 404 2861 453 est:
2894 415 2916 451 ι
2941 398 3166 454 Domine
3197 400 3376 456 Domi-

241 476 362 546 (23),
392 478 463 540 ὡς
493 479 791 548 θαυμαστὸν
836 482 897 533 τὸ
914 482 1082 551 ὄνομά
1108 499 1201 534 σου
1222 484 1277 536 ἐν
1302 483 1450 556 πάσῃ
1476 488 1542 554 τῇ
1580 488 1647 554 γῇ
1670 488 1683 537 ί
1723 505 1742 537 ι

235 569 530 636 Σαφωςγὰρ
565 568 867 639 παρέστησε
893 569 989 632 τὰς
1016 569 1118 622 ἀνὰ
1153 573 1327 624 πᾶσαν
1371 573 1467 641 τὴν
1503 574 1749 643 οίκουμέ-

240 669 327 722 νην
350 655 527 721 ληνοὺς
553 654 643 707 τοῦ
663 655 817 709 Θεοῦ.
840 659 947 711 Καὶ
969 659 998 709 6
1025 659 1368 728 ὀγδοηκοστὸς
1397 660 1473 723 δέ,
1508 662 1600 713 καὶ
1656 663 1749 714 αύ-

241 742 321 804 τδς
351 742 608 811 ἐπιλήνιος
636 743 745 811 (24)
767 743 862 807 ῶν,
901 748 1010 808 τοῖς
1035 746 1206 799 ἔθνεσι
1230 748 1362 800 πᾶσι
1389 749 1750 816 παρακελεύε-

238 846 317 882 ται
332 828 404 897 τῷ
433 827 547 898 Θεῷ
577 829 686 882 τῶν
731 833 1018 903 προφητῶν
1068 835 1368 887 ἀποδιδόναι
1419 836 1510 889 τὸν
1548 836 1746 906 ὕμνον·

236 919 368 985 λέγει
393 919 448 970 δὲ
473 915 562 972 οὖν
578 936 592 950 ·
616 938 635 970 ι
658 922 1002 988 Ἀγαλλιᾶσθε
1028 925 1103 995 τῷ
1133 925 1248 995 Θεῷ
1276 928 1350 997 τῷ
1374 929 1547 998 βοηθῷ
1573 930 1746 999 ἡμῶν·

233 1007 508 1070 ἀλαλάξατε
553 1007 630 1077 τῷ
656 1009 776 1079 Θεῷ
820 1010 1027 1064 Ἰακώϐ.
1073 1031 1091 1062 ι
1144 1011 1273 1068 Εἶτα
1318 1017 1444 1085 ἑξῆς
1480 1018 1748 1070 ὑποκατα-

235 1097 342 1159 ϐὰς,
360 1098 452 1166 τὴν
475 1098 740 1168 ἀποϐολὴν
759 1101 852 1153 τοῦ
875 1102 1131 1171 προτέρου
1162 1104 1288 1157 λαοῦ
1328 1107 1606 1174 σημαίνει,
1658 1107 1745 1159 λέ-

233 1194 333 1251 γων
355 1201 368 1213 ·
402 1187 536 1238 «Kal.
564 1189 661 1239 οὐκ
686 1189 970 1257 ἧκουσεν⁶ό
999 1192 1123 1254 λαός
1147 1209 1244 1260 μου
1274 1193 1374 1261 τῆς
1409 1196 1587 1263 φωνῆς
1627 1212 1749 1263 μου,

234 1276 316 1327 καὶ
345 1275 547 1345 Ἰσραὴλ
568 1278 627 1328 ού
654 1280 924 1348 προσέσχε
969 1297 1077 1348 μοι.
1126 1282 1233 1333 Καὶ
1266 1282 1611 1344 ἐξαπέστειλα
1656 1285 1750 1335 αὐ-

230 1363 342 1425 τοὺς
367 1363 500 1417 κατὰ
529 1363 597 1416 τὰ
628 1366 1029 1436 ἐπιτηδεύματα
1063 1368 1167 1420 τῶν
1205 1369 1435 1438 καρδιῶν
1486 1373 1680 1423 αὐτῶν.
1724 1391 1742 1422 ι

230 1449 326 1501 Καὶ
346 1450 374 1501 6
399 1450 748 1518 ὀγδοηκοστὸς
775 1455 958 1523 τρίτος
982 1456 1077 1524 τὴν
1131 1445 1296 1523 αὐτὴν
1339 1457 1473 1525 ἔχων
1516 1476 1749 1530 προγρα-

228 1535 338 1606 φὴν,
364 1538 440 1590 ὅτι
461 1538 558 1589 οὐκ
586 1540 733 1591 ἔστιν
765 1540 832 1593 ἒν
864 1544 1144 1611 σκήνωμα,
1185 1545 1303 1596 οὐδὲ
1362 1546 1420 1596 ἓν
1464 1547 1748 1617 θυσιαστή-

227 1640 328 1693 ριον
349 1624 403 1675 ἐν
440 1626 855 1695 Ἱεροσολύμοις,
904 1629 1036 1681 ἀλλὰ
1073 1631 1241 1683 πολλὰ
1286 1633 1609 1702 σκηνώματα
1656 1636 1747 1688 καὶ

1846 502 1946 541 nus
1978 495 2177 549 noster,
2209 501 2366 554 quam
2411 486 2726 540 admirabile
2773 498 2856 542 est
2911 503 3102 543 nomen
3133 499 3282 543 tuum
3315 490 3370 544 iu

1846 575 2091 628 universa
2111 582 2252 627 terra
2270 572 2314 604 "
2336 574 2382 626 ί»
2413 572 2568 626 Clare
2580 574 2775 642 quippe
2790 575 3058 642 signiﬁcat
3083 577 3370 629 toreularia

1849 663 1937 716 Dei
1961 678 2054 732 per
2087 672 2253 717 totum
2297 663 2480 717 orbem
2513 664 2822 716 constituta.
2852 663 3216 732 Octogesimus
3238 680 3376 732 quo-

1846 767 1949 820 que
1981 753 2240 819 psalmus.
2275 767 2395 805 cum
2427 753 2492 805 de
2521 751 2879 806 torcularibus
2906 759 3045 819 agat,
3082 750 3232 818 jubet
3252 767 3372 807 om-

1846 855 1941 894 nes
1964 850 2147 909 gentes
2187 841 2567 908 pr0pbetarum
2596 840 2704 893 Deo
2737 839 2990 907 hymnum
3033 839 3265 893 referre:
3296 842 3373 895 sic

1846 937 2023 981 autem
2082 925 2686 981 babet“:¢Exsultate
2734 924 2842 978 Deo
2887 924 3120 992 adjutori
3167 932 3367 983 nostra.

1846 1015 2078 1084 jubilate
2122 1016 2230 1068 Deo
2255 1013 2438 1068 Jacob.
2467 1032 2485 1064 ι
2525 1013 2779 1081 Deinceps
2832 1011 3081 1076 inferius,
3111 1013 3365 1080 reproba-

1851 1103 2047 1156 tionem
2081 1103 2275 1170 prioris
2323 1102 2502 1170 populi
2546 1101 2833 1168 signiﬁcat,
2867 1101 3090 1154 dicens:
3122 1118 3141 1151 ι
3164 1101 3228 1153 Ει
3269 1115 3358 1154 nev

1845 1191 2049 1244 audivit
2080 1191 2306 1258 populus
2357 1205 2505 1243 meus
2547 1206 2730 1245 vocem
2764 1204 2956 1254 meam,
2988 1198 3042 1244 et
3076 1190 3237 1245 Israel
3269 1206 3377 1246 non

1846 1277 2072 1330 intendit
2112 1276 2263 1328 mihi.
2310 1276 2375 1328 Et
2420 1277 2595 1330 dimisi
2648 1291 2739 1329 eos
2784 1277 3076 1329 secundum
3116 1276 3377 1331 desideria

1845 1365 2021 1419 cordis
2051 1379 2234 1418 eorum
2261 1364 2328 1417 ".
2368 1384 2386 1414 ι
2426 1363 2790 1432 Octogesimus
2837 1364 2964 1417 item
3022 1365 3231 1428 tertius,
3282 1365 3376 1433 qui

1844 1454 2084 1508 eamdem
2127 1453 2287 1507 habet
2342 1452 2766 1520 inscriptionem,
2820 1467 2923 1505 non
2959 1467 3122 1505 unum
3170 1452 3378 1506 habita-

1844 1543 2043 1607 culum,
2073 1555 2248 1609 neque
2301 1556 2466 1594 unum
2496 1540 2665 1593 altare
2690 1539 3059 1609 Jerosolymis,
3090 1542 3183 1595 sed
3210 1542 3374 1595 multa

1845 1644 1962 1684 esse
2009 1627 2335 1694 habitacula,
2376 1626 2541 1681 multa
2582 1627 2769 1680 altaria
2829 1629 3090 1682 declarat.
3114 1629 3372 1695 Quamob

225 1711 375 1765 πολλὰ
394 1712 747 1784 θυσιαστήρια
775 1719 1093 1788 παρίστησι.
1142 1721 1230 1773 Διὸ
1285 1722 1377 1773 καὶ
1428 1723 1502 1784 ὼς
1543 1724 1747 1776 πολλῶν

1857 1732 1998 1781 rem,
2045 1731 2109 1770 ac
2160 1716 2204 1770 si
2260 1716 2373 1769 haec
2418 1713 2720 1767 habitacula
2770 1724 2930 1780 atque
2977 1715 3182 1778 altaria,
3214 1716 3377 1770 multa

224 1802 380 1855 οὐσῶν
400 1801 591 1870 ληνῶν,
622 1804 837 1857 τούτων
875 1806 1050 1858 αὐτῶν
1087 1808 1192 1859 τῶν
1244 1812 1607 1878 σκηνωμάτων
1655 1809 1746 1861 καὶ

223 1889 317 1941 τῶν
345 1888 762 1959 θυσιαστηρίων,
804 1894 942 1964 ὑπὲρ
967 1895 1073 1947 τῶν
1103 1896 1274 1966 ληνῶν
1311 1898 1742 1966 προγέγραπται’

223 1977 352 2045 λέγει
383 1978 437 2030 δέ
459 1973 550 2029 οὖν
567 1992 582 2010 ’
611 1998 630 2030 ι
664 1981 757 2042 Ὧς»
790 1983 1043 2051 ἀγαπητὰ
1064 1984 1131 2036 τὰ
1157 1984 1478 2054 σκηνώματά
1505 2002 1613 2049 σου,
1641 1988 1750 2038 Κύ-

226 2083 299 2135 ριε
323 2069 423 2122 τῶν
458 2071 764 2139 δυνάμεωνί
820 2070 1094 2122 Ἐπιποθεϊ
1132 2073 1224 2124 καὶ
1263 2072 1495 2124 ἐκλείπει
1538 2075 1571 2141 ἡ
1607 2073 1747 2145 ψυχή

227 2172 315 2224 μου
341 2159 414 2221 είς
445 2161 539 2222 τὰς
566 2159 734 2221 αὐλάς
765 2159 865 2210 τοῦ
890 2159 1119 2229 Κυρίουο
1156 2179 1174 2210 ι
1204 2161 1294 2212 καὶ
1319 2162 1593 2232 ἐπιφέρει·
1624 2182 1641 2211 ‹
1672 2163 1750 2213 Τὰ

226 2242 557 2316 θυσιαστήριά
580 2264 697 2309 σου,
728 2246 904 2317 Κύριε
929 2247 1039 2298 τῶν
1075 2247 1376 2317 δυνάμεων⁸
1419 2267 1438 2299 ι
1474 2250 1566 2302 καὶ
1594 2249 1751 2301 πάλιν

225 2332 572 2403 πληθυντικῶς
599 2335 876 2402 ἐπιλέγει⁸
913 2352 932 2383 ι
971 2335 1370 2404 ’Υπερασπιστὰ
1399 2336 1571 2405 ἡμῶν,
1606 2336 1680 2388 ῐδε
1725 2338 1753 2387 6

225 2419 362 2482 θεὸς,
402 2424 491 2474 καὶ
533 2422 827 2490 ἐπίδλεψον
865 2424 943 2484 είς
983 2422 1042 2474 τὸ
1081 2423 1361 2492 πρόσωπον
1390 2423 1483 2476 τοῦ
1523 2423 1751 2493 Χριστοῦ

225 2524 307 2560 σου
325 2528 337 2541 ’
360 2510 437 2562 ὅτι
464 2510 730 2581 κρείσσων
752 2511 938 2580 ἡμέρα
961 2510 1054 2579 μία
1079 2513 1133 2562 ἐν
1151 2514 1269 2574 ταῖς
1293 2512 1478 2576 αὐλαῖς
1505 2529 1595 2564 σου
1617 2513 1753 2584 ὑπὲρ

225 2596 461 2663 χιλιάδας.
496 2618 514 2649 ι
544 2599 712 2651 Ἔνθα
735 2600 1016 2668 τηρήσεις,
1040 2599 1111 2662 ὡς
1135 2602 1224 2652 καὶ
1254 2602 1506 2669 ὀνομαστὶ
1524 2600 1752 2671 Χριστοῦ

226 2685 491 2756 μέμνηται.
515 2688 651 2749 Τοὺς
669 2689 1176 2757 ἐπιγεγραμμένους
1201 2706 1220 2738 ι
1245 2689 1379 2758 ὑπὲρ
1402 2690 1495 2757 τῆς
1515 2690 1700 2758 ὀγδόης
1730 2708 1749 2740 ι

224 2772 305 2825 δύο
329 2775 561 2844 ψαλμοὺς
600 2776 841 2846 ἡγοῦμαι
869 2778 964 2845 τὴν
997 2779 1254 2847 σωτήριον
1281 2778 1377 2845 τῆς
1417 2778 1757 2840 ἀναστάσεως

224 2862 415 2933 ἡμέραν
451 2864 542 2916 τοῦ
586 2865 797 2934 Κυρίου
830 2864 1170 2917 αἰνίττεσθαι.
1205 2866 1312 2934 Τὴν
1354 2864 1487 2935 πρὸς
1533 2865 1753 2918 θάνατον

225 2950 338 3017 γοῦν
369 2954 631 3022 ἁμαρτίαν
664 2952 1037 3021 ἐργασάμενος
1077 2954 1106 3004 6
1134 2952 1312 3016 Δαυῖδ,
1359 2952 1582 3005 ἱκετεύει
1618 2953 1754 3005 κατὰ

1847 1806 1956 1862 sint
1978 1805 2286 1868 toreularia,
2326 1821 2346 1854 ι
2377 1818 2473 1873 pro
2505 1803 2862 1858 torcularibus
2882 1823 2900 1855 ι
2938 1805 3267 1859 inscribitur.
3290 1807 3378 1859 Ait

1850 1893 2005 1963 517
2043 1893 2221 1961 itaque
2260 1893 2306 1925 ⁵⁰
2342 1910 2357 1946 :
2399 1910 2417 1943 ι
2459 1892 2626 1956 Quam
2662 1892 2853 1946 dilecta
2886 1894 3223 1947 tabernacula
3252 1902 3377 1959 tua,

1832 1980 2067 2035 .Domine
2097 1982 2376 2035 virtutum!
2406 1980 2751 2048 Concupiscit
2777 1989 2832 2033 et
2864 1981 3042 2035 deﬁcit
3061 1981 3235 2035 anima
3261 1996 3378 2035 mea

1849 2070 1902 2123 in
1926 2071 2061 2122 atria
2094 2070 2333 2122 Domini:
2363 2086 2383 2119 ι
2416 2077 2573 2135 atque
2602 2067 2844 2132 infert“,
2872 2087 2891 2120 ι
2915 2067 3109 2122 Altaria
3134 2079 3242 2135 tua,
3276 2069 3378 2123 Do—

1850 2158 1990 2211 mine
2021 2158 2296 2212 virtututn.
2337 2174 2356 2206 ι
2394 2156 2732 2223 Rursumque
2771 2158 3049 2226 pluraliter
3072 2157 3258 2223 adjicit
3287 2157 3334 2190 ⁸³
3362 2175 3376 2210 :

1855 2266 1872 2298 ι
1903 2247 2175 2300 Protector
2211 2254 2414 2309 noster,
2452 2249 2656 2315 aspice,
2696 2246 2864 2310 Deus,
2898 2256 2953 2301 et
2979 2248 3183 2314 respice
3211 2247 3262 2300 in
3298 2246 3377 2299 fa-

1849 2336 1984 2389 ciem
2011 2334 2208 2389 Christi
2241 2334 2315 2386 tui
2353 2352 2367 2387 :
2397 2334 2521 2401 quia
2549 2334 2739 2387 melior
2768 2343 2850 2388 est
2879 2336 2994 2388 dies
3021 2349 3121 2387 una
3153 2336 3204 2388 in
3231 2335 3378 2390 atriis

1849 2424 1957 2477 tuis
1992 2438 2151 2492 super
2184 2423 2367 2476 millia.
2417 2442 2436 2476 ι
2489 2422 2587 2477 Ubi
2621 2424 2871 2478 observes
2898 2424 3042 2478 illum
3074 2425 3379 2486 nominatim

1851 2512 1917 2565 de
1938 2511 2149 2566 Christo
2170 2512 2492 2565 mentionem
2517 2510 2730 2567 fecisse.
2756 2513 2897 2567 Duos
2919 2524 3096 2569 autem
3116 2515 3378 2577 Psalmos,

1856 2615 1877 2650 ι
1904 2615 2001 2667 pro
2020 2610 2224 2664 octava,
2257 2618 2275 2651 ι
2306 2600 2606 2668 inscriptos,
2634 2603 2863 2656 arbitror
2890 2604 3171 2657 salutarem
3200 2618 3371 2657 resur-

1851 2687 2102 2741 rectionis
2131 2688 2336 2742 Domini
2367 2689 2504 2742 diem
2548 2690 2884 2746 adumbrare.
2916 2691 3045 2745 Cum
3072 2690 3251 2759 itaque
3277 2692 3378 2744 Da-

1852 2776 1939 2830 vid
1964 2784 2256 2843 peccatum,
2283 2779 2425 2843 quod
2460 2779 2525 2832 ad
2557 2790 2780 2833 mortem
2806 2789 2923 2833 erat
2943 2820 2957 2843 ,
2999 2789 3379 2849 perpetrasset,

1853 2862 2166 2931 deprecatur
2194 2864 2247 2917 in
2274 2874 2423 2919 sexto
2448 2865 2671 2932 psalmo,
2702 2879 2767 2920 ne
2792 2865 3025 2919 furorem
3051 2874 3104 2920 et
3133 2867 3264 2920 iram
3288 2867 3379 2921 Dei

1852 2951 2195 3017 experiatur;
2240 2955 2334 3007 sed
2365 2962 2513 3018 rogat
2545 2962 2603 3006 ut
2629 2954 2801 3007 anima
2834 2968 2931 3008 sua
2965 2954 3380 3010 misericordiam

221 3036 303 3092 τὸν
332 3021 497 3103 ἕκτον,
530 3040 604 3109 μὴ
639 3039 737 3091 τοῦ
768 3038 961 3108 θυμοῦ,
1009 3040 1141 3109 μηδέ
1170 3040 1267 3109 τῆς
1295 3040 1462 3109 ὀργῆς
1500 3040 1591 3092 τοῦ
1620 3039 1749 3093 Θεοῦ

1853 3049 1907 3092 et
1934 3039 2189 3093 medelam
2223 3051 2601 3108 consequatur.
2629 3040 2756 3094 Illud
2788 3051 2964 3095 autem
3002 3041 3232 3095 futurum
3260 3055 3379 3098 esse

223 3127 579 3196 πειρασθῆναι,
610 3128 795 3189 ἐλέους
831 3126 891 3181 δέ
918 3127 1009 3178 καὶ
1047 3128 1235 3189 ἰάσεως
1266 3127 1360 3196 τὴν
1397 3127 1567 3198 ψυχὴν
1593 3128 1751 3180 αὐτοῦ

221 3217 416 3283 τυχεῖν·
463 3215 619 3267 τοῦτο
665 3215 725 3267 δέ
775 3214 988 3266 ἔσεσθαι
1025 3214 1262 3277 θεσπίζει
1303 3215 1496 3283 λέγων’
1536 3235 1554 3266 ι
1611 3217 1755 3269 Ἐπί-

220 3302 449 3371 οτρεψον,
486 3303 678 3373 Κύριε,
720 3302 878 3371 ῥῦσαι
937 3302 1032 3371 τὴν
1079 3303 1255 3372 ψυχήν
1300 3320 1418 3371 μου,
1467 3304 1634 3356 σῶσόν
1686 3321 1753 3373 με

217 3386 385 3440 ἕνεκεν
411 3389 503 3440 τοῦ
531 3388 721 3450 ἐλέους
756 3405 847 3441 σου
864 3405 878 3417 ·
917 3390 997 3441 ὅτι
1046 3391 1143 3441 οὐκ
1180 3390 1323 3442 ἐστιν
1354 3390 1411 3441 ἐν
1445 3389 1520 3457 τῷ
1547 3389 1754 3459 θανάτῳ

214 3477 241 3529 6
272 3479 606 3548 μνημονεύων
633 3494 757 3540 σου,
781 3481 838 3530 ἐν
865 3479 921 3531 δὲ
959 3479 1034 3548 τῷ
1071 3479 1169 3549 ᾄδῃ
1205 3479 1286 3541 τίς
1314 3479 1752 3548 ἐξομολογήσεται

218 3581 323 3629 om;
353 3586 372 3617 ι
409 3569 688 3637 μονονουχὶ
724 3569 814 3620 τὸν
843 3567 1040 3638 Κύριον
1064 3568 1222 3621 αὐτὸν
1257 3570 1320 3619 ἐκ
1341 3567 1560 3620 θανάτου
1591 3567 1752 3636 ῥύσα-

213 3655 324 3708 σθαι
358 3657 519 3710 αὐτοῦ
556 3659 657 3727 τὴν
703 3656 879 3726 ψυχὴν
904 3657 1173 3709 ἱκετεύων.
1220 3658 1432 3727 Προϊὼν
1450 3657 1505 3708 δὲ
1537 3656 1641 3708 τῶν
1667 3657 1754 3708 εὐ-

214 3743 313 3811 χῶν
351 3746 712 3815 τετυχηκέναι
758 3745 907 3815 δηλοῖ
942 3746 1010 3797 δι’
1055 3740 1129 3798 ὧν
1160 3762 1346 3814 φησιν*
1395 3764 1414 3796 ι
1462 3746 1752 3815 Είσήκουσε

212 3830 398 3901 Κύριος
421 3836 519 3903 τῆς
548 3834 743 3902 φωνῆς
766 3834 859 3885 τοῦ
888 3834 1159 3902 κλαυθμοῦ
1185 3851 1281 3903 μου
1297 3850 1312 3865 ο
1342 3835 1619 3903 είσήκουσε
1643 3832 1753 3884 Κύ-

213 3937 316 3987 ριος
352 3925 448 3993 τῆς
483 3925 725 3995 δεήσεως
769 3942 868 3995 μου
890 3964 904 3988 ,
949 3928 1147 3995 Κύριος
1178 3926 1274 3996 τὴν
1308 3927 1605 3996 προσευχήν
1652 3944 1749 3995 μου

208 4011 570 4079 προσεδέξατο.
608 4030 628 4062 ι
654 4012 765 4081 Τὴν
796 4012 903 4080 γάρ
943 4012 1231 4065 ἀναϐίωσιν
1263 4012 1422 4064 αὑτοῦ
1445 4013 1541 4081 τὴν
1570 4015 1632 4064 ἐκ
1658 4012 1749 4065 τοῦ

207 4094 422 4150 θανάτου
446 4100 584 4168 μετὰ
613 4101 714 4168 τῆς
736 4099 827 4151 τοῦ
853 4100 1082 4168 Χριστοῦ
1108 4101 1443 4159 ἀναστάσεως
1463 4099 1750 4168 γενομένην

204 4183 284 4237 διά
323 4186 523 4239 τούτων
567 4187 805 4257 ᾐνίξατο.
839 4188 1112 4249 Ὠσαύτως
1153 4188 1209 4239 δέ
1262 4188 1354 4239 καὶ
1398 4190 1427 4239 6
1477 4187 1750 4248 ἑνδέκατος

210 4287 229 4319 ι
259 4273 382 4341 περὶ
430 4274 532 4342 τῆς
576 4274 774 4341 ὀγδόης
808 4293 827 4323 ι
859 4275 1271 4344 ἐπιγέγραπται,
1308 4272 1400 4324 τοῦ
1446 4272 1604 4326 Δαυτδ
1653 4272 1748 4340 τὴν

204 4359 384 4428 ὁμοίαν
408 4362 618 4413 ἱκεσίαν
651 4363 914 4432 περιέχων
940 4363 1232 4429 φάσκοντος
1250 4377 1263 4390 ·
1289 4380 1307 4412 ι
1334 4362 1509 4415 Σῶσόν
1534 4379 1620 4431 με,
1641 4363 1751 4413 Κύ-

210 4463 302 4515 ριε,
333 4451 414 4502 ὅτι
441 4451 758 4504 ἐκλέλοιπεν
788 4453 948 4513 ὅσιος.
992 4470 1011 4501 ι
1044 4447 1173 4503 Εἶτα
1201 4451 1261 4501 τὸ
1289 4449 1538 4519 ἑξῆς-οὑκ
1572 4453 1752 4502 ἐπικε-

207 4537 581 4608 καλυμμένως,
621 4538 755 4592 ἀλλά
791 4538 1069 4609 τηλαυγῶς
1096 4539 1339 4607 ἐπιφέρει
1363 4537 1559 4605 λέγων’
1590 4556 1609 4588 ι
1640 4537 1752 4591 Νῦν

205 4625 595 4696 ἀναστήσομαι,
629 4627 775 4695 λέγει
818 4627 1044 4696 Κύριος’
1075 4626 1301 4696 θήσομαι
1329 4626 1683 4696 ἐνοσωτηρίῳ.
1723 4646 1742 4678 ι

204 4714 275 4764 Δι’
304 4716 368 4785 ἢν
398 4716 702 4768 ἀνάστασιν
742 4715 837 4768 τοῦ
878 4715 1077 4785 Κύριου
1109 4717 1175 4784 τῇ
1221 4713 1355 4783 μετὰ
1380 4712 1439 4764 τὸ
1478 4715 1748 4768 Σάὸὁατον

204 4802 396 4872 ἡμέρᾳ,
441 4805 568 4872 ἥτις
598 4799 669 4873 ἦν
711 4804 891 4872 ὀγδόη,
924 4803 1234 4872 γενομένην,
1264 4803 1343 4862 είς
1369 4801 1534 4854 τύπον
1562 4805 1748 4873 καινῆς

204 4885 358 4956 ζωῆς,
390 4891 656 4958 τοιαύτης
685 4888 834 4955 οἶμαι
881 4892 1192 4960 προγραφῆς
1228 4890 1313 4941 τὸν
1352 4888 1559 4958 ψαλμὸν
1589 4890 1748 4959 ἠξιῶ-

210 4974 340 5029 σθαι.
362 4978 484 5030 Εἰσὶ
514 4979 617 5047 μὲν
644 4979 837 5038 πάντες
858 4978 909 5026 οί
940 4975 1390 5047 ἐπιγεγραμμένοι
1424 4984 1443 5026 ι
1470 4977 1605 5045 ὑπὲρ
1640 4976 1745 5029 τῶν

204 5061 703 5135 ἀλλοιωθησομένων
731 5084 751 5114 ι
778 5065 866 5115 τὸν
900 5061 1121 5130 ἀριθμὸν
1154 5065 1429 5129 τέσσαρες.
1476 5064 1686 5117 Τούτων
1717 5067 1745 5117 6

211 5151 302 5218 μὲν
344 5153 704 5224 πεντηκοστὸς
740 5152 960 5211 ἐννατος
997 5151 1137 5203 δοκεῖ
1176 5169 1266 5221 μοι
1310 5150 1404 5219 τὴν
1434 5152 1542 5205 τῶν
1580 5153 1745 5206 ἐθνῶν

1852 3128 2168 3181 vaticinatur
2196 3129 2278 3182 bis
2316 3130 2494 3183 verbis
2533 3130 2579 3160 ⁸³
2617 3148 2630 3183 :
2673 3147 2692 3179 ι
2727 3128 3082 3195 Convertere,
3128 3130 3379 3196 Domine,

1850 3216 1994 3284 eripe
2022 3217 2251 3270 animam
2279 3232 2476 3283 meam,
2504 3218 2707 3272 salvum
2739 3232 2823 3271 me
2861 3219 2946 3273 fac
2981 3229 3193 3288 propter
3225 3223 3379 3275 mise-

1851 3304 2133 3357 ricordiam
2180 3316 2323 3357 tuam
2368 3321 2382 3357 :
2427 3307 2674 3373 quoniam
2717 3320 2819 3359 non
2868 3316 2950 3360 est
2995 3307 3046 3360 in
3081 3316 3253 3361 morte
3290 3310 3381 3376 qui

1853 3405 2052 3445 memor
2083 3392 2155 3445 sit
2196 3393 2306 3454 tui,
2342 3392 2396 3445 in
2446 3392 2652 3446 inferno
2691 3403 2865 3446 autem
2900 3394 3020 3461 quis
3047 3395 3379 3450 conﬁtebitur

1853 3480 1984 3533 tibi?
2016 3498 2034 3531 ι
2063 3495 2124 3533 ac
2147 3480 2191 3532 si
2225 3481 2445 3533 Domino
2466 3480 2567 3549 ipsi
2586 3482 2875 3550 supplicet,
2898 3490 2955 3535 ut
2976 3481 3206 3535 animam
3230 3498 3379 3537 suam

1849 3576 2000 3620 eruat
2030 3583 2059 3620 a
2092 3577 2282 3622 morte.
2309 3569 2364 3620 ln
2402 3571 2746 3636 sequentibus
2773 3583 2900 3623 vero
2923 3607 2938 3632 ,
2965 3584 3024 3623 se
3048 3579 3166 3623 vota
3192 3585 3378 3624 conse-

1849 3665 2025 3711 cutum
2051 3672 2167 3711 esse
2192 3657 2428 3711 declarat
2462 3657 2545 3711 bis
2582 3658 2760 3711 verbis
2783 3659 2831 3689 “
2863 3675 2877 3710 :
2916 3675 2937 3708 ι
2971 3658 3246 3713 Exaudivit
3275 3658 3378 3711 Do-

1850 3747 2024 3801 minus
2049 3762 2230 3800 vocem
2254 3747 2410 3800 ﬁctus
2437 3748 2539 3800 mei
2571 3760 2586 3799 :
2610 3746 2882 3799 exaudivit
2909 3748 3162 3801 Dominus
3194 3747 3375 3814 depre-

1848 3835 2107 3887 cationem
2144 3849 2313 3887 meam
2336 3874 2351 3899 ,
2391 3835 2643 3889 Dominus
2675 3835 2969 3888 orationem
3003 3849 3174 3888 meam
3202 3850 3376 3890 susce-

1848 3924 1945 3992 pit.
1993 3941 2012 3974 ι
2052 3922 2217 3976 Suum
2249 3925 2391 3978 enim
2420 3938 2485 3978 ex
2520 3931 2690 3976 morte
2716 3923 2780 3975 ad
2810 3922 2971 3976 vitam
3010 3925 3260 3988 reditum,
3289 3924 3379 3993 qui

1849 4022 1967 4081 post
1996 4013 2437 4066 resurrectionem
2477 4010 2673 4066 Christi
2714 4012 2968 4080 contigit,
3019 4013 3101 4066 his
3141 4013 3378 4067 subindi-

1851 4104 2011 4158 cavit.
2031 4100 2386 4169 Similiterque
2400 4100 2712 4155 undecimus
2729 4100 3011 4167 psalmum
3025 4115 3121 4167 pro
3134 4110 3318 4155 octava
3329 4143 3341 4163 ,
3352 4118 3375 4154 ι

1850 4192 2134 4259 inscriptus
2187 4199 2303 4249 est.
2357 4203 2650 4258 paremque
2702 4188 2917 4243 Davidis
2955 4187 3378 4255 deprecationem

1851 4281 2091 4334 continet
2138 4278 2361 4332 dicentis
2400 4277 2446 4309 ⁸⁸
2485 4294 2499 4329 :
2544 4292 2567 4329 ι
2605 4276 2820 4330 Salvum
2854 4291 2939 4330 me
2968 4278 3081 4339 fac,
3122 4278 3338 4331 Domine
3361 4318 3377 4343 ,

1852 4366 2099 4435 quoniam
2140 4363 2336 4418 defecit
2364 4372 2602 4418 sanctus.
2641 4381 2660 4414 ι
2706 4363 2960 4431 Deinceps
2993 4379 3098 4418 non
3125 4365 3376 4428 obscure,

1852 4454 1942 4509 sed
1981 4452 2122 4506 clare
2167 4465 2231 4505 ac
2276 4449 2499 4505 dilucide
2525 4449 2800 4511 subinfert,
2830 4449 3014 4503 dicens
3040 4450 3086 4482 ⁸⁸
3123 4469 3137 4504 :
3177 4467 3197 4502 ι
3231 4450 3380 4504 Nunc

1853 4555 2145 4608 resurgam,
2191 4539 2320 4593 dicit
2376 4538 2629 4592 Dominus
2679 4554 2694 4591 :
2753 4552 2943 4604 ponam
2974 4539 3034 4599 ,in
3073 4537 3312 4594 salutari.
3348 4556 3369 4588 ι

1849 4628 2071 4695 Propter
2097 4642 2253 4695 quam
2278 4625 2484 4680 Domini
2513 4624 2968 4690 resurrectionem,
2991 4639 3107 4693 quae
3131 4624 3214 4678 die
3242 4624 3377 4679 Sab-

1851 4715 2027 4769 batum
2075 4716 2448 4782 subsequente,
2499 4712 2552 4766 id
2591 4721 2708 4775 est,
2755 4721 2971 4777 octava,
3019 4713 3275 4780 contigit,
3321 4712 3373 4766 in

1853 4817 2000 4856 novae
2029 4803 2151 4856 vita
2178 4811 2360 4871 typum
2402 4799 2698 4869 bnjusmodi
2731 4799 3075 4867 inscriptione
3104 4801 3375 4865 dignatum

1851 4904 1970 4945 esse
1998 4890 2260 4957 psalmum
2291 4889 2557 4943 existimo.
2595 4887 2729 4940 Sunt
2760 4902 2920 4955 porro
2946 4901 3128 4941 omnes
3153 4887 3372 4953 psalmi,

1854 4996 1877 5028 r
1898 4993 1992 5046 pro
2020 4978 2085 5031 iis
2105 4983 2194 5046 qul
2227 4978 2666 5037 immutabuntur,
2687 4992 2705 5025 ι
2723 4975 2982 5044 inscripti,
3001 4987 3221 5027 numero
3243 4988 3376 5039 qua-

1850 5075 1987 5120 tuor.
2034 5066 2113 5119 Ex
2164 5067 2249 5120 bis
2293 5066 2761 5136 quinquagesimus
2800 5078 2968 5117 nonus
3000 5061 3210 5113 videtur
3246 5061 3375 5113 mihi

1848 5154 2266 5209 immutationem
2316 5154 2549 5208 indicare
2588 5168 2748 5222 quam
2792 5165 2964 5220 passa:
3017 5155 3138 5200 sunt
3184 5155 3381 5211 gentes
3467 5223 3476 5232 .

266 5284 310 5314 δ’
345 5282 481 5337 Psal.
512 5299 633 5343 νιιι.
667 5284 739 5350 2,,
789 5278 1002 5350 f'Psal,
1028 5279 1273 5350 nan?-
1365 5278 1585 5350 “Jbid-o
1631 5283 1749 5344 ην

1878 5285 1950 5338 .⁸⁰
1979 5283 2064 5341 Ps.
2095 5298 2320 5350 Lxxxm,
2347 5282 2409 5349 2,
2437 5282 2491 5335 5.
2562 5281 2607 5313 ⁵¹
2638 5279 2766 5334 ibid.
2795 5276 2848 5329 4.
2921 5274 2967 5306 ⁸⁸
3006 5266 3134 5322 ibid-
3167 5264 3268 5327 1οο
3297 5267 3387 5322 Hc

211 5349 256 5384 ³³
277 5351 361 5405 Ps.
394 5367 465 5417 vt,
497 5352 552 5415 5,
577 5342 633 5403 6.
686 5348 753 5380 ³⁵
785 5346 916 5402 ibid.
946 5342 1021 5401 10.
1099 5347 1145 5380 ⁵⁸
1178 5342 1272 5400 Ps.
1301 5362 1372 5409 ιι,
1399 5348 1455 5402 2.
1529 5348 1574 5378 ’θ
1597 5342 1725 5402 ibid.
1749 5352 1782 5403 6

270 5486 484 5556 (‘23)(‘0
516 5487 730 5556 Κύριος
1000 5481 1454 5539 Montefalconius
1474 5520 1488 5547 ,
1542 5486 1571 5534 6
1601 5484 1801 5556 Κύριός
1831 5504 1952 5554 μου.

271 5547 373 5622 (es)
404 5547 648 5614 Grubius,
686 5547 977 5614 ύπολήνιος.
