3806 6214
235 211 384 268 1065

1430 214 1730 270 SELECTA
1762 213 1828 267 lN
1867 214 2198 275 PSALMOS.

3296 221 3431 277 £066

232 326 510 399 ρακοστὸς
549 327 797 397 πέμπτος
833 325 1213 398 παραπλησίως
1263 326 1387 396 περὶ
1421 326 1527 379 τῶν
1564 325 1793 397 κρυφίων

1901 326 2083 395 scripti
2102 336 2223 381 sunt
2245 345 2263 378 ι
2287 329 2338 383 in
2359 327 2493 383 tituli
2518 331 2936 401 inscriptionem,
2962 351 2982 385 ι
3004 333 3067 388 de
3094 333 3350 388 modestia
3378 345 3431 388 et

228 417 531 488 εἰρημένος
555 416 644 469 τὸν
665 417 891 487 ἀόρατον
921 417 1011 469 καὶ
1043 416 1226 484 νοητὸν
1255 415 1483 484 πόλεμον
1512 414 1799 484 παρίστησι

227 503 417 572 λέγων
434 522 451 537 ·
484 524 503 555 ι
534 505 938 575 Ἐταράχθησαν
959 503 1106 573 ἔθνη,
1130 502 1341 557 ἔκλιναν
1366 503 1642 571 βασιλεῖαι,
1670 521 1688 552 ι
1709 500 1800 552 καὶ

223 596 295 647 τὰ
324 595 483 665 ἑξῆς.
504 591 637 647 Εἶτα
659 594 732 657 ὡς
755 594 917 647 πάλαι
944 591 1381 655 καταπατοῦντας
1397 591 1503 644 τῶν
1525 591 1686 643 ἐθνῶν
1706 590 1800 659 ἀρε

221 701 433 753 χοντας
466 683 732 746 καθελὼν,
775 685 862 751 ὑφ’
886 684 1073 737 ἐαυτόν
1094 700 1151 735 τε
1176 681 1531 751 πεποιημένος
1569 680 1636 733 τά
1676 680 1799 749 ἔθνη

220 771 357 840 ἑξῆς
381 773 555 840 λέγει’
570 793 589 823 ι
610 771 991 841 ’Υψωθήσομαι
1011 771 1067 822 ἐν
1085 773 1193 833 τοῖς
1215 770 1437 830 ἔθνεσιν,
1456 769 1800 838 ύψωθήσομαι

217 863 278 912 ἐν
297 864 373 931 τῇ
404 864 500 932 γῇ.
529 880 548 912 ι
570 862 633 913 Οἱ
654 860 1109 929 ἐπιγεγραμμένοι
1133 878 1151 910 ι
1171 860 1250 921 είς
1270 857 1660 927 στηλογραφίαν
1680 875 1697 906 ›
1718 855 1802 908 λό-

216 967 361 1017 γους
412 951 731 1021 περιέχουσι
779 950 1121 1019 μετριότητος
1166 948 1256 1001 καὶ
1292 944 1795 1016 ταπεινοφροσύνης.

215 1036 436 1107 Διόπερ
458 1040 489 1090 6
515 1039 612 1106 μὲν
642 1037 883 1099 Ἀκύλας,
914 1036 1031 1088 ἀντὶ
1055 1034 1632 1104 τοῦ,στηλογ;οαερίαν,
1665 1052 1682 1082 ι
1709 1050 1802 1085 τα-

216 1124 423 1176 πεινοῦ
468 1124 678 1176 τελείου
715 1142 734 1173 ι
766 1118 1099 1192 ήρμήνευσεν
1118 1139 1132 1153 ·
1170 1124 1197 1174 ὁ
1220 1122 1275 1173 δὲ
1302 1119 1617 1190 Σύμμαχος,
1654 1136 1672 1168 ι
1703 1136 1799 1171 τα-

216 1210 591 1280 πεινόφρονος
614 1210 708 1262 καὶ
721 1209 972 1278 ἀμώμου.
994 1227 1012 1259 ι
1037 1209 1159 1260 Εἴτε
1182 1207 1289 1275 γὰρ
1316 1209 1344 1258 6
1371 1205 1528 1259 A6616
1555 1204 1799 1274 βασιλεὺς

211 1297 289 1350 ὢν
337 1299 444 1351 καὶ
493 1299 676 1369 ἀρχων
721 1297 913 1360 παντὸς
947 1296 1178 1366 Ἰσραὴλ,
1218 1295 1410 1365 μέτρια
1448 1295 1540 1346 καὶ
1578 1290 1801 1346 ταπεινά

211 1384 448 1453 φρονῶν
490 1384 744 1446 τοιαύτας
787 1385 1058 1454 προήκατο
1084 1382 1280 1451 φωνὰς,
1327 1378 1436 1433 εἴτε
1470 1380 1563 1432 καὶ
1609 1381 1636 1431 6
1671 1381 1801 1449 Χρι-

212 1470 344 1533 στὸς
419 1471 518 1523 τοῦ
570 1471 705 1523 Θεοῦ
756 1470 976 1522 τοιαῦτα
1032 1469 1277 1534 ἐθέσπιζε
1331 1467 1757 1539 ταπεινοφρονῶν
1782 1496 1797 1520 ν

1899 422 2195 477 humilitate
2234 423 2542 493 loquuntur.
2574 428 2908 498 Quapropter
2957 430 3164 499 Aquila,
3196 446 3294 499 pro
3322 450 3341 481 ι
3374 430 3427 482 in

1899 522 2035 576 tituli
2058 524 2505 592 inscriptionem,»
2523 527 2679 580 vertit
2700 543 2719 578 ι
2740 528 2951 582 humilis
2970 530 3208 596 perfecti;
3232 547 3251 580 ι
3273 528 3428 599 Sym-

1896 618 2113 673 machus
2138 635 2286 681 vero,
2318 639 2337 672 ι
2371 620 2587 675 humilis
2610 632 2664 676 et
2700 624 2971 687 iuculpati.
3005 644 3022 677 ι
3050 626 3178 679 Nam
3194 627 3304 681 sive
3322 626 3423 678 Da-

1894 715 1983 769 vid
2015 730 2106 769 rex
2141 724 2194 770 et
2236 718 2481 786 princeps
2513 720 2672 773 totius
2705 720 2888 785 Israel,
2939 736 3045 788 prae
3087 723 3339 776 modestia
3371 730 3427 776 et

1894 811 2215 876 humilitate,
2233 813 2487 878 ejusmodi
2520 813 2724 868 miserit
2746 830 2934 880 voces;
2966 816 3078 869 sive
3108 830 3201 892 eas
3236 828 3425 884 protu-

1897 905 2019 959 lerit
2048 905 2291 961 Christus
2332 909 2603 962 humiliter
2646 912 2918 972 sentiens,
2954 919 3012 963 ut
3042 925 3161 964 cum
3207 912 3363 965 docet
3405 926 3419 961 :

1898 1001 2096 1071 διες
2130 1003 2328 1058 Discite
2361 1019 2389 1056 a
2444 1020 2527 1058 me
2570 1007 2692 1073 quia
2744 1006 2885 1060 mitis
2941 1021 3056 1060 sum
3107 1015 3161 1059 et
3214 1006 3424 1060 humilis

1899 1103 2060 1155 corde
2083 1102 2156 1167 ως
2185 1120 2203 1151 ι
2237 1110 2380 1155 certe
2415 1102 2559 1171 digni
2590 1110 2713 1156 sunt
2737 1102 2788 1156 hi
2818 1116 3091 1157 sermones
3130 1103 3218 1170 qui
3253 1119 3303 1155 In
3330 1119 3420 1157 co-

1898 1195 2077 1250 lumna
2118 1197 2426 1266 sculpantur
2456 1207 2508 1253 et
2553 1200 2819 1252 memoria:
2848 1207 3060 1253 mternaa
3084 1202 3418 1255 mandentur.

1897 1292 2045 1359 Quod
2071 1293 2280 1360 quidem
2306 1309 2434 1362 pert
2459 1294 2596 1347 tituli
2625 1295 3017 1363 inscriptionem
3045 1296 3418 1365 isignilicatur,

1898 1389 1954 1431 ut
1988 1380 2282 1449 intelligere
2304 1380 2427 1433 licet
2456 1395 2518 1433 ex
2550 1382 2986 1450 quinquagesimo
3008 1383 3191 1450 quinto
3219 1384 3422 1451 psalmo

1898 1469 1986 1529 qui
2025 1468 2310 1535 inscriptus
2339 1478 2454 1531 est,
2491 1486 2508 1518 ι
2539 1468 2589 1520 iu
2630 1469 2768 1522 tituli
2824 1471 3252 1538 inscriptiOuem,
3284 1491 3303 1522 ι
3338 1472 3420 1525 vel

207 1556 516 1629 ὠσπεροῦν
552 1558 789 1611 διδάσκει
820 1557 907 1609 διὰ
936 1557 1057 1609 τοῦθ
1100 1576 1118 1607 ι
1143 1557 1353 1610 Μάθετε
1386 1558 1475 1608 ἀπ’
1512 1553 1644 1626 ἐμοῦ
1665 1593 1679 1616 ,
1714 1555 1793 1606 ὅτι

1902 1572 1920 1603 ι
1952 1554 2162 1608 humilis
2187 1555 2426 1621 perfecti,
2457 1574 2473 1605 ι
2504 1555 2584 1607 vel
2616 1573 2634 1604 ι
2661 1557 2875 1610 humilis
2902 1567 2955 1611 et
2987 1559 3235 1626 inculpati
3272 1577 3323 1610 ει
3363 1560 3416 1612 in

208 1626 402 1717 πρᾶός
437 1649 558 1715 εἰμι
605 1648 700 1700 καὶ
738 1645 988 1708 ταπεινὸς
1025 1649 1089 1715 τῇ
1132 1645 1356 1715 καρδίαο
1391 1663 1408 1694 ι
1440 1644 1635 1714 στήλης
1656 1642 1791 1706 ἄξιοι

1895 1658 1998 1711 qun
2029 1645 2225 1698 dictum
2251 1655 2333 1698 est
2358 1646 2401 1677 θ’
2433 1661 2445 1695 :
2489 1662 2506 1693 ι
2538 1644 2785 1698 Miserere
2813 1647 2935 1709 mei,
2970 1647 3137 1710 Dens,
3169 1647 3416 1714 quoniam

208 1731 322 1788 εἷεν
380 1734 455 1787 ἂν
505 1736 554 1786 oi
590 1735 769 1803 λόγοι,
817 1737 908 1789 καὶ
940 1735 1035 1803 τῆς
1067 1737 1145 1797 είς
1175 1734 1261 1786 τὸν
1297 1735 1576 1803 σύμπαντα
1624 1732 1792 1784 αίῶνα

209 1823 480 1894 μνήμης
515 1824 653 1893 ὅπερ
681 1823 767 1875 διά
796 1823 893 1891 τῆς
923 1842 940 1872 ι
971 1822 1360 1892 στηλογραφίας
1395 1839 1412 1872 ι
1450 1820 1788 1892 παρίσταται.

206 1914 465 1983 Νοήσεις
499 1913 557 1966 δὲ
584 1913 642 1964 τὸ
675 1913 957 1982 εἰρημένον
999 1911 1105 1964 ἀπὸ
1132 1911 1222 1963 τοῦ
1253 1909 1610 1979 πεντηκοστοῦ
1656 1909 1793 1979 πέμ-

206 2020 385 2066 πτου,
421 2002 488 2065 ὃς
515 2001 917 2071 ἐπιγέγραπται
938 2019 957 2052 ι
990 2001 1433 2071 στηλογραφίας,›
1452 2000 1483 2069 ἢ
1504 2018 1521 2049 ι
1543 1998 1791 2057 ταπεινοῦ

206 2090 462 2151 τελείου,
495 2109 514 2141 ι
537 2090 569 2163 ἦ
595 2108 611 2139 ι
638 2090 1051 2158 ταπεινόφρονος
1074 2088 1165 2141 καὶ
1183 2086 1429 2157 ἀμώμου,
1457 2105 1475 2136 ι
1497 2088 1553 2138 ἐν
1578 2080 1621 2152 ᾧ
1642 2085 1791 2154 εἴρη-

206 2199 333 2233 ταιο
388 2198 410 2231 ι
458 2180 715 2248 Ἐλέησόν
744 2195 833 2249 με,
876 2179 905 2230 6
941 2177 1091 2240 Θεὸς,
1129 2177 1209 2228 ὅτι
1238 2175 1584 2243 κατεπάτησέ·
1606 2190 1671 2243 με
1703 2173 1794 2226 ἀν-

205 2269 449 2340 θρωπος
484 2268 613 2338 ὃλην
640 2267 737 2337 τὴν
771 2266 1000 2336 ἡμέραν,
1027 2284 1045 2316 ι
1084 2266 1176 2318 καῖ⁸
1206 2263 1273 2319 τὰ
1299 2264 1441 2333 ἑξῆς.
1471 2264 1577 2316 Καὶ
1608 2264 1636 2314 ὁ
1667 2277 1792 2315 πεν-

203 2358 497 2429 τηκοστὸς
524 2357 701 2420 ἕκτος,
730 2355 827 2425 τὴν
849 2355 966 2423 ἴσην
987 2351 1122 2422 έχων
1154 2352 1475 2422 ἐπιγραφὴν,
1503 2351 1657 2405 πάλιν
1685 2348 1791 2401 τῶν

203 2445 694 2503 καταπατούντων
741 2445 900 2497 αὐτὸν
945 2443 1210 2513 μέμνηται
1251 2442 1451 2508 λέγων·
1513 2458 1532 2490 ι
1558 2439 1791 2491 Ἔδωκεν

200 2542 283 2604 είς
323 2538 552 2599 ὄνειδος
586 2537 714 2598 τοὺς
756 2533 1195 2595 καταπατοῦντας
1236 2548 1323 2601 με’
1348 2549 1366 2580 ι
1405 2531 1496 2582 καὶ
1538 2530 1658 2590 τοὺς
1686 2528 1791 2579 λοι-

202 2628 343 2689 ποὺς
379 2626 446 2678 δὲ
472 2623 582 2677 τῶν
602 2623 774 2684 οὕτως
797 2619 1277 2690 ἐπιγεγραμμένων
1292 2615 1527 2680 διελθὼν,
1550 2613 1648 2682 τῆς
1672 2612 1792 2682 ἴσης

198 2713 527 2784 ἐχομένους
551 2712 805 2782 εὑρήσεις
832 2708 1084 2770 διανοίας.
1110 2708 1171 2760 Οἱ
1197 2702 1650 2776 ἐπιγεγραμμένοι
1671 2721 1688 2751 ι
1712 2703 1791 2763 είς

200 2801 540 2873 ἀνάμνησιν
566 2797 662 2850 τοῦ
684 2796 845 2850 Δαυῖδ
871 2816 891 2846 ι
924 2796 1346 2866 ὑπομιμνήσκειν
1370 2791 1527 2844 αὑτὸν
1558 2790 1790 2842 ἐοίκασιν

198 2891 294 2943 ἐπὶ
326 2888 452 2957 τῆς
480 2886 577 2939 τοῦ
606 2885 802 2956 Οὐρίου
829 2885 1116 2956 ἁμαρτίας.
1148 2884 1205 2935 '0
1231 2882 1286 2936 δὲ
1309 2878 1619 2951 τριακοστὸς
1646 2877 1790 2929 ἐϐδο-

199 2996 326 3050 μος,
349 2977 550 3039 οὕτως
574 2975 1061 3045 ἐπιγεγραμμένος,
1088 2970 1350 3038 ἐπιλέγει·
1376 2990 1392 3020 ι
1418 2969 1527 3021 Οὐκ
1550 2967 1691 3019 ἐστιν
1717 2968 1790 3018 εί-

198 3071 345 3141 ρήνη
380 3070 444 3120 ἐν
468 3070 588 3130 τοῖς
610 3065 817 3126 ὀστέοις
836 3081 934 3133 μου
959 3063 1063 3115 ἀπὸ
1087 3060 1369 3132 προσώπου
1394 3059 1497 3111 τῶν
1514 3056 1788 3128 ἁμαρτιῶν

205 3175 312 3227 μου
330 3196 348 3219 ,
390 3174 411 3206 ι
451 3154 553 3207 καὶ
585 3153 657 3205 τά
682 3152 830 3222 ἑξῆς⁸
878 3150 970 3203 καὶ
1008 3150 1074 3202 δι’
1098 3151 1219 3202 ὅλου
1245 3149 1303 3200 δὲ
1330 3148 1421 3199 τοῦ
1456 3144 1666 3215 ψαλμοῦ
1691 3145 1788 3215 τὴν

205 3233 306 3299 ἐπὶ
366 3247 444 3315 τῇ
497 3241 806 3312 πραχθείσῃ
858 3240 1096 3310 ἁμαρτίᾳ
1140 3238 1464 3291 κατάστασιν
1514 3235 1785 3304 σημαίνει.

214 3332 516 3395 Ὡσαύτως
539 3330 597 3382 δὲ
621 3329 715 3383 καὶ
741 3329 769 3381 6
791 3327 1077 3398 ἐξηκοστὸς
1102 3326 1366 3396 πέμπτος,
1400 3341 1418 3374 ι
1442 3323 1520 3384 είς
1550 3321 1789 3389 ἀνάμνη-

204 3438 293 3477 σιν
305 3443 327 3472 ι
346 3417 861 3488 ἐπιγεγραμμένος,
882 3414 1108 3468 ἱκετεύει
1122 3412 1214 3466 τοῦ
1231 3410 1362 3466 Θεοῦ
1381 3412 1554 3480 τυχεῖν
1575 3408 1784 3478 βοηθοῦ.

202 3506 793 3579 Οίέπιγεγραμμένοι
818 3504 1168 3575 (προσευχὴ,»
1188 3503 1390 3572 μήποτε
1415 3500 1512 3551 οὐκ
1537 3498 1638 3551 εἰσὶ
1656 3497 1790 3566 ψαλ-

180 3594 330 3674 μοὶ,
367 3598 506 3653 οὐδὲ
553 3596 690 3667 ᾠδαὶ
713 3636 728 3660 ,
781 3594 900 3647 οὐδὲ
937 3593 1114 3662 ῦμνοι,
1153 3591 1264 3644 ἀλλ’
1297 3588 1425 3643 αὐτὸ
1455 3586 1608 3640 τοῦτο
1639 3585 1788 3654 ψιλαὶ

200 3687 535 3761 προσευχαὶ
577 3687 644 3754 τῇ
680 3682 787 3735 τῶν
828 3682 1135 3752 εὐξαμένων
1161 3680 1515 3751 ἀρμόττουσαι
1535 3677 1786 3739 διαθέσει,

199 3782 274 3849 τῇ
311 3794 379 3831 τε
420 3775 561 3846 περὶ
584 3774 781 3834 αὐτοὺς
817 3771 1141 3825 καταστάσει
1170 3771 1264 3823 καὶ
1302 3771 1431 3821 πᾶσι
1457 3770 1565 3829 τοῖς
1601 3768 1656 3818 ἐν
1700 3767 1788 3837 ἴσῃ

199 3866 474 3920 διαθέσει
506 3865 622 3924 τοῖς
655 3859 963 3930 εἰρημένοις
987 3858 1354 3927 τυγχάνουσιν.
1378 3857 1438 3908 Οἱ
1457 3857 1786 3924 ἐπιγεγραμ-

204 3955 374 4026 μένοι
404 3952 660 4022 ψαλμοὶ,
698 3967 716 3999 ι
742 3948 834 4018 Μὴ
865 3946 1206 4018 διαφθείρῃς,
1231 3945 1324 3996 τοῦ
1351 3943 1559 4008 A6616,»
1593 3942 1787 4010 ἐφεξῆς

197 4047 318 4097 εἰσι
352 4044 536 4112 τρεῖς·
573 4032 650 4091 ὧν
691 4039 720 4090 6
767 4034 1120 4103 πεντηκοστὸς
1168 4034 1320 4095 ἐκτος
1355 4032 1561 4103 εἴρηται
1609 4034 1666 4083 ἐν
1711 4030 1787 4099 τῷ

197 4132 382 4186 αὐτὸν
440 4126 859 4197 ἀποδιδράσκειν
917 4124 1022 4176 ἀπὸ
1065 4121 1351 4192 προσώπου
1401 4121 1567 4172 Σαοὺλ
1613 4122 1689 4182 είς
1727 4119 1786 4171 τὸ

1892 1733 2223 1786 conculcavit
2252 1748 2334 1786 me
2372 1735 2531 1788 homo
2563 1744 2668 1789 tota
2702 1736 2818 1796 die,
2857 1755 2875 1787 ι
2911 1745 2965 1789 ει
2996 1746 3207 1789 caetera.
3254 1737 3419 1802 Quin-

1887 1822 2229 1889 quagesimns
2260 1823 2422 1875 etiam
2450 1833 2630 1875 sextus
2653 1825 2738 1890 qui
2774 1840 2956 1891 parem
2990 1825 3148 1877 habet
3183 1824 3413 1884 titulum,

1893 1922 2073 1962 rursus
2103 1922 2283 1962 eorum
2324 1911 2413 1974 qui
2448 1910 2620 1978 ipsum
2668 1911 3007 1972 couculcant,
3061 1913 3302 1966 meminit
3332 1912 3414 1965 di-

1890 2010 2017 2051 cens
2039 1997 2084 2027 "°
2119 2016 2130 2049 :
2164 2013 2183 2048 ι
2215 1997 2365 2049 Dedit
2396 1997 2446 2049 in
2480 1998 2819 2064 opprobrium
2856 2000 3231 2054 conculcantes
3263 2015 3411 2064 mea

1888 2094 1943 2137 et
1966 2086 2008 2139 si
2041 2086 2273 2152 reliquos
2297 2088 2385 2154 qui
2418 2087 2663 2141 similiter
2687 2090 2925 2158 inscripti
2948 2100 3094 2153 sunt,
3140 2106 3417 2159 percurre-

1889 2170 1988 2236 ris,
2019 2174 2259 2225 eumdem
2299 2174 2500 2227 videbis
2535 2188 2628 2228 eos
2670 2176 2866 2229 habere
2904 2190 3136 2230 sensum.
3174 2178 3273 2243 Qui
3325 2178 3415 2231 in-

1892 2261 2073 2329 scripti
2100 2267 2223 2312 sunt
2256 2279 2275 2310 ‹
2313 2261 2363 2314 in
2394 2263 2890 2315 rememorationem
2939 2264 3123 2328 David,
3164 2283 3183 2316 ι
3210 2279 3330 2317 eum
3360 2265 3413 2317 in

1890 2350 2088 2417 peccati
2115 2348 2256 2405 Uria:
2298 2352 2612 2404 memoriam
2652 2353 2896 2406 videntur
2922 2354 3195 2407 reducere.
3230 2353 3416 2408 Trice-

1889 2443 2056 2495 simus
2109 2442 2384 2509 septimus,
2414 2443 2501 2509 qui
2552 2443 2691 2496 hunc
2725 2443 2883 2498 habet
2930 2444 3173 2509 titulum,
3216 2446 3357 2498 ait"
3397 2463 3411 2499 :

1893 2547 1914 2580 ι
1952 2529 2065 2582 Νοη
2096 2538 2177 2583 est
2210 2545 2310 2597 pax
2345 2531 2395 2582 in
2427 2531 2636 2585 ossibus
2681 2532 2812 2586 meis
2841 2548 2868 2584 a
2906 2533 3040 2587 facie
3068 2544 3413 2602 peccatorum

1890 2633 2148 2682 meorum,
2203 2638 2221 2670 ι
2273 2630 2327 2673 et
2384 2631 2597 2675 caetera.
2650 2622 2728 2676 Ac
2781 2636 2878 2691 per
2920 2621 3097 2678 'toutm
3154 2624 3413 2693 psalmum

1889 2710 2120 2762 ostendit
2148 2710 2273 2778 quid
2298 2710 2366 2763 ob
2410 2720 2685 2779 peccatum
2722 2726 2752 2764 a
2787 2726 2846 2765 se
2874 2714 3213 2766 commissum
3249 2729 3414 2784 expe-

1891 2797 2105 2852 riretur.
2138 2796 2226 2850 Sic
2259 2806 2312 2851 et
2350 2800 2711 2866 sexagesimus
2740 2802 2978 2868 quintus,
3013 2820 3030 2853 ι
3072 2803 3120 2855 in
3154 2817 3414 2856 rememo-

1815 2913 1857 2968 η
1891 2887 2143 2941 rationem
2167 2905 2187 2938 ι
2219 2889 2523 2957 inscriptus,
2554 2891 2805 2944 auxilium
2841 2892 2932 2945 Dei
2955 2893 3183 2947 invocat.
3215 2894 3413 2960 Quiin-

1888 2973 2070 3041 scripti
2098 2984 2221 3027 sunt
2256 2992 2275 3025 ι
2314 2977 2505 3042 oratio,
2549 2995 2568 3027 ι
2610 2977 2747 3032 forte
2779 2983 2873 3033 n'ec
2905 2981 3119 3047 psalmi,
3150 2999 3245 3038 nec
3285 3000 3411 3038 can-

1890 3063 2014 3128 tica,
2043 3079 2139 3118 nec
2170 3066 2351 3135 hymni
2382 3076 2528 3130 sunt,
2562 3070 2652 3120 sed
2681 3067 2831 3120 nuda:
2857 3070 3125 3125 orationes
3146 3073 3411 3127 orantium

1887 3154 2264 3207 convenientes
2286 3153 2497 3207 aﬂ‘ectui
2516 3163 2569 3207 et
2595 3154 2909 3217 habitudini,
2942 3172 3147 3213 necnon
3170 3160 3413 3215 omnibus

1886 3241 1975 3308 qui
2024 3241 2075 3293 in
2107 3241 2292 3295 eodem
2328 3243 2455 3295 acii
2507 3244 2571 3297 de
2619 3243 2811 3310 quibus
2855 3245 3054 3299 dictum
3100 3255 3181 3301 est
3222 3249 3413 3303 mentis

1888 3327 2077 3381 aﬂ‘ectu
2108 3338 2268 3406 .sunt.
2308 3328 2406 3394 Qui
2459 3330 2702 3397 inscripti
2745 3339 2891 3395 sunt,
2929 3349 2948 3382 ι
2992 3332 3069 3386 Ne
3102 3335 3409 3401 disperdas,

1885 3416 2120 3478 Davidis,
2162 3435 2181 3468 ι
2219 3418 2467 3471 continua
2495 3419 2634 3473 serie
2685 3429 2790 3472 tres
2825 3430 2965 3482 sunt,
3002 3436 3226 3490 quorum
3258 3427 3414 3492 quin-

1888 3506 2228 3573 quagesimus
2272 3516 2456 3560 sextus
2508 3507 2680 3561 dictus
2704 3516 2805 3570 est,
2840 3523 2958 3562 cum
2991 3508 3192 3579 fugeret
3220 3527 3249 3566 a
3276 3515 3412 3569 facie

1886 3591 2012 3645 Saul
2044 3594 2097 3647 iu
2128 3593 2456 3661 speluncam.
2506 3595 2572 3648 Et
2604 3596 2857 3663 quoniam
2908 3594 3106 3652 latente
3151 3599 3315 3653 David
3356 3602 3409 3654 in

1886 3681 2134 3749 spelunca
2175 3681 2443 3750 ingressus
2496 3691 2575 3736 est
2614 3683 2742 3736 Saul
2790 3685 3042 3753 ignorans
3073 3687 3243 3754 ipsum
3291 3703 3411 3743 esse

1888 3769 2045 3834 intro,
2081 3778 2135 3822 et
2165 3784 2285 3822 cum
2308 3770 2466 3822 amici
2498 3768 2659 3821 David
2692 3770 2885 3824 vellent
2914 3787 3034 3826 eum
3063 3773 3367 3828 interﬁcere
3392 3814 3408 3839 ,

1885 3854 2018 3913 dixit
2071 3854 2234 3909 David
2265 3855 2331 3910 ad
2361 3855 2581 3909 Abisath
2610 3869 2625 3907 :
2661 3874 2680 3906 ι
2716 3854 2792 3909 Ne
2830 3859 3126 3924 disperdas,
3170 3878 3189 3911 ι
3224 3875 3411 3929 nempe

1888 3941 2018 3994 Saul
2046 3943 2246 3996 idcirco
2274 3942 2502 3996 fortasse
2545 3941 2804 4011 ejusmodi
2830 3947 2980 3999 vocis
3009 3961 3126 4014 quae
3148 3961 3408 4002 summam

1885 4033 2339 4088 mansuetudinem
2364 4033 2696 4095 ostendebat,
2722 4045 2768 4087 et
2795 4050 2910 4102 quae
2939 4036 3044 4088 Deo
3077 4039 3226 4092 valde
3253 4054 3410 4093 acce-

1893 4133 1975 4192 pta
1999 4132 2134 4187 erat,
2163 4124 2415 4181 memoria
2442 4123 2541 4178 hac
2565 4122 2892 4177 Psalmornm
2918 4127 3263 4194 inscriptione
3281 4144 3409 4182 con-

200 4221 521 4291 σπήλαιον.
559 4214 672 4267 Καὶ
709 4217 913 4283 μήποτε
964 4211 1274 4279 ἐπειδήπερ,
1331 4211 1386 4260 ἐν
1436 4208 1511 4277 τῷ
1542 4207 1784 4276 σπηλαίῳ

1890 4220 2090 4266 secreta
2132 4220 2234 4265 est.
2278 4212 2750 4282 Quinquagesimus
2794 4222 3010 4269 octavus
3048 4217 3136 4283 qui
3198 4218 3407 4271 titulum

200 4303 687 4382 κρυπταζομένου
718 4300 812 4354 τοῦ
842 4299 1029 4359 A6616,
1067 4295 1349 4366 ἐπεισῆλθε
1380 4295 1547 4348 Σαοὺλ
1580 4295 1783 4361 ἀγνοῶν

196 4400 367 4454 ἔνδον
396 4394 575 4449 αὐτοῦ
601 4393 774 4453 ὄντος,
799 4392 891 4443 καὶ
924 4387 1030 4440 τῶν
1053 4387 1277 4456 ἑταίρων
1300 4385 1395 4438 τοῦ
1422 4384 1580 4438 Δαυῒδ
1607 4385 1783 4453 βουλο-

202 4490 410 4557 μένων
439 4483 654 4538 ἀνελεῖν
674 4479 852 4542 αύτὸν,
872 4473 1020 4533 εἶπεν
1047 4478 1075 4528 6
1097 4475 1256 4527 A6616
1282 4475 1414 4544 πρὸς
1434 4474 1523 4527 τὸν
1546 4473 1782 4539 Ἀϐισάθ,

202 4596 225 4630 ι
256 4577 364 4646 Μὴ
409 4569 739 4640 διαφθείρῃς
770 4586 789 4619 ι
835 4566 1026 4618 αὐτόν⁴
1068 4563 1221 4633 δῆλον
1267 4564 1408 4615 δ’ὅτι
1464 4563 1550 4616 τὸν
1595 4561 1780 4616 Σαούλ·

195 4665 419 4720 τούτου
461 4660 627 4730 χάριν
658 4656 734 4716 ὡς
760 4651 1149 4720 ἀποδεξαμένου
1177 4650 1267 4703 τοῦ
1300 4648 1430 4702 Θεοῦ
1457 4650 1551 4718 τὴν
1587 4655 1781 4720 φωνὴν,

197 4753 515 4823 ἀκρότητα
571 4743 917 4807 ἀνεξικακίας
957 4741 1338 4810 περιέχουσαν,
1375 4740 1431 4790 ἐν
1467 4739 1648 4809 μνήμῃ
1683 4738 1786 4791 τῶν

196 4842 403 4902 οὕτως
438 4831 934 4903 ἐπιγεγραμμένων
969 4827 1194 4898 ψαλμῶν
1250 4826 1587 4897 παρελήφθη.
1635 4828 1690 4880 '0
1730 4827 1785 4880 δὲ

197 4924 604 4998 πεντηκοστὸς
637 4921 834 4988 -ὅγδοος
881 4914 1139 4987 περιέχων
1178 4916 1256 4979 τὸ,
1281 4935 1300 4966 ι
1328 4916 1416 4984 Μὴ
1438 4915 1743 4986 διαφθείρῃς
1768 4955 1785 4980 ,

195 5018 389 5072 ὁπότε
452 5009 741 5066 ἀπέστειλε
765 5005 956 5069 Σαοὺλ,
981 5006 1071 5058 καὶ
1101 5004 1320 5072 ἐφύλαξε
1352 5003 1441 5055 τὸν
1461 4999 1602 5057 οἶκον
1627 5004 1786 5059 αὑτοῦ

196 5106 308 5165 τοῦ
347 5099 677 5155 θανατῶσαι
710 5095 873 5149 αὐτὸν
897 5131 912 5155 ,
947 5111 965 5143 ι
996 5092 1134 5145 ἔοικε
1169 5094 1487 5163 πρόσταγμα
1520 5093 1785 5163 περιέχειν

194 5194 307 5248 τοῦ
336 5189 495 5244 Θεοῦ
526 5184 620 5238 τοῦ
665 5183 740 5253 μὴ
786 5178 1184 5250 συγχωροῦντος
1222 5182 1330 5240 τοῖς
1373 5178 1788 5247 ἀπεσταλμένοις

199 5283 365 5350 ὑπὲρ
396 5275 502 5330 τοῦ
530 5271 836 5339 διαφθεῖραι
872 5267 962 5318 τὸν
992 5265 1144 5318 A6616
1163 5266 1264 5318 ὑπὸ
1293 5263 1386 5316 τοῦ
1421 5264 1608 5317 Σαούλ.
1643 5266 1789 5335 Τάχα

196 5373 249 5425 δ’
288 5370 368 5423 ἂν
415 5364 522 5434 τὴν
550 5360 720 5429 αὐτὴν
742 5358 854 5425 ἔχει
873 5355 1104 5407 διάνοιαν
1128 5357 1217 5408 καὶ
1241 5358 1269 5408 6
1296 5353 1676 5421 ἐϐδομηκοστὸς
1701 5357 1789 5407 τέ-

1887 4302 2050 4357 habet
2077 4303 2122 4332 ⁷⁸
2159 4318 2227 4361 ;,‹
2265 4300 2342 4354 Ne
2388 4301 2683 4370 disperdas,
2716 4303 2927 4373 quando
2981 4306 3122 4365 misit
3179 4303 3305 4358 Saul
3356 4316 3411 4362 ct

1887 4388 2172 4443 custodivit
2199 4390 2411 4442 domum
2446 4391 2561 4458 ejus
2583 4401 2784 4455 uteum
2820 4392 3167 4458 interﬁceret,
3204 4411 3221 4444 ι
3259 4394 3409 4448 vide-

1889 4486 1974 4531 tur
1999 4477 2274 4530 continere
2297 4485 2614 4546 praeceptum
2645 4479 2735 4533 Dei
2781 4481 2867 4548 qui
2917 4495 3021 4534 non
3068 4483 3307 4548 permisit
3353 4492 3412 4536 ut

1888 4568 1977 4632 qui
2005 4581 2033 4618 a
2053 4565 2176 4618 Saul
2202 4567 2350 4619 missi
2373 4576 2546 4630 erant,
2571 4566 2931 4622 interﬁcerent
2954 4570 3134 4624 David.
3157 4571 3408 4625 Eumdem

1893 4655 2027 4710 forte
2058 4669 2271 4708 sensum
2320 4656 2477 4709 habet
2510 4666 2562 4711 et
2608 4660 3025 4727 septuagesimus
3055 4670 3276 4726 quartus
3320 4662 3411 4728 qui

1890 4743 2048 4796 simili
2094 4744 2248 4797 modo
2277 4763 2295 4794 ι
2328 4744 2503 4813 Asaph
2534 4764 2554 4798 ι
2586 4746 2870 4816 inscriptus
2901 4757 3003 4801 est.
3030 4746 3413 4816 Nonagesimus

1887 4833 2091 4901 primus
2127 4832 2215 4898 qui
2242 4850 2260 4883 ι
2287 4831 2500 4886 Sabbati
2540 4854 2559 4886 ι
2586 4837 2868 4903 inscriptus
2891 4843 2991 4899 est,
3017 4835 3328 4889 exhortatur
3348 4835 3412 4886 ad

1885 4930 2181 4975 conventus
2209 4922 2450 4975 studiose
2485 4921 2901 4990 l'requentandos
2928 4925 3015 4979 ubi
3050 4922 3322 4975 meditatio
3355 4921 3412 4971 lit

1887 5011 2185 5069 divinorum
2207 5010 2560 5078 eloquiorum,
2593 5021 2645 5083 et
2677 5024 2857 5083 postea
2890 5011 2986 5067 Dei
3031 5011 3213 5065 laudes
3241 5009 3412 5062 conti-

1886 5109 1993 5154 net.
2022 5099 2110 5152 Ait
2135 5100 2310 5168 itaque
2339 5101 2421 5153 7':
2452 5118 2470 5150 ι
2510 5102 2588 5155 Ad
2620 5101 3032 5157 annuntiandum
3063 5112 3222 5149 mane
3244 5096 3407 5147 mise-

1888 5189 2171 5243 ricordiam
2217 5199 2392 5254 tuam,
2423 5200 2478 5244 et
2504 5192 2779 5244 veritatem
2820 5199 2962 5240 tuam
2989 5199 3082 5251 per
3113 5195 3337 5239 noctem.
3386 5200 3405 5230 ι

1890 5276 1952 5329 Et
1982 5292 2164 5331 rursus
2193 5278 2238 5309 "
2276 5295 2289 5330 :
2329 5298 2346 5328 ι
2385 5279 2612 5332 Plantati
2643 5279 2694 5331 in
2730 5278 2883 5330 domo
2914 5271 3144 5333 Domini,
3171 5270 3221 5325 in
3258 5270 3410 5321 atriis

1892 5364 1980 5417 Dei
2019 5366 2182 5419 nostri
2236 5365 2495 5419 ﬂorebunt
2547 5365 2722 5431 520.
2754 5381 2772 5412 ι
2813 5359 3202 5422 Nonagesimus
3246 5372 3414 5411 nonus

283 5476 340 5507 “
370 5470 573 5527 Matth.
598 5483 680 5528 ιι,
703 5464 797 5517 29.
874 5460 918 5491 ⁸⁹
934 5459 1019 5512 Ps.
1051 5475 1132 5525 LV,
1157 5461 1206 5515 Ξ.
1265 5462 1308 5493 ’⁸ο
1326 5459 1412 5514 Ps.
1431 5473 1537 5527 LVI,
1560 5461 1614 5515 4,
1689 5465 1730 5495 τι
1756 5466 1793 5519 p

1890 5482 2074 5531 tum,
2097 5467 2149 5520 4.
2210 5468 2254 5499 τ’
2277 5465 2363 5518 Ps.
2393 5480 2539 5529 mu,
2562 5467 2608 5516 ι.
2673 5463 2820 5516 "Ps.
2849 5472 2956 5518 xci,
2982 5458 3038 5511 3.
3100 5461 3296 5520 "ibid.
3332 5463 3414 5516 Μ.

448 5557 723 5614 Ριτιιοι.
759 5550 879 5610 Gn.
920 5547 1057 5608 XII.

3075 5548 3157 5608 33c
