3806 6214
238 217 397 273 1065

1442 219 1742 275 SELECTA
1775 218 1841 272 IN
1880 219 2210 280 PSALMOS.

3309 225 3443 281 i066

233 330 523 404 ρακοστὸς
561 331 810 402 πέμπτος
846 330 1224 404 παραπλησίως
1274 331 1398 401 περὶ
1433 331 1539 384 τῶν
1577 330 1798 403 κρυφίωη

1914 331 2095 399 scripti
2114 340 2236 386 sunt
2256 350 2275 384 ι
2299 334 2350 388 in
2372 332 2505 388 tituli
2531 336 2949 406 inscriptionem,
2975 356 2994 390 ι
3016 338 3080 392 de
3107 338 3362 393 modestia
3391 350 3444 393 et

230 422 543 492 εἰρημένος
566 421 655 474 τὸν
676 422 904 492 ἀόρατον
934 423 1024 474 καὶ
1055 421 1238 488 νοητὸν
1267 420 1495 489 πόλεμον
1524 419 1811 489 παρίστησι

229 507 430 577 λέγων
447 527 463 541 ·
498 529 516 560 ι
546 509 951 580 Ἐταράχθησαν
972 508 1118 578 ἔθνη,
1142 507 1353 561 ἔκλιναν
1378 507 1655 576 βασιλεῖαι,
1683 526 1700 557 ι
1721 505 1812 558 καὶ

226 600 304 653 τά
336 600 497 670 ἐξῆς.
518 596 649 652 Εἶτα
670 599 745 662 ὡς
769 599 930 652 πάλαι
957 596 1393 659 καταπατοῦντας
1410 596 1515 649 τῶν
1537 596 1699 648 ἐθνῶν
1718 595 1812 664 ἅρ-

224 706 445 757 χοντας
478 688 744 752 καθελὼν,
787 689 875 756 ὑφ’
899 689 1085 742 ἑαυτόν
1106 705 1163 740 τε
1189 687 1544 756 πεποιημένος
1581 685 1649 738 τὰ
1688 685 1812 755 ἔθνη

222 777 368 846 ἐξῆς
393 778 569 845 λέγει·
583 798 601 828 ι
623 776 1003 846 ’Υψωθήσομαι
1024 775 1079 827 ἐν
1097 778 1205 838 τοῖς
1228 775 1450 835 ἔθνεσιν,
1469 773 1812 843 ὑψωθήσομαι

221 868 286 917 ἐν
306 868 385 936 τῇ
416 869 514 937 γῇ.
543 885 561 917 ι
583 867 646 918 Οἱ
667 864 1121 934 ἐπιγεγραμμένοι
1145 883 1163 915 ι
1184 866 1262 926 εἰς
1282 862 1672 933 στηλογραφίαν
1692 880 1709 911 ι
1730 860 1814 913 λό-

220 972 372 1022 γους
425 955 743 1026 περιέχουσι
792 954 1133 1025 μετριότητος
1177 953 1269 1006 καὶ
1304 950 1808 1021 ταπεινοφροσύνης.

218 1042 449 1112 Διόπερ
472 1045 503 1095 6
529 1044 626 1112 μὲν
655 1041 896 1104 Ἀκύλας,
927 1042 1043 1093 ἀντὶ
1068 1039 1645 1109 τοῦ,στηλοῃοαφίαν,
1677 1056 1695 1087 ι
1722 1055 1814 1090 τα-

220 1128 435 1181 πεινοῦ
481 1129 690 1181 τελείου
728 1148 746 1178 ι
779 1123 1144 1197 ήρμήνευσεν·
1182 1128 1210 1178 6
1232 1127 1287 1177 δέ
1314 1124 1630 1194 Σύμμαχος,
1667 1141 1685 1174 ι
1715 1141 1811 1176 τα-

221 1215 604 1285 πεινόφρονες
627 1215 721 1267 καὶ
734 1214 985 1283 ἀμώμου.
1006 1232 1024 1264 ι
1050 1214 1171 1265 Εἴτε
1194 1212 1301 1280 γὰρ
1329 1214 1356 1264 6
1383 1210 1541 1264 Δαυτδ
1568 1209 1812 1279 βασιλεὺς

215 1301 298 1354 ὢν
348 1303 457 1355 καὶ
507 1304 689 1373 ἄρχων
733 1301 925 1364 παντὸς
959 1301 1190 1371 Ἰσραὴλ,
1230 1300 1422 1370 μέτρια
1461 1300 1552 1351 καὶ
1591 1295 1814 1350 ταπεινά

217 1389 461 1458 φρονῶν
504 1389 756 1451 τοιαύτας
799 1389 1071 1459 προήκατο
1096 1387 1292 1455 φωνὰς,
1340 1384 1449 1438 εἴτε
1482 1385 1575 1437 καί
1621 1386 1649 1436 6
1684 1387 1814 1454 Χρι-

217 1474 356 1538 στὸς
432 1476 532 1528 τοῦ
584 1476 717 1527 θεοῦ
768 1475 988 1528 τοιαῦτα
1044 1474 1290 1538 ἐθέσπιζε
1343 1472 1809 1543 ταπεινοφρονῶνν

213 1560 530 1633 ὡσπεροῦν
565 1562 801 1616 διδάσκει
832 1562 919 1614 διὰ
949 1561 1069 1614 τοῦ·
1112 1582 1130 1612 ι
1155 1562 1365 1615 Μὰθετε
1398 1563 1488 1613 ἀπ’
1525 1558 1656 1630 ἐμοῦ
1678 1598 1692 1621 ,
1726 1560 1806 1611 ότι

214 1631 415 1722 πρᾶός
450 1654 571 1720 εἰμι
618 1653 712 1705 καὶ
750 1650 1001 1713 ταπεινὸς
1037 1653 1101 1721 τῇ
1144 1650 1369 1720 καρδίᾳ·
1403 1668 1420 1700 ι
1453 1648 1647 1719 στήλης
1669 1646 1804 1711 ἄξιοι
1837 1631 1877 1685 Β

216 1736 335 1793 εἷεν
393 1739 468 1792 ἂν
519 1741 567 1791 οἰ
602 1740 782 1808 λόγοι,
829 1742 920 1793 καὶ
952 1740 1047 1808 τῆς
1080 1742 1157 1802 εἰς
1188 1739 1274 1791 τὸν
1310 1740 1589 1808 σύμπαντα
1637 1737 1805 1790 αἰῶνα

216 1828 493 1898 μνήμης·
528 1829 665 1898 ὅπερ
693 1828 779 1880 διὰ
809 1827 906 1896 τῆς
935 1847 952 1877 ‹
983 1826 1372 1897 στηλογραφίας
1407 1844 1425 1877 ι
1463 1825 1800 1897 παρίσταται.

214 1919 479 1988 Νοήσεις
512 1917 570 1970 δέ
597 1918 654 1970 τὸ
688 1918 969 1987 εἰρημένον
1012 1916 1117 1969 ἀπὸ
1144 1916 1235 1968 τοῦ
1266 1914 1623 1984 πεντηκοστοῦ
1669 1914 1806 1984 πέμ-

215 2025 399 2071 πτου,
434 2006 501 2070 ὃς
529 2006 929 2076 ἐπιγέγραπται
951 2023 970 2056 ι
1002 2006 1446 2075 στηλογραφίας,»
1464 2006 1496 2074 ἦ
1517 2023 1534 2053 ι
1556 2002 1804 2057 ταπεινοῦ

214 2095 475 2157 τελείου,
508 2113 526 2145 ›
550 2095 582 2167 ἦ
608 2112 624 2144 t
650 2095 1064 2163 ταπεινόφρονος
1086 2094 1177 2145 καὶ
1196 2090 1442 2161 ἀμώμου,
1469 2110 1488 2141 ι
1511 2093 1565 2143 ἐν
1591 2084 1634 2157 ᾧ
1655 2089 1803 2159 εἴρη-

215 2203 347 2238 ται’
401 2203 423 2237 ι
471 2185 728 2253 Ἐλέησόν
757 2200 846 2253 με,
889 2184 917 2234 ό
954 2182 1104 2244 Θεὸς,
1142 2182 1222 2233 ὅτι
1250 2180 1597 2248 κατεπάτησέ-
1619 2195 1684 2247 με
1715 2177 1806 2231 ἄν-

215 2274 462 2346 θρωπος
497 2273 627 2343 ὃλην
653 2271 750 2342 τὴν
783 2271 1013 2341 ήμέραν,
1039 2289 1058 2321 ι
1096 2271 1189 2322 καὶ
1219 2268 1286 2325 τὰ
1312 2268 1454 2338 ἑξῆς.
1484 2268 1589 2321 Καὶ
1621 2268 1649 2319 6
1680 2282 1805 2319 πεν-

214 2363 509 2434 τηκοστὸς
536 2362 714 2425 ἕκτος,
742 2361 839 2429 τήν
862 2359 979 2427 ίσην
1000 2355 1135 2426 ἔχων
1167 2356 1488 2426 ἐπιγραφὴν,
1516 2355 1669 2411 πάλιν
1698 2353 1804 2406 τῶν

214 2450 707 2507 καταπατούντων
754 2449 913 2502 αὐτὸν
958 2448 1223 2517 μέμνηται
1264 2447 1464 2513 λέγων’
1526 2463 1544 2495 ι
1571 2444 1803 2496 Ἔδωκεν

212 2547 298 2609 εἰς
338 2543 565 2604 ὄνειδος
599 2542 727 2603 τοὺς
769 2538 1208 2600 καταπατοῦντας
1249 2552 1335 2606 με’
1361 2554 1379 2585 ι
1418 2536 1509 2586 καὶ
1550 2534 1671 2595 τοὺς
1698 2533 1803 2584 λοι-

214 2633 362 2694 ποὺς
395 2631 458 2683 δὲ
484 2628 596 2682 τῶν
615 2628 786 2689 οὕτως
808 2624 1290 2695 ἐπιγεγραμμένων
1305 2619 1540 2684 διελθὼν,
1562 2618 1660 2686 τῆς
1685 2617 1804 2687 ἴσης

211 2718 539 2790 ἐχομένους
564 2717 818 2787 εὑρήσεις
844 2714 1097 2776 διανοίας.
1123 2713 1184 2764 Ol
1209 2707 1663 2780 ἐπιγεγραμμένοι
1684 2726 1701 2756 ι
1725 2707 1804 2768 εἰς

214 2806 553 2877 ἀνάμνησιν
578 2802 675 2855 τοῦ
696 2801 858 2855 Δαυῒδ
884 2820 904 2851 ›
937 2802 1359 2871 ὑπομιμνήσκειν
1383 2797 1540 2850 αὑτὸν
1571 2794 1803 2847 ἐοίκασιν

213 2896 312 2949 ἐπὶ
344 2894 464 2963 τῆς
492 2891 588 2944 τοῦ
619 2890 815 2961 Οὐρίου
841 2890 1129 2961 ἁμαρτίας.
1160 2890 1218 2940 '0
1243 2889 1299 2941 δέ
1322 2883 1632 2973 τριακοστὸς
1659 2882 1803 2934 €660-
1828 2917 1870 2973 ϐ

216 3001 345 3055 μος,
373 2982 563 3044 οὕτως
586 2979 1074 3050 ἐπιγεγραμμένος,
1101 2976 1363 3043 ἐπιλέγει·
1388 2996 1405 3025 ι
1430 2974 1538 3026 Οὐκ
1562 2972 1704 3025 ἔστιν
1729 2973 1802 3023 εἰ-

216 3075 367 3146 ρήνη
397 3075 457 3125 ἐν
480 3075 600 3134 τοῖς
622 3070 829 3131 ὀστέοις
848 3086 947 3138 μου
971 3068 1076 3120 ἀπὸ
1099 3064 1382 3137 προσώπου
1406 3064 1509 3116 τῶν
1527 3060 1800 3133 ἁμαρτιῶν

219 3179 329 3233 μου
347 3200 366 3224 ,
410 3179 430 3210 ι
467 3160 566 3212 καὶ
598 3158 670 3210 τά
695 3157 842 3227 ἑξῆς·
891 3155 984 3208 καὶ
1021 3155 1086 3207 δι’
1112 3155 1231 3208 ὅλου
1259 3154 1316 3206 δὲ
1343 3153 1434 3204 τοῦ
1469 3149 1679 3220 ψαλμοῦ
1704 3150 1801 3220 τὴν

218 3253 319 3304 ἐπὶ
391 3252 460 3319 τῇ
508 3246 819 3318 πραχθείσῃ
871 3244 1109 3314 ἁμαρτίᾳ
1152 3244 1476 3296 κατάστασιν
1526 3240 1797 3309 σημαίνει.

228 3336 528 3400 Ὡσαύτως
551 3335 609 3387 δέ
634 3334 729 3388 καὶ
754 3335 782 3386 ό
803 3331 1090 3402 ἐξηκοστὸς
1114 3332 1379 3401 πέμπτος,
1413 3346 1430 3378 ‹
1455 3328 1532 3389 εἰς
1563 3326 1802 3395 ἀνάμνη-

219 3443 308 3481 σιν
321 3448 341 3478 ι
360 3422 874 3493 ἐπιγεγραμμένος,
895 3419 1121 3473 ἱκετεύει
1135 3417 1227 3470 τοῦ
1244 3416 1375 3471 Θεοῦ
1393 3417 1566 3484 τυχεῖν
1588 3413 1798 3483 βοηθοῦ.

218 3518 286 3570 Ol
311 3511 805 3583 ἐπιγεγραμμένοι
831 3509 1149 3580 (προσευχὴ,
1164 3528 1181 3557 ι
1201 3508 1403 3577 μήποτε
1428 3505 1525 3556 οὐκ
1549 3503 1650 3555 εἰσί
1669 3502 1802 3571 ψαλο

196 3600 201 3603 ’
221 3607 346 3679 μοι,
390 3603 519 3657 οὐδὲ
565 3601 703 3672 ᾠδαὶ
726 3641 741 3666 ,
794 3599 913 3652 οὐδὲ
950 3598 1127 3667 ὕμνοι,
1166 3596 1277 3649 ἀλλ’
1311 3593 1438 3648 αὐτὸ
1467 3592 1621 3645 τοῦτο
1651 3589 1801 3658 ψιλαί

218 3692 548 3765 προσευχαί
590 3692 658 3759 τῇ
692 3687 800 3740 τῶν
841 3687 1148 3757 εὐξαμένων
1174 3685 1528 3756 ἀρμόττουσαι
1548 3681 1799 3743 διαθέσει,

218 3787 293 3854 τῇ
331 3799 397 3835 τε
435 3780 574 3851 περὶ
597 3779 794 3839 αὐτοὺς
830 3776 1154 3830 καταστάσει
1183 3776 1276 3828 καὶ
1314 3776 1444 3826 πᾶσι
1470 3774 1578 3834 τοῖς
1613 3773 1669 3824 ἐν
1713 3772 1801 3842 fon

220 3871 486 3924 διαθέσει
519 3869 635 3929 τοῖς
668 3864 975 3935 εἰρημένοις
1000 3863 1367 3932 τυγχάνουσιν.
1391 3862 1450 3913 Οἱ
1470 3862 1799 3929 ἐπιγεγραμ-

226 3960 393 4030 μένοι
420 3957 672 4027 ψαλμοὶ,
711 3972 729 4004 ι
755 3953 847 4022 Μὴ
878 3951 1186 4022 διαφθείρῃς
1203 3989 1219 4012 ,
1244 3950 1336 4001 τοῦ
1363 3947 1572 4012 Δαυίδῃ
1606 3947 1800 4016 ἐφεξῆς

219 4050 339 4100 εἰσι
372 4048 549 4116 τρεῖς·
586 4037 662 4096 ὧν
704 4045 732 4094 ὁ
780 4039 1133 4108 πεντηκοστὸς
1181 4039 1333 4100 ἕκτος
1369 4037 1574 4107 εἴρηται
1622 4038 1678 4088 ἐν
1724 4035 1800 4104 τῷ

220 4136 401 4190 αὐτὸν
455 4132 872 4202 ἀποδιδράσκειν
930 4128 1034 4181 ἀπὸ
1078 4126 1364 4197 προσώπου
1415 4125 1580 4177 Σαοὺλ
1625 4127 1702 4186 είς
1740 4124 1799 4177 τὸ

1911 427 2208 482 humilitate
2247 428 2554 498 loquuntur.
2587 433 2919 504 Quapropter
2968 434 3177 503 Aquila,
3208 450 3307 503 pro
3335 454 3354 486 ι
3387 435 3440 487 ἰιι

1911 526 2046 581 tituli
2070 528 2518 596 inscriptionem,»
2535 532 2691 584 vertit
2712 548 2732 583 ι
2753 533 2964 586 humilis
2982 534 3221 601 perfecti;
3245 552 3263 585 ι
3285 533 3441 604 Sym-

1909 623 2126 677 machus
2151 640 2298 687 vero,
2331 644 2350 676 ι
2383 625 2600 680 humilis
2623 637 2677 681 et
2713 629 2983 692 inculpati.
3017 649 3035 681 ι
3062 631 3190 685 Nam
3207 632 3317 685 sive
3334 630 3436 683 Da-

1908 720 1995 773 vid
2027 735 2119 774 rex
2153 730 2206 775 et
2249 722 2493 791 princeps
2524 725 2685 778 totius
2717 725 2900 789 Israel,
2951 741 3058 793 pra:
3099 728 3352 781 modestia
3384 735 3439 780 et

1906 816 2227 880 humilitate,
2245 817 2499 883 ejusmodi
2533 818 2737 873 miserit
2759 834 2947 885 voces;
2979 821 3090 874 sive
3121 835 3213 897 eas
3248 833 3437 889 protu-

1910 910 2031 963 lerit
2061 911 2303 966 Christus
2346 914 2616 967 humiliter
2659 916 2930 976 sentiens,
2967 924 3024 968 ut
3054 930 3174 969 cum
3219 916 3375 969 docet
3417 931 3432 966 :

1910 1006 2108 1076 διε(
2143 1008 2340 1062 Discite
2373 1024 2402 1061 a
2457 1025 2540 1063 me
2582 1011 2704 1077 quia
2756 1010 2898 1065 mitis
2953 1026 3069 1065 sum
3119 1020 3173 1064 ει
3227 1011 3470 1069 humilis

1911 1107 2072 1159 corde
2095 1107 2169 1171 ‘3;
2198 1124 2216 1156 ι
2248 1115 2393 1160 certe
2427 1106 2572 1176 digni
2603 1115 2726 1160 sunt
2749 1106 2800 1161 hi
2830 1121 3104 1162 sermones
3142 1108 3230 1175 qui
3265 1124 3315 1160 tn
3343 1124 3433 1162 eo-

1910 1200 2089 1254 lumna
2130 1201 2437 1271 sculpantur
2468 1211 2520 1258 et
2565 1204 2832 1257 memoria:
2860 1212 3073 1258 aeternae
3096 1206 3430 1259 mandentur.

1910 1297 2057 1364 Quod
2083 1297 2293 1365 quidem
2319 1314 2446 1366 pert
2472 1299 2608 1352 tituli
2637 1300 3029 1367 inscriptionem
3058 1301 3431 1369 bsigniﬁeatur,

1910 1394 1966 1436 ut
2001 1384 2295 1454 intelligere
2316 1385 2439 1438 licet
2468 1400 2529 1438 ex
2562 1387 2999 1455 quinquagesimo
3021 1389 3203 1456 quinto
3231 1389 3434 1456 psalmo

1911 1473 1999 1534 qui
2038 1472 2323 1540 inscriptus
2352 1483 2466 1536 est,
2503 1491 2520 1523 ι
2551 1473 2602 1525 iu
2642 1474 2779 1527 tituli
2837 1476 3264 1543 inscriptionem,
3297 1495 3315 1527 ι
3351 1476 3432 1529 vel

1914 1577 1932 1608 ι
1964 1560 2174 1613 humilis
2200 1559 2438 1627 perfecti,
2469 1578 2486 1609 ι
2516 1560 2596 1613 vel
2629 1577 2646 1609 ι
2674 1561 2887 1615 humilis
2914 1572 2968 1616 et
2999 1563 3247 1631 incnlpati
3285 1581 3335 1614 ε»
3376 1558 3457 1617 ἰιι

1907 1663 2011 1715 quo
2041 1649 2238 1702 dictum
2263 1659 2346 1702 est
2371 1650 2413 1681 ⁶⁹
2445 1666 2458 1700 :
2502 1667 2519 1697 ι
2550 1649 2798 1703 Miserere
2826 1652 2948 1713 mei,
2983 1653 3150 1715 Dens,
3182 1652 3429 1719 quoniam

1904 1738 2235 1791 cont-nicavit
2264 1753 2346 1791 me
2384 1740 2543 1793 homo
2575 1748 2681 1793 tota
2715 1741 2831 1801 die,
2869 1760 2887 1791 ι
2923 1750 2978 1793 ει
3008 1751 3220 1794 caetera.
3266 1741 3431 1806 Quin-

1900 1827 2241 1894 quagesimus
2273 1828 2434 1880 etiam
2462 1838 2642 1880 sextus
2665 1830 2751 1895 qui
2787 1845 2968 1895 parem
3003 1830 3160 1883 habet
3195 1829 3426 1888 titulum,

1906 1928 2085 1967 rursus
2116 1927 2295 1966 eorum
2336 1916 2426 1980 qui
2461 1914 2632 1982 ipsum
2681 1915 3019 1977 conculcant,
3074 1917 3315 1971 meminit
3345 1918 3427 1970 di-

1903 2015 2030 2055 cens
2052 2002 2097 2032 "°
2131 2020 2143 2054 :
2176 2018 2196 2052 ι
2227 2002 2377 2054 Dedit
2409 2002 2459 2054 in
2493 2002 2831 2069 opprobrium
2869 2005 3243 2059 conculcantes
3275 2020 3423 2069 τηεμ

1901 2091 2021 2144 etsi
2054 2090 2285 2157 reliquos
2308 2092 2397 2158 qui
2430 2092 2676 2145 similiter
2700 2095 2938 2162 inscripti
2960 2105 3107 2158 sunt,
3152 2111 3429 2164 pereurre-

1902 2175 2001 2240 ris,
2032 2178 2271 2230 eumdem
2312 2179 2512 2232 videbis
2548 2192 2640 2232 eos
2682 2181 2878 2234 habere
2917 2195 3148 2235 sensam.
3187 2183 3285 2247 Qui
3337 2183 3427 2236 in-

1904 2266 2086 2333 scripti
2113 2272 2236 2317 sunt
2269 2283 2288 2315 ι
2326 2266 2376 2318 in
2406 2268 2903 2320 rememorationem
2952 2269 3136 2332 David,
3177 2288 3195 2320 ι
3222 2284 3343 2322 eum
3373 2270 3425 2322 in

1902 2355 2101 2422 peccati
2127 2353 2268 2409 Uria:
2311 2357 2624 2409 memoriam
2665 2357 2909 2410 videntur
2935 2359 3207 2412 reducere.
3243 2358 3428 2413 Trice-

1902 2447 2068 2500 simus
2122 2446 2397 2514 septimus,
2426 2448 2514 2513 qui
2564 2448 2705 2501 hunc
2738 2448 2896 2502 habet
2942 2449 3185 2514 titulum,
3228 2450 3370 2504 ait"
3410 2468 3424 2504 :

1906 2552 1925 2584 ι
1965 2533 2078 2586 Non
2109 2543 2189 2587 est
2223 2549 2323 2602 pax
2358 2536 2408 2587 in
2440 2536 2649 2590 ossibus
2694 2536 2824 2590 meis
2853 2553 2881 2589 a
2918 2538 3052 2591 facie
3080 2548 3425 2607 peccatorum

1902 2638 2161 2687 meorum,
2216 2643 2234 2675 ι
2286 2634 2340 2678 ει
2397 2636 2610 2679 eaztera.
2663 2627 2741 2681 Ac
2794 2642 2890 2695 per
2934 2624 3109 2682 totum
3167 2629 3426 2698 psalmum

1901 2714 2132 2768 ostendit
2160 2714 2286 2782 quid
2311 2715 2379 2768 ob
2423 2725 2698 2784 peccatum
2735 2731 2763 2768 a
2799 2730 2859 2770 se
2886 2719 3226 2771 commissum
3263 2734 3427 2789 expe-

1903 2802 2118 2856 riretur.
2151 2801 2239 2855 Sic
2271 2811 2324 2855 et
2363 2804 2724 2871 sexagesimus
2753 2806 2991 2873 quintus,
3025 2825 3042 2857 ι
3084 2806 3133 2860 in
3166 2822 3428 2861 rememo-

1903 2892 2155 2945 rationem
2180 2910 2199 2943 ι
2231 2893 2536 2962 inscriptus,
2567 2896 2817 2948 auxilium
2854 2897 2945 2949 Dei
2968 2897 3196 2952 invocat.
3228 2899 3426 2965 Quiin-

1901 2978 2083 3046 scripti
2111 2988 2233 3032 sunt
2268 2997 2288 3030 ι
2326 2981 2517 3046 oratio,
2562 3000 2581 3031 ι
2623 2982 2760 3036 forte
2791 2989 2886 3037 n'ec
2917 2985 3132 3052 psalmi,
3162 3004 3259 3043 nee
3298 3004 3424 3042 cano

1902 3068 2027 3133 tiea,
2055 3083 2151 3122 nec
2182 3071 2363 3140 hymni
2395 3081 2540 3135 sunt,
2575 3075 2664 3124 sed
2693 3072 2843 3125 nudze
2870 3074 3138 3129 orationes
3158 3078 3424 3131 orantium

1900 3158 2277 3212 convenientes
2300 3158 2510 3211 aﬂ'ectui
2529 3168 2582 3211 et
2609 3159 2921 3223 habitudini,
2954 3176 3159 3216 necnon
3183 3164 3426 3219 omnibus

1899 3245 1989 3313 qui
2037 3245 2088 3298 in
2120 3246 2306 3300 eodem
2341 3248 2467 3300 acii
2519 3249 2584 3301 de
2632 3248 2824 3315 quibus
2868 3250 3067 3304 dictum
3112 3260 3194 3305 est
3235 3254 3425 3308 mentis

1900 3332 2090 3387 aﬂ'ectu
2120 3343 2281 3411 .sunt.
2321 3332 2419 3399 Qui
2472 3335 2715 3402 inscripti
2758 3343 2903 3400 sunt,
2942 3353 2961 3387 ι
3005 3336 3082 3391 Νε
3114 3340 3422 3405 disperdas,

1897 3421 2133 3483 Davidis,
2175 3440 2194 3473 ι
2232 3423 2480 3476 continua
2508 3424 2648 3477 serie
2698 3434 2803 3478 tres
2838 3435 2977 3488 sunt.
3014 3442 3239 3495 quorum
3271 3432 3426 3497 quin-

1901 3511 2242 3578 quagesimae
2285 3521 2469 3565 sextus
2521 3512 2693 3567 dictus
2717 3521 2817 3575 est,
2853 3528 2971 3566 cum
3004 3513 3205 3584 fugeret
3233 3532 3262 3571 a
3288 3519 3425 3574 faeie

1899 3596 2025 3650 Saul
2057 3598 2109 3651 in
2141 3598 2469 3665 speluncam.
2519 3600 2584 3652 Et
2617 3601 2870 3668 queniam
2921 3601 3119 3657 latente
3164 3604 3328 3658 David
3369 3608 3421 3659 in

1898 3686 2146 3754 spelunca
2188 3686 2456 3755 ingressus
2509 3695 2589 3740 est
2627 3688 2755 3741 Sani
2803 3689 3056 3758 ignorans
3086 3691 3256 3758 ipsum
3304 3708 3424 3749 esse

1900 3774 2057 3839 intro,
2093 3782 2147 3827 et
2178 3789 2298 3827 cum
2321 3774 2479 3827 amici
2511 3773 2673 3826 David
2705 3775 2898 3829 vellent
2927 3791 3047 3831 eum
3076 3778 3380 3833 interficere
3405 3819 3422 3844 ,

1898 3860 2031 3917 dixit
2084 3859 2247 3913 David
2278 3860 2344 3913 ad
2373 3860 2594 3913 Abisath
2623 3873 2638 3912 :
2664 3878 2693 3921 ι(
2729 3859 2806 3914 Νε
2842 3864 3138 3929 disperdas,
3183 3883 3202 3915 ι
3237 3880 3425 3934 nempe

1900 3945 2031 3999 Saul
2060 3947 2259 4000 idcirco
2287 3947 2515 4001 fortasse
2558 3946 2817 4016 ejusmodi
2844 3952 2992 4003 vocis
3022 3965 3139 4018 quae
3161 3966 3421 4007 smnmam

1898 4038 2351 4092 mansuetudinem
2377 4038 2709 4100 ostendebat,
2735 4049 2780 4091 el
2807 4054 2923 4106 quae
2951 4040 3057 4093 Deo
3089 4043 3240 4097 valde
3266 4059 3422 4098 acce-

1905 4138 1988 4196 pta
2012 4137 2148 4192 erat,
2175 4129 2427 4182 memoria
2455 4128 2554 4182 hac
2577 4127 2904 4182 Psalmornm
2931 4131 3277 4199 inscriptione
3294 4149 3422 4187 con-

225 4226 535 4295 σπήλαιον.
572 4219 685 4272 Καὶ
722 4222 926 4288 μήποτε
977 4215 1286 4284 ἐπειδήπερ,
1343 4216 1399 4265 ἐν
1449 4213 1523 4281 τῷ
1555 4212 1797 4281 σπηλαίῳ

1903 4225 2102 4271 secreta
2144 4225 2246 4270 est.
2291 4216 2763 4287 Quinquagesimus
2807 4227 3023 4273 octavus
3061 4222 3149 4288 qui
3211 4222 3420 4277 titulum

225 4308 699 4386 κρυπταζομένου
732 4305 825 4358 τοῦ
856 4304 1042 4365 Δαυῖδ,
1080 4300 1363 4371 ἐπεισῆλθε
1393 4300 1560 4352 Σαοὺλ
1592 4300 1796 4367 ἀγνοῶν

222 4403 389 4458 ἔνδον
415 4399 588 4453 αὐτοῦ
614 4397 788 4458 ὄντος,
811 4396 904 4447 καὶ
936 4392 1042 4445 τῶν
1065 4393 1290 4461 ἑταίρων
1314 4390 1408 4443 τοῦ
1434 4389 1593 4443 Δαυῒδ
1619 4389 1796 4458 βουλο-

228 4494 426 4562 μένων
453 4488 667 4543 ἀνελεῖν
686 4483 866 4547 αὐτὸν,
885 4478 1033 4539 εἶπεν
1061 4483 1087 4533 6
1109 4480 1269 4532 Δαυῒδ
1294 4479 1426 4549 πρὸς
1447 4475 1535 4532 τὸν
1559 4478 1794 4544 Ἀὅισάθ,

232 4600 253 4632 ι
284 4580 388 4649 Μὴ
426 4574 753 4644 διαφθείρῃς
782 4591 802 4623 ι
848 4570 1039 4623 αὐτόν·
1081 4568 1233 4638 δῆλον
1280 4569 1421 4620 δ’ὃτι
1476 4568 1562 4621 τὸν
1607 4565 1793 4620 Σαούλ⁸

224 4669 435 4723 τούτου
474 4664 640 4735 χάριν
671 4661 747 4722 ὡς
772 4656 1162 4726 ἀποδεξαμένου
1190 4656 1280 4708 τοῦ
1313 4652 1443 4706 Θεοῦ
1470 4655 1565 4723 τὴν
1600 4660 1794 4725 φωνην,

227 4757 527 4827 ἀκρότητα
584 4748 929 4813 ἀνεξικακίας
969 4746 1350 4815 περιέχουσαν,
1387 4745 1443 4795 ἐν
1480 4744 1661 4813 μνήμῃ
1696 4743 1799 4795 τῶν

227 4845 422 4906 οὕτως
450 4836 948 4908 ἐπιγεγραμμένων
982 4833 1207 4903 ψαλμῶν
1262 4831 1599 4903 παρελήφθη.
1648 4832 1703 4884 Ὀ
1743 4832 1798 4884 δέ

229 4929 616 5001 πεντηκοστὸς
650 4925 847 4993 -ὖγδοος
895 4923 1152 4992 περιέχων
1190 4921 1269 4983 τὸ,
1294 4939 1313 4971 ι
1340 4921 1428 4989 Μὴ
1451 4920 1755 4991 διαφθείρῃς
1781 4959 1797 4985 ,

227 5021 412 5075 ὁπότε
463 5014 755 5072 ἀπέστειλε
779 5010 969 5073 Σαοὺλ,
993 5011 1084 5062 καὶ
1115 5008 1333 5076 ἐφύλαξε
1365 5009 1454 5061 τὸν
1474 5004 1614 5061 οἷκον
1640 5009 1799 5063 αὑτοῦ

227 5109 337 5163 τοῦ
375 5104 689 5160 θανατῶσαι
723 5099 886 5154 αὐτὸν
910 5136 926 5161 ,
960 5116 978 5147 ι
1009 5097 1147 5150 ἔοικε
1182 5099 1499 5168 πρόσταγμα
1533 5098 1798 5168 περιέχειν

226 5195 335 5250 τοῦ
365 5194 505 5247 Θεοῦ
536 5189 633 5243 τοῦ
678 5188 753 5258 μὴ
799 5182 1198 5254 συγχωροῦντος
1236 5187 1344 5246 τοῖς
1386 5182 1801 5251 ἀπεσταλμένοις

234 5285 393 5353 ὑπὲρ
418 5281 511 5334 τοῦ
541 5276 851 5345 διαφθεῖραι
885 5272 975 5323 τὸν
1005 5270 1158 5323 Δαυῖδ
1178 5271 1279 5323 ὑπὸ
1308 5269 1400 5322 τοῦ
1434 5269 1621 5321 Σαούλ.
1656 5271 1802 5339 Τάχα

229 5373 281 5426 δ’
318 5371 396 5425 ἂν
434 5370 534 5439 τὴν
564 5364 733 5434 αὐτὴν
755 5363 868 5430 ἔχει
888 5360 1119 5412 διάνοιαν
1143 5361 1233 5413 καί⁵
1257 5363 1285 5413 ό
1312 5359 1689 5426 ὲὸδομηκοστὸς
1714 5362 1802 5411 τέ-

1900 4307 2062 4361 habet
2089 4308 2135 4337 ¹¹⁸
2171 4323 2240 4367 ;,‹
2277 4305 2355 4359 Ne
2401 4307 2696 4375 disperdas,
2729 4307 2940 4377 quando
2993 4310 3136 4370 misit
3193 4308 3317 4363 Sani
3369 4321 3424 4367 ct

1900 4393 2185 4448 eustodivit
2212 4394 2424 4447 domum
2459 4396 2574 4463 ejus
2595 4406 2797 4459 uteum
2833 4396 3180 4463 interficeret,
3217 4416 3235 4449 ι
3271 4400 3423 4453 vide-

1902 4490 1987 4535 tur
2011 4482 2287 4534 continere
2309 4490 2627 4550 praeceptum
2658 4483 2748 4537 Dei
2793 4486 2881 4552 qui
2929 4500 3033 4539 non
3081 4488 3320 4553 permisit
3366 4497 3425 4541 ut.

1900 4572 1990 4637 qui
2017 4586 2046 4623 a
2065 4569 2189 4623 Saul
2215 4572 2362 4624 missi
2386 4581 2559 4635 erant,
2583 4571 2944 4626 interficerent
2966 4575 3147 4628 David.
3170 4575 3421 4630 Eumdem

1906 4659 2040 4719 forte
2070 4673 2284 4712 sensum
2333 4661 2489 4714 habet
2523 4670 2575 4715 et
2622 4664 3038 4731 septuagesimus
3068 4675 3289 4730 quartus
3333 4666 3423 4733 qui

1903 4748 2062 4802 simili
2107 4750 2261 4801 modo
2290 4768 2308 4798 ι
2342 4749 2516 4818 Asaph
2547 4768 2567 4802 ι
2599 4751 2882 4820 inscriptus
2915 4762 3016 4807 est.
3042 4751 3426 4821 Nonagesimus

1900 4838 2104 4906 primus
2139 4836 2228 4903 qui
2255 4855 2272 4888 ι
2300 4835 2513 4892 Sabhati
2553 4859 2572 4890 ι
2599 4841 2880 4908 inscriptus
2904 4847 3004 4903 est,
3030 4840 3341 4894 exhortatur
3361 4840 3424 4891 ad

1898 4936 2194 4981 conventus
2222 4927 2463 4981 studiose
2498 4926 2914 4995 frequentandos
2941 4929 3028 4983 ubi
3063 4927 3335 4995 meditatio
3368 4925 3425 4976 fit

1900 5015 2198 5073 divinorum
2220 5014 2573 5085 cloquiorum,
2606 5026 2659 5070 et
2690 5029 2871 5087 postea
2903 5016 2999 5072 Dei
3044 5016 3226 5070 laudes
3254 5013 3425 5067 conti-

1898 5114 2006 5159 net.
2036 5104 2122 5157 Ait
2147 5105 2323 5173 itaque
2352 5105 2434 5158 7':
2464 5123 2483 5155 ι
2522 5106 2601 5160 Ad
2633 5106 3045 5162 annuntiandum
3075 5116 3235 5154 mane
3258 5100 3420 5152 mise-

1900 5194 2184 5247 ricordiam
2230 5204 2405 5258 tuam,
2436 5206 2490 5249 et
2517 5198 2791 5248 veritatem
2833 5204 2975 5245 tuam
3002 5203 3094 5256 per
3125 5200 3350 5240 noctem.
3398 5204 3417 5234 ι

1903 5281 1965 5334 Ει
1994 5297 2177 5336 rursus
2206 5283 2251 5314 "
2289 5300 2302 5335 :
2342 5302 2359 5333 ι
2398 5284 2625 5336 Plantati
2656 5284 2707 5335 in
2742 5283 2897 5334 domo
2927 5275 3156 5336 Domini,
3183 5274 3234 5330 in
3270 5273 3422 5325 atriis

1905 5369 1993 5422 Dei
2032 5371 2195 5424 nostri
2249 5370 2508 5423 ﬂorebunt
2560 5369 2736 5436 520.
2767 5386 2785 5417 ο
2825 5363 3213 5428 Nonagesimus
3258 5376 3425 5414 nonus

314 5479 369 5509 ⁸⁸
399 5474 586 5530 Matth.
613 5487 693 5533 τι,
716 5468 811 5522 29.
888 5465 933 5496 ⁸⁸
950 5464 1034 5518 Ps.
1066 5481 1149 5531 LV,
1173 5465 1223 5520 Ξ.
1283 5468 1325 5498 ⁷ο
1342 5466 1428 5520 Ps.
1447 5479 1552 5532 LVI,
1575 5466 1627 5519 ι.
1701 5470 1744 5499 τι
1768 5470 1798 5524 Ρ

1903 5487 2087 5536 txxvn,
2111 5472 2162 5525 4.
2222 5473 2267 5503 τ’
2290 5470 2376 5523 Ps.
2405 5484 2551 5533 mn,
2576 5472 2620 5520 l.
2687 5468 2833 5521 "Ps.
2862 5479 2966 5523 xm,
2993 5462 3046 5515 5.
3108 5463 3157 5495 “
3177 5466 3307 5523 ihid.
3342 5466 3425 5518 Μ.

460 5563 736 5620 Ριτιιοι.
773 5555 895 5615 Gn.
937 5553 1075 5614 XII.

3078 5549 3164 5613 3!:-
