3806 6284
244 246 386 304 1069

1437 255 1731 311 SELECTA
1768 256 1833 309 IN
1869 256 2207 333 PssLttos,

3301 260 3437 317 1070

237 368 417 423 tuva
453 369 515 422 τὸ
548 368 712 440 σῶμα
757 372 924 426 αὐτοῦ
962 373 1048 426 διὰ
1083 374 1280 426 τούτων
1319 375 1583 444 ᾐνίττετο,
1630 370 1673 443 ᾧ
1718 376 1802 429 καὶ

1909 378 2145 438 quaedam
2170 376 2411 430 videnlur
2445 376 2645 430 habere
2665 388 2943 447 praecepta,
2966 388 3020 434 et
3049 394 3324 435 sermones
3340 395 3435 434 ex-

233 459 340 513 τοῦ
379 459 546 530 νόμου
572 454 641 530 ἦν
666 460 951 531 σύμϐολονο
976 462 1068 515 τοῦ
1089 464 1187 532 τῆς
1213 464 1551 535 εὐχαριστίας
1576 465 1804 535 Χριστοῦ

234 548 507 619 σώματος
535 550 662 613 τοὺς
711 551 809 620 τῆς
846 551 1146 622 προθέσεως
1172 551 1364 621 ἄρτους
1400 555 1802 624 παρειληφότος.

235 640 417 692 Ἔστι
458 641 554 693 καὶ⁸
581 638 742 710 ἑτέρα
779 640 1060 703 ἀλλοίωσις
1100 641 1191 693 τοῦ
1229 642 1418 706 Δαυῒδ,
1455 642 1573 694 καθ’
1607 643 1671 711 ἢν
1713 644 1807 712 ὴλ-

229 727 448 781 λοίωσε
481 729 543 781 τὸ
564 728 849 798 πρόσωπον
877 730 1037 782 αὐτοῦ
1061 722 1193 800 πρὸς
1222 730 1444 800 Ἀγχοῦς
1463 730 1680 800 βασιλέα
1708 733 1805 785 Γὲθ

226 816 332 870 τὸν
371 818 695 886 ἀλλόφυλον,
725 818 917 887 μανίαν
948 820 1389 888 ὑποκρινόμενοςο
1441 820 1550 872 ἀλλ’
1584 821 1681 872 οὐκ
1707 819 1808 873 ἔοι-

226 921 336 957 κεν
366 907 399 956 6
430 905 649 975 ψαλμὸς
675 906 877 974 ταύτην
907 906 997 957 ἐπὶ
1034 906 1124 957 τοῦ
1156 907 1415 975 παρόντος
1448 906 1806 976 προσαλλοίω-

225 1009 322 1045 σιν
363 994 679 1063 σημαίνειν.
708 996 770 1047 Ol.
801 994 856 1046 δὲ
892 995 1010 1064 μηδ’
1042 995 1204 1065 ἕτερα
1233 996 1684 1065 ἐπιγεγραμμένοι
1703 996 1806 1048 τῶν

220 1080 507 1151 ψαλμῶν,
534 1082 681 1150 λέγω
697 1083 774 1146 δὲ,
809 1085 942 1153 μήτε
971 1083 1099 1153 ᾠδὴ,
1133 1086 1265 1153 μήτε
1298 1084 1478 1154 ὕμνος,
1511 1085 1644 1154 μήτε
1672 1085 1805 1153 ψαλ-

221 1170 367 1239 μδς,
400 1172 544 1241 μήτε
574 1170 886 1241 μελῴδημα,
925 1173 1057 1241 μήτε
1095 1171 1313 1235 αῖνεσις,
1351 1174 1481 1242 μήτε
1516 1173 1802 1243 προσευχὴ,

218 1263 385 1331 μήτε
422 1280 479 1314 τι
505 1261 615 1314 τῶν
638 1262 911 1324 τοιούτων,
936 1261 1236 1330 ὠφελίμους
1271 1263 1420 1325 τινὰς
1443 1263 1645 1315 ἐοίκασι
1668 1263 1805 1315 διδα-

215 1351 481 1413 σκαλίας
518 1350 814 1419 περιέχειν,
864 1352 957 1403 καὶ
1002 1350 1189 1418 λόγους
1251 1352 1655 1421 παραινετικοὺς
1712 1352 1802 1404 καὶ

214 1441 688 1510 προτρεπτικοὺς
715 1442 794 1503 εἰς
821 1440 1092 1502 εὐσεϐείας
1121 1440 1380 1508 ἀνάληψιν
1401 1457 1414 1469 ·
1457 1434 1565 1502 οἷός
1611 1442 1752 1492 ἐστιν
1776 1442 1805 1492 6

211 1525 496 1589 δέκατος,
536 1529 595 1578 ἐν
639 1520 682 1591 ᾧ
717 1526 958 1596 εἴρηταιο
1002 1544 1019 1575 ι
1068 1526 1186 1577 Ἐπὶ
1214 1525 1287 1594 τῷ
1329 1525 1513 1594 Κυρίῳ
1553 1525 1801 1590 πέποιθα,

210 1615 354 1677 πῶς
394 1617 578 1685 ἐρεῖτε
608 1617 673 1683 τῇ
709 1613 850 1683 ψυχῇ
881 1631 1000 1683 μου,
1027 1632 1046 1666 ι
1072 1615 1163 1667 καὶ
1189 1615 1256 1667 τὰ
1285 1614 1407 1683 ἑξῆς
1425 1630 1438 1643 ⁸
1474 1615 1565 1668 καὶ
1587 1617 1615 1667 6
1646 1615 1804 1668 δέκα·

1905 463 2227 515 hortalorios
2258 472 2310 515 et
2337 460 2673 516 invitatorios
2700 463 2762 516 ad
2791 467 3003 533 pietatis
3037 468 3257 520 cultum.
3285 466 3435 533 Ejus-

1904 550 2044 604 modi
2082 560 2161 604 est
2187 549 2442 616 deciums,
2485 550 2534 602 in
2568 563 2674 616 quo
2706 549 2897 605 dicitur
2929 554 2971 585 ⁸¹
3006 572 3018 606 :
3048 573 3066 604 ι
3109 554 3162 607 In
3212 554 3434 608 Domino

1905 638 2128 696 conﬁdo.
2165 641 2429 705 quomodo
2458 638 2638 691 dicitis
2666 638 2853 692 animae
2884 658 3031 701 meae,
3059 661 3076 690 ι
3112 650 3240 707 etc.,
3270 653 3323 697 et
3346 644 3436 697 de-

1904 727 2073 780 cimus
2100 725 2288 778 tertius
2317 725 2405 792 qui
2443 725 2690 778 similiter
2729 725 2870 778 ait”
2901 745 2913 778 :
2955 746 2972 776 ι
3010 727 3152 782 Dixit
3180 729 3433 797 insipiens

1906 816 1957 869 in
1980 815 2138 868 corde
2168 830 2282 869 suo.
2325 833 2344 865 ι
2395 813 2599 881 Reliqui
2633 814 2877 868 similiter
2906 825 3163 883 praerepta
3195 819 3433 884 quaedam

1905 905 2126 958 utilitate
2183 905 2332 973 plena
2382 906 2675 968 continent,
2729 921 2899 974 neque
2964 916 3137 960 tamen
3190 909 3432 975 psalmis,

1906 994 2112 1064 hymnis
2133 1006 2223 1048 aut
2250 997 2471 1049 canticis
2505 997 2722 1064 ascripti
2752 1004 2895 1057 sunt,
2931 997 3069 1064 quod
3102 999 3342 1052 eamdem
3373 1014 3435 1053 ac

1904 1085 2138 1152 praedicti
2166 1086 2388 1139 formam
2413 1101 2517 1140 non
2543 1097 2787 1148 servent;
2823 1086 2924 1138 nisi
2955 1088 3090 1139 forte
3109 1088 3292 1156 scripti
3314 1097 3435 1142 sunt

1902 1181 1954 1227 et
1980 1172 2077 1241 ipsi
2102 1181 2157 1225 ut
2186 1188 2281 1241 per
2319 1175 2651 1241 psalterium,
2676 1175 2757 1228 vel
2779 1175 2972 1228 cantici
3003 1191 3169 1239 more,
3191 1177 3275 1229 vel
3300 1177 3436 1231 sicut

1902 1262 2159 1330 quispiam
2188 1276 2217 1313 e
2264 1263 2528 1329 prazdictis
2560 1274 2892 1324 canerentur,
2942 1266 3040 1318 hoc
3092 1276 3268 1319 autem
3327 1282 3431 1322 non

1902 1351 2139 1417 contigit,
2173 1352 2306 1404 adeo
2337 1360 2391 1403 ut
2426 1352 2669 1404 eamdem
2716 1352 2925 1418 quidem
2966 1369 3028 1406 ac
3067 1354 3276 1420 psalmi,
3307 1370 3435 1408 cano

1903 1437 2003 1490 tica
2037 1448 2089 1490 et
2119 1438 2386 1492 orationes
2421 1439 2525 1491 vim
2574 1438 2825 1500 habeant,
2856 1439 3093 1504 inscripti
3124 1449 3297 1491 autem
3331 1454 3430 1491 non

1902 1526 2026 1588 sint,
2058 1527 2198 1593 quod
2243 1527 2367 1580 dicti
2410 1542 2511 1580 non
2553 1527 2767 1580 fuerint.
2798 1525 2892 1581 Vel
2929 1526 3063 1581 forte
3114 1529 3326 1594 quidam
3367 1530 3435 1583 ob

1903 1615 2129 1681 priorem
2157 1630 2389 1680 causam,
2432 1616 2646 1683 quidam
2693 1631 2820 1670 vero
2863 1618 2929 1670 ob
2963 1619 3247 1670 secundam
3290 1618 3434 1671 nullo

206 1723 316 1768 τος
355 1706 553 1776 τρίτος
579 1704 701 1756 καθ’
733 1706 893 1773 ὃμοια
925 1703 1093 1770 λέγων
1112 1720 1126 1733 ·
1157 1724 1174 1754 ι
1203 1700 1366 1756 Εἶπεν
1395 1704 1578 1773 ἄφρων
1593 1706 1649 1756 ὲν
1677 1721 1802 1774 καρ-

1904 1704 2129 1771 gaudent
2177 1704 2347 1760 titulo.
2389 1705 2873 1773 Quinquagesimus
2913 1707 3056 1758 enim
3107 1706 3308 1773 primus
3349 1708 3432 1760 cui

210 1795 322 1864 δίᾳ
360 1793 559 1846 αὐτοῦ.
605 1812 623 1844 ι
663 1795 770 1846 Καὶ
801 1795 850 1845 οἰ
881 1793 1053 1845 λοιποὶ
1097 1793 1152 1845 δὲ
1188 1794 1572 1862 παραπλησίως
1618 1793 1803 1860 λόγους

220 1885 389 1946 τινὰς
423 1883 834 1945 διδασκαλικοὺς
865 1884 956 1935 καὶ
999 1883 1221 1952 πλήρεις
1269 1883 1530 1950 ὠφελείας
1574 1883 1804 1949 ἐπάγον-

224 1990 317 2026 ται
337 1989 353 2003 °
392 1973 461 2024 οὐ
495 1972 602 2041 μὴν
634 1974 692 2023 έν
724 1971 954 2040 ψαλμοῖς
981 1972 1074 2023 καὶ
1103 1971 1286 2040 ὕμνοις
1319 1972 1350 2040 ἢ
1374 1973 1431 2023 ἐν
1457 1972 1617 2041 ᾠδαῖς
1643 1988 1802 2023 κατε-

223 2063 506 2131 λέγησαν,
536 2060 615 2129 τῷ
655 2060 728 2130 μὴ
768 2059 959 2122 σώζειν
1004 2060 1092 2112 τὸν
1139 2061 1319 2129 ὅμοιον
1361 2063 1468 2122 τοῖς
1504 2061 1805 2130 εἰρημένοις

223 2154 473 2224 τρόπον’
507 2153 557 2203 εἰ
588 2149 663 2219 μὴ
690 2150 799 2219 ἄρα
824 2149 1134 2219 ἐγράφησαν
1168 2148 1259 2200 καὶ
1284 2149 1431 2201 αὐτοὶ
1455 2148 1591 2200 ὥστε
1617 2148 1805 2217 λεχθῆ-

223 2260 321 2297 ναι
343 2241 443 2294 διὰ
480 2239 780 2308 ψαλτηρίου
818 2239 851 2308 ἢ
885 2238 951 2290 δι’
982 2238 1141 2306 ᾠδῆς,
1176 2239 1207 2306 ἢ
1235 2236 1308 2299 ὧς
1336 2254 1417 2299 τις
1452 2236 1558 2289 τῶν
1585 2236 1804 2307 εἰρημέ-

222 2347 339 2384 νων
359 2347 379 2362 ο
414 2331 483 2383 οὔ
523 2328 722 2396 συνέϐη
764 2327 821 2379 δὲ
849 2328 941 2378 καὶ
970 2326 1220 2395 λεχθῆναι
1249 2326 1462 2387 αὐτοὺς,
1493 2325 1630 2377 ὥστε
1664 2325 1802 2393 ἔχειν

224 2420 439 2490 ὁμοίαν
482 2418 584 2487 μὲν
610 2417 669 2469 ὲν
691 2418 803 2477 τοῖς
833 2415 1062 2484 ψαλμοῖς
1091 2416 1182 2466 καὶ
1209 2416 1329 2476 ταῖς
1356 2415 1538 2482 ᾠδαῖς,
1569 2415 1660 2466 καὶ
1688 2417 1804 2476 ταῖς

224 2509 580 2579 προσευχαῖς
608 2505 857 2574 δύναμιν,
896 2503 968 2573 μὴ
1011 2502 1405 2571 ἐπιγεγράφθαι
1432 2502 1487 2553 δὲ
1515 2501 1601 2554 διὰ
1631 2501 1690 2553 τὸ
1728 2503 1801 2573 μὴ

222 2596 501 2665 λεχθῆναι
547 2595 738 2664 αὐτήν.
771 2594 840 2645 ’Ἠ
889 2592 1094 2662 μήποτέ
1135 2608 1273 2652 τινες
1309 2590 1404 2660 μὲν
1430 2589 1517 2642 διὰ
1549 2590 1643 2659 τὴν
1677 2607 1804 2659 προ-

224 2686 405 2755 τέραν
438 2684 642 2745 αἰτίαν,
673 2683 817 2744 τινὲς
847 2681 900 2733 δὲ
924 2681 1021 2749 τῆς
1040 2679 1291 2748 δευτέρας
1308 2678 1491 2731 ἕνεκεν
1521 2680 1619 2731 οὐκ
1646 2677 1803 2747 ἠξιώ-

227 2775 414 2845 θησαν
446 2773 791 2843 προγραφῆς.
836 2772 895 2822 Ὀ
919 2771 1013 2839 μὲν
1039 2769 1149 2835 γὰρ
1176 2769 1529 2838 πεντηκοστὸς
1572 2767 1800 2836 πρῶτος,

222 2862 498 2931 οὐδέτερα
528 2858 605 2911 ὢν
634 2858 741 2909 τῶν
761 2856 1081 2926 εἰρημένων,
1098 2854 1165 2905 τὰ
1185 2851 1419 2922 περίτοῦ
1443 2851 1599 2921 Δωὴκ
1631 2853 1804 2916 ἀπαγ-

228 2952 426 3022 γέλλει
454 2950 631 3016 λέγων
653 2966 667 2978 ο
712 2967 729 2997 ι
757 2946 821 2997 Τί
855 2945 1095 3013 ὲγκαυχᾷ
1119 2946 1175 2995 ὲν
1202 2942 1387 3010 κακίᾳ,
1430 2942 1460 2992 6
1508 2939 1744 3004 δυνατὸς,
1777 2956 1796 2989 ι

222 2995 644 3108 ἐξιῖξέιῖἐῖξςλ
679 2995 819 3104 διιτέρ
846 2995 1010 3087 sia-ia
1028 2995 1355 3101 ’σκυθρωπὸν
1376 2995 1474 3082 eo):
1506 3030 1570 3082 ἂν
1592 2995 1799 3098 λεχθέίη
1828 2995 1868 3051 (³

218 3130 321 3199 τῷ
356 3129 550 3200 τρόπῳ
594 3126 705 3179 τῶν
747 3123 1005 3193 ψαλμῶν,
1056 3122 1088 3189 ἢ
1129 3122 1232 3172 τῶν
1269 3120 1443 3188 ᾠδῶν·
1491 3118 1564 3180 ὼς
1609 3118 1727 3170 οὐδὲ
1777 3118 1805 3169 6

220 3215 616 3285 πεντηκοστὸς
658 3213 905 3282 δεύτερος
938 3211 1032 3262 καὶ
1077 3204 1225 3270 οὗτος
1265 3206 1480 3277 λυπηρὰ
1523 3207 1799 3275 περιέχων.

230 3308 311 3359 '0
340 3307 397 3358 δὲ
423 3301 791 3372 πεντηκοστὸς
813 3299 1065 3369 τέταρτος
1094 3291 1154 3349 οὗ
1183 3298 1216 3365 ἡ
1245 3296 1382 3364 ἀρχή
1407 3310 1420 3323 ·
1455 3310 1474 3343 ι
1508 3294 1815 3356 Ἐνώτισαι,“

217 3397 252 3447 6
303 3392 457 3453 Θεὸς,
489 3390 594 3457 τὴν
624 3386 925 3457 προσευχήν
952 3400 1069 3453 μου,
1101 3401 1121 3434 ι
1156 3383 1350 3452 τρόπον
1379 3381 1612 3450 περιέχει
1641 3396 1805 3450 προσ-

221 3483 442 3552 ευχῆςο
490 3478 589 3532 καλ⁵
636 3480 665 3529 6
706 3475 946 3537 εἰκοστὸς
992 3474 1176 3534 ἕκτος·
1221 3491 1239 3522 ι
1289 3471 1487 3540 Κύριος
1535 3469 1845 3538 φωτισμός.

229 3590 342 3644 μου
383 3570 482 3623 καὶ
528 3567 714 3637 σωτήρ
754 3581 874 3634 μου,
917 3583 935 3616 ι
988 3563 1137 3615 οὐδὲν
1181 3562 1443 3630 διενήνοχε
1481 3560 1578 3628 τῆς
1606 3559 1764 3627 εὐχῆς
1784 3574 1800 3589 ο

228 3659 455 3731 Spem?
489 3653 588 3710 οὖν
617 3656 719 3707 οὐκ
745 3651 1051 3721 ἠξιώθησαν
1092 3649 1429 3721 προγραφῆς.
1474 3647 1570 3699 Διὰ
1612 3647 1667 3699 δὲ
1706 3646 1803 3715 τὴν

225 3748 524 3818 δευτέραν,
559 3745 637 3807 ὼς
668 3742 834 3804 εἰκὸς,
864 3741 1059 3801 αἰτίαν,
1104 3738 1196 3790 τοῦ
1224 3734 1613 3805 ἑϐδομηκοποῦ
1656 3733 1803 3805 πρὼ-

227 3856 330 3893 του
378 3833 605 3906 ψαλμοῦ
639 3833 732 3884 ἐπὶ
769 3831 910 3883 τέλει
943 3830 1041 3898 τῆς
1088 3824 1419 3895 προφητείας
1446 3823 1800 3894 περιέχοντος,

235 3947 258 3980 ι
302 3926 591 3990 Ἑξέλιπον
625 3923 676 3973 οἰ
721 3920 878 3988 ὕμνοι
911 3916 1090 3977 Δαυῖδ,
1133 3913 1246 3967 υίοῦ
1302 3912 1528 3964 Ἰεσσαίο
1568 3930 1587 3962 ι
1623 3909 1804 3979 ἐπειδὴ

227 4018 294 4070 δέ
325 4032 477 4076 τινες
498 4008 773 4064 ὑπέλαϐον
788 4006 939 4068 τέλος
970 4004 1077 4056 τῶν
1102 4002 1195 4055 τοῦ
1223 4000 1383 4054 Δαυῖδ
1411 4000 1590 4071 ὓμνων
1614 4000 1672 4051 τὸ
1714 3999 1801 4050 λό-

228 4123 355 4175 γιον
393 4100 707 4171 σημαίνειν,
753 4093 1049 4165 σημειώσῃ,
1083 4092 1164 4144 ὅτι
1204 4092 1262 4142 οὐ
1296 4088 1449 4141 τοῦτο
1479 4088 1621 4156 δηλοί
1652 4088 1685 4156 ἡ
1710 4085 1802 4138 τοῦ

243 4194 509 4265 Ἐϐραίου
535 4190 763 4242 διάνοια.
790 4186 849 4235 ὐ
866 4182 995 4251 γοῦν
1025 4180 1267 4241 Ἀκύλας,
1299 4179 1417 4230 ἀντὶ
1434 4176 1527 4229 τοῦ
1547 4193 1560 4205 ·
1593 4175 1804 4265 Ἐξέλι-

1902 1790 2031 1842 nihil
2059 1806 2336 1845 commune
2365 1802 2446 1846 est
2471 1808 2590 1845 cum
2616 1795 2901 1861 praedictis,
2920 1810 3035 1862 quae
3058 1798 3122 1849 ad
3155 1796 3293 1869 Doeg
3317 1811 3435 1863 per-

1905 1876 2067 1929 tinent
2110 1889 2291 1931 narrat
2315 1879 2394 1932 his
2422 1881 2599 1935 verbis
2630 1882 2674 1912 ⁸³
2706 1898 2721 1934 :
2759 1900 2777 1931 ι
2815 1881 2947 1947 Quid
2971 1882 3211 1950 gloriaris
3239 1884 3289 1936 in
3326 1899 3435 1937 ma-

1902 1964 2011 2015 litia
2038 1976 2242 2033 puteus,
2278 1987 2299 2019 ι
2333 1978 2384 2022 et
2410 1981 2620 2034 castera,
2652 1985 2768 2039 quae
2802 1973 3013 2038 quidem
3036 1973 3103 2026 ob
3130 1973 3437 2026 amaritudi-

1902 2068 2021 2104 nem
2058 2054 2159 2107 dici
2188 2066 2446 2122 nequeant
2476 2057 2541 2111 ad
2572 2058 2743 2110 instar
2774 2059 3096 2125 psalmorum
3125 2068 3217 2112 aut
3256 2060 3433 2113 cauti-

1901 2159 2106 2204 corum,
2139 2145 2278 2197 sicut
2333 2160 2428 2199 nec
2454 2148 2924 2214 quinquagesimus
2953 2151 3218 2204 secundus
3266 2152 3352 2218 qui
3380 2161 3433 2204 et

1902 2234 2016 2299 ipse
2050 2235 2218 2287 tristia
2272 2234 2453 2288 refert.
2490 2236 2968 2305 Quiuquagesimus
3022 2249 3249 2306 quartus
3282 2238 3434 2306 cujus

1902 2322 2218 2390 principium
2238 2322 2406 2377 est“:
2436 2325 2686 2388 «Exaudi,
2714 2328 2866 2391 Deus,
2890 2328 3181 2381 orationem
3207 2342 3429 2389 meam,»

1902 2410 2124 2464 formam
2161 2414 2418 2467 orationis
2467 2414 2669 2479 habet;
2709 2425 2763 2468 et
2805 2416 3090 2482 vigesimus
3134 2429 3315 2470 sextus
3340 2419 3384 2450 ”
3418 2434 3432 2472 :

1907 2517 1924 2555 ι
1972 2500 2221 2555 Dominus
2245 2502 2558 2556 illuminatio
2585 2519 2699 2556 mea
2724 2514 2777 2558 et
2802 2517 3044 2559 servator
3082 2522 3252 2570 meus,
3294 2528 3314 2559 ι
3353 2510 3433 2562 ni-

1901 2588 1975 2640 hil
2009 2589 2075 2642 ab
2112 2591 2349 2644 oratione
2397 2591 2569 2644 dill‘ert
2592 2609 2620 2656 ςι
2655 2593 2797 2645 nullo
2829 2603 3003 2647 tamen
3046 2595 3279 2664 insigniti
3309 2608 3434 2651 sunt

1904 2675 2076 2727 titulo.
2100 2677 2227 2729 Cum
2262 2686 2439 2729 autem
2468 2689 2683 2745 propter
2714 2679 3023 2743 secundam,
3058 2690 3115 2732 ut
3148 2682 3435 2735 verisimile

1901 2774 2005 2825 est,
2035 2778 2245 2817 causam
2276 2767 2698 2835 sepluagesimus
2750 2767 2953 2834 primus
2990 2769 3219 2835 psalmus
3249 2770 3299 2822 in
3331 2770 3435 2823 ίὶιιιι

1901 2855 2191 2922 prophetiae
2232 2856 2458 2908 haheat:
2499 2874 2517 2905 ι
2554 2856 2868 2910 Defecerunt
2905 2857 3087 2927 hymni
3132 2860 3292 2911 David
3343 2860 3432 2912 hlii

1900 2941 2064 3004 Jesse,
2096 2961 2115 2993 ι
2171 2944 2356 3009 hisque
2411 2945 2589 2998 verbis
2638 2946 2852 3013 quidam
2903 2947 3099 3013 Opinati
3140 2948 3245 3000 sint
3276 2948 3432 3001 linem

1905 3032 2218 3100 hymnorum
2278 3033 2440 3087 David
2507 3034 2763 3097 indicari.
2815 3034 3124 3089 obserVabis
3159 3051 3259 3088 non
3297 3037 3434 3089 hunc

1903 3131 2020 3172 esse
2044 3119 2246 3173 Hebraei
2274 3128 2448 3173 textus
2474 3135 2707 3175 sensum.
2745 3121 2931 3187 Aquila
2965 3136 3091 3188 ergo
3113 3137 3245 3190 pro:
3275 3140 3294 3172 ι
3332 3122 3434 3177 De-

1903 3208 2141 3260 fecernnt
2189 3210 2365 3277 hymni
2401 3210 2582 3273 David,
2623 3229 2640 3259 ι
2676 3211 2834 3264 vertit
2866 3226 2879 3261 :
2909 3229 2928 3261 ι
2974 3212 3258 3279 Complelm
3313 3226 3437 3265 sunt

1902 3296 2170 3349 orationes
2200 3298 2391 3363 David;
2426 3317 2444 3349 ι
2483 3299 2834 3369 Symmachus
2859 3312 3034 3353 autem
3069 3316 3082 3349 :
3112 3318 3131 3350 ι
3174 3300 3436 3354 Consum-

1902 3393 2056 3437 matre
2076 3393 2199 3438 sunt
2218 3388 2485 3440 orationes
2509 3386 2701 3446 David;
2729 3397 2815 3439 iet
2843 3389 3025 3453 quinta
3054 3388 3213 3443 editio
3242 3404 3257 3442 :
3290 3408 3306 3438 ι
3334 3389 3437 3442 Rr-

1902 3473 2126 3540 cognitze
2153 3482 2281 3527 sunt
2323 3477 2591 3528 orationes
2631 3475 2814 3529 David.
2838 3495 2861 3526 ‘l
2891 3476 3092 3541 Quibus
3119 3481 3431 3541 OSIenditnr.

1902 3562 2194 3629 prophetiis
2217 3577 2348 3629 quas
2395 3565 2550 3618 habet
2580 3565 2818 3632 psalmus
2844 3567 2907 3620 de
2938 3567 3168 3628 Christo,
3195 3583 3432 3621 connexa

1901 3662 2018 3703 esse
2051 3665 2167 3718 quae
2189 3652 2329 3704 dicta
2360 3662 2501 3706 sunt.
2539 3654 2850 3708 lnscr‘ibitur
2876 3658 3016 3710 enim
3052 3657 3284 3725 psalmus
3314 3675 3334 3707 ι
3380 3659 3431 3710 in

1902 3737 2262 3805 Salomonem,
2300 3759 2320 3793 ι
2365 3753 2416 3794 et
2467 3757 2584 3809 qua:
2629 3745 2886 3808 continet,
2909 3745 3207 3799 referuntur
3234 3755 3339 3800 tum
3368 3751 3434 3802 ad

1904 3829 2260 3895 Salomonem,
2302 3840 2411 3884 tum
2441 3833 2507 3887 ad
2530 3842 2650 3886 cum
2682 3834 2769 3902 qui
2805 3849 2866 3887 ex
2895 3834 3006 3899 ejus
3041 3836 3241 3888 semine
3279 3852 3436 3906 gene-

1902 3919 2096 3971 randus
2144 3927 2300 3983 erat,
2352 3920 2541 3975 tilium.
2596 3926 2930 3990 Quapropter
2988 3925 3186 3977 dictum
3235 3934 3316 3977 est
3348 3926 3431 3980 ":

1906 4022 1924 4054 ι
1976 4005 2412 4073 Deus,judicium
2461 4017 2610 4062 tuum
2663 4009 2772 4078 regi
2798 4010 2889 4077 da,
2917 4019 2970 4063 et
2989 4010 3246 4076 justitiam
3291 4022 3432 4065 tuam

1902 4093 2008 4146 ﬁlio
2038 4094 2194 4159 regis.
2225 4114 2243 4146 ι
2281 4096 2478 4151 Deinde
2505 4107 2890 4165 consequenter
2914 4099 3300 4153 subnectuutur
3322 4115 3437 4153 ser-

1903 4196 2083 4236 mones
2109 4183 2319 4250 quidam
2361 4186 2654 4254 prophetici
2689 4186 2754 4239 de
2798 4186 2903 4239 filio
2936 4188 3104 4252 regis,
3137 4189 3435 4255 generando

230 4264 359 4337 ποτε
371 4285 427 4334 οἱ
442 4280 623 4348 ὕμνοι
646 4273 844 4334 Δαυῒδ,
855 4291 874 4323 ι
895 4269 1273 4338 Ἐτελέσθησαν
1292 4266 1579 4337 προσευχαὶ
1593 4264 1765 4328 Δαυῖδ,
1777 4282 1797 4315 ι

1905 4271 2147 4323 videlicet
2193 4286 2223 4325 e
2270 4274 2475 4327 semine
2531 4272 2982 4354 Salomonistqui
3020 4275 3175 4345 522
3222 4279 3433 4344 quidem

232 4373 577 4427 ἐκδέδωκεν
612 4368 643 4418 6
671 4365 728 4417 δὲ
754 4362 1042 4431 Σύμμαχος
1064 4376 1078 4389 ’
1109 4377 1129 4409 ι
1164 4356 1610 4424 Ἐπετελέσθησαν
1641 4370 1805 4423 προσ-

230 4463 395 4530 ευχαὶ
447 4456 650 4512 Δαυῖδ’
695 4473 713 4505 ι
766 4453 857 4504 κα)⁵
897 4451 930 4519 ή
976 4448 1194 4517 πέμπτη
1235 4447 1441 4530 έκδοσις
1462 4484 1477 4507 ,
1527 4460 1544 4491 ι
1596 4443 1804 4493 Ἀνεκε-

234 4526 636 4619 φαλαιώθησαν
665 4539 956 4611 προσευχαὶ
986 4536 1162 4588 Δαυῖδ.
1210 4554 1228 4585 ι
1262 4534 1337 4585 Δι’
1367 4526 1438 4584 ὢν
1481 4530 1803 4599 παρίσταται

231 4645 352 4704 ταῖς
375 4646 434 4694 ἐν
457 4639 539 4708 τῷ
565 4633 767 4705 ψαλμῷ
799 4633 925 4703 περὶ
937 4631 1028 4684 τοῦ
1059 4623 1291 4698 Χριστοῦ
1320 4622 1803 4693 προφητευομένοις

234 4729 519 4800 συνῆφθαι
568 4726 638 4778 τὰ
687 4723 985 4794 εἰρημένω
1035 4718 1428 4786 ἐπιγέγραπται
1483 4713 1577 4781 μὲν
1622 4712 1727 4781 γὰρ
1760 4714 1800 4764 ’ό

481 4837 502 4868 ι
540 4819 623 4878 εἰς
639 4814 914 4882 Σαλομὼν,
941 4825 961 4861 ι
985 4808 1304 4878 ἀναφέρεται
1327 4802 1382 4854 δὲ
1398 4799 1464 4852 τὰ
1478 4802 1532 4853 ἐν
1550 4799 1694 4891 αὐτῷ
1724 4800 1801 4861 εἷς

230 4889 306 4963 τε
325 4889 488 4963 αύτὸν
515 4902 857 4974 Σολομῶντα,
879 4900 971 4952 καὶ
999 4899 1089 4951 τὸν
1108 4900 1171 4949 ὲκ
1197 4893 1507 4960 σπέρματος
1527 4889 1689 4940 αὐτοῦ
1712 4905 1801 4956 γε-

231 4999 543 5067 νησόμενον
587 4991 705 5043 υἱὸν
753 4986 947 5041 αὐτοῦ’
988 4985 1064 5037 διὸ
1123 4983 1366 5067 εἴρηταιέ
1418 4994 1435 5025 ι
1478 4974 1711 5067 ’0-Θεὸς,
1745 4975 1804 5027 τὸ

448 5100 549 5136 σου
581 5078 659 5148 τῷ
689 5077 896 5147 βασιλεῖ
936 5074 1039 5137 δὸς,
1076 5050 1290 5137 καίτὴν
1321 5050 1663 5155 δῖκαιοσύνην
1710 5080 1827 5115 σουυ

230 5152 327 5244 τιῇ
345 5152 455 5243 -υίῷ
483 5170 581 5223 τοῦ
617 5166 895 5237 βασιλέως.
938 5182 955 5214 ι
985 5159 1108 5215 Εἶτα
1138 5159 1259 5226 ἑξῆς
1299 5152 1502 5244 τούτοις
1525 5154 1805 5244 έπιφέρον-

232 5242 337 5319 ται
361 5242 517 5332 λόγοι
545 5260 689 5320 τινὲς
732 5253 1045 5326 προφητικοὶ
1073 5251 1190 5319 περὶ
1233 5243 1328 5297 τοῦ
1362 5242 1475 5294 υἱοῦ
1515 5242 1802 5332 βασιλέως,

231 5354 446 5425 δηλαδὴ
504 5354 571 5404 ἐκ
620 5348 927 5415 σπέρματος
966 5338 1289 5408 Σολομῶντος
1318 5331 1801 5400 γεννηθησομένου,

322 5469 362 5499 ⁸⁸
393 5467 539 5520 Psal.
565 5480 619 5524 ι,
650 5462 705 5516 2.
811 5458 853 5488 ⁸¹
880 5455 1015 5524 Psal.
1046 5468 1151 5512 xm,
1183 5452 1231 5502 ἰ.
1342 5445 1388 5476 ⁸³
1419 5444 1555 5500 Psal.
1593 5461 1711 5511 ut,
1741 5446 1795 5498 3.

234 5536 292 5569 ⁸⁷
324 5536 451 5590 ibid.
482 5535 539 5588 8.
605 5522 661 5560 ⁸⁸
689 5526 817 5581 ibid.
850 5523 930 5584 17,
966 5522 1039 5575 19(

1892 5447 1936 5478 ⁸³
1966 5448 2106 5504 I’sal.
2136 5465 2239 5513 Liv,
2266 5450 2320 5503 2.

1903 4374 2171 4414 sermones
2201 4375 2301 4415 non
2334 4363 2385 4415 in
2416 4362 2575 4414 alimn
2622 4364 2905 4416 convenire
2946 4375 3140 4432 queant
3188 4380 3345 4434 quam
3379 4369 3431 4420 in

1902 4448 2069 4501 solum
2100 4448 2366 4503 Chrisutm
2414 4450 2527 4503 Dei.
2558 4451 2683 4502 Illud
2722 4453 2861 4504 enim
2888 4452 2931 4483 ⁸⁷
2963 4469 2974 4503 :
3008 4472 3025 4503 ι
3070 4455 3435 4509 Dominabitur

1903 4553 1930 4588 ιι
1982 4537 2112 4588 mari
2159 4550 2328 4603 usque
2375 4538 2440 4590 ad
2491 4553 2657 4604 mare,
2689 4547 2743 4592 et
2772 4556 2798 4591 a
2829 4539 3141 4596 ﬂuminibus
3171 4558 3338 4610 usque
3367 4546 3432 4597 ad

1904 4622 2162 4676 terminos
2207 4625 2351 4676 orbis
2395 4634 2676 4692 terrarum,
2714 4646 2733 4678 ι
2771 4636 2824 4680 et
2856 4628 2957 4680 alia
2990 4630 3071 4683 his
3099 4631 3313 4692 similia,
3342 4646 3435 4684 ne-

1902 4725 2004 4777 que
2031 4710 2095 4765 ad
2132 4710 2489 4775 Salomonem,
2510 4729 2679 4779 neque
2701 4714 2764 4767 ad
2792 4715 2999 4782 imperii
3023 4717 3133 4784 ejus
3160 4732 3435 4771 successo-

1902 4814 2013 4852 rem
2042 4800 2296 4864 Roboam,
2317 4816 2486 4869 neque
2506 4804 2570 4855 ad
2597 4803 2752 4857 alium
2778 4818 2840 4857 ex
2870 4805 2986 4873 ejus
3012 4806 3430 4869 successoribus,

1905 4888 1996 4941 sed
2039 4888 2104 4939 ad
2142 4889 2311 4941 solum
2348 4899 2586 4942 nostrum
2630 4889 2960 4944 Salvatorem
2991 4891 3180 4943 referri
3210 4901 3432 4957 queunt.

1907 4975 2165 5041 Quoniam
2194 4991 2321 5046 ergo
2351 4979 2642 5031 secundum
2669 4979 2831 5032 David
2859 4993 2953 5046 per
2983 4978 3280 5033 orationem
3311 4993 3439 5029 con-

1908 5067 2214 5119 summanda
2261 5076 2375 5119 erat
2406 5082 2435 5119 e
2478 5068 2678 5121 semine
2727 5068 2839 5133 ejus
2885 5067 3158 5133 generatio
3210 5062 3440 5122 Christi,

1905 5163 1958 5207 ct
1982 5170 2098 5221 qua:
2120 5157 2259 5209 circa
2288 5157 2420 5208 hanc
2453 5157 2699 5223 przedicta
2731 5162 2873 5213 sunt,
2900 5169 2930 5206 e
2955 5165 3179 5219 quorum
3217 5162 3446 5199 Iilllllel'O

1908 5256 2030 5297 sunt
2080 5260 2196 5312 qua:
2238 5246 2289 5297 in
2327 5246 2598 5314 proposito
2638 5244 2900 5297 habentur
2946 5240 3181 5304 psalmo,
3219 5232 3361 5284 sicut
3392 5235 3448 5285 in

1910 5335 2013 5385 line
2036 5332 2231 5387 dictum
2260 5342 2341 5387 est
2369 5333 2451 5385 "z
2496 5349 2512 5381 ι
2548 5332 2612 5383 Et
2634 5328 3011 5383 benedicentur
3034 5326 3086 5377 in
3119 5324 3236 5388 ipso
3260 5332 3458 5371 omnes

2422 5448 2466 5476 ⁸⁵
2492 5445 2628 5499 Psal.
2663 5456 2808 5501 xm,
2837 5438 2886 5490 l.
2984 5433 3199 5489 “Psal.
3229 5428 3463 5490 unﬂ.
