3806 6270
382 251 505 306 ιογι

1739 246 1827 300 EX
1861 244 2154 302 ORIGENE

3457 241 3577 296 i072

377 372 583 436 gentes,
601 371 656 417 et
680 362 967 432 replebitur
1000 363 1276 430 majestate
1301 360 1414 430 ejus
1443 363 1615 417 omnis
1645 370 1785 415 terra
1812 380 1826 426 ;
1877 381 1888 413 ι

2081 380 2187 426 ινες
2219 364 2321 416 οὐκ
2351 363 2435 431 ἐφ’
2469 362 2665 432 ἓτερον
2700 357 2980 431 ἁρμόζειν
3011 354 3270 408 δύνανται
3300 355 3335 425 ἢ
3373 355 3458 411 ἐπὶ
3498 360 3579 429 p.6-

375 448 565 508 merito
587 452 670 505 his
688 465 981 505 connexum
1004 458 1084 503 est
1101 450 1386 503 secundum
1403 450 1646 517 Aquilam
1667 466 1681 504 :
1704 467 1722 499 ι
1745 448 1900 502 Com-

370 544 527 605 pletm
563 548 684 593 sunt
721 539 990 593 orationes
1019 537 1181 590 David
1211 552 1226 601 ;
1268 553 1286 588 ι
1323 537 1609 590 secundum
1654 537 1898 606 Symma-

370 627 534 682 chum
567 644 583 681 :
619 645 637 677 ι
668 627 1056 680 Consummatze
1085 633 1209 676 sunt
1246 624 1515 678 orationes
1541 623 1738 688 David;
1765 642 1784 674 ι
1817 637 1903 678 se-

371 719 603 774 cundum
633 717 868 785 quintam
895 715 1174 768 editionem
1208 735 1219 767 :
1251 729 1269 763 ‹
1302 712 1605 781 Recognitae
1632 720 1754 766 sunt
1773 726 1899 766 ora-

373 810 545 864 tiones
584 809 766 863 David.
796 826 817 859 ι
850 788 1046 861 ΙηῚιοο
1071 805 1357 870 recognite
1384 813 1527 866 sunt,
1558 818 1677 856 cum
1711 816 1899 857 omnes

370 907 556 966 gentes
580 895 868 950 benedicta:
896 902 1019 947 sunt
1052 906 1148 961 per
1181 893 1297 961 ejus
1321 893 1408 960 qui
1432 906 1493 945 ex
1527 891 1730 945 semine
1756 891 1899 946 illius

370 991 520 1037 ortus
549 989 649 1045 est,
674 979 969 1033 Salvatoris
992 979 1229 1032 omnium
1255 978 1489 1046 gentium
1515 976 1897 1031 adventum.ln

366 1072 582 1141 psalmis
610 1071 700 1140 qui
727 1071 922 1124 habent
949 1069 1313 1137 diapsalmata,
1338 1068 1522 1137 Aquila
1553 1082 1647 1136 pro
1670 1068 1898 1137 diapsal-

371 1168 512 1213 mate
534 1160 689 1213 vertit
712 1177 730 1210 ι
751 1158 1049 1223 Canticum,
1076 1177 1093 1209 ι
1116 1159 1295 1227 quinta
1323 1157 1680 1235 autem‘editio
1711 1176 1730 1207 ι
1756 1158 1898 1227 jugi-

369 1258 468 1304 ter.
502 1267 521 1299 ι
571 1248 736 1303 Porro
780 1246 929 1314 juxta
979 1257 1157 1300 nostra
1195 1248 1513 1317 exemplaria
1546 1256 1601 1301 et
1646 1249 1896 1317 Symma-

366 1337 768 1406 chum,quando
795 1337 1008 1389 musicae
1031 1335 1301 1402 cujusdam
1330 1337 1568 1389 melodire
1593 1345 1645 1390 et
1663 1337 1895 1408 rhythmi

368 1425 429 1478 iit
455 1426 695 1488 mutatio,
722 1425 930 1478 videtur
962 1425 1195 1493 apposita
1218 1424 1577 1493 diapsalmatis
1611 1434 1753 1478 nota.
1787 1424 1897 1478 Sa:-

366 1512 587 1581 pissime
615 1527 741 1567 vero
770 1522 823 1566 et
851 1527 1035 1567 sensus
1062 1513 1279 1566 mutatio
1301 1522 1380 1567 est
1418 1513 1470 1565 in
1504 1513 1893 1582 diapsalmatis,

1996 465 2083 503 νον
2110 450 2345 518 Χριστὸν
2375 448 2470 502 τοῦ
2498 447 2662 501 Θεοῦ.
2699 447 2780 498 Τὸ
2807 444 2949 513 γὰρ,
2986 461 3006 493 ι
3044 442 3469 511 Κατακυριεύσει
3494 445 3584 497 ἀπὺ

1999 537 2277 606 θαλάσσης
2295 539 2403 600 ἓως
2430 538 2735 607 θαλάσσης,
2760 536 2861 587 καὶ
2886 534 3005 587 ἀπὸ
3029 531 3298 602 ποταμῶν
3322 531 3422 595 ἕως
3446 536 3585 605 περά-

1995 645 2100 679 των
2136 630 2239 698 τῆς
2270 627 2622 697 οἰκουμένης,
2640 645 2675 701 ,ι
2716 625 2818 679 καὶ
2852 624 3231 693 παραπλήσια
3274 622 3472 685 τούτοις
3491 624 3585 677 οὔτ’

1997 719 2080 770 ἐπ’
2105 719 2269 771 αὐτὸν
2307 719 2566 785 ἀνάγοιτο
2608 718 2678 770 ἂν
2709 716 2806 768 τὸν
2850 712 3218 783 Σολομῶντα,
3256 712 3364 765 οὐδ’
3402 713 3487 767 ἐπὶ
3514 714 3589 769 τδν

1996 807 2388 877 ἀναδεξάμενον
2407 805 2576 860 αὐτοῦ
2604 805 2708 875 τὴν
2730 805 2918 875 ἀρχὴν
2960 802 3233 872 Ῥοϐοάμ,
3258 802 3364 853 οὐδ’
3389 805 3469 870 ἐφ’
3495 804 3590 855 ἔτε-

1999 911 2089 965 ρον
2108 896 2216 948 τῶν
2231 896 2400 949 αὑτοῦ
2433 896 2722 964 διαδόχων,
2757 893 2881 947 ἀλλ’
2912 894 3013 944 ἐπὶ
3047 892 3213 962 μόνον
3237 891 3330 943 τὸν
3356 892 3592 962 ἡμέτερον

1996 983 2238 1052 Σωτῆρα.
2288 983 2441 1035 Ἐπεὶ
2481 982 2662 1034 τοίνυν
2693 981 2845 1034 κατὰ
2898 980 2999 1034 τὸν
3034 978 3208 1032 Δαυῒδ
3242 980 3311 1031 δι’
3355 981 3504 1049 εὐχῆς
3535 977 3593 1050 ἦν

1996 1070 2407 1141 ἐπιτελεσθῆναι
2436 1072 2539 1141 τὴν
2574 1072 2641 1123 ὲκ
2675 1071 3015 1140 σπέρματος
3058 1067 3232 1121 αὑτοῦ
3273 1068 3476 1137 γένεσιν
3516 1071 3594 1123 τοῦ

1994 1160 2252 1229 Χριστοῦ,
2284 1160 2381 1212 καὶ
2412 1160 2483 1213 τά
2511 1161 2606 1212 ἐπὶ
2629 1161 2813 1229 ταύτῃ
2837 1158 3338 1228 προφητευόμενα,
3362 1159 3419 1209 έν
3446 1154 3521 1219 οἷς
3538 1154 3596 1227 ἦν

1994 1247 2063 1299 τὰ
2090 1250 2148 1299 ἐν
2176 1247 2256 1317 τῷ
2290 1247 2644 1318 προκειμένῳ
2673 1248 2913 1317 ψαλμῷ,
2935 1247 3019 1309 ὡς
3040 1247 3140 1298 ἐπὶ
3173 1246 3318 1298 τέλει
3343 1246 3563 1301 λέλεκται
3580 1265 3594 1280 ⁸

2000 1352 2019 1385 ι
2059 1336 2169 1387 Καὶ
2194 1335 2719 1405 ἐνευλογηθήσονται
2750 1339 2813 1388 ὲν
2845 1333 3012 1403 αὐτῷ
3040 1335 3229 1387 πάντα
3248 1333 3320 1385 τὰ
3356 1334 3496 1403 ἔθνη,
3521 1337 3598 1387 καὶ

1995 1423 2417 1494 πληρωθήσεται
2438 1425 2541 1494 τῆς
2560 1425 2727 1494 δόξης
2760 1425 2942 1477 αὐτοῦ
2970 1426 3132 1476 πᾶσα
3161 1426 3196 1493 ἡ
3234 1424 3309 1492 γῆ
3328 1440 3342 1452 °
3371 1443 3389 1475 ι
3408 1425 3597 1488 εἰκότως

1994 1506 2357 1576 έπισυνῆπται
2379 1506 2595 1568 τούτοις
2610 1506 2761 1559 κατὰ
2792 1507 2901 1576 μὲν
2936 1506 3039 1558 τὸν
3072 1506 3315 1559 ’Δκύλαν
3338 1523 3353 1535 ·
3378 1525 3396 1556 ι
3416 1507 3597 1560 Ἐτελέ·

366 1602 633 1656 interdum
679 1610 733 1654 et
782 1614 1040 1669 personae.
1070 1600 1405 1655 Existimabit
1445 1600 1583 1656 forte
1626 1602 1888 1670 quispiam

2077 1610 2204 1663 ησαν
2240 1595 2541 1665 προσευχαὶ
2574 1594 2747 1648 Δαυῖδ
2765 1610 2780 1624 ⁸
2818 1612 2842 1645 ι
2877 1595 3037 1647 κατὰ
3071 1595 3133 1646 δὲ
3162 1594 3258 1647 τὸν
3301 1595 3594 1665 Σύμμαχον·

366 1706 457 1746 eos
485 1692 572 1761 qui
617 1691 936 1759 psalmorum
972 1690 1184 1743 nomine
1230 1690 1473 1758 inscripti
1523 1700 1677 1752 sunt,
1718 1691 1888 1758 pulsa-

2077 1659 2525 1751 ἐπετελέσθησαν
2560 1683 2886 1754 προσευχαὶ
2950 1683 3130 1735 Δαυῖδ
3154 1699 3169 1713 ·
3209 1701 3232 1733 ι
3269 1659 3599 1754 messim

365 1780 513 1834 tione
553 1779 889 1833 instrumenti
936 1777 1122 1832 musici
1150 1778 1291 1846 quod
1318 1787 1540 1832 vocatur
1563 1778 1893 1846 psalterium,

365 1869 618 1923 recitatos
669 1867 830 1921 fuisse
860 1884 876 1931 ;
909 1866 1001 1921 sed
1039 1866 1287 1933 quoniam
1323 1866 1611 1920 secundum
1651 1865 1894 1932 Aquilam

363 1971 460 2027 per
486 1966 648 2012 totum
682 1957 875 2010 librum
901 1955 951 2007 in
975 1955 1374 2022 quihuscuuque
1401 1954 1688 2008 secundum
1719 1953 1892 2021 LXXY,

368 2061 391 2095 ι
426 2046 662 2113 psalmus
685 2064 703 2096 ι
738 2045 1065 2106 inscribitur,
1100 2046 1151 2097 in
1183 2043 1247 2097 iis
1267 2060 1286 2092 ι
1315 2042 1600 2095 modulatio
1635 2060 1653 2092 ι
1681 2043 1891 2107 editur;

364 2132 650 2187 secundum
670 2146 794 2185 vero
812 2131 1183 2200 Symmachum
1205 2150 1224 2182 ι
1244 2130 1354 2186 Ode
1377 2148 1395 2181 ι
1419 2130 1498 2182 vel
1520 2147 1538 2180 ι
1563 2129 1890 2197 Canticum,»

364 2218 565 2272 idcirco
588 2220 885 2272 necessario
912 2220 1020 2272 haec
1054 2219 1419 2272 adnotavimus
1466 2233 1532 2271 ne
1555 2218 1672 2285 quis
1690 2226 1897 2285 putaret

364 2322 459 2376 per
478 2307 733 2361 musicum
753 2308 1153 2361 instrumentum
1171 2320 1356 2361 omnes
1374 2306 1460 2374 qui
1483 2306 1619 2375 apud
1641 2321 1737 2361 nos
1754 2306 1894 2360 Psal-

366 2410 571 2451 morum
592 2396 806 2450 nomine
834 2396 1213 2461 inscribuntur,
1242 2403 1480 2450 cautatos
1497 2394 1684 2450 fuisse.
1714 2395 1895 2463 Neque

365 2486 509 2538 enim
528 2485 717 2539 rationi
747 2494 1157 2540 consentaneum
1189 2493 1352 2549 esset,
1373 2484 1891 2555 quinquagesimum,

364 2573 510 2627 verbi
536 2575 723 2642 gratia,
751 2575 839 2644 qui
872 2575 1159 2643 inscriptus
1180 2584 1285 2640 est,
1317 2591 1337 2625 ‹
1363 2575 1413 2627 in
1455 2573 1633 2638 finem,
1657 2573 1893 2641 psalmus

363 2662 464 2731 ipsi
492 2664 675 2729 David,
708 2682 727 2714 ι
756 2664 996 2733 psalterii
1035 2675 1235 2731 organo
1269 2662 1550 2716 recitatum
1593 2661 1759 2715 fuisse
1790 2678 1802 2712 :
1839 2662 1891 2715 in

363 2748 507 2804 iectu
562 2752 754 2821 quippe
789 2750 1158 2819 intempestiva
1203 2757 1287 2804 est
1337 2750 1539 2803 musica
1584 2747 1889 2804 modulatio.

363 2836 635 2903 Quomodo
662 2840 803 2893 enim
833 2840 946 2893 fieri
979 2840 1171 2907 potuit,
1201 2837 1449 2891 Davidem
1481 2838 1546 2892 de
1578 2838 1892 2906 gravissimo

361 2926 563 2982 scelere
611 2928 767 2981 verba
820 2928 1121 2987 facientem,
1156 2939 1275 2978 cum
1328 2925 1468 2979 Deus
1519 2934 1705 2979 contra
1740 2927 1888 2980 illum
1915 2952 1957 3009 ο

363 3013 502 3068 haud
533 3013 720 3069 leviter
760 3016 1067 3084 indignatus
1114 3013 1283 3067 minas
1323 3027 1418 3081 per
1463 3015 1770 3083 prophetam
1806 3016 1888 3070 in-

361 3107 661 3169 tentasset;
696 3104 846 3172 quasi
892 3103 1088 3157 laetitiae
1125 3111 1361 3170 tempore
1394 3112 1667 3170 assumpto
1697 3104 1888 3171 psalte-

361 3188 459 3253 rio,
483 3190 656 3258 gaudii
687 3200 741 3244 et
776 3189 1058 3243 hilaritatis
1095 3187 1328 3256 symbols
1360 3188 1677 3254 persolvisse
1701 3191 1724 3244 ἓ
1749 3190 1886 3256 Quid

363 3285 538 3330 autem
565 3278 816 3346 psalterio
847 3279 1115 3347 proprium
1139 3277 1406 3333 continent
1429 3277 1544 3345 ejus
1575 3281 1888 3335 sermones?

360 3365 545 3418 Annon
601 3366 774 3433 potius
814 3365 1040 3433 ejulatus
1080 3372 1134 3419 et
1181 3365 1366 3429 ﬂetus,
1414 3380 1546 3434 quos
1590 3382 1686 3435 par
1722 3375 1841 3422 erat
1867 3409 1884 3432 ,

360 3465 478 3505 cum
528 3451 769 3507 luctuoso
810 3455 1040 3517 cantico,
1077 3468 1183 3508 non
1236 3468 1358 3508 cum
1404 3456 1756 3509 instrumento
1799 3469 1886 3509 re-

358 3541 526 3596 citare
564 3542 590 3595 ?
629 3542 855 3610 ldipsum
914 3543 1059 3598 dicas
1117 3544 1182 3600 de
1229 3543 1386 3598 tertio
1410 3543 1456 3579 ⁸⁸
1487 3578 1504 3607 ,
1546 3542 1637 3611 qui
1696 3543 1887 3597 inscri-

355 3639 477 3699 ptus
517 3640 618 3694 est,
651 3648 670 3681 ι
713 3629 954 3685 Psalmus
1000 3632 1218 3696 Davidi,
1259 3631 1472 3700 quando
1517 3630 1652 3697 fugit
1689 3645 1719 3683 a
1752 3629 1887 3686 facie

355 3718 510 3788 523
531 3719 831 3773 Abessalom
881 3719 972 3773 lilii
1002 3721 1103 3774 sui.
1135 3738 1154 3772 ι
1183 3719 1501 3774 Consideres
1543 3717 1719 3780 velim,
1753 3733 1882 3771 num

355 3807 410 3860 in
432 3808 725 3875 hujusmodi
746 3807 1047 3862 calamitate
1075 3809 1417 3870 constitutus,
1446 3823 1566 3861 cum
1596 3821 1760 3876 regno
1786 3821 1882 3861 ex-

355 3905 507 3951 actus
547 3911 577 3950 a
612 3896 717 3950 lilio
744 3896 1057 3965 pelleretur,
1087 3896 1303 3953 musicis
1328 3897 1572 3951 cantibus
1617 3907 1878 3952 vacasset.

354 3983 513 4039 Certe
534 3986 722 4039 rationi
752 4000 1042 4041 consonum
1079 3994 1160 4039 est
1202 3986 1399 4053 ipsum,
1429 3985 1552 4037 dum
1595 3984 1736 4038 hanc
1759 4000 1883 4053 sup-

353 4073 684 4142 plicationem
705 4076 770 4127 ad
806 4075 965 4127 Deum
995 4074 1276 4138 emitteret,
1294 4088 1414 4127 cum
1452 4073 1680 4139 quadam
1719 4072 1883 4126 melo-

357 4160 438 4213 dia
467 4163 686 4228 tempori
713 4163 1103 4217 accommodata
1135 4176 1251 4216 eam
1286 4161 1558 4216 obtulisse.
1607 4161 1875 4226 Quamob-

357 4261 465 4302 rem
493 4267 511 4299 ι
540 4249 757 4304 Melodia
790 4261 870 4304 ret
895 4268 913 4300 ι
941 4251 1212 4305 Canticum
1241 4269 1261 4303 ι
1294 4252 1484 4319 reliqui
1513 4252 1564 4304 in
1592 4252 1778 4305 horum
1801 4252 1880 4305 in-
1908 4255 1956 4313 l)

356 4336 641 4402 scriptione
660 4347 950 4392 verterunt.
974 4339 1333 4407 Similiterque
1364 4340 1428 4393 de
1451 4339 1660 4394 caeteris
1685 4340 1879 4408 quibus

354 4423 536 4477 eadem
575 4423 843 4491 inscriptio
881 4424 1185 4492 praetigitur,
1226 4425 1426 4492 cogites
1455 4434 1687 4493 oportet.
1714 4425 1880 4490 Quot-

356 4521 485 4582 quot
510 4511 653 4564 hunc
682 4511 892 4564 titulum
944 4511 1159 4573 habent,
1194 4529 1213 4561 ι
1247 4511 1299 4564 in
1343 4511 1552 4580 hymnis
1589 4528 1638 4575 ι,
1666 4510 1875 4578 Aquila,

360 4618 380 4653 ι
420 4602 473 4656 in
501 4598 744 4669 psalmis;
773 4617 792 4650 ι
831 4597 1174 4665 Symmachus
1195 4611 1322 4651 vero
1349 4614 1368 4648 ι
1396 4611 1490 4664 per
1516 4597 1822 4666 psalterium
1852 4617 1872 4648 ι

354 4690 626 4759 inscripsit
653 4702 671 4755 ;
698 4689 768 4740 ita
815 4695 875 4741 ut
919 4687 1205 4740 secundum
1262 4699 1447 4739 eorum
1483 4688 1878 4756 interpretatio.

352 4796 496 4844 nem,
523 4777 575 4832 hi
609 4775 706 4830 soli
748 4789 842 4844 per
872 4772 1130 4826 musicum
1168 4772 1576 4824 instrumentum
1609 4786 1730 4827 cum
1754 4790 1879 4828 mo-

352 4869 617 4926 dulatione
632 4864 762 4919 dicti
791 4861 1004 4917 fuerint.
1040 4860 1106 4913 Et
1144 4859 1355 4926 quidem
1376 4872 1407 4912 e
1437 4873 1495 4913 re
1535 4860 1698 4915 fuisse
1732 4863 1879 4917 vide-

354 4967 459 5021 tur,
488 4963 549 5009 ut
572 4960 797 5022 quartus
824 4947 1082 5019 psalmus,
1117 4962 1135 4995 ι
1176 4945 1230 4997 in
1271 4945 1482 5012 hymnis
1510 4964 1529 4996 ι
1565 4947 1876 5015 inscriptus,

352 5030 871 5112 perinstrumentum'
894 5034 1131 5105 pulsatus
1152 5032 1241 5086 sit.
1270 5031 1707 5099 Quandoquidem
1734 5038 1875 5091 enim

439 5148 482 5181 ⁸⁸
509 5145 650 5203 Psal.
681 5161 760 5214 Ill,
789 5146 843 5202 1.

428 5267 538 5333 (26)
575 5271 655 5321 Δι’
692 5268 952 5335 ἁπάσης.
984 5267 1082 5320 llic
1107 5263 1297 5335 desinit
1321 5262 1510 5335 hiatus
1555 5264 1757 5321 codicis
1784 5268 1887 5324 Va.

360 5337 542 5402 ttcaui,
570 5352 673 5402 quo
699 5353 823 5390 usus
856 5333 936 5390 est
959 5333 1419 5402 Motttel‘nlconius.

427 5400 535 5472 (Ἠ)
559 5400 957 5472 Montefalcon.,
990 5401 1424 5472 ὲσημειωσάμην.

429 5465 536 5532 (est
589 5469 819 5535 πάντας
854 5472 991 5534 τοὺς
1024 5465 1154 5532 πάρ’
1186 5465 1328 5534 ἡμῖῦ
1361 5465 1638 5534 ψαλμοὺς
1687 5470 1884 5540 ἐπιγε-

1995 1770 2253 1840 πέμπτην
2297 1769 2513 1822 ἔκδοσιν
2537 1787 2551 1800 ·
2599 1789 2619 1821 ι
2669 1770 3295 1841 ’Δνεκεφαλαιώθησαν
3336 1773 3599 1842 προσευχαὶ

1994 1859 2175 1911 Δαυῖδ.
2211 1878 2231 1911 ι
2277 1861 2366 1912 Ἐν
2392 1860 2571 1929 τούτῳ
2601 1861 3224 1931 ἀνεκεφαλαιώθησαν,
3260 1862 3322 1914 ἐν
3347 1861 3423 1930 τῷ
3453 1863 3600 1916 πάντα

1992 1948 2062 2000 τὰ
2091 1947 2216 2018 ἔθνη
2249 1948 2616 2018 εὐλογηθῆναι
2657 1949 2749 2001 διὰ
2785 1950 2899 2019 τῆς
2944 1950 3051 2003 τοῦ
3084 1953 3156 2004 ὲκ
3192 1952 3496 2021 σπέρματος
3522 1953 3599 2004 αὺ-

1993 2038 2084 2090 τοῦ
2109 2040 2479 2109 γεγενημένης
2511 2040 2851 2108 ἐπιφανείας
2879 2040 2988 2093 τοῦ
3024 2041 3143 2095 τῶν
3179 2042 3356 2095 έθνῶν
3381 2043 3599 2096 ἁπάντων

1994 2128 2263 2197 Σωτῆρος.
2312 2130 2399 2180 Ἐν
2427 2123 2511 2192 οἷς
2532 2129 2605 2181 τὰ
2623 2130 3011 2201 διαψάλματα
3038 2133 3304 2202 φέρεται,
3337 2134 3395 2185 ὲν
3425 2132 3600 2194 τούτοις

1992 2217 2022 2267 ὀ
2055 2216 2283 2279 Ἀκύλας
2306 2218 2428 2270 ἀντὶ
2454 2218 2553 2270 τοῦ
2570 2218 2982 2289 διαψάλματος
3002 2221 3321 2292 πεποίηκεν
3351 2217 3596 2293 ιᾋσμαοι

1993 2304 2026 2372 ἡ
2046 2304 2102 2356 δὲ
2126 2304 2349 2374 πέμπτη
2374 2305 2588 2368 ἕκδοσις
2624 2325 2645 2357 ι
2671 2306 2768 2359 διὰ
2800 2309 3034 2372 παντός
3050 2326 3067 2339 ’
3112 2329 3133 2362 ι
3163 2310 3387 2363 κατὰδὲ
3412 2310 3476 2363 τὰ
3493 2311 3599 2379 παρ’

1990 2394 2121 2461 ἡμῖν
2147 2393 2455 2462 ἀντίγραφα
2484 2395 2583 2446 καὶ
2608 2395 2762 2448 κατὰ
2810 2396 3169 2467 Σύμμαχον,
3196 2399 3344 2451 ἔοικε
3374 2398 3598 2471 μουσικοῦ

1992 2498 2133 2545 τινος
2163 2481 2356 2553 μέλους
2389 2484 2422 2553 ἢ
2465 2485 2681 2556 ῥυθμοῦ
2717 2488 2961 2558 τροπῆς
2990 2492 3315 2561 γενομένης
3342 2494 3375 2561 ὴ
3400 2491 3488 2544 τοῦ
3509 2491 3600 2543 δια-

1989 2571 2267 2641 ψάλματος
2299 2574 2671 2644 παρακεῖσθαι
2719 2580 3250 2650 παρασημείωσις.
3285 2580 3535 2643 Πολλάκις
3554 2579 3600 2634 δὶ

1991 2662 2084 2713 καὶ
2111 2662 2345 2724 διανοίας
2396 2663 2676 2736 ὲναλλαγὴ
2715 2668 2953 2735 γίνεται
2982 2673 3048 2723 ὲν
3076 2674 3201 2734 τοῖς
3237 2672 3596 2742 διαψάλμασιν,

1990 2750 2090 2818 ἤδη
2118 2749 2175 2802 δέ
2203 2765 2335 2802 ποτε
2378 2752 2476 2805 καὶ
2517 2753 2825 2822 προσώπου
2875 2759 3204 2829 μεταϐολή.
3252 2759 3467 2830 Οίηθείη
3514 2757 3597 2828 μὲν

1991 2837 2054 2890 ἀν
2080 2853 2166 2899 τις
2201 2837 2410 2901 πάντας
2451 2842 2580 2903 τοὺς
2622 2842 3199 2915 ἐπιγεγραμμένους
3244 2847 3485 2917 ψαλμοὺς
3525 2847 3597 2901 διὰ

1990 2927 2263 2997 κρούσεως
2283 2929 2518 3000 ὀργάνου
2562 2934 2845 3000 μουσικοῦ
2892 2937 3002 2989 τοῦ
3041 2937 3394 3008 καλουμένου
3423 2937 3599 3008 ψαλτη-

1991 3015 2104 3084 ρίου
2147 3018 2524 3071 ἀποδίδοσθαι⁶
2580 3021 2703 3073 ἀλλ’
2761 3024 2905 3077 ἐπεὶ
2958 3027 3120 3080 κατὰ
3155 3028 3255 3081 τὸν
3289 3029 3507 3083 ’Δκύλαν
3542 3029 3599 3080 δι’

1983 3102 2199 3172 ἀπάσης
2233 3104 2342 3175 (26)
2375 3106 2473 3175 τῆς
2499 3106 2711 3175 βίϐλου,
2736 3110 2801 3161 ὲν
2826 3111 2998 3176 ὅσοις
3031 3115 3454 3185 ἐπιγέγραπται
3481 3113 3599 3166 κατὰ

1983 3194 2114 3255 τοὺς
2147 3194 2549 3265 Ἑϐδομήκοντα
2606 3217 2625 3248 ι
2662 3199 2923 3270 ψαλμὸς,
2963 3223 2985 3255 ι
3027 3208 3094 3259 ὲν
3154 3207 3373 3271 τούτοις
3399 3226 3419 3259 ι
3456 3206 3601 3277 μελιξι-

1983 3279 2127 3367 δημα
2160 3300 2179 3332 ι
2207 3284 2504 3338 ἐκδίδοται·
2547 3288 2697 3341 κατὰ
2729 3290 2793 3343 δὲ
2824 3291 2928 3346 τὸν
2966 3296 3292 3366 Σύμμαχον
3334 3317 3353 3349 ι
3376 3296 3497 3367 ᾠδὴ.
3523 3315 3540 3347 ι
3568 3296 3597 3364 ἢ

1989 3387 2009 3457 ι
2046 3366 2217 3440 ᾆσμα·
2253 3390 2272 3424 ι
2306 3372 2496 3425 τούτου
2535 3376 2701 3447 χάριν
2735 3379 3095 3449 ἀναγκαίως
3123 3366 3601 3457 ἐπεσημειωσάμην

1987 3456 2096 3527 (27)
2124 3459 2200 3521 ὡς
2227 3458 2294 3511 ἂν
2318 3461 2391 3530 μή
2419 3477 2506 3523 τις
2535 3464 2742 3536 νομίσῃ
2771 3467 2874 3521 διὰ
2917 3472 3028 3524 τοῦ
3071 3456 3351 3542 μουσικοῦ
3395 3473 3599 3543 ὀργάνου

1985 3545 2190 3609 πάντας
2229 3548 2357 3610 τοὺς
2409 3552 2540 3620 παρ’
2564 3553 2703 3621 ἡμῖν
2761 3555 3047 3627 ψαλμοὺς
3102 3563 3602 3634 ἐπιγεγραμμένας

1984 3634 2230 3704 είρῆσθαι
2256 3635 2390 3704 (28).
2423 3638 2560 3691 Οὐδὲ
2592 3640 2707 3711 γὰρ
2741 3643 2814 3695 ἂν
2849 3645 2978 3715 ἔχοι
3001 3648 3204 3717 λόγον,
3245 3652 3341 3704 τὸν
3369 3664 3605 3719 πεντηκο-

1986 3728 2130 3785 στὸν,
2156 3724 2309 3793 φέρε,
2336 3727 2858 3800 ἐπιγεγραμμένον,
2884 3755 2905 3787 ι
2934 3739 3025 3801 είς
3053 3740 3302 3805 τὸτέλος
3319 3738 3604 3811 ψαλμδςτῷ

1982 3811 2162 3877 Δαυῒδ,
2204 3833 2222 3865 ι
2263 3814 2353 3867 διὰ
2376 3814 2683 3888 ψαλτηρίου
2728 3824 3008 3893 εἰρῆσθαι
3031 3846 3051 3860 ο
3114 3833 3371 3901 μουσικὰ
3402 3830 3522 3898 γοῦν
3554 3831 3604 3881 ιν

1985 3901 2169 3955 πένθει
2191 3903 2418 3974 ἄκαιρος
2451 3903 2731 3975 διήγησις.
2789 3911 2931 3976 Πῶς
2963 3916 3095 3988 γὰρ
3130 3914 3252 3971 οἶόν
3296 3936 3360 3971 τε
3404 3914 3501 3989 ἦν,
3528 3916 3605 3969 λεο

1982 3992 2176 4062 χθέντα
2203 3994 2297 4044 ἐπὶ
2327 3995 2485 4065 δεινῷ
2520 3996 2988 4071 πλημμελήματι
3040 4008 3132 4078 τῷ
3185 4009 3374 4071 Δαυῖδ,
3418 4010 3478 4061 οὗ
3517 4007 3603 4074 τῆς

1978 4079 2242 4149 τυχούσης
2263 4083 2696 4156 ἀγανακτήσεως
2725 4090 2832 4143 τοῦ
2859 4078 3008 4147 Θεοῦ
3044 4100 3185 4150 κατ’
3206 4098 3380 4152 αὐτοῦ
3401 4095 3604 4167 γενομέ-

1980 4182 2096 4236 νης,
2135 4168 2228 4221 καὶ
2258 4169 2489 4240 ἀπειλῆς
2522 4172 2615 4225 διὰ
2646 4175 2747 4227 τοῦ
2780 4182 3122 4251 προφήτου,
3161 4186 3245 4249 ὡς
3280 4189 3338 4240 ὲν
3365 4184 3604 4254 εὐθυμίας

1980 4254 2156 4344 καιρῷ
2185 4255 2482 4326 ψαλτήριον
2519 4260 2907 4333 ἀναλαϐόντα,
2942 4273 3185 4342 τρυφῆς
3218 4275 3320 4327 καὶ
3352 4271 3599 4344 εὐφροσῦ-

1981 4359 2078 4434 νης
2100 4343 2343 4413 σύμϐολα
2366 4347 2639 4402 ἐπιτελεῖν
2666 4367 2682 4414 ;
2715 4353 2788 4406 Τί
2814 4355 2876 4407 δὲ
2903 4357 3241 4432 ψαλτηρίου
3278 4343 3603 4434 περιέχουσιν

1981 4432 2177 4518 οίκεῖον
2193 4435 2241 4485 οἱ
2262 4434 2410 4502 λόγοι
2431 4452 2446 4499 ;
2474 4438 2613 4508 Οὐχὶ
2638 4440 2699 4493 δὲ
2720 4442 3057 4518 ὀλοφυρμοῦ
3079 4454 3187 4505 καὶ
3202 4432 3600 4512 ἀποκλαύσεωςι

1981 4517 2074 4612 οὓς
2105 4520 2253 4612 είκδς
2280 4523 2418 4593 μετά
2449 4541 2599 4588 τινος
2650 4517 2956 4588 πενθικοῦ
2983 4537 3225 4606 μέλους,
3261 4542 3326 4594 οὐ
3356 4541 3462 4612 μὴν
3487 4539 3605 4609 μετὰ

1981 4606 2076 4659 τοῦ
2095 4608 2330 4680 ὀργάνου
2380 4614 2636 4684 εἰρῆσθαι
2669 4634 2685 4682 ;
2720 4621 2948 4679 Ταυτὸν
2992 4627 3040 4679 δ’
3072 4628 3148 4681 ἂν
3188 4606 3379 4692 εἴποις
3523 4627 3604 4680 ἐπὶ

2124 4701 2332 4790 τρίτου,
2361 4703 2441 4773 ¹ὃς
2487 4707 2918 4781 ἐπιγέγραπται
2968 4735 2988 4768 ι
3026 4718 3277 4789 Ψαλμὸς
3320 4720 3403 4790 τῷ
3440 4717 3605 4779 Δαυῖἦ.

1975 4786 2135 4880 ὁπότε
2160 4789 2558 4880 ἀπεδίδρασκεν
2596 4798 2713 4851 ἀπὸ
2746 4804 3063 4874 προσώπου
3099 4786 3478 4880 ’Δδεσσαλὼμ
3518 4806 3603 4860 τοῦ

1979 4875 2096 4927 υἱοῦ
2121 4878 2309 4932 αὑτοῦ.
2356 4900 2376 4932 ι
2412 4883 2772 4956 Ἐπιστὴσεις
2799 4893 2919 4964 γὰρ
2954 4898 3008 4949 εί.
3048 4899 3102 4969 ὲν
3134 4897 3382 4971 τοιαύτῃ
3425 4875 3608 4965 τυγχά-

1981 5052 2154 5120 λείας,
2184 5020 2561 5129 ἧλὲιύῖὲὲοιι
2597 5020 2748 5137 πρὸς
2787 5020 3105 5137 τέῖἶῖοῖ
3125 5020 3432 5145 μοῗέικξὲξ
3462 5020 3606 5141 ἕξινά-

2105 5297 2268 5378 μμέν
2270 5319 2381 5370 ους
2412 5301 2589 5378 εῑρῆσ
2585 5305 2709 5359 θαι.
2748 5307 2883 5364 llaec
2907 5311 3320 5378 desiderantur
3354 5306 3410 5361 in
3450 5304 3629 5378 codice

2050 5372 2293 5444 alioalio,
2326 5377 2421 5428 sed
2457 5375 2911 5444 hicisuppleutur
2941 5374 3229 5437 est-hellis
3258 5374 3475 5432 (ἔτιυίὶο
3505 5372 3617 5428 Ποῖ

1996 5436 2208 5494 eaedem
2246 5445 2483 5511 sehedaz,
2511 5436 2786 5519 οὐδὲ’γὰρ
2817 5448 2884 5503 ἂν
2907 5449 3026 5522 ἔχῃ·
