3806 6258
203 341 279 422 4
297 331 401 384 077

1289 353 1590 408 seuseu
1628 354 1694 408 IN
1732 355 2058 414 PSALMOS~
2079 373 2144 386 —
2169 340 2358 398 PSAL-
2387 339 2422 392 '-

3344 352 3474 405 1078

228 451 362 528 ,σοῦ
395 449 703 522 δεδωκότος
760 462 940 528 αὑτάς
969 466 1126 534 Θεοῦ,
1181 471 1244 538 τῇ
1292 470 1394 522 ὑπὸ
1431 470 1530 538 τῆς
1581 469 1848 538 σφραγῖδος

1959 470 2045 535 qui
2079 483 2169 522 eas
2198 469 2418 533 largitus
2450 474 2549 528 est,
2588 463 2806 532 intelligi
2851 465 3041 530 debet,
3079 481 3198 537 qua:
3230 466 3474 522 videlicet

253 543 606 616 δηλουμένη.
640 548 788 618 Περὶ
825 554 928 621 μὲν
961 550 1054 607 οὖν
1077 555 1170 608 τοῦ
1203 556 1504 609 κεκλεῖσθαι
1535 557 1626 609 καὶ
1658 558 1854 624 ἐσφραο

269 632 469 709 γίσθαι
520 635 551 685 6
599 635 863 708 Ἰωάννης
916 641 1250 695 ἀναδιδάσκει
1299 644 1355 694 ἐν
1398 646 1462 711 τῇ
1503 641 1852 708 Ἀποκαλύψει

282 728 482 794 λέγων’
525 743 544 775 ι
581 726 693 779 Kal
719 728 800 797 τῷ
827 731 1045 799 ἀγγέλῳ
1073 731 1172 799 τῆς
1192 734 1248 783 ἐν
1274 731 1611 800 Φιλαδελφεία
1633 731 1853 799 Ἐκκλη-

292 818 419 880 σίας
447 815 676 886 γράψον*
713 819 854 870 Τάδε
881 820 1026 886 λέγει
1046 823 1074 871 6
1101 821 1268 886 ἅγιος,
1297 821 1324 870 6
1353 820 1625 890 ἀληθινὸς,
1664 822 1692 872 6
1719 819 1852 888 ἔχων

291 909 395 978 τὴν
426 905 612 960 κλεῖδα
637 907 731 959 τού
760 910 954 960 Δαυῖδ’
987 912 1015 962 6
1047 910 1292 976 ἀνοίγων,
1323 910 1418 961 καὶ
1441 910 1610 970 οὐδεὶς
1635 908 1849 971 κλείσει,

289 998 392 1047 καὶ
424 997 642 1057 κλείων,
671 997 765 1048 καὶ
799 997 972 1058 οὐδεὶς
1021 997 1248 1059 ἀνοίξει·
1304 995 1432 1049 Οἶδά
1472 1013 1561 1048 σου
1595 997 1660 1048 τά
1687 997 1847 1066 ἔργα·

289 1085 410 1137 ἰδοὺ
441 1085 656 1137 δέδωκα
681 1085 850 1153 θύραν
894 1085 1116 1138 ἐνώπιόν
1167 1102 1256 1137 σου
1290 1087 1646 1154 ἀνεῳγμένην,
1682 1086 1746 1153 ἢν
1772 1085 1853 1136 o6-

281 1173 407 1234 δεὶς
440 1174 561 1242 (57)
593 1173 810 1226 δύναται
837 1175 1041 1226 κλεῖσαι
1093 1175 1278 1243 αὑτήν.
1339 1193 1357 1224 ι
1391 1174 1498 1225 Kal
1531 1173 1644 1241 μετ’
1671 1172 1848 1238 ὀλίγα·

288 1279 310 1310 ι
335 1262 456 1313 Kal
476 1257 621 1313 εἶδον
648 1263 739 1314 ἐπὶ
759 1261 855 1330 τὴν
871 1261 1044 1326 δεξιὰν
1071 1261 1163 1313 τοῦ
1186 1262 1483 1332 καθημένου
1505 1261 1595 1312 ἐπὶ
1611 1261 1700 1312 τὸν
1733 1259 1853 1328 θρό-

278 1367 378 1402 νον
434 1351 646 1419 βιϐλίον
693 1351 1066 1420 γεγραμμένον
1093 1350 1288 1403 ἔσωθεν
1332 1350 1423 1403 καὶ
1452 1349 1667 1401 δπισθεν
1717 1349 1850 1418 (58),

278 1439 843 1510 κατεσφραγισμένον
869 1443 1150 1510 σφραγῖσιν
1175 1439 1329 1492 ἑπτά.
1352 1439 1458 1492 Καὶ
1477 1435 1611 1492 εἶδον
1629 1438 1851 1506 ἄγγελον

278 1530 528 1599 ἰσχυρὸν
588 1530 697 1599 (39)
731 1529 1066 1598 κηρύσσοντα
1111 1532 1256 1598 φωνῇ
1284 1528 1517 1600 μεγάλῃ·
1577 1528 1672 1590 Τίς
1707 1527 1850 1589 ἄξιος

274 1617 510 1682 ἀνοῖξαι
541 1618 603 1669 τὸ
637 1617 854 1686 βιϐλίον,
885 1618 978 1669 καὶ
1001 1616 1154 1669 λῦσαι
1186 1618 1475 1687 σφραγῖδας
1505 1616 1663 1669 αὑτοῦ
1690 1632 1704 1679 ;
1750 1614 1849 1668 Kal

271 1705 474 1766 οὐδεὶς
507 1705 740 1773 ἠδύνατο
766 1707 822 1758 ἐν
849 1705 926 1774 τῷ
953 1705 1179 1775 οὐρανῷ,
1207 1703 1326 1757 οὔτε
1349 1705 1437 1756 ἐπὶ
1467 1705 1564 1773 τῆς
1585 1705 1702 1774 γῆς,
1730 1703 1849 1756 οὔτε

273 1789 565 1843 ὑποκάτω
611 1792 708 1860 τῆς
752 1791 854 1860 γῆς
882 1792 1084 1856 ἀνοῖξαι
1100 1793 1160 1842 τὸ
1189 1791 1404 1860 βιϐλίον,
1467 1791 1587 1843 οὔτε
1640 1792 1849 1860 βλέπειν

271 1877 442 1928 αὐτό.
475 1879 594 1930 Kal
620 1878 850 1942 ἔκλαιον,
871 1879 950 1930 ὃτι
983 1879 1152 1940 οὐδεὶς
1181 1878 1324 1941 ἄξιος
1351 1879 1540 1948 εὑρέθη
1569 1879 1768 1942 ἀνοῖξαι
1792 1879 1851 1930 τὸ

274 1961 526 2030 βιϐλίον,
562 1963 684 2016 οὗτε
718 1963 928 2032 βλέπειν
956 1964 1103 2016 αὐτό.
1136 1965 1243 2016 Καὶ
1267 1959 1345 2026 εἷς
1392 1967 1454 2016 ἐκ
1482 1965 1586 2017 τῶν
1617 1966 1850 2036 πρεσϐυ-

270 2052 470 2119 τέρων
501 2053 650 2119 λέγει
683 2069 790 2121 μοι·
816 2054 905 2120 Μὴ
933 2052 1101 2117 κλαῖε,
1134 2053 1238 2104 ἰδοὺ
1267 2053 1507 2122 ἐνίκησεν
1531 2056 1559 2104 6
1583 2054 1713 2106 λέων
1742 2055 1770 2104 6
1789 2056 1851 2106 ἐκ

269 2141 387 2208 τῆς
430 2141 612 2208 φυλῆς
649 2140 834 2203 Ἰούδα,
865 2142 897 2209 ἡ
929 2140 1050 2209 ῥίζα
1079 2141 1257 2203 Δαυῖδ,
1310 2141 1509 2206 ἀνοῖξαι
1545 2143 1603 2193 τὸ
1634 2142 1848 2209 βιϐλίον,

271 2227 377 2277 καὶ
448 2225 554 2286 τάς
605 2225 744 2277 ἐπτά
799 2228 1091 2295 σφραγῖδας
1143 2225 1322 2280 αὑτοῦ.
1390 2246 1408 2278 ι
1466 2229 1598 2296 Περὶ
1646 2229 1700 2279 δὲ
1758 2228 1850 2280 τοῦ

271 2314 666 2383 ἐσφραγίσθαι
722 2315 878 2383 μόνον
932 2319 960 2367 6
1021 2317 1240 2377 Ἡσαΐας
1273 2316 1437 2377 οὕτως
1461 2333 1473 2344 ·
1517 2334 1534 2366 ι
1568 2318 1674 2368 Kal
1705 2317 1849 2368 ἐσται

271 2403 422 2471 ὑμῖν
452 2403 528 2453 τά
561 2403 780 2470 ῥήματα
808 2402 972 2455 ταῦτα
999 2403 1266 2466 πάνταώς
1298 2405 1343 2456 ol
1362 2404 1504 2470 λόγοι
1531 2404 1621 2456 τοῦ
1653 2404 1848 2472 βιϐλίου

271 2492 490 2543 τούτου
525 2491 620 2542 τοῦ
657 2492 1106 2560 ἐσφραγισμένου,
1137 2491 1163 2542 ὂ
1192 2491 1283 2542 ἐὰν
1312 2491 1468 2543 δῶσιν
1496 2492 1622 2542 αὐτὸ
1646 2491 1849 2561 ἀνθρώ-

273 2597 375 2647 πῳ
434 2575 785 2646 ἐπισταμένῳ
833 2579 1146 2646 γράμματα,
1200 2576 1440 2642 λέγοντες
1481 2594 1494 2608 ο
1565 2578 1850 2644 Ἀνάγνωθι

269 2668 492 2728 ταῦτα,
517 2666 612 2717 καὶ
631 2668 771 2735 ἐρεῖ·
799 2667 874 2717 U6
906 2666 1132 2735 δύναμαι
1152 2665 1474 2732 ἀναγνῶναι*
1501 2668 1849 2735 ἐσφράγισται

269 2757 426 2824 γάρ.
465 2757 579 2808 Kal
610 2754 910 2822 -δοθήσεται
942 2754 1001 2804 τὺ
1035 2754 1229 2822 βιϐλίον
1255 2755 1406 2806 τοῦτο
1435 2757 1511 2817 είς
1547 2757 1729 2824 χεῖρας
1760 2756 1850 2807 ἀν-

267 2843 302 2894 θ
332 2843 524 2910 ρώπου
553 2843 628 2911 μὴ
662 2842 1023 2910 ἐπισταμένου
1069 2840 1361 2910 γράμματα
1383 2858 1396 2872 ο
1447 2843 1539 2893 καὶ
1579 2843 1692 2910 ἐρεῖ
1719 2840 1847 2910 (ιο),

265 2933 418 2988 ωὒκ
469 2931 770 3000 ἐπίσταμαι
795 2930 1106 2999 γράμματα.
1149 2949 1166 2980 ι
1197 2928 1378 2981 Ταῦτα
1437 2929 1538 3000 γὰρ
1585 2931 1643 2981 o6
1689 2932 1845 2999 μόνον

264 3019 434 3087 ⁶ιταερ).
482 3019 584 3086 τῆς
628 3016 1037 3083 Ἀποκαλύψεως
1075 3016 1333 3078 Ἰωάννου,
1377 3017 1468 3067 καὶ
1509 3015 1600 3067 τοῦ
1631 3017 1845 3069 Ἡσαΐου

261 3107 586 3177 νημιστέον
617 3107 886 3174 λέγεσθαι,
911 3105 1041 3158 ἀλλά
1067 3107 1157 3157 καὶ
1185 3106 1307 3175 περὶ
1339 3106 1515 3174 πάσης
1544 3106 1688 3168 θείας
1713 3107 1849 3176 Γρα-

260 3198 413 3269 (Pii;
464 3195 908 3266 ὁμολογουμένως
961 3195 1052 3246 καὶ
1104 3193 1250 3264 παρὰ
1300 3196 1408 3256 τοῖς
1468 3193 1577 3263 (41)
1626 3194 1852 3263 μετρίως

263 3292 293 3340 ἐ
334 3289 514 3339 παῖειν
536 3286 713 3352 λόγων
743 3284 900 3336 θείων
928 3282 1256 3351 δυναμένοις,
1286 3282 1709 3353 πεπληρωμένης
1741 3282 1850 3350 (42)

269 3376 664 3445 αἰνιγμάτων,
701 3375 794 3426 καὶ
816 3371 1150 3442 παραϐολῶν,
1173 3372 1451 3424 σκοτεινῶν
1465 3389 1522 3425 τε
1547 3371 1732 3438 λόγων,
1761 3372 1852 3424 καὶ

272 3469 473 3522 ἄλλων
506 3464 766 3517 ποικίλων
801 3462 951 3514 είδῶν
978 3461 1255 3528 ἀσαφείας,
1307 3462 1614 3530 δυσλήπτων
1643 3463 1706 3528 τῇ
1756 3461 1849 3512 ἀν-

276 3555 555 3626 θρωπίνῃ
589 3551 767 3618 φύσει·
788 3551 920 3618 ὅπερ
940 3547 1138 3612 διδάξαι
1168 3549 1477 3620 βουλόμενος
1499 3549 1589 3601 καὶ
1612 3550 1640 3600 6
1666 3550 1850 3618 Σωτήρ

273 3658 487 3712 φησιν,
523 3640 602 3701 ὡς
623 3639 721 3707 τῆς
756 3637 956 3698 κλειδὸς
974 3635 1133 3705 οὖσης
1165 3637 1308 3706 παρά
1325 3639 1432 3698 τοῖς
1455 3636 1849 3704 γραμματεῦσι,

272 3733 386 3784 καὶ
421 3725 742 3796 Φαρισαίοις
781 3725 878 3776 οὐκ
905 3723 1312 3792 ἀγωνιζομένοις
1369 3724 1466 3792 τὴν
1517 3723 1627 3775 ὁδὸν
1678 3724 1852 3792 εὑρεῖν

271 3819 388 3873 τοῦ
421 3816 657 3877 ἀνοῖξαι,
690 3814 751 3865 τό
774 3829 787 3842 ο
823 3829 841 3862 ι
875 3813 1008 3864 Οὐαὶ
1030 3813 1154 3881 ὑμῖν
1175 3813 1285 3872 τοῖς
1315 3814 1550 3879 νομικοῖς
1572 3826 1585 3839 ⁸
1615 3811 1694 3862 ὅτι
1721 3812 1853 3880 ἦρα-

271 3927 346 3962 τε
383 3907 487 3976 τὴν
522 3903 708 3957 κλεῖδα
742 3901 839 3970 τῆς
869 3899 1132 3966 γνώσεως,
1159 3899 1309 3952 αὐτοὶ
1330 3899 1426 3950 οὐκ
1457 3898 1742 3968 είσήλθετε,
1761 3900 1852 3952 καὶ

272 3999 421 4058 τοὺς
456 3990 873 4062 εἰσερχομένους
894 3991 990 4042 οὐκ
1022 3990 1204 4056 ἀφίετε
1233 3988 1500 4041 εἰσελθεῖν.
1544 4007 1562 4039 ι

360 4072 421 4135 εἶ
456 4081 651 4134 Ταῦτα
682 4081 739 4132 δὲ
784 4083 914 4150 ἡμῖν
941 4082 998 4130 ἐν
1044 4077 1309 4146 προοιμίῳ
1340 4077 1613 4140 λέλεκται,
1646 4080 1726 4140 εἰς
1757 4078 1852 4146 μέ-

274 4186 485 4238 γιστον
541 4167 753 4234 ἀγῶνα,
788 4166 878 4218 καὶ
904 4164 1336 4233 ὁμολογουμένως
1385 4165 1520 4232 ὑπὲρ
1567 4166 1728 4233 ἡμᾶς,
1761 4164 1851 4216 καὶ

277 4261 394 4328 τὴν
420 4257 542 4320 ἕξιν
577 4254 758 4325 ἡμῶν,
785 4252 1237 4322 ἀναγκαζομένοις
1268 4251 1370 4302 ὑπὸ
1395 4251 1495 4319 τῆς
1540 4252 1732 4320 πολλῆς
1760 4269 1853 4305 σου

1956 571 2049 623 per
2101 555 2330 623 sigillum
2372 555 2733 606 adumbratur.
2805 552 3010 606 Etenim
3063 555 3267 609 clausas
3317 565 3472 624 atque

1955 643 2256 710 obsignatas
2309 655 2424 694 esse
2451 639 2756 708 Scripturas
2802 637 3030 695 Joannes
3061 643 3112 694 in
3164 643 3472 713 Apocalypsi

1955 731 2184 783 declarat
2229 728 2310 782 his
2343 730 2515 782 verbis
2536 729 2581 760 ⁸³
2617 745 2632 782 :
2673 745 2692 777 ι
2729 727 2795 780 Ει
2843 730 3027 798 angelo
3064 731 3328 796 Ecclesiae,
3357 747 3474 801 qua:

1957 817 2325 884 Philadelphia:
2354 825 2456 879 est,
2480 817 2653 870 scribe
2676 829 2693 868 :
2728 815 2850 870 Haec
2876 817 3002 870 dicit
3025 817 3270 882 Sanctus,
3295 834 3472 887 verus,

1955 908 2044 975 qui
2071 907 2230 960 habet
2253 907 2456 958 clavem
2493 906 2693 968 David;
2725 905 2812 972 qui
2853 906 3045 973 aperit,
3069 915 3122 958 et
3154 920 3308 959 nemo
3329 905 3477 959 clau-

1956 996 2079 1058 det;
2113 1003 2167 1047 et
2191 993 2405 1059 claudit,
2436 1002 2487 1047 et
2517 1007 2672 1048 nemo
2707 994 2907 1062 aperiet
2935 1011 2946 1046 :
2975 993 3104 1048 Novi
3135 1008 3296 1062 opera
3336 1003 3422 1046 tua
3453 1008 3472 1048 :

1955 1084 2102 1151 posui
2126 1083 2266 1136 fores
2293 1097 2471 1136 coram
2513 1090 2561 1135 te
2588 1092 2798 1149 apertas
2817 1123 2832 1145 ,
2885 1097 3017 1150 quas
3050 1097 3202 1136 nemo
3229 1082 3476 1136 claudere

1954 1181 2144 1239 potest.
2169 1189 2186 1221 ι
2207 1170 2402 1224 Deinde
2427 1169 2582 1235 paulo
2605 1180 2722 1238 post
2743 1172 2788 1202 ”
2815 1187 2830 1223 :
2865 1190 2882 1221 ι
2911 1170 3095 1223 Etvidi
3119 1171 3181 1223 ad
3204 1171 3472 1223 dexteram

1953 1259 2187 1314 sedentis
2213 1260 2268 1313 in
2297 1260 2488 1312 throno
2523 1259 2710 1312 librum
2742 1260 2994 1326 scriptum
3023 1259 3164 1311 intus
3184 1267 3284 1311 eta
3305 1266 3492 1324 tergo,

1953 1348 2284 1418 obsignatum
2334 1347 2621 1415 signaculis
2671 1356 2898 1415 septem.
2955 1346 3025 1399 Et
3081 1345 3190 1399 vidi
3230 1346 3472 1415 angelum

1952 1436 2363 1504 proclamantem
2387 1450 2516 1490 voce
2538 1449 2725 1504 magna
2755 1451 2769 1486 :
2795 1434 2923 1498 Quis
2945 1443 3028 1487 est
3053 1435 3239 1500 dignus
3272 1434 3476 1501 aperire

1952 1523 2170 1587 librum,
2199 1533 2254 1576 et
2282 1523 2492 1578 solvere
2515 1523 2782 1592 signacula
2808 1521 2964 1588 ejus?
2989 1521 3054 1575 Et
3080 1535 3235 1575 nemo
3269 1531 3478 1589 poterat

1952 1615 2004 1668 in
2028 1616 2182 1679 cmlo,
2204 1629 2374 1682 neque
2401 1615 2451 1668 in
2478 1624 2639 1680 terra,
2658 1627 2825 1681 neque
2844 1615 3024 1668 subter
3048 1624 3242 1667 terram
3271 1613 3483 1680 aperire-

1952 1704 2166 1770 librum,
2202 1719 2372 1772 neque
2402 1704 2643 1772 aspicere
2672 1703 2838 1755 illum.
2869 1702 2934 1755 Et
2974 1701 3158 1756 ﬂebam
3179 1740 3194 1766 ,
3225 1701 3474 1770 quoniam

1950 1807 2104 1845 nemo
2145 1792 2335 1860 dignus
2370 1793 2615 1845 inventus
2671 1799 2754 1844 est
2805 1789 3009 1858 aperire
3045 1790 3260 1851 librum,
3305 1801 3476 1855 neque

1948 1880 2185 1946 aspicere
2211 1878 2379 1931 illum.
2425 1878 2487 1931 Et
2521 1893 2656 1930 unus
2697 1878 2761 1930 de
2803 1877 3104 1931 senioribus
3130 1877 3264 1929 dixit
3291 1877 3419 1928 mihi
3458 1893 3474 1926 :

1947 1962 2061 2016 Noli
2115 1963 2278 2017 ﬂere:
2318 1977 2441 2017 ecce
2487 1963 2616 2017 vicit
2664 1963 2744 2016 leo
2795 1966 2860 2015 de
2904 1964 3041 2016 tribu
3096 1961 3264 2025 Juda,
3324 1963 3474 2016 radix

1950 2051 2132 2114 David,
2167 2052 2372 2119 aperire
2413 2051 2623 2111 librum,
2653 2060 2705 2103 et
2737 2060 2934 2118 septem
2977 2052 3245 2118 signacula
3297 2052 3470 2118 ejus.)

1949 2137 2023 2190 De
2084 2137 2196 2190 sola
2241 2152 2365 2189 vero
2397 2137 2769 2204 obsignatione
2823 2138 2892 2189 ita
2931 2137 3158 2205 loquitur
3192 2138 3354 2191 lsaias
3379 2138 3423 2170 "
3452 2153 3468 2189 :

1953 2225 2055 2277 «Ει
2086 2234 2241 2279 erunt
2268 2226 2412 2279 vobis
2438 2227 2604 2278 verba
2635 2226 2750 2279 haec
2793 2226 2969 2278 omnia
2992 2265 3006 2288 ,
3037 2227 3174 2280 sicut
3199 2239 3472 2280 sermones

1950 2317 2063 2368 libri
2122 2315 2274 2382 hujus
2334 2315 2619 2380 obsignati,
2675 2331 2829 2382 quem
2876 2317 2919 2368 si
2964 2317 3215 2370 ‘dederint
3272 2317 3472 2369 homini

1947 2405 2132 2457 sticnti
2158 2404 2384 2466 litteras,
2418 2402 2576 2472 526
2600 2405 2830 2459 dicentes
2854 2422 2866 2456 :
2893 2405 3032 2470 Lege
3052 2405 3170 2467 ista,
3187 2415 3238 2456 et
3259 2417 3474 2470 respon-

1948 2491 2134 2544 dcbit:
2173 2491 2284 2544 Non
2319 2506 2530 2559 possum
2579 2492 2792 2560 legere;
2844 2501 2926 2547 est
2964 2495 3104 2546 enim
3144 2493 3470 2560 obsignatus.

1946 2580 2013 2633 Et
2053 2580 2263 2635 dabitur
2301 2583 2435 2635 liber
2469 2584 2557 2635 hic
2595 2583 2646 2634 in
2680 2597 2865 2636 manus
2919 2584 3144 2637 hominis
3188 2584 3472 2637 nescientis

1947 2670 2180 2732 litteras;
2223 2678 2277 2721 et
2307 2670 2444 2724 dicet
2473 2688 2486 2723 :
2523 2669 2710 2724 Nescio
2736 2671 2964 2724 litteras.
2992 2689 3011 2722 ι
3048 2669 3168 2724 ΠεΒο
3197 2671 3337 2723 enim
3369 2686 3470 2723 non

1947 2758 2010 2809 ad
2052 2759 2419 2828 Apocalypsim
2447 2759 2617 2813 solum
2644 2756 2895 2822 Joannis,
2927 2769 3019 2812 aut
3047 2758 3195 2812 Isaiae
3219 2758 3468 2812 vaticinia

1945 2848 2209 2913 pertinere
2234 2850 2518 2916 putandum
2561 2859 2672 2914 est;
2702 2850 2794 2903 sed
2820 2851 2885 2903 de
2919 2850 3167 2902 universa
3197 2847 3470 2917 Scriptura

1947 2945 2097 2986 sacra
2147 2935 2356 3001 penitus
2390 2936 2699 3004 accipienda
2745 2945 2904 3001 sunt,
2960 2951 3116 3004 quam
3157 2951 3286 2990 sane
3332 2939 3469 3004 apud

1948 3020 2066 3074 illos
2089 3023 2140 3075 in
2167 3023 2411 3078 confesso
2439 3035 2543 3090 est,
2573 3026 2660 3092 qui
2685 3027 2982 3080 divinarum
3006 3025 3299 3079 litterarum
3333 3027 3472 3078 noti-

1954 3111 2077 3162 tiam
2108 3111 2442 3166 mediocriter
2463 3115 2692 3168 assecuti
2722 3125 2862 3178 sunt,
2893 3115 3233 3184 aenigmatum
3265 3113 3470 3167 involu-

1949 3199 2074 3261 cris,
2120 3207 2180 3252 ac
2237 3201 2518 3265 parabolis,
2564 3203 2968 3269 tenebrosisque
3013 3204 3376 3262 sermonibus,
3411 3216 3472 3256 ac

1949 3285 2172 3340 diversis
2203 3285 2322 3338 aliis
2349 3288 2694 3342 obscuritatis
2715 3291 3001 3356 generibus
3023 3330 3039 3355 ,
3081 3305 3202 3358 quae
3241 3291 3472 3344 hominis

1949 3376 2159 3442 ingenio
2198 3376 2410 3429 diliicile
2460 3377 2998 3444 comprehenduntur.
3039 3380 3294 3447 repletam
3329 3393 3468 3432 esse.

1950 3461 2098 3525 Quod
2132 3470 2184 3514 et
2214 3460 2460 3515 Salvator
2504 3464 2784 3516 ostendere
2821 3464 3038 3528 volens,
3082 3465 3280 3518 clavem
3333 3467 3470 3533 apud

1951 3549 2167 3603 Scrihas
2217 3557 2271 3602 et
2321 3549 2615 3604 Pharisaaos
2663 3565 2781 3604 esse
2809 3551 2963 3614 dixit,
3010 3554 3101 3620 qui
3130 3562 3188 3604 ut
3219 3553 3358 3604 viam
3400 3553 3468 3605 ad

1950 3632 2292 3704 aperiendum
2317 3635 2637 3698 invenirent,
2662 3636 2877 3689 minime
2899 3640 3276 3691 contenderent
3300 3655 3314 3692 :
3347 3639 3468 3692 «Va:

1949 3726 2130 3788 vobis,
2169 3723 2342 3793 inquit
2377 3725 2444 3790 '°,
2480 3725 2828 3794 legisperitis;
2866 3728 3116 3792 quoniam
3150 3726 3338 3780 tulistis
3363 3726 3470 3780 cla-

1949 3827 2065 3867 vem
2089 3816 2344 3879 scientiae,
2371 3828 2540 3881 neque
2574 3814 2673 3882 ipsi
2714 3814 2968 3876 intrastis,
2995 3823 3049 3867 et
3077 3815 3338 3869 intrantes
3363 3829 3468 3869 non

1948 3903 2256 3971 permittitis
2281 3903 2503 3972 ingredi.
2529 3920 2550 3954 ι

2015 4077 2067 4129 ‘2.
2111 4076 2288 4130 llaeca
2318 4079 2474 4132 nobis
2509 4077 2652 4133 velut
2695 4076 2947 4148 praefandi
2991 4079 3158 4149 gratia
3204 4080 3471 4146 proposita

1950 4171 2098 4226 sunt,
2127 4164 2212 4232 qui
2263 4163 2315 4216 in
2361 4165 2647 4218 maximum
2702 4175 2993 4230 certamen,
3041 4167 3282 4234 quodque
3331 4167 3474 4220 vires

1950 4263 2162 4306 nostras
2191 4266 2254 4306 ac
2286 4252 2587 4306 facultatem
2617 4254 2731 4307 sine
2754 4253 2856 4306 ulla
2887 4255 3213 4308 dubitatione
3237 4264 3468 4322 superat,

283 4344 692 4416 φιλομαθείας,
723 4342 816 4394 καὶ
842 4339 1269 4409 δυσωπουμένοις
1307 4339 1411 4390 ὑπὸ
1435 4339 1532 4407 τῆς
1560 4341 1848 4409 χρηστότη-

1955 4343 2018 4394 ab
2045 4342 2240 4410 ingenti
2271 4355 2377 4408 tuo,
2408 4342 2652 4396 Ambrosi
2675 4342 2756 4395 vir
2787 4342 3148 4405 sanctissime,
3179 4357 3306 4410 erga
3334 4343 3470 4397 litte-

275 4451 386 4496 τος
414 4433 520 4486 καὶ
550 4431 653 4499 τῆς
684 4428 1020 4499 μετριότητός
1047 4444 1158 4490 σου,
1184 4427 1292 4496 ίερέ
1329 4425 1630 4495 Ἀμϐρόσιε,
1673 4429 1857 4481 κατελ-

1959 4443 2047 4482 ras
2075 4429 2248 4483 studio
2279 4429 2531 4483 concitati
2561 4427 2791 4497 fuimus,
2843 4439 2896 4485 et
2921 4439 2979 4484 ut
3015 4432 3066 4484 in
3093 4431 3218 4486 illud
3250 4433 3468 4486 descen-

363 4543 416 4575 “
442 4542 622 4608 Apoc.
655 4551 739 4600 ιιι,
773 4536 824 4590 7.
895 4536 940 4567 ”
961 4536 1124 4603 Apoc.
1152 4549 1203 4598 v,
1235 4535 1257 4586 l
1290 4541 1344 4587 et
1367 4547 1515 4602 seqq.
1588 4535 1633 4566 ⁸⁸
1665 4535 1767 4589 lsa.
1810 4552 1958 4602 xxix,
1999 4538 2084 4602 ll,
2116 4537 2202 4590 l2.
2275 4538 2320 4569 "
2360 4537 2489 4592 Luc.
2525 4553 2600 4602 τι,
2635 4539 2720 4592 52.

283 4633 503 4691 habet;
532 4627 663 4696 quia
697 4627 810 4696 ipse
833 4641 925 4694 per
946 4628 1058 4696 haec
1075 4633 1274 4692 septem
1297 4625 1533 4696 quaedam
1568 4627 1856 4693 signacula,

284 4717 422 4768 qua:
455 4698 528 4752 de
553 4694 941 4768 corporalitate
966 4694 1108 4768 ejus,
1132 4703 1184 4746 et
1219 4695 1770 4768 passione_et__lttorte,
1805 4707 1857 4768 et

1962 4630 2166 4700 librum,
2189 4638 2235 4681 et
2261 4631 2450 4700 solvere
2473 4633 2737 4699 signacula
2765 4633 2916 4700 ejus?
2939 4633 3000 4685 Et
3032 4649 3175 4686 nemo
3197 4635 3357 4699 pot-tit
3387 4651 3473 4687 ue-

1961 4714 2056 4765 que
2092 4699 2156 4768 in
2186 4697 2331 4768 etelo,
2382 4697 2538 4768 neque
2585 4702 2637 4750 in
2667 4697 2834 4768 terra,
2889 4717 3047 4767 neque
3082 4701 3218 4766 infra
3247 4714 3432 4753 (errem
3455 4740 3470 4764 ,

286 4757 737 4836 resurrectione,
757 4771 825 4836 _et
848 4757 1034 4836 gloria,
1061 4773 1114 4813 et
1147 4757 1343 4836 regno,_
1370 4769 1424 4812 et
1465 4757 1656 4836 iudi‘cio
1688 4757 1853 4836 David
1959 4757 2401 4836 aperireiibrum,
2443 4757 2600 4833 neque
2631 4767 2798 4819 videre
2823 4757 3010 4834 ipsum.
3047 4768 3109 4818 Et
3136 4757 3324 4833 'ﬂebam
3349 4757 3472 4836 quia

287 4840 366 4888 de
397 4849 464 4887 eo
494 4834 551 4885 in
577 4828 800 4898 psalmis
819 4829 1116 4898 prophetat,
1148 4827 1369 4898 absolvit
1396 4841 1409 4876 :
1437 4829 1580 4894 aperi
1598 4843 1682 4882 ens
1712 4833 1849 4898 quod

286 4917 468 4958 nemo
510 4895 765 4957 claudet,
817 4895 872 4948 et
920 4895 1174 4949 claudens
1223 4895 1359 4962 quod
1401 4908 1556 4946 nemo
1605 4895 1844 4962 aperiet:

287 4972 432 5036 quia
476 4981 575 5034 per
599 4965 740 5036 hanc
767 4977 886 5030 quae
920 4963 970 5014 in
1001 4963 1091 5036 illo
1119 4961 1323 5036 expleta
1353 4970 1454 5022 est,
1496 4965 1845 5036 prophetiam,

290 5028 519 5106 aperiet
549 5031 694 5106 quod
729 5028 883 5106 nemo
905 5028 1222 5106 praecludet;
1259 5039 1310 5106 e_t
1337 5039 1520 5106 contra
1549 5028 1767 5106 expleta:
1791 5035 1842 5086 in

289 5095 369 5157 εἰ)
421 5095 729 5169 prophetiae
764 5095 1202 5169 ﬁd_e_;abnegata,
1244 5095 1449 5169 claudet
1502 5095 1639 5169 quod
1690 5114 1844 5169 nemo

290 5161 481 5240 possit
518 5161 754 5233 aperire.
799 5161 986 5240 Nullus
1025 5162 1164 5240 enim
1214 5161 1313 5240 nisi
1348 5162 1458 5224 ille,
1483 5162 1556 5240 .in
1588 5179 1692 5240 quo
1737 5166 1848 5240 hare

293 5227 634 5305 prophetam
692 5239 818 5305 sunt
835 5239 914 5305 “et
947 5227 1196 5305 expleta,
1245 5229 1439 5282 clavem
1483 5227 1847 5305 intelligentiae

296 5293 471 5370 imjus
513 5300 805 5370 impertie_t_.
831 5295 1075 5370 Denique
1100 5293 1311 5370 idipsum
1339 5293 1734 5370 consequent—er
1755 5302 1846 5353 do-

293 5363 413 5426 cuit
463 5363 695 5425 dicens:
739 5364 812 5417 Et
865 5363 968 5414 vidi
1017 5375 1163 5422 super
1208 5363 1468 5413 dexteram
1515 5365 1739 5418 sedentis
1794 5370 1848 5422 in

293 5442 488 5498 throno
521 5439 717 5492 librum
736 5429 993 5493 scriptum
1015 5427 1212 5498 {temtas
1252 5437 1300 5478 et
1339 5429 1558 5498 deforis,
1583 5433 1842 5498 signatum

292 5491 580 5576 εῷἇαίωίε
617 5509 819 5568 septem
847 5491 871 5544 v.‘
893 5501 942 5542 et
978 5492 1082 5540 vidi
1105 5491 1314 5576 alterum
1348 5491 1588 5576 altqelum
1616 5491 1845 5552 inﬁdum

274 5557 684 5642 IliizTJiEhkm'
715 5575 840 5618 υοσε
885 5571 1109 5622 magna:
1138 5557 1270 5620 Quis
1293 5571 1364 5612 est
1403 5557 1594 5630 dignus
1647 5570 1844 5631 aperire

1955 4847 2104 4901 nemo,
2130 4833 2569 4901 dignus__repertus
2594 4844 2720 4885 esset
2760 4833 2961 4901 aperire
3007 4835 3191 4886 librum
3228 4833 3382 4900 neque
3407 4837 3474 4886 ai-

1951 4902 2069 4951 dere
2089 4900 2272 4966 ipsum.
2295 4899 2358 4950 Et
2382 4916 2512 4952 unus
2529 4902 2589 4952 de
2605 4899 2884 4954 senioribus
2903 4904 2972 4954 ait
2991 4903 3114 4953 mihi
3142 4917 3160 4954 .'
3193 4899 3313 4953 Noli
3331 4902 3470 4962 ﬂere,

1949 4981 2061 5032 ecce
2101 4968 2216 5018 vicit
2248 4965 2324 5018 leo
2351 4966 2413 5018 de
2462 4969 2597 5019 tribu
2641 4968 2806 5030 Juda,
2855 4972 3007 5020 radix
3048 4969 3230 5029 David,
3275 4968 3474 5032 aperire

1947 5031 2154 5102 librum,
2183 5046 2227 5085 et
2248 5043 2433 5102 septem
2457 5035 2718 5102 signacula
2741 5038 2872 5102 ejus.
2908 5055 2926 5086 ι

2041 5100 2128 5164 57)
2173 5104 2282 5152 ’Ἡν
2304 5100 2518 5164 οὐδείςξ
2553 5100 2776 5162 Philam,
2801 5103 2888 5152 καὶ
2913 5101 3098 5159 οὐδείς.

2041 5167 2125 5230 58)
2169 5170 2467 5222 Ὄπισθεν.
2503 5167 2723 5229 Philoc.,
2753 5168 2961 5230 ἔξωθεν.

2041 5235 2129 5307 ξι9)
2181 5236 2467 5307 Ἰοζχιξρόῖ.
2502 5234 2920 5307 Ρήίιοοηάλλον.
2997 5297 3008 5307 _
3059 5297 3072 5307 _
3151 5291 3176 5302 ~
3224 5306 3227 5307 ν
3351 5293 3365 5307 .
3425 5295 3450 5307 _

2041 5241 2129 5300 59)
2181 5241 2467 5302 Ἰσχυρόν.
2502 5241 2718 5295 Philam,
2752 5241 2920 5287 ἀλλον.
3151 5291 3176 5302 ⁸

2019 5241 2127 5372 illi)
2165 5304 2269 5372 Kal
2315 5303 2451 5372 ἐρεῖ,
2509 5312 2610 5372 etc.
2668 5300 2890 5372 fidiora,
2927 5297 3017 5348 καὶ
3055 5297 3265 5362 ἐρουσιν
3302 5293 3481 5364 αὐτῷ·

1963 5368 2248 5436 Ἀνάγνωθι
2276 5369 2447 5420 τοῦτο’
2470 5369 2705 5436 καὶίέρεῖ.

2020 5423 2127 5505 (Η)
2169 5436 2273 5488 Καὶ
2304 5437 2458 5502 παρὰ
2485 5423 2622 5505 avie:
2646 5428 3026 5505 ΙιιΔΡΙιὶίοςιιΙξα·
3041 5424 3187 5500 deest
3213 5423 3335 5505 κενέ,

2020 5439 2096 5505 (41
2169 5439 2273 5488 Kal
2304 5439 2458 5502 παρὰ
2485 5439 2622 5496 τοῖς.
2646 5439 2698 5483 In
2731 5439 3012 5503 mulcentia
3041 5439 3187 5500 deest
3215 5439 3335 5477 και,

2018 5439 2128 5570 (42)
2170 5501 2646 5569 Πεπληρωμένης.
2697 5498 2842 5561 Apud
2881 5492 3227 5558 Epiphantunt
3263 5492 3495 5563 πεπλη.

1951 5573 2224 5634 ρωμένοις.
