3806 6214
243 348 394 403 1081

1257 355 1564 418 SELECTA
1604 365 1671 420 IN
1710 364 2036 429 PSALMOS.
2059 397 2126 405 —
2150 366 2332 423 PSAL‘.
2360 371 2399 424 Ι.

3316 375 3453 432 “.82

239 459 529 552 animum,
558 479 577 511 ι
605 462 702 552 καῖ
749 464 887 530 μετὰ
922 466 1095 538 πάσης
1139 467 1416 539 ἀκριϐείας
1445 474 1778 546 ἐξητασμένω

1915 488 2093 545 gntum
2152 490 2348 547 septies
2407 482 2480 548 ὀς
2522 502 2540 534 ι
2573 482 2987 552 exquisitisslma
3032 500 3159 542 cura
3198 496 3249 543 et
3277 492 3452 545 studio

233 546 314 601 τδ
346 550 514 618 ἅγιον
564 549 787 622 Πνεῦμα
812 554 1170 624 ύτωϐέϐληκεν
1200 558 1339 613 αύτά
1361 562 1448 616 διὰ
1481 564 1586 615 τῶν
1612 566 1815 634 ὑπηρε-

231 639 367 692 τῶν
399 640 498 694 τοῦ
525 641 704 708 λόγου,
750 646 954 715 μήποτε
987 647 1078 699 καὶ
1100 647 1241 716 ὑμᾶς
1284 649 1599 725 διαφεύγῃὴ
1634 655 1819 707 ἀναλο-

230 729 373 796 γία,
410 726 528 783 καθ’
584 731 651 801 ἣν
683 733 775 785 ἐπὶ
805 736 980 787 πᾶσαν
1006 734 1201 803 ἔφθασε
1238 739 1454 811 Γραφὴν
1482 745 1513 812 ἡ
1543 744 1699 812 σοφία
1723 745 1816 797 τοῦ

230 815 397 869 Θεοῦ
448 817 806 874 θεόπνευστον
859 824 1017 893 μέχρι
1045 824 1136 878 τοῦ
1183 829 1430 897 τυχόντος
1470 834 1813 902 γράμματοςο

230 905 346 956 καὶ
384 906 535 973 τάχα
561 905 650 958 διὰ
677 907 834 960 τοῦτο
859 911 887 961 ό
914 911 1097 983 Σωτὴρ
1129 914 1230 983 ἔφη
1250 932 1263 945 ·
1302 935 1321 966 ι
1366 918 1514 970 ’ἰῶτα
1551 919 1607 971 ἐν
1660 920 1692 988 ἢ
1722 920 1817 989 μία

230 996 463 1063 κεραία
488 997 552 1047 οὐ
588 997 662 1067 μὴ
686 998 927 1070 παρέλθῃ
954 1001 1061 1053 ἀπὸ
1097 1001 1191 1054 τοῦ
1216 1003 1398 1072 νόμου,
1427 1005 1528 1067 ’έως
1553 1006 1616 1059 ἂν
1646 1006 1816 1061 πάντα

227 1081 543 1151 γένηται.»
570 1086 666 1136 Ὃν
696 1085 891 1154 τρόπον
919 1090 1024 1157 γὰρ
1052 1089 1142 1141 ἐπὶ
1161 1089 1259 1158 τῆς
1284 1094 1677 1165 κοσμοποιίαςή
1703 1096 1818 1149 θεία

224 1171 421 1241 τέχνη
452 1173 518 1223 οὑ
552 1174 711 1241 μόνον
742 1175 800 1225 ἐν
836 1176 1045 1246 οὐρανῷ
1077 1179 1169 1229 καὶ
1203 1178 1336 1248 ⁴ἡλίῳ
1368 1182 1460 1233 καὶ
1491 1182 1684 1253 σελήνῃ
1724 1185 1817 1236 καὶ

227 1258 484 1329 ἄστροις
510 1261 757 1328 φαίνεται
785 1263 915 1333 (48),
931 1264 997 1316 δι’
1026 1266 1159 1319 ὅλων
1184 1268 1288 1319 τῶν
1318 1271 1577 1340 σωμάτων
1600 1273 1817 1326 ἐκείνων

228 1353 655 1418 πεφοιτηκυῖλ,
686 1351 821 1404 ἀλλὰ
850 1354 942 1405 καὶ
990 1354 1080 1406 ἐπὶ
1109 1355 1210 1425 γῆς
1240 1358 1297 1408 ἐν
1340 1357 1436 1428 ὕλῃ
1471 1360 1816 1431 εὐτελεστέρᾳ

225 1437 301 1488 τὺ
340 1437 490 1489 αὐτὸ
518 1439 836 1509 πεποίηκεν,
868 1439 943 1502 ὡς
985 1442 1059 1511 μὴ
1110 1444 1543 1517 ὑπερηφανῆσθαι
1587 1450 1693 1502 ἀπὸ
1722 1450 1814 1503 τοῦ

224 1523 542 1591 τεχνίτου,
599 1528 739 1595 μήτε
767 1526 834 1580 τὰ
867 1526 1087 1597 σώματα
1136 1532 1239 1584 τῶν
1301 1534 1587 1604 ἐλαχίστων
1631 1537 1812 1602 ζώωνο

228 1613 440 1683 πολλῷ
466 1615 528 1667 δὲ
553 1617 713 1669 πλέον
740 1619 830 1670 καὶ
853 1619 951 1681 τὰς
982 1622 1382 1692 ἐνυπαρχούσας
1412 1627 1585 1696 ψυχὰς
1632 1631 1689 1681 ἐν
1723 1631 1817 1682 αύ-

224 1703 387 1763 τοῖς,
428 1703 675 1773 ἑκάστης
707 1704 904 1775 ἰδίωμά
931 1723 983 1759 τι
1015 1708 1122 1779 (49)
1151 1711 1413 1782 λαϐούσης
1440 1717 1496 1767 ἐν
1539 1717 1694 1786 αὐτῇ,
1739 1719 1815 1781 ὡς

227 1789 295 1840 ἐν
325 1789 530 1860 ἀλόγῳ
565 1794 828 1863 σωτήριον
851 1810 864 1823 ·
928 1798 1063 1867 μήτε
1087 1797 1153 1850 τά
1196 1800 1292 1869 τῆς
1315 1780 1415 1871 γῆς
1445 1780 1810 1875 βλαστήματα,
1844 1780 1886 1833 Β

224 1877 478 1948 ἑκάστῳ
527 1882 924 1952 ἐνυπάρχοντος
971 1885 1063 1937 τοῦ
1092 1889 1333 1957 τεχνικοῦ
1373 1892 1497 1962 περ)⁸
1529 1894 1625 1956 τὰς
1665 1894 1816 1965 ῥίζας

223 1971 335 2023 καὶ
363 1968 445 2020 τὰ
471 1969 648 2036 φύλλα
668 1973 761 2023 καὶ
790 1973 915 2035 τοὺς
935 1975 1304 2045 ἐνδεχομένους
1329 1985 1586 2050 καρποὺς,
1606 1985 1697 2036 καὶ
1721 1986 1816 2049 τὰς

220 2060 527 2130 διαφορὰς
547 2060 657 2112 τῶν
695 2063 1019 2131 ποιοτήτωνο
1075 2064 1241 2128 οὕτως
1267 2070 1423 2137 ἡμεῖς
1453 2071 1818 2141 ὑπολαμϐάνο-

227 2168 344 2219 μεν
390 2151 533 2220 περὶ
563 2150 779 2203 πάντων
809 2151 918 2205 τῶν
947 2153 1004 2219 ἐξ
1037 2156 1314 2220 ἐπιπνοίας
1339 2160 1431 2212 τοῦ
1461 2162 1612 2228 ἁγίου
1658 2165 1817 2218 Πνεύ-

479 2240 1000 2327 ἀναγεγραμμένων,
1046 2243 1135 2327 ,ὡς
1177 2246 1276 2315 τῆς
1326 2248 1663 2321 ἐπιδιδούσης
1713 2255 1811 2326 τὴν

224 2326 399 2395 ὑπὲρ
457 2326 746 2396 ἄνθρωπον
807 2330 993 2396 σοφίαν
1042 2331 1190 2400 ίερᾶς
1250 2335 1508 2404 Προνοίας
1564 2341 1651 2392 διὰ
1705 2344 1813 2396 τῶν

224 2415 612 2485 γραμμάτων
637 2415 716 2485 τῷ
747 2415 891 2483 γένει
923 2418 1028 2471 τῶν
1061 2420 1375 2487 ἀνθρώπων,
1400 2426 1551 2493 λόγια
1577 2432 1813 2501 σωτήρια

226 2504 690 2573 ἐνεσπαρκυίας,
743 2505 818 2569 ὡς
865 2506 1010 2561 ἐστιν
1065 2511 1252 2575 εἰπεῖν,
1281 2514 1490 2584 ἑκάστῳ
1535 2519 1813 2589 γράμματι

228 2593 400 2646 κατὰ
426 2594 493 2645 τὸ
518 2593 862 2664 ἐνδεχόμενον
896 2597 1013 2668 ῐχνη
1044 2598 1142 2668 τῆς
1183 2603 1388 2670 σοφίας.
1422 2606 1538 2676 Χρὴ
1570 2609 1812 2679 μέντοιγε

224 2683 327 2735 τὸν
364 2682 529 2747 ἅπαξ
581 2684 1020 2755 παραδεξάμενον
1047 2689 1139 2742 τοῦ
1189 2693 1461 2755 κτίσαντος
1497 2697 1584 2748 τὸν
1617 2698 1812 2767 κόσμον

223 2767 392 2824 εἶναι
437 2772 649 2835 ταύτας
707 2774 805 2837 τὰς
849 2776 1082 2846 Γραφάς,
1118 2780 1398 2834 πεπεῖσθαι
1428 2784 1507 2836 ὅτι
1558 2786 1656 2838 ὅσα
1686 2790 1812 2857 περ)⁴

221 2861 333 2929 τῆς
384 2861 625 2925 κτίσεως
645 2864 861 2933 ἀπαντᾷ
882 2868 991 2928 τοῖς
1021 2866 1235 2938 ζητοῦσι
1258 2871 1348 2922 τὸν
1386 2874 1510 2943 περὶ
1535 2875 1697 2944 αὐτῆς
1724 2876 1810 2928 λό⁴

222 2965 351 3016 γον,
400 2947 582 3001 ταῦτα
611 2951 705 3001 καὶ
731 2951 856 3021 περὶ
880 2952 989 3005 τῶν
1021 2954 1265 3023 Γραφῶν.
1294 2958 1445 3010 Ἔστι
1467 2958 1524 3011 δέ
1551 2977 1612 3027 γε
1638 2964 1729 3014 καὶ
1752 2964 1811 3016 ὲν

219 3042 292 3109 τῇ
332 3039 535 3139 afﬂaret
589 3039 711 3139 τινά
764 3041 1073 3139 ἀνθρωπίνῃ
1105 3046 1257 3112 φύσει
1293 3047 1581 3119 δυσεύρετα
1628 3052 1659 3121 ἢ
1716 3054 1877 3139 καὶα

222 3126 528 3213 ἀνειῖρετα
547 3144 560 3158 ’
596 3128 692 3180 καὶ
722 3130 781 3180 ού
814 3129 901 3182 διὰ
926 3130 1081 3184 τοῦτο
1110 3138 1501 3206 κατηγορητέον
1543 3139 1634 3191 τοῦ
1665 3159 1809 3213 ποιη-

224 3216 328 3268 τοῦ
359 3216 488 3269 τῶν
521 3216 681 3269 ὅλων.
713 3219 847 3288 Φέρε
880 3222 1069 3285 εἰπεῖν,
1099 3223 1218 3274 ἐπεὶ
1243 3225 1340 3293 οὐχ
1377 3227 1696 3297 εὑρίσκομεν
1723 3233 1808 3283 αί-

222 3305 358 3359 τίαν
384 3305 734 3374 βασιλίσκων
757 3304 1002 3373 κτίσεως,
1031 3313 1123 3363 καὶ
1149 3314 1254 3365 τῶν
1282 3314 1452 3366 ἄλλων
1483 3317 1694 3371 ἰοϐόλων
1723 3320 1810 3389 θη-

228 3394 373 3463 ρίων
400 3411 417 3425 °
456 3393 649 3447 ἐνθάδε
673 3395 781 3465 γὰρ
808 3397 951 3449 ὅσιον
990 3399 1079 3451 τὸν
1107 3401 1483 3471 αἰσθανόμενον
1536 3407 1635 3474 τῆς
1663 3408 1810 3461 ἀσθε-

224 3481 390 3546 νείας
428 3482 532 3534 τοῦ
559 3483 750 3550 γένους
801 3486 975 3555 ἡμῶν,
1000 3489 1092 3540 καὶ
1137 3491 1217 3542 ὅτι
1248 3491 1437 3561 τέχνης
1463 3492 1593 3546 Θεοῦ
1621 3495 1807 3563 λόγους

227 3574 382 3641 μετά
419 3573 612 3641 πάσης
642 3573 922 3643 ἀκριϐείας
946 3576 1378 3649 τεθεωρημένους
1409 3582 1649 3636 ἐκλαϐεῖν
1678 3587 1805 3654 ἡμῖν

219 3663 558 3731 ἀμήχανον,
591 3661 710 3731 Θεῴ
738 3662 1041 3717 ἀνατιθέναι
1066 3667 1161 3737 τὴν
1185 3670 1384 3721 τούτων
1412 3671 1627 3737 γνῶσιν,
1650 3674 1805 3728 ὕστε-

220 3767 325 3820 ρον
362 3753 531 3821 ἡμῖν,
597 3751 693 3804 ὲάν
721 3751 859 3815 ἄξιοι
888 3754 1180 3825 κριθῶμεν,
1229 3758 1586 3829 φανερώσοντι
1638 3763 1806 3818 ταῦτα

223 3841 366 3908 περὶ
401 3832 487 3891 ὧν
518 3837 616 3891 νῦν
649 3839 887 3904 εὐσεϐῶς
912 3843 1303 3914 ἐπεστήσαμεν.
1334 3848 1486 3901 Οῦτω
1506 3851 1682 3904 τοίνυν
1712 3855 1805 3906 καὶ

220 3928 286 3978 ἐν
315 3930 459 3988 ταῖς
490 3927 667 3989 θείαις
691 3928 933 3998 Γραφαῖς
957 3931 1058 4000 χρὴ
1087 3933 1235 4002 όρᾷν,
1266 3935 1345 3988 ὅτι
1364 3937 1529 3991 πολλά
1557 3931 1804 3993 ἀπόκειν-

218 4030 319 4069 ται
355 4018 423 4068 ἐν
454 4016 646 4076 αὐτοῖς
665 4016 995 4071 δυσαπόδοτα
1016 4023 1227 4090 ἡμῖν·οί
1256 4024 1383 4091 γοῦν
1414 4028 1803 4100 ἐπαγγελλόμε-

216 4122 307 4157 νοι
343 4103 498 4188 μετά
522 4102 587 4155 τὸ
605 4105 901 4175 ἀποστῆναι
929 4108 1021 4160 τοῦ
1045 4111 1321 4176 κτίσαντος
1344 4114 1451 4185 (50)
1471 4117 1560 4170 τὸν
1581 4120 1798 4188 κόσμον,

1917 567 2147 634 Spiritus
2191 582 2407 623 sanctus
2456 586 2552 640 per
2582 572 2856 625 ministros
2883 575 3031 629 verbi
3060 577 3163 630 ista
3205 578 3452 649 subjecit,

1916 674 1982 713 ne
2038 674 2267 727 unquam
2327 660 2481 715 nobis
2526 661 2695 715 latere
2743 673 2922 730 posset
2965 666 3118 728 ratio,
3159 669 3447 723 secundum

1915 760 2071 812 quam
2102 748 2276 800 divina
2309 749 2569 816 sapientia
2601 764 2816 803 omnem
2842 751 3172 817 Scripturam
3201 754 3452 811 divinitus

1915 837 2113 900 datam,
2149 840 2230 889 vel
2277 839 2345 889 ad
2385 853 2544 892 unam
2590 852 2759 905 usque
2806 839 3095 893 litterulam
3145 842 3362 910 attigit:
3395 855 3451 897 et

1917 932 2195 990 propterea
2226 922 2455 978 fortasse
2480 925 2754 990 Servator,
2791 924 2953 991 «lota,
2977 926 3149 994 inquit
3169 928 3238 991 ",
3263 944 3448 991 unum,

1916 1010 1997 1061 vel
2033 1025 2164 1077 apex
2206 1025 2343 1063 unus
2366 1025 2396 1064 e
2423 1011 2537 1078 lege
2566 1027 2668 1065 non
2702 1013 3026 1080 praeteribit.
3063 1013 3230 1067 donec
3271 1015 3449 1068 omnia

1916 1099 2063 1151 liaut.
2096 1118 2115 1151 ι
2151 1100 2603 1165 Quemadmodum
2648 1104 2787 1155 enim
2819 1103 2870 1155 in
2899 1102 3079 1156 mundi
3115 1103 3329 1172 opiﬁcio
3365 1120 3453 1160 ars

1915 1188 2094 1240 divina
2126 1204 2227 1241 non
2256 1191 2424 1243 solum
2477 1189 2527 1242 iu
2570 1192 2705 1245 cmlo
2752 1199 2806 1245 et
2847 1192 2962 1245 sole
2985 1202 3037 1244 et
3064 1191 3186 1245 luna
3213 1201 3268 1245 et
3292 1193 3451 1247 astris

1914 1286 2155 1346 apparet,
2184 1291 2275 1346 per
2308 1288 2416 1332 tota
2455 1279 2542 1332 illa
2573 1293 2800 1349 corpora
2832 1295 3114 1350 permeans
3139 1297 3153 1346 ;
3177 1282 3266 1335 sed
3292 1282 3449 1336 etiam

1915 1365 1967 1416 in
2018 1371 2180 1427 terra,
2230 1366 2281 1418 in
2317 1367 2536 1419 materia
2578 1367 2769 1421 viliore
2814 1369 2916 1422 hoc
2965 1369 3133 1436 ipsum
3158 1368 3360 1432 effecit,
3392 1380 3452 1425 ut

1915 1467 2086 1521 neque
2110 1455 2175 1507 ab
2203 1453 2408 1508 artiﬁce
2443 1452 2789 1508 minimorum
2816 1457 2979 1511 etiam
3009 1457 3448 1512 animalculorum

1914 1559 2135 1611 corpora
2164 1544 2402 1613 neglecta
2434 1546 2571 1611 sint;
2615 1547 2782 1600 multo
2814 1562 2942 1600 vero
2974 1548 3145 1616 magis
3172 1557 3226 1601 et
3253 1562 3369 1615 quae
3395 1547 3448 1600 in

1915 1631 2017 1685 illis
2045 1631 2228 1685 insunt
2258 1633 2469 1699 animm,
2517 1649 2744 1703 quarum
2784 1635 3005 1704 singula:
3030 1635 3298 1702 peculiare
3322 1637 3451 1704 quid

1915 1717 1966 1771 in
2017 1733 2074 1773 se
2128 1732 2483 1788 acceperunt,
2554 1723 3003 1791 quemadmodum
3063 1726 3114 1778 in
3173 1726 3449 1780 brutorum

1914 1822 2108 1877 genere
2128 1810 2480 1863 conservandi
2510 1811 2590 1864 sui
2624 1812 2884 1864 rationem
2920 1829 2933 1863 :
2959 1813 3051 1865 sed
3090 1828 3261 1882 neque
3293 1824 3448 1868 terrae

1915 1898 2153 1964 germina
2203 1898 2558 1966 contempsit,
2586 1913 2707 1952 cum
2759 1899 3046 1968 unicuique
3071 1902 3198 1956 insit
3237 1903 3449 1955 artillcii

1913 1984 2187 2053 quidpiam
2220 1985 2272 2037 in
2304 1986 2604 2047 radicibus,
2653 1986 2707 2038 iu
2736 1985 2897 2052 foliis,
2930 1995 2985 2040 et
3020 1989 3070 2040 in
3099 1988 3166 2042 iis
3197 1992 3288 2057 qui
3320 1987 3449 2056 pro;

1912 2073 2131 2126 Veniunt
2157 2073 2435 2135 fructibus,
2475 2068 2529 2128 et
2560 2075 2610 2127 itt
2638 2075 2951 2142 qualitatum
2989 2075 3284 2130 differentia
3322 2096 3334 2130 :
3373 2079 3447 2131 ita

1912 2177 2009 2215 nos
2043 2175 2323 2216 censemus
2350 2162 2416 2215 de
2441 2164 2690 2217 omnibus
2711 2177 2777 2217 ex
2807 2163 2983 2217 alllatu
3018 2165 3188 2219 sancti
3215 2164 3447 2233 Spiritus

1912 2250 2146 2318 scriptis,
2211 2261 2458 2318 tanquam
2517 2251 2625 2315 illa,
2671 2266 2790 2319 qute
2844 2253 3159 2320 sapientiam
3212 2255 3444 2306 humana

1911 2339 2238 2404 superiorem
2273 2339 2452 2405 tradit,
2483 2355 2673 2407 magna
2705 2341 3032 2408 providentia
3053 2381 3068 2405 ,
3114 2357 3209 2411 per
3239 2341 3446 2396 divinas

1911 2427 2113 2482 litteras
2140 2426 2411 2479 hominum
2441 2427 2620 2496 generi
2658 2428 2917 2481 salutaria
2950 2430 3269 2483 documenta
3300 2428 3443 2482 inse-

1913 2516 2098 2581 ruerit,
2144 2523 2197 2568 et
2232 2515 2479 2584 singulis,
2529 2527 2583 2569 ut
2634 2517 2704 2570 ita
2752 2517 2949 2580 dicam,
3002 2517 3213 2580 litteris,
3267 2518 3442 2585 quoad

1911 2620 2239 2673 unaquazque
2270 2621 2458 2674 capere
2483 2615 2693 2674 potest,
2728 2607 2948 2672 vestigia
2982 2607 3254 2675 sapientiae
3282 2605 3445 2678 528

1910 2692 2258 2761 impresserit.
2293 2693 2579 2747 Enimvero
2608 2701 2816 2760 oportet
2845 2709 2965 2747 eum
2990 2694 3076 2760 qui
3097 2693 3261 2747 semel
3282 2695 3446 2747 admi-

1909 2781 2039 2835 serit
2080 2781 2288 2849 opiﬁcis
2342 2782 2521 2835 mundi
2565 2782 2661 2835 has
2693 2796 2810 2835 esse
2843 2781 3171 2851 Scripturas,
3205 2782 3442 2835 auimttm

1909 2883 2117 2936 quoque
2153 2869 2406 2923 inducere
2449 2885 2801 2939 quaecumque
2828 2871 2894 2924 de
2937 2870 3211 2924 creatione
3254 2884 3445 2925 occur-

1909 2966 2033 3009 runt
2072 2957 2211 3032 illius
2258 2959 2516 3012 rationem
2567 2959 2954 3027 quaerentibus,
3004 2959 3116 3013 haec
3161 2960 3344 3012 eadem
3380 2959 3446 3012 de

1909 3044 2199 3114 Scripturis
2221 3062 2521 3103 occurrere.
2548 3047 2682 3101 Sunt
2711 3059 2887 3101 autem
2916 3048 2967 3100 in
3000 3046 3274 3102 creatione
3301 3063 3444 3116 qua-

1909 3138 2027 3192 dam
2057 3153 2173 3206 qua:
2202 3149 2390 3192 natura
2430 3141 2657 3193 humana
2692 3139 2972 3194 diliicultcr
2999 3141 3079 3193 vel
3108 3140 3251 3193 nullo
3287 3141 3444 3194 modo

1906 3225 2147 3279 invenire
2173 3227 2361 3294 possit.
2397 3226 2577 3295 Neque
2610 3228 2805 3281 idcirco
2842 3229 3174 3293 accusandus
3210 3238 3292 3282 est
3329 3244 3444 3282 om-

1905 3313 2052 3366 nium
2090 3315 2310 3367 ell'ector
2341 3314 2499 3370 Deus.
2538 3314 2696 3369 Verbi
2719 3317 2892 3384 gratia
2917 3355 2932 3380 ,
2980 3332 3099 3369 cum
3143 3331 3245 3369 non
3292 3317 3440 3370 iuve-

1906 3403 2079 3456 nimus
2109 3418 2323 3457 causam
2345 3420 2441 3459 cur
2459 3406 2626 3459 creati
2649 3406 2758 3459 sint
2787 3406 3045 3470 basilisci,
3074 3415 3128 3460 et
3147 3407 3253 3460 alia
3283 3421 3441 3461 vene-

1906 3502 2027 3547 nata
2059 3494 2304 3546 animalia
2334 3510 2347 3547 :
2374 3495 2499 3547 hinc
2544 3495 2687 3548 enim
2734 3504 2977 3548 sanctum
3015 3504 3117 3561 est,
3164 3497 3438 3549 conscium

1905 3580 2282 3634 imbecillitatis
2305 3581 2517 3649 generis
2549 3581 2757 3645 nostri,
2794 3583 3042 3650 quodque
3082 3584 3275 3636 divinat
3309 3585 3439 3636 artis

1902 3669 2133 3723 rationes
2152 3670 2479 3738 quantalibet
2504 3670 2740 3723 maxima
2768 3684 2861 3725 eas
2885 3671 3155 3739 diligentia
3183 3671 3439 3725 fuerimus

1901 3758 2264 3826 contemplati,
2316 3757 2598 3825 percipere
2661 3773 2767 3812 non
2823 3760 3106 3827 possimus,
3163 3761 3229 3812 ad
3274 3775 3438 3816 unum

1901 3844 2063 3898 Deum
2100 3847 2285 3900 horum
2311 3846 2667 3915 cognitionem
2690 3845 2914 3912 referre,
2938 3847 3028 3915 qui
3052 3847 3208 3901 nobis
3231 3856 3435 3916 postea,

1901 3934 1944 3986 si
1972 3934 2112 4002 digni
2139 3934 2473 4002 iudicemur,
2506 3934 2619 3989 haec
2653 3935 2765 4003 ipsa
2798 3938 3025 4005 aperiet,
3055 3935 3123 3990 ad
3144 3951 3264 4004 quae
3292 3949 3436 3991 men-

1903 4033 2005 4076 tem
2062 4038 2203 4076 nunc
2230 4025 2315 4091 pie
2347 4025 2698 4082 advertimus.
2741 4025 2830 4079 Sic
2853 4026 3014 4094 igitur
3057 4033 3112 4079 et
3156 4025 3208 4079 in
3239 4025 3436 4078 divinis

1899 4111 2097 4165 litteris
2122 4111 2407 4165 videndum
2441 4122 2546 4176 est,
2580 4113 2744 4166 tnulta
2777 4114 2829 4167 in
2862 4114 2968 4167 illis
2995 4113 3268 4169 recondita
3293 4127 3431 4177 esse,

217 4190 321 4243 λαὶ
353 4184 405 4256 ᾧ
437 4190 755 4243 ἀνέπλασαν
787 4193 861 4255 ὡς
889 4194 1005 4263 Θεῷ
1034 4199 1398 4269 προστρέχειν,
1423 4184 1778 4259 λυέτωσαν-ται

1911 4215 2118 4268 quorum
2149 4199 2303 4255 nobis
2347 4211 2430 4255 est
2454 4198 2780 4270 perdiﬂicilis
2823 4203 3128 4270 explicatio.
3165 4202 3264 4266 Qui
3307 4216 3434 4271 ergo

216 4278 667 4349 προσαγομένας
699 4280 789 4347 ὑφ’
839 4282 993 4350 ήμῶν
1020 4285 1199 4347 αὐτοῖς
1228 4288 1471 4357 ἀπορίας,
1521 4291 1552 4360 ἢ
1585 4293 1644 4344 τὸ
1675 4295 1798 4347 ἐαυ-

1896 4289 2215 4356 pollicentur
2237 4326 2252 4351 ,
2289 4282 2568 4357 postquam
2603 4305 2634 4342 a
2677 4290 2859 4343 mundi
2893 4291 3184 4345 Conditore
3228 4288 3434 4343 defece-

214 4369 336 4421 τῶν
390 4384 460 4435 γε
516 4367 756 4423 συνειδὸς
806 4370 1133 4426 πειθέτωσαν
1184 4376 1319 4443 μετά
1372 4379 1433 4430 τὸ
1491 4380 1778 4451 τηλικοῦτοι

1911 4385 2045 4438 runt,
2080 4385 2135 4429 et
2161 4378 2225 4429 ad
2253 4392 2373 4429 eum
2403 4393 2558 4445 quem
2591 4380 2793 4433 tinxere
2815 4419 2829 4445 ,
2866 4390 2926 4432 ut
2951 4382 3017 4433 ad
3050 4369 3216 4433 Deum
3250 4377 3432 4432 confu-

210 4455 501 4525 τόλμημα
536 4456 637 4524 τῆς
691 4457 940 4522 ἀσεϐείας
990 4462 1440 4529 ἀναπεπαῦσθαι,
1499 4471 1778 4539 συμφώνως

1911 4475 2087 4535 gerunt
2111 4505 2126 4531 ,
2164 4466 2370 4520 solvant
2410 4481 2543 4535 quos
2571 4469 2699 4537 ipsis
2738 4471 2905 4523 nodos
2936 4469 3316 4532 exhibuimus;
3347 4467 3429 4521 vel

211 4550 348 4608 ταῖς
402 4546 544 4614 παρ’
575 4545 759 4607 αὐτοῖς
817 4548 1097 4602 ὑποθέσεσι
1125 4553 1249 4622 περὶ
1303 4553 1407 4608 τῶν
1434 4555 1778 4627 ζητουμένων,

1911 4570 2046 4610 suam
2087 4556 2185 4623 ipsi
2209 4557 2593 4610 conscientiam
2639 4558 3011 4625 persuadeant,
3052 4559 3127 4611 uti
3159 4565 3276 4625 post
3321 4565 3427 4608 tam

213 4632 320 4685 καὶ
356 4630 498 4700 περὶ
530 4629 644 4682 τῶν
700 4635 1118 4702 προσαγομένων
1165 4638 1341 4701 αὐτοῖς
1397 4639 1778 4710 ἀπορημάτωνε

1918 4646 2157 4714 nsignem
2212 4645 2486 4700 audaciam
2539 4649 2605 4702 ab
2645 4650 2916 4717 impietate
2962 4649 3224 4713 desinant,
3276 4657 3431 4714 prout

210 4722 266 4775 εί
329 4720 453 4792 γὰρ
510 4721 674 4772 κάκεῖ
727 4721 874 4774 οὐδὲν
919 4718 1074 4792 ἦττον
1128 4724 1196 4777 τὰ
1253 4726 1570 4798 ἀπορήματα
1622 4733 1778 4801 μένει,

1911 4735 2141 4802 :ongruit
2168 4736 2403 4804 ipsorum
2446 4738 2712 4803 instituto,
2752 4740 2821 4792 de
2850 4739 3088 4806 quaesitis
3121 4745 3173 4790 et
3214 4737 3279 4790 iis
3311 4750 3430 4803 quae

211 4809 596 4862 ἀποστάντων
624 4809 723 4877 τῆς
758 4809 1035 4880 θεότητος·
1069 4813 1219 4880 πόσῳ
1255 4814 1534 4885 ὁσιώτερον
1572 4814 1657 4888 ἦν,
1695 4823 1778 4891 μέ.

1911 4822 2093 4890 tbjecta
2124 4834 2248 4877 sunt
2279 4827 2552 4881 dubitandi
2590 4828 2790 4882 causis.
2850 4826 2906 4880 Si
2951 4827 3093 4881 enim
3125 4826 3194 4878 ibi
3233 4825 3429 4878 nihilo-

211 4914 424 4960 νοντας
476 4898 573 4949 ἐπὶ
610 4899 710 4967 τῆς
761 4901 966 4962 ἐννοίας
1016 4903 1114 4971 τῆς
1166 4904 1290 4972 περὶ
1319 4905 1472 4970 Θεοῦ,
1526 4909 1631 4960 ἀπὸ
1688 4912 1778 4965 τῶι

1911 4912 2062 4965 uinus
2101 4911 2434 4969 difﬁcultates
2463 4924 2702 4980 manent,
2739 4925 3023 4984 postquam
3068 4929 3097 4966 a
3150 4913 3430 4967 divinitate

211 4987 554 5056 κτισμάτων
597 4985 692 5038 τοῦ
739 4988 1112 5058 γενεσιουργοῦ
1170 4988 1565 5064 θεωρουμένου,
1630 5001 1778 5069 μηδὲι

1911 5001 2230 5069 lefecertmt;
2272 5015 2472 5072 quanto
2516 5006 2755 5061 sanctius
2788 5016 2907 5058 erat
2937 5008 2989 5058 in
3022 5004 3343 5071 cogitatione
3361 5016 3426 5054 ac

210 5075 391 5128 ἄθεον
423 5076 518 5128 καὶ
549 5075 762 5128 ἀνόσιον
791 5077 917 5146 περὶ
941 5076 1033 5129 τοῦ
1058 5076 1366 5144 τηλικούτου
1398 5084 1778 5154 ἀποφαίνεσθαι

1912 5109 2042 5148 eusu
2072 5096 2137 5149 de
2168 5095 2276 5150 Deo
2301 5097 2642 5161 inhaerentes,
2687 5111 2843 5164 quem
2870 5111 2899 5147 a
2928 5091 3205 5147 creaturis
3231 5104 3429 5156 paren-

212 5163 407 5227 θεοῦ;
1886 5191 1990 5236 tem
2036 5199 2100 5237 ac
2142 5165 2444 5240 eﬂectorem
2472 5186 2915 5252 coutemplamnr,
2962 5180 3094 5235 nihil
3119 5176 3342 5244 impium
3373 5187 3436 5231 et

1882 5268 2143 5324 nefarium
2175 5274 2240 5327 de
2263 5283 2411 5331 tanto
2434 5275 2540 5330 Deo
2565 5267 2864 5325 ailirmare?

287 5364 339 5398 ⁸⁸
385 5362 531 5417 Psal.
575 5378 630 5416 ﬂ
684 5361 740 5413 7.
809 5361 853 5393 θ’
882 5358 1072 5412 Matth.
1113 5358 1265 5420 ν,18.

288 5478 421 5548 (ιε)
457 5476 750 5548 φαίνεται.
794 5475 1014 5548 llnetius
1037 5472 1744 5548 utaluissean'raeaiva'rac.

292 5541 416 5610 ($9)
470 5544 696 5609 ἸδΙωμά
728 5558 794 5595 τι.
834 5543 1067 5606 Uterque
1091 5541 1249 5595 codex
1282 5541 1610 5615 Tltunnmus,
1645 5551 1785 5607 ίδιὼ-

215 5628 372 5680 ματα

1959 5488 2066 5559 (50)
2114 5491 2483 5559 Ἀποστῆναιν
2511 5486 2616 5539 τοῦ
2667 5480 3014 5559 κζζσαντος,
3073 5486 3174 5531 etc.
3224 5477 3276 5531 Δ
3330 5479 3442 5555 δη..

1898 5545 2136 5628 μιὸυργῷ
2157 5563 2220 5614 ad
2246 5545 2442 5616 Christi
2469 5558 2701 5611 Patrem.
2726 5545 2985 5598 Hunnus.
