3806 6220
148 318 319 402 ιο85

1239 310 1541 402 seuseu
1572 343 1640 399 IN
1672 345 2008 404 PSALMOS.
2046 380 2115 390 —
2146 349 2338 408 PSAL.
2372 352 2413 408 ι.

3270 356 3404 412 1086

161 444 408 542 “mulli,
450 449 620 542 quem
648 455 858 542 vocant
898 450 1061 520 Esra,
1090 457 1146 511 id
1168 469 1285 524 est,
1319 479 1337 511 ι
1367 462 1609 528 Adjutor.
1659 479 1679 513 ι
1729 463 2085 518 Duodecimus
2135 464 2269 518 liber
2311 465 2674 532 Psalmorum,
2717 466 2954 524 Hebraeis
2997 469 3202 537 Sepber
3245 470 3400 523 tehil-

182 546 306 596 \im-
334 529 595 635 Peeimus
628 537 829 635 tertius
852 542 1154 604 Proverbia
1197 550 1519 617 SalOmouis,
1555 553 1788 608 lichmis
1835 556 2062 610 Misloth.
2113 557 2248 620 XIV,
2283 529 2668 619 Ecclesiastes,
2694 559 2925 614 Ilebrteis
2950 529 3224 615 Colieletb.
3283 560 3397 626 XV,

195 628 480 686 Canticum
528 628 907 699 caulicorum,
960 637 1204 695 Hebraeis
1234 643 1323 696 Sir
1370 645 1639 698 hassirim.
1680 645 1814 708 XVI,
1870 645 2057 711 Isaias,
2093 647 2326 702 Hebraeis
2355 650 2544 702 lesain.
2570 647 2727 710 XVII,
2761 650 3006 703 Ieretnias
3029 666 3147 703 cum
3171 649 3396 704 Lamen-

208 717 499 775 tationibus
520 727 575 773 et
598 723 852 789 epistola,
881 726 937 781 in
977 745 1141 784 unum
1166 745 1472 803 compactns
1496 736 1761 793 volumen.
1799 738 1937 803 quod
1969 738 2065 805 ipsi
2116 739 2508 793 vocantlrmia.
2555 739 2731 800 XVIII,
2771 740 2973 804 Daniel,
3023 740 3255 795 Hebraeis
3296 743 3390 796 Da.

207 815 336 869 nieI.
372 813 508 869 XIX.
541 815 792 872 Ezechiel
824 823 968 888 apud
1018 823 1268 881 Hebraeos
1314 825 1577 882 Jeezcltel.
1622 828 1739 894 XX,
1783 826 1903 888 Job.
1957 830 2141 884 eodem
2174 833 2312 900 apud
2346 831 2600 886 llebrmos
2649 831 2862 884 nomine
2907 831 3209 898 insignitus.
3258 832 3393 901 XXI,

201 903 428 968 Esther,
492 908 759 974 quomodo
818 910 986 963 etiam
1036 912 1240 966 Hebraei
1313 926 1526 970 vocant.
1594 915 1754 968 Extra
1815 918 2004 968 borum
2042 931 2263 971 censum
2323 927 2447 973 sunt
2507 919 2631 973 libri
2700 918 3152 983 Macltabaaorum,
3191 920 3280 988 qui
3315 921 3397 974 in-

203 992 552 1059 scribuntur,
582 993 774 1050 Sarbct
806 995 1123 1053 Sarbaneel.

800 1212 1088 1267 ΨΔΛΜΟΣ
1116 1215 1193 1267 A'.

2440 1214 2751 1270 PSALMUS
2787 1216 2826 1268 I.

260 1299 583 1367 Μακάριος
610 1298 764 1368 ἀνὴρ
787 1301 854 1366 ὃς
883 1304 993 1355 οὐκ
1012 1304 1295 1370 ἐπορεύθη
1321 1303 1601 1372 ἐνβουλξὶ
1630 1305 1763 1358 ἀσε-

1936 1304 2095 1358 Vens.
2142 1304 2190 1357 I.
2233 1303 2418 1356 Beatus
2480 1305 2554 1358 vir
2614 1306 2701 1373 qui
2750 1321 2849 1357 non
2915 1305 3039 1356 abiit
3083 1304 3134 1358 in
3181 1317 3396 1359 comma

187 1389 335 1452 σῶν,
368 1406 429 1441 κ.
461 1405 514 1440 τ.
540 1389 587 1440 ὲ.
621 1389 787 1441 Ποίαν
811 1390 924 1460 (55)
947 1391 1109 1462 ἐχρῆν
1136 1390 1271 1445 εἶναι
1305 1391 1559 1460 Ψαλμῶν
1595 1394 1767 1463 ἀρχὴν

186 1477 225 1546 ἢ
255 1476 363 1547 τὴν
383 1477 483 1529 τοῦ
503 1477 645 1529 κατά
663 1477 751 1534 τὸν
772 1479 993 1549 Σωτῆρα
1019 1472 1299 1550 ἀνθρώπου
1315 1481 1403 1533 τὸν
1425 1482 1766 1550 μακαρισμὸν

184 1568 591 1637 περιέχουσαν,
627 1568 723 1620 καὶ
756 1569 879 1630 τοὺς
915 1569 1161 1632 ἐπαίνους
1189 1570 1350 1623 αὑτοῦ
1384 1571 1443 1623 ὲν
1468 1571 1641 1641 ἀποχῇ
1671 1571 1766 1641 μὲν

181 1655 297 1707 τῶν
329 1655 622 1725 χειρόνων,
675 1655 868 1727 μελέτῃ
907 1656 962 1709 δὲ
985 1658 1077 1710 καὶ
1109 1656 1299 1727 πράξει
1328 1658 1434 1711 τῶν
1468 1658 1764 1728 βελτιόνων,

182 1744 282 1805 καὶ
302 1746 377 1814 τῇ
404 1741 726 1812 ἐξομοιώσει
746 1746 814 1813 τῇ
834 1744 966 1814 πρὸς
979 1744 1067 1797 τὸν
1084 1746 1356 1817 Μονογενῆ
1376 1764 1391 1812 ;
1418 1749 1581 1811 ὅστις,
1612 1749 1768 1816 σοφία

180 1832 284 1895 ὣν,
326 1833 492 1896 ξύλον
524 1833 625 1903 μὲν
658 1833 803 1903 ζωῆς
840 1835 898 1887 ὲν
930 1836 1268 1904 Παροιμίαις
1305 1836 1514 1910 εἴρηται
1543 1838 1647 1890 ὑπὸ
1674 1840 1768 1889 Σο-

178 1920 497 1990 λομῶντος,
517 1921 614 1974 νῦν
641 1922 697 1974 δὲ
727 1921 876 1985 ξύλον
895 1925 1290 1993 πεφυτευμένον
1308 1945 1326 1976 ι
1347 1925 1493 1996 παρὰ
1516 1927 1613 1989 τὰς
1635 1927 1767 1991 διεξ-

180 2008 346 2071 όδους
388 2010 501 2062 τῶν
544 2009 775 2072 ὑδάτων,
809 2029 828 2060 ι
851 2010 1015 2063 ὄντων
1034 2011 1202 2080 λόγων
1225 2013 1544 2079 διεξοδικῶν,
1565 2017 1597 2086 ἢ
1620 2016 1766 2086 νόμῳ

178 2096 524 2167 διαλεκτικῷ
558 2097 858 2167 διαιρετῶν·
887 2093 946 2151 οὗ
968 2099 1118 2162 ξύλου
1147 2102 1348 2171 καρποὶ
1373 2103 1468 2171 μὲν
1495 2102 1563 2154 τὰ
1598 2120 1764 2172 προη-

179 2184 442 2254 γούμενα
484 2185 755 2254 δόγματα,
795 2185 964 2253 φύλλα
989 2186 1046 2239 δὲ
1088 2188 1142 2239 αἱ
1183 2187 1352 2252 λέξεις
1382 2189 1474 2242 καὶ
1513 2189 1582 2242 τὰ
1608 2189 1760 2259 ῥητά.

266 2446 383 2500 Τοῦ
414 2446 630 2500 αὐτοῦ.
661 2447 830 2517 Βουλὴ
860 2449 1069 2501 ἀσεϐῶν
1099 2450 1213 2502 ἐστι
1238 2449 1489 2521 λογισμὸς
1517 2452 1763 2524 ἐμπαθὴς

181 2535 480 2605 αἰσθητοῖς
512 2534 807 2604 πράγμασι
833 2536 923 2588 τὸν
954 2536 1076 2590 νοῦν
1109 2538 1473 2608 προσδεσμῶν.
1501 2542 1612 2593 Οὐκ
1642 2536 1761 2594 εἷπε

180 2626 269 2687 δὲ,
302 2644 320 2675 ι
351 2624 669 2693 ἄνθρωπος,
701 2643 719 2675 ι
742 2624 853 2678 ἀλλ’
883 2644 901 2675 ι
934 2627 1094 2699 ἀνὴρ,
1122 2645 1139 2676 ι
1169 2627 1250 2678 δτι
1282 2628 1415 2697 πρὸς
1436 2629 1648 2696 ἀγῶνας
1671 2631 1762 2682 καὶ

182 2714 373 2776 τάλας
397 2715 496 2766 καὶ
528 2714 708 2783 μάχας
733 2713 830 2776 τάς
866 2714 1004 2785 ὑπὲρ
1033 2715 1227 2784 ἀρετῆς
1256 2716 1423 2767 καλεῖ·
1464 2719 1555 2770 καὶ
1588 2718 1765 2787 βούλε-

183 2820 279 2856 ται
307 2805 408 2856 καὶ
436 2804 541 2866 τάς
560 2806 819 2871 γυναῖκας
849 2803 1193 2872 ἀρῤενώπους
1215 2807 1305 2857 καὶ
1333 2806 1577 2876 ἀνδρείας
1604 2804 1758 2864 εἶναι.

184 2891 558 2962 Μακαριότης
603 2891 681 2956 δὲ,
705 2890 880 2960 ψυχῆς
926 2890 1157 2943 ἀπάθεια
1207 2892 1344 2961 μετά
1382 2892 1629 2960 γνώσεως
1656 2894 1762 2947 τῶν

183 2981 358 3035 δντων
385 2979 653 3051 ἀληθοῦς.
688 2980 935 3049 Καθέδρα
967 2980 1166 3049 λοιμῶν
1198 2983 1311 3033 ἐστι
1340 2980 1559 3050 λογικῆς
1588 2982 1764 3053 ψυχῆς

184 3070 302 3136 ἕξις
335 3070 622 3140 χειρίστη,
652 3068 771 3121 καθ’
792 3069 857 3138 ἢν
890 3070 984 3120 καὶ
1025 3070 1149 3132 τοὺς
1171 3069 1358 3131 ἀλλους
1387 3070 1639 3123 διδάσκει·
1672 3073 1764 3125 καὶ

186 3161 430 3231 νομικοὶ,
468 3160 519 3211 οἱ
553 3160 646 3212 καὶ
691 3157 934 3228 κληθεῖεν
960 3155 1025 3211 ἂν
1057 3158 1267 3220 ἀσεϐεῖς
1300 3158 1393 3210 καὶ
1431 3159 1624 3230 λοιμοὶ,
1671 3164 1762 3214 καὶ

193 3242 551 3321 ἁμαρτωλοί.

262 3425 371 3479 Καὶ
410 3425 490 3477 ἐν
509 3421 630 3486 ὁδῷ
651 3420 1010 3488 ἁμαρτωλῶν
1033 3422 1142 3473 οὐκ
1168 3422 1335 3487 ἔστη,
1363 3422 1458 3474 καὶ
1480 3422 1573 3474 ἐπὶ
1597 3424 1763 3476 καθέ-

186 3516 300 3583 δρᾳ
341 3512 584 3580 λοιμῶν
615 3513 725 3564 οὐκ
770 3510 1065 3574 ἐκάθισεν,
1109 3527 1163 3562 κ.
1210 3528 1260 3563 τ.
1298 3513 1341 3562 ὲ.
1381 3512 1610 3575 Γενικῶς
1640 3514 1764 3582 τρία

186 3604 333 3655 ἐστίν
396 3600 541 3671 (56)-
592 3601 712 3668 ἦτοι
753 3598 859 3669 γὰρ
891 3600 987 3668 τὴν
1029 3600 1200 3669 ἀρχὴν
1231 3600 1349 3651 οὐδὲ
1379 3600 1763 3668 ἐπαγγέλλεταί

185 3708 274 3753 τις
302 3689 595 3759 ἀλήθειαν,
635 3687 749 3739 ἀλλ’
783 3687 857 3749 ὼς
887 3687 1091 3756 ἔτυχεν,
1119 3688 1303 3740 ἑαυτὸν
1323 3689 1506 3751 ἐκδοὺς
1525 3694 1638 3753 τοῖς
1664 3708 1763 3761 μα-

186 3779 361 3841 ταίοις
396 3778 499 3831 καὶ
533 3776 903 3840 ἀνεξετάποις
932 3777 1104 3847 πάντη
1127 3777 1481 3847 διαλογισμοῖς
1502 3779 1600 3848 τῆς
1633 3797 1764 3851 καρ-

185 3868 309 3930 δίας
350 3864 556 3928 αὐτοῦ,
580 3864 738 3932 δίκην
775 3863 965 3931 ἀλόγου
1014 3864 1350 3936 βοσκήματος
1399 3867 1634 3935 φέρεται,
1665 3870 1761 3938 οὐχ

187 3952 464 4023 ἑστηκὼς,
500 3950 611 4002 οὐδ’
659 3950 1062 4020 ὲπερειδόμενός
1102 3968 1226 4014 τινι,
1260 3953 1350 4004 καὶ
1389 3951 1475 4004 διὰ
1522 3951 1676 4005 τοῦτο
1699 3955 1758 4006 οὐ
1786 3975 1830 4037 c

185 4041 577 4112 καθιξόμενος,
592 4041 741 4101 ὅστις
756 4040 1073 4108 πορεύεσθαι
1088 4041 1298 4108 λέγεται
1319 4043 1375 4093 ὲν
1394 4045 1458 4113 τῇ
1486 4042 1640 4113 βουλῇ
1655 4046 1760 4097 τῶν

185 4131 427 4184 ἀσεϐῶν.
471 4129 562 4181 Ἐν
597 4125 680 4190 οἷς
704 4127 1039 4196 βουλεύονται
1070 4131 1117 4181 οἱ
1150 4130 1379 4194 ἀσεσετς,
1411 4138 1471 4183 ού
1506 4132 1639 4200 μετὰ
1680 4132 1763 4184 δο-

188 4219 401 4290 κούσης
455 4216 708 4285 σκέψεως
755 4217 1160 4287 προσέρχονται,
1206 4220 1302 4270 ὅσα
1342 4218 1613 4289 νομίζεται
1652 4224 1761 4284 τοῖς

188 4307 549 4366 ἀπαιδεύτοις
578 4303 738 4367 καλὰ,
769 4303 1106 4373 θηρεύοντες.
1142 4307 1211 4357 Ἣ
1256 4308 1311 4358 ὲν
1335 4310 1400 4376 τῇ
1431 4308 1651 4378 ἀληθείᾳ
1678 4308 1761 4360 δο-

189 4399 305 4452 κῶν
333 4399 587 4458 ἑστάναι,
629 4397 691 4448 ού
742 4396 881 4449 κατά
908 4397 1003 4467 τὴν
1031 4397 1199 4466 ἀληθῆ
1231 4398 1567 4451 διδασκαλίαν
1594 4399 1756 4467 βιοὺς,

188 4485 522 4557 ἁμαρτωλὸς
576 4483 712 4553 μετά
756 4483 1091 4553 ἁμαρτωλῶν
1123 4484 1286 4545 ἐστιν,
1320 4482 1495 4554 ζητῶν
1521 4485 1628 4537 τῶν
1671 4503 1759 4538 νο-

196 4573 512 4644 μιζομένων
555 4574 614 4624 ὲν
644 4571 868 4640 ἀληθείᾳ
904 4567 1040 4623 εἶναι
1083 4573 1207 4634 τοὺς
1236 4573 1495 4641 χείρονας,
1538 4575 1629 4625 καὶ
1676 4573 1760 4627 διὰ

190 4664 351 4718 τοῦτο
374 4667 434 4716 ὲν
468 4661 578 4731 ὁδῷ
616 4661 794 4713 αὐτῶν
824 4660 1081 4730 ἑστηκώς.
1109 4663 1175 4713 ’Ἡ
1210 4659 1347 4713 κατὰ
1370 4659 1429 4712 τδ
1454 4662 1628 4729 τρίτον
1654 4663 1758 4714 τῶν

189 4755 250 4805 ὲν
282 4756 347 4822 τῇ
385 4750 730 4822 προκειμένῃ
758 4749 900 4811 λέξει
925 4750 1022 4818 τῆς
1049 4750 1283 4819 Γραφῆς,
1321 4751 1378 4802 ὲν
1407 4750 1619 4818 ψευδέσι
1652 4753 1759 4804 τισὶ

187 4841 425 4911 δόγμασι
480 4840 657 4891 ταῦτα
712 4838 1104 4906 ὑπολαμϐάνων
1149 4835 1283 4891 εἶναι
1327 4840 1549 4910 τάληίιῆ,
1597 4842 1757 4910 φησὶν

191 4928 642 4988 ἀναπεπαῦσθαι,
664 4928 757 4978 καὶ
776 4926 958 4977 οὐκέτι
977 4925 1190 4995 χρῄζειν
1211 4927 1475 4997 πορείαςῆ
1500 4930 1753 4994 στάσεως,

194 5019 383 5086 σχῆμά
408 5035 464 5069 τι
497 5014 863 5085 περιεχούσης
902 5013 996 5065 τοῦ
1031 5015 1374 5084 μηδεπώποτε
1423 5017 1758 5088 πεπληροφο-

197 5107 437 5174 ρημένου
494 5105 624 5173 περὶ
658 5104 767 5154 τῶν
806 5102 1165 5171 Γραμμάτων.
1215 5106 1321 5158 Καὶ
1354 5099 1506 5166 οὗτος
1556 5107 1755 5159 ἐπανα-

193 5193 506 5261 παυόμενος
538 5193 606 5258 τῇ
638 5188 880 5255 καθέδρα
909 5185 1015 5237 τῶν
1041 5186 1436 5260 λυμαινομένων
1454 5189 1773 5252 καθέζεται(

273 5287 288 5315 ¹
318 5284 485 5336 Prov.
514 5298 599 5344 ιιι,
636 5281 727 5333 I8.

267 5374 392 5443 (53)Δ
425 5371 588 5423 Prius
613 5364 1214 5443 (ragment‘nm'exliibet
1243 5368 1406 5443 codex
1434 5367 1761 5443 Anglicanus
1793 5389 1836 5443 ι)

1845 1394 2157 1461 impiarum.
2202 1403 2305 1449 etc.
2359 1393 2632 1459 Quodnam
2679 1393 2815 1446 aliud
2848 1393 3125 1460 oportebat
3164 1393 3397 1447 Psalmo-

1866 1499 1979 1537 rum
2003 1498 2121 1537 esse
2155 1482 2386 1546 initium,
2431 1497 2591 1549 quam
2641 1482 2767 1535 illud
2798 1497 2906 1551 quo
2931 1486 2976 1536 is
3001 1485 3092 1552 qui
3124 1484 3174 1536 in
3206 1483 3394 1536 Salva-

1866 1580 1978 1624 tore
2009 1580 2124 1624 erat
2147 1570 2344 1633 .bomo,
2380 1571 2569 1623 beatus
2598 1570 2753 1624 simul
2794 1571 3109 1639 pranlicatur
3140 1580 3193 1624 et
3218 1570 3399 1623 lauda-

1866 1666 1970 1724 tur,
2012 1658 2152 1726 quod
2193 1671 2223 1710 a
2271 1657 2425 1711 malis
2469 1658 2825 1721 abstinuerit,
2877 1672 3179 1725 magnoque
3230 1657 3395 1711 animi

1863 1745 2041 1799 studio
2066 1746 2232 1814 egerit
2280 1745 2498 1800 meliora
2521 1784 2534 1810 ,
2577 1755 2632 1799 et
2675 1745 2867 1799 similis
2902 1744 3072 1799 factus
3101 1745 3170 1800 sit
3196 1744 3395 1814 Unige-

1864 1834 1996 1896 nilo,
2025 1832 2113 1899 qui
2150 1832 2408 1900 sapientia
2443 1848 2560 1885 cum
2589 1833 2679 1893 sit,
2726 1833 2922 1901 lignum
2951 1834 3164 1901 quidem
3195 1834 3314 1886 vitae
3337 1819 3391 1886 i'n

1866 1917 2162 1972 Proverbiis
2185 1918 2358 1971 dictus
2372 1926 2451 1972 est
2469 1916 2765 1975 Salomonis
2779 1923 2816 1985 ¹,
2837 1934 2973 1973 nunc
2993 1920 3167 1972 dntem
3194 1918 3390 1985 lignum

1863 2007 2148 2076 plantatum
2180 2025 2197 2058 ι
2227 2022 2380 2060 secus
2400 2008 2654 2060 decursus
2684 2022 2972 2074 aquarum,
3032 2025 3050 2057 ι
3094 2008 3391 2061 orationum

1864 2109 2051 2163 nempe
2094 2096 2284 2162 quibus
2333 2094 2530 2163 aliquid
2588 2096 2935 2162 percurritur,
3006 2110 3230 2164 quaeque
3276 2082 3395 2163 lege

1864 2185 2135 2240 dialectica
2190 2186 2499 2239 dividuntur
2539 2201 2553 2235 :
2602 2184 2751 2249 cujus
2807 2185 2932 2253 ligni
2984 2185 3142 2255 53o
3192 2184 3394 2238 fructus

1862 2285 1983 2328 sunt
2017 2274 2278 2343 praecipua
2302 2276 2583 2341 dogmata;
2631 2272 2750 2326 folia
2795 2282 3010 2335 autem,
3055 2272 3313 2325 dictiones
3341 2279 3394 2323 et

1863 2365 2042 2418 verba.

1934 2450 2203 2512 Ejusdem.
2260 2448 2549 2502 Consilium
2592 2448 2875 2514 impiorum
2929 2454 3012 2500 est
3061 2445 3393 2499 ratiocinatio

1864 2539 2001 2592 male
2043 2537 2266 2601 all'ecta,
2299 2552 2415 2605 quae
2453 2537 2793 2591 seusibilibus
2838 2534 2995 2589 rebus
3034 2543 3263 2588 mentem
3295 2534 3393 2587 illi-

1864 2637 1970 2696 gat.
2002 2627 2117 2679 Non
2155 2627 2287 2680 dixit
2311 2636 2509 2686 autem,
2541 2643 2560 2676 ι
2592 2627 2776 2679 beatus
2796 2626 2970 2683 homo,
3002 2643 3020 2674 ι
3053 2624 3166 2685 sed,
3221 2642 3239 2673 ι
3264 2623 3390 2675 bea-

1865 2724 1945 2767 tus
1998 2714 2140 2778 vir,»
2204 2715 2452 2781 quoniam
2505 2716 2569 2766 ad
2621 2715 2838 2781 prmlia,
2903 2713 3295 2765 decertationes
3341 2718 3393 2765 et

1861 2818 2060 2872 pugnas
2088 2819 2181 2871 pro
2227 2804 2425 2857 virtute
2461 2802 2841 2875 suscipiendas,
2865 2802 3133 2864 hortatur,
3178 2800 3394 2867 vultque

1864 2892 2117 2946 mulieres
2141 2903 2193 2945 et
2222 2907 2395 2945 mares
2425 2906 2544 2946 esse
2568 2900 2619 2944 et
2650 2890 2855 2944 viriles.
2903 2889 2996 2942 Est
3027 2900 3199 2942 autem
3228 2887 3396 2941 beati-

1863 2979 1988 3030 tudu
2017 2980 2229 3047 apatbia
2277 2980 2514 3047 quasdam
2546 2994 2667 3032 cum
2696 2991 2821 3030 vera
2865 2991 3040 3029 rerum
3066 2976 3393 3044 cognitione.

1859 3065 2120 3120 Cathedra
2173 3066 2487 3133 pestilentiae
2533 3066 2797 3134 pessimus
2851 3064 3064 3133 quidam
3121 3063 3392 3117 rationalis

1860 3155 2051 3207 anima:
2081 3155 2291 3208 habitus
2337 3162 2419 3208 est
2466 3168 2571 3222 quo
2628 3154 2766 3207 alios
2799 3154 2970 3208 docet.
3033 3151 3132 3219 Qui
3187 3160 3308 3206 sunt
3358 3165 3391 3205 ι

1862 3243 1995 3311 lege,
2030 3258 2122 3296 eos
2168 3243 2300 3297 forte
2341 3257 2532 3298 vocare
2579 3243 2782 3312 poteris
2843 3242 3067 3310 impios,
3114 3251 3289 3311 pestcs
3338 3249 3393 3296 et

1859 3341 2075 3397 peccato
2086 3346 2190 3385 res.
2532 3326 2551 3339 ‘

1930 3418 1993 3471 Et
2030 3420 2084 3472 in
2122 3420 2201 3473 via
2239 3429 2562 3486 peccaturum
2603 3436 2703 3473 non
2745 3420 2916 3485 stetit,
2966 3429 3015 3474 et
3050 3422 3105 3474 in
3143 3420 3391 3473 cathedra

1858 3506 2162 3574 pestilenlia'
2200 3521 2301 3557 non
2326 3505 2477 3569 sedit,
2501 3514 2606 3558 etc.
2635 3504 2944 3558 Generatim
2978 3505 3077 3557 tria
3104 3514 3228 3557 sunt
3261 3523 3274 3558 :
3309 3507 3387 3558 vel

1859 3596 1996 3649 enim
2024 3595 2238 3647 omnino
2270 3608 2375 3650 non
2401 3583 2677 3662 proﬁtetur
2697 3594 2815 3660 quis
2852 3593 3151 3658 veritatem,
3184 3593 3296 3659 sed,
3334 3602 3391 3645 ut

1858 3682 1968 3736 fors
1999 3682 2135 3746 tulit,
2173 3681 2403 3749 seipsum
2434 3681 2582 3733 vanis
2627 3691 2679 3734 et
2703 3672 3057 3747 inexploratis
3097 3680 3275 3733 cordis
3306 3680 3387 3734 sui

1859 3770 2267 3839 cogitationibus
2295 3769 2534 3833 tradens,
2562 3770 2728 3823 instar
2755 3770 2925 3822 bruta:
2954 3769 3166 3837 pecudis
3200 3768 3388 3834 I'ertur,

1859 3876 1962 3913 non
1985 3869 2129 3912 stans
2156 3874 2323 3927 neque
2362 3875 2419 3913 re
2460 3859 2705 3927 quapiam
2738 3858 2945 3910 innixus
2970 3895 2985 3919 ,
3021 3867 3074 3911 et
3111 3866 3389 3926 propterea

1861 3966 1964 4003 non
1993 3950 2182 4003 sedens
2207 3949 2327 4017 :qui
2356 3950 2568 4017 quidem
2605 3949 2655 4000 in
2685 3947 2909 4002 consilio
2938 3947 3216 4016 impiorum
3240 3949 3391 4003 abire

1860 4037 2068 4090 dicitur.
2132 4036 2299 4090 Porro
2342 4037 2486 4105 impii
2530 4037 2595 4090 ad
2637 4037 2915 4092 consilium
2968 4052 3033 4090 ne
3067 4039 3119 4090 itt
3155 4038 3386 4105 speciem

1859 4128 2068 4196 quidem
2092 4127 2427 4180 considerate
2448 4131 2723 4192 accedunt,
2766 4128 2857 4182 sed
2877 4143 3202 4196 quaecunque
3226 4130 3390 4195 impe-

1860 4216 1946 4268 riti
1976 4215 2107 4268 bona
2132 4215 2460 4278 existimant,
2494 4230 2553 4268 ea
2587 4225 2882 4270 sectantur.
2917 4218 3006 4272 Vel
3035 4219 3125 4287 qui
3163 4220 3214 4271 in
3240 4219 3388 4271 veri-

1861 4314 1968 4359 tate
2018 4304 2225 4357 videtur
2255 4314 2437 4372 _stare,
2485 4318 2587 4356 non
2636 4315 2813 4358 autem
2879 4308 3165 4360 secundum
3211 4322 3388 4361 veram

1859 4393 2152 4447 doctrinam
2176 4392 2325 4456 vivit,
2358 4391 2403 4444 is
2435 4400 2684 4458 peccator
2723 4406 2843 4447 cum
2883 4396 3249 4460 peccatoribus
3287 4406 3388 4460 est,

1857 4497 2041 4537 eorum
2093 4481 2184 4548 qui
2236 4480 2289 4534 in
2338 4481 2562 4534 veritate
2605 4495 2725 4535 esse
2762 4492 3040 4549 putantur,
3096 4483 3389 4541 deteriores

1858 4585 2117 4637 quaerens,
2168 4577 2221 4622 et
2265 4578 2545 4637 propterea
2601 4569 2653 4623 in
2706 4571 2788 4623 via
2837 4585 3021 4625 eorum
3074 4582 3241 4627 stans.
3293 4573 3385 4627 Vel

1851 4657 2000 4726 juxta
2029 4660 2237 4710 tertium
2265 4673 2430 4727 genus
2455 4672 2635 4712 eorum
2668 4660 2757 4726 qui
2791 4660 3075 4727 propositis
3099 4658 3387 4729 Scriptura:

1860 4745 2033 4799 verbis
2064 4757 2572 4810 commemorantur,
2602 4747 2690 4813 qui
2714 4744 2845 4799 falsa
2875 4748 3114 4814 quaedam
3139 4749 3385 4817 dogmata

1856 4850 1979 4888 vera
2022 4849 2139 4888 esse
2174 4843 2351 4903 putat,
2397 4835 2440 4888 is
2477 4835 2528 4887 in
2574 4835 2678 4888 illis
2701 4836 2777 4887 ait
2805 4850 2864 4888 se
2890 4835 3257 4905 requiescere,
3290 4851 3386 4890 nec

1855 4925 1954 4979 sibi
1984 4925 2206 4993 amplius
2229 4940 2360 4993 opus
2391 4940 2508 4981 esse
2532 4936 2587 4979 ut
2610 4928 2847 4981 ambulet
2870 4937 2961 4979 aut
2989 4935 3115 4991 stet,
3141 4927 3208 4980 ad
3246 4928 3388 4981 illius

1856 5014 1965 5068 fere
2017 5015 2188 5068 instar
2236 5029 2391 5083 quem
2439 5029 2711 5068 sacrarum
2741 5015 3062 5067 Litterarum
3113 5027 3387 5080 nunquam

1855 5105 2068 5159 satietas
2094 5100 2252 5170 cepit.
2281 5096 2376 5152 Hic
2403 5097 2745 5168 requiescens
2766 5102 2817 5153 in
2839 5103 3088 5157 cathedra
3121 5101 3388 5165 pestilen-

1857 5196 1988 5249 tium
2031 5194 2199 5247 sedet.
2242 5193 2312 5244 De
2351 5190 2545 5257 quibus
2597 5202 2770 5245 autem
2797 5207 2922 5254 vox,
2964 5187 3338 5257 «pestilentia,
3362 5208 3386 5245 ι

1935 5374 2044 5443 (56)
2076 5373 2332 5439 Γενικῶς
2376 5376 2506 5443 τρία
2543 5374 2726 5443 ἑοζτίν.
2754 5382 2854 5443 etc.
2891 5366 3103 5443 Origetti
3134 5366 3252 5443 haec
3298 5374 3400 5443 tri-

194 5428 313 5492 nu'e
364 5428 811 5508 '4,_part_i_irque_
857 5428 1437 5508 Corderius;_alterum
1495 5428 1762 5508 prodithe

1865 5428 2099 5496 buunt'ur
2124 5445 2177 5496 in
2202 5428 2384 5495 codice
2401 5428 2727 5494 'Barocciano
2751 5439 2873 5508 235,
2895 5446 2949 5493 et
2976 5428 3188 5488 initium
3223 5434 3405 5494 habe.

190 5522 236 5625 εὖ
256 5507 428 5625 bilis.
449 5496 667 5564 Grabii,
713 5496 767 5551 ct
792 5496 980 5552 Laliuc
1000 5506 1172 5552 exstat
1198 5501 1251 5553 in
1282 5496 1762 5559 Catena'Daniclis

241 5589 304 5625 ar
348 5588 453 5625 art.

241 5588 453 5625 aruart.

1867 5522 1953 5564 tur
1994 5513 2045 5564 in
2068 5512 2262 5565 Catena
2305 5508 2548 5562 Barbari.
