3806 6238
325 264 454 318 1091

1686 251 1774 306 EX
1804 243 2102 304 ORIGENE

3547 227 3672 282 1092

323 375 526 443 Projicit
565 382 780 439 ventus,
827 379 931 427 etc.
982 371 1161 439 Neque
1209 368 1500 424 llehraicus
1538 375 1709 422 textus
1761 381 1823 436 ge

2148 374 2217 410 rat
2250 357 2484 424 ἄνεμος
2537 350 2676 407 ἀπὸ
2727 345 3138 416 πρίδσώπου
3175 339 3288 408 τῆς
3339 337 3488 410 γῆς,
3535 360 3584 396 κ.
3611 361 3651 396 τ.

327 465 494 518 minat
535 463 698 526 illud,
752 480 769 512 σ
823 477 926 516 non
974 462 1087 524 sic,
1133 480 1150 510 ι
1201 475 1372 528 neque
1402 459 1540 513 ullus
1590 459 1858 524 interpre-

325 563 460 607 tum.

392 658 554 713 Vnus.
593 657 644 712 5.
685 657 813 710 Ideo
843 673 943 709 non
967 663 1230 724 resurgent
1261 654 1403 722 impii
1427 653 1479 707 in
1499 653 1724 720 judicio,
1749 660 1854 706 etc.

327 747 440 800 Hoc
484 746 644 813 igitur
685 745 798 797 loco
823 745 911 810 qui
936 758 1002 796 ex
1037 743 1282 796 ﬁdelibus
1311 741 1668 808 simpliciores
1711 747 1857 799 sunt.

329 836 559 887 maxime
590 831 733 894 freti,
766 831 957 897 impios
1007 838 1198 898 negant
1251 829 1661 881 resurrectionis
1712 840 1862 879 com-

331 934 482 990 potes
512 920 742 983 futuros,
782 933 955 985 neque
979 919 1104 985 quid
1144 931 1237 984 per
1283 913 1736 967 resurrectionem
1779 911 1864 963 in-

331 1013 591 1080 telligant,
646 1017 738 1061 aut
782 1008 941 1076 quale
997 1007 1095 1058 sibi
1148 1005 1404 1070 judicium
1458 1002 1680 1070 ﬁngant,
1729 1000 1863 1053 satis

334 1101 624 1168 explicant.
645 1098 775 1150 Nam
795 1097 892 1149 etsi
917 1109 1064 1148 suam
1088 1093 1152 1145 de
1177 1092 1258 1144 his
1280 1092 1595 1145 sententiam
1627 1104 1864 1157 pronun-

334 1191 464 1242 tiare
489 1189 792 1248 videantur,
841 1199 903 1237 ex
955 1183 1068 1250 ipsa
1110 1191 1284 1233 tamen
1337 1180 1685 1246 inquisitione
1735 1192 1866 1230 con-

333 1275 517 1336 stabit,
565 1272 784 1324 minime
815 1270 932 1322 illos
959 1283 1078 1336 quze
1132 1268 1519 1334 consequentia
1553 1275 1681 1318 sunt
1707 1277 1866 1332 posse

334 1379 565 1418 servare.
591 1363 768 1427 Quare
795 1360 842 1412 si
875 1375 966 1412 eos
1009 1359 1421 1424 interrogemus,
1452 1356 1734 1424 cuiusnam
1783 1367 1869 1406 re-

334 1453 596 1506 surrectio
629 1449 785 1519 533
833 1448 1007 1501 futura
1039 1447 1145 1510 sit;
1196 1461 1479 1512 corporum
1539 1445 1724 1511 utique
1779 1457 1868 1495 re-

335 1542 612 1612 spondent,
649 1541 840 1607 quibus
871 1537 1026 1589 modo
1055 1535 1366 1588 circumdati
1405 1548 1586 1586 sumus
1615 1550 1629 1586 :
1661 1531 1754 1585 sed
1785 1531 1868 1583 in—

335 1633 596 1685 stantibus
625 1629 796 1691 nobis,
823 1628 1054 1680 totiusne
1088 1623 1398 1699 substantia:
1426 1636 1592 1676 necne
1627 1635 1746 1673 esse
1779 1621 1865 1671 de-

341 1723 481 1784 beat,
521 1726 802 1786 antequam
835 1715 1115 1782 diligenter
1163 1714 1488 1778 expendant,
1543 1710 1706 1763 totius
1750 1720 1871 1760 esse

337 1807 615 1860 deﬁniunt.
667 1804 814 1868 Quod
861 1802 905 1856 si
957 1816 1054 1855 nos
1107 1801 1173 1852 ad
1208 1799 1418 1852 illorum
1477 1798 1870 1866 simplicitatem

339 1895 807 1949 accommodantes
837 1893 1024 1945 iterum
1040 1890 1329 1943 dubitando
1349 1897 1871 1956 percontemur,num

343 1999 444 2037 una
496 1983 712 2050 sanguis
768 1980 854 2034 ille
904 1982 1220 2033 restituatur
1263 1977 1349 2045 qui
1400 1986 1541 2030 secta
1591 1976 1872 2029 identidem

343 2085 472 2122 vona
505 2069 725 2122 defusus
751 2076 850 2129 est,
881 2081 978 2119 nec
1026 2081 1130 2118 non
1182 2074 1236 2119 et
1281 2079 1406 2117 caro
1446 2063 1620 2116 omnis
1661 2077 1722 2114 ac
1758 2062 1874 2131 pili,

341 2158 429 2224 qui
467 2171 698 2222 unquam
733 2155 877 2207 enati
921 2161 1088 2206 sunt:
1118 2168 1182 2205 an
1233 2152 1268 2204 ii
1312 2153 1591 2215 duntaxat,
1640 2152 1730 2217 qui
1776 2151 1875 2204 sub

338 2245 537 2297 exitum
571 2252 808 2295 nostrum
838 2243 1205 2302 eﬂloruerunt,
1229 2255 1293 2294 eo
1322 2239 1658 2308 confugiunt,
1689 2247 1747 2290 ut
1773 2238 1876 2292 Deo

342 2333 748 2400 permittendum
781 2346 900 2385 esse
935 2331 1135 2392 dicant,
1173 2339 1230 2382 ut
1252 2345 1371 2398 qua:
1395 2329 1539 2392 velit,
1571 2327 1780 2382 eﬁiciat.
1809 2327 1878 2380 At

339 2425 429 2492 qui
463 2423 630 2489 magis
654 2423 792 2474 inter
820 2421 940 2475 illos
974 2420 1174 2474 strenui
1201 2427 1345 2481 sunt,
1388 2433 1455 2471 ne
1483 2417 1754 2486 sanguinis
1783 2431 1876 2470 co-

346 2515 485 2582 piam
517 2526 754 2572 omncm,
784 2510 871 2577 qui
905 2525 971 2563 ex
995 2507 1314 2577 corporibus
1345 2505 1543 2560 nostris
1570 2506 1880 2573 plerumque

349 2609 586 2655 secretus
624 2608 726 2661 est,
760 2598 812 2650 in
857 2611 1016 2650 unum
1072 2594 1320 2650 conferre
1363 2595 1606 2646 oratione
1653 2607 1748 2645 sua
1785 2607 1880 2646 co.

343 2699 557 2759 gantur,
598 2689 854 2755 ejusmodi
916 2701 1194 2754 resurgere
1257 2698 1480 2752 corpora
1537 2682 1876 2751 praedicant,

345 2779 524 2848 qualia
582 2777 931 2831 morientibus
975 2773 1124 2827 nobis
1151 2772 1474 2833 exstiterint,
1527 2779 1713 2824 contra
1746 2783 1881 2836 quos

345 2870 471 2923 illud
519 2869 735 2936 insuper
768 2865 1072 2931 obiicimus,
1102 2878 1220 2917 cum
1261 2863 1332 2915 sit
1377 2874 1657 2928 corporum
1687 2867 1879 2911 natura

352 2956 649 3021 mutabilis,
680 2953 1128 3023 quemadmodum
1161 2952 1212 3003 in
1259 2964 1451 3017 corpus
1493 2956 1731 3001 nostrum
1783 2947 1883 2999 ali-
1911 2991 1952 3047 Ο

348 3057 522 3100 menta
569 3047 904 3112 digeruntur,
967 3039 1454 3106 similitudinesque
1501 3045 1880 3097 transmutant,

349 3134 423 3186 ita
469 3141 521 3187 et
573 3145 797 3200 corpora
847 3121 1027 3182 nostra
1079 3127 1342 3187 converti,
1401 3134 1456 3178 et
1505 3138 1532 3175 a
1585 3123 1884 3177 carnivoris

349 3223 557 3283 avibus,
607 3219 835 3287 ferisque
879 3219 1096 3286 depasta
1143 3228 1423 3282 corporum
1458 3212 1670 3267 illorum
1704 3223 1885 3281 partes

351 3309 503 3362 efﬁci.
539 3308 666 3373 Qua:
689 3309 901 3376 quidem
931 3321 1142 3360 rursum
1177 3305 1243 3357 ab
1277 3303 1602 3364 hominibus,
1642 3311 1734 3353 aut
1762 3301 1886 3354 aliis

359 3398 674 3452 animalibus
711 3399 965 3452 devorata
998 3395 1236 3449 vicissim
1287 3400 1580 3455 mutantur,
1613 3401 1667 3444 et
1717 3389 1890 3443 homi-

355 3502 479 3540 num
515 3486 596 3540 vel
637 3487 861 3539 aliorum
898 3484 1207 3538 animalium
1233 3496 1460 3552 corpora
1489 3480 1622 3534 ﬁunt
1651 3495 1666 3533 :
1698 3493 1800 3546 qua
1832 3493 1890 3532 re

356 3574 546 3642 saepius
594 3577 839 3643 repetita,
873 3588 1092 3628 necesse
1123 3581 1204 3627 est
1250 3572 1390 3626 idem
1423 3583 1615 3637 corpus
1644 3566 1887 3634 complu-

357 3666 491 3719 rium
522 3665 794 3718 hominum
831 3664 1026 3732 saapius
1067 3677 1184 3716 esse
1216 3668 1446 3730 partem.
1478 3658 1762 3723 Cuiusnam
1790 3655 1889 3724 igi.

359 3764 444 3808 tur
480 3756 532 3808 in
568 3753 963 3807 resurrectione
1003 3767 1198 3819 corpus
1223 3765 1342 3804 esse
1371 3747 1628 3802 debebit?
1665 3746 1742 3798 lla
1795 3759 1891 3798 nos

360 3845 500 3897 velut
525 3843 730 3896 ratione
760 3843 1000 3896 destituti
1044 3843 1094 3894 in
1123 3841 1412 3894 altissimas
1438 3838 1696 3906 quasdam
1725 3849 1893 3904 nugas

357 3939 514 3997 atque
546 3929 770 3997 ineptias
804 3928 1154 3981 devolvimur.
1183 3927 1444 3980 Cancrum
1469 3932 1587 3993 post
1612 3925 1724 3977 ltaac
1745 3939 1772 3974 a
1802 3937 1896 3975 no-

360 4019 442 4072 bis
474 4017 703 4084 objecta,
750 4031 812 4070 eo
843 4017 1057 4069 demum
1107 4030 1164 4069 se
1197 4015 1453 4079 referunt,
1488 4023 1545 4065 ut
1580 4015 1756 4066 omnia
1787 4013 1894 4065 Deo

363 4106 628 4174 possibilia
663 4120 781 4159 esse
836 4107 1038 4169 dicant,
1091 4112 1249 4171 atque
1299 4106 1364 4156 ad
1409 4103 1711 4171 opinionem
1744 4115 1894 4152 suam

361 4196 599 4262 quaedam
654 4195 948 4262 Scriptura:
986 4196 1311 4258 testimonia,
1353 4207 1469 4260 qua:
1507 4192 1678 4258 primo
1711 4190 1897 4241 obvio-

364 4300 464 4353 que
491 4299 648 4337 sensu
684 4285 895 4337 illorum
944 4286 1263 4338 conﬁrmare
1289 4285 1478 4349 dogma
1504 4279 1769 4338 videntur,
1804 4291 1896 4330 ac-

366 4374 700 4428 commodare
725 4374 994 4428 nituntur.
1029 4374 1197 4439 Quale
1235 4381 1317 4424 est
1347 4366 1644 4422 Ezechielis
1684 4366 1809 4419 illud
1834 4366 1856 4396 ⁵
1884 4383 1896 4417 :

371 4480 390 4512 ι
444 4459 511 4512 Ει
562 4459 697 4512 facta
725 4469 807 4512 est
836 4476 996 4528 super
1041 4478 1126 4516 me
1157 4473 1345 4513 manus
1378 4455 1608 4517 Domini,
1638 4465 1693 4507 et
1718 4453 1902 4506 eduxit

367 4565 451 4604 me
483 4550 534 4602 in
571 4551 782 4616 spiritu,
808 4559 864 4602 et
901 4551 1076 4618 posuit
1106 4566 1188 4603 me
1219 4550 1270 4602 in
1306 4547 1479 4600 medio
1509 4544 1702 4611 campi,
1736 4553 1790 4596 et
1813 4543 1901 4594 hic

368 4648 483 4692 erat
532 4639 717 4706 plenus
749 4639 961 4692 ossibus
992 4638 1286 4692 hominum.
1321 4637 1384 4688 Et
1414 4634 1770 4688 circumduxit
1818 4645 1902 4684 me

369 4730 433 4781 ad
459 4745 518 4781 ea
547 4745 639 4797 per
663 4729 978 4791 circuitum;
1013 4738 1066 4780 ct
1094 4741 1219 4780 ecce
1254 4723 1419 4778 multa
1448 4722 1602 4774 valde
1634 4722 1684 4771 in
1711 4733 1900 4786 snper-

373 4820 487 4874 ﬁcie
516 4821 725 4887 campi;
776 4827 828 4872 et
862 4833 986 4871 ecce
1037 4818 1148 4884 ipsa
1179 4812 1323 4866 arida
1356 4811 1530 4863 valde.
1568 4809 1633 4861 Et
1668 4809 1802 4860 dixit
1834 4807 1899 4857 ad

372 4923 453 4962 me
480 4926 492 4960 :
524 4907 622 4961 Fili
662 4906 913 4968 hominis,
968 4905 1011 4958 si
1047 4904 1224 4955 vivent
1271 4913 1391 4951 ossa
1447 4897 1600 4948 Ιηεοῖ
1635 4897 1698 4948 Ει
1750 4896 1901 4947 dixi:

374 4999 587 5050 Domine
641 4999 796 5058 Deus,
827 5004 883 5050 tu
932 4995 1043 5060 ipsa
1079 4989 1237 5042 nosti.
1273 4987 1336 5037 Et
1361 4985 1493 5036 dixit
1518 4986 1584 5036 ad
1611 4998 1692 5035 me
1725 5000 1738 5035 :
1771 4983 1904 5037 Pro-

370 5087 600 5153 pltetiza,
627 5087 695 5138 ﬁli
731 5085 980 5137 hominis.
1016 5080 1080 5132 Et
1113 5079 1319 5128 locutus
1353 5088 1467 5126 sum
1493 5073 1556 5122 ad
1586 5073 1697 5124 hac
1733 5094 1742 5125 :
1771 5073 1903 5126 Ossa

373 5178 537 5240 arida,
574 5180 750 5232 audite
798 5177 1013 5228 verbum
1063 5167 1290 5222 Dumitti.
1325 5165 1447 5218 Haec
1479 5165 1610 5216 dicit
1642 5164 1896 5218 Dominus

435 5267 458 5297 ⁸
481 5267 673 5320 Ezech.
699 5279 904 5327 χχχιιι,
936 5263 959 5318 1
986 5271 1042 5314 et
1069 5274 1220 5326 seqq.

441 5353 548 5421 (59)
581 5359 726 5409 Οὔτε
767 5355 831 5408 τὸ
892 5351 1238 5421 Ἐϐραϊκρνι
1289 5355 1394 5421 etc.
1454 5343 1715 5421 Scholion
1764 5343 1906 5421 istud

377 5410 554 5473 (ὲκ-Ξερέ
579 5425 830 5477 exhibent
862 5410 1068 5476 sche'da‘
1095 5415 1501 5471 Gombeﬁsiana:
1522 5445 1536 5469 ,
1570 5425 1624 5464 et
1678 5410 1908 5464 Grabia-

378 5497 478 5536 nar.
511 5487 565 5539 lu
595 5493 790 5543 Catena
818 5491 1056 5544 Cnrderii
1079 5485 1354 5540 Geunadio
1387 5480 1695 5532 aseribitur.

443 5552 548 5623 (60)
574 5557 805 5611 [labetur
835 5559 970 5612 istud
1005 5559 1356 5624 fragmentum
1382 5550 1518 5617 apud
1551 5545 1905 5616 Epiphanium

1957 450 2004 500 ἐ.
2035 446 2175 499 Οὔτε
2230 447 2294 497 τὸ
2333 443 2651 514 Ἑϐραῖκὸν
2706 440 2839 511 (59)
2903 432 3281 490 ἁνεδίπλωσε
3342 431 3451 502 τὴν
3503 430 3652 498 λέξιν,

1959 536 2084 589 οὔτε
2110 535 2220 588 τῶν
2246 532 2623 604 ἐρμηνευτῶν
2654 527 2887 590 οὐδείς.
2935 559 2942 564 -

2029 626 2135 678 Διὰ
2161 624 2342 677 τοῦτο
2364 625 2483 676 οὐκ
2511 619 3044 685 ἀναστήσονται
3071 614 3332 680 ἀσεϐεῖς
3354 613 3431 666 ἐν
3452 616 3648 682 κρίσει,

1959 734 2012 769 κ.
2050 733 2105 767 τ.
2149 716 2194 766 ὲ.
2246 713 2536 766 Ἐντεῦθεν
2574 712 2702 781 (60)
2752 711 2810 762 οἱ
2875 705 3284 775 ἁπλούστεροι
3341 704 3459 755 τῶν
3503 722 3648 758 πεπι-

1965 805 2273 857 στευκότων
2312 801 2646 874 ὁρμώμενοι
2701 799 3038 868 νομίζουσι
3099 795 3232 854 τοὺς
3295 793 3530 856 ὰσεῦεἶς
3573 798 3658 865 ἧς

1963 894 2315 954 ἀναστάσεως
2350 892 2425 960 μὴ
2459 888 2775 954 τεύξεσθαι
2801 927 2817 948 ,
2871 887 2936 937 τί
2975 883 3278 943 νοοῦντες
3319 883 3431 951 τὴν
3462 884 3674 936 ἀνάστα-

1966 997 2071 1043 σιν,
2103 982 2199 1032 καὶ
2229 978 2486 1046 ποταπὴν
2525 976 2635 1044 τὴν
2678 974 2896 1044 κρίσιν
2945 967 3450 1039 φανταζόμενοι,
3477 972 3537 1023 οὐ
3565 973 3679 1026 πάν)

1967 1069 2384 1139 σαφηνίζοντες.
2414 1066 2536 1118 Κᾶν
2564 1065 2686 1134 γὰρ
2714 1063 2950 1116 δοκῶσι
2994 1078 3078 1112 πε
3091 1059 3159 1129 pl
3197 1058 3438 1110 τούτων
3479 1060 3682 1128 timeat.

1965 1159 2174 1219 νεσθαι,
2203 1158 2237 1225 ἡ
2271 1155 2511 1224 βάσανος
2551 1152 2773 1212 αὐτοὺς
2810 1147 3136 1214 διελέγξει
3169 1143 3263 1195 τὰ
3307 1145 3446 1214 ἑξῆς
3485 1147 3680 1203 ἀκωσά,

1967 1245 2075 1309 θως
2121 1243 2316 1306 σώζειν
2354 1243 2430 1311 μὴ
2475 1240 2866 1309 δυναμένους.
2921 1237 3076 1289 Ἐὰν
3137 1229 3263 1286 οὖν
3310 1235 3687 1307 πυνθανώμεθα

1967 1333 2112 1394 τίνος
2160 1330 2342 1383 αὐτῶν
2373 1331 2406 1398 ἡ
2433 1327 2755 1388 ἀνάστασις
2790 1325 3082 1392 γίνεται,
3139 1321 3600 1392 ἀποκρίνονται,
3625 1330 3689 1385 ὃτι

1967 1419 2076 1473 τῶν
2131 1418 2426 1487 σωμάτων,
2481 1409 2562 1470 ὧν
2595 1414 2700 1466 νῦν
2737 1412 3210 1483 περικείμεθα.
3270 1404 3428 1465 Εἶτα
3477 1432 3686 1485 προσεπ.

1969 1508 2368 1579 ερωτησάντων
2440 1505 2608 1575 ἡμῶν
2686 1503 2955 1573 πότερον
3047 1502 3177 1571 τῆς
3259 1499 3477 1566 οὐσίας
3543 1508 3693 1563 αὐτῶν

1969 1599 2127 1668 ὅλης,
2171 1597 2205 1665 ἥ
2239 1596 2399 1664 auxi;
2443 1594 2584 1664 πρὶν
2646 1592 2980 1661 βασανίσαι
3020 1590 3378 1657 λέγουσιν,
3423 1595 3507 1649 ὅτι
3560 1599 3685 1672 ὅλης,

1903 1681 1944 1734 Β
1984 1689 2109 1741 Ἐὰν
2167 1689 2226 1740 δὲ
2296 1684 2850 1754 προσαπορήσωμεν
2941 1689 3580 1759 συμπεριφερόμενοι
3639 1699 3692 1765 τῇ

1972 1777 2322 1850 ἀκεραιότητι
2351 1773 2560 1834 αὐτῶν,
2599 1774 2651 1824 εἰ
2701 1771 3279 1838 συναναστήσεται
3331 1779 3409 1828 τά
3439 1781 3682 1850 άπορῤεέ,

1975 1881 2142 1917 σαντα
2187 1865 2246 1915 ἐν
2277 1859 2677 1928 φλεϐοτομίαις
2719 1858 2992 1926 αἵματα,
3055 1857 3178 1909 καὶ
3213 1857 3285 1908 αἱ
3316 1863 3537 1930 σάρκες,
3585 1871 3660 1918 χαι

1973 1954 2028 2004 αἱ
2067 1951 2252 2020 τρίχες
2284 1951 2339 2000 αἱ
2374 1947 2606 2000 πώποτε
2641 1947 3006 2014 γενόμεναι,
3043 1944 3083 2013 ἢ
3131 1945 3314 2014 μόναι
3344 1950 3403 1998 at
3441 1950 3569 2016 πρὸς
3601 1953 3653 2017 τῇ

1973 2039 2138 2108 ἐξόδῳ
2171 2038 2514 2107 θλιϐόμεναι,
2546 2038 2633 2098 εἰς
2666 2035 2734 2086 τὸ
2775 2034 2867 2103 τῷ
2899 2033 3046 2103 Θεῷ
3085 2036 3285 2085 ποιεῖν
3334 2035 3454 2102 (61)
3483 2036 3516 2088 a
3557 2037 3657 2104 βοόο

1973 2131 2122 2184 λεται
2155 2128 2616 2198 προστρέχουσιν.
2657 2127 2728 2176 Oi
2772 2125 2838 2176 δὲ
2874 2124 3312 2194 γενναιότεροι
3360 2126 3561 2187 αὐτῶν,
3586 2128 3655 2178 ἶνα

1979 2217 2052 2286 μὴ
2102 2215 2531 2282 ἀναγκάζωνται
2567 2213 2641 2265 τὰ
2679 2212 2841 2265 αὐτὰ
2897 2213 3151 2282 αἵματα
3214 2216 3562 2280 συναγαγεῖν
3596 2213 3658 2281 τῷ

1975 2303 2116 2372 λόγῳ
2149 2303 2185 2355 ἃ,
2219 2301 2488 2364 πολλάκις
2536 2301 2952 2372 ἀποκριθῆναι
3001 2302 3132 2354 τῶν
3189 2304 3492 2371 σωμάτων
3524 2303 3662 2374 ἡμῶν

1978 2392 2198 2462 συνέϐη,
2220 2394 2354 2462 φασὶ
2387 2393 2448 2444 τὸ
2477 2392 2574 2444 ἐπὶ
2600 2392 2758 2443 τέλει
2793 2392 2975 2460 ἡμῶν
3009 2393 3474 2462 ἀναστήσεσθαι
3507 2393 3659 2461 σῶμα.

1976 2484 2496 2554 Προσηπορήσαμεν
2543 2482 2603 2534 δὲ
2652 2481 2751 2533 διὰ
2788 2481 2858 2533 τὸ
2903 2482 3190 2553 τρεπτὴν
3230 2478 3394 2534 εἶναι
3443 2483 3542 2552 τὴν
3577 2498 3665 2534 τω-

1982 2575 2217 2644 ματικὴν
2257 2572 2441 2640 φύσιν,
2473 2572 2574 2623 καὶ
2607 2570 2861 2623 τοιαῦτα
2913 2571 3139 2642 ὥσπερ
3175 2574 3270 2634 είς
3319 2574 3390 2625 τὸ
3420 2572 3667 2641 ἡμέτερον

1981 2663 2142 2732 σῶμα
2185 2663 2242 2714 αί
2290 2661 2496 2732 τροφαὶ
2550 2664 3062 2723 κατα-τάττονται,
3115 2663 3229 2714 καὶ
3268 2661 3672 2730 μεταϐάλλουσι

1979 2752 2077 2813 τὰς
2111 2752 2452 2821 ὁμοιότητας,
2488 2750 2673 2812 οὕτως
2707 2752 2817 2802 καὶ
2847 2752 2926 2803 τὰ
2961 2752 3254 2822 ἡμέτερα
3305 2752 3550 2822 σώματα
3591 2769 3675 2822 με-

1982 2841 2356 2901 ταϐάλλονται,
2410 2840 2506 2892 καὶ
2541 2841 2602 2891 ἐν
2637 2841 2768 2900 τοῖς
2837 2842 3254 2911 σαρκοϐόροις
3314 2842 3540 2902 οἰωνοῖς
3589 2836 3680 2890 καὶ

1986 2929 2194 2998 Θηρίοις
2234 2926 2510 2995 γίγνονται
2561 2926 2713 2995 μέρη
2753 2927 2881 2979 τῶν
2920 2929 3182 2980 ἐκείνων
3229 2929 3548 2999 σωμάτων.
3584 2926 3681 2977 Καὶ

1988 3017 2146 3069 πάλιν
2179 3018 2361 3067 ἐκεῖνα
2404 3015 2512 3065 ὑπὸ
2569 3015 2914 3084 ἀνθρώπων
2948 3017 2986 3086 ἦ
3030 3018 3267 3087 ἐτέρων
3314 3018 3484 3080 ζώων
3516 3015 3681 3068 ἐσθιό-

1991 3122 2126 3175 μενα
2157 3104 2638 3172 ἀντιμεταϐάλλει,
2676 3105 2784 3156 xal
2823 3106 3063 3172 γίνεται
3114 3108 3472 3178 ἀνθρώπων
3501 3108 3535 3177 ἦ
3579 3107 3685 3158 ἐτέ-

1991 3217 2100 3271 ρων
2131 3198 2284 3261 ζώων
2321 3196 2554 3266 σώματα
2574 3215 2588 3227 ’
2627 3199 2733 3250 καὶ
2766 3200 2992 3252 τούτου
3030 3202 3138 3252 ἐπὶ
3165 3201 3321 3253 πολὺ
3354 3200 3682 3267 γιγνομένου

1990 3291 2200 3358 ἀνάγκη
2230 3287 2293 3339 τὸ
2321 3288 2453 3339 αὐτὸ
2492 3287 2662 3356 σῶμα
2706 3290 3006 3344 πλειόνων
3047 3292 3399 3362 ἀνθρώπων
3432 3291 3687 3348 πολλάκις

1990 3381 2242 3450 γενέσθαι
2282 3379 2467 3449 μέρος.
2515 3380 2683 3443 Τίνος
2718 3377 2827 3434 οὖν
2871 3383 3050 3436 ἔσται
3100 3383 3286 3453 σῶμα
3344 3383 3411 3434 ἐν
3463 3385 3532 3452 τῇ
3567 3383 3688 3432 ἁνα-

1993 3472 2211 3534 στάσει;
2245 3471 2354 3523 Kal
2389 3469 2569 3532 οὕτως
2599 3473 2685 3533 εἰς
2748 3471 2935 3540 βυθὸν
2986 3475 3292 3545 φλυαρίας
3352 3476 3517 3544 ἡμᾶς
3568 3470 3684 3524 an-

1993 3577 2121 3628 γους
2154 3560 2265 3631 (62)
2300 3558 2654 3627 συμϐήσεται
2704 3562 3071 3630 ἐμπίπτειν.
3125 3565 3247 3616 Kal
3293 3563 3454 3630 μετὰ
3493 3561 3683 3619 ταύτας

1992 3652 2089 3713 τὰς
2134 3649 2388 3717 ἀπορίας,
2433 3650 2530 3700 ἐπὶ
2564 3649 2630 3701 τὸ
2677 3651 2889 3704 πάντα
2941 3653 3172 3706 δυνατὰ
3234 3661 3391 3709 εἶναι
3444 3650 3528 3721 τῷ
3576 3650 3685 3719 Θεῷ

1995 3736 2428 3803 καταφεύγουσι,
2481 3735 2581 3787 καὶ
2631 3736 2830 3802 λέξεις
2886 3738 3013 3791 τῶν
3077 3742 3342 3811 Γραφῶν
3383 3740 3683 3810 δυναμένας

1996 3825 2138 3880 κατὰ
2184 3825 2282 3894 τὴν
2337 3825 2636 3895 πρόχειρον
2695 3827 2963 3898 ἐκδοχὴν
3003 3831 3371 3884 ὑποϐάλλειν
3426 3831 3494 3882 τὸ
3546 3828 3684 3882 νοού-

2002 3933 2159 3986 μενον
2182 3918 2366 3978 αὐτοῖς
2400 3915 2793 3984 προφέρονται
2817 3934 2832 3946 ·
2872 3915 3005 3971 οἷον
3034 3920 3146 3990 τὴν
3170 3922 3232 3972 ἐν
3254 3921 3350 3989 τῷ
3393 3918 3680 3988 Ἰεζεχιήλο

2005 4024 2024 4056 ι
2057 4005 2167 4056 Kal
2200 4004 2415 4070 ἐγένετο
2449 4005 2537 4054 ἐπ’
2565 4004 2672 4072 ἐμὲ
2705 4007 2847 4076 χεὶρ
2883 4009 3118 4078 Κυρίου
3139 4026 3154 4037 °
3189 4010 3292 4061 καὶ
3325 4007 3578 4078 ἐξήγαγέ
3621 4020 3681 4074 tu

2000 4098 2057 4148 ἐν
2090 4094 2380 4163 πνεύματι,
2415 4093 2514 4144 καὶ
2559 4092 2733 4161 ἔθηκέ
2775 4113 2854 4164 με
2889 4098 2954 4148 ἐν
2995 4099 3164 4168 μέσῳ
3200 4099 3305 4151 τοῦ
3347 4098 3565 4158 πεδίου,
3595 4093 3680 4148 καὶ

2000 4184 2158 4237 τοῦτο
2188 4180 2254 4253 ἦν
2289 4182 2487 4250 μεστὸν
2518 4182 2735 4233 ὀστέων
2775 4184 3148 4255 ἀνθρώπων.
3192 4187 3314 4238 Kal
3374 4179 3678 4256 περιήγαγέ

1933 4309 1973 4362 D
2007 4291 2073 4344 με
2109 4273 2196 4325 ἐπ’
2232 4271 2369 4324 αὐτὰ
2411 4271 2686 4323 κυκλόθεν
2723 4273 2971 4344 κύκλῳο
3011 4278 3116 4329 καὶ
3163 4276 3279 4329 ἰδοὺ
3323 4275 3514 4328 πολλὰ
3556 4269 3679 4339 στρό-

2001 4364 2104 4432 δρα
2130 4363 2223 4413 ἐπὶ
2255 4359 2553 4430 προσώπου
2587 4361 2686 4413 τοῦ
2744 4363 2955 4416 πεδίου
2977 4382 2993 4396 °
3035 4369 3139 4418 καὶ
3179 4366 3324 4426 ίδοί),
3367 4364 3516 4418 αὐτὰ
3547 4360 3678 4433 ξηρὰ

2001 4450 2141 4504 λίαν.
2174 4450 2287 4502 Kal
2328 4445 2451 4501 εἷπε
2483 4451 2629 4520 πρὸς
2669 4451 2780 4520 μέ·
2822 4453 2932 4506 Υἱὲ
2981 4455 3328 4527 ἀνθρώπου,
3371 4458 3422 4507 εἰ
3460 4456 3677 4523 ζήσεται

2001 4539 2073 4591 τὰ
2120 4539 2283 4590 ὀστέα
2350 4538 2569 4602 ταῦτας
2632 4541 2754 4594 Kal
2813 4539 3014 4596 εἶπονο
3068 4545 3254 4614 Κύριε
3306 4545 3340 4596 ὁ
3408 4543 3564 4603 Θεὸς,
3617 4541 3673 4590 α)

2005 4628 2296 4680 ἐπίστασαι
2326 4628 2525 4680 ταῦτα.
2575 4631 2694 4682 Kal
2738 4627 2869 4684 εἷπε
2907 4633 3056 4705 πρὸς
3097 4635 3205 4704 μέο
3243 4636 3670 4705 Προξήτευςῡν.

2007 4717 2090 4769 υἱὲ
2134 4716 2446 4787 ἀνθρώπου.
2480 4719 2596 4770 Kal
2630 4715 2796 4773 εἷπον
2834 4723 2982 4794 πρὸς
3029 4724 3179 4777 αὑτά
3204 4741 3219 4754 °
3263 4725 3360 4777 Τὰ
3406 4721 3580 4776 ὀστέα
3613 4717 3670 4770 τὰ

2011 4807 2153 4877 ξηρὰ
2201 4807 2411 4871 ταῦτα,
2460 4808 2750 4862 ἀκούσατε
2798 4812 2971 4880 λόγον
3021 4814 3283 4884 Κυρίου’
3342 4812 3481 4866 τάδε
3534 4812 3669 4876 λέγει

2021 4897 2249 4952 Ἀδωνατ
2303 4898 2511 4968 Κύριος
2571 4902 2693 4962 τοῖς
2762 4902 2992 4967 ὀστέοις
3044 4903 3302 4965 τούτοις·
3367 4901 3510 4954 Ἰδοὺ
3566 4895 3666 4964 ἐγὼ

2013 4988 2238 5055 εἰσάγω
2265 4991 2345 5050 εἰς
2379 4990 2529 5059 ὑμᾶς
2576 4991 2816 5062 πνεῦμα
2853 4995 3032 5066 ζωῆς,
3062 4995 3161 5048 xal
3188 4993 3355 5046 δώσω
3409 4993 3496 5053 εἰς
3529 4988 3664 5057 ὑμᾶς

2012 5078 2209 5149 νεῦρα,
2242 5082 2342 5132 xal
2375 5080 2568 5146 ἐπάξω
2606 5081 2700 5152 ἐφ’
2729 5085 2890 5155 ὑμᾶς
2940 5088 3183 5159 σάρκας,
3212 5083 3306 5137 καὶ
3340 5080 3562 5134 ἐκτενῶ
3587 5075 3664 5143 ἐφ’

2006 5171 2155 5240 ὑμᾶς
2177 5172 2384 5244 δέρμα,
2416 5175 2515 5227 zeal
2547 5174 2718 5230 δώσω
2750 5179 2820 5232 τὸ
2849 5181 3087 5254 πνεῦμά
3121 5197 3216 5252 μου
3245 5174 3336 5240 ἐφ’
3375 5174 3552 5242 ὑμᾶς.
3580 5166 3665 5222 καὶ

2019 5344 2229 5402 haeres.
2262 5367 2416 5405 LXIV.

2025 5419 2214 5538 magi)
2253 5421 2387 5477 Post.
2431 5424 2614 5479 ποιεῖν
2652 5427 2822 5484 deest
2875 5434 3232 5506 ἐπιτρέπειν,
3287 5417 3386 5470 τιιι
3430 5429 3568 5486 qum
3611 5429 3682 5470 ει.

2100 5557 2218 5625 (6'2)
2261 5561 2575 5634 Ἀλύγους.
2609 5564 2786 5623 Forte
2821 5571 3073 5640 ἀλόγως.
