3806 6194
232 246 385 302 1097
1226 260 1524 314 SELECTA
1557 261 1623 314 IN
1658 260 1735 315 PS

1920 264 1986 319 t5.
2023 291 2095 304 —
2130 264 2320 320 PSAL.
2352 268 2393 324 1.
3294 278 3423 334 1098

224 339 340 403 ⁹[ίις
376 341 433 394 δὲ
465 340 637 405 οὕτως
669 343 894 412 ἠλίθιος,
935 349 1009 411 ὼς
1038 350 1447 421 ὑπολαμϐάνειν,
1486 355 1584 416 ὅτι,
1617 370 1727 425 τηρ

1916 372 2058 410 mum
2120 357 2341 413 collecta
2422 358 2607 414 volunt
2681 363 3021 432 resurgere?
3079 364 3240 432 Atqui
3307 371 3419 425 fieri

219 430 299 483 τὰ
367 431 596 501 σώματα
645 434 752 487 τῶν
783 436 1115 507 ἁμαρτωλῶν
1148 441 1175 491 ὁ
1212 441 1367 504 Θεὸς,
1412 446 1533 505 τοὺς
1581 444 1722 496 ὀδόντ

1920 446 2034 499 stud
2091 460 2193 500 non
2257 455 2454 514 potest.
2502 447 2677 513 Quare
2725 430 2869 504 arida
2924 452 3039 506 ideo
3084 430 3177 508 Sua
3242 457 3423 512 dicunt

216 518 419 571 αὐτῶν
476 521 747 591 συντρίϐει
783 524 971 591 μόνον;
1012 527 1215 597 Ὠσπερ
1247 525 1337 581 οὖν
1379 530 1434 582 εἴ
1472 547 1585 593 τις,
1628 531 1718 584 θέλ

1912 551 2033 602 tssa,
2079 537 2218 605 quod
2279 537 2332 591 in
2388 538 2786 607 captivitatibus
2846 544 2932 596 diu
2986 545 3149 599 habili
3204 546 3415 601 vitalem

213 607 413 661 ταῦτα
442 606 615 671 οὕτως
661 609 826 679 ἔχειν,
856 611 1164 683 θλιϐόμενος
1205 617 1411 671 εἵλκετο
1456 620 1540 671 ἐπ’
1572 619 1716 690 άλλη·

1915 639 2101 677 mmem
2152 625 2424 680 humorem
2456 606 2772 681 amiserint.
2814 628 2965 684 Unde
3010 642 3064 686 et
3106 634 3234 689 illud
3286 635 3418 691 infc-

219 696 377 764 ρίαν,
404 695 584 760 οὕτως
614 699 872 769 ζητητέον
897 702 1002 755 τῶν
1035 704 1403 776 κολαζομένων
1433 709 1522 761 τὸν
1554 709 1722 780 βρυγμ

1914 722 2054 767 'unt:
2093 732 2112 765 ι
2141 714 2307 769 Periit
2329 729 2451 783 spcs
2474 724 2656 769 nostra
2687 733 2699 768 :
2734 718 2951 771 abscissi
2982 734 3188 778 sumus.
3219 741 3239 775 ι
3271 725 3417 790 Quo-

212 785 338 836 τῶν
382 786 637 850 ὀδόντων,
678 788 780 857 τῆς
829 789 1006 861 ψυχῆς
1035 793 1258 864 δύναμιν
1306 799 1607 869 μασητικὴν
1637 801 1715 869 ὲχι

1915 800 2033 855 :irca
2069 802 2480 857 resurrectionis
2508 804 2593 856 illa
2625 804 2820 873 populo
2860 804 2994 859 facta
3023 811 3308 874 promissio
3350 814 3418 867 ab

213 890 350 941 σης,
383 875 517 943 ἥτις
544 877 604 927 ὲν
634 876 809 946 καιρῷ
846 879 938 931 τοῦ
986 880 1205 950 ἐλέγχου
1240 886 1363 954 περὶ
1394 886 1502 941 τῶν
1549 888 1716 959 ἁμαρτ

1912 888 1977 941 lla
2006 890 2181 954 ruina,
2215 905 2277 944 ac
2316 890 2457 945 velut
2502 894 2834 957 enecatione,
2870 908 2972 963 qua
3007 894 3148 950 velut
3170 901 3415 954 exstincti

216 964 447 1033 μάτων,
500 965 640 1017 κατὰ
693 966 784 1021 τὸν
832 971 1203 1039 συγκρουσμὸν
1268 973 1372 1026 τῶν
1427 974 1672 1039 ὀδόντων,
1715 998 1719 1024 ι

1910 986 2032 1041 ιυιιῑ,
2062 977 2184 1030 dum
2212 989 2429 1047 propter
2465 979 2669 1032 scelera
2715 979 2767 1033 in
2816 980 3049 1035 hostium
3094 992 3413 1051 potestatem

208 1053 524 1123 ἐφρόνησε,
572 1053 756 1124 βρύξει
797 1057 921 1119 τοὺς
964 1058 1196 1122 ὀδόντας.
1248 1062 1320 1113 Τὸ
1349 1062 1425 1125 δὲ,
1469 1082 1487 1113 ι
1519 1064 1711 1135 Φοϐήθτ

1913 1064 2066 1118 raditi
2083 1074 2225 1130 sunt,
2244 1068 2482 1136 quaedam
2508 1077 2589 1122 est
2608 1069 2858 1123 excitatio
2897 1068 3091 1124 futura.
3113 1071 3414 1138 Quinetiam

212 1144 311 1194 τὸν
342 1142 654 1213 δυνάμενον
682 1144 773 1196 καὶ
803 1145 978 1215 ψυχὴν
1006 1148 1098 1199 καὶ
1138 1150 1200 1201 τὸ
1250 1151 1406 1221 σῶμα
1447 1152 1703 1206 ἀπολέσαι

1913 1163 2193 1211 neccatores
2214 1171 2243 1210 a
2264 1157 2543 1211 Salvatore
2564 1157 2722 1229 536
2743 1158 2981 1227 sepulcra
3013 1175 3132 1217 esse
3164 1164 3416 1219 dicuntur

207 1232 445 1302 γεέννῃ,
472 1251 491 1283 ι
526 1234 666 1301 τάχα
695 1234 792 1302 μὲν
823 1233 1078 1299 διδάσκει,
1120 1238 1199 1291 ὅτι
1230 1238 1515 1309 ἀσώματος
1541 1244 1572 1310 ἡ
1617 1242 1710 1311 ψυ)

1910 1245 2116 1310 ιεείὴυε,
2168 1257 2327 1316 atque
2368 1248 2511 1301 omni
2558 1248 2890 1303 imtnunditia
2924 1250 3098 1317 plena.
3148 1255 3251 1307 Sed
3283 1256 3413 1311 illud

208 1320 363 1389 τάχα
393 1321 459 1374 δὲ
495 1322 672 1413 δηλοῖ.
696 1323 790 1375 καὶ
819 1325 899 1376 ὅτι
943 1326 1108 1396 χωρὶς
1142 1325 1386 1394 σώματος
1434 1330 1493 1382 οὺ
1530 1331 1711 1383 κολασε

1911 1333 2074 1387 livina:
2103 1334 2366 1401 majestati
2407 1338 2677 1402 convenit,
2713 1346 2769 1390 ut
2796 1338 3127 1408 singulorum
3169 1345 3414 1413 sepulcra

208 1425 415 1461 σεταιο
452 1411 581 1478 περὶ
614 1402 677 1461 οὗ
719 1413 1155 1481 φυσιολογοῦντες
1197 1415 1262 1469 τὰ
1310 1418 1436 1486 περὶ
1484 1417 1576 1471 τοῦ
1619 1419 1711 1471 εῐδι

1915 1420 2188 1488 atefaciat,
2241 1432 2294 1477 et
2342 1439 2441 1478 nos
2495 1425 2561 1479 ad
2608 1427 2767 1479 vitam
2816 1429 3141 1484 instauratos
3178 1447 3418 1487 emonu-

207 1498 311 1551 καὶ
359 1496 467 1550 τοῦ
518 1497 735 1568 πρώτου
787 1501 1141 1570 ὑποκειμένου
1206 1504 1518 1573 εἰρήκαμεν.
1569 1506 1675 1559 Καὶ

1911 1510 2077 1564 ncntis
2127 1512 2337 1574 educat,
2385 1514 2601 1581 perinde
2628 1531 2689 1569 ac
2713 1515 2969 1569 Lazarum
3003 1516 3144 1573 foras
3170 1519 3414 1576 Salvator

207 1586 370 1657 παρὰ
422 1587 505 1656 τῷ
544 1588 848 1659 ’Δποστόλῳ
877 1591 952 1651 δὲ,
988 1610 1006 1639 ι
1037 1593 1363 1662 Ζωοποιήσει
1397 1596 1488 1647 καὶ
1516 1596 1582 1647 τὰ
1620 1596 1710 1666 θνη

1906 1601 2138 1655 :xtraxit.
2173 1600 2287 1656 Jam
2311 1617 2437 1656 vero
2465 1605 2603 1670 quod
2645 1606 2785 1661 hunc
2820 1609 2993 1664 locum
3032 1610 3295 1678 objiciunt
3325 1613 3409 1667 "z

204 1677 376 1746 ἡμῶν
422 1675 676 1746 σώματα,
701 1696 718 1726 ι
759 1677 950 1745 θνητοῦ
993 1678 1145 1740 δντος
1171 1678 1265 1731 τοῦ
1293 1680 1556 1748 σώματος,
1585 1684 1677 1735 καὶ

1944 1687 2021 1742 lbi
2049 1688 2151 1742 erit
2179 1689 2334 1744 ﬂetus
2363 1700 2417 1745 et
2443 1692 2645 1746 stridor
2680 1693 2942 1757 dentium.
2982 1717 3000 1749 ι
3053 1670 3130 1752 sic
3160 1701 3411 1755 adversus

208 1766 555 1837 μετέχοντος
594 1767 693 1834 τῆς
743 1766 1001 1836 ἀληθινῆς
1047 1767 1217 1838 ζωῆς,
1267 1769 1482 1823 δύναται
1534 1789 1711 1842 παρισι

1905 1776 1998 1829 llos
2021 1776 2397 1845 disputandum
2429 1776 2694 1833 est:Cum
2733 1779 2782 1830 in
2826 1780 2925 1835 hac
2962 1782 3065 1834 vita
3116 1785 3408 1837 membrum

203 1872 342 1917 νειν,
392 1857 539 1908 ὅπου
580 1856 642 1908 τὸ
684 1856 988 1926 σωματικὸν
1031 1853 1185 1921 εἶδος,
1221 1860 1346 1928 περὶ
1392 1855 1451 1914 οῦ
1487 1863 1706 1931 είρήκαι.

1907 1877 2039 1916 nune
2081 1865 2147 1917 ad
2179 1878 2332 1917 usum
2387 1865 2618 1933 aliquem
2664 1881 2694 1919 a
2739 1881 2947 1922 summo
2991 1869 3078 1923 illo
3116 1871 3307 1940 opilice
3342 1873 3410 1927 sit

202 1950 271 2016 τῇ
311 1946 490 2015 φύσει
549 1946 741 2017 θνητὸν
790 1946 872 2010 ὃν,
906 1965 925 1997 ‹
971 1948 1097 2001 ὅταν
1145 1948 1372 2016 Χριστὸς
1422 1952 1699 2021 φανερωθῇ

1911 1952 2171 2017 onditum,
2226 1961 2336 2006 tum
2390 1968 2518 2009 vero
2567 1955 2753 2009 dentes
2800 1956 2968 2011 solido
3025 1961 3144 2013 cibo
3189 1963 3411 2016 c0mmi-

201 2034 326 2105 ζωὴ
390 2034 626 2105 ἠμῶν,ι
677 2037 770 2087 καὶ
807 2035 938 2087 αὐτὸ
992 2037 1306 2105 μεταϐάλλει
1362 2038 1470 2091 ἀπὸ
1510 2039 1603 2091 τοῦ
1643 2037 1704 2091 εἷς

1906 2040 2088 2094 μυθηᾶο
2139 2050 2264 2095 sunt
2313 2041 2459 2095 facti.
2506 2043 2640 2109 Quid
2687 2045 2850 2112 igitur
2873 2047 3121 2103 dentibus
3143 2062 3275 2118 opus
3305 2050 3409 2104 illis

202 2127 375 2196 σῶμα
422 2126 661 2178 θανάτου
708 2118 1054 2196 ζὼοποιηθὲν,
1095 2126 1181 2181 διὰ
1210 2127 1270 2179 τὸ
1305 2128 1523 2197 Πνεῦμα
1557 2129 1617 2180 τὸ
1649 2128 1705 2192 {tu

1900 2140 1977 2189 :st.
1998 2130 2086 2199 qui
2107 2130 2240 2198 apud
2262 2129 2458 2185 inferos
2481 2135 2821 2188 cruciantur?
2848 2134 2986 2203 Non,
3005 2138 3168 2200 enim,
3194 2141 3403 2207 Opinor,

202 2217 405 2270 ποιοῦν
442 2215 634 2269 ὲκτοῦ
675 2216 986 2285 πνεύματος
1009 2216 1306 2283 γεγονέναι.
1332 2217 1439 2269 Καὶ
1465 2217 1545 2277 τὺ,
1584 2236 1602 2267 ι
1639 2218 1705 2287 Ἐι

1903 2220 2163 2289 ptidquam
2196 2219 2302 2273 illic
2338 2223 2750 2279 manducaturos
2772 2239 2888 2280 esse
2911 2227 3162 2280 dixerint.
3190 2228 3268 2281 Ad
3297 2229 3406 2283 haec

197 2306 278 2370 δὲ,
320 2304 464 2366 Πῶς
507 2304 810 2374 ἐγείρονται
852 2304 902 2356 οἱ
941 2306 1152 2373 νεκροὶ,
1183 2304 1318 2373 ποίῳ
1358 2304 1413 2356 δὲ
1448 2303 1655 2373 σώματι
1691 2307 1700 2356 1

1896 2307 2098 2361 locendi
2126 2318 2268 2373 Sunt,
2301 2321 2403 2362 non
2438 2309 2617 2362 omnia
2657 2312 2877 2378 perinde
2910 2312 3215 2381 accipienda
3262 2329 3399 2379 esse,

199 2411 440 2466 χονται;
472 2412 492 2445 ι
530 2393 752 2463 γυμνῶς
793 2392 1137 2463 παρίστησιν,
1171 2394 1250 2445 ὅτι
1287 2393 1348 2445 τὸ
1391 2394 1599 2462 πρῶτον
1645 2396 1702 2447 ὑτ

1899 2410 1950 2448 te
1977 2396 2175 2464 scripta
2218 2404 2360 2450 sunt.
2412 2397 2588 2461 Quare
2630 2399 2736 2452 alio
2783 2399 2897 2454 loco
2925 2403 3176 2470 scriptum
3203 2413 3285 2456 est
3313 2405 3357 2436 ¹⁸
3388 2423 3402 2459 :

200 2484 471 2555 κείμενον
515 2482 618 2534 οὐκ
656 2482 1037 2552 ἀναστήσεται.
1074 2484 1134 2534 El
1165 2482 1273 2552 γὰρ
1305 2482 1480 2545 καλῶς
1512 2482 1703 2552 ὲλάϐομ

1900 2506 1901 2509 η
1935 2484 2130 2538 Dentes
2167 2494 2502 2551 peccatorum
2530 2487 2849 2542 contrivisti.
2888 2508 2907 2540 ›
2943 2490 3070 2545 Item
3107 2491 3197 2546 “:'
3234 2510 3253 2543 ι
3290 2492 3403 2547 Μο-

197 2572 263 2627 τδ
314 2569 703 2641 παράδειγμα,
758 2569 968 2639 ῥητέον,
1029 2570 1110 2622 ὅτι
1153 2572 1182 2622 ὁ
1221 2570 1582 2641 σπερματικὸς
1624 2571 1700 2637 λόπ

1929 2586 1954 2624 s
1986 2571 2196 2624 leonum
2220 2572 2477 2640 confregit
2501 2572 2773 2628 Dominus.
2796 2594 2813 2627 ι
2833 2574 2964 2629 Nam
2993 2578 3112 2646 quis
3141 2581 3274 2634 adeo
3295 2568 3432 2635 sto-"

199 2664 260 2717 ἐν
288 2660 372 2730 τῷ
419 2660 611 2728 κόκκῳ
654 2657 751 2711 τοῦ
796 2658 944 2711 σίτου
994 2658 1321 2737 δραξάμενος
1366 2659 1468 2728 τῆς
1514 2677 1702 2730 παρακ.

1901 2660 2018 2713 idus
2055 2668 2160 2724 est,
2192 2670 2251 2713 ut
2284 2660 2385 2714 sibi
2419 2661 2737 2729 persuadeat
2764 2661 2928 2718 Deum
2959 2668 3244 2721 reservatis
3273 2682 3404 2737 pec-

430 2748 588 2818 ῦλης,
622 2749 719 2801 καὶ
745 2748 814 2800 δι’
843 2747 970 2817 ὅλης
1007 2728 1175 2816 αθτῆς
1217 2749 1489 2818 χωρήσας,
1519 2728 1703 2818 περιδρ

1902 2755 2118 2800 :atorum
2179 2728 2489 2817 corporibus
2533 2747 2674 2802 solos
2728 2750 2915 2804 dentes
2959 2754 3289 2808 conterere?
3335 2754 3405 2809 Ut

198 2838 451 2911 ξάμενος
509 2839 680 2908 αὐτῆς
727 2837 821 2890 τοῦ
880 2836 1043 2890 αὑτοῦ
1091 2837 1280 2898 εἴδους,
1330 2829 1403 2889 ὧν
1451 2836 1559 2905 ἔχει
1612 2837 1701 2889 δυν

1898 2836 2034 2905 gitur
2064 2835 2155 2905 qui
2196 2837 2307 2890 haec
2344 2836 2414 2889 ita
2466 2848 2527 2890 se
2581 2837 2782 2893 habere
2825 2840 2975 2905 velit,
3028 2841 3080 2894 in
3128 2847 3401 2912 angustias

201 2944 353 2996 μεων
394 2925 683 2993 ἐπιτίθησι
711 2927 777 2994 τῇ
815 2938 944 2976 ποτε
979 2925 1081 2992 γῇ,
1127 2922 1219 2974 καὶ
1253 2921 1436 2985 ὕδατι,
1482 2923 1574 2975 καὶ
1617 2923 1704 2993 ea;

1896 2924 2145 2992 :oujectus
2175 2926 2239 2980 ad
2283 2925 2623 2990 allegoricum
2657 2943 2872 2983 sensum
2914 2931 3001 2984 vel
3050 2930 3248 2987 invitus
3288 2942 3399 2987 tra»

196 3017 296 3069 καὶ
346 3015 526 3084 πυρὶ,
576 3013 803 3081 νικήσας
844 3010 944 3073 τὰς
984 3010 1203 3063 ἐκείνων
1246 3011 1547 3079 ποιότητας,
1605 3028 1699 3080 μετ

1897 3016 2018 3069 titur
2043 3034 2058 3070 :
2095 3017 2171 3070 sic
2200 3018 2263 3072 de
2292 3019 2520 3074 stridore
2549 3019 2808 3087 dentium,
2832 3020 2883 3074 in
2907 3020 2992 3076 his
3013 3022 3104 3090 qui
3127 3023 3400 3090 suppliciis

196 3105 389 3158 σάλλει
430 3104 525 3154 ἐπὶ
548 3103 753 3169 ταύτην
794 3096 864 3169 ἧς
889 3102 1032 3151 ἐστιν
1074 3098 1234 3161 αὐτὸς
1275 3097 1628 3169 δημιουργός’
1675 3116 1699 3152 at

1895 3106 2209 3172 dficittntur,
2270 3109 2539 3176 inquirere
2607 3110 2745 3163 idem
2811 3120 3022 3180 oportet
3070 3129 3084 3165 :
3141 3123 3398 3182 quatenus

193 3192 375 3255 οὕτως
422 3188 839 3260 συμπληροῦται
876 3188 905 3238 ὀ
946 3188 1142 3258 στάχυς
1186 3189 1265 3250 είς
1307 3189 1605 3259 ὑπερϐολὴν
1654 3191 1696 3243 δι

1897 3195 2047 3249 mima
2103 3198 2504 3252 commandendi
2560 3198 2864 3254 nonnullam
2922 3201 3026 3255 vim
3078 3202 3256 3265 habet,
3298 3216 3400 3268 qua

197 3282 389 3352 φέρων
423 3280 522 3334 τοῦ
560 3278 621 3343 ὲξ
651 3278 826 3349 ἀρχῆς
861 3277 1076 3341 κόκκου,
1124 3277 1338 3347 μεγέθει
1381 3279 1472 3331 καὶ
1503 3281 1700 3349 σχήμαιι

1897 3283 2057 3338 dtimo
2132 3286 2220 3339 illo
2282 3288 2466 3355 judicii
2525 3299 2780 3357 tempore,
2843 3304 2962 3345 cum
3036 3292 3102 3346 de
3166 3294 3400 3360 peccatis

198 3374 295 3426 καὶ
333 3369 615 3440 ποικιλίᾳ.

1894 3372 2092 3438 ιιιειιειίο
2125 3374 2426 3436 habebitur,
2461 3379 2676 3443 perinde
2721 3386 2780 3431 ut
2830 3378 3008 3432 collidi
3073 3379 3262 3435 dentes
3307 3395 3397 3433 so-

199 3463 337 3528 lent,
378 3464 461 3515 ita
511 3468 625 3511 tum
689 3456 936 3511 dentibus
980 3454 1373 3524 quodammodo
1432 3455 1697 3511 stridebit.
1740 3457 1871 3521 illud
1921 3474 2045 3513 vero
2087 3462 2127 3492 ¹⁷
2171 3480 2185 3514 :
2239 3479 2272 3516 ι,
2303 3462 2505 3518 Timete
2556 3478 2678 3519 eum
2709 3465 2800 3534 qui
2852 3475 3026 3529 potest
3070 3470 3299 3522 animam
3344 3480 3400 3525 et

199 3564 410 3620 corpus
457 3546 693 3617 perdere
717 3545 770 3598 in
809 3544 1130 3613 gehennam,
1161 3560 1183 3594 ι
1224 3542 1360 3596 forte
1398 3542 1451 3595 id
1493 3557 1653 3596 unum
1710 3560 1805 3598 nos
1841 3546 2027 3607 docet,
2068 3557 2337 3615 expertem
2382 3564 2501 3604 esse
2546 3554 2784 3620 corporis
2820 3554 3048 3607 animam
3084 3573 3099 3618 ;
3139 3565 3229 3608 aut
3268 3557 3395 3609 illud

198 3643 463 3711 insuper,
519 3638 760 3691 animam
808 3637 928 3691 sine
970 3647 1196 3703 corpore
1245 3633 1421 3688 nullas
1468 3649 1655 3703 paruas
1709 3650 1825 3689 esse
1868 3639 2280 3707 persoluturam.
2334 3642 2406 3695 De
2448 3658 2554 3712 quo
2590 3659 2812 3712 corpore
2852 3660 2969 3714 quae
3016 3647 3079 3699 ad
3143 3648 3394 3715 speciem,

194 3749 262 3789 ac
299 3734 547 3804 primam
592 3729 888 3797 subjectam
929 3726 1208 3781 materiam
1246 3726 1564 3790 attinebant,
1611 3728 1768 3796 paulo
1817 3740 1941 3782 ante
1986 3732 2212 3785 naturali
2256 3733 2460 3789 ratione
2501 3735 2865 3791 disseruimus.
2910 3736 2979 3792 At
3007 3752 3152 3805 ’νει-ο
3198 3737 3394 3792 dictum

193 3829 327 3883 illud
367 3824 623 3895 Apostoli
658 3824 751 3876 ’σε
801 3840 821 3873 ι
866 3820 1170 3876 Virilicabit
1220 3828 1275 3874 et
1314 3820 1556 3874 mortalia
1610 3834 1792 3877 nostra
1840 3838 2103 3890 corpora;
2141 3844 2161 3877 ο
2213 3841 2336 3880 curn
2378 3838 2617 3884 nostrum
2668 3827 2889 3884 mortale
2925 3829 2995 3882 sit
3037 3844 3262 3899 corpus,
3296 3845 3398 3884 nec

192 3931 343 3973 verte
374 3918 512 3969 vitae
551 3911 844 3982 particeps,
879 3909 1018 3964 istud
1059 3908 1234 3978 ipsum
1282 3908 1558 3962 declarare
1600 3917 1816 3974 potest:
1868 3925 2180 3975 corpoream
2228 3914 2366 3967 hanc
2415 3914 2645 3982 speciem
2687 3915 2753 3968 de
2792 3929 2895 3983 qua
2944 3927 3098 3967 antea
3141 3915 3393 3967 diximus.

193 4026 322 4082 qua:
361 4019 566 4064 natura
613 4003 856 4059 mortalis
900 4011 1034 4057 est:
1082 4018 1102 4052 ι
1140 4000 1273 4054 Cum
1323 4000 1566 4063 Christus
1606 4004 1909 4070 apparuerit
1954 4004 2063 4056 vita
2120 4013 2299 4059 nostra
2348 4006 2422 4070 η,
2462 4024 2481 4057 ι
2531 4016 2584 4060 et
2627 4006 2790 4073 ipsam
2855 4005 2923 4059 ab
2971 4020 3034 4059 eo
3085 4014 3247 4065 statu.
3289 4020 3392 4071 quo

195 4105 411 4175 peccati
456 4115 662 4171 corpus
693 4105 831 4164 erat,
862 4110 980 4152 esse
1023 4095 1368 4159 mutandam;
1412 4102 1758 4165 posteaquam
1814 4097 2021 4160 scilicet
2063 4099 2130 4154 ab
2165 4099 2378 4154 viviﬁco
2417 4100 2614 4169 Spiritu
2644 4100 2709 4153 ad
2752 4100 2912 4152 vitam
2946 4100 3182 4153 restituta
3214 4098 3392 4161 fuerit,

196 4209 367 4268 atque
411 4197 468 4250 in
516 4191 822 4264 spiritalem
870 4199 1117 4242 naturam
1168 4186 1456 4240 transierit.
1504 4185 1767 4242 Praeterea
1812 4190 1949 4244 istud
1990 4191 2158 4260 ipsum
2195 4193 2242 4225 ²⁰
2278 4210 2293 4245 :
2334 4209 2353 4243 ι
2397 4192 2501 4247 Sed
2530 4193 2669 4246 dicet
2716 4190 2905 4259 aliquis
2942 4207 2958 4246 :
2993 4186 3265 4256 Quomodo
3308 4202 3394 4240 re-

193 4300 438 4362 surgunt
470 4286 698 4349 mortui,
735 4292 830 4337 aut
859 4282 1000 4352 quali
1045 4294 1166 4334 cum
1200 4293 1422 4347 corpore
1460 4280 1720 4335 venient?
1762 4302 1782 4334 ι
1832 4283 2006 4352 palam
2055 4285 2181 4340 illud
2223 4287 2478 4351 ostendit,
2524 4286 2748 4356 primam
2779 4282 3069 4351 subjectam
3113 4279 3390 4334 materiam

195 4382 347 4436 nullo
383 4379 554 4434 modo
582 4386 885 4442 resurgere.
913 4370 1043 4424 Nam
1072 4371 1116 4424 si
1156 4378 1303 4423 recte
1332 4370 1659 4437 propositum
1697 4372 1764 4426 ab
1808 4375 2061 4443 Apostolo
2097 4378 2394 4446 exemplum
2437 4376 2761 4446 accipimus,
2786 4372 3081 4429 .dicendum
3125 4382 3208 4426 est
3241 4386 3257 4425 :
3298 4384 3390 4424 se-

195 4475 365 4528 minis
402 4478 685 4528 natnram,
718 4480 837 4533 qua:
868 4461 1119 4516 frumenti
1147 4475 1317 4531 grano
1348 4462 1503 4515 insita
1550 4473 1664 4529 est,
1696 4464 1868 4518 vicina
1903 4475 2147 4536 correpta
2192 4470 2440 4533 materia,
2490 4479 2651 4524 totam
2695 4467 2837 4520 illam
2876 4464 3184 4533 pervadere,
3230 4471 3390 4530 atque

194 4565 343 4620 illius
376 4563 591 4633 pariter
622 4565 868 4622 correpta
893 4555 1089 4622 specie,
1115 4554 1256 4607 vires
1284 4566 1409 4606 suas
1437 4553 1488 4606 in
1527 4554 1599 4618 id,
1628 4558 1767 4623 quod
1800 4568 1924 4612 ante
1962 4568 2126 4624 terra,
2149 4577 2308 4630 aqua,
2336 4579 2458 4626 aer,
2494 4562 2737 4630 ignisque
2765 4559 2960 4622 fuerat,
2996 4556 3386 4619 transfundere,

192 4665 502 4720 earumque
539 4648 813 4716 superatis
860 4643 1229 4712 qualitatibus,
1269 4643 1323 4696 in
1371 4642 1512 4696 illam
1556 4643 1748 4711 ipsam,
1780 4648 1930 4716 cujus
1965 4659 2048 4704 est
2082 4652 2300 4714 artifex,
2330 4661 2642 4708 convertere
2676 4670 2690 4706 :
2735 4662 2893 4719 atque
2929 4654 3031 4706 hoc
3075 4649 3232 4701 modo
3268 4658 3391 4714 per-

194 4746 284 4803 ﬁci
317 4747 557 4815 spicam,
583 4756 703 4810 quae
733 4755 762 4791 a
804 4739 987 4808 priore
1007 4751 1172 4806 grano
1195 4736 1389 4789 mirum
1433 4736 1484 4788 in
1518 4738 1750 4802 modum,
1782 4749 1834 4794 et
1863 4743 2243 4811 magnitudine,
2284 4756 2338 4798 et
2375 4746 2568 4815 ﬁgura,
2606 4755 2661 4800 et
2694 4746 2954 4800 varietate
2995 4742 3267 4798 dissideat.

264 4853 388 4908 Τοῦ
434 4848 646 4905 αὑτοῦ.
688 4846 882 4916 Κρίσις
916 4845 1029 4896 ἐστὶ
1059 4842 1169 4913 (68)
1213 4842 1431 4895 δικαίων
1464 4841 1559 4910 μὲν
1600 4843 1762 4913 ήάπὺ

1931 4850 2087 4923 537
2124 4852 2392 4916 Ejusdem.
2417 4855 2691 4910 Justorum
2729 4854 2944 4923 quidem
2977 4842 3232 4921 judicium
3254 4886 3272 4915 ,
3303 4854 3386 4902 est

192 4940 511 5016 πρακτικοῦ
558 4937 808 5007 σώματος
839 4934 929 4986 ἐπὶ
971 4931 1230 5000 ἁγγελικὰ
1263 4930 1554 5000 μετάϐασις
1571 4946 1584 4959 ·
1637 4933 1695 4983 de

1878 4941 2118 4994 ransitus
2142 4942 2209 4995 ab
2236 4957 2458 5010 operoso
2498 4957 2719 5011 corpore
2746 4943 2813 4995 ad
2841 4940 3079 5008 angelica
3118 4948 3343 5001 corpora
3366 4950 3381 4997 ;

191 5014 307 5086 ὁῶν
352 5033 416 5085 δὲ
456 5029 565 5084 ἀπὸ
606 5014 905 5096 πρακτικοῦ
951 5023 1195 5092 σώματος
1241 5020 1330 5072 ἐπὶ
1380 5018 1623 5071 σκοτεινὰ
1663 5038 1694 5073 κ

1881 5031 2137 5098 mpiorum
2183 5045 2310 5086 vero
2342 5033 2601 5100 judicium
2632 5073 2647 5098 ,
2679 5038 2762 5083 est
2796 5030 2863 5082 ab
2897 5037 3123 5095 Operoso
3156 5035 3382 5121 corpore

191 5120 410 5194 ζοφερά
460 5117 748 5190 μετάθεσις
808 5113 1048 5182 σώματα.
1099 5108 1502 5181 Έγερθήσονται
1545 5107 1650 5177 γὰρ

1883 5130 1913 5168 n
1946 5122 2219 5175 tenebrosa
2253 5130 2309 5175 et
2357 5122 2580 5177 obscura
2627 5132 2847 5186 corpora
2886 5111 3226 5182 permutatio.
3276 5107 3382 5159 Re-

265 5279 321 5312 “
351 5277 668 5333 ﬂauum",
710 5269 797 5324 12.
873 5269 915 5299 "
942 5266 1078 5320 Psal.
1104 5280 1183 5328 Ill,
1210 5266 1264 5318 8.
1340 5269 1389 5302 ἰ
1414 5261 1556 5313 Psal.
1581 5273 1710 5320 Lvtt,
1734 5259 1764 5311 7

1876 5264 1917 5296 ι’
1942 5264 2129 5320 Matth.
2154 5284 2209 5331 ι,
2246 5268 2335 5323 28.
2412 5268 2453 5300 ¹⁸
2480 5267 2633 5322 Rom.
2676 5279 2786 5325 vm,
2815 5264 2899 5315 11.
2996 5263 3036 5293 ¹⁹
3064 5261 3176 5314 Col.
3208 5276 3286 5320 ut.
3320 5264 3375 5316 ἡ.

195 5346 246 5381 ³⁸
272 5346 295 5400 ι
326 5348 463 5402 Cor.
499 5358 588 5405 xv,
617 5340 708 5394 55.

174 5458 177 5463 ’
268 5467 391 5536 (es)
433 5463 644 5531 Κρίσις
669 5458 824 5520 ἐστι,
865 5465 969 5509 etc.
1007 5452 1277 5520 Descripta
1323 5456 1451 5503 sunt
1508 5459 1540 5500 e
1585 5444 1798 5500 schedia
1853 5446 2056 5503 Ernesti
2095 5446 2307 5511 Grabii,
2354 5455 2406 5500 et
2454 5438 2767 5501 Combefisii,
2821 5437 3114 5506 Latineque
3178 5444 3397 5492 exstant

198 5534 345 5606 “md
382 5534 772 5640 Barking...“
844 5616 928 5640 ρ-
990 5612 1104 5640 vn
2383 5555 2389 5561 I

536 5620 806 5681 Ριτιιοι.
843 5616 955 5675 Gs.
990 5612 1126 5673 XII.
1204 5712 1207 5713 ν
