3806 6202
226 280 251 330 Ι
274 281 380 332 ΙυΙ
1221 285 1520 342 SELECTA
1555 286 1618 343 IN
1654 290 1761 343 PSA

1866 291 1980 348 [03.
2014 317 2082 333 -
2116 295 2304 352 PSAL.
2345 297 2407 353 ll.
3278 312 3409 366 “02

223 406 317 459 μα
344 390 407 441 τὸ
434 389 608 456 ἀγιον,
634 391 667 459 ἢ
695 392 856 454 αὐτὸς
894 396 921 444 6
958 395 1230 465 προφήτης
1254 398 1414 451 ἐστίν.
1453 400 1579 451 ’Λπὸ
1615 401 1671 452 δὲ
1695 405 1761 452 τοί

1902 412 2019 466 est,
2050 405 2132 457 vel
2180 406 2292 472 ipse
2335 411 2608 478 propheta.
2655 413 2698 466 Α
2734 413 3087 483 Diapsalmate
3129 430 3302 474 autem
3355 426 3411 476 tit

215 479 622 548 Διαψάλματος
673 481 938 551 μεταϐολὴ
976 483 1178 549 γίνεται
1224 485 1316 536 τοῦ
1362 486 1602 554 λέγοντος
1623 505 1635 517 ο
1671 488 1761 541 ἐστ

1889 505 2126 556 persona:
2151 497 2404 551 mutatio:
2431 499 2672 554 Christus
2695 479 2846 556 enim-
2861 516 2962 570 est,
2992 518 3048 562 ut
3077 509 3158 561 inf
3159 525 3213 561 ra
3238 521 3409 566 osten-

216 563 347 634 γὰρ
400 567 432 617 6
469 565 725 633 Χριστὸς,
763 565 838 628 ὼς
877 567 966 618 καὶ
1018 567 1172 620 τοῦτο
1226 574 1639 642 παραστήσομεν
1689 574 1761 626 τὰ.

1889 579 2062 645 detur,
2089 596 2207 635 cum
2233 584 2465 650 singulas
2496 601 2651 641 voces
2676 592 3048 656 expendemus.
3075 595 3183 650 Nec
3215 600 3403 653 mirum

213 649 412 714 λέξεις
440 650 799 716 ἐξετάζοντες.
825 655 931 704 Καὶ
956 654 1014 704 ού
1051 653 1352 724 θαυμαστὸν
1381 659 1428 709 εί
1466 659 1522 710 ἐν
1557 659 1633 710 ἐνὶ
1656 658 1760 726 ψαλ

1889 667 1932 719 si
1967 668 2019 720 in
2057 684 2162 721 uno
2200 672 2402 738 psalmo
2439 687 2538 726 non
2579 688 2683 726 una
2709 685 2789 728 est
2829 693 3052 744 persona
3083 698 3200 750 quae
3232 687 3406 754 loqui-

217 738 319 807 μῷ
355 740 486 808 οὐχὶ
513 739 571 791 ἓν
603 740 888 808 πρόσωπόν
927 741 1039 792 ἐστι
1070 743 1130 793 τὸ
1163 743 1343 809 λέγον·
1379 745 1638 813 πολλαχοῦ
1679 747 1761 816 γάι

1891 765 1998 808 tur.
2035 757 2144 811 Hoc
2177 763 2317 812 enim
2347 761 2586 828 pluribus
2613 763 2665 815 in
2697 764 2823 817 locis
2852 768 3032 821 videre
3055 765 3156 832 εει.
3185 784 3240 826 ιιι
3270 777 3403 829 infra

211 826 396 879 τοῦτο
430 827 578 879 ἐστιν
621 828 780 890 ἰδεῖν,
815 829 889 890 ὡς
926 830 1196 897 προϊόντες
1234 830 1490 901 δείξομεν.
1528 837 1634 887 Καὶ
1657 837 1761 888 ταῦ

1886 848 2246 900 ostendemus.
2286 847 2498 903 Interim
2535 851 2646 905 [nec
2669 868 2763 920 pro
2792 857 3009 911 exordio
3048 861 3236 926 psalmi
3263 865 3402 919 dicta

209 931 293 968 τα.
348 916 458 984 μὲν
497 916 602 986 πρὸ
643 915 735 968 τοῦ
764 915 972 986 ψαλμοῦ
993 955 1008 980 ,
1049 919 1459 989 κατανοήσωμεν
1501 921 1556 973 δὲ
1582 925 1676 985 τὰς
1699 924 1761 976 λέι

1887 932 2026 1000 sint,
2059 948 2200 988 nunc
2233 935 2342 1003 ipsa
2373 937 2531 991 verba
2558 915 2919 995 discutiamus.

211 1003 278 1069 ξε
288 1019 366 1064 ις.

298 1091 424 1145 Τοῦ
466 1091 674 1145 αὑτοῦ.
722 1091 968 1160 Τέσσαρα
1003 1093 1130 1163 γένη
1181 1094 1288 1146 τῶν
1333 1095 1440 1164 (71)
1488 1096 1781 1167 ἀνθρώπων

211 1179 400 1249 φησὶν
448 1182 480 1232 6
517 1181 674 1247 λόγος
713 1179 1121 1249 ἐπιϐεϐληκέναι
1157 1183 1396 1252 Χριστῷο
1443 1185 1565 1254 ἔθνη
1618 1187 1781 1255 φρυά-

207 1268 398 1332 ξαντα
427 1268 552 1320 κατ’
573 1267 763 1330 αὐτοῦ,
800 1267 890 1320 καὶ
917 1268 1076 1330 λαοὺς
1102 1269 1491 1339 μελετήσαντας
1515 1272 1660 1334 κενά,
1686 1272 1778 1324 καὶ⁵

211 1357 476 1424 βασιλεῖς
521 1357 622 1426 τῆς
659 1357 762 1426 γῆς
809 1359 1184 1426 παραστάντας
1215 1362 1328 1429 μετ’
1358 1361 1622 1429 ἀρχόντων
1659 1378 1779 1413 συν-

207 1445 508 1514 αχθέντων
537 1447 630 1497 ἐπὶ
649 1445 708 1496 τὸ
730 1446 876 1500 αὐτό.
901 1449 1007 1500 Καὶ
1030 1448 1304 1518 ἡγούμεθα
1335 1451 1428 1518 μὲν
1448 1451 1570 1518 ἔθνη
1601 1450 1779 1520 δηλοῦ-

211 1535 346 1586 σθαι
381 1535 518 1596 τοὺς
536 1535 844 1604 ἀλλοτρίους
863 1537 960 1605 τῆς
989 1536 1216 1600 πίστεως
1243 1537 1572 1608 ἀνθρώπους,
1595 1539 1776 1608 ὥσπερ

206 1624 344 1684 τοὺς
381 1622 725 1692 στρατιώτας
757 1627 879 1687 τοὺς
912 1626 1248 1696 φρυάξαντας
1286 1628 1400 1679 κατ’
1435 1627 1590 1680 αὑτοῦ
1614 1645 1627 1658 ο
1655 1629 1776 1691 τοὺς

204 1710 266 1762 δὲ
286 1710 467 1771 λαοὺς
492 1711 620 1772 τοὺς
645 1712 751 1763 ἀπὸ
769 1712 875 1764 τῶν
903 1713 1080 1780 φυλῶν
1103 1713 1196 1780 τῆς
1217 1715 1519 1781 κατατομῆς
1544 1713 1621 1782 (ού
1666 1713 1772 1783 γὰρ

204 1798 430 1868 κυρίως
455 1798 674 1850 λεκτέον
701 1798 890 1859 αὐτοὺς
921 1799 1008 1850 τὸν
1033 1799 1252 1867 Σωτῆρα
1287 1798 1358 1867 μὴ
1390 1799 1768 1868 προσιεμένους

201 1887 272 1936 ἐκ
305 1884 675 1953 περιτομῆς),
707 1884 897 1946 οἵτινες
947 1883 1073 1936 κενά
1126 1883 1512 1952 μεμελετήκασι
1534 1922 1548 1945 ,
1589 1883 1678 1936 τὸν
1713 1885 1768 1934 ἐν

202 1979 322 2036 τοῖς
354 1974 758 2043 μελετωμένοις
789 1977 1134 2044 προφητικοῖς
1161 1973 1332 2039 λόγοις
1359 1972 1769 2040 καταγγελλόμε-

201 2078 299 2115 νον
331 2061 585 2129 Χριστὸν
615 2061 675 2111 ού
710 2061 1034 2130 νενοηκότες.
1067 2060 1302 2122 Βασιλεῖς
1333 2060 1388 2112 δὲ
1426 2061 1520 2128 τῆς
1551 2059 1651 2158 γῆς
1678 2062 1768 2158 καὶ⁵

202 2151 484 2219 ἄρχοντες
510 2147 753 2218 Ἡρώδης
779 2166 837 2200 τε
863 2150 953 2200 καὶ
983 2149 1196 2210 Πόντιος
1217 2148 1459 2210 Πιλᾶτος,
1484 2150 1574 2199 καὶ
1605 2149 1654 2198 οἱ
1674 2147 1766 2199 τοῦ

217 2239 508 2291 Ἰουδαίων
542 2233 669 2289 λαοῦ
709 2237 838 2304 ὴγού
848 2255 1011 2306 μενοι.
1039 2237 1248 2289 Τούτων
1279 2239 1384 2304 γὰρ
1410 2237 1501 2287 καλ⁸
1525 2239 1551 2287 6
1578 2234 1766 2286 Θεσπέ-

207 2343 324 2388 σιος
392 2325 604 2394 Πέτρος
660 2327 688 2376 6
746 2325 1032 2386 ἀπόστολος
1073 2325 1536 2394 ἀπεμνημόνευσεν
1591 2323 1766 2385 ίδικῶς

203 2415 264 2464 ἐν
300 2415 434 2474 ταῖς
487 2411 746 2477 Πράξεσι
789 2412 894 2463 τῶν
931 2412 1231 2464 ἀποστόλων
1269 2411 1365 2480 τὴν
1412 2411 1766 2480 προκειμένην

205 2503 413 2572 χρῆσιν
449 2499 807 2570 παραγαγών.
852 2501 914 2551 Εἰ
945 2500 1001 2550 δὲ
1031 2500 1122 2551 καὶ
1162 2499 1258 2592 τάς
1289 2499 1544 2592 ἀοράτους
1581 2501 1765 2592 φήσεις

203 2591 512 2658 δυνάμεις,
557 2590 657 2640 ούκ
698 2587 762 2640 ἂν
799 2588 1077 2656 ἁμάρτοις.
1121 2587 1227 2640 Καὶ
1253 2589 1280 2638 6
1315 2587 1610 2655 σοφώτατος
1641 2587 1765 2654 γοῦν

217 2677 556 2736 Ἀπόστολος
575 2676 636 2727 ού
660 2675 908 2726 τοσοῦτον
928 2675 1224 2744 ἀνθρώποις
1246 2677 1482 2745 προσῆψε
1496 2677 1556 2728 τὸ
1575 2678 1762 2727 ἐσταυ-

207 2765 456 2834 ρωκέναι
489 2765 581 2816 τὸν
610 2763 860 2830 Χριστὸν,
895 2763 969 2823 ὡς
993 2763 1274 2833 δυνάμεσιν
1311 2766 1663 2833 ἀρχοντικαῖς,
1688 2762 1765 2814 λέ-

205 2867 318 2917 γων
337 2867 352 2880 ·
411 2867 435 2899 ι
469 2849 668 2916 Σοφίαν
699 2849 755 2900 δὲ
785 2845 1044 2918 λαλοῦμεν
1073 2852 1128 2902 ἐν
1159 2853 1268 2912 τοῖς
1295 2850 1511 2912 τελείοις
1529 2867 1542 2880 °
1579 2853 1764 2919 σοφίαν

204 2941 261 2993 δὲ
284 2941 348 2992 οὑ
379 2938 484 2991 τοῦ
514 2938 708 3000 αἰῶνος
737 2938 947 3001 τούτου,
964 2941 1080 2991 οὐδὲ
1107 2939 1212 2992 τῶν
1233 2941 1498 3009 ἀρχόντων
1519 2940 1610 2992 τοῦ
1639 2942 1765 2994 αἰῶ-

1949 1106 2213 1178 Ejusdcm.
2244 1110 2487 1176 Quatuor
2517 1112 2785 1170 hominum
2815 1133 3010 1189 genera
3054 1121 3182 1176 dicit
3209 1125 3401 1181 adver-

1879 1212 1970 1252 sus
1993 1199 2260 1253 Christum
2295 1200 2646 1257 insurrexisse
2668 1243 2684 1268 ,
2711 1216 2891 1274 gentes
2924 1224 3042 1277 quae
3071 1210 3402 1268 fremuerunt

1877 1295 2065 1337 eontra
2099 1287 2288 1353 ipsum,
2328 1291 2546 1356 populos
2569 1292 2659 1358 qui
2689 1296 2922 1350 meditati
2951 1310 3072 1351 sunt
3115 1300 3315 1366 inania,
3347 1315 3402 1356 et

1875 1388 2026 1440 reges
2077 1383 2235 1429 terra:
2279 1378 2367 1445 qui
2424 1379 2743 1433 adstiterunt
2792 1397 2910 1438 cum
2965 1388 3294 1456 principibus
3345 1392 3396 1446 in

1873 1478 2033 1516 unum
2073 1466 2426 1534 congregatis.
2480 1467 2544 1519 Et
2571 1469 2892 1526 arbitramur
2920 1476 3131 1541 quidem
3158 1480 3395 1546 gentium

1873 1551 2084 1604 nomine
2121 1551 2325 1606 alienos
2366 1567 2394 1605 a
2443 1553 2546 1608 [ide
2577 1557 2843 1627 designari
2887 1563 3167 1631 homines,
3213 1569 3396 1634 quales

1870 1647 2022 1690 erant
2056 1638 2248 1692 milites
2279 1640 2367 1707 qui
2397 1642 2652 1696 adversus
2677 1659 2798 1699 eum
2834 1648 3192 1717 fremuerunt;
3230 1671 3396 1724 popu—

1872 1724 1950 1776 los
1974 1737 2098 1778 vero
2122 1764 2138 1789 ,
2189 1727 2305 1781 illos
2335 1743 2400 1782 ex
2441 1730 2680 1787 tribubus
2727 1735 2828 1789 dici
2865 1738 2953 1805 qui
2994 1743 3193 1794 exsecti
3241 1753 3396 1797 erant

1873 1808 2066 1878 (neque
2086 1814 2226 1867 enim
2251 1819 2465 1884 proprie
2491 1818 2768 1875 dicendum
2793 1833 2874 1877 est
2897 1839 2989 1880 eos
3013 1830 3100 1895 qui
3125 1829 3394 1886 Christum

1873 1911 1974 1950 non
2006 1911 2347 1968 receperunt,
2382 1920 2443 1959 ex
2487 1908 2889 1966 circumcisione
2920 1913 3124 1984 fuisse),
3151 1919 3238 1986 qui
3273 1921 3392 1987 qui-

1871 1985 1987 2038 dem
2021 2003 2153 2042 vana
2185 1993 2420 2047 meditati
2453 2005 2577 2049 sunt
2604 2011 2726 2050 cum
2760 2000 2809 2052 in
2853 2001 3103 2068 perlectis
3127 1985 3240 2060 asc
3271 2023 3394 2076 pro-

1871 2073 2091 2137 pheticis
2121 2082 2452 2135 sermonibus
2489 2087 2859 2141 annuntiatum
2885 2090 3151 2145 Christum
3177 2108 3280 2147 non
3314 2096 3394 2147 in-

1871 2162 2203 2219 tellexerunt.
2241 2167 2414 2237 Reges
2445 2180 2600 2227 terra;
2633 2185 2687 2228 et
2718 2179 2986 2247 principes
3016 2191 3171 2234 erunt
3221 2183 3393 2237 Hero--

1870 2249 1961 2300 des
1991 2261 2044 2302 et
2091 2252 2304 2308 Pontius
2333 2257 2553 2323 Pilatus,
2585 2271 2638 2314 et
2668 2262 2870 2318 Judaici
2905 2269 3084 2335 populi
3116 2272 3389 2336 praesides.

1870 2333 2065 2390 Horum
2114 2341 2253 2393 enim
2296 2352 2350 2396 et
2381 2345 2534 2400 divus
2582 2347 2769 2403 Petrus
2808 2333 3080 2420 apostolus
3112 2333 3390 2423 speciatim

1871 2422 2106 2476 meminit
2150 2424 2200 2476 in
2251 2429 2458 2482 Actibus
2499 2435 2856 2500 apostolorum
2900 2440 2986 2492 ubi
3033 2422 3179 2496 hisce
3227 2447 3393 2500 utitur

1871 2508 2044 2562 verbis
2059 2510 2122 2562 '°.
2157 2511 2303 2577 Quod
2327 2517 2370 2568 si
2392 2528 2442 2571 et
2472 2520 2765 2577 invisibiles
2791 2540 2908 2581 esse
2930 2538 3214 2595 potestates
3242 2533 3392 2586 dixe-

1868 2595 1963 2659 ris,
1982 2611 2088 2651 non
2112 2601 2463 2660 aberraveris.
2494 2609 2650 2662 Certe
2669 2614 3086 2678 sapientissimus
3108 2621 3392 2688 Apostolus

1868 2683 1970 2737 illis
2017 2687 2183 2741 multo
2211 2691 2376 2759 magis
2420 2709 2577 2762 quam
2614 2700 2914 2757 hominibus
2939 2701 3140 2758 Christi
3179 2723 3389 2764 crucem

1868 2773 2112 2829 attribuit
2157 2777 2334 2835 dicens
2363 2783 2439 2836 ³¹ι
2479 2802 2496 2834 ι
2533 2786 2861 2856 Sapientiam
2910 2802 3084 2847 autem
3127 2795 3391 2864 loquimur

1868 2857 2008 2914 inter
2036 2863 2328 2930 perfectos:
2357 2875 2674 2938 sapientiam
2705 2892 2833 2933 vero
2868 2894 2972 2934 non
3001 2881 3154 2950 hujus
3179 2887 3388 2954 saeculi,

1867 2959 2038 3014 neque
2071 2952 2370 3022 principum
2439 2960 2595 3028 hujus
2631 2965 2812 3018 saeculi
2869 2969 2958 3035 qui
3006 2952 3387 3040 destruunturé

205 3047 294 3092 νος
321 3031 548 3092 τούτου,
581 3030 688 3082 τῶν
711 3031 1175 3100 καταργουμένων·
1200 3029 1330 3082 ἀλλὰ
1357 3029 1613 3098 λαλοῦμεν
1631 3031 1761 3082 Θεοῦ

1867 3035 1958 3086 sed
1988 3035 2252 3104 loquimur
2269 3042 2360 3096 Dei
2387 3049 2701 3114 sapientiam
2731 3052 2781 3106 in
2821 3029 3093 3124 mysterio,
3119 3074 3235 3126 quae
3262 3063 3388 3116 abs-

205 3119 406 3186 σοφίαν
443 3121 504 3170 ἐν
536 3118 834 3188 μυστηρίῳ,
869 3119 964 3186 τὴν
995 3119 1501 3188 ἀποκεκρυμμένην,
1537 3120 1601 3187 ἣν
1638 3136 1762 3188 προ-

201 3206 410 3276 ώρισεν
450 3209 480 3258 6
507 3207 639 3268 Θεὸς
669 3206 775 3276 πρὸ
803 3206 909 3257 τῶν
950 3205 1151 3258 αἰώνων
1190 3207 1266 3267 είς
1297 3204 1449 3267 δόξαν
1487 3205 1657 3274 ἡμῶν,
1699 3206 1764 3274 ἢν

205 3297 381 3357 οὐδεὶς
415 3295 528 3346 τῶν
559 3295 832 3362 ἀρχόντων
857 3290 946 3345 τοῦ
982 3292 1171 3356 αἰῶνος
1203 3294 1389 3345 τούτου
1418 3295 1675 3360 ἐγνωκεψ
1715 3299 1762 3348 εί

203 3383 312 3452 γὰρ
337 3382 613 3449 ἔγνωσαν,
647 3381 745 3432 οὐκ
767 3379 831 3431 ἂν
856 3379 942 3432 τὸν
972 3380 1168 3449 Κύριον
1195 3381 1291 3448 τῆς
1317 3379 1468 3450 δόξης
1499 3381 1764 3451 ἐσταύρω-

206 3487 325 3524 σαν.
354 3489 373 3522 ι
419 3471 571 3521 Ποίοι
593 3469 700 3538 γὰρ
728 3468 978 3538 ἄρχοντες
1019 3468 1359 3537 ἐσταύρωσαν
1387 3469 1476 3520 τὸν
1514 3469 1759 3538 Χριστὸν,

203 3559 294 3611 τὸν
321 3556 431 3627 τῆς
460 3556 620 3626 δόξης
656 3555 876 3626 Κύριον,
901 3558 948 3607 οἱ
975 3557 1046 3626 μὴ
1076 3555 1424 3622 γινώσκοντες
1455 3556 1552 3627 τὴν
1577 3556 1760 3623 σοφίαν

204 3644 294 3700 τοῦ
311 3646 477 3707 Θεοῦ,
501 3645 599 3697 καὶ
622 3645 772 3695 αὐτοὶ
791 3643 976 3710 σοφίας
997 3643 1143 3706 τινὰς
1163 3643 1300 3710 ἒχειν
1329 3642 1762 3712 ὑπολαμϐανόμε-

205 3753 304 3798 νοι,
322 3736 357 3804 ἢ
375 3735 426 3786 οἱ
443 3733 728 3801 λεγόμενοι
748 3733 928 3792 ἐνταῖς
949 3732 1293 3800 προφητείαις
1303 3731 1481 3800 ἄρχων
1497 3730 1761 3798 βασιλείας

205 3823 456 3893 Περσῶν,
491 3822 586 3874 καὶ
613 3813 792 3889 ἅρχων
823 3819 1089 3888 βασιλείας
1123 3819 1401 3886 Ἑλλήνων,
1423 3821 1512 3870 καὶ
1539 3819 1674 3872 κατὰ
1701 3819 1760 3870 τὸ

205 3914 508 3968 ἀκόλουθον
540 3915 590 3965 οἱ
617 3913 725 3964 τῶν
756 3912 952 3964 λοιπῶν
985 3911 1180 3970 ἐονῶνς
1214 3929 1232 3960 ι
1267 3909 1346 3962 Τά
1374 3910 1494 3980 ἔθνη
1537 3928 1554 3960 ι
1584 3912 1758 3962 τοίνυν

212 4020 230 4049 ι
271 4001 577 4072 ἐφρύαξανο
609 4018 628 4050 ι
661 4000 798 4068 ὅπερ
828 3999 993 4062 ἐστὶν,
1027 3999 1099 4062 ὡς
1128 4000 1154 4050 6
1198 3999 1415 4060 Ἀκύλας
1439 4000 1758 4069 σαφέστερον

204 4093 592 4160 ἡρμήνευσεν,
631 4107 649 4138 ι
684 4087 1107 4157 ἐθορυϐήθησαν.
1134 4106 1152 4137 ι
1186 4089 1337 4140 Ἔστι
1373 4087 1427 4138 δὲ
1458 4090 1490 4156 ἡ
1518 4088 1654 4150 λέξις
1681 4091 1712 4158 ἠ
1741 4127 1754 4148 ,

213 4195 232 4228 ι
255 4177 564 4248 ἐφρύαξαν,
589 4195 609 4226 ι
657 4176 1216 4246 όνοματοπεποιημένη
1237 4215 1251 4238 ,
1296 4176 1388 4228 καὶ
1429 4177 1756 4245 ἐμφαίνουσα

205 4266 294 4319 τὸν
324 4269 546 4337 ἄσημον
575 4261 707 4334 ἦχον
743 4264 847 4318 τῶν
873 4264 1232 4333 θορυϐούντων
1253 4283 1265 4294 ·
1309 4265 1531 4317 τοιοῦτοι
1575 4266 1679 4334 γάρ
1707 4267 1753 4317 οί

1863 3123 2072 3176 condita
2105 3137 2186 3180 est
2214 3167 2228 3190 ,
2265 3144 2420 3196 quam
2455 3136 2850 3202 praedestinavit
2881 3143 3017 3197 Deus
3048 3123 3169 3201 ante
3195 3151 3384 3204 szecula

1863 3207 1916 3260 in
1948 3210 2170 3278 gloriam
2205 3227 2481 3286 nostram,
2515 3237 2674 3290 quam
2717 3241 2869 3281 nemo
2897 3231 3194 3299 principum
3232 3237 3388 3305 hujus

1863 3299 2035 3351 seculi
2067 3305 2350 3368 cognovit:
2389 3308 2432 3360 si
2477 3311 2618 3363 enim
2667 3318 3083 3383 cognovissent,
3117 3337 3384 3390 nunquam

1865 3384 2135 3440 Dominum
2155 3393 2335 3457 gloria:
2351 3398 2752 3452 crucifixissent.
2785 3423 2803 3454 ι
2825 3403 3048 3468 Quinam
3069 3412 3208 3462 enim
3226 3414 3380 3479 prin-

1861 3474 2002 3538 cipes
2031 3475 2296 3531 Christum
2331 3482 2512 3549 gloria:
2541 3488 2814 3541 Dominum
2847 3474 3252 3563 crucllixerunt,
3285 3500 3377 3555 Dei

1853 3565 2169 3629 sapientiam
2218 3583 2321 3620 non
2356 3583 2701 3638 agnoscentes
2731 3586 2785 3629 et
2829 3593 2886 3632 se
2933 3596 3140 3650 quoque
3172 3587 3384 3653 sapien-

1862 3652 1985 3703 tiam
2019 3654 2297 3719 quamdam
2344 3659 2539 3714 habere
2583 3663 2993 3732 existimantes,
3044 3672 3140 3724 nisi
3175 3652 3248 3725 illi
3289 3677 3378 3741 qni

1863 3739 1912 3790 in
1942 3741 2211 3808 praphetis
2238 3759 2741 3816 commemorantur,
2777 3755 3020 3824 princeps
3052 3757 3210 3829 539
3234 3739 3382 3831 reg—ni

1861 3825 2158 3891 Persarum,
2190 3838 2242 3882 et
2267 3831 2512 3902 princeps
2541 3838 2686 3903 regni
2722 3840 3026 3895 Craacorum
3054 3825 3081 3908 ,ί
3109 3825 3382 3904 etvconse-

1859 3921 2082 3976 quenter
2115 3916 2435 3984 reliquarum
2472 3924 2708 3990 gentium
2742 3928 3044 3996 principes?
3083 3951 3101 3982 ι
3127 3933 3325 3992 Gentes
3355 3961 3375 3991 ι

1859 4000 2033 4068 itaque
2064 4021 2082 4053 ι
2104 4003 2456 4072 fremuerunt,
2484 4029 2503 4060 ι
2547 4014 2597 4066 id
2636 4024 2737 4078 est,
2763 4028 2819 4070 ut
2843 4019 3030 4086 Aquila
3067 4023 3262 4080 clarius
3292 4027 3376 4081 in-

1859 4099 2171 4156 terpretatus
2218 4105 2336 4159 est,
2386 4114 2405 4147 ι
2449 4103 2816 4157 turbaverunt.
2858 4124 2876 4155 ι
2930 4110 3098 4165 Dictio
3149 4121 3324 4168 autem
3361 4155 3378 4182 ,

1861 4197 1878 4228 ι
1903 4180 2248 4260 fremuerunt,
2275 4203 2294 4236 ι
2333 4189 2655 4243 inconditum
2686 4206 3028 4260 repraesentat
3056 4180 3383 4258 tumultuan-

1857 4269 1984 4320 tium
2018 4253 2293 4337 strepitum
2313 4314 2328 4338 ,
2373 4276 2673 4344 cnjusmodi
2720 4295 2844 4336 sunt
2873 4286 2906 4338 ii
2936 4289 3025 4354 qui
3077 4304 3141 4344 ex
3170 4293 3378 4350 insidiis

207 4355 568 4424 σεσοϐημένοι
621 4353 759 4405 κατὰ
800 4355 922 4414 τοὺς
978 4354 1192 4422 καιροὺς
1245 4353 1336 4404 τοῦ
1398 4356 1756 4409 ἐπιϐουλεύειν

1866 4359 2392 4416 cuncitateferuntur
2423 4366 2477 4418 in
2507 4367 2702 4423 hostes.
2736 4371 2885 4436 Quod
2923 4353 2966 4428 si
2994 4377 3180 4446 reliqui
3216 4382 3381 4436 inter-

207 4443 546 4514 ὑπάρχουσιν
579 4441 716 4493 κατά
753 4440 857 4494 τῶν
893 4441 982 4492 ὑπ’
1009 4441 1180 4493 αὐτῶν
1208 4441 1627 4510 πολεμουμένων.
1647 4447 1751 4518 Καὶ

206 4534 254 4583 εί
281 4534 358 4601 μὴ
386 4534 436 4584 οἱ
463 4530 644 4582 λοιποὶ
670 4528 991 4598 ἐρμηνευταὶ
1015 4530 1256 4598 εἰρήκασι
1285 4529 1363 4590 τὸ,
1393 4547 1410 4578 ι
1433 4529 1754 4601 ἐθορυϐήθη-

208 4636 326 4683 σαν,
347 4640 366 4670 ι
386 4621 504 4682 καὶ,
525 4637 543 4668 ι
565 4619 727 4686 κυκᾷ,
752 4636 770 4666 ι
790 4617 863 4678 ὡς
878 4617 1182 4686 Σύμμαχος,
1199 4613 1264 4686 ἦν
1285 4617 1524 4669 ἐκλαϐεῖν
1543 4620 1644 4670 ἀπὸ
1660 4620 1750 4673 τοῦ

213 4729 231 4761 ι
256 4711 567 4782 ἐφρύαξαν,
601 4727 620 4758 ι
648 4709 729 4768 τὸ,
766 4725 785 4758 ι
808 4707 1268 4776 ἐμεγαλαύχησανσ
1294 4725 1312 4758 ι
1348 4707 1420 4769 ὡς
1452 4709 1506 4758 ἐν
1536 4711 1610 4761 ἐνὶ
1646 4710 1750 4766 τῶν

207 4798 505 4869 προφητῶν
544 4795 767 4864 οἰόμεθα
802 4794 955 4847 τοῦτο
984 4795 1169 4863 δηλοῦν
1213 4795 1309 4864 τὴν
1343 4796 1511 4861 λέξινο
1550 4815 1567 4846 ι
1599 4799 1752 4852 Κατὰ

207 4887 276 4941 τά
302 4886 640 4957 φρυάγματα
654 4882 746 4935 τοῦ
762 4883 1038 4952 Ἰορδάνου.
1053 4884 1184 4936 »Καὶ
1205 4884 1319 4936 ἐπεὶ
1341 4901 1358 4933 ι
1380 4887 1407 4936 6
1433 4886 1750 4954 ἀρνούμενος

207 4977 295 5029 τὸν
323 4978 474 5039 Υίὸν,
507 4974 629 5027 οὐδὲ
649 4973 738 5025 τὸν
761 4971 972 5039 Πατέρα
1002 4972 1132 5039 ἔχει,
1155 4971 1247 5023 καὶ
1269 4973 1297 5022 6
1319 4972 1595 5040 δεχόμενος
1621 4991 1639 5023 ι
1664 4973 1750 5027 τὸν

208 5065 464 5134 Χριστὸν,
484 5083 501 5114 ι
522 5063 734 5130 δέχεται
755 5060 842 5112 τὸν
866 5059 1245 5112 ἀποστείλαντα
1262 5060 1438 5123 αὐτὸν,
1463 5078 1480 5107 ι
1502 5060 1586 5112 διὰ
1599 5063 1751 5116 τοῦτο

206 5155 236 5206 6
261 5154 405 5206 κατά
431 5151 668 5223 Χριστοῦ
707 5149 1118 5220 στρατευόμενος
1149 5150 1227 5210 είς
1255 5149 1342 5201 τὸν
1383 5151 1594 5219 Πατέρα
1624 5153 1749 5204 ἀσε-

275 5271 325 5302 ⁸⁶
354 5270 478 5324 Act.
507 5285 582 5323 IV.
665 5269 706 5300 ⁸¹
733 5267 898 5322 lCor.
929 5283 988 5332 ιι,
1018 5267 1050 5321 6
1083 5277 1134 5324 et
1160 5282 1310 5336 seqq.

277 5384 394 5454 (7i)
425 5384 698 5454 Τέσσαρα
735 5385 874 5454 γένη
910 5383 1043 5454 τῶις,
1067 5393 1165 5454 etc.
1195 5385 1233 5436 E
1255 5383 1439 5454 codice
1464 5383 1738 5454 Daroccia-

1396 5269 1442 5299 ⁸³
1472 5267 1670 5328 Jerem.
1705 5287 1798 5338 ιιι,
1835 5275 1886 5328 5.
1921 5277 2082 5332 Zach.
2106 5282 2256 5344 31,5.
2331 5283 2416 5336 ³³1
2445 5283 2594 5338 Joan.
2633 5298 2694 5346 ιι,
2731 5281 2819 5334 25.

1857 4454 2032 4510 pretes
2061 4462 2166 4500 non
2195 4454 2501 4518 vertissent,
2538 4473 2557 4507 ι
2592 4459 2956 4525 turbaverunt,
2981 4483 3000 4515 ι
3032 4475 3104 4530 et,
3144 4486 3161 4519 ι
3189 4473 3381 4524 ιιιιιιιιι-

1857 4542 2090 4596 tuantur,
2118 4553 2138 4587 ι
2175 4547 2230 4590 ιιι
2258 4538 2623 4608 Symmachus,
2664 4562 2692 4599 a
2722 4549 2902 4614 verbo,
2940 4551 3329 4624 «fremuerunt,
3353 4578 3373 4611 ι

1855 4621 2030 4676 dicere
2073 4624 2293 4693 liceret,
2345 4647 2364 4681 ι
2392 4645 2511 4685 sese
2542 4634 2901 4702 jactaverunt,
2931 4659 2950 4690 ι
3001 4645 3139 4708 quod
3175 4645 3226 4698 in
3274 4663 3377 4700 uno

1854 4714 2229 4779 prophetarum
2271 4728 2516 4785 putamus
2551 4726 2632 4778 his
2661 4726 2880 4781 indicari
2917 4732 3094 4786 verbis
3118 4731 3198 4788 ⁸²ι
3234 4753 3254 4786 ι
3282 4737 3379 4791 Se-

1854 4802 2078 4855 cundum
2131 4809 2432 4874 superbiam
2477 4810 2742 4868 Jordanis.
2777 4834 2794 4866 ι
2831 4817 2897 4870 Ει.
2940 4822 3190 4886 quoniam
3241 4827 3378 4893 «qui

1854 4901 2007 4959 negat
2042 4892 2280 4961 Filium,
2329 4912 2428 4952 nec
2469 4899 2679 4960 Patrem
2729 4905 2889 4960 habet
2933 4908 2996 4973 ³³,
3031 4927 3050 4959 ι
3094 4923 3147 4964 et
3189 4932 3206 4962 ι
3231 4892 3318 4981 qui
3351 4932 3372 4963 ι

1853 4977 2120 5033 Christum
2151 4999 2170 5031 ι
2196 4985 2404 5052 recipit,
2431 4989 2621 5056 recipit
2650 4991 2794 5044 illum
2837 4995 2930 5061 qui
2953 4997 3092 5049 misit
3111 5016 3130 5047 ι
3165 4977 3282 5050 eum
3307 4999 3372 5061 “,

1855 5068 1973 5123 ideo
2006 5072 2096 5138 qui
2126 5073 2317 5128 militat
2359 5076 2612 5132 adversus
2640 5079 2909 5134 Christum
2940 5121 2955 5146 ,
3005 5098 3127 5149 erga
3158 5083 3370 5137 Patrem

1853 5155 2046 5226 impius
2073 5170 2175 5214 est.
2220 5163 2321 5228 Qui
2367 5178 2494 5234 ergo
2523 5166 2882 5234 fremuerunt,
2918 5178 2972 5222 et
2997 5169 3174 5220 inania
3203 5171 3368 5225 medi-

2909 5283 2955 5315 “
2979 5282 3164 5336 Matth.
3195 5297 3250 5347 ι,
3281 5285 3365 5340 40.

1847 5403 1944 5465 tem
1967 5410 1998 5448 e
2028 5396 2210 5465 codice
2233 5397 2395 5465 Regio
2425 5401 2577 5462 4818,
2611 5399 2666 5465 in
2685 5401 2853 5465 lucem
2886 5398 3069 5451 Graece
3098 5397 3257 5465 edidit
3289 5400 3363 5452 vir

209 5449 300 5514 no,
325 5463 383 5506 et
410 5449 969 5507 schedis’Contbelisii.
1002 5452 1182 5528 Latine
1215 5452 1427 5528 exhibet
1469 5449 1738 5528 Barbarus
1845 5449 2174 5516 clarissimus
2197 5449 2419 5517 dom‘iius
2442 5449 2739 5518 Bernartius
2771 5463 3214 5519 Montel‘alconius
3241 5478 3359 5528 pm.

211 5521 264 5574 in
288 5522 517 5586 Catena,
545 5529 865 5587 postremam
889 5527 1062 5573 autem
1097 5519 1249 5584 hujus
1292 5517 1579 5584 fragmenti
1604 5532 1737 5586 par-

1844 5529 2016 5584 timin.
2047 5533 2114 5585 ad
2145 5530 2383 5598 Hexapla
2400 5532 2662 5600 Origenis,
2693 5543 2810 5597 pag.
2844 5531 2939 5585 85.
