  <div class='ocr_page' id='page_1' title='image "/cluster/home/n/w/nwhite01/storage/ocr_20150623/12 (Origen; pt. 2)/nyp.33433081862272/564.png"; bbox 0 0 3806 6244; ppageno 0'>
   <div class='ocr_carea' id='block_1_1' title="bbox 94 70 217 154">
    <p class='ocr_par' dir='ltr' id='par_1_1' title="bbox 94 70 217 154">
     <span class='ocr_line' id='line_1_1' title="bbox 94 70 217 154; baseline 0 0"><span class='ocrx_word' id='word_1_1' title='bbox 94 70 217 154; x_wconf 94' lang='lat'><em>/</em></span> 
     </span>
    </p>
   </div>
   <div class='ocr_carea' id='block_1_2' title="bbox 109 364 197 461">
    <p class='ocr_par' dir='ltr' id='par_1_2' title="bbox 109 364 197 461">
     <span class='ocr_line' id='line_1_2' title="bbox 109 364 197 461; baseline 0 0"><span class='ocrx_word' id='word_1_2' title='bbox 109 364 197 461; x_wconf 61' lang='grc' dir='ltr'><em>Ι</em></span> 
     </span>
    </p>
   </div>
   <div class='ocr_carea' id='block_1_3' title="bbox 149 566 261 720">
    <p class='ocr_par' dir='ltr' id='par_1_3' title="bbox 149 566 261 720">
     <span class='ocr_line' id='line_1_3' title="bbox 149 566 261 720; baseline 0 0"><span class='ocrx_word' id='word_1_3' title='bbox 149 566 261 720; x_wconf 56' lang='grc'>9</span> 
     </span>
    </p>
   </div>
   <div class='ocr_carea' id='block_1_4' title="bbox 258 487 345 559">
    <p class='ocr_par' dir='ltr' id='par_1_4' title="bbox 258 487 345 559">
     <span class='ocr_line' id='line_1_4' title="bbox 258 487 345 559; baseline 0 -14"><span class='ocrx_word' id='word_1_4' title='bbox 258 487 345 559; x_wconf 58' lang='grc' dir='ltr'><strong>βω</strong></span> 
     </span>
    </p>
   </div>
   <div class='ocr_carea' id='block_1_5' title="bbox 246 780 1897 881">
    <p class='ocr_par' dir='ltr' id='par_1_5' title="bbox 246 780 1897 881">
     <span class='ocr_line' id='line_1_5' title="bbox 246 780 1897 881; baseline 0.008 -23"><span class='ocrx_word' id='word_1_5' title='bbox 431 780 551 881; x_wconf 43' lang='lat' dir='ltr'><strong>PV?</strong></span> <span class='ocrx_word' id='word_1_6' title='bbox 560 791 797 881; x_wconf 63' lang='grc' dir='ltr'><strong>Ρῷπους</strong></span> <span class='ocrx_word' id='word_1_7' title='bbox 829 804 1129 877; x_wconf 84' lang='grc' dir='ltr'><strong>δήσαντες,</strong></span> <span class='ocrx_word' id='word_1_8' title='bbox 1165 815 1258 867; x_wconf 77' lang='grc' dir='ltr'><strong>καὶ</strong></span> <span class='ocrx_word' id='word_1_9' title='bbox 1282 811 1371 866; x_wconf 81' lang='grc' dir='ltr'><strong>τὸν</strong></span> <span class='ocrx_word' id='word_1_10' title='bbox 1400 780 1601 866; x_wconf 65' lang='grc' dir='ltr'><strong>ἑαυτῶν</strong></span> <span class='ocrx_word' id='word_1_11' title='bbox 1625 780 1897 881; x_wconf 73' lang='grc' dir='ltr'><strong>ἐπιθέντες</strong></span> 
     </span>
    </p>
   </div>
   <div class='ocr_carea' id='block_1_6' title="bbox 280 273 3528 401">
    <p class='ocr_par' dir='ltr' id='par_1_6' title="bbox 280 273 3528 401">
     <span class='ocr_line' id='line_1_6' title="bbox 280 273 3528 401; baseline 0.002 -11"><span class='ocrx_word' id='word_1_12' title='bbox 280 273 367 336; x_wconf 51' lang='lat' dir='ltr'><strong><em>ms</em></strong></span> <span class='ocrx_word' id='word_1_13' title='bbox 1318 320 1612 391; x_wconf 75' lang='lat' dir='ltr'><strong>SELECTA</strong></span> <span class='ocrx_word' id='word_1_14' title='bbox 1646 330 1721 390; x_wconf 81' lang='lat' dir='ltr'><strong>1N</strong></span> <span class='ocrx_word' id='word_1_15' title='bbox 1761 339 2104 401; x_wconf 66' lang='lat' dir='ltr'><strong>rsawos.</strong></span> <span class='ocrx_word' id='word_1_16' title='bbox 2131 370 2207 389; x_wconf 89' lang='grc'><strong>.-</strong></span> <span class='ocrx_word' id='word_1_17' title='bbox 2233 339 2425 397; x_wconf 82' lang='lat' dir='ltr'><strong>PSAL.</strong></span> <span class='ocrx_word' id='word_1_18' title='bbox 2466 342 2527 397; x_wconf 85' lang='grc' dir='ltr'><strong>ιι.</strong></span> <span class='ocrx_word' id='word_1_19' title='bbox 3396 343 3528 399; x_wconf 76' lang='lat' dir='ltr'><strong>nos</strong></span> 
     </span>
    </p>
   </div>
   <div class='ocr_carea' id='block_1_7' title="bbox 278 409 1876 532">
    <p class='ocr_par' dir='ltr' id='par_1_7' title="bbox 278 409 1876 532">
     <span class='ocr_line' id='line_1_7' title="bbox 278 409 1876 532; baseline -0.018 1"><span class='ocrx_word' id='word_1_20' title='bbox 278 409 728 532; x_wconf 47' lang='lat' dir='ltr'><strong>;::Qﬁ°§w°5‘</strong></span> <span class='ocrx_word' id='word_1_21' title='bbox 788 444 902 502; x_wconf 47' lang='grc' dir='ltr'><strong>ἰπὶ</strong></span> <span class='ocrx_word' id='word_1_22' title='bbox 952 458 1032 530; x_wconf 67' lang='grc' dir='ltr'><strong>τῇ</strong></span> <span class='ocrx_word' id='word_1_23' title='bbox 1089 462 1210 517; x_wconf 78' lang='grc' dir='ltr'><strong>κατ’</strong></span> <span class='ocrx_word' id='word_1_24' title='bbox 1252 456 1415 513; x_wconf 66' lang='grc' dir='ltr'><strong>αὐτοῦ</strong></span> <span class='ocrx_word' id='word_1_25' title='bbox 1442 450 1692 527; x_wconf 70' lang='grc' dir='ltr'><strong>ἑπιὸουλῇ</strong></span> <span class='ocrx_word' id='word_1_26' title='bbox 1722 463 1876 531; x_wconf 75' lang='grc' dir='ltr'><strong>βασι.</strong></span> 
     </span>
    </p>
   </div>
   <div class='ocr_carea' id='block_1_8' title="bbox 1983 409 3528 532">
    <p class='ocr_par' dir='ltr' id='par_1_8' title="bbox 1999 454 3528 532">
     <span class='ocr_line' id='line_1_8' title="bbox 1999 454 3528 532; baseline -0.002 -14"><span class='ocrx_word' id='word_1_27' title='bbox 1999 471 2149 529; x_wconf 86' lang='lat' dir='ltr'><strong>rant,</strong></span> <span class='ocrx_word' id='word_1_28' title='bbox 2186 462 2567 528; x_wconf 73' lang='lat' dir='ltr'><strong>indignabundi</strong></span> <span class='ocrx_word' id='word_1_29' title='bbox 2602 457 2679 514; x_wconf 84' lang='lat' dir='ltr'><strong>ob</strong></span> <span class='ocrx_word' id='word_1_30' title='bbox 2704 454 3041 520; x_wconf 81' lang='lat' dir='ltr'><strong>invisibilium</strong></span> <span class='ocrx_word' id='word_1_31' title='bbox 3074 477 3255 532; x_wconf 87' lang='lat' dir='ltr'><strong>regum</strong></span> <span class='ocrx_word' id='word_1_32' title='bbox 3283 475 3347 516; x_wconf 80' lang='lat' dir='ltr'><strong>ar.</strong></span> <span class='ocrx_word' id='word_1_33' title='bbox 3383 463 3528 532; x_wconf 84' lang='lat' dir='ltr'><strong>prin-</strong></span> 
     </span>
    </p>
   </div>
   <div class='ocr_carea' id='block_1_9' title="bbox 343 507 1876 623">
    <p class='ocr_par' dir='ltr' id='par_1_9' title="bbox 343 507 1876 623">
     <span class='ocr_line' id='line_1_9' title="bbox 343 507 1876 623; baseline 0.035 -70"><span class='ocrx_word' id='word_1_34' title='bbox 343 507 527 623; x_wconf 51' lang='lat' dir='ltr'><strong>:ita:</strong></span> <span class='ocrx_word' id='word_1_35' title='bbox 538 514 869 622; x_wconf 64' lang='grc' dir='ltr'><strong>ἀρχόντων</strong></span> <span class='ocrx_word' id='word_1_36' title='bbox 1336 507 1612 621; x_wconf 40' lang='lat' dir='ltr'><strong>etp-qnam</strong></span> <span class='ocrx_word' id='word_1_37' title='bbox 1634 507 1876 614; x_wconf 65' lang='grc' dir='ltr'><strong>τὲδξ</strong></span> 
     </span>
    </p>
   </div>
   <div class='ocr_carea' id='block_1_10' title="bbox 1983 507 3526 623">
    <p class='ocr_par' dir='ltr' id='par_1_10' title="bbox 1997 507 3526 620">
     <span class='ocr_line' id='line_1_10' title="bbox 1997 507 3526 620; baseline -0.003 -14"><span class='ocrx_word' id='word_1_38' title='bbox 1997 507 2174 620; x_wconf 65' lang='lat' dir='ltr'><strong>cipunt</strong></span> <span class='ocrx_word' id='word_1_39' title='bbox 2218 507 2401 604; x_wconf 54' lang='lat' dir='ltr'><strong>contra</strong></span> <span class='ocrx_word' id='word_1_40' title='bbox 2430 548 2708 604; x_wconf 86' lang='lat' dir='ltr'><strong>Christum</strong></span> <span class='ocrx_word' id='word_1_41' title='bbox 2750 550 2990 615; x_wconf 81' lang='lat' dir='ltr'><strong>insidias,</strong></span> <span class='ocrx_word' id='word_1_42' title='bbox 3020 507 3221 620; x_wconf 46' lang='lat' dir='ltr'><strong>priuios</strong></span> <span class='ocrx_word' id='word_1_43' title='bbox 3244 507 3526 617; x_wconf 47' lang='lat' dir='ltr'><strong>istosaua-</strong></span> 
     </span>
    </p>
   </div>
   <div class='ocr_carea' id='block_1_11' title="bbox 266 596 1876 709">
    <p class='ocr_par' dir='ltr' id='par_1_11' title="bbox 266 596 1876 709">
     <span class='ocr_line' id='line_1_11' title="bbox 266 596 1876 709; baseline 0.022 -38"><span class='ocrx_word' id='word_1_44' title='bbox 266 596 771 709; x_wconf 53' lang='lat' dir='ltr'><strong>ag:</strong></span> <span class='ocrx_word' id='word_1_45' title='bbox 824 596 1876 709; x_wconf 54' lang='grc' dir='ltr'><strong>..εχξιιςῖεῑιῑέιοῑέτέλᾱπορέςξκῐέαζέ</strong></span> 
     </span>
    </p>
   </div>
   <div class='ocr_carea' id='block_1_12' title="bbox 1983 596 3524 709">
    <p class='ocr_par' dir='ltr' id='par_1_12' title="bbox 1998 596 3524 707">
     <span class='ocr_line' id='line_1_12' title="bbox 2001 596 3494 620; baseline -0.003 -14"><span class='ocrx_word' id='word_1_46' title='bbox 2001 596 2174 620; x_wconf 60' lang='grc' dir='ltr'><strong>-..ν-η-</strong></span> <span class='ocrx_word' id='word_1_47' title='bbox 2221 596 2401 604; x_wconf 65' lang='grc' dir='ltr'><strong>πη---</strong></span> <span class='ocrx_word' id='word_1_48' title='bbox 2437 596 2707 604; x_wconf 41' lang='lat' dir='ltr'><strong>__----_ﬁ</strong></span> <span class='ocrx_word' id='word_1_49' title='bbox 2750 596 2990 615; x_wconf 81' lang='lat'><strong>_----_._-,</strong></span> <span class='ocrx_word' id='word_1_50' title='bbox 3021 596 3221 620; x_wconf 77' lang='grc'><strong>,,-....--</strong></span> <span class='ocrx_word' id='word_1_51' title='bbox 3244 596 3372 604; x_wconf 64' lang='grc' dir='ltr'><strong>η---</strong></span> <span class='ocrx_word' id='word_1_52' title='bbox 3396 596 3494 617; x_wconf 38' lang='grc' dir='ltr'><strong>τε,</strong></span> 
     </span>
     <span class='ocr_line' id='line_1_13' title="bbox 1998 635 3524 707; baseline -0.004 -12"><span class='ocrx_word' id='word_1_53' title='bbox 1998 649 2117 695; x_wconf 88' lang='lat' dir='ltr'><strong>tuor</strong></span> <span class='ocrx_word' id='word_1_54' title='bbox 2144 638 2436 694; x_wconf 75' lang='lat' dir='ltr'><strong>versiculos</strong></span> <span class='ocrx_word' id='word_1_55' title='bbox 2459 635 2861 707; x_wconf 88' lang='lat' dir='ltr'><strong>pronuntiasse,</strong></span> <span class='ocrx_word' id='word_1_56' title='bbox 2893 648 2948 692; x_wconf 91' lang='lat' dir='ltr'><strong>et</strong></span> <span class='ocrx_word' id='word_1_57' title='bbox 2972 638 3127 693; x_wconf 80' lang='lat' dir='ltr'><strong>simul</strong></span> <span class='ocrx_word' id='word_1_58' title='bbox 3154 636 3524 692; x_wconf 87' lang='lat' dir='ltr'><strong>subdubitasse</strong></span> 
     </span>
    </p>
   </div>
   <div class='ocr_carea' id='block_1_13' title="bbox 207 680 1897 796">
    <p class='ocr_par' dir='ltr' id='par_1_13' title="bbox 207 680 1897 796">
     <span class='ocr_line' id='line_1_14' title="bbox 207 680 1897 714; baseline 0.009 -35"><span class='ocrx_word' id='word_1_59' title='bbox 207 680 244 714; x_wconf 62' lang='lat'><em>7</em></span> <span class='ocrx_word' id='word_1_60' title='bbox 606 698 635 710; x_wconf 38' lang='grc' dir='ltr'><strong>η</strong></span> <span class='ocrx_word' id='word_1_61' title='bbox 749 680 767 684; x_wconf 80' lang='lat'><strong>-</strong></span> <span class='ocrx_word' id='word_1_62' title='bbox 880 680 1103 702; x_wconf 22' lang='lat' dir='ltr'><strong>HV-&quot;</strong></span> <span class='ocrx_word' id='word_1_63' title='bbox 1145 680 1259 709; x_wconf 57' lang='grc' dir='ltr'><strong>η...</strong></span> <span class='ocrx_word' id='word_1_64' title='bbox 1296 680 1385 691; x_wconf 72' lang='grc' dir='ltr'><strong>η...</strong></span> <span class='ocrx_word' id='word_1_65' title='bbox 1420 680 1815 708; x_wconf 44' lang='grc' dir='ltr'><strong>-.φηγ--..η</strong></span> <span class='ocrx_word' id='word_1_66' title='bbox 1857 680 1897 694; x_wconf 92' lang='grc'><strong>..</strong></span> 
     </span>
     <span class='ocr_line' id='line_1_15' title="bbox 207 680 1897 796; baseline 0.012 -36"><span class='ocrx_word' id='word_1_67' title='bbox 518 709 729 796; x_wconf 35' lang='grc' dir='ltr'><strong>ξαντα</strong></span> <span class='ocrx_word' id='word_1_68' title='bbox 776 714 1033 781; x_wconf 80' lang='grc' dir='ltr'><strong>γίνεται.</strong></span> <span class='ocrx_word' id='word_1_69' title='bbox 1076 722 1186 777; x_wconf 76' lang='grc' dir='ltr'><strong>Εἶτ’</strong></span> <span class='ocrx_word' id='word_1_70' title='bbox 1220 725 1443 794; x_wconf 66' lang='grc' dir='ltr'><strong>ἐπείπερ</strong></span> <span class='ocrx_word' id='word_1_71' title='bbox 1474 722 1623 775; x_wconf 80' lang='grc' dir='ltr'><strong>αὐτοὶ</strong></span> <span class='ocrx_word' id='word_1_72' title='bbox 1661 719 1801 795; x_wconf 80' lang='grc' dir='ltr'><strong>ἦσαν</strong></span> <span class='ocrx_word' id='word_1_73' title='bbox 1850 729 1897 780; x_wconf 78' lang='grc' dir='ltr'><strong>οἱ</strong></span> 
     </span>
    </p>
   </div>
   <div class='ocr_carea' id='block_1_14' title="bbox 1994 723 3516 796">
    <p class='ocr_par' dir='ltr' id='par_1_14' title="bbox 1994 723 3516 796">
     <span class='ocr_line' id='line_1_16' title="bbox 1994 723 3516 796; baseline -0.004 -15"><span class='ocrx_word' id='word_1_74' title='bbox 1994 727 2062 782; x_wconf 91' lang='lat' dir='ltr'><strong>ad</strong></span> <span class='ocrx_word' id='word_1_75' title='bbox 2087 728 2214 796; x_wconf 85' lang='lat' dir='ltr'><strong>quid</strong></span> <span class='ocrx_word' id='word_1_76' title='bbox 2238 728 2338 782; x_wconf 89' lang='lat' dir='ltr'><strong>ista</strong></span> <span class='ocrx_word' id='word_1_77' title='bbox 2367 725 2575 780; x_wconf 79' lang='lat' dir='ltr'><strong>flerent.</strong></span> <span class='ocrx_word' id='word_1_78' title='bbox 2607 723 2807 778; x_wconf 85' lang='lat' dir='ltr'><strong>Deinde</strong></span> <span class='ocrx_word' id='word_1_79' title='bbox 2836 725 3088 793; x_wconf 84' lang='lat' dir='ltr'><strong>quoniam</strong></span> <span class='ocrx_word' id='word_1_80' title='bbox 3122 725 3219 791; x_wconf 88' lang='lat' dir='ltr'><strong>ipsi</strong></span> <span class='ocrx_word' id='word_1_81' title='bbox 3248 732 3403 778; x_wconf 89' lang='lat' dir='ltr'><strong>erant</strong></span> <span class='ocrx_word' id='word_1_82' title='bbox 3428 723 3516 791; x_wconf 83' lang='lat' dir='ltr'><strong>qui</strong></span> 
     </span>
    </p>
   </div>
   <div class='ocr_carea' id='block_1_15' title="bbox 1996 810 3515 883">
    <p class='ocr_par' dir='ltr' id='par_1_15' title="bbox 1996 810 3515 883">
     <span class='ocr_line' id='line_1_17' title="bbox 1996 810 3515 883; baseline -0.003 -15"><span class='ocrx_word' id='word_1_83' title='bbox 1996 815 2235 869; x_wconf 80' lang='lat' dir='ltr'><strong>homines</strong></span> <span class='ocrx_word' id='word_1_84' title='bbox 2260 813 2512 883; x_wconf 85' lang='lat' dir='ltr'><strong>ligabant,</strong></span> <span class='ocrx_word' id='word_1_85' title='bbox 2538 821 2593 868; x_wconf 90' lang='lat' dir='ltr'><strong>et</strong></span> <span class='ocrx_word' id='word_1_86' title='bbox 2621 826 2773 865; x_wconf 88' lang='lat' dir='ltr'><strong>suum</strong></span> <span class='ocrx_word' id='word_1_87' title='bbox 2798 810 3125 878; x_wconf 76' lang='lat' dir='ltr'><strong>ipsisjugum</strong></span> <span class='ocrx_word' id='word_1_88' title='bbox 3155 811 3515 878; x_wconf 81' lang='lat' dir='ltr'><strong>imponebant,</strong></span> 
     </span>
    </p>
   </div>
   <div class='ocr_carea' id='block_1_16' title="bbox 1992 899 3519 970">
    <p class='ocr_par' dir='ltr' id='par_1_16' title="bbox 1992 899 3519 970">
     <span class='ocr_line' id='line_1_18' title="bbox 1992 899 3519 970; baseline -0.001 -15"><span class='ocrx_word' id='word_1_89' title='bbox 1992 903 2067 956; x_wconf 83' lang='lat' dir='ltr'><strong>ait</strong></span> <span class='ocrx_word' id='word_1_90' title='bbox 2086 902 2154 956; x_wconf 87' lang='lat' dir='ltr'><strong>ad</strong></span> <span class='ocrx_word' id='word_1_91' title='bbox 2183 902 2399 970; x_wconf 83' lang='lat' dir='ltr'><strong>angelos</strong></span> <span class='ocrx_word' id='word_1_92' title='bbox 2431 916 2555 956; x_wconf 90' lang='lat' dir='ltr'><strong>suos</strong></span> <span class='ocrx_word' id='word_1_93' title='bbox 2578 900 2748 956; x_wconf 84' lang='lat' dir='ltr'><strong>Filius</strong></span> <span class='ocrx_word' id='word_1_94' title='bbox 2774 899 2890 964; x_wconf 89' lang='lat' dir='ltr'><strong>Dei,</strong></span> <span class='ocrx_word' id='word_1_95' title='bbox 2923 900 3214 953; x_wconf 83' lang='lat' dir='ltr'><strong>adhortans</strong></span> <span class='ocrx_word' id='word_1_96' title='bbox 3241 913 3352 962; x_wconf 89' lang='lat' dir='ltr'><strong>eos,</strong></span> <span class='ocrx_word' id='word_1_97' title='bbox 3376 911 3435 952; x_wconf 88' lang='lat' dir='ltr'><strong>ut</strong></span> <span class='ocrx_word' id='word_1_98' title='bbox 3460 913 3519 954; x_wconf 85' lang='lat' dir='ltr'><strong>se</strong></span> 
     </span>
    </p>
   </div>
   <div class='ocr_carea' id='block_1_17' title="bbox 1992 986 3519 1056">
    <p class='ocr_par' dir='ltr' id='par_1_17' title="bbox 1992 986 3519 1056">
     <span class='ocr_line' id='line_1_19' title="bbox 1992 986 3519 1056; baseline -0.004 -12"><span class='ocrx_word' id='word_1_99' title='bbox 1992 990 2327 1045; x_wconf 87' lang='lat' dir='ltr'><strong>imitarentur</strong></span> <span class='ocrx_word' id='word_1_100' title='bbox 2356 989 2568 1044; x_wconf 87' lang='lat' dir='ltr'><strong>vincula</strong></span> <span class='ocrx_word' id='word_1_101' title='bbox 2598 997 2937 1056; x_wconf 76' lang='lat' dir='ltr'><strong>peccatorum</strong></span> <span class='ocrx_word' id='word_1_102' title='bbox 2979 986 3393 1054; x_wconf 91' lang='lat' dir='ltr'><strong>disrumpentem</strong></span> <span class='ocrx_word' id='word_1_103' title='bbox 3420 1024 3436 1048; x_wconf 92' lang='lat'><strong>,</strong></span> <span class='ocrx_word' id='word_1_104' title='bbox 3462 995 3519 1041; x_wconf 87' lang='lat' dir='ltr'><strong>et</strong></span> 
     </span>
    </p>
   </div>
   <div class='ocr_carea' id='block_1_18' title="bbox 1985 1075 3519 1146">
    <p class='ocr_par' dir='ltr' id='par_1_18' title="bbox 1985 1075 3519 1146">
     <span class='ocr_line' id='line_1_20' title="bbox 1985 1075 3519 1146; baseline -0.004 -15"><span class='ocrx_word' id='word_1_105' title='bbox 1985 1079 2167 1145; x_wconf 81' lang='lat' dir='ltr'><strong>jugum</strong></span> <span class='ocrx_word' id='word_1_106' title='bbox 2202 1078 2433 1146; x_wconf 85' lang='lat' dir='ltr'><strong>ipsorum</strong></span> <span class='ocrx_word' id='word_1_107' title='bbox 2478 1076 2869 1144; x_wconf 81' lang='lat' dir='ltr'><strong>projicientem.</strong></span> <span class='ocrx_word' id='word_1_108' title='bbox 2902 1075 3277 1141; x_wconf 86' lang='lat' dir='ltr'><strong>Dirumpamus</strong></span> <span class='ocrx_word' id='word_1_109' title='bbox 3320 1080 3374 1126; x_wconf 89' lang='lat' dir='ltr'><strong>et</strong></span> <span class='ocrx_word' id='word_1_110' title='bbox 3421 1085 3519 1125; x_wconf 88' lang='lat' dir='ltr'><strong>nos</strong></span> 
     </span>
    </p>
   </div>
   <div class='ocr_carea' id='block_1_19' title="bbox 1990 1159 3515 1231">
    <p class='ocr_par' dir='ltr' id='par_1_19' title="bbox 1990 1159 3515 1231">
     <span class='ocr_line' id='line_1_21' title="bbox 1990 1159 3515 1231; baseline -0.003 -14"><span class='ocrx_word' id='word_1_111' title='bbox 1990 1165 2197 1218; x_wconf 83' lang='lat' dir='ltr'><strong>vincula</strong></span> <span class='ocrx_word' id='word_1_112' title='bbox 2223 1200 2238 1226; x_wconf 87' lang='lat'><strong>,</strong></span> <span class='ocrx_word' id='word_1_113' title='bbox 2280 1166 2471 1231; x_wconf 88' lang='lat' dir='ltr'><strong>quibus</strong></span> <span class='ocrx_word' id='word_1_114' title='bbox 2507 1170 2791 1231; x_wconf 85' lang='lat' dir='ltr'><strong>peccantes</strong></span> <span class='ocrx_word' id='word_1_115' title='bbox 2833 1161 2978 1230; x_wconf 78' lang='lat' dir='ltr'><strong>ligati</strong></span> <span class='ocrx_word' id='word_1_116' title='bbox 3023 1175 3228 1226; x_wconf 76' lang='lat' dir='ltr'><strong>Sumus,</strong></span> <span class='ocrx_word' id='word_1_117' title='bbox 3262 1159 3515 1226; x_wconf 86' lang='lat' dir='ltr'><strong>quoniam</strong></span> 
     </span>
    </p>
   </div>
   <div class='ocr_carea' id='block_1_20' title="bbox 1990 1248 3518 1319">
    <p class='ocr_par' dir='ltr' id='par_1_20' title="bbox 1990 1248 3518 1319">
     <span class='ocr_line' id='line_1_22' title="bbox 1990 1248 3518 1319; baseline -0.002 -15"><span class='ocrx_word' id='word_1_118' title='bbox 1990 1251 2205 1306; x_wconf 88' lang='lat' dir='ltr'><strong>funibus</strong></span> <span class='ocrx_word' id='word_1_119' title='bbox 2234 1260 2572 1319; x_wconf 80' lang='lat' dir='ltr'><strong>peccatorum</strong></span> <span class='ocrx_word' id='word_1_120' title='bbox 2603 1264 2819 1303; x_wconf 89' lang='lat' dir='ltr'><strong>suorum</strong></span> <span class='ocrx_word' id='word_1_121' title='bbox 2853 1251 3077 1317; x_wconf 82' lang='lat' dir='ltr'><strong>quisque</strong></span> <span class='ocrx_word' id='word_1_122' title='bbox 3115 1248 3518 1315; x_wconf 79' lang='lat' dir='ltr'><strong>constringitur.</strong></span> 
     </span>
    </p>
   </div>
   <div class='ocr_carea' id='block_1_21' title="bbox 1992 1338 3516 1408">
    <p class='ocr_par' dir='ltr' id='par_1_21' title="bbox 1992 1338 3516 1408">
     <span class='ocr_line' id='line_1_23' title="bbox 1992 1338 3516 1408; baseline -0.002 -15"><span class='ocrx_word' id='word_1_123' title='bbox 1992 1341 2056 1393; x_wconf 84' lang='lat' dir='ltr'><strong>Et</strong></span> <span class='ocrx_word' id='word_1_124' title='bbox 2093 1340 2230 1394; x_wconf 91' lang='lat' dir='ltr'><strong>forte</strong></span> <span class='ocrx_word' id='word_1_125' title='bbox 2258 1349 2475 1408; x_wconf 61' lang='lat' dir='ltr'><strong>praestat</strong></span> <span class='ocrx_word' id='word_1_126' title='bbox 2527 1339 2804 1393; x_wconf 81' lang='lat' dir='ltr'><strong>confestim</strong></span> <span class='ocrx_word' id='word_1_127' title='bbox 2852 1339 3061 1393; x_wconf 83' lang='lat' dir='ltr'><strong>vincula</strong></span> <span class='ocrx_word' id='word_1_128' title='bbox 3094 1338 3426 1404; x_wconf 85' lang='lat' dir='ltr'><strong>disrumpere</strong></span> <span class='ocrx_word' id='word_1_129' title='bbox 3458 1345 3516 1390; x_wconf 90' lang='lat' dir='ltr'><strong>ut</strong></span> 
     </span>
    </p>
   </div>
   <div class='ocr_carea' id='block_1_22' title="bbox 343 774 356 793">
    <p class='ocr_par' dir='ltr' id='par_1_22' title="bbox 343 774 356 793">
     <span class='ocr_line' id='line_1_24' title="bbox 343 774 356 793; baseline 0 0"><span class='ocrx_word' id='word_1_130' title='bbox 343 774 356 793; x_wconf 79' lang='lat'><strong><em>\</em></strong></span> 
     </span>
    </p>
   </div>
   <div class='ocr_carea' id='block_1_23' title="bbox 280 871 1896 966">
    <p class='ocr_par' dir='ltr' id='par_1_23' title="bbox 280 871 1896 966">
     <span class='ocr_line' id='line_1_25' title="bbox 280 871 1896 966; baseline 0.012 -31"><span class='ocrx_word' id='word_1_131' title='bbox 280 871 487 966; x_wconf 57' lang='grc' dir='ltr'><strong>αδδῖοῖς</strong></span> <span class='ocrx_word' id='word_1_132' title='bbox 514 872 712 949; x_wconf 69' lang='grc' dir='ltr'><strong>ζυγὸν,</strong></span> <span class='ocrx_word' id='word_1_133' title='bbox 742 871 1125 964; x_wconf 34' lang='grc' dir='ltr'><strong>ἀποκρίνεται.</strong></span> <span class='ocrx_word' id='word_1_134' title='bbox 1147 898 1282 965; x_wconf 80' lang='grc' dir='ltr'><strong>πρὸς</strong></span> <span class='ocrx_word' id='word_1_135' title='bbox 1307 900 1428 963; x_wconf 81' lang='grc' dir='ltr'><strong>τοὺς</strong></span> <span class='ocrx_word' id='word_1_136' title='bbox 1457 897 1753 966; x_wconf 76' lang='grc' dir='ltr'><strong>ἀγγέλουςό</strong></span> <span class='ocrx_word' id='word_1_137' title='bbox 1774 871 1896 966; x_wconf 69' lang='grc' dir='ltr'><strong>Υιδξ</strong></span> 
     </span>
    </p>
   </div>
   <div class='ocr_carea' id='block_1_24' title="bbox 312 963 1894 1058">
    <p class='ocr_par' dir='ltr' id='par_1_24' title="bbox 312 963 1894 1058">
     <span class='ocr_line' id='line_1_26' title="bbox 312 963 1894 1058; baseline 0.009 -30"><span class='ocrx_word' id='word_1_138' title='bbox 312 963 408 1029; x_wconf 70' lang='grc' dir='ltr'>ςοῦ</span> <span class='ocrx_word' id='word_1_139' title='bbox 432 965 599 1035; x_wconf 59' lang='grc' dir='ltr'><strong>θεοῦ,</strong></span> <span class='ocrx_word' id='word_1_140' title='bbox 623 963 971 1050; x_wconf 78' lang='grc' dir='ltr'><strong>προτρέπων</strong></span> <span class='ocrx_word' id='word_1_141' title='bbox 1002 963 1205 1048; x_wconf 32' lang='grc' dir='ltr'><strong>αὐτοὺς.</strong></span> <span class='ocrx_word' id='word_1_142' title='bbox 1233 987 1325 1040; x_wconf 76' lang='grc' dir='ltr'><strong>ἐπὶ</strong></span> <span class='ocrx_word' id='word_1_143' title='bbox 1349 988 1409 1040; x_wconf 84' lang='grc' dir='ltr'><strong>τὺ</strong></span> <span class='ocrx_word' id='word_1_144' title='bbox 1437 963 1769 1058; x_wconf 63' lang='grc' dir='ltr'><strong>μιμήσασθαι</strong></span> <span class='ocrx_word' id='word_1_145' title='bbox 1796 963 1894 1043; x_wconf 52' lang='grc' dir='ltr'><strong>αύ-ζ</strong></span> 
     </span>
    </p>
   </div>
   <div class='ocr_carea' id='block_1_25' title="bbox 327 1062 1895 1147">
    <p class='ocr_par' dir='ltr' id='par_1_25' title="bbox 327 1062 1895 1147">
     <span class='ocr_line' id='line_1_27' title="bbox 327 1062 1895 1147; baseline 0.008 -29"><span class='ocrx_word' id='word_1_146' title='bbox 327 1063 415 1118; x_wconf 82' lang='grc' dir='ltr'><strong>τὺν</strong></span> <span class='ocrx_word' id='word_1_147' title='bbox 474 1062 753 1134; x_wconf 78' lang='grc' dir='ltr'><strong>ρητνύντα</strong></span> <span class='ocrx_word' id='word_1_148' title='bbox 800 1073 937 1135; x_wconf 77' lang='grc' dir='ltr'><strong>τοὺς</strong></span> <span class='ocrx_word' id='word_1_149' title='bbox 977 1075 1206 1145; x_wconf 79' lang='grc' dir='ltr'><strong>δεσμοὺς</strong></span> <span class='ocrx_word' id='word_1_150' title='bbox 1249 1076 1356 1129; x_wconf 88' lang='grc' dir='ltr'><strong>τῶν</strong></span> <span class='ocrx_word' id='word_1_151' title='bbox 1398 1077 1750 1147; x_wconf 83' lang='grc' dir='ltr'><strong>ἁμαρτωλῶν,</strong></span> <span class='ocrx_word' id='word_1_152' title='bbox 1801 1079 1895 1132; x_wconf 73' lang='grc' dir='ltr'><strong>καὶ</strong></span> 
     </span>
    </p>
   </div>
   <div class='ocr_carea' id='block_1_26' title="bbox 334 1152 1894 1235">
    <p class='ocr_par' dir='ltr' id='par_1_26' title="bbox 334 1152 1894 1235">
     <span class='ocr_line' id='line_1_28' title="bbox 334 1152 1894 1235; baseline 0.008 -29"><span class='ocrx_word' id='word_1_153' title='bbox 334 1152 782 1223; x_wconf 69' lang='grc' dir='ltr'><strong>ἀπορριπτοῦντα</strong></span> <span class='ocrx_word' id='word_1_154' title='bbox 812 1159 910 1212; x_wconf 76' lang='grc' dir='ltr'><strong>τὸν</strong></span> <span class='ocrx_word' id='word_1_155' title='bbox 944 1159 1105 1229; x_wconf 80' lang='grc' dir='ltr'><strong>ζυγὸν</strong></span> <span class='ocrx_word' id='word_1_156' title='bbox 1141 1164 1335 1218; x_wconf 85' lang='grc' dir='ltr'><strong>αὐτῶν.</strong></span> <span class='ocrx_word' id='word_1_157' title='bbox 1377 1164 1756 1235; x_wconf 79' lang='grc' dir='ltr'><strong>Διαρῤήξωμεν</strong></span> <span class='ocrx_word' id='word_1_158' title='bbox 1801 1167 1894 1219; x_wconf 75' lang='grc' dir='ltr'><strong>καὶ</strong></span> 
     </span>
    </p>
   </div>
   <div class='ocr_carea' id='block_1_27' title="bbox 334 1242 1891 1321">
    <p class='ocr_par' dir='ltr' id='par_1_27' title="bbox 334 1242 1891 1321">
     <span class='ocr_line' id='line_1_29' title="bbox 334 1242 1891 1321; baseline 0.009 -29"><span class='ocrx_word' id='word_1_159' title='bbox 334 1242 499 1321; x_wconf 60' lang='grc' dir='ltr'><strong>⁴Ιιμεῒς</strong></span> <span class='ocrx_word' id='word_1_160' title='bbox 527 1242 651 1306; x_wconf 74' lang='grc' dir='ltr'><strong>τοὺς</strong></span> <span class='ocrx_word' id='word_1_161' title='bbox 678 1243 914 1315; x_wconf 79' lang='grc' dir='ltr'><strong>δεσμοὺς</strong></span> <span class='ocrx_word' id='word_1_162' title='bbox 951 1244 1031 1311; x_wconf 70' lang='grc' dir='ltr'><strong>οἷς</strong></span> <span class='ocrx_word' id='word_1_163' title='bbox 1065 1249 1319 1320; x_wconf 75' lang='grc' dir='ltr'><strong>ἐδέθημεν</strong></span> <span class='ocrx_word' id='word_1_164' title='bbox 1354 1252 1744 1321; x_wconf 85' lang='grc' dir='ltr'><strong>ἁμαρτάνοντες</strong></span> <span class='ocrx_word' id='word_1_165' title='bbox 1765 1293 1781 1317; x_wconf 91' lang='grc'><strong>,</strong></span> <span class='ocrx_word' id='word_1_166' title='bbox 1812 1254 1891 1305; x_wconf 86' lang='grc' dir='ltr'><strong>ὄτι</strong></span> 
     </span>
    </p>
   </div>
   <div class='ocr_carea' id='block_1_28' title="bbox 332 1329 1892 1407">
    <p class='ocr_par' dir='ltr' id='par_1_28' title="bbox 332 1329 1892 1407">
     <span class='ocr_line' id='line_1_30' title="bbox 332 1329 1892 1407; baseline 0.01 -29"><span class='ocrx_word' id='word_1_167' title='bbox 332 1330 549 1398; x_wconf 79' lang='grc' dir='ltr'><strong>σειραῖς</strong></span> <span class='ocrx_word' id='word_1_168' title='bbox 575 1329 684 1382; x_wconf 85' lang='grc' dir='ltr'>τῶν</span> <span class='ocrx_word' id='word_1_169' title='bbox 715 1333 909 1386; x_wconf 71' lang='grc' dir='ltr'><strong>ἑαυτοῦ</strong></span> <span class='ocrx_word' id='word_1_170' title='bbox 933 1335 1209 1405; x_wconf 82' lang='grc' dir='ltr'><strong>ἁμαρτιῶν</strong></span> <span class='ocrx_word' id='word_1_171' title='bbox 1222 1337 1445 1401; x_wconf 72' lang='grc' dir='ltr'><strong>ἕκαστος</strong></span> <span class='ocrx_word' id='word_1_172' title='bbox 1467 1339 1765 1407; x_wconf 82' lang='grc' dir='ltr'><strong>σφίγγεται.</strong></span> <span class='ocrx_word' id='word_1_173' title='bbox 1785 1341 1892 1393; x_wconf 76' lang='grc' dir='ltr'><strong>Καὶ</strong></span> 
     </span>
    </p>
   </div>
   <div class='ocr_carea' id='block_1_29' title="bbox 322 1416 1876 1498">
    <p class='ocr_par' dir='ltr' id='par_1_29' title="bbox 322 1416 1876 1498">
     <span class='ocr_line' id='line_1_31' title="bbox 322 1416 1876 1498; baseline 0.009 -31"><span class='ocrx_word' id='word_1_174' title='bbox 322 1416 476 1485; x_wconf 79' lang='grc' dir='ltr'><strong>τάχα</strong></span> <span class='ocrx_word' id='word_1_175' title='bbox 511 1420 762 1489; x_wconf 84' lang='grc' dir='ltr'><strong>κρεῖττον</strong></span> <span class='ocrx_word' id='word_1_176' title='bbox 787 1422 849 1473; x_wconf 83' lang='grc' dir='ltr'><strong>τὺ</strong></span> <span class='ocrx_word' id='word_1_177' title='bbox 881 1421 1164 1494; x_wconf 72' lang='grc' dir='ltr'><strong>διαρρῆξαι</strong></span> <span class='ocrx_word' id='word_1_178' title='bbox 1191 1427 1315 1488; x_wconf 78' lang='grc' dir='ltr'><strong>τοὺς</strong></span> <span class='ocrx_word' id='word_1_179' title='bbox 1343 1427 1569 1496; x_wconf 85' lang='grc' dir='ltr'><strong>δεσμοὺς</strong></span> <span class='ocrx_word' id='word_1_180' title='bbox 1591 1465 1607 1491; x_wconf 90' lang='grc'><strong>,</strong></span> <span class='ocrx_word' id='word_1_181' title='bbox 1638 1428 1714 1490; x_wconf 80' lang='grc' dir='ltr'><strong>ὡς</strong></span> <span class='ocrx_word' id='word_1_182' title='bbox 1745 1429 1876 1498; x_wconf 86' lang='grc' dir='ltr'><strong>Σαμ-</strong></span> 
     </span>
    </p>
   </div>
   <div class='ocr_carea' id='block_1_30' title="bbox 1983 1416 3517 1498">
    <p class='ocr_par' dir='ltr' id='par_1_30' title="bbox 1989 1420 3517 1495">
     <span class='ocr_line' id='line_1_32' title="bbox 1989 1420 3517 1495; baseline -0.003 -16"><span class='ocrx_word' id='word_1_183' title='bbox 1989 1426 2230 1490; x_wconf 86' lang='lat' dir='ltr'><strong>Samson,</strong></span> <span class='ocrx_word' id='word_1_184' title='bbox 2260 1441 2417 1495; x_wconf 85' lang='lat' dir='ltr'><strong>quam</strong></span> <span class='ocrx_word' id='word_1_185' title='bbox 2447 1425 2756 1487; x_wconf 80' lang='lat' dir='ltr'><strong>dissolvere,</strong></span> <span class='ocrx_word' id='word_1_186' title='bbox 2786 1423 2922 1477; x_wconf 89' lang='lat' dir='ltr'><strong>sicut</strong></span> <span class='ocrx_word' id='word_1_187' title='bbox 2965 1432 3238 1492; x_wconf 87' lang='lat' dir='ltr'><strong>peccatum</strong></span> <span class='ocrx_word' id='word_1_188' title='bbox 3267 1420 3517 1477; x_wconf 83' lang='lat' dir='ltr'><strong>Hieroso-</strong></span> 
     </span>
    </p>
   </div>
   <div class='ocr_carea' id='block_1_31' title="bbox 318 1501 1876 1587">
    <p class='ocr_par' dir='ltr' id='par_1_31' title="bbox 318 1501 1876 1587">
     <span class='ocr_line' id='line_1_33' title="bbox 318 1501 1876 1587; baseline 0.008 -31"><span class='ocrx_word' id='word_1_189' title='bbox 318 1501 469 1570; x_wconf 71' lang='grc' dir='ltr'>ψὼν,</span> <span class='ocrx_word' id='word_1_190' title='bbox 507 1505 609 1558; x_wconf 78' lang='grc' dir='ltr'><strong>τοῦ</strong></span> <span class='ocrx_word' id='word_1_191' title='bbox 638 1506 796 1561; x_wconf 83' lang='grc' dir='ltr'><strong>λῦσαι</strong></span> <span class='ocrx_word' id='word_1_192' title='bbox 826 1509 1042 1574; x_wconf 81' lang='grc' dir='ltr'><strong>αὐτοὺς,</strong></span> <span class='ocrx_word' id='word_1_193' title='bbox 1070 1512 1145 1575; x_wconf 85' lang='grc' dir='ltr'><strong>ὡς</strong></span> <span class='ocrx_word' id='word_1_194' title='bbox 1175 1513 1387 1566; x_wconf 81' lang='grc' dir='ltr'><strong>λέλυται</strong></span> <span class='ocrx_word' id='word_1_195' title='bbox 1413 1514 1514 1583; x_wconf 81' lang='grc' dir='ltr'><strong>τῆς</strong></span> <span class='ocrx_word' id='word_1_196' title='bbox 1546 1516 1876 1587; x_wconf 69' lang='grc' dir='ltr'><strong>Ἰερουσαλὴμ</strong></span> 
     </span>
    </p>
   </div>
   <div class='ocr_carea' id='block_1_32' title="bbox 1983 1501 3515 1587">
    <p class='ocr_par' dir='ltr' id='par_1_32' title="bbox 1987 1511 3515 1584">
     <span class='ocr_line' id='line_1_34' title="bbox 1987 1511 3515 1584; baseline -0.002 -17"><span class='ocrx_word' id='word_1_197' title='bbox 1987 1514 2139 1584; x_wconf 69' lang='lat' dir='ltr'><strong>lyma:</strong></span> <span class='ocrx_word' id='word_1_198' title='bbox 2165 1514 2393 1569; x_wconf 89' lang='lat' dir='ltr'><strong>solutum</strong></span> <span class='ocrx_word' id='word_1_199' title='bbox 2423 1513 2561 1578; x_wconf 90' lang='lat' dir='ltr'><strong>fuit;</strong></span> <span class='ocrx_word' id='word_1_200' title='bbox 2593 1514 2841 1581; x_wconf 87' lang='lat' dir='ltr'><strong>quoniam</strong></span> <span class='ocrx_word' id='word_1_201' title='bbox 2874 1512 3074 1580; x_wconf 84' lang='lat' dir='ltr'><strong>recepit</strong></span> <span class='ocrx_word' id='word_1_202' title='bbox 3106 1511 3173 1566; x_wconf 85' lang='lat' dir='ltr'><strong>de</strong></span> <span class='ocrx_word' id='word_1_203' title='bbox 3215 1524 3376 1563; x_wconf 90' lang='lat' dir='ltr'><strong>manu</strong></span> <span class='ocrx_word' id='word_1_204' title='bbox 3414 1511 3515 1564; x_wconf 90' lang='lat' dir='ltr'><strong>Do-</strong></span> 
     </span>
    </p>
   </div>
   <div class='ocr_carea' id='block_1_33' title="bbox 318 1593 1876 1672">
    <p class='ocr_par' dir='ltr' id='par_1_33' title="bbox 318 1593 1876 1672">
     <span class='ocr_line' id='line_1_35' title="bbox 318 1593 1876 1672; baseline 0.008 -28"><span class='ocrx_word' id='word_1_205' title='bbox 318 1594 353 1660; x_wconf 72' lang='grc' dir='ltr'><em>ὴ</em></span> <span class='ocrx_word' id='word_1_206' title='bbox 385 1593 684 1665; x_wconf 78' lang='grc' dir='ltr'><strong>ἁμαρτίαο</strong></span> <span class='ocrx_word' id='word_1_207' title='bbox 714 1597 795 1648; x_wconf 81' lang='grc' dir='ltr'><strong>ὅτι</strong></span> <span class='ocrx_word' id='word_1_208' title='bbox 824 1596 1036 1662; x_wconf 72' lang='grc' dir='ltr'><strong>ἐδέξατο</strong></span> <span class='ocrx_word' id='word_1_209' title='bbox 1075 1603 1139 1653; x_wconf 82' lang='grc' dir='ltr'><strong>ὲκ</strong></span> <span class='ocrx_word' id='word_1_210' title='bbox 1168 1603 1343 1672; x_wconf 82' lang='grc' dir='ltr'><strong>χειρὸς</strong></span> <span class='ocrx_word' id='word_1_211' title='bbox 1388 1603 1609 1672; x_wconf 82' lang='grc' dir='ltr'><strong>Κυρίου·</strong></span> <span class='ocrx_word' id='word_1_212' title='bbox 1633 1604 1792 1657; x_wconf 77' lang='grc' dir='ltr'><strong>διπλᾶ</strong></span> <span class='ocrx_word' id='word_1_213' title='bbox 1823 1605 1876 1657; x_wconf 73' lang='grc' dir='ltr'><strong>τὰ</strong></span> 
     </span>
    </p>
   </div>
   <div class='ocr_carea' id='block_1_34' title="bbox 1983 1593 3514 1672">
    <p class='ocr_par' dir='ltr' id='par_1_34' title="bbox 1987 1598 3514 1671">
     <span class='ocr_line' id='line_1_36' title="bbox 1987 1598 3514 1671; baseline -0.004 -15"><span class='ocrx_word' id='word_1_214' title='bbox 1987 1602 2116 1656; x_wconf 87' lang='lat' dir='ltr'><strong>mini</strong></span> <span class='ocrx_word' id='word_1_215' title='bbox 2144 1602 2376 1671; x_wconf 80' lang='lat' dir='ltr'><strong>duplicia</strong></span> <span class='ocrx_word' id='word_1_216' title='bbox 2405 1609 2627 1671; x_wconf 87' lang='lat' dir='ltr'><strong>peccata</strong></span> <span class='ocrx_word' id='word_1_217' title='bbox 2659 1616 2775 1655; x_wconf 88' lang='lat' dir='ltr'><strong>sua.</strong></span> <span class='ocrx_word' id='word_1_218' title='bbox 2804 1600 2906 1665; x_wconf 86' lang='lat' dir='ltr'><strong>Qui</strong></span> <span class='ocrx_word' id='word_1_219' title='bbox 2940 1614 3066 1653; x_wconf 87' lang='lat' dir='ltr'><strong>vero</strong></span> <span class='ocrx_word' id='word_1_220' title='bbox 3091 1599 3399 1666; x_wconf 73' lang='lat' dir='ltr'><strong>praedictum</strong></span> <span class='ocrx_word' id='word_1_221' title='bbox 3425 1598 3514 1666; x_wconf 80' lang='lat' dir='ltr'><strong>ju-</strong></span> 
     </span>
    </p>
   </div>
   <div class='ocr_carea' id='block_1_35' title="bbox 310 1681 1876 1761">
    <p class='ocr_par' dir='ltr' id='par_1_35' title="bbox 310 1681 1876 1758">
     <span class='ocr_line' id='line_1_37' title="bbox 310 1681 1876 1758; baseline 0.009 -26"><span class='ocrx_word' id='word_1_222' title='bbox 310 1681 714 1752; x_wconf 75' lang='grc' dir='ltr'><strong>ἁμαρτήματα</strong></span> <span class='ocrx_word' id='word_1_223' title='bbox 741 1686 930 1758; x_wconf 81' lang='grc' dir='ltr'><strong>αὐτῆς.</strong></span> <span class='ocrx_word' id='word_1_224' title='bbox 967 1687 1025 1739; x_wconf 86' lang='lat'><strong>&#39;0</strong></span> <span class='ocrx_word' id='word_1_225' title='bbox 1052 1688 1107 1740; x_wconf 73' lang='grc' dir='ltr'><strong>δὲ</strong></span> <span class='ocrx_word' id='word_1_226' title='bbox 1135 1688 1554 1758; x_wconf 42' lang='lat' dir='ltr'><strong>disceptante</strong></span> <span class='ocrx_word' id='word_1_227' title='bbox 1581 1692 1770 1745; x_wconf 78' lang='grc' dir='ltr'><strong>ἑαυτοῦ</strong></span> <span class='ocrx_word' id='word_1_228' title='bbox 1796 1692 1876 1746; x_wconf 62' lang='grc' dir='ltr'><strong>τὸν</strong></span> 
     </span>
    </p>
   </div>
   <div class='ocr_carea' id='block_1_36' title="bbox 1983 1681 3509 1761">
    <p class='ocr_par' dir='ltr' id='par_1_36' title="bbox 1984 1687 3509 1761">
     <span class='ocr_line' id='line_1_38' title="bbox 1984 1687 3509 1761; baseline -0.003 -17"><span class='ocrx_word' id='word_1_229' title='bbox 1984 1706 2107 1761; x_wconf 89' lang='lat' dir='ltr'><strong>gum</strong></span> <span class='ocrx_word' id='word_1_230' title='bbox 2138 1705 2170 1744; x_wconf 89' lang='lat' dir='ltr'><strong>a</strong></span> <span class='ocrx_word' id='word_1_231' title='bbox 2195 1705 2253 1746; x_wconf 91' lang='lat' dir='ltr'><strong>se</strong></span> <span class='ocrx_word' id='word_1_232' title='bbox 2279 1690 2509 1759; x_wconf 84' lang='lat' dir='ltr'><strong>proiicit,</strong></span> <span class='ocrx_word' id='word_1_233' title='bbox 2540 1699 2715 1759; x_wconf 84' lang='lat' dir='ltr'><strong>potest</strong></span> <span class='ocrx_word' id='word_1_234' title='bbox 2744 1704 2910 1744; x_wconf 88' lang='lat' dir='ltr'><strong>suave</strong></span> <span class='ocrx_word' id='word_1_235' title='bbox 2938 1688 3059 1743; x_wconf 88' lang='lat' dir='ltr'><strong>Jcsu</strong></span> <span class='ocrx_word' id='word_1_236' title='bbox 3088 1689 3273 1758; x_wconf 86' lang='lat' dir='ltr'><strong>jugum</strong></span> <span class='ocrx_word' id='word_1_237' title='bbox 3308 1687 3509 1749; x_wconf 89' lang='lat' dir='ltr'><strong>tollere,</strong></span> 
     </span>
    </p>
   </div>
   <div class='ocr_carea' id='block_1_37' title="bbox 309 1758 1876 1848">
    <p class='ocr_par' dir='ltr' id='par_1_37' title="bbox 309 1768 1876 1848">
     <span class='ocr_line' id='line_1_39' title="bbox 309 1768 1876 1848; baseline 0.012 -34"><span class='ocrx_word' id='word_1_238' title='bbox 309 1768 737 1848; x_wconf 72' lang='grc' dir='ltr'><strong>προειρημένον</strong></span> <span class='ocrx_word' id='word_1_239' title='bbox 768 1769 931 1837; x_wconf 78' lang='grc' dir='ltr'><strong>ζυγὸν</strong></span> <span class='ocrx_word' id='word_1_240' title='bbox 973 1771 1187 1825; x_wconf 84' lang='grc' dir='ltr'><strong>δύναται</strong></span> <span class='ocrx_word' id='word_1_241' title='bbox 1239 1776 1468 1844; x_wconf 80' lang='grc' dir='ltr'><strong>χρηστὸν</strong></span> <span class='ocrx_word' id='word_1_242' title='bbox 1516 1778 1684 1844; x_wconf 84' lang='grc' dir='ltr'><strong>Ἰησοῦ</strong></span> <span class='ocrx_word' id='word_1_243' title='bbox 1729 1779 1876 1848; x_wconf 66' lang='grc' dir='ltr'><strong>ζυγὸν</strong></span> 
     </span>
    </p>
   </div>
   <div class='ocr_carea' id='block_1_38' title="bbox 1983 1758 3509 1848">
    <p class='ocr_par' dir='ltr' id='par_1_38' title="bbox 1984 1758 3509 1846">
     <span class='ocr_line' id='line_1_40' title="bbox 1984 1758 3509 1846; baseline -0.001 -14"><span class='ocrx_word' id='word_1_244' title='bbox 1984 1758 2037 1832; x_wconf 79' lang='lat' dir='ltr'><strong>et</strong></span> <span class='ocrx_word' id='word_1_245' title='bbox 2079 1779 2194 1832; x_wconf 77' lang='lat' dir='ltr'><strong>leve</strong></span> <span class='ocrx_word' id='word_1_246' title='bbox 2233 1758 2397 1845; x_wconf 81' lang='lat' dir='ltr'><strong>ipsius</strong></span> <span class='ocrx_word' id='word_1_247' title='bbox 2427 1758 2561 1833; x_wconf 81' lang='lat' dir='ltr'><strong>onus</strong></span> <span class='ocrx_word' id='word_1_248' title='bbox 2596 1778 2766 1840; x_wconf 85' lang='lat' dir='ltr'><strong>ferre,</strong></span> <span class='ocrx_word' id='word_1_249' title='bbox 2795 1788 2851 1832; x_wconf 90' lang='lat' dir='ltr'><strong>et</strong></span> <span class='ocrx_word' id='word_1_250' title='bbox 2882 1778 2996 1831; x_wconf 78' lang='lat' dir='ltr'><strong>fieri</strong></span> <span class='ocrx_word' id='word_1_251' title='bbox 3045 1776 3319 1846; x_wconf 82' lang='lat' dir='ltr'><strong>subjugale</strong></span> <span class='ocrx_word' id='word_1_252' title='bbox 3355 1775 3509 1846; x_wconf 82' lang='lat' dir='ltr'><strong>ejus:</strong></span> 
     </span>
    </p>
   </div>
   <div class='ocr_carea' id='block_1_39' title="bbox 306 1847 1885 1936">
    <p class='ocr_par' dir='ltr' id='par_1_39' title="bbox 306 1847 1885 1936">
     <span class='ocr_line' id='line_1_41' title="bbox 306 1847 1885 1936; baseline 0.011 -33"><span class='ocrx_word' id='word_1_253' title='bbox 306 1847 475 1921; x_wconf 81' lang='grc' dir='ltr'><strong>ἆραι,</strong></span> <span class='ocrx_word' id='word_1_254' title='bbox 513 1856 615 1907; x_wconf 81' lang='grc' dir='ltr'><strong>καὶ</strong></span> <span class='ocrx_word' id='word_1_255' title='bbox 648 1857 833 1928; x_wconf 87' lang='grc' dir='ltr'><strong>φέρειν</strong></span> <span class='ocrx_word' id='word_1_256' title='bbox 864 1859 926 1910; x_wconf 74' lang='grc' dir='ltr'><strong>τὸ</strong></span> <span class='ocrx_word' id='word_1_257' title='bbox 955 1860 1183 1930; x_wconf 73' lang='grc' dir='ltr'><strong>ἐλαφρὸν</strong></span> <span class='ocrx_word' id='word_1_258' title='bbox 1210 1862 1372 1914; x_wconf 79' lang='grc' dir='ltr'><strong>αὐτοῦ</strong></span> <span class='ocrx_word' id='word_1_259' title='bbox 1404 1866 1637 1934; x_wconf 82' lang='grc' dir='ltr'><strong>φορτίον,</strong></span> <span class='ocrx_word' id='word_1_260' title='bbox 1671 1869 1763 1920; x_wconf 80' lang='grc' dir='ltr'><strong>καὶ</strong></span> <span class='ocrx_word' id='word_1_261' title='bbox 1794 1884 1885 1936; x_wconf 82' lang='grc' dir='ltr'><strong>γε·</strong></span> 
     </span>
    </p>
   </div>
   <div class='ocr_carea' id='block_1_40' title="bbox 302 1936 1885 2018">
    <p class='ocr_par' dir='ltr' id='par_1_40' title="bbox 302 1936 1885 2018">
     <span class='ocr_line' id='line_1_42' title="bbox 302 1936 1885 2018; baseline 0.007 -28"><span class='ocrx_word' id='word_1_262' title='bbox 302 1936 519 1992; x_wconf 81' lang='grc' dir='ltr'><strong>νέσθαι</strong></span> <span class='ocrx_word' id='word_1_263' title='bbox 550 1941 845 2009; x_wconf 79' lang='grc' dir='ltr'><strong>ὑποζύγιον</strong></span> <span class='ocrx_word' id='word_1_264' title='bbox 871 1943 1065 1996; x_wconf 81' lang='grc' dir='ltr'><strong>αὑτοῦ·</strong></span> <span class='ocrx_word' id='word_1_265' title='bbox 1095 1947 1186 1998; x_wconf 76' lang='grc' dir='ltr'><strong>καὶ</strong></span> <span class='ocrx_word' id='word_1_266' title='bbox 1215 1945 1429 1998; x_wconf 82' lang='grc' dir='ltr'><strong>λύσουσι</strong></span> <span class='ocrx_word' id='word_1_267' title='bbox 1455 1947 1546 2000; x_wconf 76' lang='grc' dir='ltr'><strong>τὸν</strong></span> <span class='ocrx_word' id='word_1_268' title='bbox 1578 1948 1771 2018; x_wconf 80' lang='grc' dir='ltr'><strong>δεσμὸν</strong></span> <span class='ocrx_word' id='word_1_269' title='bbox 1792 1951 1885 2001; x_wconf 87' lang='grc' dir='ltr'><strong>αὐ-</strong></span> 
     </span>
    </p>
   </div>
   <div class='ocr_carea' id='block_1_41' title="bbox 300 2026 788 2099">
    <p class='ocr_par' dir='ltr' id='par_1_41' title="bbox 300 2026 788 2099">
     <span class='ocr_line' id='line_1_43' title="bbox 300 2026 788 2099; baseline 0.008 -22"><span class='ocrx_word' id='word_1_270' title='bbox 300 2026 406 2078; x_wconf 79' lang='grc' dir='ltr'><strong>τοῦ</strong></span> <span class='ocrx_word' id='word_1_271' title='bbox 432 2029 497 2079; x_wconf 75' lang='grc' dir='ltr'><strong>οἱ</strong></span> <span class='ocrx_word' id='word_1_272' title='bbox 526 2028 788 2099; x_wconf 81' lang='grc' dir='ltr'><strong>μαθηταί.</strong></span> 
     </span>
    </p>
   </div>
   <div class='ocr_carea' id='block_1_42' title="bbox 384 2117 1884 2191">
    <p class='ocr_par' dir='ltr' id='par_1_42' title="bbox 384 2117 1884 2191">
     <span class='ocr_line' id='line_1_44' title="bbox 384 2117 1884 2191; baseline 0.007 -22"><span class='ocrx_word' id='word_1_273' title='bbox 384 2117 550 2169; x_wconf 76' lang='grc' dir='ltr'><strong>Τότε</strong></span> <span class='ocrx_word' id='word_1_274' title='bbox 583 2117 845 2185; x_wconf 71' lang='grc' dir='ltr'><strong>λαλήσει</strong></span> <span class='ocrx_word' id='word_1_275' title='bbox 877 2119 1026 2186; x_wconf 75' lang='grc' dir='ltr'><strong>πρὸς</strong></span> <span class='ocrx_word' id='word_1_276' title='bbox 1051 2120 1367 2186; x_wconf 57' lang='grc' dir='ltr'><strong>αὐτοὺς-λέν</strong></span> <span class='ocrx_word' id='word_1_277' title='bbox 1388 2120 1533 2191; x_wconf 66' lang='grc' dir='ltr'><strong>ὀργῇ</strong></span> <span class='ocrx_word' id='word_1_278' title='bbox 1563 2125 1764 2188; x_wconf 83' lang='grc' dir='ltr'><strong>αὐτοῦ,</strong></span> <span class='ocrx_word' id='word_1_279' title='bbox 1785 2126 1884 2179; x_wconf 77' lang='grc' dir='ltr'><strong>καὶ</strong></span> 
     </span>
    </p>
   </div>
   <div class='ocr_carea' id='block_1_43' title="bbox 299 2201 1882 2275">
    <p class='ocr_par' dir='ltr' id='par_1_43' title="bbox 299 2201 1882 2275">
     <span class='ocr_line' id='line_1_45' title="bbox 299 2201 1882 2275; baseline 0.006 -19"><span class='ocrx_word' id='word_1_280' title='bbox 299 2204 378 2256; x_wconf 79' lang='grc' dir='ltr'><strong>ἐν</strong></span> <span class='ocrx_word' id='word_1_281' title='bbox 433 2201 529 2268; x_wconf 77' lang='grc' dir='ltr'><strong>τῷ</strong></span> <span class='ocrx_word' id='word_1_282' title='bbox 572 2204 738 2272; x_wconf 84' lang='grc' dir='ltr'><strong>θυμῷ</strong></span> <span class='ocrx_word' id='word_1_283' title='bbox 772 2205 958 2259; x_wconf 80' lang='grc' dir='ltr'><strong>αὑτοῦ</strong></span> <span class='ocrx_word' id='word_1_284' title='bbox 998 2207 1236 2274; x_wconf 79' lang='grc' dir='ltr'><strong>ταράξει</strong></span> <span class='ocrx_word' id='word_1_285' title='bbox 1283 2211 1524 2275; x_wconf 85' lang='grc' dir='ltr'><strong>αὐτούς,</strong></span> <span class='ocrx_word' id='word_1_286' title='bbox 1564 2227 1619 2263; x_wconf 87' lang='grc' dir='ltr'><strong>κ.</strong></span> <span class='ocrx_word' id='word_1_287' title='bbox 1647 2229 1697 2265; x_wconf 87' lang='grc' dir='ltr'><strong>τ.</strong></span> <span class='ocrx_word' id='word_1_288' title='bbox 1729 2213 1776 2264; x_wconf 70' lang='grc' dir='ltr'><strong>ἑ.</strong></span> <span class='ocrx_word' id='word_1_289' title='bbox 1821 2213 1882 2266; x_wconf 78' lang='grc' dir='ltr'><strong>Οῑ</strong></span> 
     </span>
    </p>
   </div>
   <div class='ocr_carea' id='block_1_44' title="bbox 299 2290 1881 2369">
    <p class='ocr_par' dir='ltr' id='par_1_44' title="bbox 299 2290 1881 2369">
     <span class='ocr_line' id='line_1_46' title="bbox 299 2290 1881 2369; baseline 0.007 -27"><span class='ocrx_word' id='word_1_290' title='bbox 299 2290 470 2358; x_wconf 81' lang='grc' dir='ltr'><strong>λόγοι</strong></span> <span class='ocrx_word' id='word_1_291' title='bbox 514 2290 630 2345; x_wconf 88' lang='grc' dir='ltr'>τῶν</span> <span class='ocrx_word' id='word_1_292' title='bbox 660 2291 898 2348; x_wconf 83' lang='grc' dir='ltr'><strong>ἀπειλῶν</strong></span> <span class='ocrx_word' id='word_1_293' title='bbox 930 2293 1063 2363; x_wconf 78' lang='grc'><strong>(75),</strong></span> <span class='ocrx_word' id='word_1_294' title='bbox 1086 2295 1231 2364; x_wconf 87' lang='grc' dir='ltr'><strong>λόγοι</strong></span> <span class='ocrx_word' id='word_1_295' title='bbox 1272 2297 1407 2350; x_wconf 77' lang='grc' dir='ltr'><strong>είσὶν</strong></span> <span class='ocrx_word' id='word_1_296' title='bbox 1433 2298 1491 2349; x_wconf 86' lang='grc' dir='ltr'><strong>ὲν</strong></span> <span class='ocrx_word' id='word_1_297' title='bbox 1526 2298 1660 2369; x_wconf 78' lang='grc' dir='ltr'><strong>ὀργῇ</strong></span> <span class='ocrx_word' id='word_1_298' title='bbox 1705 2301 1881 2367; x_wconf 86' lang='grc' dir='ltr'><strong>ἀπαγ-</strong></span> 
     </span>
    </p>
   </div>
   <div class='ocr_carea' id='block_1_45' title="bbox 299 2379 1882 2456">
    <p class='ocr_par' dir='ltr' id='par_1_45' title="bbox 299 2379 1882 2456">
     <span class='ocr_line' id='line_1_47' title="bbox 299 2379 1882 2456; baseline 0.006 -26"><span class='ocrx_word' id='word_1_299' title='bbox 299 2379 669 2448; x_wconf 79' lang='grc' dir='ltr'><strong>γελλόμενοι.</strong></span> <span class='ocrx_word' id='word_1_300' title='bbox 715 2380 1076 2450; x_wconf 84' lang='grc' dir='ltr'><strong>Ὑπισχνεῖται</strong></span> <span class='ocrx_word' id='word_1_301' title='bbox 1103 2382 1160 2435; x_wconf 81' lang='grc' dir='ltr'><strong>δὲ</strong></span> <span class='ocrx_word' id='word_1_302' title='bbox 1189 2386 1218 2436; x_wconf 88' lang='lat'><strong>6</strong></span> <span class='ocrx_word' id='word_1_303' title='bbox 1240 2384 1369 2448; x_wconf 82' lang='grc' dir='ltr'><strong>Θεὸς</strong></span> <span class='ocrx_word' id='word_1_304' title='bbox 1400 2388 1742 2456; x_wconf 83' lang='grc' dir='ltr'><strong>μετανοήσειν</strong></span> <span class='ocrx_word' id='word_1_305' title='bbox 1777 2389 1882 2441; x_wconf 80' lang='grc' dir='ltr'><strong>ἀπὸ</strong></span> 
     </span>
    </p>
   </div>
   <div class='ocr_carea' id='block_1_46' title="bbox 299 2462 1881 2543">
    <p class='ocr_par' dir='ltr' id='par_1_46' title="bbox 299 2462 1881 2543">
     <span class='ocr_line' id='line_1_48' title="bbox 299 2462 1881 2543; baseline 0.006 -25"><span class='ocrx_word' id='word_1_306' title='bbox 299 2466 420 2520; x_wconf 78' lang='grc' dir='ltr'><strong>τῶν</strong></span> <span class='ocrx_word' id='word_1_307' title='bbox 456 2466 658 2519; x_wconf 80' lang='grc' dir='ltr'>κακῶν</span> <span class='ocrx_word' id='word_1_308' title='bbox 687 2462 762 2520; x_wconf 82' lang='grc' dir='ltr'><strong>ὧν</strong></span> <span class='ocrx_word' id='word_1_309' title='bbox 788 2467 939 2520; x_wconf 88' lang='grc' dir='ltr'><strong>λαλεῖ</strong></span> <span class='ocrx_word' id='word_1_310' title='bbox 962 2469 1055 2521; x_wconf 81' lang='grc' dir='ltr'><strong>τοῦ</strong></span> <span class='ocrx_word' id='word_1_311' title='bbox 1083 2471 1332 2538; x_wconf 84' lang='grc' dir='ltr'><strong>ποιῆσαι,</strong></span> <span class='ocrx_word' id='word_1_312' title='bbox 1363 2472 1457 2524; x_wconf 71' lang='grc' dir='ltr'><strong>ἐὰν</strong></span> <span class='ocrx_word' id='word_1_313' title='bbox 1491 2475 1881 2543; x_wconf 83' lang='grc' dir='ltr'><strong>μετανοήσωσιν</strong></span> 
     </span>
    </p>
   </div>
   <div class='ocr_carea' id='block_1_47' title="bbox 302 2555 1882 2629">
    <p class='ocr_par' dir='ltr' id='par_1_47' title="bbox 302 2555 1882 2629">
     <span class='ocr_line' id='line_1_49' title="bbox 302 2555 1882 2629; baseline 0.006 -22"><span class='ocrx_word' id='word_1_314' title='bbox 302 2557 354 2607; x_wconf 74' lang='grc' dir='ltr'><strong>οἱ</strong></span> <span class='ocrx_word' id='word_1_315' title='bbox 387 2557 720 2617; x_wconf 79' lang='grc' dir='ltr'><strong>ἀκούοντες.</strong></span> <span class='ocrx_word' id='word_1_316' title='bbox 761 2555 1016 2626; x_wconf 82' lang='grc' dir='ltr'><strong>Ἐλάλησε</strong></span> <span class='ocrx_word' id='word_1_317' title='bbox 1041 2557 1097 2609; x_wconf 87' lang='grc' dir='ltr'><strong>δὲ</strong></span> <span class='ocrx_word' id='word_1_318' title='bbox 1119 2561 1177 2610; x_wconf 77' lang='grc' dir='ltr'><strong>ὲν</strong></span> <span class='ocrx_word' id='word_1_319' title='bbox 1205 2560 1338 2629; x_wconf 78' lang='grc' dir='ltr'><strong>ὀργῇ</strong></span> <span class='ocrx_word' id='word_1_320' title='bbox 1360 2559 1520 2612; x_wconf 79' lang='grc' dir='ltr'><strong>αὐτοῦ</strong></span> <span class='ocrx_word' id='word_1_321' title='bbox 1547 2561 1632 2614; x_wconf 83' lang='grc' dir='ltr'><strong>διὰ</strong></span> <span class='ocrx_word' id='word_1_322' title='bbox 1671 2563 1821 2617; x_wconf 86' lang='grc' dir='ltr'><strong>Ἰωνᾶ</strong></span> <span class='ocrx_word' id='word_1_323' title='bbox 1853 2567 1882 2617; x_wconf 91' lang='lat'><strong>6</strong></span> 
     </span>
    </p>
   </div>
   <div class='ocr_carea' id='block_1_48' title="bbox 300 2644 1881 2721">
    <p class='ocr_par' dir='ltr' id='par_1_48' title="bbox 300 2644 1881 2721">
     <span class='ocr_line' id='line_1_50' title="bbox 300 2644 1881 2721; baseline 0.005 -25"><span class='ocrx_word' id='word_1_324' title='bbox 300 2644 452 2706; x_wconf 81' lang='grc' dir='ltr'><strong>Θεὸς</strong></span> <span class='ocrx_word' id='word_1_325' title='bbox 492 2647 615 2706; x_wconf 81' lang='grc' dir='ltr'><strong>τοῖς</strong></span> <span class='ocrx_word' id='word_1_326' title='bbox 652 2646 982 2708; x_wconf 75' lang='grc' dir='ltr'><strong>Νινευτταις·</strong></span> <span class='ocrx_word' id='word_1_327' title='bbox 1005 2647 1098 2698; x_wconf 82' lang='grc' dir='ltr'><strong>καὶ</strong></span> <span class='ocrx_word' id='word_1_328' title='bbox 1122 2648 1244 2699; x_wconf 78' lang='grc' dir='ltr'><strong>ἐπεὶ</strong></span> <span class='ocrx_word' id='word_1_329' title='bbox 1271 2649 1328 2701; x_wconf 85' lang='grc' dir='ltr'><strong>ὲν</strong></span> <span class='ocrx_word' id='word_1_330' title='bbox 1363 2648 1547 2718; x_wconf 83' lang='grc' dir='ltr'><strong>σάκκῳ</strong></span> <span class='ocrx_word' id='word_1_331' title='bbox 1572 2650 1663 2702; x_wconf 79' lang='grc' dir='ltr'><strong>καὶ</strong></span> <span class='ocrx_word' id='word_1_332' title='bbox 1701 2651 1881 2721; x_wconf 85' lang='grc' dir='ltr'><strong>σποδῷ</strong></span> 
     </span>
    </p>
   </div>
   <div class='ocr_carea' id='block_1_49' title="bbox 307 2730 1881 2809">
    <p class='ocr_par' dir='ltr' id='par_1_49' title="bbox 307 2730 1881 2809">
     <span class='ocr_line' id='line_1_51' title="bbox 307 2730 1881 2809; baseline 0.005 -26"><span class='ocrx_word' id='word_1_333' title='bbox 307 2733 697 2801; x_wconf 82' lang='grc' dir='ltr'><strong>μετενόησαν,</strong></span> <span class='ocrx_word' id='word_1_334' title='bbox 745 2733 898 2786; x_wconf 83' lang='grc' dir='ltr'><strong>οὐδὲν</strong></span> <span class='ocrx_word' id='word_1_335' title='bbox 934 2734 1258 2787; x_wconf 71' lang='grc' dir='ltr'><strong>πεπόνθασιν</strong></span> <span class='ocrx_word' id='word_1_336' title='bbox 1296 2730 1370 2789; x_wconf 83' lang='grc' dir='ltr'><strong>ὧν</strong></span> <span class='ocrx_word' id='word_1_337' title='bbox 1414 2738 1695 2806; x_wconf 84' lang='grc' dir='ltr'><strong>ἀκηκόασι.</strong></span> <span class='ocrx_word' id='word_1_338' title='bbox 1742 2740 1881 2809; x_wconf 88' lang='grc' dir='ltr'><strong>Προ-</strong></span> 
     </span>
    </p>
   </div>
   <div class='ocr_carea' id='block_1_50' title="bbox 303 2819 1877 2898">
    <p class='ocr_par' dir='ltr' id='par_1_50' title="bbox 303 2819 1877 2898">
     <span class='ocr_line' id='line_1_52' title="bbox 303 2819 1877 2898; baseline 0.006 -27"><span class='ocrx_word' id='word_1_339' title='bbox 303 2819 596 2887; x_wconf 64' lang='lat' dir='ltr'><strong>qth</strong></span> <span class='ocrx_word' id='word_1_340' title='bbox 617 2836 679 2871; x_wconf 87' lang='grc' dir='ltr'><strong>τε</strong></span> <span class='ocrx_word' id='word_1_341' title='bbox 707 2822 735 2872; x_wconf 98' lang='lat'><strong>6</strong></span> <span class='ocrx_word' id='word_1_342' title='bbox 762 2821 914 2884; x_wconf 82' lang='grc' dir='ltr'><strong>Θεὸς,</strong></span> <span class='ocrx_word' id='word_1_343' title='bbox 943 2819 1172 2891; x_wconf 77' lang='grc' dir='ltr'><strong>πέμπων</strong></span> <span class='ocrx_word' id='word_1_344' title='bbox 1212 2823 1304 2877; x_wconf 80' lang='grc' dir='ltr'><strong>τὸν</strong></span> <span class='ocrx_word' id='word_1_345' title='bbox 1344 2825 1542 2891; x_wconf 78' lang='grc' dir='ltr'><strong>Ἰωνᾶν,</strong></span> <span class='ocrx_word' id='word_1_346' title='bbox 1563 2826 1660 2896; x_wconf 80' lang='grc' dir='ltr'><strong>τὴν</strong></span> <span class='ocrx_word' id='word_1_347' title='bbox 1685 2828 1877 2898; x_wconf 79' lang='grc' dir='ltr'><strong>ὲσομέ·</strong></span> 
     </span>
    </p>
   </div>
   <div class='ocr_carea' id='block_1_51' title="bbox 302 2905 1878 2984">
    <p class='ocr_par' dir='ltr' id='par_1_51' title="bbox 302 2905 1878 2984">
     <span class='ocr_line' id='line_1_53' title="bbox 302 2905 1878 2984; baseline 0.008 -29"><span class='ocrx_word' id='word_1_348' title='bbox 302 2920 407 2973; x_wconf 77' lang='grc' dir='ltr'><strong>νην</strong></span> <span class='ocrx_word' id='word_1_349' title='bbox 459 2905 758 2972; x_wconf 86' lang='grc' dir='ltr'><strong>μετάνοιαν</strong></span> <span class='ocrx_word' id='word_1_350' title='bbox 777 2921 790 2937; x_wconf 77' lang='grc' dir='ltr'><strong><em>ο</em></strong></span> <span class='ocrx_word' id='word_1_351' title='bbox 821 2908 915 2959; x_wconf 75' lang='grc' dir='ltr'><strong>ἐπὶ</strong></span> <span class='ocrx_word' id='word_1_352' title='bbox 945 2909 1186 2979; x_wconf 80' lang='grc' dir='ltr'><strong>σωτηρίᾳ</strong></span> <span class='ocrx_word' id='word_1_353' title='bbox 1220 2910 1454 2978; x_wconf 84' lang='grc' dir='ltr'><strong>δηλονότι</strong></span> <span class='ocrx_word' id='word_1_354' title='bbox 1479 2913 1635 2967; x_wconf 83' lang='grc' dir='ltr'><strong>αὑτὸν</strong></span> <span class='ocrx_word' id='word_1_355' title='bbox 1670 2913 1878 2984; x_wconf 78' lang='grc' dir='ltr'><strong>ἔπεμπε</strong></span> 
     </span>
    </p>
   </div>
   <div class='ocr_carea' id='block_1_52' title="bbox 305 2991 790 3045">
    <p class='ocr_par' dir='ltr' id='par_1_52' title="bbox 305 2991 790 3045">
     <span class='ocr_line' id='line_1_54' title="bbox 305 2991 790 3045; baseline 0.002 -1"><span class='ocrx_word' id='word_1_356' title='bbox 305 2991 401 3044; x_wconf 75' lang='grc' dir='ltr'><strong>τὸν</strong></span> <span class='ocrx_word' id='word_1_357' title='bbox 450 2991 671 3045; x_wconf 79' lang='grc' dir='ltr'><strong>Ἰωνᾶν.</strong></span> <span class='ocrx_word' id='word_1_358' title='bbox 708 2993 790 3045; x_wconf 93' lang='grc' dir='ltr'><strong>Τά</strong></span> 
     </span>
    </p>
   </div>
   <div class='ocr_carea' id='block_1_53' title="bbox 619 2995 1876 3161">
    <p class='ocr_par' dir='ltr' id='par_1_53' title="bbox 619 2995 1876 3158">
     <span class='ocr_line' id='line_1_55' title="bbox 619 2995 1876 3071; baseline 0.008 -25"><span class='ocrx_word' id='word_1_359' title='bbox 619 3010 671 3046; x_wconf 85' lang='grc' dir='ltr'><strong>ν.</strong></span> <span class='ocrx_word' id='word_1_360' title='bbox 708 2995 860 3062; x_wconf 82' lang='grc' dir='ltr'><strong>Τάχα</strong></span> <span class='ocrx_word' id='word_1_361' title='bbox 883 2995 941 3046; x_wconf 85' lang='grc' dir='ltr'><strong>δὲ</strong></span> <span class='ocrx_word' id='word_1_362' title='bbox 962 2997 1054 3048; x_wconf 76' lang='grc' dir='ltr'><strong>καὶ</strong></span> <span class='ocrx_word' id='word_1_363' title='bbox 1079 2995 1260 3050; x_wconf 78' lang='grc' dir='ltr'><strong>ἐνθάδε</strong></span> <span class='ocrx_word' id='word_1_364' title='bbox 1282 2999 1373 3050; x_wconf 73' lang='grc' dir='ltr'><strong>ἐπὶ</strong></span> <span class='ocrx_word' id='word_1_365' title='bbox 1403 3002 1641 3071; x_wconf 79' lang='grc' dir='ltr'><strong>σωτηρίᾳ</strong></span> <span class='ocrx_word' id='word_1_366' title='bbox 1663 3002 1876 3071; x_wconf 85' lang='grc' dir='ltr'><strong>λαλήσει</strong></span> 
     </span>
     <span class='ocr_line' id='line_1_56' title="bbox 619 3078 1876 3158; baseline 0.01 -25"><span class='ocrx_word' id='word_1_367' title='bbox 619 3081 697 3144; x_wconf 72' lang='grc' dir='ltr'><strong>δὺς</strong></span> <span class='ocrx_word' id='word_1_368' title='bbox 724 3085 850 3146; x_wconf 83' lang='grc' dir='ltr'><strong>τοὺς</strong></span> <span class='ocrx_word' id='word_1_369' title='bbox 876 3078 1298 3154; x_wconf 78' lang='grc' dir='ltr'><strong>ἁμαρτάνοντας,</strong></span> <span class='ocrx_word' id='word_1_370' title='bbox 1336 3088 1394 3139; x_wconf 83' lang='grc' dir='ltr'><strong>ὲν</strong></span> <span class='ocrx_word' id='word_1_371' title='bbox 1430 3087 1562 3158; x_wconf 82' lang='grc' dir='ltr'><strong>ὀργῇ</strong></span> <span class='ocrx_word' id='word_1_372' title='bbox 1593 3089 1775 3145; x_wconf 84' lang='grc' dir='ltr'><strong>αὑτοῦ.</strong></span> <span class='ocrx_word' id='word_1_373' title='bbox 1801 3092 1876 3144; x_wconf 81' lang='grc' dir='ltr'><strong>Οὐ</strong></span> 
     </span>
    </p>
   </div>
   <div class='ocr_carea' id='block_1_54' title="bbox 1983 2995 3510 3161">
    <p class='ocr_par' dir='ltr' id='par_1_54' title="bbox 1983 2995 3510 3149">
     <span class='ocr_line' id='line_1_57' title="bbox 1983 2995 3510 3066; baseline 0.002 -18"><span class='ocrx_word' id='word_1_374' title='bbox 1983 2995 2137 3050; x_wconf 76' lang='lat' dir='ltr'><strong>Forte</strong></span> <span class='ocrx_word' id='word_1_375' title='bbox 2166 3009 2294 3050; x_wconf 84' lang='lat' dir='ltr'><strong>vero</strong></span> <span class='ocrx_word' id='word_1_376' title='bbox 2323 2995 2487 3048; x_wconf 87' lang='lat' dir='ltr'><strong>etiam</strong></span> <span class='ocrx_word' id='word_1_377' title='bbox 2524 2996 2614 3048; x_wconf 89' lang='lat' dir='ltr'><strong>hic</strong></span> <span class='ocrx_word' id='word_1_378' title='bbox 2644 2996 2709 3047; x_wconf 84' lang='lat' dir='ltr'><strong>ad</strong></span> <span class='ocrx_word' id='word_1_379' title='bbox 2742 2996 2963 3049; x_wconf 82' lang='lat' dir='ltr'><strong>salutem</strong></span> <span class='ocrx_word' id='word_1_380' title='bbox 2994 2995 3240 3063; x_wconf 89' lang='lat' dir='ltr'><strong>loquetur</strong></span> <span class='ocrx_word' id='word_1_381' title='bbox 3266 2998 3333 3050; x_wconf 87' lang='lat' dir='ltr'><strong>ad</strong></span> <span class='ocrx_word' id='word_1_382' title='bbox 3367 2999 3510 3066; x_wconf 87' lang='lat' dir='ltr'><strong>ipsos</strong></span> 
     </span>
     <span class='ocr_line' id='line_1_58' title="bbox 1983 3082 3510 3149; baseline 0.003 -12"><span class='ocrx_word' id='word_1_383' title='bbox 1983 3093 2289 3149; x_wconf 85' lang='lat' dir='ltr'><strong>peccatores</strong></span> <span class='ocrx_word' id='word_1_384' title='bbox 2317 3084 2366 3136; x_wconf 93' lang='lat' dir='ltr'><strong>in</strong></span> <span class='ocrx_word' id='word_1_385' title='bbox 2409 3084 2487 3136; x_wconf 90' lang='lat' dir='ltr'><strong>ira</strong></span> <span class='ocrx_word' id='word_1_386' title='bbox 2525 3098 2640 3136; x_wconf 89' lang='lat' dir='ltr'><strong>sua.</strong></span> <span class='ocrx_word' id='word_1_387' title='bbox 2667 3082 2779 3136; x_wconf 86' lang='lat' dir='ltr'><strong>Non</strong></span> <span class='ocrx_word' id='word_1_388' title='bbox 2817 3084 2958 3137; x_wconf 91' lang='lat' dir='ltr'><strong>enim</strong></span> <span class='ocrx_word' id='word_1_389' title='bbox 2991 3084 3161 3137; x_wconf 81' lang='lat' dir='ltr'><strong>dixit:</strong></span> <span class='ocrx_word' id='word_1_390' title='bbox 3192 3084 3383 3139; x_wconf 88' lang='lat' dir='ltr'><strong>Pnniet</strong></span> <span class='ocrx_word' id='word_1_391' title='bbox 3415 3100 3510 3141; x_wconf 86' lang='lat' dir='ltr'><strong>eos</strong></span> 
     </span>
    </p>
   </div>
   <div class='ocr_carea' id='block_1_55' title="bbox 308 3078 1876 3158">
    <p class='ocr_par' dir='ltr' id='par_1_55' title="bbox 308 3078 1876 3158">
     <span class='ocr_line' id='line_1_59' title="bbox 308 3078 1876 3158; baseline 0.009 -27"><span class='ocrx_word' id='word_1_392' title='bbox 308 3081 456 3151; x_wconf 78' lang='grc' dir='ltr'><strong>πρὸς</strong></span> <span class='ocrx_word' id='word_1_393' title='bbox 490 3081 697 3144; x_wconf 79' lang='grc' dir='ltr'><strong>αὐτοὺς</strong></span> <span class='ocrx_word' id='word_1_394' title='bbox 724 3085 850 3146; x_wconf 82' lang='grc' dir='ltr'><strong>τοὺς</strong></span> <span class='ocrx_word' id='word_1_395' title='bbox 876 3078 1298 3154; x_wconf 78' lang='grc' dir='ltr'><strong>ἁμαρτάνοντας,</strong></span> <span class='ocrx_word' id='word_1_396' title='bbox 1336 3088 1394 3139; x_wconf 83' lang='grc' dir='ltr'><strong>ὲν</strong></span> <span class='ocrx_word' id='word_1_397' title='bbox 1430 3087 1562 3158; x_wconf 82' lang='grc' dir='ltr'><strong>ὀργῇ</strong></span> <span class='ocrx_word' id='word_1_398' title='bbox 1593 3089 1775 3145; x_wconf 84' lang='grc' dir='ltr'><strong>αὑτοῦ.</strong></span> <span class='ocrx_word' id='word_1_399' title='bbox 1801 3092 1876 3144; x_wconf 81' lang='grc' dir='ltr'><strong>Οὐ</strong></span> 
     </span>
    </p>
   </div>
   <div class='ocr_carea' id='block_1_56' title="bbox 306 3166 1879 3251">
    <p class='ocr_par' dir='ltr' id='par_1_56' title="bbox 306 3166 1879 3251">
     <span class='ocr_line' id='line_1_60' title="bbox 306 3166 1879 3251; baseline 0.009 -30"><span class='ocrx_word' id='word_1_400' title='bbox 306 3170 423 3240; x_wconf 84' lang='grc' dir='ltr'><strong>γὰρ</strong></span> <span class='ocrx_word' id='word_1_401' title='bbox 473 3166 602 3222; x_wconf 77' lang='grc' dir='ltr'><strong>εἷπε</strong></span> <span class='ocrx_word' id='word_1_402' title='bbox 627 3188 641 3202; x_wconf 89' lang='grc'><strong>·</strong></span> <span class='ocrx_word' id='word_1_403' title='bbox 684 3172 918 3225; x_wconf 81' lang='grc' dir='ltr'><strong>Κολάσει</strong></span> <span class='ocrx_word' id='word_1_404' title='bbox 951 3174 1145 3235; x_wconf 83' lang='grc' dir='ltr'><strong>αὐτοὺς</strong></span> <span class='ocrx_word' id='word_1_405' title='bbox 1181 3175 1239 3225; x_wconf 77' lang='grc' dir='ltr'><strong>ἐν</strong></span> <span class='ocrx_word' id='word_1_406' title='bbox 1267 3174 1401 3244; x_wconf 77' lang='grc' dir='ltr'><strong>ὀργῇ</strong></span> <span class='ocrx_word' id='word_1_407' title='bbox 1439 3176 1601 3230; x_wconf 81' lang='grc' dir='ltr'><strong>αὐτοῦ</strong></span> <span class='ocrx_word' id='word_1_408' title='bbox 1647 3180 1739 3231; x_wconf 77' lang='grc' dir='ltr'><strong>καὶ</strong></span> <span class='ocrx_word' id='word_1_409' title='bbox 1775 3183 1879 3251; x_wconf 86' lang='grc' dir='ltr'><strong>μὴν</strong></span> 
     </span>
    </p>
   </div>
   <div class='ocr_carea' id='block_1_57' title="bbox 313 3260 791 3330">
    <p class='ocr_par' dir='ltr' id='par_1_57' title="bbox 313 3260 791 3330">
     <span class='ocr_line' id='line_1_61' title="bbox 313 3260 791 3330; baseline 0.008 -19"><span class='ocrx_word' id='word_1_410' title='bbox 313 3260 791 3330; x_wconf 82' lang='grc' dir='ltr'><strong>μετανοήσαντας.</strong></span> 
     </span>
    </p>
   </div>
   <div class='ocr_carea' id='block_1_58' title="bbox 389 3349 1878 3424">
    <p class='ocr_par' dir='ltr' id='par_1_58' title="bbox 389 3349 1878 3424">
     <span class='ocr_line' id='line_1_62' title="bbox 389 3349 1878 3424; baseline 0.006 -23"><span class='ocrx_word' id='word_1_411' title='bbox 389 3349 508 3402; x_wconf 85' lang='grc' dir='ltr'><strong>Τοῦ</strong></span> <span class='ocrx_word' id='word_1_412' title='bbox 563 3349 776 3402; x_wconf 83' lang='grc' dir='ltr'><strong>αὐτοῦ.</strong></span> <span class='ocrx_word' id='word_1_413' title='bbox 817 3349 1068 3417; x_wconf 80' lang='grc' dir='ltr'><strong>Διαφέρει</strong></span> <span class='ocrx_word' id='word_1_414' title='bbox 1110 3349 1167 3401; x_wconf 84' lang='grc' dir='ltr'><strong>δὲ</strong></span> <span class='ocrx_word' id='word_1_415' title='bbox 1205 3349 1371 3419; x_wconf 84' lang='grc' dir='ltr'><strong>θυμὸς</strong></span> <span class='ocrx_word' id='word_1_416' title='bbox 1416 3351 1585 3421; x_wconf 80' lang='grc' dir='ltr'><strong>ὀργῆς</strong></span> <span class='ocrx_word' id='word_1_417' title='bbox 1615 3355 1722 3424; x_wconf 75' lang='grc'><strong>(74)</strong></span> <span class='ocrx_word' id='word_1_418' title='bbox 1752 3392 1770 3419; x_wconf 93' lang='grc'><strong>,</strong></span> <span class='ocrx_word' id='word_1_419' title='bbox 1804 3357 1878 3420; x_wconf 82' lang='grc' dir='ltr'><strong>ὥς</strong></span> 
     </span>
    </p>
   </div>
   <div class='ocr_carea' id='block_1_59' title="bbox 306 3433 1878 3511">
    <p class='ocr_par' dir='ltr' id='par_1_59' title="bbox 306 3433 1878 3511">
     <span class='ocr_line' id='line_1_63' title="bbox 306 3433 1878 3511; baseline 0.004 -23"><span class='ocrx_word' id='word_1_420' title='bbox 306 3451 450 3503; x_wconf 82' lang='grc' dir='ltr'><strong>φασι</strong></span> <span class='ocrx_word' id='word_1_421' title='bbox 490 3433 590 3488; x_wconf 57' lang='grc' dir='ltr'><strong>καί⁵</strong></span> <span class='ocrx_word' id='word_1_422' title='bbox 624 3437 674 3487; x_wconf 83' lang='grc' dir='ltr'><strong>οἱ</strong></span> <span class='ocrx_word' id='word_1_423' title='bbox 707 3436 834 3504; x_wconf 75' lang='grc' dir='ltr'><strong>περὶ</strong></span> <span class='ocrx_word' id='word_1_424' title='bbox 866 3435 935 3487; x_wconf 85' lang='grc' dir='ltr'><strong>τὰ</strong></span> <span class='ocrx_word' id='word_1_425' title='bbox 971 3435 1202 3503; x_wconf 82' lang='grc' dir='ltr'><strong>ὀνόματα</strong></span> <span class='ocrx_word' id='word_1_426' title='bbox 1248 3436 1425 3500; x_wconf 81' lang='grc' dir='ltr'><strong>δεινοὶ,</strong></span> <span class='ocrx_word' id='word_1_427' title='bbox 1472 3438 1548 3507; x_wconf 81' lang='grc' dir='ltr'><strong>τῷ</strong></span> <span class='ocrx_word' id='word_1_428' title='bbox 1578 3439 1744 3508; x_wconf 83' lang='grc' dir='ltr'><strong>θυμὸν</strong></span> <span class='ocrx_word' id='word_1_429' title='bbox 1782 3443 1878 3511; x_wconf 81' lang='grc' dir='ltr'><strong>μὲν</strong></span> 
     </span>
    </p>
   </div>
   <div class='ocr_carea' id='block_1_60' title="bbox 306 3518 1876 3598">
    <p class='ocr_par' dir='ltr' id='par_1_60' title="bbox 306 3518 1876 3598">
     <span class='ocr_line' id='line_1_64' title="bbox 306 3518 1876 3598; baseline 0.004 -23"><span class='ocrx_word' id='word_1_430' title='bbox 306 3518 459 3576; x_wconf 76' lang='grc' dir='ltr'><strong>εἶναι</strong></span> <span class='ocrx_word' id='word_1_431' title='bbox 504 3520 683 3592; x_wconf 82' lang='grc' dir='ltr'><strong>ὀργὴν</strong></span> <span class='ocrx_word' id='word_1_432' title='bbox 730 3521 1180 3594; x_wconf 82' lang='grc' dir='ltr'><strong>άναθυμιωμένην</strong></span> <span class='ocrx_word' id='word_1_433' title='bbox 1227 3525 1322 3576; x_wconf 80' lang='grc' dir='ltr'><strong>καὶ</strong></span> <span class='ocrx_word' id='word_1_434' title='bbox 1371 3524 1449 3577; x_wconf 75' lang='grc' dir='ltr'><strong>ἔτι</strong></span> <span class='ocrx_word' id='word_1_435' title='bbox 1488 3526 1842 3598; x_wconf 81' lang='grc' dir='ltr'><strong>ὲκκαιομένην</strong></span> <span class='ocrx_word' id='word_1_436' title='bbox 1861 3569 1876 3592; x_wconf 88' lang='grc'><strong>,</strong></span> 
     </span>
    </p>
   </div>
   <div class='ocr_carea' id='block_1_61' title="bbox 307 3607 1879 3680">
    <p class='ocr_par' dir='ltr' id='par_1_61' title="bbox 307 3607 1879 3680">
     <span class='ocr_line' id='line_1_65' title="bbox 307 3607 1879 3680; baseline 0.003 -18"><span class='ocrx_word' id='word_1_437' title='bbox 307 3610 489 3680; x_wconf 81' lang='grc' dir='ltr'><strong>ὀργὴν</strong></span> <span class='ocrx_word' id='word_1_438' title='bbox 523 3610 583 3661; x_wconf 81' lang='grc' dir='ltr'><strong>δὲ</strong></span> <span class='ocrx_word' id='word_1_439' title='bbox 613 3608 794 3678; x_wconf 78' lang='grc' dir='ltr'><strong>ὄρεξιν</strong></span> <span class='ocrx_word' id='word_1_440' title='bbox 820 3610 1305 3679; x_wconf 82' lang='grc' dir='ltr'><strong>ἀντιτιμωρήσεως.</strong></span> <span class='ocrx_word' id='word_1_441' title='bbox 1361 3611 1530 3663; x_wconf 76' lang='grc' dir='ltr'><strong>Οίονεὶ</strong></span> <span class='ocrx_word' id='word_1_442' title='bbox 1574 3607 1665 3665; x_wconf 81' lang='grc' dir='ltr'><strong>οὖν</strong></span> <span class='ocrx_word' id='word_1_443' title='bbox 1700 3614 1879 3666; x_wconf 82' lang='grc' dir='ltr'><strong>ἀτελέ-</strong></span> 
     </span>
    </p>
   </div>
   <div class='ocr_carea' id='block_1_62' title="bbox 308 3695 1878 3769">
    <p class='ocr_par' dir='ltr' id='par_1_62' title="bbox 308 3695 1878 3769">
     <span class='ocr_line' id='line_1_66' title="bbox 308 3695 1878 3769; baseline 0.003 -21"><span class='ocrx_word' id='word_1_444' title='bbox 308 3712 512 3765; x_wconf 82' lang='grc' dir='ltr'><strong>στερος</strong></span> <span class='ocrx_word' id='word_1_445' title='bbox 564 3695 670 3764; x_wconf 81' lang='grc' dir='ltr'><strong>τῆς</strong></span> <span class='ocrx_word' id='word_1_446' title='bbox 712 3695 882 3765; x_wconf 81' lang='grc' dir='ltr'><strong>ὀργῆς</strong></span> <span class='ocrx_word' id='word_1_447' title='bbox 910 3697 1054 3748; x_wconf 78' lang='grc' dir='ltr'><strong>ἐστιν</strong></span> <span class='ocrx_word' id='word_1_448' title='bbox 1087 3696 1115 3747; x_wconf 88' lang='lat'><strong>6</strong></span> <span class='ocrx_word' id='word_1_449' title='bbox 1157 3697 1343 3766; x_wconf 81' lang='grc' dir='ltr'><strong>θυμὸς,</strong></span> <span class='ocrx_word' id='word_1_450' title='bbox 1382 3697 1473 3749; x_wconf 77' lang='grc' dir='ltr'><strong>καὶ</strong></span> <span class='ocrx_word' id='word_1_451' title='bbox 1514 3698 1611 3768; x_wconf 67' lang='grc' dir='ltr'><strong>ἤδη</strong></span> <span class='ocrx_word' id='word_1_452' title='bbox 1652 3699 1786 3769; x_wconf 78' lang='grc' dir='ltr'><strong>πρὸς</strong></span> <span class='ocrx_word' id='word_1_453' title='bbox 1818 3702 1878 3754; x_wconf 84' lang='grc' dir='ltr'><strong>τὸ</strong></span> 
     </span>
    </p>
   </div>
   <div class='ocr_carea' id='block_1_63' title="bbox 306 3782 1876 3856">
    <p class='ocr_par' dir='ltr' id='par_1_63' title="bbox 306 3782 1876 3856">
     <span class='ocr_line' id='line_1_67' title="bbox 306 3782 1876 3856; baseline 0.004 -21"><span class='ocrx_word' id='word_1_454' title='bbox 306 3782 676 3852; x_wconf 78' lang='grc' dir='ltr'><strong>ἀποτέλεσμά</strong></span> <span class='ocrx_word' id='word_1_455' title='bbox 701 3800 754 3834; x_wconf 86' lang='grc' dir='ltr'><strong>τι</strong></span> <span class='ocrx_word' id='word_1_456' title='bbox 791 3784 940 3838; x_wconf 77' lang='grc' dir='ltr'><strong>ἐστὶν</strong></span> <span class='ocrx_word' id='word_1_457' title='bbox 961 3786 995 3853; x_wconf 79' lang='grc' dir='ltr'><strong>ἡ</strong></span> <span class='ocrx_word' id='word_1_458' title='bbox 1017 3785 1172 3855; x_wconf 83' lang='grc' dir='ltr'><strong>ὀργή.</strong></span> <span class='ocrx_word' id='word_1_459' title='bbox 1216 3785 1522 3839; x_wconf 82' lang='grc' dir='ltr'><strong>Ἀκουστέον</strong></span> <span class='ocrx_word' id='word_1_460' title='bbox 1549 3786 1605 3837; x_wconf 86' lang='grc' dir='ltr'><strong>δὲ</strong></span> <span class='ocrx_word' id='word_1_461' title='bbox 1647 3788 1743 3856; x_wconf 84' lang='grc' dir='ltr'><strong>τῆς</strong></span> <span class='ocrx_word' id='word_1_462' title='bbox 1782 3790 1876 3842; x_wconf 83' lang='grc' dir='ltr'><strong>ἀν-</strong></span> 
     </span>
    </p>
   </div>
   <div class='ocr_carea' id='block_1_64' title="bbox 306 3873 1875 3947">
    <p class='ocr_par' dir='ltr' id='par_1_64' title="bbox 306 3873 1875 3947">
     <span class='ocr_line' id='line_1_68' title="bbox 306 3873 1875 3947; baseline 0.004 -22"><span class='ocrx_word' id='word_1_463' title='bbox 306 3875 742 3944; x_wconf 80' lang='grc' dir='ltr'><strong>τιτιμωρήσεως</strong></span> <span class='ocrx_word' id='word_1_464' title='bbox 770 3873 864 3927; x_wconf 78' lang='grc' dir='ltr'><strong>νῦν</strong></span> <span class='ocrx_word' id='word_1_465' title='bbox 882 3875 957 3936; x_wconf 84' lang='grc' dir='ltr'><strong>ὡς</strong></span> <span class='ocrx_word' id='word_1_466' title='bbox 977 3875 1109 3945; x_wconf 84' lang='grc' dir='ltr'><strong>πρὸς</strong></span> <span class='ocrx_word' id='word_1_467' title='bbox 1129 3875 1223 3945; x_wconf 84' lang='grc' dir='ltr'><strong>τὴν</strong></span> <span class='ocrx_word' id='word_1_468' title='bbox 1250 3876 1518 3945; x_wconf 81' lang='grc' dir='ltr'><strong>ἡμετέραν</strong></span> <span class='ocrx_word' id='word_1_469' title='bbox 1549 3874 1740 3947; x_wconf 80' lang='grc' dir='ltr'><strong>χρῆσιν</strong></span> <span class='ocrx_word' id='word_1_470' title='bbox 1758 3879 1875 3933; x_wconf 76' lang='grc' dir='ltr'><strong>ἀντὶ</strong></span> 
     </span>
    </p>
   </div>
   <div class='ocr_carea' id='block_1_65' title="bbox 307 3962 1874 4037">
    <p class='ocr_par' dir='ltr' id='par_1_65' title="bbox 307 3962 1874 4037">
     <span class='ocr_line' id='line_1_69' title="bbox 307 3962 1874 4037; baseline 0.003 -22"><span class='ocrx_word' id='word_1_471' title='bbox 307 3962 416 4031; x_wconf 78' lang='grc' dir='ltr'><strong>τῆς</strong></span> <span class='ocrx_word' id='word_1_472' title='bbox 448 3964 732 4025; x_wconf 82' lang='grc' dir='ltr'><strong>κολάσεως</strong></span> <span class='ocrx_word' id='word_1_473' title='bbox 772 3964 868 4032; x_wconf 80' lang='grc' dir='ltr'><strong>τῆς</strong></span> <span class='ocrx_word' id='word_1_474' title='bbox 907 3965 999 4016; x_wconf 76' lang='grc' dir='ltr'><strong>ἐπὶ</strong></span> <span class='ocrx_word' id='word_1_475' title='bbox 1040 3967 1152 4026; x_wconf 85' lang='grc' dir='ltr'><strong>τοῖς</strong></span> <span class='ocrx_word' id='word_1_476' title='bbox 1187 3966 1603 4036; x_wconf 74' lang='grc' dir='ltr'><strong>ἡμαρτημένοις,</strong></span> <span class='ocrx_word' id='word_1_477' title='bbox 1638 3966 1730 4018; x_wconf 72' lang='grc' dir='ltr'><strong>καὶ</strong></span> <span class='ocrx_word' id='word_1_478' title='bbox 1776 3968 1874 4037; x_wconf 85' lang='grc' dir='ltr'><strong>τῆς</strong></span> 
     </span>
    </p>
   </div>
   <div class='ocr_carea' id='block_1_66' title="bbox 307 4042 1874 4128">
    <p class='ocr_par' dir='ltr' id='par_1_66' title="bbox 307 4042 1874 4128">
     <span class='ocr_line' id='line_1_70' title="bbox 307 4042 1874 4128; baseline 0.002 -22"><span class='ocrx_word' id='word_1_479' title='bbox 307 4054 553 4124; x_wconf 79' lang='grc' dir='ltr'><strong>ὀρέξεως</strong></span> <span class='ocrx_word' id='word_1_480' title='bbox 582 4054 705 4105; x_wconf 79' lang='grc' dir='ltr'><strong>ἀντὶ</strong></span> <span class='ocrx_word' id='word_1_481' title='bbox 720 4042 833 4122; x_wconf 82' lang='grc' dir='ltr'><strong>’τῆς</strong></span> <span class='ocrx_word' id='word_1_482' title='bbox 863 4052 1146 4123; x_wconf 87' lang='grc' dir='ltr'><strong>θελήσεως.</strong></span> <span class='ocrx_word' id='word_1_483' title='bbox 1182 4055 1301 4107; x_wconf 85' lang='grc' dir='ltr'><strong>Ὅτι</strong></span> <span class='ocrx_word' id='word_1_484' title='bbox 1329 4055 1569 4125; x_wconf 86' lang='grc' dir='ltr'><strong>μέντοιγε</strong></span> <span class='ocrx_word' id='word_1_485' title='bbox 1610 4056 1702 4108; x_wconf 75' lang='grc' dir='ltr'><strong>καὶ</strong></span> <span class='ocrx_word' id='word_1_486' title='bbox 1735 4056 1874 4128; x_wconf 83' lang='grc' dir='ltr'><strong>κατὰ</strong></span> 
     </span>
    </p>
   </div>
   <div class='ocr_carea' id='block_1_67' title="bbox 309 4141 1871 4215">
    <p class='ocr_par' dir='ltr' id='par_1_67' title="bbox 309 4141 1871 4215">
     <span class='ocr_line' id='line_1_71' title="bbox 309 4141 1871 4215; baseline 0.002 -20"><span class='ocrx_word' id='word_1_487' title='bbox 309 4143 414 4213; x_wconf 84' lang='grc' dir='ltr'><strong>τὴν</strong></span> <span class='ocrx_word' id='word_1_488' title='bbox 436 4142 595 4195; x_wconf 88' lang='grc' dir='ltr'><strong>θείαν</strong></span> <span class='ocrx_word' id='word_1_489' title='bbox 622 4141 844 4210; x_wconf 83' lang='grc' dir='ltr'><strong>Γραφὴν</strong></span> <span class='ocrx_word' id='word_1_490' title='bbox 868 4141 1084 4194; x_wconf 75' lang='grc' dir='ltr'><strong>ἔλαττόν</strong></span> <span class='ocrx_word' id='word_1_491' title='bbox 1107 4145 1158 4195; x_wconf 86' lang='grc' dir='ltr'><strong>τί</strong></span> <span class='ocrx_word' id='word_1_492' title='bbox 1172 4144 1317 4194; x_wconf 81' lang='grc' dir='ltr'><strong>ἐστιν</strong></span> <span class='ocrx_word' id='word_1_493' title='bbox 1336 4143 1365 4193; x_wconf 89' lang='lat'><strong>6</strong></span> <span class='ocrx_word' id='word_1_494' title='bbox 1387 4143 1553 4213; x_wconf 86' lang='grc' dir='ltr'><strong>θυμὸς</strong></span> <span class='ocrx_word' id='word_1_495' title='bbox 1571 4144 1668 4214; x_wconf 86' lang='grc' dir='ltr'><strong>τῆς</strong></span> <span class='ocrx_word' id='word_1_496' title='bbox 1685 4145 1871 4215; x_wconf 80' lang='grc' dir='ltr'><strong>ὀργῆς,</strong></span> 
     </span>
    </p>
   </div>
   <div class='ocr_carea' id='block_1_68' title="bbox 308 4229 1871 4303">
    <p class='ocr_par' dir='ltr' id='par_1_68' title="bbox 308 4229 1871 4303">
     <span class='ocr_line' id='line_1_72' title="bbox 308 4229 1871 4303; baseline 0.002 -18"><span class='ocrx_word' id='word_1_497' title='bbox 308 4232 473 4302; x_wconf 79' lang='grc' dir='ltr'><strong>δῆλον</strong></span> <span class='ocrx_word' id='word_1_498' title='bbox 509 4235 592 4285; x_wconf 78' lang='grc' dir='ltr'><strong>ὲκ</strong></span> <span class='ocrx_word' id='word_1_499' title='bbox 613 4229 710 4282; x_wconf 76' lang='grc' dir='ltr'><strong>τοῦ</strong></span> <span class='ocrx_word' id='word_1_500' title='bbox 749 4230 998 4298; x_wconf 87' lang='grc' dir='ltr'><strong>λέγεσθαι</strong></span> <span class='ocrx_word' id='word_1_501' title='bbox 1032 4229 1247 4300; x_wconf 76' lang='grc' dir='ltr'><strong>ἔλεγχον</strong></span> <span class='ocrx_word' id='word_1_502' title='bbox 1279 4231 1387 4301; x_wconf 72' lang='grc' dir='ltr'><strong>μὲν</strong></span> <span class='ocrx_word' id='word_1_503' title='bbox 1409 4231 1562 4303; x_wconf 83' lang='grc' dir='ltr'><strong>θυμῷ</strong></span> <span class='ocrx_word' id='word_1_504' title='bbox 1594 4234 1871 4301; x_wconf 85' lang='grc' dir='ltr'><strong>γίνεσθαι,</strong></span> 
     </span>
    </p>
   </div>
   <div class='ocr_carea' id='block_1_69' title="bbox 1982 1865 3171 1936">
    <p class='ocr_par' dir='ltr' id='par_1_69' title="bbox 1982 1865 3171 1936">
     <span class='ocr_line' id='line_1_73' title="bbox 1982 1865 3171 1936; baseline -0.001 -15"><span class='ocrx_word' id='word_1_505' title='bbox 1982 1877 2144 1936; x_wconf 83' lang='lat' dir='ltr'><strong>atque</strong></span> <span class='ocrx_word' id='word_1_506' title='bbox 2171 1866 2414 1935; x_wconf 87' lang='lat' dir='ltr'><strong>discipuli</strong></span> <span class='ocrx_word' id='word_1_507' title='bbox 2446 1866 2712 1921; x_wconf 87' lang='lat' dir='ltr'><strong>vinculum</strong></span> <span class='ocrx_word' id='word_1_508' title='bbox 2743 1867 2907 1936; x_wconf 86' lang='lat' dir='ltr'><strong>ipsius</strong></span> <span class='ocrx_word' id='word_1_509' title='bbox 2945 1865 3171 1920; x_wconf 86' lang='lat' dir='ltr'><strong>solvent.</strong></span> 
     </span>
    </p>
   </div>
   <div class='ocr_carea' id='block_1_70' title="bbox 2051 2122 3513 2190">
    <p class='ocr_par' dir='ltr' id='par_1_70' title="bbox 2051 2122 3513 2190">
     <span class='ocr_line' id='line_1_74' title="bbox 2051 2122 3513 2190; baseline -0.003 -14"><span class='ocrx_word' id='word_1_510' title='bbox 2051 2123 2209 2176; x_wconf 75' lang='lat' dir='ltr'><strong>Vens.</strong></span> <span class='ocrx_word' id='word_1_511' title='bbox 2249 2122 2302 2176; x_wconf 86' lang='lat'><strong>5.</strong></span> <span class='ocrx_word' id='word_1_512' title='bbox 2340 2122 2482 2174; x_wconf 83' lang='lat' dir='ltr'><strong>Tum:</strong></span> <span class='ocrx_word' id='word_1_513' title='bbox 2514 2122 2747 2190; x_wconf 81' lang='lat' dir='ltr'><strong>loquetur</strong></span> <span class='ocrx_word' id='word_1_514' title='bbox 2778 2123 2845 2174; x_wconf 85' lang='lat' dir='ltr'><strong>ad</strong></span> <span class='ocrx_word' id='word_1_515' title='bbox 2875 2138 2959 2175; x_wconf 77' lang='lat' dir='ltr'><strong>eos</strong></span> <span class='ocrx_word' id='word_1_516' title='bbox 3006 2123 3060 2175; x_wconf 83' lang='lat' dir='ltr'><strong>in</strong></span> <span class='ocrx_word' id='word_1_517' title='bbox 3088 2122 3172 2174; x_wconf 85' lang='lat' dir='ltr'><strong>ira</strong></span> <span class='ocrx_word' id='word_1_518' title='bbox 3208 2136 3303 2173; x_wconf 80' lang='lat' dir='ltr'><strong>sua</strong></span> <span class='ocrx_word' id='word_1_519' title='bbox 3324 2159 3340 2185; x_wconf 91' lang='lat'><strong>,</strong></span> <span class='ocrx_word' id='word_1_520' title='bbox 3381 2129 3429 2173; x_wconf 86' lang='lat' dir='ltr'><strong>et</strong></span> <span class='ocrx_word' id='word_1_521' title='bbox 3458 2134 3513 2172; x_wconf 78' lang='grc' dir='ltr'><strong>ιη</strong></span> 
     </span>
    </p>
   </div>
   <div class='ocr_carea' id='block_1_71' title="bbox 1982 2207 3511 2275">
    <p class='ocr_par' dir='ltr' id='par_1_71' title="bbox 1982 2207 3511 2275">
     <span class='ocr_line' id='line_1_75' title="bbox 1982 2207 3511 2275; baseline -0.002 -16"><span class='ocrx_word' id='word_1_522' title='bbox 1982 2207 2157 2275; x_wconf 78' lang='lat' dir='ltr'><strong>furore</strong></span> <span class='ocrx_word' id='word_1_523' title='bbox 2185 2223 2280 2260; x_wconf 83' lang='lat' dir='ltr'><strong>suo</strong></span> <span class='ocrx_word' id='word_1_524' title='bbox 2322 2208 2649 2260; x_wconf 80' lang='lat' dir='ltr'><strong>conturbabit</strong></span> <span class='ocrx_word' id='word_1_525' title='bbox 2671 2224 2756 2261; x_wconf 81' lang='lat' dir='ltr'><strong>eos</strong></span> <span class='ocrx_word' id='word_1_526' title='bbox 2777 2247 2790 2271; x_wconf 91' lang='lat'><strong>,</strong></span> <span class='ocrx_word' id='word_1_527' title='bbox 2823 2217 2925 2261; x_wconf 89' lang='lat' dir='ltr'><strong>etc.</strong></span> <span class='ocrx_word' id='word_1_528' title='bbox 2964 2207 3251 2261; x_wconf 86' lang='lat' dir='ltr'><strong>Sermones</strong></span> <span class='ocrx_word' id='word_1_529' title='bbox 3291 2207 3511 2260; x_wconf 83' lang='lat' dir='ltr'><strong>commi-</strong></span> 
     </span>
    </p>
   </div>
   <div class='ocr_carea' id='block_1_72' title="bbox 1981 2288 3511 2360">
    <p class='ocr_par' dir='ltr' id='par_1_72' title="bbox 1981 2288 3511 2360">
     <span class='ocr_line' id='line_1_76' title="bbox 1981 2288 3511 2360; baseline -0.002 -15"><span class='ocrx_word' id='word_1_530' title='bbox 1981 2292 2168 2345; x_wconf 89' lang='lat' dir='ltr'><strong>natorii</strong></span> <span class='ocrx_word' id='word_1_531' title='bbox 2193 2301 2606 2346; x_wconf 88' lang='lat' dir='ltr'><strong>snntsermones</strong></span> <span class='ocrx_word' id='word_1_532' title='bbox 2623 2293 2714 2360; x_wconf 89' lang='lat' dir='ltr'><strong>qui</strong></span> <span class='ocrx_word' id='word_1_533' title='bbox 2744 2293 2794 2346; x_wconf 90' lang='lat' dir='ltr'><strong>in</strong></span> <span class='ocrx_word' id='word_1_534' title='bbox 2820 2293 2895 2346; x_wconf 90' lang='lat' dir='ltr'><strong>ira</strong></span> <span class='ocrx_word' id='word_1_535' title='bbox 2921 2289 3346 2360; x_wconf 88' lang='lat' dir='ltr'><strong>pronuntiantur.</strong></span> <span class='ocrx_word' id='word_1_536' title='bbox 3376 2288 3511 2343; x_wconf 84' lang='lat' dir='ltr'><strong>Mala</strong></span> 
     </span>
    </p>
   </div>
   <div class='ocr_carea' id='block_1_73' title="bbox 1979 2376 3513 2446">
    <p class='ocr_par' dir='ltr' id='par_1_73' title="bbox 1979 2376 3513 2446">
     <span class='ocr_line' id='line_1_77' title="bbox 1979 2376 3513 2446; baseline -0.002 -15"><span class='ocrx_word' id='word_1_537' title='bbox 1979 2387 2154 2431; x_wconf 89' lang='lat' dir='ltr'><strong>autem</strong></span> <span class='ocrx_word' id='word_1_538' title='bbox 2187 2392 2306 2446; x_wconf 67' lang='lat' dir='ltr'><strong>qua:</strong></span> <span class='ocrx_word' id='word_1_539' title='bbox 2333 2379 2541 2432; x_wconf 77' lang='lat' dir='ltr'><strong>dixerat</strong></span> <span class='ocrx_word' id='word_1_540' title='bbox 2570 2378 2710 2432; x_wconf 90' lang='lat' dir='ltr'><strong>Deus</strong></span> <span class='ocrx_word' id='word_1_541' title='bbox 2745 2393 2803 2433; x_wconf 89' lang='lat' dir='ltr'><strong>se</strong></span> <span class='ocrx_word' id='word_1_542' title='bbox 2835 2379 3221 2446; x_wconf 87' lang='lat' dir='ltr'><strong>irrogaturum,</strong></span> <span class='ocrx_word' id='word_1_543' title='bbox 3250 2376 3513 2445; x_wconf 81' lang='lat' dir='ltr'><strong>promittit</strong></span> 
     </span>
    </p>
   </div>
   <div class='ocr_carea' id='block_1_74' title="bbox 1978 2462 3509 2534">
    <p class='ocr_par' dir='ltr' id='par_1_74' title="bbox 1978 2462 3509 2534">
     <span class='ocr_line' id='line_1_78' title="bbox 1978 2462 3509 2534; baseline 0 -16"><span class='ocrx_word' id='word_1_544' title='bbox 1978 2480 2037 2518; x_wconf 88' lang='lat' dir='ltr'><strong>se</strong></span> <span class='ocrx_word' id='word_1_545' title='bbox 2068 2473 2498 2528; x_wconf 89' lang='lat' dir='ltr'><strong>retractaturum,</strong></span> <span class='ocrx_word' id='word_1_546' title='bbox 2521 2464 2565 2518; x_wconf 88' lang='lat' dir='ltr'><strong>si</strong></span> <span class='ocrx_word' id='word_1_547' title='bbox 2589 2465 2957 2532; x_wconf 76' lang='lat' dir='ltr'><strong>pmnitentiam</strong></span> <span class='ocrx_word' id='word_1_548' title='bbox 2987 2464 3194 2534; x_wconf 75' lang='lat' dir='ltr'><strong>egerint</strong></span> <span class='ocrx_word' id='word_1_549' title='bbox 3221 2462 3509 2518; x_wconf 86' lang='lat' dir='ltr'><strong>auditores.</strong></span> 
     </span>
    </p>
   </div>
   <div class='ocr_carea' id='block_1_75' title="bbox 1978 2550 3508 2623">
    <p class='ocr_par' dir='ltr' id='par_1_75' title="bbox 1978 2550 3508 2623">
     <span class='ocr_line' id='line_1_79' title="bbox 1978 2550 3508 2623; baseline 0 -17"><span class='ocrx_word' id='word_1_550' title='bbox 1978 2553 2211 2607; x_wconf 89' lang='lat' dir='ltr'><strong>Locutus</strong></span> <span class='ocrx_word' id='word_1_551' title='bbox 2240 2563 2322 2609; x_wconf 87' lang='lat' dir='ltr'><strong>est</strong></span> <span class='ocrx_word' id='word_1_552' title='bbox 2353 2555 2404 2607; x_wconf 90' lang='lat' dir='ltr'><strong>in</strong></span> <span class='ocrx_word' id='word_1_553' title='bbox 2435 2555 2512 2607; x_wconf 89' lang='lat' dir='ltr'><strong>ira</strong></span> <span class='ocrx_word' id='word_1_554' title='bbox 2544 2568 2639 2609; x_wconf 89' lang='lat' dir='ltr'><strong>sua</strong></span> <span class='ocrx_word' id='word_1_555' title='bbox 2667 2554 2803 2609; x_wconf 88' lang='lat' dir='ltr'><strong>Deus</strong></span> <span class='ocrx_word' id='word_1_556' title='bbox 2831 2569 2922 2623; x_wconf 91' lang='lat' dir='ltr'><strong>per</strong></span> <span class='ocrx_word' id='word_1_557' title='bbox 2946 2553 3132 2607; x_wconf 84' lang='lat' dir='ltr'><strong>Jonam</strong></span> <span class='ocrx_word' id='word_1_558' title='bbox 3163 2550 3416 2607; x_wconf 87' lang='lat' dir='ltr'><strong>Ninivitis</strong></span> <span class='ocrx_word' id='word_1_559' title='bbox 3443 2550 3508 2616; x_wconf 66' lang='grc' dir='ltr'><strong>δίς</strong></span> 
     </span>
    </p>
   </div>
   <div class='ocr_carea' id='block_1_76' title="bbox 1978 2641 3507 2710">
    <p class='ocr_par' dir='ltr' id='par_1_76' title="bbox 1978 2641 3507 2710">
     <span class='ocr_line' id='line_1_80' title="bbox 1978 2641 3507 2710; baseline -0.002 -14"><span class='ocrx_word' id='word_1_560' title='bbox 1978 2642 2299 2710; x_wconf 87' lang='lat' dir='ltr'><strong>etquoniam</strong></span> <span class='ocrx_word' id='word_1_561' title='bbox 2323 2641 2377 2694; x_wconf 90' lang='lat' dir='ltr'><strong>in</strong></span> <span class='ocrx_word' id='word_1_562' title='bbox 2402 2656 2560 2696; x_wconf 90' lang='lat' dir='ltr'><strong>sacco</strong></span> <span class='ocrx_word' id='word_1_563' title='bbox 2600 2651 2654 2695; x_wconf 88' lang='lat' dir='ltr'><strong>et</strong></span> <span class='ocrx_word' id='word_1_564' title='bbox 2680 2642 2858 2696; x_wconf 87' lang='lat' dir='ltr'><strong>cinere</strong></span> <span class='ocrx_word' id='word_1_565' title='bbox 2879 2642 3247 2709; x_wconf 68' lang='lat' dir='ltr'><strong>pmnitentiam</strong></span> <span class='ocrx_word' id='word_1_566' title='bbox 3267 2648 3507 2709; x_wconf 88' lang='lat' dir='ltr'><strong>egerunt,</strong></span> 
     </span>
    </p>
   </div>
   <div class='ocr_carea' id='block_1_77' title="bbox 1978 2728 3506 2798">
    <p class='ocr_par' dir='ltr' id='par_1_77' title="bbox 1978 2728 3506 2798">
     <span class='ocr_line' id='line_1_81' title="bbox 1978 2728 3506 2798; baseline -0.002 -16"><span class='ocrx_word' id='word_1_567' title='bbox 1978 2730 2107 2783; x_wconf 86' lang='lat' dir='ltr'><strong>nihil</strong></span> <span class='ocrx_word' id='word_1_568' title='bbox 2147 2730 2287 2798; x_wconf 88' lang='lat' dir='ltr'><strong>passi</strong></span> <span class='ocrx_word' id='word_1_569' title='bbox 2319 2738 2442 2783; x_wconf 89' lang='lat' dir='ltr'><strong>sunt</strong></span> <span class='ocrx_word' id='word_1_570' title='bbox 2475 2744 2658 2784; x_wconf 85' lang='lat' dir='ltr'><strong>eorum</strong></span> <span class='ocrx_word' id='word_1_571' title='bbox 2689 2744 2805 2798; x_wconf 63' lang='lat' dir='ltr'><strong>qua:</strong></span> <span class='ocrx_word' id='word_1_572' title='bbox 2835 2730 3172 2783; x_wconf 83' lang='lat' dir='ltr'><strong>audiverant.</strong></span> <span class='ocrx_word' id='word_1_573' title='bbox 3215 2728 3506 2784; x_wconf 44' lang='lat' dir='ltr'><strong>Praescive‘</strong></span> 
     </span>
    </p>
   </div>
   <div class='ocr_carea' id='block_1_78' title="bbox 1981 2817 3512 2886">
    <p class='ocr_par' dir='ltr' id='par_1_78' title="bbox 1981 2817 3512 2886">
     <span class='ocr_line' id='line_1_82' title="bbox 1981 2817 3512 2886; baseline 0.001 -14"><span class='ocrx_word' id='word_1_574' title='bbox 1981 2829 2061 2872; x_wconf 87' lang='lat' dir='ltr'><strong>rat</strong></span> <span class='ocrx_word' id='word_1_575' title='bbox 2085 2833 2273 2886; x_wconf 84' lang='lat' dir='ltr'><strong>nempe</strong></span> <span class='ocrx_word' id='word_1_576' title='bbox 2296 2819 2451 2884; x_wconf 89' lang='lat' dir='ltr'><strong>Deus,</strong></span> <span class='ocrx_word' id='word_1_577' title='bbox 2481 2834 2600 2874; x_wconf 88' lang='lat' dir='ltr'><strong>cum</strong></span> <span class='ocrx_word' id='word_1_578' title='bbox 2626 2818 2815 2872; x_wconf 79' lang='lat' dir='ltr'><strong>Jonam</strong></span> <span class='ocrx_word' id='word_1_579' title='bbox 2846 2821 3109 2883; x_wconf 80' lang='lat' dir='ltr'><strong>mittebat,</strong></span> <span class='ocrx_word' id='word_1_580' title='bbox 3134 2817 3371 2873; x_wconf 83' lang='lat' dir='ltr'><strong>facturos</strong></span> <span class='ocrx_word' id='word_1_581' title='bbox 3402 2832 3512 2886; x_wconf 77' lang='lat' dir='ltr'><strong>pm-</strong></span> 
     </span>
    </p>
   </div>
   <div class='ocr_carea' id='block_1_79' title="bbox 1980 2904 3506 2975">
    <p class='ocr_par' dir='ltr' id='par_1_79' title="bbox 1980 2904 3506 2975">
     <span class='ocr_line' id='line_1_83' title="bbox 1980 2904 3506 2975; baseline 0.001 -17"><span class='ocrx_word' id='word_1_582' title='bbox 1980 2906 2253 2961; x_wconf 86' lang='lat' dir='ltr'><strong>nitentiam</strong></span> <span class='ocrx_word' id='word_1_583' title='bbox 2296 2905 2559 2975; x_wconf 89' lang='lat' dir='ltr'><strong>siquidem</strong></span> <span class='ocrx_word' id='word_1_584' title='bbox 2622 2904 2811 2961; x_wconf 84' lang='lat' dir='ltr'><strong>Jonam</strong></span> <span class='ocrx_word' id='word_1_585' title='bbox 2867 2905 2932 2962; x_wconf 89' lang='lat' dir='ltr'><strong>iis</strong></span> <span class='ocrx_word' id='word_1_586' title='bbox 3002 2907 3143 2960; x_wconf 90' lang='lat' dir='ltr'><strong>misit</strong></span> <span class='ocrx_word' id='word_1_587' title='bbox 3177 2907 3229 2960; x_wconf 90' lang='lat' dir='ltr'><strong>in</strong></span> <span class='ocrx_word' id='word_1_588' title='bbox 3263 2907 3506 2961; x_wconf 87' lang='lat' dir='ltr'><strong>salutem.</strong></span> 
     </span>
    </p>
   </div>
   <div class='ocr_carea' id='block_1_80' title="bbox 1980 2994 3510 3066">
    <p class='ocr_par' dir='ltr' id='par_1_80' title="bbox 1980 2994 3510 3066">
     <span class='ocr_line' id='line_1_84' title="bbox 1980 2994 3510 3066; baseline 0.002 -18"><span class='ocrx_word' id='word_1_589' title='bbox 1980 2995 2137 3050; x_wconf 76' lang='lat' dir='ltr'><strong>Forte</strong></span> <span class='ocrx_word' id='word_1_590' title='bbox 2166 3009 2294 3050; x_wconf 84' lang='lat' dir='ltr'><strong>vero</strong></span> <span class='ocrx_word' id='word_1_591' title='bbox 2323 2994 2487 3048; x_wconf 87' lang='lat' dir='ltr'><strong>etiam</strong></span> <span class='ocrx_word' id='word_1_592' title='bbox 2524 2996 2614 3048; x_wconf 89' lang='lat' dir='ltr'><strong>hic</strong></span> <span class='ocrx_word' id='word_1_593' title='bbox 2644 2996 2709 3047; x_wconf 84' lang='lat' dir='ltr'><strong>ad</strong></span> <span class='ocrx_word' id='word_1_594' title='bbox 2742 2996 2963 3049; x_wconf 88' lang='lat' dir='ltr'><strong>salutem</strong></span> <span class='ocrx_word' id='word_1_595' title='bbox 2994 2995 3240 3063; x_wconf 89' lang='lat' dir='ltr'><strong>loquetur</strong></span> <span class='ocrx_word' id='word_1_596' title='bbox 3266 2998 3333 3050; x_wconf 87' lang='lat' dir='ltr'><strong>ad</strong></span> <span class='ocrx_word' id='word_1_597' title='bbox 3367 2999 3510 3066; x_wconf 87' lang='lat' dir='ltr'><strong>ipsos</strong></span> 
     </span>
    </p>
   </div>
   <div class='ocr_carea' id='block_1_81' title="bbox 1978 3170 3198 3241">
    <p class='ocr_par' dir='ltr' id='par_1_81' title="bbox 1978 3170 3198 3241">
     <span class='ocr_line' id='line_1_85' title="bbox 1978 3170 3198 3241; baseline -0.001 -16"><span class='ocrx_word' id='word_1_598' title='bbox 1978 3173 2030 3225; x_wconf 91' lang='lat' dir='ltr'><strong>in</strong></span> <span class='ocrx_word' id='word_1_599' title='bbox 2066 3172 2143 3225; x_wconf 91' lang='lat' dir='ltr'><strong>ira</strong></span> <span class='ocrx_word' id='word_1_600' title='bbox 2177 3185 2294 3235; x_wconf 88' lang='lat' dir='ltr'><strong>sua,</strong></span> <span class='ocrx_word' id='word_1_601' title='bbox 2330 3171 2543 3225; x_wconf 83' lang='lat' dir='ltr'><strong>etiamsi</strong></span> <span class='ocrx_word' id='word_1_602' title='bbox 2573 3170 2940 3240; x_wconf 63' lang='lat' dir='ltr'><strong>paenitentiam</strong></span> <span class='ocrx_word' id='word_1_603' title='bbox 2971 3173 3198 3241; x_wconf 88' lang='lat' dir='ltr'><strong>egerint.</strong></span> 
     </span>
    </p>
   </div>
   <div class='ocr_carea' id='block_1_82' title="bbox 2044 3344 3506 3416">
    <p class='ocr_par' dir='ltr' id='par_1_82' title="bbox 2044 3344 3506 3416">
     <span class='ocr_line' id='line_1_86' title="bbox 2044 3344 3506 3416; baseline 0.001 -17"><span class='ocrx_word' id='word_1_604' title='bbox 2044 3344 2513 3416; x_wconf 60' lang='lat' dir='ltr'><strong>551Ejusdem.</strong></span> <span class='ocrx_word' id='word_1_605' title='bbox 2565 3344 2826 3399; x_wconf 77' lang='lat' dir='ltr'><strong>Caeterum</strong></span> <span class='ocrx_word' id='word_1_606' title='bbox 2857 3346 3005 3399; x_wconf 90' lang='lat' dir='ltr'><strong>furor</strong></span> <span class='ocrx_word' id='word_1_607' title='bbox 3032 3347 3113 3414; x_wconf 86' lang='lat' dir='ltr'><strong>(ut</strong></span> <span class='ocrx_word' id='word_1_608' title='bbox 3155 3348 3303 3399; x_wconf 89' lang='lat' dir='ltr'><strong>aiunt</strong></span> <span class='ocrx_word' id='word_1_609' title='bbox 3344 3348 3506 3415; x_wconf 89' lang='lat' dir='ltr'><strong>periti</strong></span> 
     </span>
    </p>
   </div>
   <div class='ocr_carea' id='block_1_83' title="bbox 1976 3432 3508 3502">
    <p class='ocr_par' dir='ltr' id='par_1_83' title="bbox 1976 3432 3508 3502">
     <span class='ocr_line' id='line_1_87' title="bbox 1976 3432 3508 3502; baseline 0.001 -16"><span class='ocrx_word' id='word_1_610' title='bbox 1976 3432 2270 3501; x_wconf 87' lang='lat' dir='ltr'><strong>nominum)</strong></span> <span class='ocrx_word' id='word_1_611' title='bbox 2313 3433 2487 3488; x_wconf 70' lang='lat' dir='ltr'><strong>differt</strong></span> <span class='ocrx_word' id='word_1_612' title='bbox 2526 3436 2593 3487; x_wconf 88' lang='lat' dir='ltr'><strong>ab</strong></span> <span class='ocrx_word' id='word_1_613' title='bbox 2629 3434 2731 3499; x_wconf 88' lang='lat' dir='ltr'><strong>ira,</strong></span> <span class='ocrx_word' id='word_1_614' title='bbox 2762 3436 2902 3502; x_wconf 90' lang='lat' dir='ltr'><strong>quod</strong></span> <span class='ocrx_word' id='word_1_615' title='bbox 2933 3433 3081 3487; x_wconf 89' lang='lat' dir='ltr'><strong>furor</strong></span> <span class='ocrx_word' id='word_1_616' title='bbox 3111 3435 3189 3487; x_wconf 86' lang='lat' dir='ltr'><strong>ira</strong></span> <span class='ocrx_word' id='word_1_617' title='bbox 3232 3436 3301 3489; x_wconf 90' lang='lat' dir='ltr'><strong>sit</strong></span> <span class='ocrx_word' id='word_1_618' title='bbox 3342 3435 3508 3489; x_wconf 87' lang='lat' dir='ltr'><strong>fumi-</strong></span> 
     </span>
    </p>
   </div>
   <div class='ocr_carea' id='block_1_84' title="bbox 1975 3522 3503 3590">
    <p class='ocr_par' dir='ltr' id='par_1_84' title="bbox 1975 3522 3503 3590">
     <span class='ocr_line' id='line_1_88' title="bbox 1975 3522 3503 3590; baseline 0.004 -18"><span class='ocrx_word' id='word_1_619' title='bbox 1975 3535 2107 3589; x_wconf 89' lang='lat' dir='ltr'><strong>gans</strong></span> <span class='ocrx_word' id='word_1_620' title='bbox 2126 3530 2181 3575; x_wconf 89' lang='lat' dir='ltr'><strong>et</strong></span> <span class='ocrx_word' id='word_1_621' title='bbox 2208 3522 2384 3575; x_wconf 90' lang='lat' dir='ltr'><strong>adhuc</strong></span> <span class='ocrx_word' id='word_1_622' title='bbox 2413 3537 2660 3585; x_wconf 87' lang='lat' dir='ltr'><strong>accensa,</strong></span> <span class='ocrx_word' id='word_1_623' title='bbox 2690 3523 2769 3575; x_wconf 89' lang='lat' dir='ltr'><strong>ira</strong></span> <span class='ocrx_word' id='word_1_624' title='bbox 2792 3536 2918 3576; x_wconf 86' lang='lat' dir='ltr'><strong>vero</strong></span> <span class='ocrx_word' id='word_1_625' title='bbox 2945 3523 3201 3590; x_wconf 89' lang='lat' dir='ltr'><strong>appetitio</strong></span> <span class='ocrx_word' id='word_1_626' title='bbox 3237 3524 3503 3578; x_wconf 59' lang='lat' dir='ltr'><strong>vindictae.</strong></span> 
     </span>
    </p>
   </div>
   <div class='ocr_carea' id='block_1_85' title="bbox 1974 3605 3505 3675">
    <p class='ocr_par' dir='ltr' id='par_1_85' title="bbox 1974 3605 3505 3675">
     <span class='ocr_line' id='line_1_89' title="bbox 1974 3605 3505 3675; baseline 0 -14"><span class='ocrx_word' id='word_1_627' title='bbox 1974 3605 2113 3673; x_wconf 83' lang='lat' dir='ltr'><strong>Ergo</strong></span> <span class='ocrx_word' id='word_1_628' title='bbox 2150 3605 2316 3661; x_wconf 88' lang='lat' dir='ltr'><strong>veluti</strong></span> <span class='ocrx_word' id='word_1_629' title='bbox 2357 3609 2720 3675; x_wconf 88' lang='lat' dir='ltr'><strong>imperfectior</strong></span> <span class='ocrx_word' id='word_1_630' title='bbox 2751 3607 2828 3662; x_wconf 85' lang='lat' dir='ltr'><strong>ira</strong></span> <span class='ocrx_word' id='word_1_631' title='bbox 2856 3616 2938 3661; x_wconf 92' lang='lat' dir='ltr'><strong>est</strong></span> <span class='ocrx_word' id='word_1_632' title='bbox 2965 3606 3151 3671; x_wconf 87' lang='lat' dir='ltr'><strong>furor,</strong></span> <span class='ocrx_word' id='word_1_633' title='bbox 3183 3607 3294 3674; x_wconf 87' lang='lat' dir='ltr'><strong>jam</strong></span> <span class='ocrx_word' id='word_1_634' title='bbox 3326 3620 3505 3661; x_wconf 89' lang='lat' dir='ltr'><strong>autem</strong></span> 
     </span>
    </p>
   </div>
   <div class='ocr_carea' id='block_1_86' title="bbox 1975 3694 3504 3763">
    <p class='ocr_par' dir='ltr' id='par_1_86' title="bbox 1975 3694 3504 3763">
     <span class='ocr_line' id='line_1_90' title="bbox 1975 3694 3504 3763; baseline 0.001 -16"><span class='ocrx_word' id='word_1_635' title='bbox 1975 3695 2026 3747; x_wconf 90' lang='lat' dir='ltr'><strong>in</strong></span> <span class='ocrx_word' id='word_1_636' title='bbox 2048 3695 2372 3763; x_wconf 73' lang='lat' dir='ltr'><strong>perfectione</strong></span> <span class='ocrx_word' id='word_1_637' title='bbox 2400 3697 2626 3763; x_wconf 86' lang='lat' dir='ltr'><strong>quadam</strong></span> <span class='ocrx_word' id='word_1_638' title='bbox 2654 3703 2739 3749; x_wconf 90' lang='lat' dir='ltr'><strong>est</strong></span> <span class='ocrx_word' id='word_1_639' title='bbox 2773 3695 2880 3748; x_wconf 89' lang='lat' dir='ltr'><strong>ira.</strong></span> <span class='ocrx_word' id='word_1_640' title='bbox 2925 3694 3078 3748; x_wconf 88' lang='lat' dir='ltr'><strong>Nunc</strong></span> <span class='ocrx_word' id='word_1_641' title='bbox 3116 3694 3350 3749; x_wconf 84' lang='lat' dir='ltr'><strong>vindicta</strong></span> <span class='ocrx_word' id='word_1_642' title='bbox 3385 3704 3504 3748; x_wconf 90' lang='lat' dir='ltr'><strong>tau-</strong></span> 
     </span>
    </p>
   </div>
   <div class='ocr_carea' id='block_1_87' title="bbox 1974 3784 3505 3857">
    <p class='ocr_par' dir='ltr' id='par_1_87' title="bbox 1974 3784 3505 3857">
     <span class='ocr_line' id='line_1_91' title="bbox 1974 3784 3505 3857; baseline 0.002 -19"><span class='ocrx_word' id='word_1_643' title='bbox 1974 3791 2133 3852; x_wconf 85' lang='lat' dir='ltr'><strong>quam</strong></span> <span class='ocrx_word' id='word_1_644' title='bbox 2169 3785 2221 3837; x_wconf 91' lang='lat' dir='ltr'><strong>in</strong></span> <span class='ocrx_word' id='word_1_645' title='bbox 2249 3784 2531 3837; x_wconf 90' lang='lat' dir='ltr'><strong>utilitatem</strong></span> <span class='ocrx_word' id='word_1_646' title='bbox 2587 3793 2826 3857; x_wconf 86' lang='lat' dir='ltr'><strong>nostram</strong></span> <span class='ocrx_word' id='word_1_647' title='bbox 2874 3800 2976 3853; x_wconf 90' lang='lat' dir='ltr'><strong>pro</strong></span> <span class='ocrx_word' id='word_1_648' title='bbox 3007 3785 3265 3854; x_wconf 90' lang='lat' dir='ltr'><strong>supplicio</strong></span> <span class='ocrx_word' id='word_1_649' title='bbox 3298 3784 3505 3841; x_wconf 84' lang='lat' dir='ltr'><strong>delictis</strong></span> 
     </span>
    </p>
   </div>
   <div class='ocr_carea' id='block_1_88' title="bbox 1973 3872 3503 3942">
    <p class='ocr_par' dir='ltr' id='par_1_88' title="bbox 1973 3872 3503 3942">
     <span class='ocr_line' id='line_1_92' title="bbox 1973 3872 3503 3942; baseline 0.003 -17"><span class='ocrx_word' id='word_1_650' title='bbox 1973 3874 2171 3937; x_wconf 84' lang='lat' dir='ltr'><strong>debito,</strong></span> <span class='ocrx_word' id='word_1_651' title='bbox 2224 3883 2278 3927; x_wconf 89' lang='lat' dir='ltr'><strong>et</strong></span> <span class='ocrx_word' id='word_1_652' title='bbox 2306 3873 2572 3941; x_wconf 77' lang='lat' dir='ltr'><strong>appetitio</strong></span> <span class='ocrx_word' id='word_1_653' title='bbox 2621 3887 2717 3940; x_wconf 88' lang='lat' dir='ltr'><strong>pro</strong></span> <span class='ocrx_word' id='word_1_654' title='bbox 2753 3872 3028 3927; x_wconf 88' lang='lat' dir='ltr'><strong>voluntate</strong></span> <span class='ocrx_word' id='word_1_655' title='bbox 3052 3874 3360 3942; x_wconf 84' lang='lat' dir='ltr'><strong>accipienda</strong></span> <span class='ocrx_word' id='word_1_656' title='bbox 3401 3881 3503 3930; x_wconf 88' lang='lat' dir='ltr'><strong>est.</strong></span> 
     </span>
    </p>
   </div>
   <div class='ocr_carea' id='block_1_89' title="bbox 1973 3959 3503 4029">
    <p class='ocr_par' dir='ltr' id='par_1_89' title="bbox 1973 3959 3503 4029">
     <span class='ocr_line' id='line_1_93' title="bbox 1973 3959 3503 4029; baseline -0.001 -15"><span class='ocrx_word' id='word_1_657' title='bbox 1973 3962 2123 4027; x_wconf 84' lang='lat' dir='ltr'><strong>Quod</strong></span> <span class='ocrx_word' id='word_1_658' title='bbox 2154 3970 2326 4014; x_wconf 88' lang='lat' dir='ltr'><strong>autem</strong></span> <span class='ocrx_word' id='word_1_659' title='bbox 2351 3959 2500 4015; x_wconf 87' lang='lat' dir='ltr'><strong>furor</strong></span> <span class='ocrx_word' id='word_1_660' title='bbox 2531 3960 2706 4014; x_wconf 87' lang='lat' dir='ltr'><strong>minor</strong></span> <span class='ocrx_word' id='word_1_661' title='bbox 2734 3962 2803 4015; x_wconf 90' lang='lat' dir='ltr'><strong>sit</strong></span> <span class='ocrx_word' id='word_1_662' title='bbox 2829 3960 2907 4013; x_wconf 86' lang='lat' dir='ltr'><strong>ira</strong></span> <span class='ocrx_word' id='word_1_663' title='bbox 2945 3961 3110 4029; x_wconf 88' lang='lat' dir='ltr'><strong>liquet</strong></span> <span class='ocrx_word' id='word_1_664' title='bbox 3138 3977 3203 4014; x_wconf 84' lang='lat' dir='ltr'><strong>ex</strong></span> <span class='ocrx_word' id='word_1_665' title='bbox 3227 3960 3503 4029; x_wconf 89' lang='lat' dir='ltr'><strong>Scriptura</strong></span> 
     </span>
    </p>
   </div>
   <div class='ocr_carea' id='block_1_90' title="bbox 1972 4049 3504 4119">
    <p class='ocr_par' dir='ltr' id='par_1_90' title="bbox 1972 4049 3504 4119">
     <span class='ocr_line' id='line_1_94' title="bbox 1972 4049 3504 4119; baseline -0.001 -17"><span class='ocrx_word' id='word_1_666' title='bbox 1972 4050 2202 4115; x_wconf 88' lang='lat' dir='ltr'><strong>dicente,</strong></span> <span class='ocrx_word' id='word_1_667' title='bbox 2236 4049 2701 4118; x_wconf 80' lang='lat' dir='ltr'><strong>reprehensionem</strong></span> <span class='ocrx_word' id='word_1_668' title='bbox 2744 4051 2796 4103; x_wconf 93' lang='lat' dir='ltr'><strong>in</strong></span> <span class='ocrx_word' id='word_1_669' title='bbox 2847 4050 3065 4115; x_wconf 86' lang='lat' dir='ltr'><strong>furore,</strong></span> <span class='ocrx_word' id='word_1_670' title='bbox 3105 4050 3504 4119; x_wconf 82' lang='lat' dir='ltr'><strong>castigationem</strong></span> 
     </span>
    </p>
   </div>
   <div class='ocr_carea' id='block_1_91' title="bbox 1975 4137 3502 4203">
    <p class='ocr_par' dir='ltr' id='par_1_91' title="bbox 1975 4137 3502 4203">
     <span class='ocr_line' id='line_1_95' title="bbox 1975 4137 3502 4203; baseline -0.002 -11"><span class='ocrx_word' id='word_1_671' title='bbox 1975 4139 2028 4192; x_wconf 90' lang='lat' dir='ltr'><strong>itt</strong></span> <span class='ocrx_word' id='word_1_672' title='bbox 2061 4140 2140 4192; x_wconf 87' lang='lat' dir='ltr'><strong>ira</strong></span> <span class='ocrx_word' id='word_1_673' title='bbox 2173 4138 2312 4193; x_wconf 84' lang='lat' dir='ltr'><strong>fieri.</strong></span> <span class='ocrx_word' id='word_1_674' title='bbox 2355 4139 2568 4195; x_wconf 90' lang='lat' dir='ltr'><strong>Dicitur</strong></span> <span class='ocrx_word' id='word_1_675' title='bbox 2614 4142 2755 4195; x_wconf 87' lang='lat' dir='ltr'><strong>enim</strong></span> <span class='ocrx_word' id='word_1_676' title='bbox 2780 4139 2825 4171; x_wconf 78' lang='lat'><strong><em>“</em></strong></span> <span class='ocrx_word' id='word_1_677' title='bbox 2856 4156 2872 4194; x_wconf 81' lang='grc' dir='ltr'><strong>ι</strong></span> <span class='ocrx_word' id='word_1_678' title='bbox 2907 4159 2926 4191; x_wconf 78' lang='grc' dir='ltr'><strong>ι</strong></span> <span class='ocrx_word' id='word_1_679' title='bbox 2964 4139 3204 4203; x_wconf 84' lang='lat' dir='ltr'><strong>Domine,</strong></span> <span class='ocrx_word' id='word_1_680' title='bbox 3236 4152 3301 4192; x_wconf 89' lang='lat' dir='ltr'><strong>ne</strong></span> <span class='ocrx_word' id='word_1_681' title='bbox 3331 4139 3381 4191; x_wconf 91' lang='lat' dir='ltr'><strong>in</strong></span> <span class='ocrx_word' id='word_1_682' title='bbox 3417 4137 3502 4190; x_wconf 83' lang='lat' dir='ltr'><strong>fu-</strong></span> 
     </span>
    </p>
   </div>
   <div class='ocr_carea' id='block_1_92' title="bbox 1974 4227 3492 4299">
    <p class='ocr_par' dir='ltr' id='par_1_92' title="bbox 1974 4227 3492 4299">
     <span class='ocr_line' id='line_1_96' title="bbox 1974 4227 3492 4299; baseline -0.003 -18"><span class='ocrx_word' id='word_1_683' title='bbox 1974 4242 2095 4282; x_wconf 88' lang='lat' dir='ltr'><strong>rore</strong></span> <span class='ocrx_word' id='word_1_684' title='bbox 2113 4236 2204 4282; x_wconf 89' lang='lat' dir='ltr'><strong>tuo</strong></span> <span class='ocrx_word' id='word_1_685' title='bbox 2227 4244 2420 4298; x_wconf 81' lang='lat' dir='ltr'><strong>arguas</strong></span> <span class='ocrx_word' id='word_1_686' title='bbox 2444 4244 2551 4293; x_wconf 90' lang='lat' dir='ltr'><strong>me,</strong></span> <span class='ocrx_word' id='word_1_687' title='bbox 2571 4244 2742 4299; x_wconf 89' lang='lat' dir='ltr'><strong>neque</strong></span> <span class='ocrx_word' id='word_1_688' title='bbox 2766 4230 2818 4282; x_wconf 94' lang='lat' dir='ltr'><strong>in</strong></span> <span class='ocrx_word' id='word_1_689' title='bbox 2850 4230 2926 4282; x_wconf 92' lang='lat' dir='ltr'><strong>ira</strong></span> <span class='ocrx_word' id='word_1_690' title='bbox 2953 4239 3039 4281; x_wconf 88' lang='lat' dir='ltr'><strong>tua</strong></span> <span class='ocrx_word' id='word_1_691' title='bbox 3069 4227 3328 4293; x_wconf 87' lang='lat' dir='ltr'><strong>corripias</strong></span> <span class='ocrx_word' id='word_1_692' title='bbox 3355 4240 3492 4279; x_wconf 60' lang='lat' dir='ltr'><strong>me.»</strong></span> 
     </span>
    </p>
   </div>
   <div class='ocr_carea' id='block_1_93' title="bbox 310 4317 1876 4399">
    <p class='ocr_par' dir='ltr' id='par_1_93' title="bbox 310 4317 1874 4395">
     <span class='ocr_line' id='line_1_97' title="bbox 310 4317 1874 4395; baseline 0.002 -22"><span class='ocrx_word' id='word_1_693' title='bbox 310 4320 605 4374; x_wconf 76' lang='grc' dir='ltr'><strong>παίδευσιν</strong></span> <span class='ocrx_word' id='word_1_694' title='bbox 649 4318 707 4370; x_wconf 80' lang='grc' dir='ltr'><strong>δὲ</strong></span> <span class='ocrx_word' id='word_1_695' title='bbox 747 4319 903 4387; x_wconf 75' lang='grc' dir='ltr'><strong>ὀργῇ.</strong></span> <span class='ocrx_word' id='word_1_696' title='bbox 957 4317 1206 4387; x_wconf 76' lang='grc' dir='ltr'><strong>«Κύριε»</strong></span> <span class='ocrx_word' id='word_1_697' title='bbox 1243 4317 1385 4388; x_wconf 73' lang='grc' dir='ltr'><strong>γὰρ,</strong></span> <span class='ocrx_word' id='word_1_698' title='bbox 1429 4322 1591 4389; x_wconf 74' lang='grc' dir='ltr'><strong>φησὶ,</strong></span> <span class='ocrx_word' id='word_1_699' title='bbox 1643 4339 1661 4371; x_wconf 82' lang='lat' dir='ltr'><strong>t</strong></span> <span class='ocrx_word' id='word_1_700' title='bbox 1695 4322 1767 4393; x_wconf 82' lang='grc' dir='ltr'><strong>μὴ</strong></span> <span class='ocrx_word' id='word_1_701' title='bbox 1798 4324 1874 4395; x_wconf 85' lang='grc' dir='ltr'><strong>τῷ</strong></span> 
     </span>
    </p>
   </div>
   <div class='ocr_carea' id='block_1_94' title="bbox 1983 4317 3504 4399">
    <p class='ocr_par' dir='ltr' id='par_1_94' title="bbox 1983 4317 3504 4386">
     <span class='ocr_line' id='line_1_98' title="bbox 1983 4317 3504 4386; baseline -0.002 -16"><span class='ocrx_word' id='word_1_702' title='bbox 1983 4317 2231 4386; x_wconf 77' lang='lat' dir='ltr'><strong>Arguitur</strong></span> <span class='ocrx_word' id='word_1_703' title='bbox 2268 4318 2316 4371; x_wconf 93' lang='lat' dir='ltr'><strong>is</strong></span> <span class='ocrx_word' id='word_1_704' title='bbox 2353 4319 2441 4386; x_wconf 91' lang='lat' dir='ltr'><strong>qui</strong></span> <span class='ocrx_word' id='word_1_705' title='bbox 2468 4320 2642 4373; x_wconf 88' lang='lat' dir='ltr'><strong>adhuc</strong></span> <span class='ocrx_word' id='word_1_706' title='bbox 2674 4331 2821 4386; x_wconf 89' lang='lat' dir='ltr'><strong>spem</strong></span> <span class='ocrx_word' id='word_1_707' title='bbox 2859 4318 3025 4371; x_wconf 85' lang='lat' dir='ltr'><strong>habet</strong></span> <span class='ocrx_word' id='word_1_708' title='bbox 3053 4317 3165 4370; x_wconf 85' lang='lat' dir='ltr'><strong>fore</strong></span> <span class='ocrx_word' id='word_1_709' title='bbox 3191 4324 3248 4370; x_wconf 89' lang='lat' dir='ltr'><strong>ut</strong></span> <span class='ocrx_word' id='word_1_710' title='bbox 3283 4322 3504 4369; x_wconf 89' lang='lat' dir='ltr'><strong>sanetur</strong></span> 
     </span>
    </p>
   </div>
   <div class='ocr_carea' id='block_1_95' title="bbox 311 4405 1871 4482">
    <p class='ocr_par' dir='ltr' id='par_1_95' title="bbox 311 4405 1871 4482">
     <span class='ocr_line' id='line_1_99' title="bbox 311 4405 1871 4482; baseline 0.004 -25"><span class='ocrx_word' id='word_1_711' title='bbox 311 4409 472 4480; x_wconf 80' lang='grc' dir='ltr'><strong>θυμῷ</strong></span> <span class='ocrx_word' id='word_1_712' title='bbox 497 4424 599 4460; x_wconf 90' lang='grc' dir='ltr'><strong>σου</strong></span> <span class='ocrx_word' id='word_1_713' title='bbox 639 4405 861 4476; x_wconf 75' lang='grc' dir='ltr'><strong>ἐλέγξῃς</strong></span> <span class='ocrx_word' id='word_1_714' title='bbox 887 4421 975 4473; x_wconf 86' lang='grc' dir='ltr'><strong>με,</strong></span> <span class='ocrx_word' id='word_1_715' title='bbox 1014 4405 1143 4474; x_wconf 84' lang='grc' dir='ltr'><strong>μηδὲ</strong></span> <span class='ocrx_word' id='word_1_716' title='bbox 1188 4407 1254 4474; x_wconf 83' lang='grc' dir='ltr'><strong>τῇ</strong></span> <span class='ocrx_word' id='word_1_717' title='bbox 1285 4407 1419 4476; x_wconf 83' lang='grc' dir='ltr'><strong>ὀργῇ</strong></span> <span class='ocrx_word' id='word_1_718' title='bbox 1461 4424 1552 4460; x_wconf 88' lang='grc' dir='ltr'><strong>σου</strong></span> <span class='ocrx_word' id='word_1_719' title='bbox 1585 4410 1871 4482; x_wconf 81' lang='grc' dir='ltr'><strong>παιδεύσῃς</strong></span> 
     </span>
    </p>
   </div>
   <div class='ocr_carea' id='block_1_96' title="bbox 313 4490 1874 4570">
    <p class='ocr_par' dir='ltr' id='par_1_96' title="bbox 313 4490 1874 4570">
     <span class='ocr_line' id='line_1_100' title="bbox 313 4490 1874 4570; baseline 0.006 -30"><span class='ocrx_word' id='word_1_720' title='bbox 313 4516 402 4570; x_wconf 73' lang='grc' dir='ltr'><strong>με,</strong></span> <span class='ocrx_word' id='word_1_721' title='bbox 435 4517 457 4550; x_wconf 69' lang='grc' dir='ltr'><strong>ι</strong></span> <span class='ocrx_word' id='word_1_722' title='bbox 487 4495 806 4563; x_wconf 83' lang='grc' dir='ltr'><strong>Ἑλέγχεται</strong></span> <span class='ocrx_word' id='word_1_723' title='bbox 831 4493 888 4545; x_wconf 79' lang='grc' dir='ltr'><strong>δὲ</strong></span> <span class='ocrx_word' id='word_1_724' title='bbox 909 4495 936 4544; x_wconf 90' lang='grc' dir='ltr'>ὁ</span> <span class='ocrx_word' id='word_1_725' title='bbox 959 4491 1037 4544; x_wconf 75' lang='grc' dir='ltr'><strong>ἔτι</strong></span> <span class='ocrx_word' id='word_1_726' title='bbox 1066 4491 1253 4543; x_wconf 77' lang='grc' dir='ltr'><strong>ἐλπίδα</strong></span> <span class='ocrx_word' id='word_1_727' title='bbox 1289 4490 1424 4560; x_wconf 72' lang='grc' dir='ltr'><strong>ἔχων</strong></span> <span class='ocrx_word' id='word_1_728' title='bbox 1456 4493 1744 4563; x_wconf 81' lang='grc' dir='ltr'><strong>θεραπείας</strong></span> <span class='ocrx_word' id='word_1_729' title='bbox 1775 4497 1874 4566; x_wconf 84' lang='grc' dir='ltr'><strong>τῆς</strong></span> 
     </span>
    </p>
   </div>
   <div class='ocr_carea' id='block_1_97' title="bbox 308 4578 1873 4658">
    <p class='ocr_par' dir='ltr' id='par_1_97' title="bbox 308 4578 1873 4658">
     <span class='ocr_line' id='line_1_101' title="bbox 308 4578 1873 4658; baseline 0.003 -27"><span class='ocrx_word' id='word_1_730' title='bbox 308 4588 479 4658; x_wconf 67' lang='grc' dir='ltr'><strong>χωρὶς</strong></span> <span class='ocrx_word' id='word_1_731' title='bbox 513 4582 767 4653; x_wconf 83' lang='grc' dir='ltr'><strong>βασάνων</strong></span> <span class='ocrx_word' id='word_1_732' title='bbox 797 4579 884 4632; x_wconf 77' lang='grc' dir='ltr'><strong>διὰ</strong></span> <span class='ocrx_word' id='word_1_733' title='bbox 914 4579 1069 4646; x_wconf 85' lang='grc' dir='ltr'><strong>λόγου</strong></span> <span class='ocrx_word' id='word_1_734' title='bbox 1100 4578 1502 4648; x_wconf 84' lang='grc' dir='ltr'><strong>καθαπτομένου</strong></span> <span class='ocrx_word' id='word_1_735' title='bbox 1523 4596 1536 4610; x_wconf 76' lang='grc' dir='ltr'><strong>ο</strong></span> <span class='ocrx_word' id='word_1_736' title='bbox 1567 4584 1594 4633; x_wconf 88' lang='lat'><strong>6</strong></span> <span class='ocrx_word' id='word_1_737' title='bbox 1624 4581 1679 4633; x_wconf 80' lang='grc' dir='ltr'><strong>δὲ</strong></span> <span class='ocrx_word' id='word_1_738' title='bbox 1713 4583 1873 4652; x_wconf 85' lang='grc' dir='ltr'><strong>μηδὲν</strong></span> 
     </span>
    </p>
   </div>
   <div class='ocr_carea' id='block_1_98' title="bbox 308 4667 1873 4741">
    <p class='ocr_par' dir='ltr' id='par_1_98' title="bbox 308 4667 1873 4741">
     <span class='ocr_line' id='line_1_102' title="bbox 308 4667 1873 4741; baseline 0.015 -40"><span class='ocrx_word' id='word_1_739' title='bbox 308 4676 404 4730; x_wconf 61' lang='grc' dir='ltr'><strong>ἀπ’</strong></span> <span class='ocrx_word' id='word_1_740' title='bbox 444 4673 681 4741; x_wconf 51' lang='grc' dir='ltr'><strong>ἐλέγχου</strong></span> <span class='ocrx_word' id='word_1_741' title='bbox 724 4669 1020 4739; x_wconf 75' lang='grc' dir='ltr'><strong>ὠφεληθεὶς</strong></span> <span class='ocrx_word' id='word_1_742' title='bbox 1060 4668 1250 4738; x_wconf 78' lang='grc' dir='ltr'><strong>χρῄζει</strong></span> <span class='ocrx_word' id='word_1_743' title='bbox 1293 4667 1616 4731; x_wconf 86' lang='grc' dir='ltr'><strong>παιδεύσεως</strong></span> <span class='ocrx_word' id='word_1_744' title='bbox 1657 4671 1754 4740; x_wconf 82' lang='grc' dir='ltr'><strong>τῆς</strong></span> <span class='ocrx_word' id='word_1_745' title='bbox 1788 4671 1873 4724; x_wconf 84' lang='grc' dir='ltr'><strong>διὰ</strong></span> 
     </span>
    </p>
   </div>
   <div class='ocr_carea' id='block_1_99' title="bbox 313 4755 1870 4835">
    <p class='ocr_par' dir='ltr' id='par_1_99' title="bbox 313 4755 1870 4835">
     <span class='ocr_line' id='line_1_103' title="bbox 313 4755 1870 4835; baseline -0.004 -18"><span class='ocrx_word' id='word_1_746' title='bbox 313 4764 599 4835; x_wconf 85' lang='grc' dir='ltr'><strong>μαστίγων</strong></span> <span class='ocrx_word' id='word_1_747' title='bbox 653 4759 747 4811; x_wconf 75' lang='grc' dir='ltr'><strong>καὶ</strong></span> <span class='ocrx_word' id='word_1_748' title='bbox 787 4757 1015 4827; x_wconf 72' lang='grc' dir='ltr'><strong>ῥάϐδων.</strong></span> <span class='ocrx_word' id='word_1_749' title='bbox 1064 4759 1219 4810; x_wconf 78' lang='grc' dir='ltr'><strong>Πᾶσα</strong></span> <span class='ocrx_word' id='word_1_750' title='bbox 1251 4755 1355 4824; x_wconf 85' lang='grc' dir='ltr'><strong>γὰρ</strong></span> <span class='ocrx_word' id='word_1_751' title='bbox 1394 4755 1602 4808; x_wconf 88' lang='grc' dir='ltr'><strong>παιδεία</strong></span> <span class='ocrx_word' id='word_1_752' title='bbox 1637 4758 1769 4828; x_wconf 82' lang='grc' dir='ltr'><strong>πρὸς</strong></span> <span class='ocrx_word' id='word_1_753' title='bbox 1810 4759 1870 4810; x_wconf 84' lang='grc' dir='ltr'><strong>τὸ</strong></span> 
     </span>
    </p>
   </div>
   <div class='ocr_carea' id='block_1_100' title="bbox 310 4841 1866 4924">
    <p class='ocr_par' dir='ltr' id='par_1_100' title="bbox 310 4841 1866 4924">
     <span class='ocr_line' id='line_1_104' title="bbox 310 4841 1866 4924; baseline -0.006 -16"><span class='ocrx_word' id='word_1_754' title='bbox 310 4855 489 4924; x_wconf 76' lang='grc' dir='ltr'><strong>παρὸν</strong></span> <span class='ocrx_word' id='word_1_755' title='bbox 524 4851 590 4903; x_wconf 83' lang='grc' dir='ltr'><strong>ού</strong></span> <span class='ocrx_word' id='word_1_756' title='bbox 616 4849 765 4901; x_wconf 79' lang='grc' dir='ltr'><strong>δοκεῖ</strong></span> <span class='ocrx_word' id='word_1_757' title='bbox 788 4848 957 4915; x_wconf 82' lang='grc' dir='ltr'><strong>χαρᾶς</strong></span> <span class='ocrx_word' id='word_1_758' title='bbox 988 4841 1140 4908; x_wconf 83' lang='grc' dir='ltr'><strong>εἶναι,</strong></span> <span class='ocrx_word' id='word_1_759' title='bbox 1180 4841 1314 4896; x_wconf 78' lang='grc' dir='ltr'><strong>ἀλλὰ</strong></span> <span class='ocrx_word' id='word_1_760' title='bbox 1345 4841 1535 4912; x_wconf 78' lang='grc' dir='ltr'><strong>λύπης⁵</strong></span> <span class='ocrx_word' id='word_1_761' title='bbox 1568 4844 1786 4915; x_wconf 79' lang='grc' dir='ltr'><strong>ὕστερον</strong></span> <span class='ocrx_word' id='word_1_762' title='bbox 1810 4846 1866 4898; x_wconf 84' lang='grc' dir='ltr'><strong>δὲ</strong></span> 
     </span>
    </p>
   </div>
   <div class='ocr_carea' id='block_1_101' title="bbox 311 4934 1867 5012">
    <p class='ocr_par' dir='ltr' id='par_1_101' title="bbox 311 4934 1867 5012">
     <span class='ocr_line' id='line_1_105' title="bbox 311 4934 1867 5012; baseline -0.008 -15"><span class='ocrx_word' id='word_1_763' title='bbox 311 4943 527 5012; x_wconf 81' lang='grc' dir='ltr'><strong>καρπὸν</strong></span> <span class='ocrx_word' id='word_1_764' title='bbox 552 4936 828 5008; x_wconf 76' lang='grc' dir='ltr'><strong>εἰρηνικὸν</strong></span> <span class='ocrx_word' id='word_1_765' title='bbox 850 4937 960 4996; x_wconf 80' lang='grc' dir='ltr'><strong>τοῖς</strong></span> <span class='ocrx_word' id='word_1_766' title='bbox 988 4936 1053 4988; x_wconf 78' lang='grc' dir='ltr'><strong>δι’</strong></span> <span class='ocrx_word' id='word_1_767' title='bbox 1074 4934 1243 5001; x_wconf 83' lang='grc' dir='ltr'><strong>αὐτῆς</strong></span> <span class='ocrx_word' id='word_1_768' title='bbox 1261 4934 1716 5002; x_wconf 84' lang='grc' dir='ltr'><strong>γεγυμνασμένοις</strong></span> <span class='ocrx_word' id='word_1_769' title='bbox 1736 4934 1867 4987; x_wconf 87' lang='grc' dir='ltr'><strong>ἀπο-</strong></span> 
     </span>
    </p>
   </div>
   <div class='ocr_carea' id='block_1_102' title="bbox 309 5019 1869 5092">
    <p class='ocr_par' dir='ltr' id='par_1_102' title="bbox 309 5019 1869 5092">
     <span class='ocr_line' id='line_1_106' title="bbox 309 5019 1869 5092; baseline -0.006 -9"><span class='ocrx_word' id='word_1_770' title='bbox 309 5031 493 5083; x_wconf 80' lang='grc' dir='ltr'><strong>δίδωσι</strong></span> <span class='ocrx_word' id='word_1_771' title='bbox 514 5024 878 5092; x_wconf 81' lang='grc' dir='ltr'><strong>δικαιοσύνης.</strong></span> <span class='ocrx_word' id='word_1_772' title='bbox 910 5023 1144 5090; x_wconf 85' lang='grc' dir='ltr'><strong>Δαλήσει</strong></span> <span class='ocrx_word' id='word_1_773' title='bbox 1164 5019 1341 5070; x_wconf 86' lang='grc' dir='ltr'><strong>τοίνυν</strong></span> <span class='ocrx_word' id='word_1_774' title='bbox 1368 5021 1395 5070; x_wconf 85' lang='grc' dir='ltr'>ὁ</span> <span class='ocrx_word' id='word_1_775' title='bbox 1422 5019 1552 5083; x_wconf 87' lang='grc' dir='ltr'><strong>Θεὸς</strong></span> <span class='ocrx_word' id='word_1_776' title='bbox 1592 5023 1726 5092; x_wconf 87' lang='grc' dir='ltr'><strong>πρὸς</strong></span> <span class='ocrx_word' id='word_1_777' title='bbox 1747 5023 1869 5085; x_wconf 80' lang='grc' dir='ltr'><strong>τοὺς</strong></span> 
     </span>
    </p>
   </div>
   <div class='ocr_carea' id='block_1_103' title="bbox 313 5109 1870 5187">
    <p class='ocr_par' dir='ltr' id='par_1_103' title="bbox 313 5109 1870 5187">
     <span class='ocr_line' id='line_1_107' title="bbox 313 5109 1870 5187; baseline -0.003 -20"><span class='ocrx_word' id='word_1_778' title='bbox 313 5115 709 5187; x_wconf 79' lang='grc' dir='ltr'><strong>ἡμαρτηκότας</strong></span> <span class='ocrx_word' id='word_1_779' title='bbox 737 5112 830 5173; x_wconf 82' lang='grc' dir='ltr'><strong>οὒς</strong></span> <span class='ocrx_word' id='word_1_780' title='bbox 858 5111 1052 5179; x_wconf 74' lang='grc' dir='ltr'><strong>ἐκγελᾷ</strong></span> <span class='ocrx_word' id='word_1_781' title='bbox 1096 5109 1193 5160; x_wconf 75' lang='grc' dir='ltr'><strong>καὶ</strong></span> <span class='ocrx_word' id='word_1_782' title='bbox 1232 5109 1541 5178; x_wconf 78' lang='grc' dir='ltr'><strong>μυκτηρίζει</strong></span> <span class='ocrx_word' id='word_1_783' title='bbox 1588 5110 1666 5163; x_wconf 73' lang='grc' dir='ltr'><strong>ἔτι</strong></span> <span class='ocrx_word' id='word_1_784' title='bbox 1715 5111 1870 5174; x_wconf 77' lang='grc' dir='ltr'><strong>ὄντας</strong></span> 
     </span>
    </p>
   </div>
   <div class='ocr_carea' id='block_1_104' title="bbox 315 5194 1874 5270">
    <p class='ocr_par' dir='ltr' id='par_1_104' title="bbox 315 5194 1874 5270">
     <span class='ocr_line' id='line_1_108' title="bbox 315 5194 1874 5270; baseline -0.005 -12"><span class='ocrx_word' id='word_1_785' title='bbox 315 5208 377 5259; x_wconf 70' lang='grc' dir='ltr'><strong>ιν</strong></span> <span class='ocrx_word' id='word_1_786' title='bbox 397 5207 511 5266; x_wconf 82' lang='grc' dir='ltr'><strong>τοῖς</strong></span> <span class='ocrx_word' id='word_1_787' title='bbox 542 5199 964 5270; x_wconf 80' lang='grc' dir='ltr'><strong>παραπτώμασι,</strong></span> <span class='ocrx_word' id='word_1_788' title='bbox 996 5198 1091 5249; x_wconf 79' lang='grc' dir='ltr'><strong>καὶ</strong></span> <span class='ocrx_word' id='word_1_789' title='bbox 1120 5194 1191 5244; x_wconf 87' lang='grc' dir='ltr'><strong>δι’</strong></span> <span class='ocrx_word' id='word_1_790' title='bbox 1218 5194 1560 5264; x_wconf 84' lang='grc' dir='ltr'><strong>ἀναισθησίαν</strong></span> <span class='ocrx_word' id='word_1_791' title='bbox 1584 5198 1722 5266; x_wconf 88' lang='grc' dir='ltr'><strong>μέγα</strong></span> <span class='ocrx_word' id='word_1_792' title='bbox 1745 5215 1874 5268; x_wconf 86' lang='grc' dir='ltr'><strong>φρο-</strong></span> 
     </span>
    </p>
   </div>
   <div class='ocr_carea' id='block_1_105' title="bbox 386 5324 1112 5391">
    <p class='ocr_par' dir='ltr' id='par_1_105' title="bbox 386 5324 1112 5391">
     <span class='ocr_line' id='line_1_109' title="bbox 386 5324 1112 5391; baseline -0.007 -4"><span class='ocrx_word' id='word_1_793' title='bbox 386 5335 431 5365; x_wconf 75' lang='grc'><strong>⁸³</strong></span> <span class='ocrx_word' id='word_1_794' title='bbox 458 5334 587 5387; x_wconf 77' lang='lat' dir='ltr'><strong>Jon.</strong></span> <span class='ocrx_word' id='word_1_795' title='bbox 614 5346 697 5385; x_wconf 86' lang='lat' dir='ltr'><strong>tu.</strong></span> <span class='ocrx_word' id='word_1_796' title='bbox 769 5329 813 5361; x_wconf 66' lang='grc' dir='ltr'><strong>δ’</strong></span> <span class='ocrx_word' id='word_1_797' title='bbox 835 5328 920 5383; x_wconf 88' lang='lat' dir='ltr'><strong>Ps.</strong></span> <span class='ocrx_word' id='word_1_798' title='bbox 952 5340 1025 5391; x_wconf 81' lang='lat' dir='ltr'><strong>vt,</strong></span> <span class='ocrx_word' id='word_1_799' title='bbox 1060 5324 1112 5376; x_wconf 79' lang='grc'><strong>1-</strong></span> 
     </span>
    </p>
   </div>
   <div class='ocr_carea' id='block_1_106' title="bbox 387 5430 1865 5516">
    <p class='ocr_par' dir='ltr' id='par_1_106' title="bbox 387 5430 1865 5516">
     <span class='ocr_line' id='line_1_110' title="bbox 387 5430 1865 5516; baseline -0.004 -19"><span class='ocrx_word' id='word_1_800' title='bbox 387 5444 498 5516; x_wconf 78' lang='grc'><strong>(75)</strong></span> <span class='ocrx_word' id='word_1_801' title='bbox 543 5441 926 5516; x_wconf 39' lang='grc' dir='ltr'><strong>οιλότοι-τῶν</strong></span> <span class='ocrx_word' id='word_1_802' title='bbox 1272 5442 1403 5516; x_wconf 33' lang='lat' dir='ltr'><strong>etc.”</strong></span> <span class='ocrx_word' id='word_1_803' title='bbox 1429 5434 1473 5486; x_wconf 86' lang='lat' dir='ltr'><strong>E</strong></span> <span class='ocrx_word' id='word_1_804' title='bbox 1533 5436 1719 5516; x_wconf 81' lang='lat' dir='ltr'><strong>codice</strong></span> <span class='ocrx_word' id='word_1_805' title='bbox 1770 5440 1865 5516; x_wconf 73' lang='lat' dir='ltr'><strong>Ba-</strong></span> 
     </span>
    </p>
   </div>
   <div class='ocr_carea' id='block_1_107' title="bbox 317 5498 1861 5571">
    <p class='ocr_par' dir='ltr' id='par_1_107' title="bbox 317 5498 1861 5571">
     <span class='ocr_line' id='line_1_111' title="bbox 317 5498 1861 5571; baseline -0.006 -6"><span class='ocrx_word' id='word_1_806' title='bbox 317 5498 592 5571; x_wconf 65' lang='lat' dir='ltr'><strong>roéciauo,</strong></span> <span class='ocrx_word' id='word_1_807' title='bbox 625 5498 731 5562; x_wconf 75' lang='lat' dir='ltr'><strong>ete</strong></span> <span class='ocrx_word' id='word_1_808' title='bbox 774 5510 963 5563; x_wconf 79' lang='lat' dir='ltr'><strong>Catena</strong></span> <span class='ocrx_word' id='word_1_809' title='bbox 992 5499 1266 5555; x_wconf 73' lang='lat' dir='ltr'><strong>(Iorderii.</strong></span> <span class='ocrx_word' id='word_1_810' title='bbox 1297 5498 1480 5556; x_wconf 86' lang='lat' dir='ltr'><strong>Latine</strong></span> <span class='ocrx_word' id='word_1_811' title='bbox 1523 5511 1746 5560; x_wconf 78' lang='lat' dir='ltr'><strong>exstant</strong></span> <span class='ocrx_word' id='word_1_812' title='bbox 1805 5508 1861 5563; x_wconf 84' lang='lat' dir='ltr'><strong>iu</strong></span> 
     </span>
    </p>
   </div>
   <div class='ocr_carea' id='block_1_108' title="bbox 314 5576 774 5635">
    <p class='ocr_par' dir='ltr' id='par_1_108' title="bbox 314 5576 774 5635">
     <span class='ocr_line' id='line_1_112' title="bbox 314 5576 774 5635; baseline -0.015 0"><span class='ocrx_word' id='word_1_813' title='bbox 314 5583 516 5635; x_wconf 84' lang='lat' dir='ltr'><strong>Catena</strong></span> <span class='ocrx_word' id='word_1_814' title='bbox 539 5576 774 5630; x_wconf 80' lang='lat' dir='ltr'><strong>Barbari.</strong></span> 
     </span>
    </p>
   </div>
   <div class='ocr_carea' id='block_1_109' title="bbox 1978 4404 3499 4473">
    <p class='ocr_par' dir='ltr' id='par_1_109' title="bbox 1978 4404 3499 4473">
     <span class='ocr_line' id='line_1_113' title="bbox 1978 4404 3499 4473; baseline -0.001 -17"><span class='ocrx_word' id='word_1_815' title='bbox 1978 4404 2152 4459; x_wconf 89' lang='lat' dir='ltr'><strong>verbis</strong></span> <span class='ocrx_word' id='word_1_816' title='bbox 2171 4404 2374 4473; x_wconf 78' lang='lat' dir='ltr'><strong>absque</strong></span> <span class='ocrx_word' id='word_1_817' title='bbox 2398 4407 2676 4472; x_wconf 80' lang='lat' dir='ltr'><strong>examine;</strong></span> <span class='ocrx_word' id='word_1_818' title='bbox 2707 4409 2795 4462; x_wconf 89' lang='lat' dir='ltr'><strong>cui</strong></span> <span class='ocrx_word' id='word_1_819' title='bbox 2823 4415 3000 4460; x_wconf 89' lang='lat' dir='ltr'><strong>autem</strong></span> <span class='ocrx_word' id='word_1_820' title='bbox 3029 4404 3371 4472; x_wconf 87' lang='lat' dir='ltr'><strong>reprehensio</strong></span> <span class='ocrx_word' id='word_1_821' title='bbox 3397 4419 3499 4456; x_wconf 87' lang='lat' dir='ltr'><strong>non</strong></span> 
     </span>
    </p>
   </div>
   <div class='ocr_carea' id='block_1_110' title="bbox 1975 4491 3504 4564">
    <p class='ocr_par' dir='ltr' id='par_1_110' title="bbox 1975 4491 3504 4564">
     <span class='ocr_line' id='line_1_114' title="bbox 1975 4491 3504 4564; baseline -0.001 -18"><span class='ocrx_word' id='word_1_822' title='bbox 1975 4492 2191 4561; x_wconf 91' lang='lat' dir='ltr'><strong>profuit,</strong></span> <span class='ocrx_word' id='word_1_823' title='bbox 2246 4494 2292 4549; x_wconf 90' lang='lat' dir='ltr'><strong>is</strong></span> <span class='ocrx_word' id='word_1_824' title='bbox 2340 4495 2541 4563; x_wconf 85' lang='lat' dir='ltr'><strong>indiget</strong></span> <span class='ocrx_word' id='word_1_825' title='bbox 2587 4498 2922 4564; x_wconf 88' lang='lat' dir='ltr'><strong>correptione</strong></span> <span class='ocrx_word' id='word_1_826' title='bbox 2954 4508 3074 4563; x_wconf 77' lang='lat' dir='ltr'><strong>qua:</strong></span> <span class='ocrx_word' id='word_1_827' title='bbox 3109 4497 3164 4546; x_wconf 88' lang='lat' dir='ltr'><strong>tit</strong></span> <span class='ocrx_word' id='word_1_828' title='bbox 3194 4491 3413 4561; x_wconf 82' lang='lat' dir='ltr'><strong>ﬂagellis</strong></span> <span class='ocrx_word' id='word_1_829' title='bbox 3447 4499 3504 4545; x_wconf 90' lang='lat' dir='ltr'><strong>et</strong></span> 
     </span>
    </p>
   </div>
   <div class='ocr_carea' id='block_1_111' title="bbox 1974 4580 3503 4652">
    <p class='ocr_par' dir='ltr' id='par_1_111' title="bbox 1974 4580 3503 4652">
     <span class='ocr_line' id='line_1_115' title="bbox 1974 4580 3503 4652; baseline -0.003 -17"><span class='ocrx_word' id='word_1_830' title='bbox 1974 4582 2156 4652; x_wconf 85' lang='lat' dir='ltr'><strong>virgis.</strong></span> <span class='ocrx_word' id='word_1_831' title='bbox 2179 4581 2463 4650; x_wconf 87' lang='lat' dir='ltr'><strong>Correptio</strong></span> <span class='ocrx_word' id='word_1_832' title='bbox 2493 4593 2670 4639; x_wconf 86' lang='lat' dir='ltr'><strong>autem</strong></span> <span class='ocrx_word' id='word_1_833' title='bbox 2699 4585 2881 4639; x_wconf 86' lang='lat' dir='ltr'><strong>statim</strong></span> <span class='ocrx_word' id='word_1_834' title='bbox 2907 4584 3121 4651; x_wconf 86' lang='lat' dir='ltr'><strong>quidem</strong></span> <span class='ocrx_word' id='word_1_835' title='bbox 3156 4597 3259 4635; x_wconf 87' lang='lat' dir='ltr'><strong>non</strong></span> <span class='ocrx_word' id='word_1_836' title='bbox 3295 4580 3503 4633; x_wconf 85' lang='lat' dir='ltr'><strong>videtur</strong></span> 
     </span>
    </p>
   </div>
   <div class='ocr_carea' id='block_1_112' title="bbox 1967 4669 3499 4740">
    <p class='ocr_par' dir='ltr' id='par_1_112' title="bbox 1967 4669 3499 4740">
     <span class='ocr_line' id='line_1_116' title="bbox 1967 4669 3499 4740; baseline -0.001 -17"><span class='ocrx_word' id='word_1_837' title='bbox 1967 4669 2203 4736; x_wconf 83' lang='lat' dir='ltr'><strong>jucunda</strong></span> <span class='ocrx_word' id='word_1_838' title='bbox 2234 4681 2288 4725; x_wconf 89' lang='lat' dir='ltr'><strong>et</strong></span> <span class='ocrx_word' id='word_1_839' title='bbox 2314 4672 2448 4725; x_wconf 90' lang='lat' dir='ltr'><strong>citra</strong></span> <span class='ocrx_word' id='word_1_840' title='bbox 2481 4672 2804 4735; x_wconf 88' lang='lat' dir='ltr'><strong>molestiam,</strong></span> <span class='ocrx_word' id='word_1_841' title='bbox 2846 4681 3033 4740; x_wconf 89' lang='lat' dir='ltr'><strong>postea</strong></span> <span class='ocrx_word' id='word_1_842' title='bbox 3065 4685 3194 4724; x_wconf 83' lang='lat' dir='ltr'><strong>vero</strong></span> <span class='ocrx_word' id='word_1_843' title='bbox 3220 4670 3499 4739; x_wconf 79' lang='lat' dir='ltr'><strong>pacificum</strong></span> 
     </span>
    </p>
   </div>
   <div class='ocr_carea' id='block_1_113' title="bbox 1971 4757 3497 4828">
    <p class='ocr_par' dir='ltr' id='par_1_113' title="bbox 1971 4757 3497 4828">
     <span class='ocr_line' id='line_1_117' title="bbox 1971 4757 3497 4828; baseline -0.002 -16"><span class='ocrx_word' id='word_1_844' title='bbox 1971 4760 2189 4827; x_wconf 73' lang='lat' dir='ltr'><strong>justitia:</strong></span> <span class='ocrx_word' id='word_1_845' title='bbox 2214 4762 2444 4815; x_wconf 87' lang='lat' dir='ltr'><strong>fructum</strong></span> <span class='ocrx_word' id='word_1_846' title='bbox 2475 4762 2635 4816; x_wconf 78' lang='lat' dir='ltr'><strong>atl‘ert</strong></span> <span class='ocrx_word' id='word_1_847' title='bbox 2664 4763 2731 4815; x_wconf 89' lang='lat' dir='ltr'><strong>iis</strong></span> <span class='ocrx_word' id='word_1_848' title='bbox 2762 4760 2922 4828; x_wconf 84' lang='lat' dir='ltr'><strong>quiin</strong></span> <span class='ocrx_word' id='word_1_849' title='bbox 2947 4774 3008 4814; x_wconf 89' lang='lat' dir='ltr'><strong>ea</strong></span> <span class='ocrx_word' id='word_1_850' title='bbox 3030 4759 3249 4814; x_wconf 76' lang='lat' dir='ltr'><strong>exerciti</strong></span> <span class='ocrx_word' id='word_1_851' title='bbox 3281 4757 3497 4812; x_wconf 84' lang='lat' dir='ltr'><strong>fuerint.</strong></span> 
     </span>
    </p>
   </div>
   <div class='ocr_carea' id='block_1_114' title="bbox 1969 4848 3498 4921">
    <p class='ocr_par' dir='ltr' id='par_1_114' title="bbox 1969 4848 3498 4921">
     <span class='ocr_line' id='line_1_118' title="bbox 1969 4848 3498 4921; baseline -0.003 -18"><span class='ocrx_word' id='word_1_852' title='bbox 1969 4850 2046 4902; x_wconf 86' lang='lat' dir='ltr'><strong>Ad</strong></span> <span class='ocrx_word' id='word_1_853' title='bbox 2082 4859 2389 4919; x_wconf 88' lang='lat' dir='ltr'><strong>peccatores</strong></span> <span class='ocrx_word' id='word_1_854' title='bbox 2424 4852 2583 4921; x_wconf 85' lang='lat' dir='ltr'><strong>igitur</strong></span> <span class='ocrx_word' id='word_1_855' title='bbox 2603 4866 2738 4920; x_wconf 90' lang='lat' dir='ltr'><strong>quos</strong></span> <span class='ocrx_word' id='word_1_856' title='bbox 2776 4851 2962 4905; x_wconf 88' lang='lat' dir='ltr'><strong>irridet</strong></span> <span class='ocrx_word' id='word_1_857' title='bbox 2984 4860 3037 4903; x_wconf 91' lang='lat' dir='ltr'><strong>et</strong></span> <span class='ocrx_word' id='word_1_858' title='bbox 3057 4851 3350 4903; x_wconf 89' lang='lat' dir='ltr'><strong>subsannat</strong></span> <span class='ocrx_word' id='word_1_859' title='bbox 3374 4848 3498 4900; x_wconf 87' lang='lat' dir='ltr'><strong>dum</strong></span> 
     </span>
    </p>
   </div>
   <div class='ocr_carea' id='block_1_115' title="bbox 1968 4938 3495 5007">
    <p class='ocr_par' dir='ltr' id='par_1_115' title="bbox 1968 4938 3495 5007">
     <span class='ocr_line' id='line_1_119' title="bbox 1968 4938 3495 5007; baseline -0.003 -18"><span class='ocrx_word' id='word_1_860' title='bbox 1968 4938 2140 4993; x_wconf 87' lang='lat' dir='ltr'><strong>adhuc</strong></span> <span class='ocrx_word' id='word_1_861' title='bbox 2164 4938 2215 4993; x_wconf 89' lang='lat' dir='ltr'><strong>in</strong></span> <span class='ocrx_word' id='word_1_862' title='bbox 2245 4941 2484 5007; x_wconf 89' lang='lat' dir='ltr'><strong>peccatis</strong></span> <span class='ocrx_word' id='word_1_863' title='bbox 2515 4950 2659 5001; x_wconf 82' lang='lat' dir='ltr'><strong>sunt.</strong></span> <span class='ocrx_word' id='word_1_864' title='bbox 2695 4948 2749 4994; x_wconf 89' lang='lat' dir='ltr'><strong>et</strong></span> <span class='ocrx_word' id='word_1_865' title='bbox 2774 4954 2885 5007; x_wconf 73' lang='lat' dir='ltr'><strong>prtc</strong></span> <span class='ocrx_word' id='word_1_866' title='bbox 2911 4938 3231 4994; x_wconf 88' lang='lat' dir='ltr'><strong>hebetudine</strong></span> <span class='ocrx_word' id='word_1_867' title='bbox 3251 4949 3495 4989; x_wconf 89' lang='lat' dir='ltr'><strong>sensuum</strong></span> 
     </span>
    </p>
   </div>
   <div class='ocr_carea' id='block_1_116' title="bbox 1970 5023 3495 5096">
    <p class='ocr_par' dir='ltr' id='par_1_116' title="bbox 1970 5023 3495 5096">
     <span class='ocr_line' id='line_1_120' title="bbox 1970 5023 3495 5096; baseline -0.005 -17"><span class='ocrx_word' id='word_1_868' title='bbox 1970 5027 2035 5080; x_wconf 88' lang='lat' dir='ltr'><strong>de</strong></span> <span class='ocrx_word' id='word_1_869' title='bbox 2067 5027 2299 5096; x_wconf 85' lang='lat' dir='ltr'><strong>propriis</strong></span> <span class='ocrx_word' id='word_1_870' title='bbox 2324 5028 2478 5083; x_wconf 90' lang='lat' dir='ltr'><strong>malis</strong></span> <span class='ocrx_word' id='word_1_871' title='bbox 2529 5040 2776 5096; x_wconf 81' lang='lat' dir='ltr'><strong>tanquam</strong></span> <span class='ocrx_word' id='word_1_872' title='bbox 2821 5028 2976 5081; x_wconf 86' lang='lat' dir='ltr'><strong>bonis</strong></span> <span class='ocrx_word' id='word_1_873' title='bbox 3031 5041 3150 5083; x_wconf 84' lang='lat' dir='ltr'><strong>sese</strong></span> <span class='ocrx_word' id='word_1_874' title='bbox 3182 5023 3405 5078; x_wconf 71' lang='lat' dir='ltr'><strong>efferunt</strong></span> <span class='ocrx_word' id='word_1_875' title='bbox 3433 5036 3495 5073; x_wconf 89' lang='lat' dir='ltr'><strong>ac</strong></span> 
     </span>
    </p>
   </div>
   <div class='ocr_carea' id='block_1_117' title="bbox 1970 5112 3496 5185">
    <p class='ocr_par' dir='ltr' id='par_1_117' title="bbox 1970 5112 3496 5185">
     <span class='ocr_line' id='line_1_121' title="bbox 1970 5112 3496 5185; baseline -0.008 -18"><span class='ocrx_word' id='word_1_876' title='bbox 1970 5115 2284 5183; x_wconf 87' lang='lat' dir='ltr'><strong>gloriantur,</strong></span> <span class='ocrx_word' id='word_1_877' title='bbox 2303 5117 2548 5185; x_wconf 89' lang='lat' dir='ltr'><strong>loquetur</strong></span> <span class='ocrx_word' id='word_1_878' title='bbox 2572 5119 2713 5171; x_wconf 88' lang='lat' dir='ltr'><strong>Deus</strong></span> <span class='ocrx_word' id='word_1_879' title='bbox 2737 5118 2790 5170; x_wconf 89' lang='lat' dir='ltr'><strong>in</strong></span> <span class='ocrx_word' id='word_1_880' title='bbox 2816 5117 2893 5170; x_wconf 91' lang='lat' dir='ltr'><strong>ira</strong></span> <span class='ocrx_word' id='word_1_881' title='bbox 2919 5130 3036 5177; x_wconf 87' lang='lat' dir='ltr'><strong>sua,</strong></span> <span class='ocrx_word' id='word_1_882' title='bbox 3065 5126 3119 5166; x_wconf 88' lang='lat' dir='ltr'><strong>et</strong></span> <span class='ocrx_word' id='word_1_883' title='bbox 3142 5112 3259 5164; x_wconf 91' lang='lat' dir='ltr'><strong>illos</strong></span> <span class='ocrx_word' id='word_1_884' title='bbox 3281 5117 3496 5162; x_wconf 85' lang='lat' dir='ltr'><strong>ostenso</strong></span> 
     </span>
    </p>
   </div>
   <div class='ocr_carea' id='block_1_118' title="bbox 1976 5196 3497 5268">
    <p class='ocr_par' dir='ltr' id='par_1_118' title="bbox 1976 5196 3497 5268">
     <span class='ocr_line' id='line_1_122' title="bbox 1976 5196 3497 5268; baseline 0.003 -12"><span class='ocrx_word' id='word_1_885' title='bbox 1976 5204 2157 5260; x_wconf 90' lang='lat' dir='ltr'><strong>furore</strong></span> <span class='ocrx_word' id='word_1_886' title='bbox 2180 5207 2543 5261; x_wconf 85' lang='lat' dir='ltr'><strong>conturbabit.</strong></span> <span class='ocrx_word' id='word_1_887' title='bbox 2583 5207 2715 5262; x_wconf 89' lang='lat' dir='ltr'><strong>Cum</strong></span> <span class='ocrx_word' id='word_1_888' title='bbox 2737 5207 2879 5260; x_wconf 89' lang='lat' dir='ltr'><strong>enim</strong></span> <span class='ocrx_word' id='word_1_889' title='bbox 2908 5215 3084 5259; x_wconf 88' lang='lat' dir='ltr'><strong>sermo</strong></span> <span class='ocrx_word' id='word_1_890' title='bbox 3112 5200 3293 5251; x_wconf 76' lang='lat' dir='ltr'><strong>furore</strong></span> <span class='ocrx_word' id='word_1_891' title='bbox 3308 5196 3497 5268; x_wconf 60' lang='grc' dir='ltr'><strong>Ριθὲξυδ</strong></span> 
     </span>
    </p>
   </div>
   <div class='ocr_carea' id='block_1_119' title="bbox 2040 5431 3502 5516">
    <p class='ocr_par' dir='ltr' id='par_1_119' title="bbox 2040 5431 3502 5516">
     <span class='ocr_line' id='line_1_123' title="bbox 2040 5431 3502 5516; baseline 0.001 -3"><span class='ocrx_word' id='word_1_892' title='bbox 2040 5444 2148 5516; x_wconf 62' lang='grc'><strong>(⁷4)</strong></span> <span class='ocrx_word' id='word_1_893' title='bbox 2171 5444 2429 5516; x_wconf 66' lang='grc' dir='ltr'><strong>Διαφέρει</strong></span> <span class='ocrx_word' id='word_1_894' title='bbox 2452 5444 2519 5516; x_wconf 73' lang='grc' dir='ltr'><strong>δέ</strong></span> <span class='ocrx_word' id='word_1_895' title='bbox 2540 5442 2723 5516; x_wconf 69' lang='grc' dir='ltr'><strong>βυμὸς</strong></span> <span class='ocrx_word' id='word_1_896' title='bbox 2746 5440 2944 5516; x_wconf 62' lang='grc' dir='ltr'><strong>ςεριῖῆςν</strong></span> <span class='ocrx_word' id='word_1_897' title='bbox 2979 5431 3365 5516; x_wconf 52' lang='grc' dir='ltr'><strong>θιοιβηέἒκέίεθ</strong></span> <span class='ocrx_word' id='word_1_898' title='bbox 3397 5433 3502 5490; x_wconf 66' lang='grc'><strong>³³-</strong></span> 
     </span>
    </p>
   </div>
   <div class='ocr_carea' id='block_1_120' title="bbox 1970 5498 3310 5569">
    <p class='ocr_par' dir='ltr' id='par_1_120' title="bbox 1970 5498 3310 5569">
     <span class='ocr_line' id='line_1_124' title="bbox 1970 5498 3310 5569; baseline -0.012 -1"><span class='ocrx_word' id='word_1_899' title='bbox 1970 5498 2233 5569; x_wconf 70' lang='grc' dir='ltr'><strong>τυόοἰείιιο.</strong></span> <span class='ocrx_word' id='word_1_900' title='bbox 2262 5498 2446 5567; x_wconf 70' lang='lat' dir='ltr'><strong>Latine</strong></span> <span class='ocrx_word' id='word_1_901' title='bbox 2470 5498 2728 5564; x_wconf 71' lang='lat' dir='ltr'><strong>habentur</strong></span> <span class='ocrx_word' id='word_1_902' title='bbox 2755 5498 3043 5560; x_wconf 62' lang='lat' dir='ltr'><strong>i&#39;n&#39;Ca&#39;tena</strong></span> <span class='ocrx_word' id='word_1_903' title='bbox 3066 5498 3310 5553; x_wconf 83' lang='lat' dir='ltr'><strong>Barbari.</strong></span> 
     </span>
    </p>
   </div>
  </div>
