3806 6210
304 283 445 352 ιὲθθ

1338 301 1644 359 SELECTA
1680 305 1746 359 IN
1774 297 2100 358 PSALMOS.
2133 334 2198 346 —
2228 301 2417 356 PSAL.
2450 299 2515 358 II.

3385 299 3521 357 Illo

327 413 415 470 καὶ
444 413 502 465 ὲν
535 411 748 483 μάστιξι
774 418 870 482 τὰς
902 423 1190 494 ἁμαρτίας
1217 424 1414 478 αὐτῶν*
1444 424 1504 477 τὸ
1531 425 1586 478 δὲ
1616 426 1758 488 ἔλεός
1789 443 1875 496 μοι

1992 425 2298 492 dispergam
2345 421 2412 474 ab
2449 436 2533 474 eo.
2571 439 2588 471 ι
2619 419 2796 486 Quare
2843 429 2898 474 et
2937 420 3048 488 ipse
3074 417 3322 474 Christus
3372 415 3522 485 virga

325 505 386 558 οὐ
417 502 491 575 μὴ
514 502 842 558 διασκεδάσω
883 509 990 561 ἀπ’
1025 513 1209 565 αὐτοῦ.
1244 533 1262 564 ι
1297 512 1392 564 Διά
1427 512 1582 564 τοῦτο
1613 515 1705 567 καὶ
1734 513 1889 576 αὐτὸς

323 599 358 650 6
414 595 643 657 Χριστὸς
696 595 882 666 ῥάϐδος
945 597 1091 654 εἶναι
1141 603 1288 673 παρὰ
1322 601 1398 671 τῷ
1431 601 1626 671 Ἡσαΐᾳ
1657 602 1888 668 λέγεται.

328 683 482 736 Ἀλλ’
518 684 638 736 ἐπεί
679 702 820 747 τινες
851 687 910 738 ού
951 688 1158 742 δέονται
1184 692 1279 759 τῆς
1307 692 1362 741 ὲν
1390 691 1706 760 σκληρότητι
1751 692 1891 756 ἀγω-

319 771 430 838 γῆς
457 774 689 836 ἑαυτοὺς
719 775 1052 844 παρέχοντες
1076 777 1256 841 ἀξίους
1278 779 1376 846 τῆς
1397 780 1752 849 χρηστότητος
1782 778 1889 830 τῶν

319 857 708 928 θεωρημάτων
761 862 852 914 τοῦ
901 863 1095 931 λόγου,
1131 866 1223 917 καὶ
1262 866 1416 928 ἄνθος
1462 867 1609 936 παρὰ
1635 865 1711 935 τῷ
1747 867 1894 934 αύτῳ

319 952 594 1022 προφήτῃ
626 951 974 1020 ὀνομάζεταιο
1022 972 1041 1005 ι
1091 952 1450 1017 Ἐξελεύσεται
1522 954 1664 1024 γὰρ,
1719 954 1886 1023 φησὶ,

318 1037 530 1107 ῥάϐδος
562 1041 628 1092 ἐκ
660 1042 758 1111 τῆς
824 1041 977 1112 ῥίζης
1011 1044 1224 1108 Ἰεσσαῖ,
1250 1045 1340 1095 καὶ
1359 1044 1513 1106 ἄνθος
1539 1046 1600 1095 ὲκ
1618 1043 1716 1112 τῆς
1740 1043 1889 1113 ῥίζης

1988 515 2184 568 dicitur
2212 512 2278 565 ab
2301 510 2466 574 Isaia;
2495 512 2590 564 sed
2613 512 2863 578 quoniam
2891 519 3015 562 sunt
3038 507 3276 563 nonnulll
3303 505 3394 575 qui
3419 521 3522 561 non

1989 602 2228 669 indigent
2254 599 2512 667 asperiori
2536 597 2835 666 disciplina,
2859 613 2980 652 cum
3007 599 3212 664 seipsos
3237 597 3523 672 exhibeant

1991 692 2178 759 dignos
2211 689 2537 757 benignitate
2582 695 2963 755 praceptorum
3003 688 3172 748 verbi,
3218 686 3317 740 ﬂos
3358 688 3518 740 etiam

1990 781 2056 832 ab
2081 779 2266 832 eodem
2292 779 2556 846 propheta
2591 776 2919 829 nominatur.
2949 794 2967 826 ι
3007 776 3315 842 Egredietur
3345 778 3513 839 enim,

1988 868 2163 935 inquit
2191 867 2262 932 ‘3,
2295 867 2444 935 virga
2489 867 2554 920 de
2606 865 2783 918 radice
2819 863 2988 927 Jesse,
3018 875 3072 918 et
3108 862 3206 920 flos
3232 866 3298 918 de
3334 865 3517 919 radice

1988 957 2266 1018 ascendet,
2311 964 2364 1009 et
2399 955 2694 1023 requiescet
2733 969 2895 1019 super
2937 967 3058 1006 eum
3105 952 3337 1019 Spiritus
3384 951 3512 1018 Dei,

1988 1044 2206 1111 spiritus
2231 1043 2504 1112 sapientiae
2533 1054 2587 1096 et
2617 1043 2943 1106 intellectus,
2974 1043 3196 1109 spiritus
3222 1042 3436 1096 consilii
3465 1053 3520 1096 ct

314 1126 691 1196 ἀναϐήσεται,
726 1129 819 1181 καὶ
848 1130 1212 1182 ἀναπαύσεται
1243 1134 1326 1183 ἐπ’
1348 1132 1502 1184 αὐτὸν
1540 1131 1760 1200 Πνεῦμα
1797 1133 1888 1185 τοῦ

309 1215 480 1278 Θεοῦ,
523 1216 742 1287 πνεῦμα
775 1220 961 1288 σοφίας
997 1221 1090 1272 κα)⁸
1131 1220 1423 1282 συνέσεως,
1459 1221 1670 1291 πνεῦμα
1701 1221 1890 1292 βουλῆς
1927 1235 1930 1238 ’

308 1304 403 1356 καὶ
467 1305 699 1374 ἰσχύος,
741 1308 953 1378 πνεῦμα
1003 1307 1252 1376 γνώσεως
1307 1311 1398 1362 καὶ
1445 1311 1738 1373 εὐσεϐείας,
1795 1313 1888 1364 καὶ

307 1393 604 1465 ἐμπλήσει
625 1396 785 1448 αὑτὸν
810 1396 1022 1467 πνεῦμα
1053 1398 1217 1465 φόϐου
1250 1397 1401 1450 Θεοῦ.
1427 1416 1445 1447 ι
1464 1399 1683 1451 Ῥάὸδου
1710 1400 1888 1452 τοίνυν

301 1483 512 1535 δέοντα
522 1503 538 1535 ι
571 1486 959 1556 ποιμαινούσης
973 1489 1020 1539 οἱ
1036 1488 1448 1556 κτηνωδέστεροι
1473 1487 1576 1540 τῶν
1589 1488 1665 1557 τῷ
1676 1488 1791 1558 Θεῷ
1804 1489 1887 1542 διὰ

306 1573 573 1641 Χριστοῦ
622 1576 1088 1644 προσερχομένων.
1135 1575 1437 1643 Ἀναγκαῖον
1485 1577 1539 1628 δὲ
1587 1576 1887 1641 ἀκολούθως

306 1659 500 1711 σῶσαι
534 1660 658 1723 πῶς
687 1664 714 1713 6
742 1663 928 1732 Πατὴρ
956 1664 1032 1733 τῷ
1065 1663 1176 1733 Υἰῷ
1206 1681 1365 1734 φησιν
1387 1667 1414 1717 ὁ
1435 1665 1552 1727 δοὺς
1579 1667 1724 1735 αὐτῷ
1756 1666 1886 1736 κλη-

303 1750 590 1818 ρονομίαν
647 1751 715 1802 τὰ
749 1751 904 1820 ἔθνη,
954 1754 1045 1805 καὶ
1079 1755 1396 1823 κατάσχεσιν
1435 1755 1500 1807 τά
1544 1755 1754 1824 πέρατα
1788 1755 1884 1824 τῆς

294 1834 432 1903 γῆς’
475 1854 496 1886 ε
522 1835 618 1898 Ὦς
654 1837 847 1900 σκεῦος
878 1841 1155 1908 κεραμέως
1185 1842 1484 1912 συντρίψεις
1506 1833 1754 1904 αύτούς.ἱ
1791 1845 1884 1906 Τίς

293 1925 415 1994 γὰρ
457 1925 657 1977 δίδωσι
699 1927 1056 1998 κληρονομίαν
1098 1931 1188 1981 ἐπι
1227 1929 1304 1999 τῷ
1348 1931 1686 2001 συπρισῆναι
1721 1932 1884 2002 αὐτὴν

293 2015 411 2066 ὑπὸ
440 2015 551 2068 τοῦ
578 2015 1066 2086 κληρονομοῦντος;
1099 2019 1342 2072 Δεικτέον
1369 2015 1460 2074 οὖν
1479 2021 1583 2073 ἀπὸ
1610 2021 1717 2074 τῶν
1744 2024 1882 2092 Γρα-

290 2106 424 2172 φῶν
467 2105 578 2175 τὴν
609 2106 898 2176 συντρισήν
924 2125 1081 2160 τινων
1125 2109 1330 2162 κεῖσθαι
1379 2111 1463 2161 ἐπ’
1505 2112 1753 2182 ὠφελείᾳ.
1785 2113 1884 2165 Εὖ-

297 2213 488 2265 ρομεν
544 2196 613 2265 δὴ
675 2196 734 2248 ὲν
764 2196 841 2266 τῷ
899 2198 1242 2267 πεντηκοστῷ
1289 2199 1486 2270 ψαλμῷ
1521 2202 1608 2265 τὸ,
1665 2221 1684 2252 ι
1719 2203 1884 2257 Θυσία

291 2285 373 2352 τῷ
441 2284 581 2353 Θεῷ
628 2284 848 2354 πνεῦμα
893 2288 1378 2357 συντετριμμένονν
1437 2289 1660 2360 καρδίαν
1700 2309 1882 2344 συντε-

290 2374 638 2444 τριμμένην
677 2375 770 2426 καὶ
820 2377 1286 2446 τεταπεινωμένην
1329 2379 1356 2429 6
1399 2377 1528 2440 Θεὸς
1585 2379 1682 2431 οὐκ
1738 2382 1884 2444 ἐξου-

287 2463 578 2515 δενώσει’
621 2481 638 2512 ι
705 2462 798 2514 καὶ
857 2465 914 2515 ὲν
965 2465 1131 2534 ἑτέρῳ
1179 2468 1427 2538 προφήτῃ
1479 2471 1883 2538 προστακτικῶς

290 2553 618 2622 λεγόμενον
650 2554 743 2617 τὸ,
801 2572 820 2603 t
865 2555 993 2606 Ἀπὸ
1045 2555 1327 2626 συντριθῆς
1382 2558 1680 2627 πνεύματος
1735 2560 1883 2630 ὑμῶν

299 2641 626 2706 ὀλολύξετε.
658 2661 677 2692 ι
739 2641 944 2696 Οὐκοῦν
993 2643 1206 2712 πνεῦμά
1254 2646 1395 2698 ἐστιν
1432 2647 1490 2697 ὲν
1521 2649 1648 2716 ἡμῖν
1685 2649 1713 2699 δ
1765 2665 1884 2701 συν-

304 2729 508 2797 τρίψαι
565 2730 665 2792 δεῖ,
711 2731 796 2780 ἵνα
848 2729 1122 2800 συντριϐὲν
1167 2731 1381 2801 γένηται
1429 2733 1584 2786 θυσία
1625 2736 1700 2805 τῷ
1744 2737 1877 2807 Θεῷ.

304 2817 426 2869 Καὶ
479 2817 536 2867 τί
579 2817 644 2868 ἂν
684 2817 810 2870 ἄλλο
870 2817 1021 2870 τοῦτο
1064 2819 1207 2888 εἴηῆ
1256 2820 1316 2872 τὸ
1345 2825 1539 2892 χεῖρον,
1573 2825 1703 2895 ὅπερ
1737 2827 1875 2893 ὑγιὲς

1983 2824 2257 2892 fregimus.
2291 2821 2489 2876 Verum
2541 2831 2596 2874 et
2645 2823 2697 2874 in
2746 2821 2898 2875 nobis
2945 2833 3038 2873 cor
3084 2818 3348 2886 quoddam
3403 2825 3514 2880 est,

307 2906 418 2976 μὲν
476 2903 622 2959 εἶναι
682 2907 830 2959 δοκεῖ
897 2909 984 2960 ὅτε
1047 2911 1287 2978 ἐνεργεῖ·
1356 2913 1721 2983 συντέτριπται
1781 2917 1837 2969 δὲ
1862 2957 1875 2981 ,

1982 2915 2121 2982 quod
2151 2913 2459 2981 aliquando,
2489 2926 2608 2965 cum
2629 2911 2697 2964 ob
2724 2923 2976 2977 perversa
3004 2908 3251 2976 dogmata
3281 2906 3333 2959 in
3349 2920 3512 2959 unum

303 2997 401 3048 ὅτε
436 2995 593 3064 λόγῳ
625 2995 761 3048 Θεοῦ
806 2996 904 3058 τὰς
944 2996 1196 3078 δυνάμεις
1226 3001 1386 3052 αὐτοῦ
1423 3003 1875 3076 συνεθραύσαμεν.

1983 3002 2147 3057 veluti
2207 3001 2427 3053 noxium
2476 3013 2672 3065 corpus
2721 3006 3095 3065 coagmentata
3144 2993 3418 3049 efferimur
3461 3003 3516 3047 et

320 3085 498 3138 Ἀλλά
531 3085 631 3138 καὶ
661 3085 857 3155 καρδία
904 3102 988 3146 τις
1027 3089 1082 3138 ἐν
1121 3091 1251 3156 ἡμῖν
1297 3090 1524 3160 ὑπάρχει
1566 3094 1691 3145 ποτὲ
1741 3095 1875 3163 μέγα

1983 3091 2268 3161 magnifice
2293 3089 2578 3150 sentimus,
2611 3088 2874 3156 integrum
2906 3093 2959 3140 et
2989 3085 3214 3139 sublime
3238 3083 3514 3136 existima-

305 3174 620 3245 φρονοῦσιν
653 3176 746 3226 ἐπὶ
777 3175 1069 3245 μοχθηροῖς
1104 3177 1328 3246 δόγμασι
1376 3185 1875 3254 σεσωματοποιημέ-

1985 3188 2091 3233 tur.
2151 3178 2279 3230 Illud
2309 3176 2692 3230 conterendum
2741 3181 2821 3227 est
2853 3181 2910 3226 ut
2935 3173 3178 3241 deposito
3205 3185 3269 3225 eo
3293 3179 3515 3239 propter

302 3280 428 3326 νοις
463 3268 553 3324 εξς
583 3263 810 3330 ἑνότητα
850 3264 1039 3334 είρμοῦ
1075 3267 1332 3338 ὲπιϐλάδη
1362 3268 1644 3338 ὁλόκληρος
1673 3273 1875 3343 νομιζο-

1979 3269 2117 3334 quod
2148 3283 2178 3321 a
2235 3267 2340 3320 Deo
2379 3264 2796 3334 despiciebatur,
2848 3265 3071 3317 accedat
3115 3263 3182 3315 ad
3232 3260 3379 3312 illum
3421 3259 3512 3328 qui

307 3353 455 3423 μένη
483 3353 583 3406 καὶ
618 3353 906 3423 μετέωρος,
941 3353 1006 3422 ἥν
1031 3355 1320 3422 ἀναγκαῖον
1360 3361 1635 3429 συντρίψαι
1669 3363 1758 3413 καὶ
1785 3381 1875 3416 τα-

1979 3365 2284 3409 remunerat
2309 3369 2401 3410 eos
2431 3357 2522 3424 qui
2552 3356 2631 3409 sui
2665 3369 2880 3407 sensum
2913 3355 3139 3416 habent,
3172 3352 3371 3421 quique
3390 3363 3513 3420 pra-

1986 1132 2339 1195 fortitudinis,
2368 1131 2587 1200 spiritus
2621 1133 2859 1186 scientia:
2897 1141 2952 1184 et
2982 1131 3241 1198 pietatis“
3264 1140 3318 1184 et
3347 1130 3518 1199 reple-

1987 1222 2064 1275 bit
2091 1236 2210 1275 eum
2247 1222 2468 1289 spiritus
2493 1221 2700 1275 timoris
2725 1220 2842 1274 Dei.
2881 1237 2900 1272 ›
2934 1219 3184 1288 lndigent
3215 1234 3346 1288 ergo
3373 1221 3520 1288 virga

1987 1318 2239 1378 pascente
2273 1317 2541 1377 quotquot
2590 1324 2656 1364 ex
2688 1309 2754 1362 iis
2781 1309 2873 1377 qui
2941 1310 3008 1362 ad
3042 1309 3206 1361 Deum
3243 1323 3341 1377 per
3366 1307 3521 1363 Chri-

1985 1409 2126 1453 stum
2159 1399 2439 1463 accedunt,
2483 1399 2742 1468 pecudum
2795 1412 2945 1452 more
3001 1399 3205 1452 vivunt.
3259 1397 3520 1452 Caeterum

1987 1489 2330 1542 considerare
2349 1503 2480 1556 opus
2503 1496 2584 1541 est
2615 1487 2880 1556 quomodo
2904 1487 3060 1541 Pater
3087 1488 3175 1554 qui
3209 1486 3353 1541 dedit
3385 1485 3522 1540 Filio

1985 1587 2168 1647 gentes
2195 1579 2247 1630 in
2292 1577 2682 1640 hazrcditatem,
2723 1585 2776 1630 et
2817 1578 2870 1630 in
2906 1577 3301 1645 possessionem
3335 1578 3521 1629 termi-

1989 1681 2083 1720 nos
2111 1674 2292 1724 terrae.
2320 1666 2368 1719 ei
2397 1666 2540 1719 dicat
2566 1686 2577 1719 :
2607 1683 2625 1716 ι
2661 1663 2936 1733 Tanquam
2967 1678 3061 1718 vas
3101 1663 3245 1733 figuli
3283 1663 3521 1717 confrin-

1986 1768 2080 1822 ges
2113 1753 2395 1818 eos.rQuis
2425 1753 2564 1806 enim
2590 1751 2681 1804 dat
2702 1753 3092 1814 liaareditatem,
3135 1761 3193 1805 ut
3213 1762 3521 1806 conteratur

1985 1844 2051 1895 ah
2073 1843 2302 1898 luerede?
2321 1843 2716 1897 Ostendcndum
2743 1842 2904 1912 igitur
2915 1850 2996 1896 est
3022 1856 3051 1894 e
3069 1842 3363 1910 Scripturis
3386 1856 3521 1908 quo-

1983 1933 2223 1986 rumdam
2253 1918 2628 1986 contritionem
2656 1933 2776 2000 poni
2798 1943 3049 2000 tanquam
3076 1931 3278 1985 utilem.
3305 1931 3520 1986 Inveni-

1983 2039 2101 2077 mus
2122 2025 2312 2092 quippe
2345 2024 2397 2076 in
2422 2023 2860 2092 quinquagesimo
2887 2023 3090 2090 psalmo
3118 2022 3242 2075 illud
3262 2023 3340 2076 "z
3367 2039 3387 2073 ι
3419 2020 3518 2076 Sa-

1983 2112 2241 2166 crificium
2260 2111 2366 2166 Deo
2384 2113 2606 2182 spiritus
2623 2112 3028 2173 contribulatus,
3045 2125 3138 2165 cor
3157 2111 3446 2165 contritum
3465 2117 3519 2162 et

1983 2201 2315 2254 humiliatum
2337 2201 2476 2254 Deus
2499 2214 2601 2254 non
2619 2198 2895 2267 despiciet.
2919 2217 2938 2251 ι
2963 2199 3024 2252 Et
3047 2199 3113 2252 ab
3139 2199 3242 2251 alio
3263 2198 3514 2265 propheta

1980 2290 2336 2359 pra'cipiendo
2366 2290 2559 2343 dicitur
2582 2289 2710 2342 illud
2731 2288 2807 2338 ⁸ος
2835 2306 2854 2339 ι
2880 2287 2993 2340 Przn
3019 2286 3340 2339 contritione
3357 2285 3521 2353 spiri-

1984 2389 2069 2433 tus
2094 2379 2254 2432 vestri
2283 2379 2578 2432 ululabilis.
2593 2377 2853 2446 iSpiritus
2869 2391 2996 2444 ergo
3013 2377 3065 2428 in
3083 2375 3235 2428 nobis
3254 2382 3337 2428 est
3359 2387 3515 2442 quem

1983 2468 2137 2538 553
2165 2477 2440 2521 conterere
2471 2476 2706 2534 oportet,
2754 2475 2812 2519 ut
2857 2465 3120 2518 contritus
3169 2463 3261 2517 ﬁat
3304 2462 3515 2517 sacrifi-

1982 2557 2121 2609 cium
2164 2556 2296 2608 Deo.
2346 2556 2414 2609 Et
2448 2557 2571 2623 quis
2603 2555 2736 2608 alius
2777 2559 2877 2608 iste
2909 2553 3070 2607 fuerit
3097 2566 3256 2620 quam
3285 2551 3516 2605 deterior

1981 2646 2070 2712 qui
2132 2659 2292 2698 sanus
2328 2646 2538 2714 quidem
2586 2659 2703 2698 esse
2755 2645 3002 2708 videtur,
3062 2656 3183 2696 cum
3224 2650 3510 2709 operatur;

1983 2735 2280 2788 conteritur
2324 2744 2523 2798 autem,
2557 2748 2678 2787 cum
2710 2733 2876 2786 verbo
2923 2731 3016 2785 Dei
3054 2731 3197 2784 vires
3227 2729 3342 2799 ejus
3383 2743 3512 2783 con-

1918 1728 1958 1780 Β

302 3442 610 3504 πεινῶσαι,
645 3443 732 3502 ἶν’,
763 3443 931 3504 οὕτως
955 3444 1260 3514 ἀποθεμένη
1286 3447 1346 3498 τὸ
1374 3449 1464 3500 τοῦ
1496 3449 1876 3513 ἐξουθενείσθαι

301 3532 425 3583 ὑπὸ
449 3531 590 3583 Θεοῦ
623 3527 762 3582 εἶναι
786 3531 929 3594 ἀξία,
956 3532 1172 3602 γένηται
1198 3537 1253 3586 ἐν
1282 3542 1604 3608 προσαγωγῇ
1634 3539 1779 3610 παρά
1801 3541 1877 3610 τῷ

298 3617 672 3687 ἀμειϐομένω
701 3618 827 3680 τοὺς
873 3619 1222 3689 αίσθομένους
1248 3623 1467 3688 ἑαυτῶν,
1510 3627 1600 3678 καὶ
1632 3628 1879 3690 κακίζον-

299 3723 414 3768 τας
451 3706 554 3775 μὲν
593 3705 694 3774 τὴν
737 3707 977 3776 πονηρὰν
1010 3708 1185 3761 αὐτῶν
1223 3711 1474 3774 διάθεσιν,
1518 3717 1877 3784 προσφεύγον-

296 3811 415 3856 τας
435 3795 495 3846 δὲ
527 3798 595 3864 τῇ
629 3797 952 3866 χρηστότητι
983 3798 1076 3850 τοῦ
1112 3799 1270 3867 μόνου
1305 3802 1654 3871 εὐεργετῆσαι
1685 3806 1877 3869 αὐτοὺς

298 3884 619 3952 δυναμένου
655 3884 814 3936 Θεοῦ.
842 3886 1013 3954 Σαφὲς
1043 3887 1098 3938 δὲ
1131 3887 1223 3940 καὶ
1251 3890 1313 3940 ἐκ
1341 3890 1446 3941 τῶν
1475 3894 1875 3962 προειρημένων

301 3974 405 4025 val.
419 3973 503 4037 τὸ,
529 3993 548 4023 ι
597 3974 730 4026 Ἀπὸ
747 3976 1028 4045 συπριὸἦς
1047 3976 1348 4046 πνεύματος
1365 3980 1512 4049 ὑμῶν
1527 3981 1816 4048 ὀλολύξετε.
1851 4002 1870 4034 ι

303 4061 485 4116 Ὃνπε
491 4080 526 4132 ρ
542 4057 640 4118 οὖν
655 4063 852 4131 τρόπον
869 4063 1081 4132 πνεῦμα
1095 4069 1536 4136 συντετριμμένον
1551 4070 1705 4124 θυσία
1720 4090 1877 4142 προσ-

301 4151 506 4202 ακτέον
569 4149 650 4219 τῷ
695 4150 832 4218 Θεῷ,
879 4152 970 4202 καὶ
1017 4152 1237 4221 καρδίαν
1282 4157 1734 4227 συντετριμμένην
1784 4161 1876 4212 καὶ

299 4238 798 4307 τεταπεινωμένην
825 4239 901 4308 τῷ
934 4240 1110 4302 καλῶς
1157 4243 1324 4311 αὐτὴν
1367 4245 1424 4296 ὲν
1467 4245 1673 4310 τούτοις
1715 4265 1873 4316 γεγο-

301 4416 506 4485 τριδῆς
541 4413 856 4481 πνεύματος
890 4415 1336 4485 ἀναπεμπόμενον
1369 4421 1673 4487 προσίεται’
1705 4425 1870 4488 οὕτως

300 4504 612 4573 συντριὸήν
659 4519 782 4557 τινα
830 4509 1088 4574 νοήσομεν
1133 4507 1198 4574 ἢν
1245 4507 1529 4576 ἐργάζεται
1578 4513 1606 4562 ὁ
1645 4513 1873 4582 Χριστὸς

299 4595 640 4662 πειθόμενος
671 4593 751 4662 τῷ
779 4594 918 4646 δόντι
944 4595 1090 4663 αύτῷ
1113 4595 1182 4648 τά
1208 4596 1332 4666 ἔθνη
1365 4598 1741 4670 κληρονομίαν,
1779 4607 1872 4657 καὶ

1977 3463 2071 3500 vos
2102 3459 2226 3500 suos
2258 3445 2563 3513 improbant
2593 3445 2832 3506 habitus,
2864 3451 2919 3496 et
2946 3442 3258 3510 confugiunt
3301 3443 3365 3496 ad
3413 3442 3507 3494 Dei

1977 3537 2271 3591 honitatem
2320 3535 2410 3604 qui
2463 3535 2605 3589 solus
2643 3544 2821 3602 potest
2852 3535 2930 3586 eis
2965 3534 3299 3586 benefacere.
3339 3531 3511 3584 Mani—

1977 3625 2170 3678 festum
2223 3632 2304 3678 est
2353 3624 2513 3677 etiam
2539 3634 2602 3673 ex
2635 3621 2907 3689 praedictis
2940 3620 3070 3673 illud
3107 3639 3118 3672 :
3161 3639 3180 3669 ι
3235 3620 3350 3674 Prae
3383 3633 3510 3673 con-

1977 3712 2193 3766 tritione
2236 3711 2452 3778 spiritus
2470 3709 2630 3763 vestri
2655 3707 2942 3778 ululabilis.
2984 3725 3002 3758 ι
3051 3707 3508 3773 Quemadmodum

1979 3800 2142 3868 igitur
2169 3799 2388 3865 spiritus
2414 3798 2676 3850 contritus
2705 3795 3010 3848 oll'erendus
3053 3805 3137 3848 est
3181 3793 3287 3848 Deo
3337 3795 3389 3848 in
3420 3809 3509 3847 sa-

1973 3888 2256 3952 crificium,
2308 3896 2362 3940 et
2399 3901 2494 3941 cor
2546 3884 2837 3940 contritum
2870 3894 2924 3938 et
2972 3884 3310 3937 humiliatum
3363 3886 3506 3951 quod

1974 3977 2197 4046 pulchre
2231 3992 2290 4032 se
2330 3977 2383 4030 in
2419 3977 2500 4030 his
2537 3973 2782 4042 gesserit,
2827 3986 2932 4026 non
2983 3973 3211 4040 despicit
3264 3973 3420 4038 Deus,
3455 3984 3514 4029 et

1975 4065 2230 4118 ululatum
2269 4079 2376 4133 prae
2415 4065 2739 4119 contritione
2777 4064 2998 4130 spiritus
3045 4064 3299 4117 emissum
3344 4078 3509 4118 exau-

1973 4155 2079 4219 dit;
2128 4156 2208 4210 sic
2237 4156 2483 4209 contritio
2514 4156 2754 4222 quaedam
2793 4152 3134 4223 intelligenda
3181 4155 3305 4218 erit,
3344 4169 3506 4222 quam

1973 4257 2225 4316 operatur
2256 4245 2502 4298 Christus
2529 4244 2619 4311 qui
2651 4255 2707 4295 ut
2752 4243 2969 4296 obediat
2994 4241 3138 4295 Patri
3169 4259 3196 4295 a
3227 4257 3331 4311 quo
3355 4257 3509 4296 acce-

189 4354 197 4359 -
299 4328 458 4378 νέναι
494 4327 602 4377 ούκ
633 4323 898 4385 ὲξουθενεῖ
927 4329 954 4377 6
985 4327 1135 4388 Θεὸς,
1172 4328 1264 4378 καὶ
1294 4328 1580 4399 ὀλολυγμὸν
1616 4334 1720 4387 ἀπὸ
1753 4353 1872 4388 συν-

1979 4337 2044 4404 pit
2077 4341 2262 4403 gentes
2294 4332 2346 4383 in
2379 4330 2766 4390 hacreditatem,
2796 4337 2852 4382 et
2888 4330 2940 4382 in
2980 4331 3367 4398 possessionem
3400 4339 3506 4382 ter-

1969 4423 2146 4476 minos
2196 4418 2388 4481 terraz,
2425 4428 2692 4471 terrenum
2740 4425 2795 4470 et
2841 4417 3116 4470 materiale
3161 4431 3317 4470 ornne
3364 4419 3504 4484 quod

1968 4509 2144 4561 anima
2171 4513 2516 4560 contraxerat
2538 4518 2604 4557 ex
2633 4503 2913 4558 affectibus
2937 4515 2988 4558 et
3021 4504 3238 4558 malitiae
3270 4508 3510 4574 prepric-

1969 4599 2184 4660 tatibus,
2203 4597 2447 4665 quodque
2475 4609 2568 4647 eos
2597 4593 2900 4648 idololatras
2925 4604 2979 4648 et
2998 4594 3350 4649 fornicatores
3373 4594 3503 4648 effe-

299 4683 401 4750 τὴν
445 4682 786 4750 κατάσχεσιν
819 4682 885 4734 τὰ
924 4683 1129 4752 πέρατα
1175 4685 1271 4752 τῆς
1310 4686 1432 4753 γῆς,
1463 4687 1522 4738 τὸ
1555 4689 1750 4755 γεῶδες
1779 4696 1872 4746 καὶ

1979 4696 2112 4742 :erat
2144 4685 2452 4752 confringit.
2493 4684 2694 4736 Dicitur
2721 4685 2867 4737 enim
2903 4686 2956 4738 in
2987 4687 3378 4754 septuagesimo
3418 4701 3505 4740 se—

301 4771 492 4823 ὑλικὸν
510 4770 625 4822 ἀπὸ
645 4770 752 4821 τῶν
779 4771 962 4824 παθῶν
983 4773 1074 4823 καὶ
1098 4773 1204 4825 τῶν
1221 4775 1320 4841 τῆς
1346 4776 1538 4838 κακίας
1568 4778 1865 4850 ἰδιωμάτων

301 4857 750 4928 προσγενόμενον
788 4863 853 4928 τῇ
885 4860 1024 4930 ψυχῇ
1061 4856 1388 4932 συνθραύων,
1423 4864 1541 4916 καθ’
1589 4867 1617 4918 ὃ
1657 4869 1868 4923 είδωλο·

299 4946 502 5016 λάτραι
533 4943 677 5015 ἦσαν
701 4949 793 4999 καὶ
818 4947 1021 5016 πόρνοι.
1050 4951 1155 5003 Καὶ
1183 4951 1288 5019 γὰρ
1315 4951 1524 5016 λέγεται
1555 4957 1611 5006 ὲν
1639 4957 1866 5030 ἑϐδομη-

301 5035 484 5104 κοστῷ
531 5035 747 5104 ἑϐδόμῳ
799 5034 1027 5103 ψαλμὸξγ
1067 5057 1084 5088 ‹
1124 5041 1248 5090 Ὅτε
1291 5039 1604 5096 ἀπέκτεινεν
1649 5048 1862 5112 αὐτοὺς,

298 5123 421 5175 τότε
469 5123 697 5192 ἐζήτουν
751 5122 937 5182 αὐτὸν,
983 5125 1072 5176 καὶ
1102 5128 1428 5193 ἐπέστρεφον
1472 5131 1562 5180 καὶ
1601 5132 1866 5203 ὢρθριξον

299 5211 434 5276 πρὸς
470 5211 561 5265 τὸν
593 5210 751 5274 Θεὸν,
789 5209 887 5260 καὶ
933 5210 1283 5280 ἐμνήσθησαν,
1325 5213 1404 5263 ὅτι
1435 5216 1462 5267 6
1493 5217 1625 5280 Θεὸς
1675 5221 1866 5292 βοηθὸς

288 5296 468 5357 αὐτῶν
505 5305 650 5363 ἐστι,
686 5298 786 5350 καὶ
831 5297 861 5344 6
909 5296 1032 5359 θεὸς
1063 5303 1088 5351 ὁ
1119 5302 1340 5368 ὕψιστος
1374 5301 1644 5374 λυτρωτὴς
1685 5314 1866 5368 αὐτῶν

277 5381 434 5449 ἐστιν,
483 5413 506 5446 ρ
547 5389 669 5443 οὐκ
693 5385 906 5439 ἄτοπον
930 5384 1097 5440 τοίνυν
1123 5389 1180 5439 τὸ
1207 5385 1388 5450 οὕτως
1415 5391 1854 5469 ἀποκτίννυσθαι,

1970 4776 2136 4844 ptimo
2166 4775 2368 4842 psalmo
2389 4773 2432 4805 ⁸⁸
2467 4789 2480 4824 :
2518 4789 2537 4821 ι
2570 4772 2704 4824 Cum
2735 4772 3008 4829 occideret
3035 4785 3148 4835 eos,
3191 4772 3503 4840 quaerebant

1969 4879 2114 4927 eum,
2162 4875 2214 4917 et
2267 4869 2691 4936 revertebantur,
2737 4881 2792 4924 et
2829 4868 3062 4923 diluculo
3108 4870 3397 4922 veniebant
3436 4869 3500 4919 ad

1971 4957 2158 5023 Deum,
2184 4967 2238 5011 et
2267 4965 2600 5016 rememorati
2630 4973 2754 5017 sunt
2806 4968 2946 5032 quod
2981 4967 3119 5021 Deus
3149 4964 3361 5031 adjutor
3409 4978 3502 5016 eo-

1973 5061 2087 5098 rum
2136 5056 2238 5112 est,
2264 5059 2320 5102 et
2349 5049 2484 5104 Deus
2521 5053 2764 5106 excelsus
2794 5055 3098 5122 redemptor
3118 5068 3302 5109 eorum
3328 5061 3428 5105 est.
3476 5068 3496 5101 ι

1969 5133 2083 5187 Νοη
2126 5135 2288 5204 igitur
2319 5139 2604 5193 absurdum
2639 5152 2722 5195 est
2765 5144 2834 5194 ita
2875 5144 3068 5204 occidi,
3124 5153 3286 5208 atque
3325 5149 3382 5191 ut
3408 5155 3502 5193 vas

1971 5225 2112 5292 figuli
2149 5229 2368 5280 conteri.
2405 5230 2538 5282 Nam
2567 5243 2878 5298 peccatores
2901 5268 2916 5292 ,
2949 5241 3212 5297 quatenus
3251 5237 3499 5295 peccato-

1970 5327 2074 5376 res,
2101 5323 2158 5366 ut
2198 5315 2272 5366 ait
2303 5318 2562 5386 prepheta
2592 5317 2850 5370 Jeremias
2889 5316 2959 5380 ⁸³,
2990 5331 3086 5370 ceu
3118 5330 3240 5369 vasa
3265 5323 3502 5374 testacea

1966 5419 2129 5471 opera
2169 5421 2419 5460 manuum
2463 5408 2606 5475 ﬁguli
2640 5405 2866 5473 reputati
2889 5415 3033 5458 sunt.

301 5564 360 5606 ⁸ο
387 5568 528 5633 Issi.
566 5574 647 5622 ιι,
685 5555 704 5606 ί
735 5560 791 5605 ει
827 5563 974 5616 σοιιτιι
1054 5557 1197 5610 "Ps.
1233 5571 1288 5618 ιι,
1327 5557 1409 5611 19.
1482 5563 1680 5619 "lsai.
1723 5584 1855 5642 va,

2045 5577 2085 5608 "
2124 5577 2208 5632 Ps.
2253 5592 2455 5644 Luvn,
2483 5579 2567 5633 54.
2643 5578 2684 5608 δ’
2708 5585 2902 5628 Jerem.
2938 5588 3008 5640 tr,
3038 5574 3089 5634 2.
