3806 6250
214 277 322 402 Ψδ
340 401 346 402 ,
1310 341 1611 398 SELECTA
1647 342 1711 396 IN
1742 341 1850 397 PSA

1946 341 2072 398 108.
2107 374 2175 383 —
2197 345 2388 402 PSAI..
2422 347 2485 401 ll.
3341 345 3473 400 lli-5

213 393 843 554 Σῖὲξεῖομέἴους
860 461 879 475 ⁶
923 448 1326 554 eodem.“
1351 455 1399 554 ei
1424 455 1665 522 ἐγένοντο
1692 453 1850 554 πυρί-

1954 454 2143 510 Isaiam
2191 458 2392 511 dicitur
2416 459 2464 491 “
2500 475 2516 512 :
2563 475 2584 509 ι
2616 457 2828 521 Volent.
2856 459 2898 512 si
2933 458 3053 528 igne
3079 458 3337 514 combusti
3361 456 3478 511 fue-

523 530 547 562 ι
591 524 709 577 καὶ
736 534 895 597 τοὺς
920 539 1246 609 εὐχομένους
1269 543 1404 596 κατά
1434 544 1523 596 τὸν
1567 543 1848 614 Ἱερεμίαν,

1948 544 2080 609 rint,
2140 563 2160 596 ι
2206 553 2261 599 et
2309 546 2428 601 illos
2471 549 2562 615 qui
2624 547 2908 602 secundum
2956 524 3247 602 deremiam
3279 556 3470 606 orant.

292 622 302 636 '
349 622 681 670 “‘“m‘i'
756 635 779 667 α
836 622 1147 679 Παίδευσον
1181 630 1348 698 ἡμᾶς,
1395 629 1583 697 Κύριε,
1615 629 1749 698 πλὴν
1794 631 1850 681 ὲν

292 677 425 734 ίσει.
459 694 561 734 nul
611 701 697 734 ua.
733 708 802 734 ι..
839 711 1002 734 αηλ-
1065 717 1110 734 οι,
1223 717 1239 734 ι
1298 717 1366 734 ,υ
1530 721 1542 734 .
1609 720 1635 734 ..
1807 719 1820 734 .

1947 643 2000 687 et
2037 634 2218 687 dicunt
2250 636 2296 667 ⁵⁸
2323 651 2339 688 :
2382 653 2402 686 ι
2432 636 2654 703 Corripe
2676 650 2794 700 nos,
2826 637 3063 700 Domine,
3095 645 3470 690 verumtamen

194 694 569 792 ὥρισειοέξιὶ
611 701 700 792 μὴ
732 708 803 760 ὲν
839 711 1033 784 θυμῷ,
1065 717 1149 769 ἵνα
1288 694 1497 785 ὀλίγουέ
1520 720 1666 789 ἡμᾶς
1705 694 1850 786 ίτοιή·

1948 722 2000 777 in
2030 722 2255 791 judicio,
2281 734 2336 778 et
2364 739 2466 778 non
2522 694 2603 778 in.
2629 723 2833 787 furore,
2862 733 2919 778 ut
2949 740 3055 779 non
3085 740 3280 792 paucos
3306 724 3474 777 facias

208 792 353 857 ρης.
388 798 411 832 ι
437 781 531 881 Τά
556 791 679 864 γὰρ
707 781 968 858 ἐπίπονα
985 781 1089 858 *καὶ
1112 781 1188 860 τὰ.
1210 781 1847 879 σιροδρότεραψπαραιτούξ-

1947 824 2065 864 nos.
2105 830 2123 859 ι
2157 811 2307 867 Licet
2333 812 2475 866 enim
2498 812 2890 866 vehementiam
2931 821 2986 866 et
3013 813 3355 866 acerbitatem
3385 813 3472 866 ni-

240 888 430 949 ιιενοις
461 873 568 940 τὰς
602 883 884 952 κολάσεις
928 894 991 945 οὐ
1040 892 1216 963 πάντη
1256 878 1637 963 παραιτοῦνται
1680 895 1745 947 δι’
1776 888 1849 947 ὧν

254 966 540 1038 λέγουσιν.
578 972 1021 1051 Ἐπιστήσωμεν
1047 981 1103 1033 δὲ
1130 983 1179 1033 εί
1223 983 1296 1052 μὴ
1328 982 1434 1035 τῶν
1462 983 1716 1045 ἑκουσίως
1757 998 1849 1035 κο-

272 1060 591 1131 λαζομένων
634 1063 790 1118 ἐστὶν
830 1071 865 1137 ἡ
897 1068 1129 1137 λέγουσα
1153 1072 1336 1139 φωνή·
1374 1089 1392 1120 ι
1434 1070 1626 1140 Ὀργὴν
1649 1070 1848 1140 Κυρίου

272 1153 517 1217 ὑποισω,
545 1154 629 1208 ὃτι
659 1155 915 1228 ἥμαρτον
948 1160 1113 1228 αὐτῷ,
1147 1159 1250 1221 ἓως
1271 1160 1362 1212 τοῦ
1388 1160 1668 1214 δικαιῶσαι
1692 1159 1849 1212 αὐτὸν

268 1242 378 1311 τὴν
409 1243 572 1313 δίκην
602 1259 724 1312 μου.
763 1262 784 1296 ι
827 1246 981 1314 Τάχα
1012 1243 1103 1300 οὗν
1128 1248 1219 1299 καὶ
1251 1250 1298 1299 oi
1326 1249 1596 1315 κρίνοντες
1626 1247 1720 1317 τὴν
1748 1247 1849 1315 γῆν

263 1333 333 1384 οὐ
374 1332 865 1401 παιδευθήσονται,
906 1334 1001 1388 ἐὰν
1040 1335 1113 1404 μὴ
1142 1337 1364 1398 ἑαυτοὺς
1388 1336 1464 1405 τῷ
1512 1335 1847 1389 παιδεύεσθαι

261 1421 632 1491 παραδῶσιν.
700 1423 917 1491 Ἐπειδὴ
967 1424 1022 1476 δὲ
1074 1425 1265 1494 μᾶλλον
1316 1422 1732 1494 προσετιθέμεθα
1772 1422 1849 1492 τῷ

257 1510 540 1579 βασιλεῖς
587 1508 729 1564 εἶναι
780 1513 907 1574 τοὺς
953 1514 1044 1566 επὶ
1094 1514 1192 1583 τὴν
1234 1513 1444 1566 σύνεσιν
1493 1512 1848 1581 καλουμένους

252 1599 498 1666 ἁγίους,
538 1599 675 1668 φέρε
697 1598 1086 1669 παραπλησίως
1106 1600 1298 1669 ῐδωμεν
1318 1601 1407 1653 καὶ
1428 1602 1549 1661 τοὺς
1574 1601 1849 1670 κρίνοντας

250 1689 372 1758 τὴν
406 1689 546 1755 γῆν.
580 1688 739 1739 Ἷδιον
761 1687 817 1739 δὲ
846 1686 1001 1739 τοῦτο
1019 1687 1124 1740 τῶν
1161 1688 1327 1755 ἁγίων
1356 1689 1694 1759 εὑρίσκομεν,
1726 1690 1845 1758 κρί-

1949 900 2106 953 miam
2161 912 2436 968 pinnarum
2488 907 2758 964 recusent,
2801 913 2985 969 ptenas
3038 910 3211 954 tamen
3255 902 3474 954 omnino

1948 1002 2061 1041 non
2096 998 2365 1043 recusant.
2404 990 2810 1044 Consideremns
2859 997 3031 1043 autem
3073 1003 3247 1043 annon
3290 1003 3472 1043 eorum

1947 1078 2040 1144 qui
2082 1087 2268 1145 sponte
2295 1079 2603 1146 puniuntur.
2637 1078 2708 1131 sit
2740 1079 2852 1133 haec
2873 1093 2972 1132 vox
3008 1079 3054 1111 “
3085 1095 3101 1134 :
3135 1096 3154 1130 ι
3196 1078 3333 1131 Iram
3367 1078 3473 1131 Do-

1947 1164 2075 1217 mini
2111 1166 2352 1232 portabo,
2387 1167 2636 1234 quoniam
2686 1167 2897 1234 peccavi
2941 1166 3010 1229 ei,
3047 1168 3216 1221 donec
3257 1178 3472 1220 causam

1947 1266 2115 1306 meam
2161 1252 2383 1320 iudicet.
2424 1271 2442 1305 ι
2479 1253 2745 1309 Fortassis
2800 1255 2962 1323 igitur
3000 1262 3053 1310 et
3096 1255 3187 1323 (ιυί
3237 1255 3474 1322 indicant

1946 1346 2162 1401 terram,
2194 1353 2297 1391 non
2322 1340 2653 1403 erudicntur,
2684 1340 2782 1394 nisi
2813 1341 3015 1409 seipsos
3037 1340 3329 1409 disciplinae
3367 1349 3474 1394 tra-

1945 1425 2195 1480 diderint.
2227 1426 2487 1491 Quoniam
2516 1439 2645 1481 vero
2670 1427 2820 1482 nobis
2851 1429 3018 1496 magis
3043 1427 3288 1495 placebat
3325 1441 3474 1497 reges

1945 1524 2060 1567 esse
2079 1522 2294 1568 sanctos
2315 1514 2407 1581 qui
2445 1514 2512 1567 ad
2546 1514 2885 1582 prudentiam
2921 1515 3239 1578 invitantur,
3267 1528 3384 1583 age,
3408 1516 3475 1569 si-

1945 1601 2055 1654 mili
2073 1601 2228 1656 modo
2250 1602 2651 1659 consideremus
2673 1604 2833 1657 etiam
2859 1616 2954 1659 eos
2981 1603 3070 1670 qui
3108 1603 3347 1670 iudicant
3366 1611 3474 1657 ter-

1946 1690 2194 1745 ramJloe
2209 1701 2384 1745 autem
2405 1692 2703 1746 invenimus
2716 1693 2986 1760 proprium
3001 1706 3121 1747 esse
3140 1700 3474 1755 sanctorum,

248 1793 386 1828 νειν
411 1775 487 1827 δι’
524 1768 603 1828 ὧν
639 1772 701 1828 εὖ
737 1776 1084 1845 πεποιήκασι,
1132 1778 1256 1839 τοὺς
1294 1778 1368 1847 μὴ
1412 1777 1478 1830 τὰ
1521 1778 1678 1847 ὃμοια
1721 1778 1842 1848 ἐζη-

1946 1785 2002 1829 υι
2037 1790 2130 1843 per
2170 1793 2264 1831 sua
2298 1788 2442 1832 recte
2485 1778 2623 1832 facta
2651 1751 2891 1844 judicent
2912 1795 3005 1834 eos
3033 1781 3123 1848 qui
3149 1781 3331 1834 eadem
3366 1751 3469 1834 non

246 1862 554 1926 λωκότας.
591 1883 609 1913 ι
652 1864 874 1933 Ἀνδρες
912 1884 931 1915 ι
970 1864 1076 1934 γὰρ
1105 1883 1124 1915 (
1148 1865 1421 1917 Νινευῖται
1458 1865 1840 1935 ἀναστήσονται

246 1953 321 2003 ἑν
368 1955 448 2021 τῇ
489 1952 677 2021 κρίσει
712 1954 806 2005 καὶ
846 1952 1224 2021 κατακρινοῦσι
1251 1955 1375 2016 τοὺς
1413 1953 1722 2023 ἀνθρώπους
1747 1954 1843 2021 τῆς

244 2043 480 2107 γενεᾶς
498 2041 728 2110 ταύτης,
748 2042 832 2093 ὅτι
856 2041 1178 2111 μετενόησαν
1194 2044 1273 2103 είς
1295 2041 1354 2093 τὸ
1381 2043 1634 2112 κήρυγμα
1672 2044 1839 2106 Ἰωνᾶ,

246 2128 369 2180 καὶ
417 2128 535 2180 ἰδοὺ
574 2127 759 2180 πλεῖον
798 2129 950 2181 Ἰωνᾶ
970 2123 1093 2193 ὦδε,
1129 2148 1148 2180 ι
1191 2131 1351 2199 φησιν
1379 2132 1406 2182 6
1433 2131 1637 2200 Σωτήρ.
1690 2130 1844 2182 Ἀλλά

248 2215 368 2267 καὶ
414 2233 433 2264 ι
464 2214 760 2283 βασίλισσα
796 2216 947 2268 νότου
987 2217 1337 2287 ἐγερθήσεται
1368 2219 1425 2268 ὲν
1447 2221 1511 2287 τῇ
1537 2218 1730 2287 κρίσει,
1752 2219 1844 2269 καὶ

247 2309 619 2374 κατακρινεῖ
645 2305 771 2368 τοὺς
801 2305 1116 2375 ἀνθρώπους
1150 2308 1249 2376 τῆς
1275 2309 1463 2374 γενεᾶς
1499 2307 1717 2376 ταύτης,
1761 2308 1842 2359 ὅτι

244 2393 447 2467 ἦλθεν
484 2397 600 2449 ἀπὸ
642 2396 753 2449 τῶν
789 2398 1040 2466 περάτων
1080 2397 1176 2464 τῆς
1216 2395 1316 2464 γῆς
1358 2394 1581 2449 ἀκοῦσαι
1622 2396 1716 2463 τῆς
1754 2412 1842 2447 σο-

250 2487 415 2553 φίας
441 2484 814 2554 Σολομῶντος,
847 2485 941 2537 καὶ
971 2483 1077 2536 ίδοὺ
1113 2484 1291 2536 πλεῖον
1315 2483 1647 2550 Σολομῶντος
1668 2477 1787 2534 ὧδε.
1816 2502 1836 2534 ι

253 2572 501 2625 Οὐκοῦν
540 2573 824 2624 Νινευῖται
859 2573 948 2625 καὶ
987 2576 1021 2641 ἡ
1062 2571 1340 2639 βασίλισσα
1382 2571 1527 2623 νότου
1569 2571 1675 2622 τῶν
1724 2587 1843 2640 κρι-

254 2660 487 2712 νόντων
530 2659 643 2711 εἰσὶ
676 2659 804 2720 τοὺς
836 2658 930 2710 τοῦ
971 2657 1218 2729 Σωτῆρος
1263 2657 1612 2719 ἀκούσαντας,
1643 2657 1734 2709 καὶ
1769 2657 1842 2725 μὴ

260 2747 722 2818 μεταϐαλόντας,
751 2749 846 2799 καὶ
881 2747 1005 2809 τοὺς
1034 2746 1535 2816 καταφρονήσαντας
1568 2746 1663 2814 τῆς
1700 2744 1842 2796 διδα-

258 2835 522 2897 σκαλίας
568 2834 767 2904 Ἰησοῦ.
803 2835 953 2903 Τάχα
994 2835 1049 2887 δὲ
1076 2834 1242 2896 οὕτως
1283 2835 1372 2886 καὶ
1399 2834 1447 2885 oi
1481 2833 1575 2885 τοῦ
1613 2832 1842 2901 Χριστοῦ

258 2925 584 2979 ἀπόστολοι
631 2924 873 2995 κρινοῦσι
912 2924 1008 2985 τὰς
1043 2923 1244 2975 δώδεκα
1281 2922 1448 2989 φυλὰς
1491 2921 1583 2974 τοῦ
1637 2920 1844 2991 Ἰσραὴλ

1938 1872 2061 1917 sunt
2077 1865 2327 1921 aemulati.
2354 1864 2483 1918 Nam
2507 1883 2526 1915 ι
2545 1865 2642 1918 viri
2665 1864 2911 1920 Ninivitat
2933 1876 3158 1936 surgent
3176 1869 3226 1921 in
3250 1868 3468 1934 judicio,

1938 1964 1991 2008 et
2015 1954 2439 2010 condemnabunt
2454 1954 2611 2024 555
2639 1957 2877 2010 homines
2916 1959 3274 2025 generationis
3293 1958 3468 2026 huius,

1939 2042 2060 2109 quia
2097 2044 2459 2110 paenitentiam
2502 2053 2725 2112 egerunt
2769 2045 2822 2098 in
2882 2046 3248 2112 praedicatione
3292 2046 3469 2112 Jonm,

1939 2139 1991 2183 et
2017 2145 2141 2184 ecce
2158 2129 2277 2197 plus
2303 2144 2460 2198 quam
2485 2131 2647 2186 Jonas
2676 2133 2784 2196 hic,
2817 2151 2836 2184 ι
2872 2134 3044 2200 inquit
3068 2132 3331 2187 Salvator.
3362 2133 3466 2190 Sed

1939 2222 1992 2266 et
2028 2231 2046 2264 t
2081 2214 2260 2281 regina
2297 2216 2465 2268 austri
2505 2226 2688 2284 surget
2713 2219 2764 2271 in
2786 2217 3468 2284 judicio,etcondemuabit

1941 2301 2182 2356 homines
2195 2305 2548 2371 generationis
2562 2308 2736 2374 hujus,
2750 2308 2874 2374 quia
2891 2308 3036 2361 venit
3054 2322 3085 2360 a
3103 2308 3297 2362 finibus
3313 2316 3470 2365 terra:

1939 2392 2123 2445 audire
2167 2393 2483 2460 sapientiam
2531 2393 2864 2460 Salomonis,
2892 2406 2948 2449 et
2987 2410 3113 2451 ecce
3155 2397 3268 2464 plus
3306 2408 3467 2466 quam

1942 2477 2187 2534 Salomon
2217 2481 2378 2534 hic”.
2416 2499 2436 2531 ι
2463 2480 2707 2536 Ninivitae
2728 2482 2890 2550 igitur
2924 2492 2978 2538 et
2999 2484 3176 2551 regina
3207 2486 3377 2539 austri
3401 2500 3467 2541 ex

1941 2581 2122 2621 eorum
2147 2582 2369 2623 numero
2399 2577 2523 2622 sunt
2562 2570 2651 2636 qui
2680 2568 2999 2636 indicabunt
3026 2585 3119 2625 eos
3158 2571 3246 2637 qui
3289 2574 3470 2628 audito

1943 2652 2217 2708 Salvatore
2250 2656 2316 2709 ad
2344 2657 2615 2711 meliorem
2656 2658 2857 2726 frugem
2892 2674 2997 2712 non
3024 2673 3083 2712 se
3130 2670 3464 2728 receperunt,

1942 2743 2030 2797 sed
2067 2744 2364 2798 doctrinam
2393 2744 2515 2799 Jesu
2540 2756 2993 2816 contempserunt.
3017 2748 3105 2803 Sic
3124 2750 3285 2803 etiam
3332 2750 3470 2804 forte

1940 2832 2133 2885 Christi
2168 2833 2390 2900 apostoli
2424 2834 2734 2902 judicabunt
2765 2834 3041 2889 duodecim
3083 2837 3252 2891 tribus
3286 2837 3468 2902 Israel,

1941 2934 2056 2986 qua:
2085 2934 2186 2971 non
2217 2918 2268 2971 in
2299 2934 2418 2972 eum
2458 2921 2819 2974 crediderunt.
2852 2920 2915 2974 Et
2957 2923 3010 2974 in
3044 2923 3294 2976 universa
3325 2932 3463 2976 terra

263 3013 355 3083 μὴ
391 3011 766 3074 πιστευούσας
805 3012 884 3074 είς
922 3011 1014 3063 τὸν
1046 3011 1295 3080 Χριστόν.
1331 3010 1438 3062 Καὶ
1469 3011 1643 3064 πᾶσαν
1667 3009 1841 3079 δὲτὴν

1946 3007 2172 3075 dispersi
2220 3022 2315 3075 per
2361 3008 2547 3062 orbem
2595 3008 2902 3062 universum
2948 3008 3129 3063 ﬁdeles
3174 3010 3365 3079 singuli
3414 3012 3469 3064 in

259 3103 381 3171 γῆν
406 3100 461 3152 οἱ
498 3102 559 3152 ὲν
596 3099 746 3169 πάσῃ
780 3101 843 3167 τῇ
874 3100 943 3167 γῇ
979 3096 1387 3157 πεπιστευκότες
1417 3095 1686 3164 κρινοῦσιν
1717 3095 1842 3146 ’ἑκα-

264 3207 397 3243 στοι
436 3190 552 3241 τῶν
598 3189 656 3239 ὲν
704 3187 858 3257 μέρει
894 3187 1020 3249 τοὺς
1075 3187 1190 3236 ἐκεῖ
1232 3186 1507 3248 ἀπίστους.
1540 3184 1846 3255 Παρακαλεϊ

261 3280 465 3332 τοίνυν
500 3279 531 3328 6
564 3277 726 3344 λόγος
754 3277 880 3337 τοὺς
912 3275 1195 3343 κρίνοντας
1238 3274 1331 3343 τὴν
1360 3275 1461 3342 γῆν
1495 3274 1584 3326 ἐπὶ
1607 3274 1701 3344 τὴν
1732 3272 1849 3327 παί-

262 3369 465 3420 δευσιν
521 3366 623 3434 τὴν
670 3365 810 3417 κατά
852 3363 1142 3433 παράδοσιν
1187 3364 1510 3432 ἐπιστήμης,
1565 3362 1639 3423 ὼς
1680 3362 1771 3413 καί
1818 3362 1847 3413 6

224 3454 544 3525 ’Σολομῶν
599 3456 660 3506 ἐν
703 3455 824 3514 ταῖς
860 3454 1199 3519 Παροιμίαις
1223 3453 1313 3504 ἐπὶ
1359 3452 1419 3502 τὸ
1465 3450 1594 3503 αὐτὸ
1639 3449 1843 3515 λέγων·

273 3564 297 3595 ι
327 3544 552 3599 Λάϐετε
576 3543 845 3606 παιδείαν,
868 3543 961 3594 καὶ
983 3541 1057 3611 μὴ
1076 3540 1349 3612 ἀργύριον,
1370 3540 1463 3593 καὶ⁸
1488 3539 1680 3607 γνῶσιν
1709 3537 1845 3607 ὑπὲρ

266 3635 513 3706 χρυσίον
536 3632 1016 3701 δεδοκιμασμένον.
1054 3649 1072 3681 ι

356 3747 478 3801 Τοῦ
522 3743 738 3797 αὐτοῦ.
775 3744 845 3794 Ἦ
885 3741 1037 3794 καλεῖ
1072 3741 1265 3801 αὐτοὺς
1290 3741 1369 3801 εἰς
1416 3738 1711 3807 μετάνοιαν,
1758 3735 1849 3787 καὶ

268 3837 532 3901 βασιλεῖς
577 3832 757 3893 καλεῖ,
806 3833 885 3892 εἰς
929 3831 1062 3898 ὅπερ
1091 3825 1235 3897 εἶχον
1283 3826 1496 3894 ἀξίωμα
1541 3825 1848 3893 ἀνατρέχειν

264 3925 516 3977 πείθων.
562 3920 764 3972 Σύνετε
795 3914 907 3980 οὖν,
939 3912 983 3969 ὦ
1019 3916 1269 3984 βασιλεῖς,
1309 3912 1395 3966 διά
1426 3912 1481 3965 τί
1523 3928 1611 3980 μοι
1648 3911 1847 3963 δέδοται

265 4016 353 4068 τὰ
374 4014 512 4082 ἔθνη
545 4008 900 4079 κληρονομία.

353 4200 749 4254 Δουλεύσατε
773 4194 854 4259 τῷ
875 4195 1067 4261 Κυρίῳ
1085 4193 1154 4245 ἐν
1173 4194 1347 4259 φόϐῳ,
1371 4191 1467 4245 καὶ
1483 4191 1843 4259 ἀγαλλιᾶσθε

266 4289 449 4353 αὐτῷ
475 4289 549 4341 ἐν
579 4288 796 4353 τρόμῳ,
833 4301 887 4336 κ.
909 4299 960 4335 τ.
996 4284 1041 4335 ὲ.
1071 4281 1218 4344 Δόξει
1255 4281 1350 4350 μέν
1379 4297 1515 4334 τισιν
1541 4281 1646 4349 (79)
1675 4283 1702 4333 6
1728 4281 1844 4333 δου-

263 4379 457 4433 λεύων
487 4378 719 4436 πάντως
742 4373 925 4435 δοῦλος
950 4369 1105 4435 εἶναι,
1139 4372 1231 4423 καὶ
1264 4370 1490 4440 μάλιστα
1518 4369 1698 4423 ὲνθάδε
1723 4371 1843 4421 ἐπεὶ

263 4468 611 4539 πρόσκειται
636 4464 731 4525 τὸ,
777 4480 795 4511 (
836 4463 894 4513 ὲν
937 4459 1104 4530 φάΰῳ,
1148 4479 1167 4511 ι
1204 4459 1297 4511 τοῦ
1329 4458 1600 4528 εἰληφότος
1635 4457 1844 4527 πνεῦμα

261 4555 530 4617 δουλείας
556 4553 717 4612 ὄντος
769 4568 788 4600 ε
824 4551 880 4600 ὲν
926 4549 1091 4617 φόὸῳ.
1120 4565 1139 4597 ι
1163 4548 1270 4599 Καὶ
1295 4548 1354 4599 οὐ
1378 4547 1581 4615 ψευδῶς
1599 4563 1659 4613 γε
1686 4546 1841 4609 δόξει.

263 4644 517 4698 Δύναται
559 4641 621 4693 δὲ
670 4640 766 4691 καὶ
806 4640 835 4689 ὁ
881 4638 990 4698 υἱὸς
1027 4635 1312 4687 δουλεύειν.
1361 4635 1467 4687 Καλ⁵
1512 4636 1572 4686 οὐ
1619 4635 1773 4704 μόνος
1816 4636 1845 4686 ὁ

261 4731 448 4801 φὸὗος
468 4730 652 4790 αἴτιος
673 4725 769 4779 τοῦ
794 4724 1058 4778 δουλεύειν
1077 4723 1346 4791 τυγχάνει,
1370 4722 1500 4774 ἀλλά
1525 4723 1617 4774 καὶ
1636 4722 1838 4791 ἀγάπη.

260 4819 385 4873 Διὰ
406 4820 503 4889 τῆς
533 4815 765 4883 ἀγάπης
781 4813 912 4880 γοῦν
935 4815 964 4864 6
995 4811 1305 4871 Ἀπόστολος
1326 4810 1558 4861 διδάσκει
1581 4808 1840 4863 δουλεύειν

256 4906 431 4975 ἡμᾶς
458 4901 741 4971 ἀλλήλοις.
781 4898 939 4950 ’Λλλά
964 4899 1057 4949 καὶ
1079 4898 1235 4960 αὐτὸς
1258 4899 1286 4948 6
1320 4896 1504 4966 Σωτὴρ
1524 4897 1614 4949 καὶ.
1640 4897 1839 4966 Κύριος

258 4991 440 5064 ἡμῶν
478 4992 719 5059 γέγονεν
759 4988 817 5040 ἰν
855 4988 1003 5057 μέσῳ
1029 4987 1133 5040 τῶν
1165 4986 1415 5056 μαθητῶν
1446 4987 1605 5038 αὐτοῦ
1644 4989 1741 5057 οὐχ
1765 4988 1840 5051 ὡς

256 5080 668 5150 ἀνακείμενος,
705 5076 818 5129 ἀλλ’
847 5080 924 5136 ὡς
966 5079 994 5128 6
1024 5074 1298 5134 διακονῶν,
1338 5074 1594 5127 δουλεύων
1634 5076 1727 5127 καὶ
1758 5077 1834 5129 νί⁸

258 5182 434 5219 πτων
463 5167 603 5227 τοὺς
645 5162 813 5224 πόδας
851 5160 1046 5213 αὐτῶν.
1081 5160 1189 5212 Καὶ
1231 5159 1451 5210 οὐδέπου
1494 5159 1660 5212 ταῦτα
1694 5162 1840 5231 φόϐῳ

259 5253 505 5321 θεμιτὸν
547 5252 716 5305 αὐτὸν
743 5249 1125 5319 πεποιηκέναι·
1167 5246 1333 5313 σαφὲς
1374 5246 1501 5316 γὰρ,
1539 5248 1620 5300 ὅτι
1652 5250 1835 5321 ἀγάπῃ

1948 3095 2163 3162 regione
2192 3110 2288 3149 sua
2320 3095 2636 3163 iudicabunt
2683 3110 2777 3149 eos
2803 3097 2895 3164 qui
2937 3096 3045 3154 illic
3085 3112 3190 3151 non
3228 3099 3469 3153 credunt.

1947 3181 2054 3235 Eos
2079 3182 2242 3250 igitur
2272 3183 2361 3250 qui
2399 3192 2591 3236 terram
2611 3183 2878 3250 judicent,
2905 3186 3155 3239 hortatur
3184 3201 3361 3242 sermo
3401 3189 3470 3240 ad

1944 3271 2273 3339 disciplinam
2296 3287 2412 3339 quas
2443 3272 2677 3325 scientize
2710 3274 2990 3327 traditione
3016 3285 3243 3337 constat,
3276 3289 3466 3343 quem.

1942 3359 2223 3412 admodum
2259 3359 2506 3413 Salomon
2556 3360 2607 3413 in
2669 3358 2958 3413 Proverbiis
3006 3361 3059 3413 in
3116 3360 3258 3416 hunc
3299 3362 3470 3431 ipsum

1946 3460 2155 3500 sensum
2196 3448 2269 3500 ait
2302 3447 2346 3478 ⁵⁸
2381 3468 2393 3502 :
2434 3465 2453 3498 (
2496 3449 2738 3516 Accipite
2769 3448 3124 3516 disciplinam,
3155 3459 3209 3503 et
3249 3465 3352 3503 non
3381 3464 3465 3503 ar-

1945 3544 2161 3602 gentum
2184 3571 2201 3599 ,
2237 3543 2292 3590 et
2323 3535 2600 3589 scientiam
2634 3536 2801 3603 magis
2848 3550 3009 3603 quam
3044 3551 3234 3590 aurum
3274 3539 3469 3607 proba-

1953 3630 2086 3675 tum.
2109 3640 2128 3673 ι

2021 3730 2292 3798 Ejusdem.
2320 3731 2416 3786 Vel
2458 3732 2645 3785 invitat
2687 3731 2831 3798 ipsos
2871 3733 2937 3785 ad
2980 3733 3370 3799 pmnitentiam,
3417 3735 3472 3788 οι

1947 3833 2103 3887 rcges
2147 3827 2325 3882 vocat,
2372 3820 2601 3873 suadens
2645 3830 2703 3873 ut
2755 3828 3090 3873 revertantur
3139 3821 3206 3873 ad
3245 3820 3472 3890 dignits~

1947 3917 2050 3961 tem
2100 3922 2261 3975 quam
2335 3908 2654 3962 habuerunt.
2707 3907 2989 3976 luteiligite
3050 3907 3245 3975 igitur,
3301 3923 3335 3959 ο
3386 3922 3473 3962 τοι

1945 4010 2071 4062 ges,
2114 3995 2181 4049 ad
2218 3995 2346 4063 quid
2391 3995 2518 4049 mibi
2563 3995 2698 4051 datm
2729 3997 2839 4051 sint
2874 4005 3059 4064 gentes
3080 3996 3135 4048 in
3187 3996 3470 4050 haeredita-

1948 4094 2072 4137 tem.

2021 4192 2182 4248 Vens.
2211 4192 2294 4245 ii.
2340 4191 2540 4247 Servite
2570 4191 2788 4246 Domino
2822 4194 2875 4246 in
2916 4192 3117 4256 timore,
3140 4203 3188 4246 et
3220 4194 3471 4247 exsultare

1944 4281 1992 4334 ei
2042 4296 2156 4334 cum
2201 4291 2440 4343 tremore,
2480 4289 2583 4335 etc.
2619 4279 2890 4334 Videbitur
2928 4282 3244 4348 quibusdam
3289 4283 3334 4335 is
3368 4282 3459 4349 qui

1941 4372 2105 4424 servit
2126 4370 2344 4422 omnino
2370 4383 2556 4423 servus
2583 4382 2721 4433 esse,
2748 4377 2802 4423 et
2825 4372 3051 4422 maxime
3094 4369 3145 4422 in
3194 4370 3291 4422 hoc
3317 4369 3461 4435 loco,

1944 4457 2030 4510 ubi
2065 4456 2225 4508 etiam
2257 4455 2472 4507 additur
2519 4472 2538 4505 ι
2594 4457 2645 4508 in
2677 4458 2884 4517 timore,
2926 4473 2958 4506 .ι
2994 4470 3113 4507 nam
3148 4457 3236 4523 qui
3268 4459 3472 4523 accepit

1942 4543 2190 4610 spiritum
2218 4544 2513 4606 servitutis,
2541 4553 2624 4597 est
2652 4557 2672 4592 ι
2703 4544 2754 4596 in
2787 4543 2996 4598 timore.
3042 4561 3060 4592 ι
3096 4540 3205 4597 Nec
3233 4544 3367 4597 falso
3393 4546 3467 4597 ita

1942 4632 2232 4685 videbitur.
2264 4630 2450 4685 Potest
2478 4633 2637 4684 etiam
2670 4631 2812 4684 illius
2837 4632 3060 4685 servire.
3106 4631 3213 4684 Nec
3235 4632 3379 4685 solus
3401 4632 3470 4684 ti-

1944 4735 2083 4784 mor,
2101 4720 2195 4773 sed
2218 4728 2270 4771 et
2304 4720 2546 4773 charitas
2569 4720 2845 4773 servitutis
2871 4730 2949 4773 est
2972 4735 3151 4775 causa.
3177 4720 3471 4773 Dilectione

1941 4808 2099 4874 igitur
2121 4807 2348 4860 invicem
2378 4808 2586 4861 servire
2612 4808 2767 4861 docet
2798 4808 3103 4876 Apostolus.
3124 4807 3258 4872 Quin
3282 4816 3334 4860 et
3354 4808 3475 4874 ipse

1940 4894 2186 4947 Salvator
2220 4903 2273 4947 et
2299 4895 2565 4948 Dominus
2594 4903 2785 4949 noster
2818 4894 2921 4948 fuit
2948 4894 3003 4947 in
3044 4897 3219 4949 medio
3240 4895 3473 4961 discipu-

1941 4983 2106 5034 lorum
2144 4997 2381 5045 suorum,
2431 4998 2537 5038 non
2585 4993 2643 5037 ut
2695 4983 2785 5052 qui
2836 4983 3118 5045 recumbit,
3165 4983 3260 5036 sed
3287 4993 3340 5034 ut
3372 4982 3467 5048 qui

1938 5075 2221 5134 ministrat.
2278 5073 2518 5127 serviens
2564 5083 2617 5127 et
2663 5074 2825 5141 pedes
2867 5086 3052 5126 eorum
3102 5073 3303 5123 lavans.
3356 5068 3470 5122 Nec

1939 5176 2068 5215 sane
2090 5162 2171 5215 fas
2201 5171 2279 5215 est
2311 5176 2431 5217 eum
2465 5164 2656 5216 timore
2688 5163 2800 5216 hac
2823 5162 3016 5214 fecisse
3042 5155 3240 5212 dicere.
3268 5157 3463 5222 Liquet

1938 5254 2078 5304 enim
2117 5253 2230 5305 haec
2260 5253 2329 5323 ab
2371 5253 2483 5321 ipso
2519 5251 2757 5320 perfecta
2808 5250 3071 5304 charitate
3097 5247 3235 5302 facta
3263 5247 3452 5302 fuisse.

346 5430 407 5464 ”
438 5428 571 5484 lsai.
604 5442 683 5491 ix,
710 5426 766 5479 5.
842 5426 887 5456 ⁸⁸
912 5422 1105 5477 Jcrcm.
1133 5439 1185 5486 κ,
1216 5420 1307 5472 24.
1381 5420 1427 5451 ⁸⁸
1447 5420 1605 5477 Mich.
1624 5438 1717 5485 vn,
1740 5427 1795 5481 9.
1867 5429 1909 5460 "
1933 5428 2117 5483 Matth,
2143 5443 2239 5495 xu,
2263 5427 2348 5493 41,
2370 5436 2423 5482 et
2450 5441 2596 5497 seqq.
2669 5426 2713 5457 "'
2742 5424 2894 5477 Prov.
2922 5430 3041 5484 ml,
3071 5418 3153 5477 (ο.

349 5580 476 5652 (79)
498 5578 666 5646 Δόεει
686 5579 807 5650 μέν
830 5533 1004 5640 nam,
1031 5585 1132 5628 etc.
1167 5568 1368 5625 Ibidem
1408 5572 1522 5626 hmc
1563 5578 1917 5645 reperiuntur.
