3958 6240
394 293 525 347 Ηίό

1741 286 1828 340 EX
1868 280 2159 340 ORIGENE

3694 249 3828 304 1116

3179 381 3197 401 9
3264 376 3390 401 --λ-.
3433 366 3542 401 Αἴξ..
3589 369 3829 401 Q--.‘.p2.

387 408 442 463 Si
468 423 596 476 ergo
641 410 732 478 qui
769 418 924 463 antea
957 426 1106 479 reges
1136 418 1293 464 terra:
1321 408 1572 477 appellati
1607 415 1750 467 sunt,
1780 418 1921 457 nunc

2264 397 2408 450 αὔτα
2447 392 2616 463 αὑτῷ
2661 391 3062 460 πέπρακται.
3118 381 3200 434 Εἰ
3260 376 3391 448 μὲν
3431 369 3542 427 οὗν
3589 369 3827 479 euasisti

387 499 550 552 etiam
592 513 744 567 reges
779 499 1050 565 dicuntur,
1102 500 1318 568 prmeipi
1366 500 1447 552 eis
1499 507 1673 565 potest
1713 505 1770 548 ut
1813 509 1928 547 ser-

390 589 538 639 viant
582 587 805 640 Domino
833 588 884 640 in
910 588 1124 652 timore,
1160 597 1410 656 tanquam
1453 586 1594 641 servi
1638 586 1705 638 ab
1752 584 1928 646 initio,

390 675 479 740 qui
530 677 770 743 spiritum
799 678 1102 744 adoptionis
1137 676 1372 729 filiorum
1405 677 1651 742 accipere
1693 688 1794 725 non
1832 687 1932 738 po-

403 774 637 817 tuerunt.
679 765 848 832 Atque
884 767 933 818 in
981 767 1061 818 his
1099 767 1489 818 observandum
1521 772 1601 816 est
1633 763 1782 824 illud,
1817 778 1836 810 ι
1879 760 1932 812 in

397 853 611 915 timore,
651 871 668 902 ι
698 867 853 920 quem
887 853 976 921 qui
1005 868 1192 922 ptenas
1221 854 1427 916 metuit,
1464 867 1568 905 non
1617 851 1797 912 habet,
1839 862 1935 900 ne-

393 955 499 1006 que
547 940 814 1007 perfectus
860 951 965 996 est.
1013 943 1078 994 Et
1122 958 1238 1010 qua:
1283 951 1605 1008 sequuntur,
1658 939 1932 1000 nimirum,

401 1048 418 1079 σ
472 1030 747 1083 Exsultate
793 1031 838 1084 ei
867 1046 986 1084 ειιιιι
1042 1043 1298 1096 tremore,
1341 1051 1358 1082 ι
1392 1030 1736 1098 intelligenda
1786 1034 1932 1079 sunt.

395 1117 544 1181 Quod
573 1117 618 1170 si
650 1131 824 1184 reges,
851 1119 1022 1171 sancti
1053 1127 1195 1176 sunt,
1241 1129 1292 1170 et
1318 1119 1408 1185 qui
1443 1116 1685 1182 judicant
1713 1123 1932 1174 terram,

396 1202 432 1252 ii
463 1211 585 1254 sunt
619 1216 752 1268 quos
786 1218 944 1271 supra
972 1219 1090 1256 esse
1131 1204 1429 1267 docuimus,
1460 1219 1579 1256 cum
1606 1202 1697 1254 filii
1725 1213 1937 1269 quoque

395 1291 598 1345 servire
626 1291 851 1346 Domino
894 1294 1118 1362 possint,
1159 1295 1319 1347 timor
1361 1294 1700 1362 accipiendus
1727 1302 1809 1348 est
1841 1307 1938 1360 pro

395 1391 455 1428 ea
495 1391 614 1444 qua:
654 1379 791 1446 apud
823 1381 1081 1447 quosdam
1117 1379 1411 1448 appellatur
1453 1380 1773 1442 reverentia,
1819 1393 1938 1446 quae

398 1480 664 1534 tntnqnam
710 1483 918 1534 pmnam
953 1469 1131 1522 habet.
1166 1468 1316 1534 Quod
1349 1476 1526 1522 autem
1576 1469 1736 1521 timor
1777 1467 1938 1538 546

398 1561 489 1627 qni
519 1575 730 1628 pinnam
762 1575 865 1612 non
900 1561 1079 1624 habet,
1117 1560 1410 1627 appellatur
1433 1560 1485 1612 in
1519 1559 1795 1627 Scriptura
1817 1574 1938 1627 per-

399 1650 522 1702 fecti
551 1650 649 1701 viri
697 1649 927 1709 facinus,
979 1649 1142 1715 liquet
1189 1662 1251 1703 ex
1285 1661 1390 1700 eo:
1429 1665 1446 1697 ‹
1493 1646 1606 1700 Νοη
1634 1656 1716 1701 est
1757 1647 1936 1716 inopia

399 1740 706 1792 timentibus
729 1753 870 1792 eum.
903 1756 920 1788 ι
940 1735 1250 1791 Videbimur
1278 1738 1382 1790 vim
1423 1736 1710 1806 Scriptura:
1733 1738 1936 1800 facere,

396 1827 612 1880 additur
655 1827 838 1879 enim:
877 1844 894 1876 ι
945 1839 1061 1879 cum
1106 1834 1358 1880 tremore.
1404 1844 1422 1876 ι
1459 1825 1564 1878 Sed
1608 1827 1727 1879 vide
1760 1840 1939 1878 annon

398 1914 615 1983 perfecti
653 1929 804 1983 reges
837 1915 964 1978 sint,
1010 1922 1064 1966 et
1115 1915 1204 1981 qui
1239 1916 1432 1968 timore
1469 1915 1804 1978 erudiuntur,
1849 1915 1939 1981 ju-

397 2004 543 2058 dices
572 2013 748 2067 terras,
789 2003 985 2069 quibus
1017 2003 1255 2070 praecipit
1298 2002 1546 2056 Salvator
1591 2011 1647 2055 ut
1690 2018 1795 2057 non
1828 2004 1942 2058 disc

398 2093 570 2146 solute
601 2106 771 2159 neque
797 2093 1018 2145 remisse
1048 2091 1334 2154 exsultent,
1365 2106 1431 2144 ne
1466 2091 1629 2144 inﬂati
1663 2093 1859 2144 cadant
1886 2093 1940 2145 in

399 2183 735 2249 superbiam,
785 2182 879 2235 sed
919 2197 937 2230 ι
983 2195 1101 2234 cum
1145 2189 1398 2245 tremore,
1448 2201 1467 2234 ο
1504 2191 1560 2235 ει
1598 2183 1758 2236 veluti
1807 2199 1938 2238 con-

401 2281 587 2336 tracte,
617 2273 773 2326 simul
798 2271 1188 2325 considerando
1218 2272 1523 2338 possibilem
1551 2287 1670 2327 esse
1706 2272 1932 2342 lapsum,

398 2360 445 2412 si
476 2360 651 2412 divina
687 2374 814 2412 cura
855 2360 1198 2426 dereliquerit
1221 2374 1340 2413 eum
1381 2361 1470 2428 qui
1507 2361 1720 2415 deditus
1750 2372 1828 2416 est
1864 2364 1938 2417 rei

397 2447 628 2515 cuipiam
659 2448 829 2516 dignae
863 2463 979 2516 quae
1013 2450 1206 2501 merito
1234 2449 1474 2502 laudibus
1509 2447 1786 2504 eiferatur.
1827 2451 1940 2504 Ca3-

407 2544 584 2590 terum
618 2520 854 2597 verbum,
883 2554 900 2586 ε
929 2536 1221 2600 exsultare,
1257 2555 1274 2588 ι
1310 2539 1361 2590 in
1394 2554 1492 2591 usu
1516 2548 1598 2592 est
1625 2538 1936 2607 Scripturae,

408 2639 514 2692 quo
561 2625 848 2693 signiﬁcari
902 2634 1148 2692 putamus
1200 2627 1450 2694 gaudium
1489 2628 1540 2680 in
1587 2638 1764 2683 mente
1798 2630 1940 2697 quod

402 2715 453 2766 in
513 2716 693 2767 anima
760 2715 919 2767 habet
977 2715 1439 2781 participationem
1491 2715 1722 2784 Spiritus
1769 2719 1940 2772 sancti

399 2802 785 2870 congaudentis
811 2801 858 2854 ei
884 2801 974 2869 qui
1007 2811 1220 2854 sanctus
1246 2811 1348 2856 est.

471 2888 629 2941 Vsus.
651 2889 733 2940 12.
753 2889 1123 2956 Appreliendite
1147 2891 1500 2958 distiplinam,
1517 2909 1578 2946 ne
1598 2893 1806 2958 quando
1831 2894 1942 2947 ira—

399 2989 575 3031 scatur
616 2977 885 3043 Dominus,
926 2990 972 3032 et
997 2983 1217 3047 pereatis
1247 2983 1311 3033 de
1339 2983 1418 3036 via
1456 2984 1628 3051 justa,
1652 2992 1756 3038 etc.
1803 2985 1936 3039 Pro-
1967 3003 2012 3064 ο

403 3066 600 3120 fectum
648 3067 862 3134 quidem
911 3081 1026 3135 per,
1070 3087 1088 3118 ‹
1148 3071 1454 3136 erudimini,
1488 3091 1505 3124 ι
1553 3074 1937 3141 perfectionem

402 3169 528 3207 vero
570 3156 815 3221 preponit
863 3171 975 3222 per,
1031 3174 1050 3208 ι
1100 3160 1481 3226 appreltendite
1523 3161 1877 3230 disciplinam.
1916 3184 1934 3217 ι

404 3241 691 3310 Diligenter
732 3252 904 3296 autem
943 3245 1303 3299 consideranti
1356 3247 1527 3314 liquet
1569 3249 1938 3317 imperfectum

409 3331 460 3381 in
484 3330 785 3398 disciplina,
813 3342 865 3385 et
888 3347 992 3386 non
1022 3335 1470 3403 progredientem,
1509 3338 1683 3392 adhuc
1713 3339 1806 3392 ira:
1830 3339 1938 3392 Do-

405 3419 533 3471 mini
567 3435 688 3472 esse
728 3421 1036 3486 obnoxium,
1081 3424 1374 3492 perfectum
1406 3443 1534 3482 vero
1561 3443 1678 3482 eam
1709 3431 1941 3498 experiri

403 3521 506 3559 non
541 3522 712 3575 posse.
745 3510 799 3562 Si
837 3512 978 3564 enim
1004 3513 1222 3578 jubetur
1265 3515 1387 3581 quis
1423 3519 1828 3585 apprehendere
1861 3520 1943 3572 di-

401 3597 701 3666 sciplinam,
735 3607 789 3652 ut
835 3615 938 3653 non
984 3601 1247 3655 irascatur
1294 3605 1344 3658 ei
1382 3607 1656 3670 Dominus,
1699 3608 1794 3660 ira:
1840 3607 1945 3661 erit

406 3688 687 3756 particeps,
715 3688 949 3742 nondum
981 3693 1310 3758 apprehensa
1350 3693 1632 3764 disciplina
1658 3696 1711 3749 in
1737 3711 1840 3765 qua
1873 3708 1945 3750 ta-

406 3791 526 3830 men
571 3791 880 3846 prosressus
925 3779 1128 3846 aliquot
1177 3779 1306 3835 fecit
1347 3801 1362 3836 :
1411 3782 1479 3836 ab
1529 3784 1595 3838 iis
1625 3785 1717 3854 qni
1761 3799 1827 3838 ex
1862 3787 1939 3839 ira

401 3865 650 3916 oriuntur
673 3863 953 3919 aﬂ‘ectibus
970 3863 1204 3933 perfecte
1231 3866 1493 3922 liberante
1516 3870 1944 3938 apprehensione

403 3951 724 4016 disciplinae,
776 3967 880 4006 non
908 3968 1038 4008 vero
1065 3956 1360 4024 disciplina:
1395 3959 1548 4011 initio
1579 3970 1633 4012 et
1682 3960 1747 4013 ad
1799 3963 1940 4014 illam

405 4035 798 4092 introductione
833 4058 848 4094 :
878 4041 1097 4096 omnino
1143 4044 1289 4096 enim
1325 4045 1416 4112 qui
1461 4046 1642 4100 adhuc
1671 4050 1943 4114 eruditur,

407 4125 749 4192 imperfectus
773 4137 876 4193 est,
918 4128 1262 4196 imperfectus
1289 4141 1467 4186 autem
1501 4134 1633 4187 iram
1660 4134 1752 4189 Dei
1782 4151 1947 4206 expe-

411 4213 502 4264 riri
533 4223 726 4280 potest.
756 4214 859 4268 Sed
891 4217 1142 4284 quoniam
1173 4232 1346 4286 neque
1376 4219 1429 4273 in
1457 4218 1743 4284 Hebraico,
1771 4238 1945 4293 neque

417 4299 469 4352 in
516 4301 640 4354 aliis
694 4303 1232 4371 interpretationibus
1263 4309 1491 4362 habetur
1519 4326 1622 4364 vox
1659 4328 1678 4362 (
1715 4312 1883 4379 justa,
1923 4336 1942 4368 ι

1923 4336 1942 4368 ι
1981 4312 2026 4368 D
2052 4317 2178 4371 οὔτε
2212 4320 2269 4371 ὲν
2301 4318 2378 4387 τῷ
2414 4318 2698 4391 Ἐϐραῖκῷ
2730 4299 3122 4398 πρόσκειται,
3167 4299 3450 4393 οοξτζέν

409 4389 742 4454 suspicamur
783 4408 850 4446 ne
889 4393 1025 4447 forte
1079 4396 1161 4449 vel
1205 4413 1300 4465 per
1347 4399 1800 4466 dispensationem
1849 4405 1950 4459 hoc

411 4480 793 4545 apposuerint,
846 4482 928 4534 vel
976 4497 1129 4536 error
1177 4487 1246 4538 sit
1284 4487 1334 4540 in
1384 4490 1805 4557 exemplaribus.
1846 4493 1950 4548 Per

408 4567 849 4634 dispensationem
869 4571 1079 4638 quidem
1103 4582 1158 4624 ut
1182 4575 1253 4626 sit
1279 4590 1498 4630 sensus:
1519 4576 1629 4632 Nisi
1654 4582 1949 4649 apprehen-

410 4655 597 4708 deritis
625 4657 988 4724 disciplinam,
1019 4661 1261 4725 peribitis
1298 4665 1362 4716 de
1387 4665 1469 4717 via
1516 4666 1684 4734 justa,
1717 4679 1772 4724 et
1797 4673 1941 4725 exci-

409 4744 547 4798 detis
566 4751 634 4799 ab
671 4761 760 4810 ea,
792 4747 1016 4802 Domino
1045 4749 1194 4802 vobis
1233 4752 1524 4808 irascente.
1561 4755 1756 4812 Verum
1790 4775 1947 4814 accu-

410 4843 528 4886 rate
554 4849 662 4888 rem
699 4836 1107 4902 perpendamus,
1131 4852 1250 4890 cum
1281 4842 1357 4892 ira
1385 4840 1478 4894 Dei
1509 4846 1810 4914 corrigendi
1836 4848 1944 4904 vim

409 4923 622 4983 habeat.
682 4924 947 4991 quomodo
1003 4939 1098 4991 per
1130 4926 1232 4978 hoc
1277 4928 1418 4993 quod
1470 4929 1612 4985 Deus
1656 4934 1943 5005 irascatur,

408 5023 591 5078 pereat
621 5014 740 5082 quis
762 5014 826 5067 de
848 5013 930 5066 via
959 5011 1101 5080 justa
1130 5013 1154 5066 ?
1191 5013 1382 5082 Utique
1408 5016 1815 5090 haudquaquam
1839 5044 1948 5081 om-

409 5099 537 5154 nino
569 5111 787 5170 propter
821 5103 951 5155 iram
984 5102 1228 5170 peribitis
1275 5105 1341 5159 de
1376 5106 1459 5159 via
1497 5106 1664 5173 iusta,
1699 5115 1794 5168 sed
1843 5117 1947 5172 hoc

412 5189 561 5244 vobis
609 5201 826 5260 prepter
855 5200 1070 5260 peccata
1116 5201 1292 5246 vestra
1322 5197 1551 5251 eveniet.
1582 5197 1732 5262 Quod
1759 5204 1804 5256 si
1838 5222 1944 5261 non

411 5274 567 5329 fuerit
595 5281 834 5346 apposita
881 5297 979 5335 vox
1023 5299 1041 5332 ι
1088 5279 1252 5348 justa,
1300 5303 1320 5338 ι
1356 5302 1476 5344 cum
1527 5284 1563 5338 ii
1591 5288 1680 5354 qui
1719 5305 1824 5347 non
1854 5311 1951 5364 ap-

411 5363 738 5425 prehenduut
785 5373 1143 5444 disciplinain,
1188 5381 1407 5440 omnino
1447 5376 1558 5434 sint
1603 5377 1658 5430 in
1701 5381 1784 5434 via
1840 5363 1949 5445 non

2027 489 2076 539 οἱ
2101 462 2311 550 ὲν-τοῖς
2341 485 2454 555 προ
2482 462 2716 536 τούτων
2759 476 3050 549 βασιλεῖς
3085 471 3226 540 γῆς
3268 462 3831 555 ὠνομασμένοι-και

2029 575 2123 630 νῦν
2152 575 2439 642 λέγονται,
2479 575 2684 634 αὐτοῖς
2721 562 3266 639 προστάττεσθαι
3301 555 3582 608 δύναται
3716 550 3833 604 δου-

2029 641 2340 734 λεῦσαιτῷ
2388 663 2596 734 Κυρίῳ
2640 663 2706 713 ὲν
2748 659 2952 727 φόὸῳ,
2999 654 3097 716 ὡς
3145 649 3428 709 δούλοις
3476 641 3745 734 ἀρχῆθεν
3760 643 3829 734 ο)

2032 733 2357 824 δυναμένοις
2399 753 2666 823 χωρῆσαι
2710 751 2780 803 τὸ
2814 747 3080 816 πνεῦμα
3129 743 3268 810 τῆς
3325 735 3680 796 υἱοθεσίας.
3733 733 3833 785 Καὶ

2032 845 2300 916 τηρητέον
2331 844 2418 894 ἐπ’
2451 841 2644 895 αὐτῶν
2667 839 2756 902 τὸ,
2793 858 2816 888 ι
2852 840 2920 890 ὲν
2959 834 3181 904 φόϐῳ,
3229 851 3255 882 ι
3301 830 3380 882 ὃν
3417 829 3454 879 ὁ
3486 825 3833 916 φοόούμενος

2034 913 2258 987 κόλασιν
2295 934 2398 984 οὐκ
2431 931 2574 1000 ἔχει,
2625 933 2731 984 καὶ
2779 930 2850 981 οὑ
2896 923 3378 979 τετελείωται.
3414 917 3554 971 Καὶ
3596 915 3675 967 τὰ
3715 913 3833 966 ἀκό-

2036 1025 2202 1077 λουθα
2231 1024 2290 1075 δὲ
2333 1024 2464 1092 περὶ
2494 1021 2618 1083 τοῦ,
2656 1039 2676 1070 ι
2714 1013 3142 1086 Ἀγαλλιᾶσθε
3177 1009 3390 1080 αὐτῷ
3441 1010 3514 1059 ὲν
3555 1007 3777 1075 τρόμῳ,
3812 1025 3828 1054 ι

2035 1115 2280 1185 νοητέον.
2326 1114 2390 1164 El
2424 1111 2486 1162 δὲ
2532 1110 2794 1179 βασιλεῖς
2837 1109 2894 1159 οἱ
2941 1106 3129 1172 ἅγιοι
3181 1103 3315 1154 καὶ
3370 1095 3830 1185 κρίνοντες

2035 1184 2141 1272 γῆν
2167 1204 2218 1254 οἱ
2253 1201 2397 1254 κατὰ
2424 1198 2528 1269 τὴν
2555 1198 2833 1266 διήγησιν
2864 1189 3452 1262 ὲρμηνευθέντες,
3501 1184 3832 1253 δυναμένων

2036 1292 2314 1346 δουλεύειν
2353 1289 2452 1343 καὶ
2485 1288 2597 1341 τῶν
2632 1286 2776 1338 υίῶν
2811 1283 2902 1354 τῷ
2939 1283 3218 1352 Κυρίῳ,
3262 1279 3387 1331 τὸν
3425 1276 3627 1345 φόὕον
3674 1290 3830 1342 μετα-

2037 1383 2272 1451 ληπτέον
2301 1382 2384 1442 είς
2416 1379 2520 1448 τὴν
2547 1377 2711 1447 παρά
2735 1392 2898 1428 τισιν
2947 1372 3328 1426 εὐλάϐειαν
3362 1367 3830 1437 ὠνομασμένην,

2036 1469 2158 1536 ἥτις
2207 1464 2467 1534 οὐδαμῶς
2497 1463 2735 1516 κόλασιν
2773 1462 2928 1530 ἔχει.
2978 1461 3140 1512 Ὀτι
3185 1459 3267 1511 δὲ
3309 1456 3522 1524 φόὕος
3567 1456 3602 1505 ὁ
3640 1455 3721 1524 μὴ
3753 1455 3835 1506 κό-

2036 1558 2192 1613 λασιν
2225 1555 2366 1625 ἔχων
2401 1554 2735 1623 ὠνόμασται
2771 1554 2837 1604 ἐν
2883 1553 2970 1620 τῇ
3028 1550 3286 1619 Γραφῇ
3325 1546 3589 1599 τελείου
3640 1546 3833 1615 κατόρ-

2043 1647 2204 1715 θωμα
2239 1644 2552 1712 τυγχάνων,
2605 1641 2793 1712 σαφὲς
2838 1642 2913 1693 ὲκ
2965 1639 3129 1692 τοῦο
3185 1658 3211 1690 ι
3267 1639 3421 1692 Οὐκ
3473 1637 3647 1689 ἔστιν
3681 1637 3833 1688 ὑστέ-

1971 1716 2016 1772 Β
2047 1752 2196 1805 ρημα
2225 1737 2340 1797 τοῖς
2371 1732 2746 1802 φοϐουμένοις
2780 1731 2996 1782 αὐτόν.
3065 1749 3090 1781 ι
3158 1729 3475 1798 Δόξομεν
3535 1728 3602 1782 δὲ
3651 1727 3832 1797 βιάζει

2042 1825 2188 1888 σθαι,
2224 1824 2314 1876 διὰ
2360 1825 2422 1875 τὸ
2469 1823 2858 1894 ἐπιφέρεσθαι
2910 1823 2989 1874 τὸ
3049 1840 3075 1870 ‹
3150 1823 3229 1872 ὲν
3287 1819 3557 1892 τρόμῳ.
3609 1839 3630 1869 ι
3681 1819 3831 1870 Ἀλλὰ

2045 1915 2254 1983 μήποτε
2301 1915 2351 1966 οἱ
2405 1914 2507 1981 μὲν
2555 1913 2772 1964 τέλειοι
2825 1910 3123 1980 βασιλεῖς
3170 1911 3658 1978 τυγχάνουσιν,
3701 1911 3752 1962 οἱ
3779 1910 3829 1962 δὲ

2041 2003 2144 2056 κᾶν
2187 2003 2264 2072 τῷ
2304 2002 2456 2072 φόϐῳ
2499 2001 3076 2070 παιδαγωγούμενοι
3131 2002 3386 2071 κριταὶ
3445 2001 3599 2069 γῆς,
3647 2003 3710 2052 ὲν
3755 1995 3830 2060 οἷς

2041 2091 2373 2160 προστάσσει
2419 2092 2448 2141 ὁ
2484 2089 2687 2158 Σωτὴρ
2732 2087 3050 2156 ἀγαλλιᾷν
3107 2087 3206 2158 μὴ
3255 2088 3659 2158 ἀνειμένως,
3701 2087 3826 2158 μηδὲ

2039 2176 2482 2245 ἁπολελυμένως,
2519 2176 2611 2229 ἵνα
2661 2176 2742 2247 μὴ
2782 2177 3161 2230 ἐκπέσωσιν
3212 2179 3326 2239 είς
3374 2176 3703 2248 χαύνωσιν
3740 2179 3825 2227 καί

2040 2267 2238 2335 οἴησιν,
2267 2265 2381 2317 ἀλλ’
2417 2284 2435 2315 ι
2468 2267 2527 2317 ὲν
2557 2267 2784 2336 τρόμῳ,
2830 2285 2852 2316 ι
2887 2268 3001 2320 καὶ
3030 2267 3250 2319 οἱονεὶ
3288 2267 3824 2340 συνεσταλμένως,

2044 2354 2184 2423 μετὰ
2210 2353 2304 2406 τοῦ
2340 2358 2572 2407 σκοπεῖν
2605 2356 2671 2407 τὸ
2704 2356 3010 2409 δύνασθαι
3054 2361 3333 2423 πεσεῖν,
3382 2361 3445 2411 εί
3485 2357 3824 2412 καταλείποι

2041 2446 2074 2514 ή
2121 2447 2399 2516 ὲπισκοπὴ
2453 2447 2550 2500 τὸν
2600 2449 2929 2517 γενόμενον
2987 2450 3056 2501 ἐν
3128 2469 3272 2504 τινι
3316 2452 3495 2522 ἀξίῳ
3533 2452 3643 2506 τοῦ
3675 2453 3824 2506 εὐλό-

2041 2551 2152 2602 γως
2187 2531 2534 2604 ἐπαίρεσθαι.
2560 2538 2636 2588 Τὸ
2661 2538 2720 2590 δὲ
2757 2557 2776 2588 ε
2819 2539 3271 2607 ἀγαλλιᾶσθαι
3326 2564 3351 2596 ι
3399 2545 3536 2598 ἀπὸ
3565 2546 3677 2615 τῆς
3709 2562 3824 2598 συν.

2040 2624 2229 2694 ηθείας
2262 2627 2380 2677 ἐστὶ
2418 2626 2519 2696 τὴς
2547 2627 2824 2698 Γραςρῆς·
2876 2631 3042 2701 ὅπερ
3087 2633 3390 2703 οἰόμεθα
3438 2629 3608 2688 εἶναι
3649 2635 3822 2706 χαρὰ-ν

2041 2713 2096 2762 ὲν
2136 2714 2201 2781 τῇ
2250 2713 2492 2780 ἐπινοίᾳ,
2543 2713 2797 2782 ἔχουσαν
2851 2717 2966 2787 τὴν
3022 2719 3139 2773 τοῦ
3197 2723 3417 2790 ἁγίου
3481 2725 3822 2794 Πνεύματος

2041 2803 2120 2863 εἰς
2150 2801 2249 2870 τὴν
2277 2800 2456 2872 ψυχὴν
2492 2805 2798 2856 κοινωνίαν
2835 2813 3322 2880 συγχαίροντος
3360 2815 3462 2884 τῷ
3502 2816 3690 2884 ἁγίῳ.

2110 2889 2418 2956 Δράξασθε
2458 2893 2782 2958 παιδείας,
2833 2899 3114 2965 μήποτε
3181 2905 3521 2974 ὁργισθῇ
3571 2910 3821 2974 Κύριος.

2043 2979 2140 3032 καὶ
2162 2979 2492 3034 ἀπολεῖσθε
2529 2983 2602 3045 ἐξ
2647 2982 2812 3036 ὀδοῦ
2861 2986 3165 3054 δικαίας,
3210 3009 3288 3044 κ.
3328 3011 3394 3048 τ.
3445 2997 3474 3046 ὲ
3501 2996 3669 3065 ,Τὴν
3720 2996 3820 3065 μὲν

2044 3071 2327 3140 προκοπὴν
2364 3071 2474 3139 (80)
2522 3072 2613 3124 διὰ
2662 3074 2794 3136 τοῦ,
2843 3095 2863 3125 ι
2924 3079 3369 3150 παιδεύθητε,
3443 3105 3467 3135 ι
3530 3089 3817 3156 παριστᾷ,

2040 3159 2139 3226 τὴν
2183 3158 2239 3210 δὲ
2281 3159 2564 3213 τελείωσιν
2601 3161 2699 3213 διὰ
2747 3163 2887 3226 τοῦ,
2937 3185 2958 3214 ‹
3027 3167 3382 3237 δράξασθε
3441 3175 3751 3235 παιδείας.
3793 3195 3811 3224 ι

2042 3245 2131 3314 Τῷ
2173 3245 2230 3297 δὲ
2263 3247 2541 3316 ἐπιμελῶς
2563 3253 3036 3321 ,παρατηροῦντι
3078 3260 3296 3325 σαφές
3341 3265 3558 3324 ἐστιν,
3598 3265 3689 3317 ὅτι
3727 3265 3817 3315 ὲν-

2041 3334 2252 3402 δέχεται
2280 3336 2373 3388 τὸν
2395 3337 2560 3407 ἀτελῆ
2588 3340 2650 3390 ὲν
2684 3341 2938 3412 παιδείᾳ
2961 3346 3074 3397 καὶ
3101 3349 3186 3416 μὴ
3235 3355 3708 3419 προκόπτοντα
3736 3355 3814 3405 ἔτι

2042 3423 2208 3493 ὀργῆς
2239 3426 2442 3494 Κυρίου
2481 3428 2998 3496 μεταλαμϐάνειν,
3039 3435 3143 3486 τὸν
3180 3437 3264 3490 δὲ
3309 3441 3572 3494 τέλειον
3609 3443 3812 3496 ἀδύνα-

2043 3529 2134 3564 τον
2163 3513 2365 3584 ταύτης
2399 3516 2680 3585 μετέχειν.
2720 3520 2793 3571 Εἰ
2827 3523 2957 3594 γὰρ
3000 3525 3378 3595 δράξασθαί
3415 3550 3521 3596 τις
3553 3535 3814 3594 παιδείας

2045 3602 2322 3655 κελεύεται
2349 3605 2490 3674 ὑπὲρ
2515 3606 2610 3658 τοῦ
2649 3609 2731 3678 μὴ
2761 3610 3134 3684 ὀργισθῆναι
3172 3619 3374 3691 αὐτῷ
3407 3624 3523 3676 τὸν
3574 3625 3812 3697 Κύριον.

2044 3692 2144 3744 κᾶν
2182 3693 2442 3762 μετάσχοι
2470 3695 2572 3762 τῆς
2598 3697 2788 3767 ὀργῆς
2815 3701 2903 3772 μὴ
2927 3703 3338 3776 δραξάμενος
3372 3715 3500 3784 τῆς
3526 3692 3808 3780 παιδὲεις·

2045 3785 2101 3835 ὲν
2135 3786 2383 3852 προκοπῇ
2421 3785 2683 3853 μέντοιγε
2719 3789 2834 3858 τῆς
2874 3795 3160 3860 παιδείας
3205 3799 3340 3864 ὣν,
3384 3806 3613 3860 τέλεον
3659 3807 3812 3863 ἐλευ-

2046 3871 2441 3967 θερούσηςῌὰπὸ
2469 3871 2583 3967 τῶν
2715 3878 2828 3948 τῆς
2861 3881 3060 3954 ὀργῆς
3091 3888 3204 3939 ἐπε
3217 3873 3586 3962 ρχομένῴν
3625 3899 3810 3967 παθη-

2049 3961 2232 4058 μάτων
2273 3962 2374 4058 τῆς
2417 3963 2815 4058 περιδράξειυς
2863 3973 2978 4041 τῆς
3025 3961 3369 4044 παιδείας,
3412 3987 3568 4056 οὐχὶ
3610 3987 3676 4041 δὲ
3711 3961 3811 4058 τῆς

2046 4050 2338 4120 ἐπαγωγῆς
2369 4049 2574 4119 καὶτῆς
2598 4055 2791 4124 ἀρχῆς
2808 4059 2922 4129 τῆς
2941 4065 3101 4117 κατὰ
3121 4068 3241 4138 τὴν
3272 4049 3596 4130 παιδείαν
3618 4096 3634 4109 -
3666 4049 3808 4131 πάηὶέ

2045 4140 2336 4239 τωςγὰρὸ
2480 4142 2902 4214 παιδευόμενος
2933 4151 3152 4226 ἀτελής
3201 4161 3433 4226 ἐστιν,
3477 4167 3709 4239 ἀτελὴς
3751 4169 3806 4222 δὲ

2046 4229 2124 4281 ὢν
2161 4229 2334 4299 ὀργῆς
2381 4229 2608 4282 δύναται
2661 4237 2882 4306 πεῖραν
2934 4241 3142 4297 λαϐεῖν
3189 4247 3405 4305 Θεοῦ.
3470 4255 3637 4310 Ἀλλ’
3659 4229 3811 4309 ’ἐπεὶ

3503 4349 3649 4408 ταῖς
3695 4346 3810 4399 lot-

2053 4412 2182 4470 παῖς
2214 4409 2531 4478 ἑρμηνείαις
2560 4411 2648 4473 τὸ,
2687 4431 2708 4461 ι
2748 4414 3020 4485 δικαίας,
3079 4443 3100 4474 ι
3162 4425 3644 4504 ὑποπτεύομεν
3695 4442 3807 4506 μή-

2050 4513 2183 4549 ποτε
2238 4498 2272 4566 ἢ
2324 4500 2440 4550 κατ’
2485 4501 2821 4570 οἰκονομίαν
2890 4512 3286 4592 προσέθηκαν
3341 4498 3578 4587 τοῦτο,
3641 4498 3803 4594 {vis

2050 4588 2362 4683 ἀντίγραφα
2419 4589 2773 4683 ἡμάρτηται.
2837 4598 2992 4651 Κατ’
3062 4588 3440 4675 οἰκονομίαν
3524 4588 3678 4683 μὲν,
3731 4619 3801 4667 ἵν’

2048 4677 2224 4740 οὕτως
2248 4679 2550 4748 νοήσωμεν·
2613 4681 2748 4733 Ἐὰν
2797 4686 2882 4755 μὴ
2928 4689 3228 4761 δρὰξησθε
3263 4677 3604 4765 παιδείας,
3656 4707 3800 4757 ἀπο-

2044 4769 2229 4822 λεῖσθε
2295 4770 2355 4834 ἐξ
2409 4769 2532 4822 ὁδοῦ
2593 4770 2851 4838 δικαίας,
2939 4781 3048 4832 καὶ
3138 4785 3535 4846 ὲκπεσεῖσθε
3579 4798 3795 4866 αὐτῆς.

2044 4857 2397 4954 δργισθέντος
2447 4859 2610 4954 ὑμῖνΔ
2631 4859 2732 4911 τού
2791 4865 3052 4935 Κυρίουο
3130 4872 3254 4926 ἀλλ’
3315 4879 3422 4943 ὠς
3503 4887 3672 4954 πρὸς

2045 4944 2302 5018 ἀκριϐὲς,
2367 4948 2416 4999 εὶ
2483 4947 2822 5023 παιδευτική
2891 4959 3056 5012 ἐστιν
3103 4965 3137 5031 ἡ
3195 4964 3355 5036 ὀργὴ
3429 4944 3575 5024 τοῦ.
3615 4944 3793 5042 ὁεοῦ,

2051 5036 2200 5103 πῶς,
2238 5040 2325 5093 διὰ
2349 5038 2408 5090 τὸ
2435 5037 2708 5110 ὠργίσθαι
2733 5043 2992 5116 Κύριον,
3030 5053 3354 5108 ἀπολεῖταί
3387 5076 3502 5124 τις
3544 5064 3618 5128 ἐξ

2049 5124 2314 5198 δικαίας;
2347 5130 2419 5185 Οὐ
2455 5131 2670 5194 πάντως
2703 5133 2767 5186 δὲ
2810 5135 2910 5192 διὰ
2942 5143 3048 5211 τὴν
3097 5144 3276 5213 ὀργὴν
3311 5124 3689 5209 ἀπολεῖσθε
3725 5157 3792 5222 ἐξ

2054 5218 2186 5275 ὁδοῦ
2215 5225 2448 5290 δικαίας,
2477 5225 2818 5320 ἁλλὰ-τούτο
2859 5231 3061 5300 ἕψεται
3097 5238 3230 5305 ύμὲν
3275 5239 3393 5294 διὰ
3437 5245 3528 5296 τὰ
3575 5218 3787 5320 ἁμαρ-ξ

2058 5311 2316 5384 τήματα,
2354 5318 2480 5375 Ἐὰν
2689 5319 2958 5390 κείμενον
2977 5323 3102 5390 τδ,σ
3148 5325 3434 5394 δικαίας,
3471 5353 3496 5385 ι
3551 5311 3788 5392 ἐπεὶ-οι

2068 5400 2152 5474 μὴ
2201 5406 2526 5484 δραξάμενοι
2562 5406 2814 5473 παιδείας
2859 5411 3084 5476 πάντως
3127 5413 3272 5466 εἰσιν
3320 5418 3405 5470 ὲν
3472 5425 3612 5496 ὀδῷ
3666 5430 3784 5484 οὐκ

481 5513 592 5584 (80)
624 5518 860 5588 Τὴνμὲν
899 5520 1220 5590 προκοπήν,
1256 5544 1363 5602 (ιιρο
1393 5541 1436 5604 Ε
1472 5526 1591 5586 cod.
1617 5525 1973 5612 Barocciano,
2011 5567 2042 5606 υ

2102 5558 2328 5628 Catena
2351 5572 2612 5632 Corderii.
2643 5567 2842 5626 Latine
2872 5578 3052 5626 exstat
3082 5567 3216 5640 apud
3244 5567 3652 5638 Barbarum.
