3958 6266
291 284 396 345 111·Ι

1360 336 1662 394 SELECTA
1699 337 1765 393 IN
1800 333 2130 392 PSALMO'S.
2171 362 2240 374 —-
2268 333 2460 388 PSAL.
2494 334 2580 387 111.

3417 325 3548 379 1118

494 420 770 524 ἓύξαται
805 443 1148 520 λεληθότως
1183 453 1450 521 λέγεσθαι,
1482 455 1562 507 ὅτι
1601 455 1674 524 μὴ
1699 455 1919 524 δρασσο-

2032 451 2202 512 bona;
2255 458 2430 517 potest
2470 449 2702 500 latenter
2747 443 2852 524 dici
2881 485 2896 510 ,
2933 441 3179 512 quoniam
3205 437 3356 493 vobis
3386 437 3546 498 discis

494 511 510 530 ρ
839 496 943 501 νὴ---
978 496 1145 516 --.ης
1185 496 1239 505 η-
1279 496 1450 518 --,...,
1485 496 1562 507 -..
1646 496 1657 506 .
1701 496 1726 506 ν
1765 496 1892 505 ..-η

487 518 668 613 ξ’ἓιῶν
734 496 1030 604 παιδείας
1074 496 1446 613 ὀργισθιήσεται
1483 496 1701 612 Κύρῖος,
1731 496 1796 593 ,ἐκ
1827 541 1918 593 τοῦ

295 589 596 704 amitae...
638 615 821 704 sua;
877 589 1446 704 ἔχ”ξῆζὲὲᾷϊὲῖᾖ
1474 589 1795 702 gestes;
1836 589 1920 684 ea;

310 688 503 763 μηκέτι
532 698 862 781 ὺπὰρχητε
893 718 960 769 ὲν
991 688 1148 789 ait-ef}.

395 881 593 938 Ὀτιιν
635 885 924 964 ἐκκαυθῇ
969 898 1041 949 ἐν
1083 898 1242 966 τάχει
1285 901 1319 951 δ
1361 898 1542 966 θυμὸς
1578 899 1777 960 αὐτοῦ,
1807 913 1918 964 μα-

344 975 535 1046 κάριοι
584 977 816 1046 πάντες
846 987 903 1037 ot
952 990 1294 1051 πεποιθότες
1342 987 1432 1038 ἐπ’
1467 986 1642 1051 αὐτῷ,
1692 1003 1743 1037 κ.
1776 1003 1824 1040 τ.
1871 988 1915 1038 ὲ.

344 1071 407 1125 Et
446 1070 546 1122 καὶ
584 1069 840 1142 δεύτερον
880 1074 996 1144 (81)
1025 1076 1234 1142 λέγεται
1282 1077 1310 1127 6
1355 1075 1521 1145 θυμὸς
1580 1076 1679 1145 τῆς
1735 1077 1917 1144 ὀργῆς,

344 1160 500 1214 ἀλλὰ
530 1159 610 1230 τῷ
628 1162 890 1230 τηροῦντι
921 1163 1020 1232 τὴν
1049 1163 1353 1233 σύμφρασιν
1399 1164 1498 1230 τῆς
1544 1164 1780 1232 Γραφῆς,
1823 1181 1920 1230 φα-

343 1251 517 1320 νερὸν
551 1253 634 1303 ὃτι
657 1250 938 1303 ὲκκαίεται
990 1252 1198 1320 πρῶτον
1227 1255 1254 1304 6
1281 1253 1477 1321 θυμὸς,
1512 1253 1604 1304 καὶ
1649 1253 1920 1322 ὀργισθέν-

333 1357 441 1401 τος
476 1339 580 1392 τοῦ
613 1339 749 1392 Θεοῦ
783 1341 1079 1393 ἀπόλλυταί
1101 1359 1184 1403 τις
1227 1342 1333 1393 ἀπὸ
1373 1343 1467 1410 τῆς
1498 1341 1634 1395 ὁδοῦ.
1661 1343 1732 1393 T6
1763 1342 1818 1393 δὲ
1863 1344 1919 1394 ἐν

329 1427 517 1495 τάχει
561 1427 819 1480 καίεσθαι
862 1429 954 1478 τὸν
998 1427 1250 1496 θυμὸν,ἢ
1299 1429 1411 1496 μετ’
1460 1428 1650 1494 ὀλίγον,
1697 1429 1729 1496 ἢ
1785 1428 1918 1496 μετὰ

329 1513 537 1582 βραχὺ
590 1513 965 1566 ἀναπαύεσθαι
1000 1513 1176 1576 αὑτὸν,
1221 1513 1450 1566 διδάσκει
1498 1514 1592 1583 τὴν
1642 1515 1777 1584 μετὰ
1824 1514 1918 1584 τὴν

323 1598 539 1664 ἔξοδον
568 1601 667 1652 τοῦ
701 1601 815 1670 βίου
848 1602 1088 1655 κόλασιν.

406 1690 726 1757 Μακάριοι
753 1691 1036 1754 mir-tego!
1053 1691 1389 1754 πεποιθότες
1415 1690 1505 1742 ἐπ’
1533 1690 1708 1754 αὐτῷ,
1724 1709 1776 1744 κ.
1797 1709 1844 1744 τ.
1870 1693 1914 1743 ὲ.

2023 545 2218 613 plinam
2262 558 2363 596 non
2408 539 2931 610 apprehendentibus
2975 537 3237 589 irascetur
3276 528 3546 586 Dominus,

2023 647 2086 685 eo
2115 632 2256 700 quod
2298 630 2529 694 pereatis
2570 628 2635 680 de
2665 627 2770 688 via,
2801 625 2980 692 inqua
3011 620 3316 682 versamini,
3353 626 3408 670 ut
3443 627 3544 666 non

2024 720 2246 785 amplius
2274 719 2390 770 sitis
2433 718 2484 769 in
2515 730 2599 769 ea.

2093 888 2250 941 Vens.
2286 888 2370 940 l3.
2414 886 2540 938 Cum
2571 885 2822 938 exarserit
2854 883 2906 936 in
2955 880 3092 934 breui
3133 880 3210 932 ira
3247 880 3379 944 ejus,
3416 879 3527 928 bent

2023 992 2197 1028 omnes
2237 974 2392 1045 547
2417 975 2502 1042 qui
2533 974 2796 1041 conﬁdunt
2827 973 2879 1024 in
2911 987 2992 1033 eo,
3038 980 3144 1022 etc.
3189 967 3437 1031 Quamvis
3471 967 3517 1016 ir

2025 1066 2169 1132 prior
2222 1065 2426 1117 dicatur
2470 1077 2628 1130 quam
2684 1060 2852 1123 furor,
2909 1069 3081 1111 tamen
3121 1057 3207 1123 qui
3261 1054 3548 1119 Scriptum

2025 1153 2424 1206 consensionem
2460 1149 2916 1212 animadverterit,
2941 1147 3169 1199 furorem
3200 1144 3429 1211 priorem
3465 1156 3545 1192 ac-

2024 1241 2196 1305 cendi,
2229 1252 2280 1294 et
2318 1241 2453 1292 irato
2481 1239 2589 1292 Deo
2620 1238 2848 1304 aliquem
2894 1251 2924 1289 e
2965 1236 3046 1287 via
3096 1235 3268 1303 perire
3297 1231 3548 1299 reperiet.

2023 1329 2170 1394 Quod
2220 1343 2346 1381 vero
2382 1328 2532 1382 furor
2566 1329 2618 1380 in
2657 1326 2804 1379 brevi
2844 1326 3085 1385 exardet,
3117 1323 3196 1375 vel
3229 1331 3348 1388 post
3377 1319 3547 1372 modi-

2023 1431 2142 1467 cum
2178 1415 2258 1467 vel
2309 1424 2431 1483 post
2477 1415 2637 1466 breve
2683 1423 2889 1480 tempus
2927 1412 3165 1474 sedatur,
3204 1409 3378 1462 futura
3427 1415 3547 1474 post

2022 1504 2220 1557 exitum
2242 1503 2362 1556 vita:
2389 1502 2642 1572 supplicia
2673 1502 2939 1570 exprimit.

2091 1701 2240 1753 Beati
2267 1719 2440 1753 omnes
2464 1702 2550 1768 qui
2570 1701 2830 1768 conﬁdunt
2857 1700 2908 1751 in
2928 1714 3005 1759 eo,
3024 1706 3124 1750 etc.
3161 1693 3550 1748 Attendendutn

322 1780 785 1832 Κατακουστὲον
809 1779 924 1841 τοῦ,
965 1798 983 1828 ι
1019 1778 1348 1839 πεποιθότες,
1384 1799 1401 1828 ι
1434 1779 1612 1831 πίστιν
1643 1781 1919 1848 ἐμφαίνον-

2021 1800 2101 1844 est
2134 1793 2198 1844 ad
2233 1793 2359 1844 illud
2383 1809 2396 1844 :
2429 1811 2446 1842 ι
2477 1792 2575 1856 Qui
2601 1791 2904 1854 confidunt,
2933 1810 2951 1841 ι
2979 1791 3116 1856 quod
3141 1787 3371 1842 declarat
3399 1787 3550 1838 fidem

317 1885 434 1929 τος
478 1867 605 1936 μετ’
633 1867 848 1928 ὲλπίδος
873 1869 1175 1920 ἀνυπόπτου
1201 1868 1563 1936 βεϐαιοτάτην,
1581 1871 1670 1921 καὶ
1684 1870 1917 1938 ἑδραίαν,

318 1955 438 2006 καὶ
485 1955 765 2016 ἄσειστον,
797 1954 916 2006 οὐδὲ
951 1957 1007 2006 ὲν
1026 1959 1134 2017 τοῖς
1154 1956 1363 2008 δοκοῦσι
1389 1955 1779 2024 χαλεπωτάτοις
1803 1975 1920 2010 και-

317 2046 468 2111 ροῖς
499 2042 602 2094 τοῦ
639 2042 960 2104 πεποιθότος
991 2044 1447 2110 ἀπογινώσκοντος
1475 2044 1570 2114 τὴν
1591 2044 1681 2096 τοῦ
1716 2046 1916 2115 Κυρίου

314 2133 421 2193 πξς
461 2131 640 2184 αὑτὸν
663 2132 982 2197 παρουσίαν,
1001 2131 1208 2192 οὐδενὸς
1237 2131 1588 2200 παρέλκοντος
1619 2132 1794 2184 αὐτόν.

954 2417 1238 2470 ΨΑΛΜΟΣ
1265 2419 1342 2473 Γ’.

413 2507 688 2575 Ψαλμὸς
734 2506 816 2571 τῷ
869 2507 1065 2568 Δαυῒδ,
1124 2509 1296 2559 ὁπότε
1332 2507 1764 2574 ἀπεδίδρασκεν
1802 2509 1919 2562 ἀπὸ

318 2598 690 2668 προσώπου
734 2595 1108 2662 Ἁϐεσσαλὼμ
1148 2594 1254 2647 τοῦ
1295 2594 1428 2647 υἱοῦ
1453 2596 1654 2658 αὐτοῦ,
1686 2614 1738 2648 κ.
1769 2613 1822 2647 τ.
1867 2599 1913 2650 ὲ.

319 2693 510 2744 Δοκεῖ
541 2691 572 2741 6
593 2686 810 2756 ψαλμδς
842 2685 948 2754 (82)
975 2683 1220 2754 εἰρῆσθαι
1244 2683 1320 2752 τῷ
1341 2685 1518 2749 Δαυῖδ,
1547 2685 1706 2737 ὁπότε
1740 2686 1918 2738 ἀπεδί-

320 2781 592 2850 δρασκεν
620 2777 730 2828 ἀπὺ
764 2773 1053 2844 προσώπου
1093 2771 1437 2842 Ἀϐεσσαλὼμ
1465 2773 1556 2826 τοῦ
1586 2775 1702 2826 υἱοῦ
1734 2775 1914 2828 αὑτοῦ,

325 2868 488 2920 Ὅλα
520 2867 583 2917 δὲ
617 2865 689 2916 τὰ
719 2866 777 2915 ὲν
808 2861 884 2930 τῷ
902 2859 1097 2929 ψαλμῷ
1120 2860 1285 2913 σῶσαι
1314 2861 1446 2929 πρὸς
1472 2861 1568 2930 τὴν
1595 2862 1825 2931 ἱστορίαν
1862 2865 1921 2914 οὐ

324 2954 602 3008 δυνατόν·
650 2953 702 3004 τί
729 2952 838 3019 γὰρ
878 2948 1236 3017 συμϐάλλεται
1282 2948 1415 3018 πρὸς
1458 2949 1517 3000 τὸ
1549 2951 1918 3019 προκείμενον·

2023 1891 2141 1929 cum
2209 1893 2324 1947 spe,
2351 1893 2467 1946 qua:
2520 1879 2819 1944 suspicione
2865 1886 3048 1932 careat
3094 1875 3474 1936 firmissimam,
3501 1882 3555 1925 et

2021 1966 2300 2032 stabilem,
2336 1978 2388 2022 et
2419 1969 2824 2032 inconcussam;
2874 1981 2994 2020 cum
3031 1979 3198 2032 neque
3235 1963 3554 2016 difﬁcillimis

2022 2054 2182 2106 etiam
2239 2056 2560 2123 temporibus
2615 2056 2660 2108 is
2705 2055 2794 2122 qui
2841 2054 3096 2116 conlidit,
3140 2051 3346 2104 Domini
3400 2051 3448 2103 in
3495 2065 3554 2102 se

2023 2142 2357 2206 prmsentiam
2410 2143 2684 2211 desperet,
2729 2155 2900 2208 neque
2946 2141 3232 2209 quisquam
3278 2140 3425 2192 illum
3470 2139 3552 2192 di-

2022 2238 2220 2282 vertat.

2579 2421 2887 2476 PSALMUS
2927 2421 3012 2475 lll.

2097 2513 2255 2567 V't-Itts.
2292 2515 2344 2567 1.
2382 2511 2620 2565 Psalmus
2649 2513 2834 2576 David,
2871 2513 3074 2580 quando
3101 2511 3323 2579 fugiebat
3362 2527 3393 2563 α
3420 2511 3554 2578 [acie

2020 2603 2258 2654 Absalom
2283 2601 2380 2667 ﬁlii
2411 2603 2514 2664 sui,
2539 2611 2644 2654 etc.
2676 2601 2899 2654 Videtur
2931 2601 3017 2653 hic
3042 2601 3276 2667 psalmus
3307 2616 3334 2652 a
3359 2600 3555 2653 Davide

2019 2691 2190 2743 dictus
2233 2704 2349 2742 esse
2376 2690 2587 2757 quando
2636 2689 2870 2757 fugiebat
2923 2703 2954 2740 a
2991 2686 3130 2741 facie
3157 2689 3409 2741 Absalom
3458 2689 3550 2742 filii

2025 2777 2128 2830 sui.
2164 2775 2354 2829 Omnia
2385 2783 2557 2828 autem
2582 2789 2702 2842 qua:
2735 2773 2967 2842 psalmus
3005 2775 3264 2838 continet,
3295 2777 3360 2826 ad
3388 2775 3555 2830 histo-

2027 2866 2160 2917 riam
2201 2863 2390 2916 referri
2438 2877 2541 2914 non
2583 2871 2823 2930 possunt.
2861 2860 2994 2925 Quid
3032 2862 3172 2914 enim
3212 2863 3276 2913 ad
3313 2863 3555 2930 propOsi-

2029 2962 2136 3005 tum
2171 2952 2439 3020 pertinet:
2470 2967 2488 2999 ι
2522 2950 2631 3017 Ego
2678 2949 2927 3011 dormivi,
2979 2958 3032 3001 et
3076 2959 3354 3016 soporatns
3400 2965 3551 3010 sum,

331 3063 356 3096 c
423 3041 579 3110 Ἐγὼ
609 3037 932 3108 ὲκοιμήθην,
965 3038 1057 3088 καὶ
1090 3034 1331 3097 ὕπνωσα,
1359 3035 1673 3107 ὲξηγέρθην,
1707 3041 1786 3091 ὅτι
1818 3039 1919 3091 Κύ-

2027 3039 2327 3099 exsurrexi,
2389 3037 2512 3104 quia
2541 3035 2797 3088 Dominus
2842 3036 3098 3102 suscipiet
3126 3050 3209 3089 me
3230 3035 3353 3088 "it
3404 3035 3554 3101 Quod

330 3147 462 3201 ριος
492 3125 853 3196 ἀντιλήψεται
888 3140 1022 3192 μου;
1065 3142 1082 3172 ι
1121 3124 1229 3175 Καὶ
1259 3125 1303 3174 εί
1342 3123 1574 3192 βούλοιτο
1604 3125 1658 3176 δέ
1687 3143 1764 3188 τις
1797 3127 1916 3178 δου-

325 3219 525 3271 λεύειν
554 3218 624 3285 τῇ
657 3214 823 3278 λέξει,
861 3212 1019 3263 πλέον
1046 3212 1213 3279 αὐτῆς
1245 3211 1405 3280 μηδὲν
1430 3213 1715 3282 ἐπιζητῶν,
1749 3232 1919 3284 παρα-

329 3307 610 3377 στησάτω
634 3302 752 3363 πῶς
769 3299 1016 3369 ἀληθεύει
1035 3299 1202 3365 λέγων
1225 3300 1252 3348 6
1281 3300 1584 3369 Προφήτηςο
1618 3319 1634 3350 ι
1679 3301 1919 3363 Ὀδόντας

329 3393 700 3465 ἁμαρτωλῶν
762 3388 1102 3458 συνέτριψας.
1142 3407 1160 3437 ι
1209 3389 1298 3439 Δεῖ
1350 3388 1408 3440 δὲ
1469 3388 1694 3456 ζητῆσαι
1755 3390 1837 3452 τίς
1890 3393 1918 3441 6

331 3484 533 3546 Δαυτδ,
573 3483 671 3534 καὶ
696 3481 780 3542 τίς
811 3482 838 3531 6
880 3474 1245 3544 Ἀεεσσαλὼμ,
1267 3478 1359 3528 καὶ
1383 3477 1414 3544 ἡ
1436 3476 1670 3538 ἐπίθεσις
1699 3478 1856 3529 αὐτοῦ
1884 3481 1916 3548 ή

333 3575 487 3628 κατὰ
521 3571 621 3624 τοῦ
659 3571 887 3638 πατρὸς,
911 3569 945 3637 ἦ
975 3584 1032 3619 τε
1055 3569 1195 3636 φυγὴ
1209 3565 1302 3618 τοῦ
1333 3565 1588 3633 βασιλέως
1613 3567 1798 3635 πράως
1826 3567 1919 3633 φέ-

333 3681 535 3735 ροντος
559 3662 662 3730 τὴν
695 3660 1055 3712 ἐπανάστασιν
1075 3655 1166 3708 τοῦ
1193 3656 1290 3724 τῆς
1320 3652 1589 3722 βασιλείας
1611 3654 1772 3706 αὑτοῦ
1798 3656 1918 3707 ὲπι-

331 3753 702 3821 θυμήσαντος
738 3745 876 3809 υἱοῦ,
922 3747 1015 3797 καὶ
1046 3743 1416 3812 ὲντελλομένου
1460 3745 1568 3804 τοῖς
1618 3743 1710 3794 ὑπ’
1756 3745 1916 3796 αὐτὸν

331 3835 646 3906 φείσασθαι
677 3832 771 3884 τοῦ
802 3831 1082 3901 παιδαρίου
1125 3828 1488 3896 Ἀὄεσσαλὼμ.
1519 3827 1786 3897 Πολλαχοῦ
1819 3831 1917 3899 τῆς

330 3925 580 3996 Γραφῆς
615 3922 853 3991 εὕρομεν
892 3918 1050 3970 Δαυῒδ
1079 3913 1217 3970 εἶναι
1259 3918 1348 3969 τὸν
1374 3915 1620 3986 Χριστὸν,
1653 3915 1836 3987 ὥσπερ
1859 3920 1916 3970 ὲν

330 4015 422 4084 τῷ
451 4009 809 4082 ὀγδοηκοστῷ
825 4009 994 4075 ὀγδόῳ
1020 4006 1231 4075 ψαλμῷ·
1264 4023 1282 4056 ι
1317 4001 1483 4075 Εὗρον
1506 4004 1662 4057 Δαυῖδ
1693 4005 1781 4060 τὸν
1807 4005 1918 4057 δοῦ.

332 4103 437 4155 λόν
479 4117 607 4172 μουο
639 4101 699 4150 ὲν
733 4097 897 4163 ἐλαίῳ
923 4095 1060 4164 ἁγίῳ
1088 4095 1274 4164 ἔχρισα
1293 4094 1470 4145 αὐτόν·
1498 4093 1656 4163 ἡγὰρ
1679 4094 1797 4163 χείρ
1816 4112 1914 4165 μου

334 4181 711 4258 ἀντιλήψεται
741 4183 910 4253 αὐτῷ,
940 4185 1032 4234 καὶ
1056 4186 1083 4234 6
1105 4182 1338 4251 βραχίων
1370 4199 1468 4251 μου
1500 4182 1801 4250 ἀντισχύσει
1829 4185 1918 4235 αὑ-

332 4280 459 4333 τόν.
485 4279 604 4331 Οὐκ
637 4275 910 4342 ὠφελήσει
940 4272 1126 4343 ἐχθρὸς
1146 4273 1202 4324 ὲν
1232 4270 1396 4338 αὐτῷ,
1430 4272 1520 4323 καὶ
1549 4271 1659 4333 υἱὸς
1690 4273 1915 4340 ἀνομίας

335 4366 407 4418 οὐ
447 4363 758 4433 προσθήσει
794 4358 888 4410 τοῦ
925 4358 1170 4410 κακῶσαι
1199 4357 1375 4408 αὐτόν.
1405 4357 1510 4408 Καὶ
1544 4356 1792 4424 συγκόψω
1812 4358 1917 4410 ἀπὸ
1949 4343 1992 4396 ι)

336 4452 651 4524 προσώπου
671 4446 840 4501 αὐτοῦ
861 4447 984 4507 τοὺς
1001 4445 1224 4514 ἐχθροὺς
1254 4443 1436 4508 αὐτοῦ,
1453 4445 1684 4506 καὶτοὺς
1704 4444 1915 4513 μισοῦν-

334 4559 451 4602 τας
476 4539 650 4593 αὑτὸν
696 4534 1067 4606 τροπώσομαι.
1115 4533 1222 4584 Καὶ
1254 4533 1286 4601 ἡ
1314 4531 1534 4602 ἀλήθειά
1578 4549 1676 4601 μου
1731 4535 1822 4583 καὶ
1853 4531 1914 4583 τὺ

338 4631 498 4693 ἔλεός
527 4645 633 4698 μου
674 4627 793 4696 μετ’
819 4623 998 4675 αὐτοῦ·
1034 4623 1125 4674 καὶ
1151 4624 1206 4673 ὲν
1237 4621 1313 4690 τῷ
1331 4621 1547 4690 ὀνόματί
1578 4637 1675 4688 μου
1705 4621 1918 4690 ὑψωθή-

340 4734 505 4770 σεται
544 4717 609 4768 τὸ
642 4714 816 4783 κέρας
843 4708 1026 4769 αὑτοῦ,
1058 4710 1149 4761 καὶ
1174 4707 1405 4778 θήσομαι
1437 4710 1492 4759 ὲν
1510 4707 1742 4776 θαλάσσῃ
1759 4711 1914 4776 χεῖρα

337 4805 538 4866 αὑτοῦ,
566 4804 668 4856 καὶ
697 4803 756 4852 ἐν
787 4799 1047 4867 ποταμοῖς
1068 4796 1242 4861 δεξιὰν
1272 4793 1447 4848 αὐτοῦ.
1480 4794 1645 4855 Αὐτὸς
1668 4793 1915 4846 ἐπικαλέ-

337 4894 505 4947 σεταί
536 4909 627 4962 με·
661 4889 856 4958 Πατήρ
888 4903 986 4956 μου
1016 4881 1064 4937 εἶ
1095 4887 1178 4948 σὺ,
1216 4883 1368 4950 κάγὼ
1394 4883 1726 4952 πρωτότοκον
1756 4883 1912 4954 θήσο-

339 4999 457 5053 μαι
479 4981 668 5042 αὑτὸν,
694 4977 898 5047 ὑψηλὸν
933 4975 1079 5044 παρὰ
1110 4977 1219 5037 τοῖς
1245 4972 1511 5042 βασιλεῦσι
1538 4975 1634 5042 τῆς
1671 4974 1794 5042 γῆς.
1822 4975 1917 5035 Ei;

296 5114 311 5132 ,
333 5073 445 5126 τὸν
475 5071 652 5124 αἰῶνα
685 5065 904 5135 φυλάξω
927 5063 1074 5132 αὐτῷ
1099 5063 1159 5114 τὸ
1187 5063 1327 5124 ἔλεός
1361 5078 1480 5130 μου,
1514 5065 1604 5114 καὶ
1633 5065 1664 5131 ἡ
1695 5062 1916 5131 διαθήκη

340 5175 462 5229 μου
517 5156 696 5224 πιστὴ
738 5152 906 5222 αὐτῷ.
952 5151 1061 5204 Καὶ
1103 5151 1332 5220 θήσομαι
1391 5150 1469 5209 εἰς
1508 5149 1596 5200 τὸν
1629 5150 1797 5201 αἰῶνα
1825 5148 1918 5200 τοῦ

337 5247 548 5309 αιῶνος
575 5245 644 5296 τὸ
665 5242 886 5311 σπέρμα
911 5238 1095 5302 αὑτοῦ,
1117 5239 1206 5290 καὶ
1228 5239 1320 5288 τὸν
1349 5235 1530 5302 θρόνον
1555 5237 1716 5288 αὐτοῦ
1738 5239 1810 5299 ὼς
1825 5238 1920 5299 τὰς

338 5334 567 5404 ἡμέρας
609 5330 709 5383 τοῦ
760 5326 1008 5398 οὐρανοῦ.
1053 5346 1071 5376 ν
1111 5327 1216 5377 Καὶ
1253 5327 1311 5375 ἐν
1340 5321 1416 5389 τῷ
1460 5323 1651 5393 Ἠσαίᾳ
1696 5324 1918 5392 λέγοντι·

425 5449 476 5478 ιο
508 5448 600 5499 με,
633 5460 716 5506 τι⁹
741 5444 793 5498 6,
871 5442 917 5472 ⁸ο
955 5438 1077 5492 ibid.
1106 5439 1160 5492 8.
1233 5437 1275 5466 "
1305 5434 1393 5486 Ps.
1422 5450 1678 5498 Lxxxvnt,
1702 5436 1763 5488 2|
1790 5449 1844 5491 et
1871 5452 2020 5507 seqq.

2019 3127 2066 3180 si
2100 3125 2219 3193 quis
2262 3125 2488 3178 voluerit
2548 3124 2739 3175 littera:
2784 3123 3024 3185 servire,
3077 3121 3312 3188 nihilque
3362 3131 3555 3188 praeter

2019 3228 2134 3266 cam
2155 3227 2414 3280 quaerere,
2443 3212 2686 3264 ostendat
2723 3209 2989 3276 quomodo
3023 3222 3206 3261 verum
3247 3209 3388 3261 dicat
3421 3207 3554 3260 Pro-

2021 3303 2195 3369 pheta,
2219 3315 2337 3354 cnm
2366 3301 2442 3352 ait
2461 3301 2535 3352 ‘°:
2561 3317 2578 3348 ι
2609 3299 2800 3350 Dentes
2828 3303 3165 3362 peccatorum
3195 3296 3547 3348 contrivisti.»

2021 3390 2374 3454 Quaerendum
2407 3397 2488 3440 est
2515 3387 2636 3456 quis
2665 3385 2848 3449 David,
2892 3386 3012 3452 quis
3037 3385 3304 3448 Absalom,
3344 3395 3397 3438 et
3431 3385 3551 3451 qni-

2021 3495 2141 3533 nam
2183 3479 2342 3532 fuerit
2373 3478 2488 3545 ejus
2534 3477 2793 3529 adversus
2826 3483 3030 3541 patrem
3075 3475 3320 3541 impetus,
3353 3487 3404 3527 et
3436 3491 3552 3540 qua:

2021 3569 2143 3636 fuga
2176 3567 2334 3635 regis,
2365 3568 2453 3635 qui
2486 3566 2712 3633 benigne
2739 3564 2844 3616 fert
2877 3562 2968 3614 lilii
3011 3576 3230 3629 regnum
3273 3561 3388 3627 ejus
3433 3561 3556 3616 alie-

2021 3657 2232 3717 ctantis,
2272 3654 2647 3714 rebellionem,
2703 3661 2756 3706 et
2802 3652 3031 3705 subditis
3080 3651 3192 3703 suis
3234 3651 3458 3717 imperat
3497 3660 3556 3703 nt

2020 3753 2242 3809 parcant
2298 3743 2405 3796 filio
2456 3741 2726 3796 Absalom.
2785 3738 3034 3792 Pluribus
3080 3752 3209 3792 sane
3259 3737 3550 3806 Scriptura:

2021 3833 2153 3885 locis
2193 3831 2495 3884 invenimus
2516 3829 2770 3883 Davidem
2805 3843 2924 3882 esse
2949 3828 3243 3889 Christum,
3293 3825 3554 3893 quemad-

2022 3921 2235 3975 modum
2286 3923 2337 3973 in
2385 3919 2708 3989 octogesimo
2743 3928 2931 3972 octavo
2965 3917 3164 3985 psalmo
3184 3915 3224 3948 ⁸⁸
3253 3933 3267 3969 :
3314 3933 3332 3967 ι
3363 3915 3544 3968 Inveni

2023 4009 2186 4062 David
2223 4023 2436 4062 servum
2476 4021 2671 4069 meum,
2708 4006 2825 4059 oleo
2867 4015 3053 4060 sancto
3093 4005 3216 4058 unxi
3253 4019 3395 4067 eum,
3437 4017 3550 4054 ma-

2021 4114 2119 4153 nus
2158 4100 2299 4152 enim
2346 4112 2459 4152 mea
2499 4097 2844 4151 auxiliabitur
2870 4097 2940 4159 ei,
2973 4104 3026 4148 et
3055 4095 3329 4148 brachium
3379 4106 3550 4144 meum

2020 4186 2338 4242 confortabit
2363 4201 2505 4242 eum.
2549 4185 2689 4238 Nihil
2725 4185 2967 4253 proficiet
2999 4185 3245 4237 inimicus
3284 4183 3336 4235 in
3366 4183 3456 4246 'eo,
3498 4189 3552 4232 et

2023 4275 2161 4328 filius
2205 4273 2501 4342 iniquitatis
2545 4288 2647 4327 non
2684 4283 2914 4340 apponet
2948 4285 3142 4324 nocere
3175 4271 3246 4333 ei,
3280 4279 3333 4323 et
3370 4269 3552 4323 concl-

2020 4361 2138 4414 dam
2181 4374 2209 4411 a
2242 4359 2377 4412 facie
2419 4359 2585 4426 ipsius
2625 4360 2870 4412 inimicos
2907 4359 3041 4426 ejus,
3076 4366 3130 4410 et
3163 4357 3402 4410 odientes
3427 4370 3549 4409 eum

2019 4448 2071 4500 in
2111 4447 2283 4514 fugam
2332 4455 2664 4500 convertam.
2709 4445 2776 4499 Et
2825 4445 3026 4499 veritas
3067 4460 3204 4510 mea,
3246 4454 3302 4499 et
3339 4446 3550 4498 miseri-

2017 4537 2192 4590 cordia
2227 4550 2341 4589 mea
2375 4549 2492 4588 cum
2535 4534 2649 4602 ipso
2687 4553 2705 4590 ι
2755 4543 2808 4587 et
2846 4535 2896 4586 in
2935 4535 3149 4587 nomine
3192 4548 3310 4587 meo
3345 4533 3550 4587 exalta-

2015 4624 2158 4677 bitur
2193 4637 2360 4676 cornu
2406 4623 2539 4691 ejus,
2571 4631 2624 4675 et
2665 4637 2854 4689 ponam
2896 4622 2949 4674 in
2989 4622 3121 4674 mari
3165 4637 3375 4674 manum
3413 4623 3544 4686 ejus,

2013 4719 2066 4763 et
2091 4712 2140 4763 in
2172 4710 2474 4763 ﬂuminibus
2499 4710 2769 4762 dexteram
2799 4708 2932 4776 ejus.
2968 4709 3086 4778 Ipse
3120 4709 3385 4764 invocabit
3415 4723 3499 4762 me
3527 4726 3543 4764 :

2014 4799 2168 4850 Pater
2195 4813 2340 4851 meus
2365 4813 2423 4852 es
2449 4808 2522 4862 tu,
2552 4807 2605 4850 et
2631 4814 2728 4867 ego
2755 4800 3158 4866 primogenitum
3187 4814 3376 4866 ponam
3401 4799 3544 4851 illum

2013 4887 2278 4940 excelsum
2321 4902 2429 4954 pra:
2469 4888 2682 4956 regibus
2733 4898 2907 4941 terrm.
2943 4887 2998 4940 In
3027 4896 3282 4941 aeternum
3323 4886 3546 4940 servabo

2015 4976 2089 5028 illi
2141 4976 2557 5029 misericordiam
2595 4991 2799 5040 meam,
2848 4985 2902 5030 et
2948 4983 3319 5029 testamentum
3369 4988 3541 5026 meum

2017 5064 2168 5117 fidele
2202 5064 2323 5132 ipsi.
2373 5065 2438 5117 Et
2460 5063 2620 5136 548
2645 5079 2835 5132 ponam
2871 5065 2922 5116 in
2959 5064 3206 5116 smculum
3246 5061 3419 5115 saeculi
3458 5073 3541 5112 δας
3577 5120 3583 5128 ,

2018 5167 2137 5206 men
2165 5151 2301 5220 ejus,
2329 5161 2383 5206 et
2410 5153 2657 5206 thronum
2688 5154 2800 5218 ejus
2829 5152 2966 5205 sicut
2997 5152 3110 5204 dies
3141 5148 3279 5202 cazli.
3306 5165 3325 5196 ι
3380 5145 3442 5197 Ει
3486 5147 3540 5202 1η

2019 5236 2154 5291 Isaia
2200 5238 2410 5293 dicente
2429 5239 2558 5290 ":t
2591 5240 2652 5292 Et
2703 5239 2957 5305 dirigetur
3000 5251 3117 5287 cum
3180 5232 3540 5289 misericordia

2022 5327 2264 5386 thronus,
2301 5335 2352 5378 et
2379 5325 2584 5380 sedebit
2623 5326 2675 5378 in
2704 5339 2767 5377 eo
2797 5335 2914 5375 cum
2949 5319 3169 5372 veritate
3205 5317 3257 5370 in
3289 5314 3542 5370 taberna-

2104 5439 2147 5470 θ’
2181 5437 2300 5491 lsai.
2341 5453 2445 5502 ενι,
2472 5438 2522 5490 5.

430 5540 546 5604 (8|)
582 5540 650 5590 Et
685 5535 780 5604 καὶ
814 5533 1102 5604 δεύτερογ,
1132 5536 1234 5604 etc.
1259 5524 1434 5604 σημεῖ(
1489 5524 1599 5604 1120
1621 5526 1673 5588 4,
1715 5527 1895 5604 Daniel

2020 5531 2099 5604 rba
2109 5546 2216 5604 rus.

433 5591 552 5676 (82')
572 5603 738 5658 Δοκεῖ
769 5606 801 5656 ό
854 5591 1112 5671 ψαλλιός,
1153 5602 1256 5648 etc.
1309 5591 1486 5644 Codex
1535 5591 1907 5664 Baroccianns,

2021 5600 2246 5663 rderius,
2286 5597 2567 5650 Barbarus.
