3958 6266
271 268 408 326 1121
1308 263 1609 321 SELECTA
1639 267 1704 322 IN
1737 271 1835 324 PS.‘

1938 272 2064 329 IOS.
2091 304 2157 316 --
2193 272 2383 328 PSAL.
2426 273 2512 326 111.
3343 281 3478 335 “2%

266 394 468 438 νοντες.
507 369 608 424 Καὶ
648 359 932 456 ὥσπε-εγε-
969 373 1047 427 οὗ
1100 382 1246 436 κατὰ
1286 379 1532 452 πρόθεσιν
1566 383 1658 434 τοῦ
1684 401 1835 437 κακο-

1946 396 2118 440 tamen
2149 385 2354 455 allligit,
2386 386 2484 439 hoc
2521 387 2663 439 enim
2700 401 2764 440 ex
2809 392 2976 456 patris
3010 393 3060 445 in
3094 392 3262 446 ﬁlium
3293 409 3479 450 antoro

270 469 447 523 ποιεῖν
465 462 548 515 τὸν
579 452 777 551 πατέρα
805 448 1000 551 θλίϐει
1034 470 1314 540 μοχθηρὸς
1330 448 1461 531 *υἱὸς
1486 469 1575 521 τὸν
1596 487 1835 542 γεγεννη-

1948 475 2209 551 sequitur,
2243 485 2299 527 ut
2323 475 2435 541 ipse
2463 476 2698 540 peccatis
2727 477 2818 530 lilii
2850 479 3169 546 oll‘eudatur,
3203 484 3274 536 ita
3308 495 3361 536 ct
3385 503 3477 540 ue-

270 561 434 621 κότα,
479 551 606 607 ἀλλὰ
651 548 734 601 διὰ
781 544 879 616 τὴν
929 552 1159 611 ἐκείνου
1214 560 1444 631 στοργὴν
1479 559 1756 613 ἀκολουθεῖ
1790 563 1835 614 τί

1947 544 2114 632 (ιύἰιίο
2170 565 2585 632 uniuscujusque
2637 577 2969 632 peccatorum
3022 544 3240 626 tribu-lat
3283 576 3473 630 Filium

267 649 492 708 πάντως
536 638 801 695 θλίϐεσθαι
846 641 1022 697 αὐτὸν
1070 648 1165 700 ἐπὶ
1206 652 1316 712 τοῖς
1354 651 1704 720 ἁμαρτήμασι
1755 651 1835 703 τοῐ

1945 654 2057 708 Dei.
2083 656 2154 707 At
2177 667 2380 722 quanto
2411 657 2531 724 quis
2553 657 2796 723 pluribus
2821 659 3070 722 operibus
3093 661 3246 716 bonis
3268 665 3476 717 deditus

269 736 420 789 υἱοῦ”
467 737 554 788 τὸν
598 731 754 787 αὑτὸν
791 729 855 802 δὴ
888 735 1098 802 τρόπον
1131 741 1225 791 καὶ
1271 741 1304 808 ἡ
1338 739 1459 801 ἐνὸς
1491 742 1716 795 ἑκάστου
1744 740 1835 792 τῶι

1945 751 2046 808 est,
2081 751 2135 796 et
2155 743 2305 798 sanis
2329 744 2683 811 dogmatibus,
2717 753 2773 796 ut
2805 748 3141 810 praestantior
3167 764 3196 801 a
3238 751 3474 816 pluribus

264 826 698 897 ἁμαρτανόντων
731 824 896 876 κακία
923 825 1098 880 θλίόει
1127 830 1217 880 τὸν
1244 831 1370 881 Υίὸν
1395 829 1486 880 τοῦ
1521 830 1670 882 Θεοῦ.
1704 833 1835 899 Ὅσα

1947 831 2248 895 tribulatnr,
2296 833 2477 886 multis
2529 833 2928 900 insurgentibus
2977 835 3029 886 in
3084 851 3240 900 eum,
3293 840 3365 890 ita
3419 851 3478 893 ut

254 915 324 968 δέ
355 932 445 976 τις
470 915 531 965 ὲν
557 914 797 966 πλείοσιν
833 913 1059 980 ἀγαθοῖς
1104 916 1285 986 ἔργοις
1311 919 1518 984 γίνεται
1550 920 1643 971 καὶ
1671 921 1835 986 ὑγιέσι

1946 919 2093 970 multi
2131 933 2316 972 rursus
2338 920 2554 973 dicant:
2593 937 2611 970 ι
2649 918 2765 973 Non
2805 929 2889 974 est
2910 921 3053 975 salus
3083 922 3181 990 ipsi
3208 924 3260 976 in
3293 926 3418 990 Deo,
3446 947 3464 978 ι
3531 940 3533 942 ·

256 1006 567 1074 δόγμασιν,
600 1007 677 1068 ὡς
707 1004 902 1076 μείζων
939 1007 1041 1059 ὑπὸ
1071 1009 1326 1060 πλειόνων
1359 1008 1615 1071 θλίϐεται,
1647 1011 1835 1062 πολλῶι

1945 1006 2287 1071 desperantes
2319 1007 2383 1060 de
2421 1007 2578 1062 rebus
2603 1009 2788 1074 ipsius,
2825 1010 2866 1063 si
2899 1024 2930 1063 a
2957 1010 3100 1063 nullo
3132 1011 3387 1076 ejusmodi
3421 1018 3474 1067 in

259 1097 733 1165 ἐπανισταμένων
766 1097 937 1166 αύτῷ,
973 1097 1096 1149 ὥστ’
1121 1097 1184 1152 ἂν
1219 1098 1437 1162 πολλοὺς
1472 1099 1630 1151 πάλιν
1658 1101 1835 1162 εἰπεῖν,

1944 1093 2114 1145 salute
2139 1095 2506 1160 consequenda
2545 1096 2789 1148 laedatur.
2821 1097 3090 1150 Permittit
3119 1112 3297 1152 autem
3340 1102 3476 1156 Deus

263 1202 288 1233 ι
329 1184 448 1236 Οὐκ
481 1183 599 1234 ἐστι
631 1184 876 1252 σωτηρία
911 1184 1056 1253 αὐτῷ
1085 1185 1142 1236 ὲν
1174 1184 1250 1252 τῷ
1280 1185 1416 1252 Θεῷ,
1459 1203 1477 1234 ι
1519 1184 1835 1250 ἀπογνόντας

1939 1179 2139 1244 justum
2171 1194 2202 1232 a
2227 1180 2464 1246 pluribus
2493 1181 2676 1250 allligi,
2705 1194 2764 1238 ut
2791 1184 2838 1236 ei
2863 1186 3111 1251 ponderis
3136 1187 3320 1255 gloriae
3359 1203 3476 1255 quae

254 1272 337 1324 τὰ
367 1271 492 1324 κατ’
509 1272 766 1335 αὐτὸν,εί
797 1271 901 1324 ὑπὸ
932 1273 1150 1341 μηδενὸς
1174 1273 1280 1326 τῶν
1303 1273 1551 1325 τοιούτων
1570 1276 1648 1335 είς
1677 1289 1835 1340 σωτη-

1945 1270 2343 1324 tribulationum
2377 1275 2736 1340 magnitudine
2755 1286 3112 1344 comparatur,
3135 1257 3474 1332 occasionem

257 1359 397 1427 ρίαν
431 1359 791 1428 βλαϐήσεται.
841 1360 1055 1430 ’Δφίησι
1089 1361 1143 1412 δὲ
1181 1363 1210 1413 6
1239 1361 1367 1422 Θεὸς
1400 1360 1620 1422 πολλοὺς
1651 1360 1835 1411 θλίϐειν

1944 1359 2195 1425 praebeat.
2229 1359 2378 1424 Quod
2409 1362 2452 1414 si
2479 1361 2656 1427 justus
2691 1363 2957 1417 interdum
2990 1379 3184 1431 anceps
3225 1381 3286 1418 ac
3319 1368 3476 1420 haesi-

256 1447 358 1499 τὸν
385 1447 622 1511 δίκαιον,
649 1449 824 1511 διδοὺς
855 1449 1003 1517 αύτῷ
1041 1449 1289 1519 ἀφορμὴν
1318 1449 1512 1519 βάρους
1539 1449 1692 1517 δόξης
1741 1449 1835 1499 ἀπὶ

1945 1458 2065 1501 tans
2106 1449 2250 1502 dicat
2280 1452 2408 1515 Deo,
2449 1467 2468 1500 ι
2497 1453 2633 1516 Quid
2663 1453 2997 1521 multiplicati
3038 1467 3163 1508 sunt
3191 1457 3280 1523 qui
3309 1457 3476 1508 tribu-

255 1535 378 1588 τῶν
398 1537 861 1606 ὑπερϐαλλούσῶν
881 1537 1108 1605 θλίψεων
1133 1539 1514 1608 ὑφισταμένης.
1533 1539 1636 1590 Καὶ
1666 1535 1835 1588 εἴποτε

1942 1539 2050 1591 lant
2093 1540 2224 1592 me?
2267 1541 2441 1593 adhuc
2483 1555 2548 1592 eo
2597 1541 2847 1608 loquente
2890 1545 3056 1597 dicit:
3087 1546 3222 1598 Ecce
3264 1548 3470 1612 adsum,

257 1625 292 1674 6
321 1624 534 1688 δίκαιος
551 1626 848 1696 ὲπαπορῶν
869 1626 1015 1692 λέγοι
1037 1626 1113 1695 τῷ
1139 1627 1272 1695 Θεῷ·
1299 1646 1318 1676 ι
1357 1627 1418 1678 Τί
1443 1625 1835 1695 ὲπληθύνθησαν

1943 1633 2002 1678 ut
2032 1637 2402 1680 momentanea
2436 1628 2711 1684 tribulatio
2735 1631 3048 1685 immensum
3072 1633 3252 1699 gloria:
3272 1635 3474 1700 pondus

256 1713 314 1762 οἱ
365 1711 650 1776 θλίὸοντές
701 1731 799 1783 με;
861 1715 939 1766 ἐτι
992 1713 1151 1766 αὐτοῦ
1194 1714 1475 1778 λαλοῦντος
1526 1716 1659 1783 ἐρεῖ·
1707 1712 1832 1764 Ἰδοὺ

1938 1714 2027 1765 tibi
2059 1726 2348 1783 comparet.
2389 1738 2407 1769 ι
2434 1719 2766 1786 Quapropter
2819 1736 2838 1769 ι
2886 1720 3062 1774 multa:
3095 1732 3219 1774 sunt
3254 1723 3470 1774 tribula-

259 1802 526 1872 πάρειμι,
547 1804 639 1860 ἵνα
673 1803 837 1873 βάρος
852 1805 1007 1872 δόξης
1035 1804 1326 1874 ἐργάσηταί
1348 1820 1428 1854 σοι
1446 1804 1505 1854 τὸ
1531 1801 1835 1871 παραυτίκα

1942 1803 2114 1856 tiones
2147 1804 2497 1872 iustorum".
2534 1825 2552 1857 ι
2604 1807 2660 1860 Si
2703 1808 2846 1861 salus
2891 1818 2995 1872 est,
3044 1825 3148 1862 non
3198 1820 3376 1864 autem
3419 1813 3471 1865 iu

259 1887 507 1956 ἐλαφρὸν
531 1889 634 1957 τῆς
665 1889 894 1956 θλίψεως
915 1890 1031 1941 καθ’
1063 1890 1412 1959 ὑπερϐολήν·›
1447 1890 1526 1941 διὸ
1555 1891 1645 1940 καὶ
1670 1907 1687 1936 ι
1718 1889 1835 1940 πολ-

1941 1889 2066 1951 Deo,
2096 1894 2287 1947 merito
2313 1895 2699 1960 additur’ilhul,
2730 1913 2749 1945 ‹
2784 1897 2834 1948 in
2865 1897 2991 1950 Deo.
3035 1916 3053 1950 ι
3248 1893 3258 1902 ’

261 1975 354 2027 λαί
388 1977 448 2028 αί
483 1976 702 2045 θλίψεις
731 1978 838 2029 τῶν
870 1978 1107 2030 δικαίων.
1141 1997 1160 2029 ι
1199 1980 1262 2030 Εἰ
1296 1978 1410 2030 ἔστι
1455 1978 1692 2046 σωτηρία
1726 1978 1842 2046 μὲν,
1895 1979 1992 2030 οὐκ
2028 1980 2085 2032 ὲν
2135 1981 2212 2050 τῷ
2247 1983 2362 2053 Θεῷ
2395 1985 2472 2047 δὲ,
2507 1985 2724 2046 δικαίως
2760 1986 3069 2055 πρόσκειται
3113 1989 3190 2050 τὸ,
3231 2007 3249 2039 ι
3294 1991 3351 2043 ὲν
3395 1990 3475 2058 τῷ

260 2062 404 2130 Θεῷ.
456 2081 477 2111 ι

337 2153 421 2206 Σὺ
457 2153 554 2215 δὲ,
590 2154 788 2219 Κύριε,
815 2153 1183 2221 ἀντιλήπτωρ
1199 2172 1316 2222 μου
1343 2151 1414 2219 εἴ,
1445 2154 1591 2217 δόξα
1608 2171 1724 2221 μου
1740 2154 1835 2206 καί

262 2241 443 2308 ὑψῶν
469 2241 595 2306 τὴν
628 2241 900 2308 κεφαλήν
926 2259 1064 2308 μου,
1099 2259 1154 2292 κ.
1183 2258 1232 2292 τ.
1270 2243 1313 2293 ὲ.
1355 2241 1476 2293 Ἐὰν
1503 2243 1598 2310 μὲν
1624 2241 1651 2292 ὁ
1677 2240 1836 2291 Δαυῖδ

262 2329 397 2402 λέγῃ
411 2331 556 2400 (84),
579 2330 864 2400 πρέπουσα
888 2335 951 2400 τῇ
979 2331 1154 2382 πίστει
1182 2331 1274 2383 τοῦ
1296 2332 1573 2400 Προφήτου
1601 2333 1632 2400 η
1665 2328 1832 2398 φωνὴ,

265 2422 542 2481 ἀσείστως
575 2420 832 2490 φέροντος
863 2419 958 2481 τὰς
988 2420 1312 2490 τηλικαύτας
1337 2421 1694 2490 περιστάσεις,
1743 2421 1835 2470 καὶ

2015 2160 2169 2205 Vens.
2213 2152 2267 2204 4.
2311 2151 2384 2204 Tu
2423 2166 2615 2222 autem,
2651 2154 2888 2217 Domine,
2915 2166 3180 2222 susceptor
3216 2174 3357 2210 meus
3391 2175 3470 2222 es,

1938 2239 2104 2309 gloria
2127 2255 2238 2292 mea
2273 2249 2322 2292 et
2364 2241 2601 2293 exultans
2628 2252 2779 2306 caput
2821 2253 3008 2304 meum,
3054 2254 3156 2295 etc.
3206 2245 3260 2296 Si
3302 2245 3470 2298 David

1940 2328 2028 2380 hic
2054 2327 2311 2394 loquitur,
2359 2336 2716 2380 consentanea
2753 2337 2838 2381 est
2880 2342 2983 2382 vox
3017 2329 3291 2399 Propheta:
3322 2332 3470 2395 ﬁdei,

1937 2417 2160 2469 viriliter
2191 2425 2267 2469 tot
2294 2416 2662 2470 tribulationes
2688 2415 3024 2484 perferentis,
3057 2429 3110 2471 et
3151 2435 3210 2472 se
3245 2437 3348 2473 non
3379 2421 3470 2474 de-

1938 2507 2181 2560 relictum
2207 2507 2292 2570 iri,
2313 2507 2403 2561 sed
2427 2515 2620 2574 praeter
2647 2508 2901 2560 auxilium
2927 2509 3064 2576 quod
3084 2518 3284 2575 sperat,
3302 2511 3466 2563 etiam

1935 2594 2138 2662 ingenti
2170 2593 2220 2646 in
2251 2593 2364 2647 Deo
2399 2593 2572 2662 gloria
2600 2607 2915 2662 summoque
2940 2597 3141 2649 honore
3163 2597 3214 2648 in
3246 2611 3473 2664 regnum

1934 2684 2238 2736 restitutum
2282 2682 2346 2734 iri
2385 2680 2733 2734 conﬁdentis.
2784 2682 2840 2734 Si
2891 2691 3068 2736 autem
3103 2685 3347 2738 Christus
3389 2685 3465 2739 lo-

267 2508 625 2570 πεποιθότος,
666 2509 746 2559 ὅτι
790 2508 888 2559 οὐκ
934 2509 1497 2577 ἐγκαταλειφθήσεται,
1535 2509 1667 2560 ἀλλὰ
1701 2508 1834 2576 πρὸς

266 2596 346 2664 τῷ
371 2594 700 2664 βοηθεῖσθαι
732 2595 824 2647 καὶ
853 2596 909 2645 ὲν
937 2593 1054 2662 Θεῷ
1080 2593 1462 2663 δοξασθήσεται
1493 2594 1583 2644 καὶ
1621 2591 1836 2659 ὑψωθή-

271 2699 422 2736 σεται
469 2683 981 2751 ἀποκαθιστάμενος
1019 2685 1096 2744 είς
1130 2683 1226 2751 τὴν
1271 2683 1560 2750 βασιλείανο
1599 2683 1689 2734 ἐὰν
1716 2681 1772 2732 δὲ
1810 2682 1838 2732 6

268 2773 512 2844 Χριστὸς
562 2774 594 2824 ὁ
635 2773 806 2840 λέγων
835 2773 1186 2844 τυγχάνῃ.....
1225 2775 1508 2826 πεπεῖσθαι
1535 2773 1704 2835 οὕτως
1747 2773 1835 2826 καὶ

1938 2771 2135 2837 quitur,
2184 2771 2295 2823 haac
2340 2770 2473 2823 dicit
2503 2778 2689 2836 utpote
2721 2771 2808 2836 qui
2839 2771 3073 2824 conﬁdat
3115 2785 3174 2824 se
3215 2773 3464 2827 omnibus

269 2863 392 2930 περὶ
431 2861 535 2914 τοῦ
584 2861 984 2929 ἀναστήσεσθαι
1026 2863 1118 2912 καί
1159 2862 1314 2914 πάλιν
1346 2864 1417 2923 ὡς
1452 2863 1574 2932 περὶ
1603 2862 1694 2914 τοῦ
1723 2862 1835 2912 ἐπι-

1938 2860 2306 2912 insidiatorum
2328 2859 2568 2912 consiliis
2581 2860 2853 2928 dissipatis
2881 2861 2935 2912 in
2966 2862 3132 2914 vitam
3157 2871 3468 2915 revocatum

268 2949 739 3019 ϐουλευθήσεσθαι
764 2951 866 3002 ὑπὸ
886 2950 1200 3021 ἀνθρώπων,
1232 2952 1324 3002 xal.
1357 2953 1484 3022 περὶ
1511 2951 1603 3003 τοῦ
1640 2951 1711 3020 μὴ
1742 2953 1835 3018 ὲγ-

1939 2951 2042 3014 iri,
2075 2951 2396 3017 suscipiente
2422 2950 2569 3004 illum
2596 2949 2775 3013 Patre,
2806 2958 2860 3004 et
2893 2951 2942 3002 iu
2976 2951 3262 3018 pristinum
3291 2951 3474 3020 gloria!

269 3039 831 3109 καταλειφθήσεσθαι,
867 3040 1282 3110 ἁντιληψομένου
1318 3041 1476 3092 αὐτὸν
1505 3040 1597 3092 τοῦ
1634 3042 1835 3109 Πατρὸς

1938 3039 2270 3106 splendorem
2319 3040 2658 3103 restituente,
2693 3049 2851 3107 atque
2881 3039 3151 3093 exaltante
3179 3041 3264 3093 vel
3303 3039 3466 3094 etiam

268 3131 358 3181 καὶ
388 3130 947 3198 ἀποκαταπήσοντος
963 3130 1120 3181 αὑτὸν
1149 3128 1239 3180 ἐπὶ
1270 3131 1364 3198 τὴν
1393 3129 1452 3192 ἐξ
1471 3131 1640 3199 ἀρχῆς
1663 3130 1834 3193 δόξαν,

1938 3128 2364 3195 superexaltante
2427 3127 2612 3193 illum,
2688 3127 3131 3194 quemadmodum
3189 3128 3265 3184 ait.
3324 3128 3473 3195 Apo-

268 3218 596 3286 ὐψώσαντός
616 3234 676 3268 τε
693 3217 873 3280 αὐτὸν,
905 3218 937 3286 ἢ
969 3218 1062 3269 καὶ
1087 3217 1528 3287 ὑπερυψὼσαντος
1543 3219 1658 3270 καθ’
1687 3219 1722 3278 ᾇ
1747 3219 1835 3270 καὶ

1938 3220 2100 3270 stolus
2126 3220 2206 3270 ⁸⁸τ
2245 3235 2265 3266 ι
2297 3217 2585 3283 Propterea
2622 3217 2760 3269 Deus
2781 3216 3038 3269 exaltavit
3081 3215 3250 3285 illum,
3292 3223 3347 3268 et
3377 3215 3474 3268 do-

265 3308 294 3358 6
338 3306 674 3368 ’Λπόστολός
699 3322 878 3373 φησιν·
905 3322 924 3354 ί
949 3305 1044 3356 Διὰ
1076 3305 1232 3356 τοῦτο
1260 3309 1288 3358 ὁ
1311 3306 1440 3367 Θεὸς
1481 3305 1636 3357 αὑτὸν
1681 3307 1835 3375 ὑπερ-

1945 3305 2090 3358 navit
2113 3304 2185 3357 illi
2209 3317 2402 3356 nomen
2425 3300 2564 3367 quod
2596 3308 2678 3353 est
2702 3313 2862 3365 super
2886 3313 3044 3352 omne
3067 3314 3286 3364 nomen,
3320 3309 3381 3354 ut
3417 3301 3472 3354 in

266 3395 451 3463 ύψωσε
491 3396 593 3448 καὶ
625 3395 914 3464 ἐχαρίσατο
945 3395 1092 3463 αὐτῷ
1135 3395 1300 3463 ὄνομα
1338 3395 1396 3446 τὸ
1427 3395 1563 3463 ὑπὲρ
1591 3396 1695 3446 πᾶν
1727 3395 1839 3446 ovo-

265 3503 360 3554 μα,
389 3487 487 3538 ἵνα
517 3487 579 3538 ὲν
604 3485 685 3553 τῷ
705 3484 929 3552 ὀνόματι
967 3483 1139 3552 Ἰησοῦ
1171 3485 1275 3535 πᾶν
1304 3483 1430 3550 γόνυ
1461 3483 1648 3552 κάμψῃ
1678 3484 1836 3534 ὲπουυ

263 3577 496 3644 ρανίων,
535 3574 634 3626 καὶ
668 3572 942 3638 ἐπιγείων,
983 3572 1075 3623 καὶ
1122 3571 1503 3640 καταχθονίων.
1537 3573 1644 3622 Καὶ
1691 3573 1837 3624 πᾶσα

260 3665 494 3732 γλῶσσα
522 3662 998 3731 ἐξομολογήσεται,
1031 3663 1111 3714 ὅτι
1144 3661 1340 3730 Κύριος
1383 3659 1586 3729 Ἰησοῦς
1610 3659 1836 3730 Χριστὸς

260 3756 340 3816 είς
373 3752 546 3815 δόξαν
583 3749 721 3802 Θεοῦ
773 3751 1001 3819 Πατρός.
1040 3768 1057 3800 ι
1096 3749 1247 3801 Ἐστι
1277 3749 1332 3800 δὲ
1359 3749 1612 3817 διάφορος
1645 3750 1678 3816 ἡ
1713 3747 1834 3809 δόξα

259 3842 370 3894 τῶν
399 3839 678 3910 οἰομένων
707 3833 842 3891 εἶναι
873 3841 930 3890 ὲν
961 3837 1114 3906 αὐτῇ·
1152 3837 1244 3889 καὶ
1269 3838 1296 3887 ὁ
1321 3835 1418 3904 μέν
1441 3853 1522 3897 τις
1552 3835 1705 3898 δόξαν
1733 3837 1834 3905 φή-

260 3949 352 3985 σαι
401 3933 474 3986 ἂν
510 3929 655 3984 εἶναι
699 3928 863 3982 αὑτοῦ
897 3927 992 3997 τὴν
1034 3926 1284 3997 πατρίδα“
1314 3927 1342 3976 ό
1371 3926 1427 3978 δέ
1459 3942 1540 3987 τις
1575 3925 1634 3977 τὸ
1662 3925 1834 3992 γένος,

1938 3927 2239 3980 decertandi
2291 3929 2344 3979 in
2383 3940 2570 3994 agone,
2611 3926 2830 3978 multum
2882 3925 3010 3980 elati
3060 3925 3202 3992 quod
3242 3925 3340 3978 hos
3384 3924 3474 3978 vel

258 4022 426 4083 ἄλλος
453 4020 516 4071 δέ
549 4037 635 4082 τις
660 4019 722 4070 τὸ
743 4017 951 4077 κάλλοςο
985 4016 1088 4066 elei.
1109 4015 1165 4066 δὲ
1185 4013 1234 4066 οἳ
1266 4012 1364 4082 τὴν
1393 4011 1580 4082 ῥώμην
1608 4011 1700 4065 τοῦ
1736 4011 1835 4065 σώ-

1938 4014 2052 4068 illos
2087 4014 2340 4069 luctando
2368 4014 2617 4068 vicerint.
2654 4015 2719 4067 Et
2746 4015 2875 4082 quid
2903 4027 3116 4068 necesse
3158 4021 3239 4067 est
3283 4026 3471 4067 recen-

261 4129 466 4181 ματος,
489 4111 590 4163 καί
610 4109 712 4178 τὴν
743 4110 798 4158 ἐν
829 4107 906 4176 τῷ
927 4103 1278 4172 ἀγωνίζεσθαι
1304 4101 1622 4171 σωματικῶς
1645 4103 1835 4172 τέχνην

1938 4118 2050 4157 sere
2072 4118 2134 4157 ea
2169 4105 2237 4158 de
2265 4105 2457 4171 quibus
2492 4104 2792 4172 gloriantur
2819 4103 2890 4155 dii
2927 4103 3258 4172 ignorantes,
3299 4116 3470 4170 (quo-

259 4202 427 4268 δόξαν
455 4202 598 4256 ἰδίαν
629 4195 770 4252 εἶναι
800 4196 1127 4265 νενομίκασι,
1151 4195 1288 4264 μέγα
1309 4191 1621 4262 φρονοῦντες
1648 4193 1738 4243 ἐπὶ
1761 4192 1835 4261 τῷ

1938 4207 2054 4244 rum
2084 4207 2222 4260 sepe
2249 4193 2419 4262 gloria
2453 4195 2517 4245 ~in
2567 4192 2880 4245 confusione
2917 4199 3016 4253 est,
3055 4210 3073 4242 ι
3114 4199 3172 4244 ut
3213 4191 3291 4245 ait
3328 4191 3471 4255 Apoc

259 4291 526 4345 τοσούσδε
583 4286 1132 4342 καταπεπαλαικέναι.
1178 4285 1286 4336 Καὶ
1325 4283 1376 4335 τί
1417 4285 1496 4336 δεῖ
1523 4281 1831 4349 καταλέγειν

1938 4281 2103 4334 stolns
2130 4254 2207 4331 “ll
2229 4254 2413 4336 Sancti
2438 4291 2616 4336 autem
2639 4281 2804 4350 gloria
2838 4279 2980 4334 Deus
3005 4289 3090 4334 est
3115 4280 3199 4334 cui
3225 4254 3471 4342 conlidit,

1949 3393 2164 3446 nomine
2189 3390 2314 3445 Jesu
2339 3402 2494 3442 omne
2517 3401 2655 3454 genu
2677 3386 2935 3448 ﬂectatur,
2961 3386 3276 3450 caalestium,
3305 3396 3478 3446 terres

1933 3482 2146 3541 striutn,
2188 3489 2241 3529 et
2273 3479 2625 3544 internorum,
2651 3489 2704 3532 et
2745 3480 2920 3532 omnis
2947 3479 3124 3546 lingua
3153 3479 3474 3532 conﬁteatur

1932 3571 2058 3638 quia
2115 3567 2366 3621 Dominus
2422 3565 2581 3623 Jesus
2633 3568 2883 3621 Christus
2932 3567 2986 3620 in
3029 3567 3198 3636 gloria
3244 3575 3327 3622 est
3373 3567 3470 3622 Dei

1933 3660 2128 3714 Patris.
2160 3677 2180 3711 ι
2205 3657 2473 3716 Ceterum
2498 3659 2550 3711 in
2580 3657 2743 3711 variis
2770 3656 3012 3710 homines
3051 3656 3274 3723 gloriam
3317 3670 3469 3710 suam

1935 3758 2160 3817 ponunt,
2189 3748 2322 3803 alius
2343 3749 2395 3802 in
2424 3750 2616 3817 patria,
2649 3749 2783 3804 alius
2809 3748 2864 3801 in
2895 3762 3114 3817 genere,
3141 3746 3277 3802 alius
3307 3745 3468 3815 550

1934 3837 1986 3888 in
2012 3837 2422 3904 pulchritudine,
2450 3837 2540 3888 alii
2559 3837 2610 3888 in
2633 3837 2870 3902 corporis
2898 3837 3108 3898 robore,
3129 3845 3180 3889 et
3202 3835 3253 3888 in
3279 3835 3465 3901 peritia

258 4383 329 4434 τὰ
376 4383 466 4452 ἐφ’
494 4377 583 4442 οἷς
616 4375 965 4447 σεμνύνονται
989 4375 1036 4425 οἱ
1068 4373 1176 4425 θεοὶ
1208 4371 1522 4437 ἀγνοοῦντες
1553 4389 1570 4420 ι
1606 4365 1679 4423 ὧν
1704 4369 1830 4421 πολ-

259 4471 422 4533 λάκις
447 4473 482 4540 ἡ
499 4467 636 4530 δόξα
663 4467 720 4516 ὲν
735 4465 798 4532 τῇ
822 4461 1044 4532 αἰσχύνῃ
1067 4480 1083 4510 ι
1113 4460 1361 4528 τυγχάνει
1391 4457 1530 4510 κατὰ
1559 4459 1646 4511 τὸν
1679 4458 1832 4510 ’Λπό-

265 4561 485 4622 στολον;
523 4553 638 4608 Τοῦ
674 4552 730 4604 δὲ
757 4551 904 4618 ἁγίου
921 4550 1042 4612 δόξα
1070 4549 1218 4610 Θεὸς,
1237 4542 1536 4613 ᾧπέποιθε,
1559 4547 1828 4614 τυγχάνει·

265 4651 361 4702 καὶ
385 4650 486 4718 οὐχ
520 4645 604 4706 ὡς
633 4642 789 4710 ἔτυχε
824 4637 1240 4707 πεπιστευμένη,
1269 4635 1402 4688 ἀλλὰ
1421 4633 1595 4685 πίστει
1627 4634 1833 4702 λογιζο-

269 4739 405 4808 μένῃ
430 4739 516 4799 είς
551 4727 919 4799 δικαιοσύνην,
940 4727 1003 4778 δι’
1031 4727 1096 4796 ἢν
1129 4725 1219 4776 καὶ
1249 4724 1442 4792 σημεῖα
1468 4721 1601 4774 Θεοῦ
1634 4741 1834 4794 παρου-

273 4828 389 4891 σίας
445 4825 550 4880 καὶ
593 4819 698 4889 τῆς
746 4817 1018 4886 δυνάμεως
1054 4813 1213 4867 αὑτοῦ
1255 4809 1533 4872 κοινωνίας
1570 4811 1839 4883 θεωρῆσαι

271 4916 492 4970 δυνατόν
528 4913 706 4964 ἐστιν·
747 4903 854 4960 οἷον
886 4905 1008 4967 δόξα
1038 4901 1314 4960 Μωῦσέως
1343 4899 1370 4950 ὁ
1394 4897 1524 4960 Θεὸς
1557 4901 1651 4952 καὶ
1682 4901 1841 4970 μέχρι

278 5004 570 5075 προσώπου
603 4996 768 5050 αὑτοῦ
817 4991 1104 5066 μαρτυρῶν
1146 4991 1210 5058 τῇ
1256 4987 1400 5075 φιλίᾳ
1440 4987 1534 5040 τοῦ
1561 4992 1840 5060 προφήτου

279 5074 365 5145 καὶ
407 5093 507 5145 ἐπὶ
571 5087 770 5148 παντὸς
818 5083 910 5137 τοῦ
955 5078 1212 5149 Ἐϐραίων
1243 5074 1366 5127 λαοῦ
1391 5078 1478 5128 καὶ
1522 5079 1840 5145 Αἰγυπτίων

283 5181 554 5250 ὶμφανῶς,
593 5175 731 5244 Δόξα
761 5174 818 5229 δὲ
868 5170 1047 5223 Ἡλίου
1075 5165 1162 5216 τοῦ
1202 5165 1468 5231 προφήτου
1514 5167 1546 5217 ό
1575 5167 1716 5229 Θεὸς
1751 5166 1838 5238 ἦν,

285 5271 592 5340 ἀνιστῶντος
620 5271 714 5326 τὸν
749 5263 854 5333 τῆς
880 5261 1058 5329 χήρας
1088 5254 1211 5314 υἱὸν,
1249 5254 1340 5304 καὶ
1372 5255 1676 5325 εὐχομένου
1717 5262 1842 5330 περὶ

1937 4371 2124 4439 gloria,
2157 4372 2392 4440 inquam,
2437 4385 2544 4424 non
2588 4379 2786 4424 temere
2837 4371 3060 4434 credita,
3094 4371 3190 4423 sed
3225 4369 3324 4422 [ide
3354 4384 3473 4436 quae

1939 4469 2216 4528 reputatur
2262 4461 2326 4512 ad
2372 4460 2665 4528 justitiam,
2707 4475 2801 4527 per
2839 4475 2997 4527 quam
3036 4468 3089 4514 et
3139 4462 3288 4528 signa
3333 4473 3471 4527 pra:-

1937 4549 2119 4603 sentize
2146 4547 2239 4602 Dei
2263 4557 2318 4601 et
2347 4548 2738 4602 communionis
2761 4549 2975 4603 virtutis
2994 4549 3108 4615 ejus
3139 4551 3323 4604 videre
3362 4556 3467 4600 est.

1939 4635 2030 4690 Sic
2074 4635 2270 4704 Moysis
2319 4637 2487 4703 gloria
2521 4645 2641 4690 erat
2676 4637 2814 4689 Dens
2843 4637 2928 4703 qui
2969 4647 3223 4703 quantum
3265 4645 3472 4690 amaret

1939 4724 2273 4792 prophetam,
2306 4724 2466 4777 etiam
2495 4740 2662 4793 usque
2692 4727 2757 4776 ad
2791 4723 2944 4778 faciei
2979 4739 3087 4778 sua:
3112 4727 3473 4779 ostensionem

1940 4815 2230 4868 declaravit
2265 4824 2320 4866 et
2365 4827 2543 4868 coram
2592 4815 2736 4866 oni
2789 4813 3132 4868 llebraaorum
3171 4813 3366 4882 popqu
3414 4822 3471 4866 et

1939 4917 2120 4957 coram
2173 4900 2457 4970 Egyptiis.
2521 4902 2654 4956 Erat
2695 4902 2857 4956 etiam
2910 4902 3050 4957 Deus
3114 4902 3283 4970 gloria
3345 4900 3472 4952 Etim

1944 4990 2216 5059 prophetae
2249 4992 2338 5059 qui
2367 4991 2537 5044 vidua:
2566 4990 2730 5043 lilium
2774 4991 3068 5056 suscitavit,
3102 4998 3156 5042 et
3192 4988 3370 5040 oravit
3400 4986 3472 5038 ad-

1943 5080 2284 5135 ohtinendam
2314 5079 2565 5146 pluviam,
2603 5087 2658 5135 et
2698 5079 2950 5133 continuo
2981 5075 3262 5130 exauditus
3289 5080 3378 5123 est
3407 5070 3477 5122 ".

1947 5169 2118 5223 Verax
2150 5182 2277 5238 ergo
2303 5167 2465 5229 Deus,
2497 5183 2620 5220 cum
2653 5167 2726 5220 ait
2753 5185 2767 5220 :
2807 5183 2826 5216 ι
2864 5164 3234 5218 Glorilicantes
3254 5169 3344 5206 me
3366 5153 3485 5220 glo-

1945 5258 2182 5312 riﬁcabo.
2219 5275 2238 5308 ι
2273 5256 2386 5309 Νοιι
2422 5255 2598 5310 minus
2621 5265 2798 5309 autem
2826 5264 2984 5324 quam
3010 5249 3222 5302 illorum
3254 5240 3355 5306 qui
3388 5239 3492 5290 mi-

337 5409 528 5488 ”psal.
561 5425 774 5482 xxxm,
797 5400 894 5456 20.
975 5392 1022 5424 ⁸⁸
1049 5388 1268 5454 Philipp.
1300 5406 1356 5454 ιι,
1391 5395 1437 5449 9,
1520 5396 1574 5428 .,
1613 5395 1824 5470 thp.

1938 5441 1941 5457 .
1977 5398 2060 5454 l9.
2135 5397 2179 5428 ⁷ο
2208 5395 2228 5448 l
2263 5396 2393 5464 Reg.
2422 5409 2480 5456 ιι,
2511 5394 2600 5448 50.

303 5529 399 5658 (ἃς)
444 5537 795 5631 Ἐὰνμένδ
829 5517 1030 5580 Δαυῒδ
1052 5516 1200 5582 λέγῃ,
1242 5525 1343 5574 etc.
1375 5523 1577 5578 Codex
1619 5525 1835 5585 Baroct

1940 5544 2002 5584 us
2054 5536 2109 5582 et
2137 5523 2324 5582 Daniel
2348 5521 2638 5578 Barbarus.
