3958 6262
366 272 504 328 “‘25

1712 271 1800 323 EX
1839 267 2138 324 ORIGENE

3675 253 3823 305 «γει

364 385 542 438 racula
589 383 774 445 edunt,
824 383 1106 437 manifeste
1145 382 1314 452 gloria
1367 392 1450 436 est
1497 383 1672 443 Deus,
1719 383 1927 443 etiam;

2260 380 2294 440 Β,
2339 381 2437 433 καὶ
2499 382 2630 450 ἅμα
2687 378 2778 448 τῷ
2825 375 3037 428 αἰτεῖν
3097 368 3452 438 τυχόντος
3489 361 3823 427 ἀξιώσεως.

364 474 528 541 gloria
557 488 738 527 eorum
766 473 985 540 intelligi
1007 482 1179 541 potest
1201 474 1294 540 qtti
1312 474 1506 526 virtute
1529 474 1886 533 illustrantur,

362 577 518 629 quam
553 576 654 615 non
691 562 826 615 alius
849 577 1005 628 quant
1041 562 1196 614 Pater
1245 561 1346 614 illis
1390 561 1598 624 inserit,
1645 559 1732 627 qui
1773 571 1891 610 sese

363 652 428 702 ad
463 651 630 718 ipsum
663 650 855 703 animis
887 650 1284 717 suscipiendum
1319 650 1674 702 tradiderunt.

2004 470 2283 538 Ἀληθεύει
2315 469 2412 524 οὖν
2443 473 2473 523 6
2505 473 2760 540 φάσκων
2793 469 2975 530 Θεόςο
3037 485 3060 513 ι
3105 464 3299 522 Τοὺς
3345 456 3732 522 δοξάξοπάς
3760 473 3826 523 μι

1992 553 2221 617 δοξάσω.
2273 574 2292 606 ι
2325 557 2443 608 Οὐκ
2493 557 2740 610 ἔλαττον
2773 555 2842 606 δὲ
2892 552 3006 605 τοῦ
3052 549 3272 614 δόξαν
3323 541 3505 596 εἶναι
3547 542 3826 608 ἐμεξανῶς

1997 641 2088 693 τὸν
2113 643 2246 696 Θεὸν
2273 645 2383 698 τῶν
2422 646 2530 707 τὰς
2556 645 2922 715 τεραστίους
2959 641 3315 708 δυνάμεις
3351 633 3822 693 διακονούντων,

360 740 473 792 εστι
506 741 688 808 νοῆσαι
717 741 807 794 καὶ
839 742 927 793 ἐπὶ
956 741 1061 792 τῶν
1091 742 1155 792 δι’
1191 741 1383 810 ἀρετὴν
1409 739 1769 808 δοξαζομένων
1788 753 1800 765 ’
1831 734 1897 802 ῆν
1919 733 2018 783 οὐκ
2044 735 2203 798 ἄλλος
2226 738 2260 807 ἢ
2290 739 2320 789 6
2344 738 2540 808 Πατὴρ
2572 741 2636 790 ὲν
2669 741 2804 798 ταῖς
2847 737 3092 804 ψυχαῖς
3132 731 3291 784 τῶν
3331 727 3825 797 παρεστηκότων

360 833 552 894 αὐτοὺς
578 837 640 902 τῇ
672 835 897 902 ὑποδοχῇ
930 833 1090 885 αὐτοῦ
1115 834 1452 901 γεγέννηκεν.

437 921 596 974 Vens.
636 922 690 975 5.
752 921 882 974 Voce
930 937 1043 974 mea
1089 923 1156 973 ad
1209 921 1483 973 Dominum
1539 917 1795 977 clamavi,
1845 921 1892 965 et

363 1012 627 1064 exaudivit
659 1027 738 1065 me
767 1013 829 1064 de
855 1020 1025 1063 monte
1054 1021 1233 1064 sancto
1267 1011 1401 1078 ejus,
1433 1019 1542 1062 etc.
1566 1007 1752 1076 Opera:
1774 1020 1896 1074 pre-

363 1099 491 1151 tium
539 1109 621 1152 est
663 1113 920 1167 qumrere,
953 1113 1050 1152 cur
1075 1107 1224 1151 antea
1267 1097 1424 1151 dictis
1466 1111 1570 1150 non
1622 1093 1892 1162 praepositi

361 1189 469 1240 sint
497 1188 550 1240 lti
581 1189 684 1241 duo
710 1187 1112 1241 sentiversiculi.
1149 1185 1317 1241 Valde
1369 1187 1512 1239 enim
1557 1198 1891 1251 consequens

361 1285 477 1327 erat
548 1287 604 1328 ut
661 1285 785 1330 ante
829 1276 1118 1344 gratiarum
1179 1291 1274 1344 pro
1333 1275 1570 1341 acceptis
1619 1273 1891 1327 beneﬁciis

369 1362 658 1428 actionem,
687 1363 860 1417 oratio
889 1372 1196 1431 poneretur.
1232 1363 1320 1416 Sic
1358 1373 1537 1416 autem
1573 1360 1770 1414 solutio
1800 1359 1894 1412 ad-

365 1451 589 1505 hibenda
615 1461 696 1504 est
725 1471 737 1505 :
772 1452 885 1504 Non
912 1451 1082 1504 oratio
1113 1460 1193 1504 est
1224 1451 1362 1519 quod
1397 1451 1481 1503 hic
1529 1449 1742 1512 dicitur,
1789 1447 1883 1501 sed

362 1539 664 1594 declaratur
693 1540 990 1595 orationem
1021 1539 1216 1592 factam
1263 1553 1405 1592 esse.
1441 1537 1704 1603 Quoniam
1748 1536 1893 1590 enim

359 1626 534 1679 oratio
559 1634 764 1680 secreto
789 1625 930 1680 facta
955 1635 1093 1691 erat,
1144 1635 1193 1681 et
1241 1628 1397 1680 simul
1424 1635 1580 1695 atque
1624 1626 1764 1680 facta
1788 1634 1892 1690 est,

361 1715 612 1768 exaudita
651 1724 752 1776 est.
804 1715 914 1768 voti
965 1730 1179 1784 compos
1219 1715 1390 1768 factus
1425 1717 1514 1784 qui
1556 1729 1741 1782 preces
1786 1715 1895 1768 Deo
1929 1749 1970 1801 Β

365 1804 593 1868 fuderat,
619 1805 856 1872 apprime
891 1806 1000 1858 Deo
1023 1821 1120 1874 pro
1140 1807 1374 1874 acceptis
1397 1806 1671 1859 beneﬁciis
1693 1805 1894 1872 gratias

363 1893 587 1957 primum
659 1893 804 1960 agit,
877 1902 985 1946 turn
1048 1895 1238 1948 deinde
1303 1893 1605 1948 hominibus
1659 1893 1894 1948 declarat

363 1995 604 2044 quatiant
653 1980 904 2033 oraverit.
953 1980 1151 2045 Quodsi
1199 1981 1312 2036 vice
1359 1996 1513 2035 versa
1563 1981 1793 2050 egisset,
1845 1990 1899 2034 et

361 2068 515 2119 simul
565 2077 724 2136 atque
763 2070 991 2123 obtinuit
1021 2070 1162 2136 quod
1193 2071 1436 2137 petierat,
1477 2069 1804 2123 declarasset
1838 2084 1898 2123 se

362 2165 632 2223 precatum
681 2172 817 2221 esse,
865 2172 927 2210 ac
958 2157 1169 2225 ‘deinde
1214 2158 1414 2226 gratias
1468 2158 1699 2226 egisset,
1747 2171 1896 2213 certe

361 2245 653 2312 gratiarum
683 2245 912 2298 actionis
943 2259 1061 2312 quae
1089 2245 1198 2297 cito
1231 2245 1342 2298 ﬁeri
1370 2245 1618 2306 debebat,
1645 2245 1896 2298 meritum

366 2334 710 2395 inﬁrmasset,
746 2347 811 2387 eo
850 2333 994 2402 quod
1035 2333 1183 2399 prius
1211 2334 1585 2388 annuntiasset
1625 2335 1776 2389 nobis
1823 2335 1899 2387 le-

374 2421 623 2489 gentibus
649 2435 706 2473 se
728 2435 931 2474 orasse.
959 2420 1143 2474 Melius
1166 2435 1294 2474 vero
1324 2421 1377 2475 id
1409 2421 1474 2474 de
1493 2437 1599 2489 quo
1618 2423 1894 2490 quaeritur,

365 2513 443 2564 sic
473 2511 754 2564 solvetur:
795 2510 988 2564 Psalmi
1047 2510 1362 2579 principium
1418 2511 1659 2564 continet
1713 2526 1900 2577 preca-

364 2601 579 2654 tionem.
649 2600 848 2654 Deinde
902 2608 1022 2668 post
1070 2601 1431 2668 precationem
1478 2614 1507 2652 a
1550 2601 1899 2669 diapsalmate

361 2697 445 2741 est
483 2686 774 2757 gratiarum
813 2688 953 2740 actio
996 2687 1134 2754 quod
1161 2686 1453 2740 obtinuerit
1499 2701 1616 2754 qua:
1647 2688 1896 2754 petierat.

366 2777 602 2831 Tandem
643 2777 882 2830 absoluta
913 2777 1204 2846 gratiarum
1232 2779 1464 2842 actione,
1488 2775 1680 2831 faciem
1707 2779 1772 2830 ad
1801 2794 1897 2832 uos

367 2865 633 2944 convertit
660 2865 947 2933 Propheta,
983 2875 1036 2918 et
1062 2866 1502 2932 quemadmodum
1531 2882 1692 2920 orans
1723 2878 1900 2935 postu-

368 2957 472 3010 lata
497 2956 808 3018 obtinuerit,
831 2964 1036 3008 narrat.
1057 2954 1464 3010 Consideremus
1491 2971 1620 3010 vero
1640 2966 1896 3024 quantum

2073 911 2248 979 Φωνῂ⁴
2267 930 2386 980 μου
2403 913 2563 980 πρὸς
2589 913 2833 978 Κύριον
2853 907 3263 975 ἐκέκραξα·
3308 902 3441 956 καὶ
3482 901 3822 965 ἐπήκουσέ

1993 1018 2115 1068 μου
2147 1002 2217 1062 ἐξ
2265 1002 2445 1067 ὅρους
2477 1002 2662 1070 ἁγίου
2722 999 2966 1060 αὑτοῦ,
3016 1015 3088 1050 κ.
3135 1013 3207 1048 τ.
3272 996 3343 1046 ἑο
3391 991 3624 1056 Ἀξιον
3663 990 3823 1060 ζητῆ-

2003 1108 2091 1142 σαι
2123 1090 2236 1159 (ὃὸ)
2271 1091 2323 1142 τί
2356 1092 2564 1161 δήποτε
2601 1090 2681 1161 μὴ
2705 1090 3149 1160 προτέτακται
3199 1085 3302 1137 τὰ.
3349 1083 3472 1136 δύο
3513 1083 3822 1151 ήμιστίχια

1997 1181 2106 1234 τῶν
2140 1182 2584 1252 προειρημένων·
2620 1181 2847 1248 σφόδρα
2873 1180 3004 1250 γὰρ
3030 1177 3444 1232 ἀκόλουθον
3487 1175 3564 1228 τὸ
3599 1175 3711 1244 τὴν
3734 1175 3822 1226 εὑ-

1996 1269 2098 1338 χὴν
2150 1270 2524 1338 προτετάχθαι
2561 1271 2669 1339 τῆς
2711 1272 2816 1322 ἐπὶ
2863 1271 3009 1330 ταῖς
3065 1263 3540 1336 εὐεργεσίαις
3591 1263 3823 1331 εὐχαριο

1999 1358 2173 1420 στίας.
2208 1359 2414 1411 Λυτέον
2445 1359 2505 1411 δὲ
2539 1358 2727 1421 οὕτως
2769 1356 3163 1428 ἀπορρηθὲν
3188 1371 3206 1384 α
3275 1354 3462 1424 Οὐχὶ
3504 1353 3663 1422 εὐχή
3709 1354 3822 1405 ἐστι

1997 1450 2060 1501 τὸ
2092 1449 2386 1519 λεγόμενον
2425 1449 2646 1511 ἐνθάδε,
2699 1449 2828 1501 ἀλλ’
2879 1445 3301 1514 ἀπαγγελία
3359 1446 3529 1515 περὶ
3584 1444 3692 1496 τοῦ
3726 1444 3821 1514 τὴν

2001 1538 2166 1608 εὐχὴν
2195 1538 2502 1605 γεγονέναι.
2549 1539 2712 1590 Ἐπεὶ
2742 1537 2866 1606 γὰρ
2912 1536 3081 1606 εὐχὴ
3124 1535 3332 1587 κατὰ
3381 1535 3462 1586 τὸ
3504 1531 3820 1603 σιωπώμε-

2001 1642 2091 1678 νον
2123 1625 2336 1692 γέγονε⁹
2384 1628 2481 1678 καὶ
2510 1627 2633 1695 ἅμα
2662 1625 2748 1694 τῷ
2794 1624 3118 1689 εὔξασθαι
3162 1625 3516 1693 ἐπέτυχε,
3551 1623 3752 1676 λαϐὼν
3792 1623 3820 1675 ι

2001 1714 2251 1767 ἐϐούλετο
2277 1716 2306 1766 6
2337 1715 2436 1784 τὴν
2469 1715 2721 1778 ἔντευξιν
2754 1714 2844 1784 τῷ
2880 1713 3028 1781 Θεῷ
3077 1713 3604 1782 προσαγαγὼν,
3635 1712 3820 1774 καλῶς

2005 1803 2298 1872 προτάσσει
2331 1802 2614 1870 ἐπιτυχὼν
2657 1801 2764 1870 τὴν
2804 1801 2972 1868 πρὸς
3013 1801 3196 1854 Θεὸν
3251 1801 3694 1871 εὐχαριστίαν
3722 1803 3816 1868 τῆς

2005 1892 2142 1961 πρὸς
2174 1891 2501 1962 ἀνθρώπους
2525 1892 2861 1960 διηγήσεως
2894 1909 2976 1944 πε
2989 1893 3057 1962 ρὶ
3094 1890 3225 1944 τοῦ
3265 1891 3435 1944 τινα
3469 1890 3724 1960 ηὔξατο.
3755 1893 3815 1944 El

2001 1980 2056 2032 δὲ
2085 1981 2350 2033 ἀνάπαλιν
2383 1982 2654 2048 ἐγεγόνει,
2703 1981 2810 2034 καὶ
2851 1982 2995 2050 ἅμα
3045 1980 3148 2050 τῷ
3191 1985 3450 2051 τυχεῖν
3483 1975 3576 2035 ὧν
3617 1984 3812 2052 ᾔτησε,

2002 2068 2402 2138 διηγησάμενος
2451 2064 2522 2138 ἦν
2555 2069 2635 2132 ὡς
2667 2068 2929 2138 ηὔξατο,
2974 2067 3129 2123 εϊτα
3191 2071 3394 2140 μετὰ
3430 2070 3626 2124 τοῦτο
3654 2074 3813 2140 εὐχα-

2006 2157 2280 2224 ριστήσας,
2324 2152 2625 2219 ὑπεξέλυεν
2658 2156 2730 2208 ἂν
2761 2155 2879 2225 τὴν
2919 2157 3404 2229 ὀφειλομένην
3446 2160 3518 2211 ὲν
3559 2163 3635 2228 τῇ
3657 2161 3810 2226 εὐχα-

2004 2244 2184 2313 ριστίᾳ
2221 2244 2362 2313 μετὰ
2382 2244 2586 2314 τάχους
2615 2245 2887 2310 ἔντευξιν
2917 2245 3028 2298 διὰ
3061 2245 3190 2298 τοῦ
3252 2248 3600 2318 πρότερον
3625 2250 3808 2317 ἀπηγ-

2001 2332 2252 2398 γελκέναι
2285 2335 2398 2394 τοῖς
2429 2333 2871 2402 ἐντευξομένοις
2904 2336 3075 2404 ἡμῖν
3109 2335 3216 2398 ὡς
3249 2336 3543 2406 ηὔξατο.
3587 2338 3809 2391 Βέλτιον

2000 2421 2055 2473 δὲ
2085 2421 2228 2474 οὕτω
2254 2422 2416 2474 λῦσαι
2459 2422 2522 2474 τὸ
2573 2423 2999 2492 ὴπορημένονσ
3058 2425 3143 2476 Ἠ
3185 2426 3390 2497 ἀρχὴ
3425 2429 3544 2480 τοῦ
3585 2427 3808 2496 ψαλμοῦ

2002 2509 2246 2580 περιέχει
2271 2511 2460 2580 εὐχήν.
2487 2505 2628 2562 Εἶτα
2658 2511 2815 2580 μετὰ
2847 2511 2971 2582 τὴν
3010 2513 3234 2583 εὐχὴν
3268 2517 3419 2569 ἀπὸ
3448 2516 3568 2570 τοῦ
3585 2517 3808 2585 διαψάλ-

2005 2599 2171 2667 ματός
2202 2600 2348 2651 ἐστιν
2369 2600 2728 2668 εὐχαριστία,
2767 2601 2879 2652 ἐπὶ
2908 2603 3007 2672 τῷ
3038 2605 3466 2674 τετευχέναι
3491 2599 3581 2659 ὧν
3609 2607 3801 2674 ᾔτησε.

2002 2688 2358 2755 Τελεσθείσης
2389 2688 2447 2740 δὲ
2475 2689 2580 2757 τῆς
2615 2690 3030 2760 εὐχαριστίας
3068 2696 3256 2763 πρὸς
3303 2699 3499 2767 ἡμᾶς
3527 2698 3804 2768 ἀποστρέο

2002 2795 2091 2846 φει
2131 2779 2192 2831 τὸ
2235 2778 2530 2848 πρόσωπον
2573 2780 2603 2829 6
2669 2779 3051 2851 Προφήτης,
3100 2785 3228 2836 καὶ
3292 2785 3628 2857 διηγεῖται
3681 2788 3803 2838 τίνα

2000 2869 2198 2937 τρόπον
2259 2868 2560 2937 εὐξάμενος
2625 2868 3027 2942 ἐπηκούσθη.
3114 2876 3680 2950 Κατανοήσωμεν
3747 2876 3805 2932 δὲ

2003 2956 2140 3026 πρὸς
2172 2955 2314 3018 λέξιν
2341 2953 2424 3017 τὺ,
2471 2972 2487 3004 ι
2516 2957 2683 3025 Φωνῇ
2721 2973 2840 3025 μου
2880 2959 3053 3028 πρὸς
3093 2961 3374 3032 Κύριον
3413 2966 3748 3035 ἐκέκραξα,
3777 2987 3796 3015 ι

363 3046 429 3098 ad
474 3045 705 3098 litteram
733 3047 941 3108 attinet,
967 3043 1094 3097 illud
1121 3062 1134 3098 :
1164 3059 1184 3094 ι
1218 3045 1358 3099 Voce
1385 3059 1504 3098 mea
1525 3045 1590 3098 ad
1619 3046 1897 3098 Dominum

2237 3043 2348 3111 εξῆς
2375 3043 2518 3096 κατὰ
2544 3043 2649 3113 τὴν
2688 3047 3035 3116 συνήθειαν
3073 3054 3203 3120 τῆς
3239 3053 3560 3125 Γραφῆς,
3612 3055 3715 3108 καὶ
3750 3056 3800 3107 τί

363 3135 607 3200 clamavi,
638 3153 657 3186 ι
694 3144 749 3189 et
791 3135 931 3203 quod
971 3134 1218 3203 sequitur
1241 3149 1307 3188 ex
1328 3136 1715 3189 consuetudine
1744 3136 1896 3190 Scri-

365 3233 534 3292 ptum
587 3224 814 3292 positum
843 3263 860 3286 ,
915 3233 971 3277 et
1015 3237 1112 3275 cur
1156 3223 1256 3276 viri
1313 3225 1486 3278 sancti
1535 3237 1898 3292 sa'penumero

363 3318 630 3381 precando
668 3315 734 3366 ad
783 3315 943 3367 Deum
984 3313 1353 3368 clamaverint.
1385 3313 1706 3366 Attendatur
1737 3313 1897 3366 etiam

364 3404 430 3455 ad
457 3402 584 3455 illud
625 3404 765 3470 quod
813 3404 1068 3470 scriptum
1098 3412 1180 3456 est
1209 3411 1434 3456 stantem
1476 3401 1656 3456 Jesum
1701 3403 1900 3456 clama-

367 3489 507 3542 visse
537 3498 591 3542 et
628 3490 824 3543 dixisse
851 3492 892 3522 ⁷¹
923 3509 936 3544 :
975 3509 993 3541 ι
1031 3492 1086 3544 Si
1137 3491 1257 3558 quis
1288 3488 1440 3558 551
1465 3491 1600 3556 sitit,
1624 3493 1804 3544 veniat
1832 3493 1897 3544 ad

366 3566 449 3630 me
465 3586 517 3630 et
532 3577 698 3632 bibat.
721 3595 740 3629 ι
763 3578 926 3632 Nobis
941 3581 1154 3646 quidem
1175 3579 1463 3646 Apostolus
1489 3594 1609 3632 cum
1635 3579 1709 3630 ait
1741 3579 1900 3646 spiri-

368 3678 478 3719 tum
509 3667 882 3720 universaliter
927 3669 976 3720 in
1005 3667 1260 3721 cordibus
1300 3675 1606 3720 sanctorum
1639 3667 1894 3728 clamare.

378 3776 397 3808 ι
430 3755 577 3811 Abba
612 3756 770 3810 Pater
798 3758 864 3819 τ’,
897 3775 914 3807 ι
948 3755 1279 3826 intelligendi
1327 3757 1660 3810 occasionem
1702 3757 1900 3823 praebet

365 3847 656 3915 spiritalem
698 3860 816 3900 esse
863 3847 1148 3899 clamorem
1191 3845 1280 3913 qui
1327 3845 1641 3908 intenditur,
1693 3847 1891 3912 quique

364 3947 448 3989 est
485 3936 675 3988 anima:
721 3949 842 3998 vox,
890 3949 990 4000 qua
1044 3934 1210 3988 utitur
1267 3931 1507 3998 deposito
1556 3946 1758 3999 organo
1805 3947 1900 3999 per

365 4024 503 4090 quod
539 4022 661 4074 talia
692 4021 977 4088 eloquitur.
1026 4020 1090 4072 Et
1135 4029 1385 4088 putamus
1435 4020 1744 4072 rationalem
1791 4020 1900 4074 dis-

363 4125 578 4162 cursum
629 4108 718 4176 qui
768 4109 819 4161 in
872 4108 1146 4160 intellectu
1203 4109 1496 4175 peragitur,
1550 4109 1740 4161 anima:
1780 4122 1898 4161 esse

367 4213 571 4260 vocent,
599 4212 739 4265 quae,
773 4197 815 4249 si
851 4196 1009 4248 fuerit
1034 4194 1282 4248 solertior
1300 4205 1354 4248 et
1377 4197 1442 4248 de
1460 4197 1618 4248 rebus
1643 4206 1900 4262 praestan-

367 4287 620 4348 tioribus,
658 4299 920 4352 non_vero
948 4282 1170 4349 abiectis
1211 4298 1269 4336 et
1315 4273 1605 4336 humilibus
1648 4284 1894 4347 disserat,

2000 3132 2058 3184 τὸ
2107 3131 2365 3193 πολλάκις
2419 3131 2718 3197 γεγονέναι
2775 3138 2913 3198 τοῖς
2981 3137 3206 3205 ἁγίοις
3273 3144 3458 3213 πρὸς
3519 3145 3627 3196 τὸν
3662 3143 3798 3195 Θεὸν

1999 3218 2160 3288 εὐχὴν
2228 3219 2366 3288 μετὰ
2425 3220 2711 3289 κραυγῆςο
2793 3222 3283 3296 Ἐπιστησάτω
3365 3232 3438 3284 δέ
3511 3250 3611 3294 τις
3668 3234 3794 3284 κατ’

1999 3307 2128 3360 αὐτὸ
2157 3308 2254 3359 καὶ
2310 3306 2565 3377 περὶτοῦ
2602 3309 2841 3364 ἑστῶτα
2886 3318 3319 3385 κεκραγέναι
3380 3324 3496 3377 τὸν
3546 3323 3789 3394 Ἰησοῦν,

1997 3397 2090 3450 καὶ
2137 3395 2333 3462 λέγειν·
2400 3413 2418 3445 ι
2491 3397 2622 3450 Ἐάν
2690 3415 2784 3462 τις
2848 3401 3029 3474 διψᾷ,
3105 3408 3434 3478 ἐρχέσθω
3497 3413 3654 3480 πρὸς
3723 3414 3791 3484 μὲ

1997 3485 2092 3538 καὶ
2142 3485 2362 3537 πινέτω.
2415 3504 2433 3535 ›
2495 3487 2701 3540 Δίδωσι
2768 3491 2985 3547 τοίνυν
3060 3498 3231 3566 ἡμῖν
3313 3503 3352 3554 ό
3433 3504 3788 3565 Ἀπόστολσς

1998 3577 2274 3646 ἀφορμὰς,
2305 3576 2478 3630 εἰπὼν
2524 3578 2588 3630 τὺ
2623 3580 2878 3651 πνεῦμα
2912 3585 3302 3655 καθολικῶς
3353 3596 3429 3646 ἐν
3477 3599 3618 3658 ταῖς
3649 3613 3783 3667 κιρ·

1996 3669 2136 3731 δίαις
2161 3668 2268 3720 τῶν
2295 3667 2469 3734 ἁγίων
2496 3667 2762 3736 κράζειν,
2801 3692 2822 3722 ι
2855 3673 3059 3729 Ἀϐὅᾶ
3088 3680 3122 3730 6
3153 3679 3441 3754 Πατὴρ,
3492 3705 3516 3736 ι
3558 3686 3644 3748 ὼς
3672 3686 3786 3738 ἐπι

1997 3759 2161 3844 νοητὴ
2179 3755 2397 3827 κραυγὴ
2419 3758 2839 3829 ἐπιτεταμένην
2867 3762 2946 3830 iis
2959 3780 3015 3826 ις
3049 3764 3125 3835 δή
3152 3769 3317 3822 εστι
3350 3774 3543 3844 φωνὴ
3569 3773 3778 3842 ψυχῆς,

1997 3843 2030 3920 ᾖ
2061 3848 2200 3916 τάχα
2233 3847 2432 3917 χρῆται
2483 3845 2822 3918 ἀποθεμένη
2857 3851 2929 3902 τὸ
2968 3853 3260 3924 ὄργανον
3307 3861 3399 3913 δι’
3433 3860 3509 3917 οὗ
3545 3863 3781 3916 τοιαῦτα

1998 3940 2182 4004 φωνεῖ.
2218 3937 2329 3988 Καὶ
2364 3934 2595 4022 οιόμεθά
2625 3951 2695 4002 γε
2735 3936 2848 4007 τὴν
2901 3940 3163 4013 λογικὴν
3213 3946 3524 4012 διέξοδον
3566 3953 3676 4022 τὴν
3721 3955 3778 4004 ἐν

1996 4022 2074 4108 τις)
2115 4021 2427 4092 ⁴ἡγεμονικῷ
2471 4022 2594 4073 κατ’
2634 4023 2780 4076 αὐτὸ
2833 4028 3179 4099 γινομένην
3227 4035 3364 4106 τὴν
3432 4039 3555 4108 τῆς
3592 4039 3776 4108 ψυχῆς

1997 4102 2440 4194 εἶναιφωνήνομή
2475 4106 2572 4194 ἐὰν
2603 4107 2663 4160 δὲ
2780 4102 3438 4194 πραγματικωτέρα,
3483 4102 3620 4178 καὶ⁷

2002 4192 2260 4261 μειζόνων
2291 4191 2455 4244 τινῶν
2481 4193 2578 4245 καὶ
2613 4195 2696 4264 μὴ
2728 4198 2900 4250 κάτω
2931 4203 3268 4270 κειμένων
3314 4191 3439 4262 καὶ
3478 4191 3773 4265 taret,ij

1998 4280 2388 4345 διεξοδεύουσα,
2439 4282 2474 4350 ή
2510 4283 2685 4353 νοητὴ
2725 4284 2798 4337 ἂν
2855 4287 2950 4358 εἴη
2993 4297 3298 4366 κραυγή.
3361 4301 3624 4369 Ταύτην
3675 4300 3772 4355 οὖν

365 4374 620 4441 spiritalis
646 4375 750 4426 erit
780 4373 998 4426 clamor.
1033 4372 1184 4426 Hunc
1218 4373 1307 4440 qui
1338 4374 1405 4425 ad
1439 4374 1603 4428 Deum
1634 4374 1895 4426 emittunt

2204 4371 2374 4437 αυγὴν
2414 4371 2465 4422 οἱ
2494 4375 2860 4441 κεκραγότες
2897 4379 3051 4448 πρὸς
3085 4381 3268 4436 Θεὸν
3317 4390 3767 4453 ὲπακούονται.

367 4464 680 4524 clamorem,
703 4461 1028 4514 exaudiuntu
1041 4476 1087 4523 r,
1119 4461 1222 4513 nisi
1253 4461 1389 4514 forte
1419 4473 1474 4515 ut
1495 4464 1896 4530 praestantiores

366 4567 592 4607 coronas
664 4551 715 4604 itt
783 4549 1072 4614 majoribus
1149 4551 1531 4606 certaminibus
1592 4553 1898 4621 accipiant,

365 4643 542 4694 divina
589 4638 980 4708 dispensatione
1022 4638 1488 4707 derelinquantur,
1540 4644 1891 4710 quemadmo-

364 4729 490 4781 dum
519 4727 569 4779 in
603 4726 848 4780 llabacuc
877 4729 1134 4796 scriptum
1165 4739 1249 4782 est
1281 4729 1326 4760 ⁷⁸
1353 4743 1368 4780 :
1411 4749 1429 4780 ι
1464 4729 1772 4799 Usquequo,
1800 4732 1896 4783 Do-

365 4816 530 4877 mine,
577 4815 833 4878 clamabo,
877 4825 931 4870 et
969 4831 1074 4869 non
1105 4818 1399 4872 exaudies?
1433 4819 1785 4873 Vociferabor
1825 4822 1892 4874 ad

367 4915 418 4958 te
444 4905 548 4956 vim
583 4904 810 4971 patiens,
857 4913 914 4957 et
960 4920 1064 4958 non
1117 4905 1351 4960 salvabis
1390 4907 1514 4959 me?
1553 4908 1661 4960 Cur
1706 4917 1892 4962 osten-

364 4997 490 5049 disti
538 4994 669 5047 mihi
715 4994 985 5050 molestias
1030 5005 1083 5050 et
1133 4995 1366 5059 labores,
1407 5004 1466 5046 ut
1519 4997 1795 5050 miseriam
1842 5009 1897 5052 et

363 5083 687 5153 impietatem
727 5085 1072 5153 aspicerem?
1100 5102 1118 5135 ι
1158 5081 1312 5135 Hunc
1349 5082 1642 5135 clamorem
1681 5087 1734 5138 in
1773 5102 1891 5140 ma-

362 5175 479 5244 gnis
503 5175 728 5229 decretis
754 5189 964 5243 semper
988 5173 1147 5227 etiam
1180 5170 1377 5224 emittit
1409 5170 1676 5227 Salvator.
1710 5175 1799 5230 Sic
1839 5188 1892 5231 et

2001 4461 2138 4530 πλὴν
2172 4461 2219 4511 εἰ
2260 4459 2334 4529 μὴ
2371 4456 2493 4512 κατ’
2529 4462 2871 4535 οἰκονομίαν
2907 4469 3428 4530 καταλείποιντο
3479 4483 3642 4551 ὑπὲρ
3672 4481 3768 4533 τοῦ

2004 4551 2253 4619 μείζονας
2291 4549 2602 4616 στεφάνους
2655 4554 2718 4606 ὲν
2761 4555 3020 4624 μείζοσιν
3072 4559 3355 4625 ἀγῶσιν
3414 4549 3765 4637 ἀπενέτχα-

2003 4640 2150 4701 σθαι,
2179 4639 2369 4709 ὥσπερ
2399 4641 2459 4691 ὲν
2483 4641 2568 4711 τῷ
2598 4643 2954 4718 Ἀμϐακοὺμ
2988 4648 3278 4720 εἴρηταιο
3315 4676 3339 4708 ι
3380 4659 3560 4724 Ἕως
3588 4664 3763 4724 τίνειςν

1999 4731 2210 4824 Κύριε,
2229 4731 2605 4824 κεκράξομαι,
2645 4738 2749 4789 καὶ
2782 4740 2849 4791 οὑ
2891 4739 2972 4811 μὴ
3003 4743 3409 4820 εἰσακούσῃ;
3451 4753 3761 4824 Βοήοομαι

2000 4820 2136 4888 πρὸς
2166 4819 2226 4871 σὲ
2271 4819 2669 4890 ἀδικούμενος,
2710 4829 2816 4880 καὶ
2856 4829 2922 4881 οὐ
2965 4829 3170 4893 σώσεις
3219 4852 3355 4904 με;
3417 4819 3675 4896 Ἷναντίτ
3699 4844 3762 4897 δέ

1998 4970 2304 5100 λαιπωριαν
2317 4970 2741 5100 νκιῧάσέθειαν
2759 4970 2856 5077 ;
2871 4970 2882 4975 ⁷
3412 4970 3435 4986 ν
3466 4970 3754 5100 κῖἔυγὲν

2000 5093 2060 5190 ὲν
2095 5094 2352 5190 μεγάλοις
2397 5094 2693 5165 δόγμασιν
2745 5104 2843 5158 ἀεὶ
2875 5105 3181 5172 διεξοδεὺει
3236 5093 3352 5163 καὶί
3401 5117 3441 5167 ὀ
3483 5093 3744 5190 imis-

2001 5183 2150 5236 οὕτω
2173 5185 2232 5238 δὲ
2259 5187 2496 5256 ἕστηκεν
2529 5189 2563 5241 6
2596 5191 2795 5263 Λόγος
2826 5197 2928 5252 τοῦ
2959 5197 3103 5254 Θεοῦ
3129 5201 3218 5255 ἀεὶ
3251 5207 3634 5274 κεκραγὼς,

429 5330 471 5362 τ’
501 5325 656 5381 Joan.
687 5342 784 5390 vu,
808 5329 898 5381 '57.
969 5328 1014 5359 "
1043 5326 1200 5381 Rom.
1232 5341 1352 5392 vttt,
1383 5327 1470 5384 15.
1543 5329 1588 5361 ⁷³
1611 5329 1813 5386 llabac.
1843 5349 1882 5400 ι,
1906 5336 1962 5400 2,
1990 5366 1992 5379 ‹

687 5342 784 5390 vu,
808 5329 898 5381 '57.
969 5328 1014 5359 "
1043 5326 1200 5381 Rom.
1232 5341 1352 5392 vtu,
1383 5327 1470 5384 15.
1543 5329 1588 5361 ⁷³
1611 5329 1813 5386 llabac.
1843 5349 1882 5400 ι,
1906 5336 1962 5400 2,
1990 5352 2047 5396 et
2075 5359 2237 5418 seqq.

366 5533 428 5570 ru
441 5535 512 5574 ιιι.

433 5454 544 5561 (£5)
573 5457 765 5522 Ἄξιον
805 5455 1068 5526 ζητῆσαι,
1126 5467 1230 5514 etc.
1279 5456 1454 5513 Codex
1507 5459 1882 5528 Baroccianus,
1937 5479 1996 5534 pa

2173 5494 2268 5551 lue
2321 5484 2661 5545 Corderius.
2728 5457 2942 5551 Latine.
2990 5499 3216 5552 exstant
3266 5494 3443 5561 apud
3495 5495 3736 5552 Barba-
