3958 6272
275 250 401 324 lli?)

1291 283 1606 351 SELECTA
1644 297 1710 352 1N
1748 297 2076 353 PSALMOS.
2109 327 2176 338 --—
2207 297 2397 352 PSAL.
2432 298 2519 352 ΙΙΙ.

3361 295 3497 350 1126

270 390 374 476 ,ιαὶ
393 392 552 466 παρὰ
581 396 666 471 τῷ
686 401 1021 478 Σολομῶντι
1047 418 1081 486 ἡ
1109 411 1282 482 σοφία,
1309 405 1434 476 ἥτις
1461 413 1496 481 ὴ
1533 414 1670 485 αύτὴ
1703 415 1877 484 ὑπάρ-

1980 423 2126 467 stans
2159 415 2248 466 Dei
2299 414 2523 467 Verbum
2563 427 2770 480 semper
2798 414 3012 474 clamat,
3055 411 3490 478 quemadmodum

296 507 378 575 ist
396 487 478 562 τῷ
501 489 664 564 Λόγῳ
693 497 794 549 τοῦ
823 501 968 554 Θεοῦ
996 506 1137 557 κατὰ
1163 503 1257 571 τὴν
1286 499 1604 564 ὑπόστασιν,
1640 503 1872 555 καλοῦσα

324 588 449 665 μετὰ
488 585 697 658 ὕψηλοῦ
747 591 1112 662 κηρύγματος
1156 593 1246 645 ἐπὶ
1286 592 1561 662 κρατῆρα,
1614 593 1869 659 λέγουσα·

324 702 340 734 ι
381 683 481 744 ’ος
513 679 662 731 ἐστιν
697 678 854 747 ὑμῶν
899 681 1112 750 ἄφρων,
1152 679 1446 733 ἐκκλινάτω
1486 680 1617 750 πρὸς
1663 680 1759 748 μέ⁸
1792 679 1876 731 ὲν-

312 770 463 822 δεέσι
496 767 556 821 δὲ
610 765 819 839 φρενῶν
865 768 1302 836 παρακελεύομαι
1337 766 1597 833 λέγουσα·
1637 765 1871 828 Ἕλθετε,

307 860 526 928 φάγετε
552 858 660 910 τῶν
686 856 832 926 ἐμῶν
857 857 1055 926 ἄρτων,
1079 857 1169 909 καὶ
1197 857 1342 908 πίετε
1365 853 1502 907 οἶνον
1523 857 1579 908 ὃν
1605 857 1873 925 κεκέρακα

299 950 470 1016 ὑμῖν.
513 965 534 997 ι
584 947 649 997 Ἦ
679 944 828 1014 φωνὴ
853 945 1134 1014 τοιγαροῦν
1163 944 1254 996 τοῦ
1285 945 1421 996 κατὰ
1451 943 1538 996 τὸν
1563 943 1768 1011 ψαλμὸν
1788 943 1873 994 λέ-

295 1051 508 1102 γοντος
532 1033 897 1101 ἐπιτεταμένη
919 1032 1050 1100 πρὸς
1075 1031 1274 1101 Κύριον
1304 1031 1644 1092 ἐπακούεται,
1666 1031 1763 1082 ούκ
1786 1029 1875 1082 άλ-

295 1126 470 1178 λοθέν
509 1125 680 1178 ποθεν
713 1123 746 1192 ἢ
781 1125 846 1175 ἐκ
877 1123 970 1174 τοῦ
999 1122 1155 1190 ὅρους
1184 1121 1274 1174 τοῦ
1315 1123 1487 1188 ἁγίου,
1517 1122 1784 1173 τουτέστιν
1817 1118 1875 1181 ἐξ

294 1215 577 1286 ούρανοῦ,
609 1215 733 1266 ἐπεὶ
763 1214 856 1266 καὶ
889 1215 946 1265 ἐν
975 1213 1148 1275 ἄλλοις
1180 1212 1409 1278 λέγεται·
1439 1231 1456 1261 ‹
1493 1211 1874 1263 Ἐπακούσεται

294 1305 483 1360 αὑτοῦ
508 1304 574 1368 ἐξ
601 1302 833 1372 ούρανοῦ
859 1303 1008 1370 ἁγίου
1029 1301 1206 1354 αὐτοῦ.
1240 1320 1257 1350 ι
1282 1302 1388 1353 Καὶ
1408 1300 1464 1364 ἐξ
1487 1299 1648 1367 ὕψους
1669 1298 1870 1360 ἀκούει,

294 1395 436 1446 ἐπεὶ
470 1393 815 1461 γέγραπταιο
856 1408 876 1440 ι
927 1389 1304 1441 Ἐπακούσεται
1332 1387 1489 1439 αὑτοῦ
1515 1385 1573 1450 ἐξ
1597 1387 1758 1455 ὕψους
1784 1387 1874 1439 καὶ

293 1485 366 1534 ἐκ
399 1481 546 1533 ναοῦ
576 1481 735 1547 ἁγίου
768 1477 950 1531 αὑτοῦ.
993 1496 1012 1529 ι

384 1570 554 1638 Ἐγὼ
592 1567 939 1635 ἐκοιμήθην,
971 1566 1067 1618 καί
1103 1566 1348 1618 ὕπνωσα
1369 1582 1382 1594 ·
1417 1564 1756 1633 ἐξηγέρθην,
1787 1563 1874 1616 ὅτι

288 1663 536 1726 Κύριος
561 1655 958 1724 ἀντιλήψεται
979 1672 1114 1722 μου,
1138 1672 1190 1707 κ.
1219 1672 1266 1709 τ.
1301 1656 1345 1706 ἐ.
1383 1655 1565 1723 Ἡμεῖς
1593 1655 1686 1723 μὲν
1714 1653 1874 1723 ἡγού-

1977 512 2031 556 et
2081 504 2215 570 apud
2261 502 2597 556 Salomonem
2635 502 2888 568 sapientia
2918 517 3036 569 qua:
3077 499 3364 554 secundum
3399 499 3496 568 hy-

1976 588 2227 656 postasim
2254 589 2438 640 eadem
2473 595 2555 640 est
2599 602 2660 639 ac
2702 587 2932 640 Verbum
2965 589 3080 650 Dei,
3113 587 3346 640 inritans
3372 601 3494 639 cum

1979 689 2171 742 magno
2201 673 2432 727 clamore
2457 675 2524 726 ad
2556 672 2820 740 poculum,
2857 673 2985 725 dicit
3005 673 3051 704 "
3079 691 3091 724 :
3131 694 3148 722 ι
3186 674 3242 726 Si
3277 675 3396 739 quis
3419 682 3499 727 est

1979 762 2251 829 insipiens,
2303 760 2536 813 declinet
2569 762 2633 812 ad
2670 773 2773 823 me,
2820 769 2874 811 et
2919 759 3095 811 stultis
3127 760 3375 826 praacipio
3413 761 3496 812 di-

1976 864 2154 903 cens:
2201 850 2415 912 Venite,
2470 849 2733 901 comedite
2789 862 2953 916 panes
3003 861 3169 911 meos,
3221 856 3272 899 et
3331 849 3499 900 bibite

1976 941 2154 993 vinum
2189 939 2328 1005 quod
2362 938 2545 990 miscui
2577 937 2748 991 vobis.
2790 955 2808 987 ι
2851 936 3030 1003 Itaque
3065 935 3154 1002 qui
3201 936 3252 986 in
3295 935 3500 999 psalmo

1977 1029 2044 1081 ad
2095 1029 2257 1081 Deum
2311 1040 2494 1080 vocem
2545 1025 2793 1089 intendit,
2843 1039 2947 1077 non
2991 1023 3203 1076 aliunde
3260 1037 3416 1088 quam
3466 1035 3498 1074 ιι

1979 1130 2156 1172 monte
2189 1126 2399 1182 sancto,
2431 1119 2530 1170 hoc
2563 1127 2643 1169 est
2672 1131 2702 1169 e
2729 1116 2878 1176 ccelo,
2913 1115 3219 1176 exauditur,
3256 1113 3501 1181 quando-

1976 1210 2186 1276 quidem
2215 1207 2340 1260 alibi
2377 1222 2588 1276 quoque
2625 1205 2820 1258 dicitur
2862 1206 2908 1236 "
2950 1224 2964 1260 :
3003 1223 3022 1256 ι
3054 1205 3309 1258 Exaudiet
3347 1202 3499 1255 illum

1977 1298 2040 1350 de
2065 1297 2200 1349 cmlo
2228 1304 2410 1350 sancto
2437 1310 2550 1349 suo.
2585 1315 2603 1346 ι
2639 1296 2714 1348 Ex
2740 1295 2950 1350 sublimi
2985 1309 3197 1362 quoque
3235 1291 3496 1346 exaudit:

1977 1401 2097 1438 nam
2132 1385 2388 1451 scriptum
2427 1394 2547 1439 est:
2582 1402 2600 1434 ι
2639 1385 2896 1438 Exaudict
2936 1383 3105 1452 ipsum
3140 1382 3206 1436 ab
3238 1382 3346 1435 alto
3382 1390 3438 1434 et
3467 1394 3500 1433 a

1979 1474 2178 1540 templo
2205 1481 2394 1526 saneto
2425 1487 2542 1526 suo.
2581 1490 2600 1522 ι

2046 1561 2202 1615 Vens.
2233 1561 2284 1614 6.
2312 1561 2424 1629 Ego
2449 1561 2668 1613 dormivi
2687 1569 2735 1613 et
2757 1569 3027 1626 separatus
3045 1575 3180 1622 sum,
3205 1559 3500 1623 exsurrexi,

1976 1653 2097 1720 quia
2129 1651 2378 1702 Dominus
2409 1649 2650 1716 suscipiet
2689 1664 2789 1713 me,
2823 1658 2925 1702 etc.
2973 1647 3078 1701 Nos
3105 1648 3315 1715 quidem
3359 1648 3501 1698 arbi-

295 1748 462 1819 μεθα
493 1747 608 1817 (86)
646 1746 810 1816 μηδὲν
842 1745 1172 1815 ἀνθρώπινον
1205 1745 1341 1814 ἔχειν
1369 1743 1436 1794 τὰ
1464 1743 1725 1809 λεγόμενα
1753 1743 1878 1796 ἁκό-

1980 1749 2179 1791 tramur
2208 1735 2342 1789 nihil
2377 1735 2492 1788 haec
2520 1735 2717 1786 habere
2753 1734 3041 1787 humanum
3069 1736 3207 1800 quod
3238 1741 3500 1799 congruat

291 1839 508 1892 λουθον
542 1841 612 1907 τῇ
645 1836 776 1906 περὶ
805 1835 894 1886 τὸν
923 1835 1098 1896 Δαυῒδ,
1128 1835 1214 1886 ὅτε
1243 1833 1433 1900 ἔφυγεν
1456 1832 1563 1884 ἀπὸ
1595 1830 1875 1901 προσώπου

306 1927 715 1996 Ἀϐεσσαλὼμ,
767 1925 990 1994 ἱστορίᾳ,
1041 1925 1088 1975 εί
1131 1921 1370 1991 θέλοιμεν
1414 1921 1642 1989 τηρῆσαι
1688 1919 1773 1972 διὰ
1818 1919 1878 1972 τὸ

296 2019 484 2090 ῥητὸν
517 2018 579 2070 τὸ
609 2017 707 2068 τοῦ
748 2016 908 2068 Δαυῒδ
932 2014 1232 2084 πρόσωπον,
1257 2012 1348 2064 καὶ
1376 2011 1462 2063 διά
1485 2011 1639 2062 τοῦτό
1667 2027 1729 2077 γε
1757 2010 1879 2061 δυσ-

295 2109 654 2176 ωπήσαιμεν
689 2104 754 2157 ἂν
788 2105 882 2156 καὶ
911 2105 1033 2164 τοὺς
1072 2103 1144 2172 μὴ
1179 2100 1523 2168 βουλομένους
1555 2099 1879 2166 ἀναγκάζον-

296 2211 404 2258 τες
436 2195 668 2262 ἀνάγειν
702 2195 800 2264 τὴν
835 2193 1068 2262 ἱστορίαν
1106 2192 1197 2243 καὶ
1227 2189 1539 2261 προσίεσθαι
1573 2189 1783 2250 πάντως
1815 2189 1878 2240 ἐκ

298 2283 619 2354 προσώπου
637 2279 874 2351 Χριστοῦ
891 2277 1026 2332 εἶναι
1044 2278 1112 2330 τὰ
1131 2276 1578 2344 ἐπαγγελλόμενα.
1599 2277 1710 2327 Ἵνα
1723 2276 1777 2326 δέ
1805 2275 1876 2344 μὴ

301 2370 568 2439 δοκῶμεν
602 2368 909 2438 προδιδόναι
935 2366 1024 2418 τὸν
1053 2365 1205 2432 λόγον
1233 2363 1319 2417 τὸν
1347 2364 1484 2416 κατὰ
1509 2364 1568 2414 τὸ
1599 2363 1754 2431 ῥητὸν
1787 2361 1877 2412 δυ-

303 2461 554 2529 νάμενον
589 2455 884 2520 σώζεσθαι,
916 2456 1006 2508 καὶ
1031 2453 1200 2508 ταῦτα
1229 2454 1440 2505 λεκτέον
1458 2470 1471 2482 ·
1499 2451 1676 2520 Φαμὲν
1705 2449 1878 2502 τοίνυν

306 2549 485 2603 αὑτοῦ
529 2546 943 2617 κατηγοροῦντα
985 2545 1073 2597 τὸν
1110 2543 1266 2596 Δαυῒδ
1305 2543 1474 2594 ταῦτα
1517 2541 1739 2608 φάσκειν
1789 2539 1879 2590 ἐπὶ

305 2640 390 2709 τῷ
421 2639 500 2710 μὴ
529 2637 893 2707 ἐγρηγορέναι
937 2634 1093 2686 αὐτὸν
1131 2633 1259 2703 περὶ
1296 2632 1394 2700 τῆς
1425 2629 1710 2699 βασιλείας,
1750 2628 1879 2698 μηδὲ

309 2728 602 2802 προσοχὴν
635 2727 735 2796 τὴν
772 2725 992 2777 δέουσαν
1019 2724 1341 2789 εἰσαγαγεῖν,
1369 2721 1504 2772 ὥστε
1530 2718 1712 2788 καιρὸν
1741 2717 1880 2786 ἔχειν

313 2818 616 2872 ἐπιθέσθαι
663 2817 784 2886 μὲν,
810 2815 937 2866 τάδε
975 2812 1291 2864 πεπονθέναι
1320 2809 1477 2862 αὑτὸν
1520 2808 1606 2860 διὰ
1631 2807 1728 2874 τῆς
1761 2809 1879 2859 ἐπι-

317 2907 530 2969 θέσεως
590 2904 688 2956 τοῦ
751 2899 1117 2970 ’Δσεσσαλώμη
1173 2897 1332 2969 Ἐμοῦ
1373 2897 1481 2966 γὰρ
1523 2895 1876 2965 κοιμωμένου,

314 2995 472 3064 φησὶ,
507 2994 611 3044 καὶ⁵
637 2988 928 3051 ὐπνοῦντος
949 2987 1073 3040 τάδε
1095 2985 1210 3038 τινὰ
1244 2983 1545 3053 συμϐέϐηκέ
1576 2997 1680 3051 μοι.
1723 2977 1878 3030 Ἀλλὰ
1903 3019 1948 3080 C

312 3083 634 3150 διανέστην,
670 3079 794 3130 ἐπεὶ
822 3076 1022 3147 Κύριος
1050 3073 1385 3144 ἀντιλήψεται
1425 3088 1544 3141 μου,
1585 3069 1674 3122 καὶ
1704 3069 1879 3121 διανα-

315 3173 449 3235 στὰς
477 3168 767 3242 μυριάδων
792 3165 920 3218 λαοῦ
945 3164 1272 3232 ἐπιθεμένων
1299 3179 1385 3231 μοι
1402 3162 1460 3213 οὐ
1489 3158 1876 3228 φοϐηθήσομαι.

317 3263 426 3317 Καὶ
472 3259 762 3317 ἁϐιάστως
804 3253 872 3305 τὰ
917 3253 1041 3321 ἐξῆς
1085 3252 1221 3317 δόξει
1254 3249 1546 3313 σώζεσθαιο
1587 3249 1679 3300 καὶ
1712 3247 1880 3299 ταῦτα

320 3354 416 3423 μὲν
466 3346 767 3420 ἡγούμεθα
821 3343 896 3404 ὡς
944 3341 1076 3412 πρὸς
1127 3340 1222 3410 τὴν
1268 3337 1412 3402 λέξιν
1471 3336 1877 3423 ἑρμηνεύεσθαι,

319 3419 452 3508 πρὸς
477 3419 544 3489 δὲ
570 3430 887 3498 ἀναγωγὴν,
913 3427 987 3488 ώς
1018 3426 1433 3495 προειρήκαμεν,
1463 3422 1567 3474 άπὸ
1597 3419 1879 3491 προσώπου

317 3529 530 3599 Κυρίου
563 3522 742 3576 ταῦτα
767 3515 1192 3585 ἀπαγγέλλεσθαι
1219 3513 1314 3583 τὴν
1351 3512 1481 3565 ίδίαν
1508 3511 1752 3580 κοίμησιν
1789 3509 1899 3563 vim

316 3613 710 3687 διηγουμένου,
741 3610 835 3661 καὶ
857 3606 1020 3658 ὕπνον
1041 3605 1130 3656 τὸν
1154 3601 1292 3655 κατὰ
1317 3601 1376 3653 τὸ
1402 3599 1588 3661 πάθος.
1638 3600 1894 3658 Ἐπισκετ

316 3686 560 3774 ψώμεθα
587 3701 657 3769 δὴ
690 3697 954 3767 πρότερον
987 3690 1244 3760 διαφορὰν
1275 3689 1575 3758 κοιμήσεως
1597 3687 1689 3738 καὶ
1717 3686 1879 3737 ὕπνου

319 3770 690 3862 νομιζομένου
721 3788 796 3848 ώς
827 3783 962 3854 πρὸς
989 3781 1082 3850 τὴν
1112 3779 1280 3842 λέξιν·
1321 3778 1570 3847 κοίμησιν
1617 3776 1712 3845 μὲν
1744 3770 1881 3826 εἶναι

318 3883 394 3944 ὡς
417 3881 564 3950 πρὸς
590 3878 696 3946 τὴν
725 3871 976 3944 ἡσυχίαν,
1023 3870 1148 3938 περὶ
1183 3863 1248 3936 ἧς
1281 3867 1372 3919 καὶ
1412 3867 1440 3917 ὁ
1479 3863 1685 3924 Παῦλός
1718 3878 1878 3931 φησι·

324 3989 346 4023 ι
396 3971 618 4029 Πάντες
668 3958 1134 4031 κοιμηθησόμεθα,
1175 3957 1234 4008 ού
1276 3956 1468 4015 πάντες
1500 3953 1555 4005 δὲ
1586 3951 1881 4020 ἀλλαγησό-

323 4061 495 4131 μεθαο
541 4078 560 4109 ι
597 4055 770 4107 ὕπνον
805 4051 861 4103 δὲ
889 4051 1069 4102 ἄνεσιν
1099 4047 1198 4114 τῆς
1229 4044 1402 4113 ψυχῆς
1429 4043 1737 4112 χοιλωμένης
1777 4041 1883 4093 ἀπὸ

319 4127 415 4200 τοῦ
448 4145 714 4214 σώματος
743 4139 836 4192 καὶ
862 4136 957 4205 τὴν
985 4135 1138 4188 τάσιν
1166 4131 1550 4198 ὕπεκλυούσης,
1576 4127 1653 4196 τῷ
1687 4127 1760 4196 μὴ
1791 4127 1884 4194 φέ-

326 4254 440 4306 ρειν
472 4231 828 4290 ἀδιάλειπτον
854 4225 946 4276 τὸν
968 4222 1135 4275 τόνον.
1189 4221 1274 4272 Ἐν
1301 4219 1357 4270 δέ
1388 4217 1462 4286 τῷ
1504 4216 1618 4268 ’1ὼὸ
1657 4215 1883 4284 μάλιστα

322 4301 421 4395 τὴν
453 4319 726 4389 διαφορὰν
771 4311 1128 4384 παρίστασθαι
1165 4307 1603 4376 ὑπολαμϐάνομεν
1645 4303 1730 4356 διὰ
1765 4301 1882 4353 τού-

323 4387 465 4462 των·
507 4426 527 4457 ι
558 4387 689 4457 -Νῦν
730 4402 796 4453 ἂν
837 4397 1111 4466 κοιμηθεὶς
1142 4395 1414 4464 ἡσύχασαο
1451 4389 1698 4451 ὑπνώσας
1724 4389 1779 4440 δὲ
1817 4387 1881 4441 ἂν

322 4495 660 4561 ἐπαυσάμην
706 4485 842 4558 μετὰ
868 4482 1142 4551 βασιλέων,
1173 4477 1466 4548 βουλευτῶν
1489 4478 1607 4546 γῆς.
1643 4494 1661 4525 ι
1706 4473 1884 4541 Ἐδεή-

324 4586 500 4654 θημεν
527 4584 586 4635 δὲ
623 4581 727 4648 τῆς
757 4575 1012 4644 διαφορᾶς
1041 4570 1134 4622 τοῦ
1166 4567 1485 4638 κοιμηθῆναι
1519 4567 1610 4618 καὶ
1649 4563 1886 4616 ὑπνῶσαί

323 4651 465 4742 ὺπέρ
502 4668 600 4724 τοῦ
639 4665 878 4719 συνιέναι
907 4660 1020 4722 πῶς
1047 4659 1110 4711 ἂν
1137 4658 1226 4710 ἐπὶ
1251 4656 1342 4708 τοῦ
1372 4655 1618 4722 Σωτῆρος
1643 4651 1777 4720 αὕτη
1799 4651 1889 4720 δη-

321 4737 488 4816 λοῖτο.
515 4754 765 4824 Σύνηθες
795 4750 892 4820 μὲν
917 4747 1022 4816 γὰρ
1044 4745 1141 4813 τὴν
1174 4743 1280 4796 ἀπὸ
1303 4740 1394 4791 τοῦ
1427 4739 1538 4805 βίου
1563 4739 1746 4790 τούτου
1776 4737 1888 4801 ἐξο-

320 4850 416 4903 δον
449 4848 715 4915 κοίμησιν
741 4835 1010 4904 λέγεσθαι,
1044 4832 1152 4884 ἔσθ’
1180 4832 1268 4882 ὅτε
1294 4829 1350 4879 δὲ
1371 4828 1462 4878 καὶ
1493 4825 1654 4877 ὕπνον
1682 4825 1885 4894 μεμνή-

325 4937 470 5007 μεθα
495 4913 881 5002 ὀνομάζεσθαι.
922 4943 939 4974 ι
976 4919 1267 4990 Ἐκοιμήθη
1313 4915 1490 5007 ιγὰρ,
1518 4915 1666 4986 φησὶ,
1699 4933 1718 4964 ι
1757 4913 1889 4983 μετὰ

322 5003 438 5078 τῶν
468 5023 730 5093 πατέρων
756 5015 944 5070 αύτοῦο
985 5031 1004 5062 ι
1037 5012 1150 5072 καὶ,
1182 5026 1201 5057 ι
1232 5005 1402 5058 Πολλὰ
1430 5007 1656 5073 σώματα
1677 5003 1780 5054 τῶν
1805 5017 1893 5054 κε-

323 5092 688 5184 κοιμημένων
719 5105 885 5173 ἁγίων
910 5103 1217 5173 ἠγέρθησαν
1269 5096 1346 5156 εἰς
1383 5095 1478 5164 τὴν
1505 5092 1881 5184 ἁγίαν-πόλιν,

320 5180 433 5257 καὶ.
455 5180 888 5268 ἐνεφανίσθησαν
931 5191 1140 5247 πολλοῖς
1160 5201 1176 5214 ⁸
1222 5201 1242 5233 ι
1285 5184 1393 5245 καὶ,
1431 5202 1449 5234 ι
1501 5181 1639 5233 Νυνὶ
1671 5180 1727 5231 δὲ
1759 5181 1885 5250 ἐγή-

322 5307 521 5360 γερται
556 5284 794 5356 Χριστὸς
827 5283 888 5333 ἐκ
910 5277 1130 5348 νεκρῶν,
1171 5271 1388 5344 ἀπαρχὴ
1410 5272 1520 5325 τῶν
1553 5270 1888 5339 κεκοιμημέ-

395 5404 445 5436 τι
466 5402 716 5460 Provax,
737 5395 790 5446 4.
859 5393 904 5426 ⁷⁸
925 5387 1057 5444 Psal.
1091 5395 1212 5442 ιιι,
1241 5381 1292 5433 7.
1361 5385 1438 5439 ⁷⁸1
1459 5383 1594 5437 Cor.
1618 5395 1714 5446 xv,
1739 5380 1832 5447 20,
1863 5381 1881 5434 Ξ

2023 5377 2067 5410 ⁷⁷
2089 5377 2206 5432 Job.
2231 5392 2311 5431 ιιι.
2386 5380 2434 5413 ⁷⁸
2460 5381 2594 5440 Gen.
2623 5382 2788 5431 xu’tt.
2811 5363 2899 5416 ⁵ο·

322 5472 374 5506 ⁸⁵
404 5473 426 5523 1
449 5471 578 5524 Cor.
617 5479 704 5526 xv,
727 5461 811 5516 20.

397 5576 510 5647 (⁸6)
547 5567 733 5641 Ἡμεῖς
753 5565 864 5636 μέν
886 5552 1201 5630 ἡγούμεθα,
1236 5557 1344 5608 etc.
1370 5555 1643 5612 Indidem.

1977 1841 2094 1880 cum
2144 1825 2356 1877 Davidis
2413 1824 2635 1877 historia
2685 1822 2933 1890 fugientis
2968 1837 2998 1875 a
3044 1822 3180 1875 facie
3225 1821 3498 1883 Absalom,

1978 1917 2020 1968 si
2072 1914 2401 1968 voluerimus
2455 1921 2674 1980 propter
2725 1911 2955 1962 litteram
3020 1923 3238 1962 scrvare
3287 1909 3500 1963 Davidis

1976 2017 2255 2071 personam
2281 2040 2296 2065 ,
2347 2011 2402 2054 et
2442 2012 2720 2069 propterea
2772 1999 2954 2070 pudori
3007 1998 3158 2052 nobis
3201 1999 3272 2051 sit
3309 2012 3501 2067 cogere

1977 2093 2172 2145 invitos
2213 2093 2354 2145 hanc
2389 2091 2665 2144 historiam
2698 2088 2762 2140 ad
2783 2087 3073 2154 spiritalem
3103 2102 3318 2141 sensum
3343 2102 3502 2140 revo-

1975 2194 2130 2242 care,
2186 2187 2240 2232 et
2291 2178 2509 2231 omnino
2565 2177 2716 2230 fateri
2766 2178 2876 2230 haec
2919 2191 2984 2228 ex
3033 2190 3257 2242 persona
3301 2173 3499 2228 Christi

1977 2268 2114 2320 dicta
2148 2279 2284 2320 esse.
2316 2265 2392 2320 Ne
2435 2275 2608 2318 tamen
2657 2266 2934 2319 videamur
2985 2277 3284 2316 sermonem
3338 2263 3514 2314 dere--

1976 2355 2216 2422 linquere
2242 2355 2332 2422 qui
2362 2355 2654 2407 secundum
2681 2351 2911 2405 litteram
2941 2353 3142 2405 servari
3167 2358 3360 2418 potest,
3389 2349 3500 2400 huc

1976 2461 2186 2515 quoque
2227 2443 2444 2499 dicenda
2477 2452 2602 2496 sunt
2627 2461 2638 2495 :
2674 2441 2872 2508 Nempe
2901 2441 3239 2506 semetipsum
3269 2438 3351 2490 his
3378 2451 3502 2489 ver-

1976 2536 2059 2589 bis
2087 2547 2340 2589 accusare
2368 2532 2639 2594 Davidem,
2685 2543 2748 2583 eo
2797 2530 2938 2597 quod
2981 2529 3132 2595 regni
3170 2540 3351 2580 curam
3393 2538 3499 2576 non

1978 2621 2251 2682 habuerit,
2295 2628 2347 2672 et
2379 2619 2448 2671 ita
2488 2615 2646 2670 oﬂicii
2687 2614 2954 2682 negligens
3003 2614 3182 2678 fuerit,
3229 2621 3289 2665 ut
3331 2609 3504 2666 rebelo

1977 2707 2120 2760 laudi
2162 2706 2489 2761 occasionem
2535 2711 2721 2755 nactus
2756 2702 2828 2754 sit
2868 2701 3138 2762 Absalom,
3174 2709 3226 2754 et
3254 2700 3374 2753 inde
3402 2699 3502 2752 has

1977 2796 2027 2850 ei
2085 2794 2351 2848 molestias
2400 2791 2665 2860 pariendi.
2713 2789 2839 2842 Mihi
2895 2790 3059 2850 enim,
3123 2790 3316 2857 inquit,
3377 2788 3502 2843 dor-

1979 2883 2165 2937 mienti
2211 2891 2265 2936 et
2312 2889 2558 2948 soporato
2598 2879 2711 2931 hate
2750 2877 3112 2944 contigerunt.
3150 2877 3251 2929 Sed
3289 2886 3503 2931 erectus

1979 2984 2120 3032 sum,
2143 2970 2266 3037 quia
2297 2968 2550 3043 Dominus
2592 2964 2846 3032 suscipiet
2895 2978 2998 3026 me,
3047 2972 3101 3017 et
3141 2971 3352 3016 erectus
3395 2979 3502 3016 non

1980 3058 2136 3130 552
2173 3057 2392 3118 timebo,
2427 3053 2635 3109 etiamsi
2667 3053 2852 3105 decem
2898 3050 3061 3102 millia
3105 3051 3281 3118 populi
3329 3051 3504 3105 insur-

1979 3155 2101 3214 gent
2138 3146 2416 3198 adversum
2450 3157 2554 3196 me.
2590 3142 2681 3194 Sic
2707 3141 2823 3195 sine
2852 3139 2955 3191 ulla
2995 3141 3068 3202 vi,
3117 3154 3235 3207 qua?
3272 3153 3505 3209 sequun-

1983 3244 2072 3288 tur
2099 3233 2423 3286 videbuntur
2447 3230 2649 3285 servari
2675 3245 2692 3293 ;
2740 3236 2795 3281 et
2828 3227 2940 3280 iure
2985 3227 3220 3295 quidem,
3247 3237 3502 3296 quantum

1979 3325 2043 3378 ad
2077 3325 2304 3377 litteram
2342 3323 2554 3386 attinet,
2601 3320 2922 3372 arbitramur
2965 3319 3238 3385 explicari,
3282 3318 3371 3371 sed
3417 3331 3511 3370 se-

1981 3412 2210 3466 cundum
2262 3406 2553 3478 spiritalem
2603 3422 2816 3462 sensum
2871 3421 2936 3460 ex
2997 3421 3223 3476 persona
3289 3403 3502 3458 Domini

1979 3501 2106 3564 dici,
2139 3500 2229 3568 qui
2263 3497 2532 3567 propriam
2575 3511 2722 3550 suam
2775 3496 3153 3550 dormitionem
3203 3501 3405 3556 narrat,
3450 3498 3507 3544 et

1979 3603 2223 3644 somnum
2255 3601 2410 3654 quem
2461 3593 2700 3651 tempore
2732 3583 2998 3647 passionis
3045 3581 3251 3634 habuit.
3289 3580 3503 3646 Expen-

1980 3679 2168 3731 damus
2187 3684 2365 3728 autem
2397 3674 2542 3742 prius
2577 3671 2915 3726 dormitionis
2939 3669 3224 3722 discrimen
3251 3676 3306 3720 et
3328 3667 3501 3720 somni

1979 3766 2268 3821 secundum
2303 3763 2531 3816 litteram
2557 3760 2780 3828 accepti.
2825 3757 3082 3812 Dormitio
3111 3765 3190 3810 est
3215 3771 3310 3809 ceu
3339 3754 3505 3808 silen-

1983 3858 2112 3909 tium
2165 3855 2230 3908 de
2265 3841 2378 3920 quo
2402 3851 2612 3914 iPaqus
2649 3850 2722 3901 ait
2749 3849 2830 3900 τοι
2869 3865 2887 3895 ι
2923 3846 3118 3900 Omnes
3156 3844 3512 3906 dormiemus,

1980 3946 2070 4000 sed
2101 3959 2201 3997 non
2222 3939 2856 3999 omnesimmutabimur;
2895 3955 2914 3987 ι
2949 3948 3166 3989 somnus
3201 3943 3282 3986 est
3311 3933 3520 3984 animus.

1989 4030 2230 4084 remissio
2259 4044 2288 4081 a
2319 4041 2543 4095 corpore
2571 4025 2836 4086 relaxata,
2875 4031 2927 4075 et
2958 4023 3305 4076 intensionem
3331 4019 3504 4072 seclu-

1984 4119 2178 4181 deutis,
2219 4116 2359 4184 quod
2390 4113 2772 4170 indesinentem
2806 4121 3044 4165 tenorem
3079 4125 3182 4162 non
3211 4109 3370 4162 ferat.
3394 4107 3506 4160 Hoc

1982 4192 2264 4258 discrimen
2314 4204 2367 4256 in
2412 4201 2511 4256 .lob
2563 4210 2810 4268 putamus
2858 4200 2995 4252 tradi
3047 4197 3127 4250 his
3174 4197 3349 4249 verbis
3397 4196 3442 4226 "
3483 4208 3502 4248 :

1991 4309 2009 4342 ι
2040 4292 2187 4343 Nune
2225 4291 2407 4355 utique
2440 4289 2706 4342 dormiens
2751 4288 3103 4355 quiescerem,
3141 4287 3208 4340 ὀι
3258 4296 3501 4336 somnum

1984 4381 2198 4448 capiens
2253 4377 2650 4446 requiescerem
2698 4391 2818 4429 cum
2882 4377 3131 4439 regibus,
3188 4371 3506 4424 consiliariis

1983 4479 2157 4522 terrae.
2188 4487 2208 4520 ι
2255 4465 2397 4535 Opus
2453 4477 2628 4519 autem
2680 4466 2830 4520 nobis
2879 4464 2978 4516 fuit
3008 4462 3315 4516 discrimine
3357 4460 3499 4527 quod

1980 4565 2062 4610 est
2094 4557 2253 4618 inter,
2299 4573 2316 4604 ι
2349 4554 2602 4615 dormire,
2638 4571 2656 4602 ι
2684 4562 2755 4617 et,
2786 4570 2804 4601 ι
2840 4564 3082 4604 somnum
3132 4563 3351 4616 capere,
3385 4563 3406 4598 ι
3445 4557 3506 4599 ιιι

1984 4643 2340 4712 intelligamus
2398 4642 2663 4711 quomodo
2717 4641 2768 4693 id
2828 4641 2878 4692 in
2948 4637 3224 4692 Salvatore
3295 4635 3504 4689 ostendi

1984 4735 2162 4796 queat.
2213 4726 2357 4780 Solet
2407 4727 2548 4780 enim
2613 4725 2681 4778 ab
2734 4728 2836 4778 hac
2882 4725 2990 4777 vita
3039 4724 3216 4776 exitus
3262 4721 3508 4776 dortnitio

1985 4821 2108 4882 dici,
2144 4818 2430 4884 aliquando
2459 4816 2618 4870 etiam
2670 4827 2916 4867 somnum
2965 4810 3220 4878 appellari
3267 4807 3512 4862 memini-

1987 4923 2125 4962 mus.
2157 4925 2174 4957 ι
2209 4905 2470 4959 Βοιιιιίιίι
2495 4923 2515 4956 ι
2545 4904 2710 4966 enim,
2759 4901 2927 4968 inquit
2955 4899 3020 4960 ⁷⁸,
3058 4917 3077 4948 ι
3101 4913 3220 4951 cum
3272 4894 3511 4964 patribus

1990 4997 2132 5061 suis;
2171 5013 2190 5045 ι
2223 5005 2278 5048 et
2307 4996 2350 5027 ⁷³
2381 5011 2397 5049 :
2435 5012 2452 5044 ι
2488 4994 2650 5048 Multa
2686 5003 2907 5058 corpora
2934 4996 3238 5042 sanctorum
3265 4983 3354 5050 qui
3385 4981 3509 5033 dor-

1987 5088 2230 5150 mierunt,
2281 5091 2686 5140 resurrexerunt
2735 5081 2788 5132 in
2829 5087 3066 5132 sanctam
3119 5074 3406 5130 civitatem,
3454 5073 3509 5118 et

1988 5187 2346 5245 apparuerunt
2383 5177 2585 5232 multis.
2621 5193 2640 5226 ι
2677 5172 2780 5225 Et:
2823 5187 2842 5218 ι
2871 5161 3183 5220 Resurrexlt
3209 5157 3447 5245 Christus
3475 5166 3506 5202 a

1989 5239 2236 5326 mortuis,
2275 5263 2522 5330 primitiae
2552 5255 2921 5320 dormientium
2953 5266 2967 5313 ;
3009 5266 3029 5298 ι
3074 5253 3128 5299 et
3175 5244 3220 5274 ⁸⁸
3245 5260 3286 5298 ιι
3309 5239 3505 5294 Omnes

2953 5357 3001 5389 "
3016 5352 3201 5409 Matth.
3222 5359 3391 5410 nm,
3413 5343 3506 5402 53.
