3958 6250
285 253 311 314 l
320 257 412 319 ὶῖθ

1307 283 1609 341 SELECTA
1649 284 1715 338 IN
1746 282 2077 341 PSALMOS.
2112 315 2181 325 —
2216 282 2410 339 PSAL.
2454 281 2538 340 lll.

3366 292 3494 344 1150

288 377 404 446 0n:
423 382 701 457 ἐκήρυξεν
728 389 1074 465 ἀπειθήσασι
1102 411 1249 457 ποτε,
1269 397 1356 449 ὅτε
1377 396 1760 465 ἀπεξεδέχετοή
1776 395 1863 448 τοῦ

1970 395 2163 448 tholica
2201 409 2294 448 sua
2342 392 2571 460 Epistola
2607 396 2795 453 Petrus
2821 399 2896 454 ait
2927 400 3008 454 ’νε
3047 418 3066 450 ι
3104 407 3163 457 :n
3193 415 3298 470 quo
3326 412 3382 456 et
3413 404 3495 456 his

306 472 437 529 θεοῦ
468 477 832 548 μακροθυμία
860 483 921 534 ἐν
942 485 1174 555 ἡμέραις
1193 485 1311 536 Νῶε
1337 484 1871 554 κατασκευαζομένης

324 566 567 631 κιϐωτοῦ,
595 568 677 631 είς
706 569 776 638 ἣν
807 571 1004 640 ὀλίγοι,
1029 574 1295 626 τουτέστιν
1322 574 1463 627 ὀκτὼ
1488 574 1670 643 ψυχαὶ,
1692 572 1872 625 διεσώ-

325 657 485 727 θησαν
516 655 583 707 δι’
611 655 827 719 ὓδατος.
859 677 878 708 ι
909 660 1064 712 Μετὰ
1082 659 1280 729 ταύτην
1310 661 1406 730 τὴν
1439 661 1688 730 κοίμησιν
1709 661 1739 712 ό
1764 660 1872 713 Πα-

319 746 422 816 τὴρ
444 744 978 816 ἀντιλαμϐανόμενος
1007 749 1281 819 ἐξήγειρεν
1315 748 1492 802 αὐτόν.

389 1010 473 1063 οὐ
504 1009 926 1077 φοϐηθήσομαι
953 1010 1071 1064 ἀπὸ
1094 1008 1390 1079 μυριάδων
1418 1011 1568 1064 λαοῦ
1612 1010 1726 1063 τῶν
1770 1013 1871 1064 κύ-

313 1100 444 1158 κλῳ
468 1098 1018 1165 συνεπιτιθεμένων
1049 1115 1169 1165 μοι,
1196 1115 1247 1150 κ.
1281 1115 1328 1150 τ.
1358 1099 1403 1150 ἐ.
1430 1098 1713 1169 Πρέπουσα
1732 1099 1870 1168 ἁγίῳ

312 1188 466 1259 φωνὴ
495 1188 611 1258 (87)
644 1188 1027 1258 κατωρθωκότι
1070 1189 1328 1257 μεγίστην
1359 1189 1573 1259 ἀρετὴν,
1607 1189 1706 1257 τὴν
1737 1190 1869 1256 ἀφο-

308 1277 454 1339 ϐίαν,
514 1277 609 1330 διὰ
665 1276 764 1347 τὴν
819 1277 952 1347 πρὸς
1000 1276 1131 1329 Θεὸν
1186 1276 1533 1345 πεποίθησιψ
1594 1270 1627 1349 ᾖ
1677 1276 1864 1344 ὁμοίω

311 1383 333 1415 s
387 1367 520 1419 Ἐὰν
560 1367 942 1437 παρατάξηται
980 1366 1065 1418 ἐπ’
1101 1366 1199 1435 ἐμὲ
1234 1366 1566 1437 παρεμϐολὴ,
1612 1369 1671 1419 οὐ
1707 1368 1870 1437 φοϐη-

304 1455 538 1525 θήσεται
577 1460 613 1527 ἠ
647 1458 845 1526 καρδία
878 1473 998 1527 μου.
1026 1475 1044 1508 ι
1082 1458 1189 1510 Καὶ
1230 1460 1259 1509 6
1288 1459 1473 1528 Σωτὴρ
1520 1459 1577 1509 ἐν
1606 1458 1868 1528 πνεύματι

299 1545 605 1611 γινώσκων
632 1547 733 1609 τὰς
757 1547 1075 1615 αἰτουμένας
1099 1546 1256 1598 αὐτὸν
1284 1547 1652 1616 σταυρωθῆναι
1679 1548 1870 1615 μυριά-

297 1632 398 1694 δας
426 1632 566 1684 λαοῦ
600 1634 704 1702 τῆς
728 1634 1059 1703 κατατομῆς,
1093 1635 1184 1686 καὶ
1218 1634 1355 1703 ὁρῶν
1390 1635 1448 1686 τὸ
1482 1635 1743 1704 ἀτάραχον
1775 1636 1869 1687 αὐ-

296 1721 393 1772 τοῦ
434 1721 612 1789 (κατά
662 1723 840 1792 σάρκα
877 1722 934 1774 δέ
973 1721 1144 1774 ταῦτά
1183 1724 1375 1791 φημι),
1411 1723 1553 1789 λέγοι
1584 1722 1647 1775 ἂν
1678 1723 1863 1776 ταῦτα.

306 1809 440 1864 Ἐὰν
464 1812 530 1863 δέ
553 1829 641 1873 τις
659 1813 966 1883 κατανοήσῃ
982 1812 1042 1864 τὸ
1065 1811 1259 1880 πλῆθος
1282 1811 1383 1862 τῶν
1408 1813 1511 1864 ὑπὸ
1529 1812 1634 1865 τῶν
1659 1813 1865 1881 ἐχθρῶν

253 1900 683 1973 βαλλομένων,
719 1900 1103 1969 ἐπιτιθεμένων
1126 1901 1189 1968 τῇ
1213 1900 1352 1969 ψυχῇ
1378 1902 1470 1953 καὶ
1496 1903 1865 1972 ταρασσόντων

256 1991 390 2046 καὶ
417 1992 811 2060 κυμαινόντων
836 1990 1022 2061 αὐτὴν,
1051 1993 1109 2043 ἐν
1134 1991 1305 2060 καιρῷ
1332 1991 1396 2044 ἂν
1435 1991 1734 2059 φθέγγοιτο,
1776 1993 1866 2044 ἐπὶ

274 2079 386 2131 τὸν
414 2080 564 2131 Θεὸν
609 2078 989 2146 καταφεύγων,
1033 2080 1113 2143 τὸ,
1165 2097 1182 2129 ι
1238 2080 1311 2132 Οὐ
1352 2080 1719 2149 φοϐηθήσομαι
1763 2081 1867 2133 ἀπὸ

295 2168 593 2236 μυριάδων
638 2166 789 2228 λαοῦ,
822 2166 929 2219 τῶν
969 2166 1150 2236 κύκλῳ
1182 2166 1659 2236 συνεπιτιθεμένων
1698 2184 1803 2236 μοι.
1840 2187 1858 2217 ι

377 2255 669 2318 Ἀνάστα,
702 2256 895 2321 Κύριε,
929 2256 1133 2308 σῶσόν
1151 2272 1246 2324 με,
1272 2260 1304 2310 d
1327 2257 1466 2321 Θεός
1488 2273 1625 2323 μου,
1662 2255 1749 2308 ὅτι
1784 2256 1865 2308 σὺ

290 2344 618 2409 ἐπάταξας
637 2343 866 2407 πάντας
888 2345 1028 2409 τοὺς
1042 2343 1460 2412 ἐχθραίνοντάς
1474 2361 1570 2411 μοι
1586 2345 1862 2412 ματαίως,

292 2434 561 2497 ὀδόντας
620 2430 979 2500 ἁμαρτωλῶν
1031 2432 1415 2499 συνέτριψας,
1471 2447 1524 2483 κ.
1570 2447 1619 2482 τ.
1674 2432 1721 2483 ἐ.
1778 2429 1866 2498 Τῷ

305 2522 595 2593 Ἑϐραῖκῷ
630 2524 939 2590 ἐντυχόντες
971 2521 1174 2589 (88),τὸ
1210 2538 1228 2571 ι
1269 2519 1504 2589 ματαίως
1571 2539 1589 2571 ι
1621 2518 1866 2588 οὐδαμῶς

292 2611 539 2682 εὕρομεν
568 2611 867 2680 δυνάμενον
899 2608 1203 2677 δηλοῦσθαι.
1238 2609 1301 2660 Τί
1328 2608 1435 2678 γάρ
1466 2609 1637 2662 κοινὸν
1656 2608 1755 2677 τῆς
1783 2608 1867 2660 λέ-

294 2701 431 2765 ξεως
458 2701 570 2769 τῆς
607 2717 626 2749 ι
661 2699 901 2768 ματαίως
931 2716 950 2747 ›
978 2697 1112 2766 πρὸς
1143 2698 1239 2765 τὴν
1273 2697 1522 2764 σιαγόνα;
1551 2695 1656 2748 Καὶ
1679 2698 1725 2748 οἱ
1755 2696 1862 2748 λοι-

293 2791 385 2842 ποὶ
403 2790 465 2842 δὲ
501 2790 583 2850 ὡς
608 2787 672 2839 τὸ
708 2785 991 2856 Ἐὁραῖκδν
1009 2784 1328 2850 τεθείκασιν.
1355 2785 1512 2847 Είκὸς
1537 2781 1648 2849 οὖν,
1680 2783 1753 2846 ῶς
1781 2800 1864 2837 τι·-

293 2897 382 2943 νες
428 2878 714 2949 Ἑϐραίων
745 2877 981 2945 λέγουσι,
1014 2875 1082 2928 τὰ
1116 2876 1311 2945 ἀρχαῖα
1342 2874 1638 2946 ἀντίγραφα
1669 2874 1865 2943 ἑτέρως

291 2971 623 3039 ἐσχηκέναι,
653 2968 688 3037 ἢ
722 2967 784 3018 τὸ
807 2967 1021 3029 εὐτελὲς
1056 2964 1496 3035 περιϊσταμένους
1522 2966 1643 3026 τοὺς
1692 2963 1865 3016 Ἑϐδο-

295 3061 554 3129 μήκοντα
589 3055 693 3127 τῆς
723 3056 938 3120 λέξεως,
973 3056 1355 3125 τετολμηκέναι
1391 3055 1509 3107 ἀντὶ
1540 3054 1632 3106 τοῦ
1674 3072 1692 3104 ι
1748 3071 1862 3105 σια-

294 3148 453 3214 γόνα,
485 3143 516 3199 ἰ
556 3147 783 3213 ποιῆσαι
829 3161 848 3193 ι
903 3144 1158 3212 ματαίως.
1209 3159 1228 3193 ι
1274 3142 1568 3210 Νοήσωμεν
1604 3141 1777 3192 τοίνυν
1801 3140 1862 3191 τὸ

295 3236 460 3306 ῥητὸν
511 3233 663 3286 κατὰ
709 3233 834 3294 τοὺς
887 3231 1306 3300 Ἐὕδομήκοντα⁸
1357 3228 1704 3297 διεξέλθωμεν
1749 3227 1863 3288 πῶς

292 3326 371 3377 δεῖ
402 3323 719 3394 λαμϐάνειν
738 3320 807 3373 τὰ
829 3319 1304 3390 ἀνθρωπικώτερον
1350 3317 1608 3388 εἰρημένα
1641 3315 1743 3368 ὑπὸ
1769 3315 1860 3367 τοῦ

292 3412 455 3475 θεοῦ,
509 3413 573 3477 ἐξ
627 3404 705 3463 ὧν
769 3408 992 3478 εὐχερές
1057 3409 1202 3460 ἐστιν
1267 3407 1389 3459 ίδεῖν
1445 3405 1557 3466 πῶς
1614 3404 1858 3470 λέγεται⁸

301 3520 323 3554 ι
370 3502 637 3562 Ἀνάστα,
674 3498 868 3568 Κύριε,
901 3496 1070 3548 σῶσόν
1101 3512 1189 3565 με,
1222 3498 1251 3547 ό
1285 3495 1414 3556 Θεός
1462 3511 1579 3563 μου.
1633 3511 1652 3543 ι
1690 3488 1861 3542 Οίονεὶ

294 3592 403 3661 γὰρ
447 3588 800 3659 κοιμώμενον
838 3588 991 3656 ἡμῖν,
1031 3586 1118 3637 ὅτε
1167 3585 1310 3653 ἡμᾶς
1354 3583 1629 3652 παρέδωκε
1670 3580 1861 3649 πείρας

294 3682 486 3733 ἕνεκεν
540 3679 666 3738 ταῖς
718 3675 1117 3743 ἀντικειμέναις
1164 3672 1483 3743 ἐνεργείαις,
1538 3670 1862 3738 διανίστησιν

292 3769 481 3824 αὐτόν.
513 3767 673 3835 Τάχα
697 3765 754 3817 δέ
785 3765 879 3816 καὶ
903 3764 991 3815 ὅτε
1015 3763 1102 3815 τὸν
1124 3762 1348 3830 Σωτῆρα
1380 3760 1516 3828 ὑπὲρ
1544 3757 1696 3827 ήμῶν
1727 3756 1861 3809 πάν-

289 3874 404 3911 των
435 3856 785 3926 παρέδωκεν,
817 3853 1073 3919 ἐκοιμᾶτο
1100 3849 1246 3917 αὐτῷ
1280 3851 1308 3900 6
1335 3847 1551 3916 Πατήρ’
1587 3845 1863 3897 ἀνίσταται

290 3949 350 4001 δὲ
387 3947 586 4010 σώζων
626 3943 794 3995 αὐτὸν
826 3940 920 3992 καὶ
950 3941 1236 3992 πατάσσων
1268 3937 1394 3998 τοὺς
1432 3934 1650 4005 ἐχθροὺς
1679 3931 1860 3993 αὐτοῦ,

291 4035 407 4088 εἴτε
429 4036 560 4095 τοὺς
582 4035 650 4084 ἐκ
676 4029 992 4099 περιτομῆς,
1011 4030 1116 4079 εἴτε
1135 4026 1232 4087 τὰς
1251 4024 1506 4093 ἀοράτους
1528 4021 1746 4091 ἐχθροὺς
1765 4020 1860 4088 τῆς

288 4121 557 4192 ἀληθείας
597 4117 878 4187 δυνάμεις.
940 4114 1160 4184 Ἐχθροῦ
1203 4114 1259 4165 δέ
1293 4110 1408 4164 κατ’
1446 4109 1593 4162 οὐδέν
1636 4110 1749 4160 ἐστι
1780 4107 1864 4159 λό-

289 4227 423 4277 γος’
464 4209 606 4278 μετὰ
636 4205 749 4272 γὰρ
787 4205 894 4256 τῶν
929 4203 1221 4272 μισούντων
1267 4201 1362 4269 τὴν
1400 4199 1613 4267 εἰρήνην
1640 4199 1668 4248 6
1711 4196 1861 4263 ἆγιός

1969 485 2058 552 qui
2086 485 2137 536 in
2166 498 2380 538 carcere
2413 494 2586 547 erant,
2626 486 2900 555 Spiritibus
2927 490 3215 546 adveniens
3239 491 3496 558 praedica-

1968 571 2066 632 vit,
2093 571 2182 638 qui
2217 571 2476 625 increduli
2509 573 2721 627 fuerant
2751 575 3053 644 aliquando,
3080 580 3293 647 quando
3314 595 3496 648 exspe-

1966 658 2147 712 ctabat
2187 659 2277 713 Dei
2302 659 2557 724 patientia
2584 662 2637 716 in
2674 662 2859 718 diebus
2892 664 3022 729 Noe,
3050 680 3170 719 cum
3200 666 3493 721 fabricare-

1967 754 2054 799 tnr
2083 761 2228 811 arca,
2249 747 2301 801 in
2326 762 2430 816 qua
2456 751 2628 818 pauci,
2664 751 2714 804 id
2743 760 2828 805 est
2848 759 2971 806 octo
3002 753 3193 807 anima:
3223 755 3383 808 salva:
3409 753 3493 808 fa-

1965 843 2067 886 ctae
2088 843 2208 888 sunt
2239 851 2331 904 per
2362 850 2576 904 aquam.
2599 856 2629 909 ι.
2641 836 2761 891 Post
2781 837 2918 892 hattc
2937 839 3306 894 dormitionem
3335 841 3493 894 Pater

1966 923 2137 991 ipsum
2160 926 2452 993 suscipiens
2483 928 2754 980 excitavit.

2034 1033 2194 1088 Vens.
2242 1036 2294 1085 'l.
2334 1034 2455 1088 Non
2499 1037 2682 1089 timebo
2725 1039 2890 1090 millia
2915 1037 3089 1105 papnli
3127 1039 3495 1091 circumdantis

1965 1136 2064 1187 me,
2095 1132 2199 1175 etc.
2228 1122 2339 1175 Vox
2375 1124 2531 1190 plane
2559 1132 2800 1177 sanctum
2849 1125 3063 1189 decens,
3093 1124 3183 1193 qui
3217 1126 3281 1177 ad
3323 1129 3495 1179 maxi-

1968 1224 2107 1262 mam
2137 1213 2405 1274 virtutem,
2449 1215 2696 1266 nimirum
2735 1213 3113 1279 securitatem,
3160 1215 3493 1281 pervenitoh

1967 1297 2208 1352 ﬁduciam
2249 1300 2300 1352 in
2352 1300 2534 1354 Deum.
2584 1301 2715 1356 Huic
2762 1302 2950 1356 similis
2991 1311 3072 1356 est
3121 1303 3218 1356 ista
3250 1302 3294 1334 ⁸⁸
3331 1321 3345 1356 :
3379 1322 3396 1353 ι
3434 1306 3491 1358 Si

1966 1384 2259 1439 consistant
2305 1387 2584 1439 adversum
2619 1401 2703 1441 me
2755 1397 2927 1441 castra
2953 1425 2970 1449 ,
3005 1403 3109 1440 non
3154 1389 3360 1443 timebit
3398 1405 3492 1443 cor

1967 1486 2163 1526 meum.
2200 1489 2220 1521 ι
2266 1471 2334 1524 Ει
2366 1471 2612 1527 Salvator
2642 1474 2695 1526 in
2739 1473 2928 1541 spiritu
2975 1488 3298 1540 cognoscens
3331 1477 3491 1529 millia

1967 1557 2140 1624 populi
2166 1557 2604 1623 circnmcisionis,
2631 1573 2744 1628 quae
2773 1560 3098 1628 postulatura
3125 1572 3277 1614 erant
3300 1570 3356 1615 ut
3376 1577 3494 1616 cru-

1966 1645 2299 1713 cingeretur,
2328 1656 2382 1700 et
2414 1661 2639 1702 cernens
2685 1650 2915 1702 animum
2964 1665 3119 1703 suum
3172 1650 3490 1719 intrepidum

1968 1731 2278 1801 (secundum
2315 1748 2530 1786 carnem
2583 1743 2758 1788 autem
2815 1736 2926 1789 htcc
2974 1735 3091 1805 aio)
3123 1737 3301 1790 dicere
3332 1738 3491 1792 etiam

1966 1821 2064 1874 ista
2092 1821 2276 1888 possit.
2304 1821 2359 1873 Si
2388 1823 2507 1890 quis
2545 1832 2717 1876 autem
2754 1825 3077 1891 perspexerit
3106 1825 3491 1880 multitudinem

1965 1920 2149 1960 eorum
2185 1906 2275 1973 qui
2306 1906 2373 1960 ab
2418 1906 2655 1960 hostibus
2685 1916 3111 1974 prosternuntur,
3139 1912 3366 1964 animam
3397 1913 3493 1965 ob-

1965 1994 2278 2058 sidentibus,
2306 1996 2735 2063 perturbantibus
2757 2005 2916 2064 atque
2942 1997 3348 2066 exagitantibus,
3367 2007 3493 2053 tem-

1965 2082 2163 2150 pestive
2184 2085 2247 2136 ad
2278 2087 2438 2138 Deum
2492 2083 2798 2152 confugiens
2842 2088 3033 2141 merito
3054 2087 3245 2142 dixerit
3271 2104 3287 2141 :
3321 2106 3342 2140 ι
3374 2087 3488 2142 Non

1967 2172 2158 2223 timebo
2197 2170 2355 2224 millia
2389 2171 2561 2240 populi
2593 2174 2972 2229 circumdantis
3004 2188 3102 2228 me.
3137 2195 3157 2228 ι

2038 2256 2198 2311 Vnus.
2238 2258 2291 2311 8.
2331 2257 2585 2326 Exsurge,
2617 2258 2850 2322 Domine,
2876 2262 3071 2314 salvum
3104 2278 3184 2315 me
3221 2261 3327 2330 fac,
3358 2261 3490 2314 Deus

1964 2346 2122 2416 554
2145 2362 2306 2411 meus,
2327 2348 2566 2416 quoniam
2596 2356 2650 2400 tu
2678 2350 2972 2416 percussisti
3009 2351 3331 2404 adversantes
3366 2351 3491 2402 mihi

1962 2437 2072 2488 sine
2098 2449 2254 2486 causa
2277 2450 2296 2487 :
2330 2437 2501 2487 dentes
2548 2444 2875 2502 peccatorum
2916 2438 3223 2499 contrivisti,
3256 2447 3360 2492 etc.
3390 2438 3493 2490 lle—

1964 2523 2201 2576 hraicum
2236 2523 2504 2591 exemplar
2531 2524 2892 2588 consulentes,
2913 2524 3058 2588 illud,
3085 2543 3104 2576 ι
3133 2527 3248 2579 sine
3270 2540 3486 2589 causa”

1964 2626 2294 2680 nequaquam
2348 2611 2551 2665 ostendi
2599 2625 2753 2680 posse
2798 2614 3111 2679 reperimus.
3163 2612 3299 2678 Quid
3348 2614 3489 2666 enim

1962 2715 2241 2754 commune
2266 2701 2424 2755 habet
2453 2718 2471 2751 ‹
2508 2702 2623 2754 sine
2664 2715 2845 2765 causa,
2876 2719 2894 2752 ι
2921 2700 3049 2755 cum‘
3068 2701 3280 2754 maxilla
3305 2700 3327 2753 i
3354 2701 3489 2767 Quin

1963 2789 2121 2844 etiam
2159 2789 2346 2858 reliqui
2377 2799 2666 2859 posuerunt
2696 2790 2832 2844 sicut
2873 2799 3051 2844 textus
3075 2789 3345 2844 Hebraeus.
3387 2791 3489 2844 Vc-

1963 2879 2201 2933 rosimile
2235 2878 2397 2947 igitur
2443 2887 2545 2943 est,
2596 2879 2735 2946 quod
2770 2879 2972 2933 Hebrazi
3028 2880 3265 2935 nonnulli
3307 2882 3491 2945 aiunt,

1890 2987 1934 3044 ο
1967 2968 2179 3035 antiqua
2210 2969 2531 3035 exemplaria
2561 2969 2716 3023 aliter
2740 2968 3007 3033 habuisse,
3039 2969 3121 3022 vel
3149 2968 3491 3038 Septuaginta

1966 3057 2215 3110 dictionis
2242 3057 2394 3111 istius
2418 3060 2673 3112 vilitatem
2703 3057 3017 3120 devitantes,
3045 3072 3138 3124 pro
3166 3076 3183 3108 ι
3215 3059 3444 3123 maxilla,
3469 3078 3487 3110 ι

1962 3161 2115 3199 ausos
2151 3147 2311 3199 fuisse
2339 3161 2534 3214 ponere
2557 3164 2576 3196 ι
2608 3146 2724 3199 sine
2751 3158 2931 3199 causa.
2972 3163 2989 3196 ο
3025 3146 3394 3214 Expendentes
3408 3163 3493 3200 er-

1963 3248 2028 3300 go
2053 3233 2190 3285 hunc
2219 3246 2430 3286 versum
2456 3234 2744 3286 secundum
2770 3232 3132 3300 Septuaginta,
3169 3232 3517 3288 disseramus.

1962 3321 2227 3388 quomodo
2247 3320 2553 3381 accipienda
2574 3321 2680 3374 sint
2699 3334 2814 3387 qua:
2831 3320 3059 3372 humano
3083 3333 3226 3373 more
3243 3334 3272 3373 a
3295 3320 3397 3375 Deo
3415 3321 3495 3374 di—

1961 3416 2041 3459 cta
2062 3416 2200 3468 sunt,
2217 3420 2280 3458 ex
2298 3406 2488 3471 quibus
2504 3404 2656 3459 facile
2670 3415 2747 3460 est
2770 3406 2946 3460 videre
2962 3420 3066 3472 quo
3083 3416 3236 3474 pacto
3252 3409 3488 3462 dicatur:

1967 3512 1985 3543 ι
2017 3493 2286 3562 Exsurge,
2328 3492 2567 3557 Domine,
2601 3493 2799 3547 salvum
2832 3507 2915 3546 me
2949 3484 3053 3558 iac,
3087 3494 3225 3547 Deus
3263 3509 3431 3546 meus.
3465 3513 3484 3545 ι

1960 3577 2124 3633 Nobis
2169 3579 2311 3632 enim
2361 3593 2459 3631 ceu
2510 3578 2884 3641 dormientem,
2922 3581 3132 3646 quando
3183 3578 3489 3633 tentationis

1963 3681 2120 3720 causa
2157 3680 2252 3720 nos
2296 3665 2512 3719 tradidit
2539 3667 2861 3721 adversariis
2890 3666 3260 3733 potestatibus,
3288 3667 3486 3720 excitat

1963 3755 2127 3807 illum.
2155 3754 2311 3807 Forte
2362 3754 2523 3806 etiam
2552 3769 2671 3808 cum
2717 3753 3042 3808 Salvatorem
3072 3769 3165 3821 pro
3193 3755 3344 3807 nobis
3372 3769 3487 3807 om-

1962 3844 2116 3896 nibus
2164 3842 2398 3905 tradidit,
2430 3842 2724 3895 dormiebat
2747 3842 2795 3896 ei
2827 3840 3000 3895 Pater.
3033 3840 3284 3911 Exsurgit
3306 3850 3482 3894 autem

1962 3947 2079 3983 cum
2114 3931 2315 3985 salvum
2346 3931 2515 3998 ipsum
2545 3929 2690 3994 facit,
2724 3940 2776 3985 et
2811 3930 3042 3998 percutit
3073 3930 3317 3984 inimicos
3350 3930 3483 3998 ejus,

1961 4019 2040 4072 vel
2063 4033 2152 4072 eos
2178 4020 2266 4086 qui
2300 4033 2363 4072 ex
2401 4018 2803 4072 circumcisione
2822 4025 2964 4081 sunt,
2985 4017 3063 4070 vel
3091 4016 3297 4070 veritati
3331 4030 3487 4084 repu-

1961 4118 2183 4176 gnantes
2223 4116 2513 4176 potestates
2550 4106 2864 4161 invisibiles.
2897 4106 3063 4164 Porro
3103 4107 3242 4164 nulla
3286 4106 3484 4164 inimici

1964 4196 2098 4250 ratio
2137 4192 2378 4260 habetur,
2402 4211 2521 4250 cum
2554 4197 2633 4249 vir
2652 4202 2871 4252 sanctus
2902 4214 3020 4253 cum
3055 4200 3119 4253 iis
3140 4200 3228 4267 qui
3258 4199 3489 4253 oderunt

290 4304 445 4353 ἐστιν
476 4298 780 4369 εἰρηνικὸς,
822 4293 1045 4361 ἀγαπῶν
1084 4293 1205 4353 τοὺς
1240 4289 1481 4359 ἐχθρούς.
1523 4286 1676 4349 Δόξαι
1718 4285 1760 4336 δ’
1793 4285 1858 4337 ἄν

1961 4298 2163 4352 pacem,
2187 4285 2257 4339 sit
2286 4284 2554 4352 paciﬁcus,
2589 4292 2643 4338 et
2668 4283 2914 4342 inimicos
2946 4288 3154 4357 diligat.
3178 4288 3359 4343 Videri
3393 4305 3487 4341 au-

289 4405 440 4450 τινος
465 4385 777 4456 ἐχθραίνειν
806 4401 886 4445 τις
922 4383 981 4434 οὐ
1021 4400 1040 4431 ι
1074 4381 1330 4450 ματαίως,
1379 4396 1397 4428 ι
1440 4378 1557 4446 ήτοι
1593 4374 1861 4443 ἀνθρωπι-

287 4475 537 4545 κώτερον
568 4474 663 4525 τὸν
694 4470 883 4540 ἐχθρὸν
912 4474 945 4539 ἡ
955 4470 1066 4540 μῶν
1092 4468 1442 4532 ὲξεταζόντων
1477 4466 1507 4536 ἢ
1535 4465 1627 4518 καὶ
1647 4463 1861 4515 εὐσεϐέ-

1961 4381 2063 4425 tem
2088 4372 2251 4438 possit
2280 4372 2544 4439 quispiam
2582 4387 2684 4429 non
2722 4392 2741 4425 ι
2771 4376 2886 4429 sine
2924 4391 3081 4430 causa
3120 4396 3140 4429 ι
3171 4390 3289 4431 cum
3314 4378 3488 4446 aliquo

1956 4459 2291 4514 inimicitiam
2319 4462 2610 4531 suscipere,
2649 4465 2693 4517 si
2730 4465 2811 4517 vel
2853 4465 3136 4521 humanius
3163 4468 3245 4520 vel
3278 4466 3489 4535 religio-

290 4580 521 4634 στερον·
554 4558 1042 4630 ἀνθρωπικώτερον
1086 4559 1203 4628 μὲν,
1237 4556 1401 4618 ἐπὰν,
1429 4556 1518 4608 τὸν
1559 4568 1860 4624 προκαταρ-

1961 4546 2066 4601 sius
2114 4546 2361 4601 inimicus
2405 4558 2694 4615 spectetur.
2737 4552 3031 4607 llumanius
3061 4555 3274 4622 quidem
3303 4594 3317 4617 ,
3365 4570 3483 4608 cum

289 4654 530 4725 ξάμενόν
559 4670 614 4705 τι
649 4652 959 4703 κακοποιεῖν
985 4648 1371 4717 ἀποστραφεὶς,
1408 4643 1703 4714 ἀμύνεσθαι
1739 4643 1859 4712 βού-

287 4744 488 4812 ληταιο
530 4739 711 4801 οὕτως
743 4738 848 4808 γὰρ
890 4737 955 4790 ἂν
1000 4735 1325 4805 ὑποληφθείη
1379 4735 1450 4804 μὴ
1487 4752 1505 4783 ι
1548 4733 1784 4803 ματαίως
1834 4750 1851 4781 ι

289 4829 611 4899 ἐχθραίνειν
631 4825 711 4894 τῷ
749 4823 1147 4893 προηδικηκότι·
1187 4823 1560 4891 εὐσεϐέστερον
1591 4821 1665 4881 δέ,
1696 4818 1748 4869 εῐ
1774 4833 1855 4879 τις

290 4916 493 4987 ἐχθρὸς
511 4916 731 4983 γένοιτο
754 4912 841 4964 διὰ
864 4913 923 4963 τὺ
949 4911 1157 4980 ἀληθὲς,
1181 4911 1255 4973 ὡς
1280 4913 1308 4962 6
1343 4908 1650 4969 Ἀπόστολός
1672 4920 1851 4973 φησιν·

294 5023 315 5056 ι
366 5004 605 5073 Ἐχθρὸς
644 5002 773 5069 ὑμῖν
821 4999 1017 5066 γέγονα
1061 4997 1332 5066 ἀληθεύων
1369 4996 1522 5066 ὑμῖν·
1580 5013 1598 5045 ι
1644 4993 1737 5047 καὶ
1773 4991 1850 5043 τό·

294 5114 315 5145 ι
357 5095 502 5162 Οὐχὶ
544 5093 676 5154 τοὺς
710 5087 998 5158 μισοῦντας
1037 5101 1117 5147 σε,
1150 5084 1339 5155 Κύριε,
1368 5084 1633 5154 ἐμίσησας
1678 5098 1697 5130 s
1745 5075 1852 5131 Καὶ

364 5268 420 5300 ⁸⁷
454 5265 474 5320 1
502 5267 653 5320 Petr.
691 5278 777 5329 HI,
800 5260 889 5314 19.
966 5258 1012 5290 ⁸⁸
1034 5257 1175 5313 Psal.
1201 5273 1350 5322 xxvt,
1383 5260 1435 5312 5.
1507 5258 1552 5290 ⁸³
1571 5257 1687 5311 Gal.
1718 5272 1788 5321 tv,
1817 5256 1903 5312 16.

363 5439 483 5509 (8⁷)
514 5437 846 5509 Πρέπουσζα
869 5428 1018 5509 ᾀτίερ
1043 5426 1222 5509 φθξνῖξ,
1243 5426 1667 5509 ειολϐοςόετίιιε,
1687 5428 1855 5483 codex

300 5494 695 5565 Ba‘roccia'nus,
727 5494 953 5565 schedia}
977 5494 1299 5565 Qo'mbelisii,
1330 5494 1615 5565 Barbarus.

360 5560 603 5651 (788)???»
652 5560 1360 5651 'Eé’patxqéngdrnc,
1385 5572 1486 5618 etc.
1544 5563 1717 5621 Codex
1747 5563 1849 5621 Ba-

602 5665 895 5722 Pn'non.
934 5648 1051 5707 Gn.
1093 5647 1231 5706 ΧΠ.

1954 4634 2144 4688 laedere
2177 4636 2510 4703 incipientem
2549 4650 2821 4694 aversatus
2861 4641 3040 4694 ulcisci
3081 4642 3305 4694 voluerit
3346 4657 3360 4694 :
3406 4643 3484 4694 sic

1960 4723 2099 4776 enim
2131 4739 2234 4776 non
2264 4741 2281 4773 t
2312 4726 2423 4779 sine
2451 4739 2611 4779 causa
2645 4745 2663 4778 ι
2692 4741 2809 4781 eum
2843 4730 2933 4798 qui
2961 4731 3105 4797 prior
3136 4731 3488 4794 ltusit,0dissc

1959 4810 2123 4863 videri
2157 4821 2346 4877 queat;
2390 4812 2685 4882 religiosius
2720 4833 2868 4881 vero,
2886 4819 2930 4871 si
2964 4820 3083 4886 quis
3118 4819 3365 4874 inimicus
3398 4819 3487 4871 liat

1958 4898 2025 4950 ob
2051 4897 2805 4967 veritatem,quentadmodum
2837 4906 3124 4972 Apostolus
3155 4908 3309 4958 ait”:
3336 4922 3353 4955 ι
3380 4906 3479 4957 lni-

1958 4985 2130 5040 micus
2157 4984 2326 5041 factus
2351 5004 2467 5043 sum
2497 4993 2647 5047 vobis
2674 5007 2857 5047 verum
2884 4995 3084 5048 dicens.
3119 5013 3137 5044 ι
3171 4994 3235 5047 Et
3255 4994 3384 5047 illud
3413 4994 3480 5043 ὀι

1962 5089 1981 5123 ι
2022 5070 2202 5127 Nonne
2257 5076 2349 5144 qui
2395 5078 2620 5133 oderunt
2663 5089 2732 5146 te,
2779 5081 3023 5143 Domine,
3054 5080 3275 5134 oderam
3305 5080 3330 5129 ’ί
3364 5095 3382 5128 ι
3422 5077 3487 5129 Et

1976 5254 2020 5284 “
2051 5252 2189 5306 Psal.
2233 5268 2488 5321 cxxxvm,
2527 5257 2614 5313 21.

1957 5439 2071 5498 r_oc_.
2104 5423 2390 5498 Barbarus,
2423 5427 2726 5498 partimque
2754 5426 2983 5498 Canter;
3024 5421 3259 5498 Plurima
3310 5436 3488 5482 autem

1960 5494 2145 5549 iisdem
2186 5493 2297 5548 fere
2330 5488 2502 5549 verbis
2533 5488 2746 5552 exst'ant
2768 5493 2906 5563 apud
2945 5488 3141 5542 Euseb.

3152 5650 3227 5709 36
