3958 6150
575 246 702 300 “Si

1942 243 2033 300 EX
2063 242 2360 300 ORIGENE

3614 261 3711 316 “5‘3

583 359 922 427 qumrendum
955 368 1037 412 est
1086 373 1152 410 an
1193 357 1299 410 sint
1341 357 1506 426 aliqui
1539 362 1629 427 qui
1670 358 1878 412 oderint
1928 359 2108 412 Deum.

2215 357 2479 426 mmcéov
2503 357 2558 410 εἴ
2575 357 2689 408 εἰσί
2715 372 2866 417 τινες
2891 356 3175 426 μισοῦντες
3199 359 3286 412 τὸν
3315 363 3458 415 Θεόν·
3483 368 3620 433 οὐδεὶς
3636 375 3710 446 γὰρ

573 447 761 501 Nullus
788 447 928 501 enim
960 447 1044 499 vel
1088 461 1270 498 eorum
1300 447 1389 514 qui
1435 448 1658 500 omnino
1690 446 1870 514 injusti
1906 455 2026 499 sunt
2057 455 2110 497 et

574 537 735 599 athei,
769 537 904 589 istud
936 535 1200 588 fatebitur.
1223 535 1446 599 Quinam
1471 549 1595 602 ergo
1617 545 1738 588 sunt
1767 535 1852 601 qui
1883 535 2110 587 oderunt

574 627 783 679 Deum?
828 623 1094 689 Quosnam
1136 624 1188 675 in
1231 622 1474 677 confesso
1514 634 1599 677 est
1643 625 1820 678 odisse
1851 622 2030 676 Jesum
2056 629 2108 674 et

572 716 1025 768 anathematizare
1061 711 1239 776 ?Quaa
1277 722 1462 765 contra
1512 713 1656 766 illum
1709 712 1864 775 ﬁunt,
1891 712 2108 764 omnino

573 803 634 854 ad
677 803 885 854 Patrem
946 799 1270 853 referuntur.
1307 799 1371 852 Et
1403 801 1580 859 omnis
1626 802 1712 867 qui
1757 809 1961 867 peccat,
1999 799 2109 853 odit

572 892 751 950 Deum,
789 890 872 940 vel
923 889 1238 956 sapientiam
1276 897 1640 952 contemnens,
1678 889 1777 943 hoc
1813 898 1912 953 est,
1951 889 2108 942 Chri-

2213 447 2279 498 ἂν
2320 446 2483 498 τοῦτο
2519 446 2927 515 ὁμολογήσειεν
2970 448 3090 499 οὐδὲ
3121 449 3228 501 τῶν
3264 451 3440 514 τελέως
3473 457 3630 512 ἀδίκων
3649 467 3710 516 καὶ

2215 536 2414 590 ἀθέων.
2450 537 2614 598 Τίνες
2647 532 2747 589 οὖν
2775 539 2918 589 εἰσιν
2945 539 2996 589 οἱ
3031 539 3309 608 μισοῦντες
3327 542 3410 594 τὸν
3438 545 3602 616 Κύριον
3620 567 3630 612 ;
3649 553 3710 604 Τξ.

2214 641 2304 686 νες
2332 623 2796 693 ὁμολογουμένως
2829 625 3048 693 μισοῦσι
3075 627 3162 678 τὸν
3203 629 3411 697 Ἰησοῦν,
3441 649 3520 684 και
3545 653 3710 691 meum.

2215 712 2607 782 θεματίζουσιν
2649 714 2856 777 αὐτόνς
2893 714 2976 765 Τὰ
3004 714 3060 766 δὲ
3090 716 3334 785 γινόμενα
3362 720 3434 783 εἰς
3465 722 3596 775 αὐτὸν
3620 729 3709 780 πάν-

2214 818 2322 863 τως
2351 803 2433 862 είς
2465 801 2558 852 τὸν
2595 800 2829 870 Πατέρα
2874 802 3222 873 ἀναφέρεται.
3256 807 3356 857 Καὶ
3397 811 3490 870 πᾶς
3527 811 3572 862 δὲ
3593 814 3711 884 ἀμαρ-

2214 889 2390 942 τὰνων
2440 892 2592 957 μισεῖ
2636 889 2732 940 τὸν
2774 889 2938 951 Θεὸν,
2984 890 3018 959 ἢ
3059 891 3157 960 τὴν
3204 893 3384 960 σοφίαν
3429 895 3708 963 ὲξευτελίξων,

569 989 732 1041 stum,
760 976 1121 1042 veljustitiam
1169 977 1290 1029 odio
1328 977 1532 1031 habens
1567 989 1620 1032 et
1656 993 1884 1046 Operatis
1915 977 2110 1044 iniqui-

574 1078 754 1120 tatem.
783 1067 846 1120 Et
887 1067 1133 1134 quoniam
1175 1065 1383 1133 iustitia
1415 1076 1496 1120 est
1544 1069 1812 1127 Christus,
1864 1065 1954 1134 qui
1997 1069 2110 1119 odit

567 1157 838 1210 Christum
865 1154 1148 1220 justitiam.
1195 1152 1308 1206 odit
1349 1164 1401 1206 et
1450 1154 1632 1208 Deum.
1664 1153 1796 1207 Cum
1828 1163 2002 1205 autem
2050 1152 2110 1204 li-

567 1253 727 1312 queat
754 1245 875 1311 quis
903 1243 1074 1296 oderit
1098 1244 1284 1304 Deum,
1317 1243 1416 1296 nisi
1448 1241 1724 1308 diligenter
1746 1241 2110 1311 expendamus

567 1335 694 1402 quid
734 1334 806 1385 sit
838 1332 964 1386 illud
997 1350 1008 1384 :
1052 1350 1068 1381 ι
1109 1331 1294 1384 Nonne
1337 1335 1424 1399 qui
1475 1333 1704 1384 oderunt
1749 1341 1832 1394 te,
1866 1329 2105 1393 Domine,

567 1424 818 1477 oderam?
840 1442 856 1474 ι
880 1437 1064 1476 omnes
1089 1421 1350 1486 homines,
1372 1423 1551 1489 paucis
1579 1421 1838 1487 exceptis,
1864 1420 1985 1472 odio
2017 1421 2110 1473 ha-

567 1514 970 1573 bebimus,cum
995 1511 1148 1564 valde
1175 1513 1327 1579 pauci
1351 1513 1458 1564 sint
1489 1511 1576 1577 qui
1609 1511 1855 1576 operibus
1883 1510 2108 1577 probent

2218 1509 2282 1576 σή
2292 1524 2456 1576 σομεν
2477 1509 2656 1578 παρὲξ
2677 1509 2902 1576 ὀλίγων·
2931 1509 3136 1580 σφόδρα
3157 1512 3384 1564 σπανίων
3402 1513 3544 1565 δντων
3559 1515 3638 1565 τῶν
3648 1515 3703 1565 διὰ

565 1617 622 1655 se
674 1614 857 1654 amare
895 1598 1080 1654 Deum.
1130 1601 1266 1665 Quid
1319 1615 1446 1653 vero
1494 1599 1778 1652 absurdius
1833 1600 1902 1652 sit
1949 1613 2106 1665 quam

2216 1595 2323 1646 τῶν
2349 1595 2527 1666 ἔργων
2549 1598 3129 1666 χαρακτηριζομένων
3153 1600 3360 1668 ἀγαπᾷν
3383 1601 3462 1651 τὸν
3480 1600 3601 1652 Θεόν.
3622 1602 3704 1653 Τώ-

564 1691 798 1743 avcrsari
819 1697 1058 1751 cunctos,
1079 1690 1207 1751 imo,
1222 1698 1274 1742 et
1296 1690 1338 1741 si
1361 1689 1542 1742 dicere
1567 1703 1696 1755 opus
1716 1696 1817 1750 est,
1836 1688 2106 1756 seipsum?

2215 1702 2300 1736 του
2323 1685 2381 1737 δὲ
2399 1686 2450 1737 τί
2468 1685 2600 1738 ἄλλο
2619 1688 2708 1756 εἴη
2727 1687 3080 1757 ἀτοπώτερον
3096 1688 3184 1740 τοῦ
3203 1689 3534 1759 ἀπεστρέςρθαι
3545 1692 3699 1752 πάντας,

567 1777 765 1845 Siquis
797 1776 938 1831 enim
978 1776 1058 1828 sui
1090 1775 1254 1843 ipsius
1284 1778 1530 1829 sincerus
1569 1785 1620 1828 et
1664 1775 1918 1829 candidus
1957 1777 2103 1830 aesti—

2215 1774 2326 1836 καὶ,
2346 1775 2393 1826 εἰ
2411 1773 2492 1825 δεῖ
2514 1774 2696 1836 οὕτως
2719 1777 2923 1840 εἰπεῖν,
2945 1778 3041 1828 καὶ
3063 1777 3282 1840 ὲαυτόν;
3306 1778 3616 1846 Εὐγνωμόνως
3632 1778 3700 1846 γὰρ

565 1878 738 1921 mator
762 1867 942 1929 fuerit,
974 1865 1079 1919 sibi
1106 1865 1228 1918 odio
1251 1879 1370 1918 esse
1403 1862 1567 1918 Deum
1593 1864 1974 1931 deprehendet.
2009 1865 2107 1919 Ne-

2215 1862 2418 1924 ὲτάζων
2437 1863 2505 1914 τὰ
2531 1880 2599 1915 πε
2607 1863 2665 1932 pl.
2688 1863 2861 1916 αὐτοῦ
2884 1864 3136 1927 ἕκαστος,
3159 1865 3480 1936 εὑρεθήσεται
3500 1865 3629 1934 μισῶν
3642 1866 3700 1916 τὸν

565 1970 830 2024 quaquam
857 1955 1019 2019 igitur
1049 1953 1128 2006 sic
1148 1952 1444 2019 putandum
1463 1961 1544 2005 est
1568 1965 1684 2018 qua:
1707 1950 2105 2020 oderunt555

2215 1949 2363 2000 Θεόν.
2385 1951 2617 2018 Μήποτε
2633 1948 2732 2004 οὖν
2750 1951 2897 2004 οὕτω
2910 1953 3190 2020 νομιστέον
3210 1949 3339 2005 εἶναι
3355 1952 3415 2003 τὲ.
3431 1951 3632 2020 μισοῦντα
3641 1952 3698 2002 τὸν

566 2047 751 2106 Deum,
784 2045 874 2097 sed
923 2058 1041 2110 qua:
1093 2041 1300 2093 ratione
1353 2041 1592 2109 praeditis
1639 2040 1888 2093 accidunt
1943 2041 2105 2093 mala.

2215 2041 2363 2103 Θεὸν,
2394 2041 2529 2092 ἀλλὰ
2563 2041 2638 2094 τὰ
2667 2043 2786 2103 τοῖς
2821 2041 3062 2108 λογικοῖς
3101 2043 3242 2095 κακὰ
3271 2042 3608 2111 συμϐεϐηκότα·
3627 2039 3695 2093 οἷον

565 2134 722 2186 Verbi
750 2133 917 2200 gratia
964 2130 1219 2196 injustitia
1254 2130 1367 2181 odit
1398 2129 1584 2190 Deum,
1608 2137 1664 2181 et
1709 2127 1941 2196 injustus
1971 2143 2107 2195 qua-

2215 2131 2396 2183 ἀδικία
2457 2135 2608 2199 μισεῖ
2663 2133 2758 2183 τὸν
2819 2132 2956 2184 Θεὸν
2983 2171 2997 2195 ,
3062 2133 3152 2184 καὶ
3201 2135 3228 2183 6
3280 2132 3444 2193 ἄδικος
3497 2135 3609 2199 μισεῖ
3639 2131 3694 2181 τὸν

566 2233 720 2276 tenus
750 2223 978 2288 injustns
1000 2227 1104 2282 est,
1131 2217 1241 2269 odit
1266 2217 1451 2280 Deum,
1484 2215 1743 2284 injustitia
1774 2231 1891 2282 qum
1917 2216 1971 2269 in
1995 2218 2108 2283 ipso

2215 2220 2366 2282 Θεὸν,
2397 2221 2534 2272 καθὸ
2576 2222 2771 2282 ἄδικός
2811 2223 2954 2284 ἐστι,
2994 2222 3096 2290 τῆς
3133 2223 3190 2277 ὲν
3235 2221 3372 2292 αὑτῷ
3405 2222 3574 2283 ἀδικίας
3593 2221 3693 2272 τοῦτο

566 2323 646 2366 cst
685 2313 784 2364 hoc
813 2309 1060 2361 faciente.
1103 2305 1324 2372 Oportet
1365 2304 1529 2370 igitur
1563 2316 1659 2356 nos
1684 2303 1986 2370 hujusmodi
2015 2319 2106 2357 ac-

2215 2309 2447 2380 δρώσης.
2483 2312 2608 2381 Χρὴ
2641 2308 2739 2364 οὗν
2782 2315 2937 2381 ἡμᾶς
2967 2314 3195 2381 μισῆσαι
3233 2313 3298 2366 τὰ
3323 2314 3476 2366 τοιάδε
3505 2313 3692 2382 04316563-

565 2399 792 2454 cidentia
828 2397 984 2461 mala,
1017 2403 1069 2450 et
1093 2409 1210 2461 quae
1234 2393 1386 2447 nobis
1420 2391 1684 2461 imprimis
1715 2392 1930 2446 inimica
1963 2402 2106 2457 sunt,

2215 2397 2348 2449 κότα
2398 2399 2491 2450 καὶ
2537 2397 2782 2470 πρώτως
2837 2400 3012 2470 ἐχθρά
3043 2401 3196 2469 ἡμῶν
3228 2402 3535 2473 τυγχάνοντα,
3569 2399 3690 2466 τελείῳ

565 2490 804 2559 perfecto
835 2487 979 2549 odio,
1022 2487 1122 2539 hoc
1149 2493 1253 2547 est,
1292 2482 1433 2550 quod
1467 2496 1496 2533 a
1535 2481 1867 2550 perfectione
1897 2480 2108 2548 prolici-

2218 2489 2384 2558 μίσει,
2415 2490 2726 2552 τουτέστιν,
2766 2491 2879 2543 ἀπὸ
2906 2491 3238 2557 τελειότητος
3270 2491 3525 2560 ἐρχομένῳ.
3550 2489 3688 2555 Ὥσπερ

565 2579 756 2641 scitur,
806 2578 1005 2632 odisse.
1039 2575 1172 2630 Nam
1208 2572 1653 2642 quemadmodum
1700 2586 1730 2623 a
1780 2570 2108 2639 perfectione

2215 2577 2320 2648 γάρ
2343 2578 2452 2630 ἀπὸ
2470 2579 2819 2649 τελειότητος
2859 2579 3080 2648 ἔρχεται
3130 2580 3416 2647 δικαιοσύνη
3445 2580 3519 2630 καὶ
3544 2591 3687 2644 σωφρο-

561 2667 768 2735 justitia
805 2676 966 2734 atque
992 2667 1272 2734 prudentia
1317 2671 1553 2723 manant,
1597 2661 1676 2714 sic
1702 2669 1756 2714 et
1799 2659 2106 2728 huiusmodi

2217 2667 2371 2736 σύνη,
2397 2666 2570 2729 οὕτως
2593 2669 2692 2721 καὶ
2716 2669 2778 2722 τὸ
2799 2670 3005 2721 τοιόνδε
3036 2673 3206 2738 μῖσος.
3227 2669 3395 2722 Ταῦτα
3411 2670 3456 2720 δὲ
3477 2670 3576 2736 ἡμῖν
3594 2667 3687 2733 εἴρη-

563 2759 763 2812 odium.
790 2757 909 2810 Haec
933 2767 1107 2811 autem
1145 2772 1172 2810 a
1219 2755 1371 2809 nobis
1408 2754 1546 2806 dicta
1580 2760 1725 2814 sunt,
1759 2751 2108 2820 expendenti-

2215 2773 2302 2809 ται
2322 2756 2640 2820 ἐξετάζουσι
2663 2759 2754 2821 τὸ,
2779 2778 2800 2808 ί
2826 2759 3136 2823 Ἐπάταξας
3161 2761 3279 2821 τοὺς
3304 2755 3606 2828 ὲχθραίνοντὰς
3627 2770 3684 2822 μοι

563 2852 662 2904 bus
704 2850 832 2903 illud
866 2863 881 2901 :
942 2867 959 2900 ι
999 2845 1316 2901 Percussisti
1357 2857 1542 2897 onmes
1586 2845 1927 2894 adversantes
1979 2841 2106 2894 mihi

2217 2846 2489 2914 ματαίως·
2537 2865 2555 2896 ι
2595 2847 2825 2900 πάντων
2848 2849 2959 2902 τῶν
2997 2849 3369 2918 ἐχθραινόντων
3397 2847 3500 2909 τινὶ,
3518 2844 3684 2912 ματαίως

565 2942 679 2996 sine
735 2953 913 3003 causa,
951 2957 968 2988 ι
1019 2953 1137 2992 cum
1175 2949 1361 2991 omnes
1398 2933 1488 2999 qui
1533 2931 1692 2986 alicui
1728 2933 2104 2994 adversantur,

2215 2935 2631 3003 ὲχθραινόντων.
2666 2937 2927 2991 Τοιοῦτον
2959 2941 3042 3004 τὸ,
3064 2957 3082 2988 ι
3117 2937 3392 3007 Ἐμίσησάν
3422 2953 3476 3005 με
3499 2931 3678 3000 δωρεὰνη

563 3030 679 3084 sine
695 3043 852 3083 causa
877 2998 1242 3083 adversentur.
1268 2998 1538 3092 Ejusmodi
1557 3028 1640 3076 est
1661 3020 1791 3074 illud
1812 3021 1889 3073 ἰι
1921 3039 1940 3071 ι
1968 3021 2106 3076 0dio

2221 2998 2422 3076 ’δττοῖω
2443 3025 2500 3077 δὲ
2533 3027 2586 3077 ol
2616 2998 3039 3098 συντριϐόμενω.
3062 2998 3266 3089 ὀδόντες
3290 2998 3394 3078 ’τῶν
3419 2998 3678 3093 ἀμαρτινλῶν,

563 3120 866 3173 habuerunt
900 3133 984 3174 me
1021 3121 1206 3189 gratis.
1252 3135 1270 3168 ι
1313 3115 1508 3180 Quales
1545 3121 1722 3165 autem
1756 3119 1882 3164 sunt
1917 3125 2108 3179 pecca-

2215 3112 2436 3163 τοιοῦτοι
2474 3115 2569 3165 καὶ
2615 3116 2750 3184 περὶ
2784 3111 2861 3168 ὧν
2884 3118 3128 3185 εἴρηται·
3169 3136 3188 3168 ι
3239 3117 3372 3167 Ἑκεί
3389 3109 3678 3164 ἔσταιὸκλαύ-

565 3219 742 3262 torum
767 3208 953 3263 dentes
991 3209 1080 3277 qui
1114 3213 1487 3268 conteruntur,
1517 3201 1647 3255 tales
1681 3210 1734 3255 et
1757 3200 1790 3253 ii
1818 3200 1884 3254 de
1913 3201 2107 3268 quibus

2215 3199 2343 3267 θμὸς
2367 3201 2460 3252 καὶ
2493 3202 2522 3252 ό
2546 3201 2805 3273 βρυγμὸς
2837 3204 2948 3256 τῶν
2978 3205 3221 3258 ὀδόντων.
3267 3225 3284 3255 ι
3328 3203 3521 3261 Ὀδόντες
3551 3200 3676 3264 ἀμαρ-

565 3297 762 3349 dictum
798 3305 881 3350 est
903 3299 984 3347 ἐς
1013 3314 1031 3346 ι
1071 3295 1144 3349 lbi
1181 3295 1284 3348 erit
1309 3291 1463 3346 ﬂetus
1498 3299 1554 3345 et
1577 3289 1780 3344 stridor
1809 3289 2102 3342 dentium.»

2215 3287 2393 3340 τωλῶν
2425 3291 2530 3340 εἱσι
2563 3290 2829 3360 λογισμοὶ
2879 3292 3085 3359 ἄλογοι,
3123 3291 3266 3361 παρὰ
3293 3289 3431 3357 φύσιν
3470 3288 3565 3355 ἡμῖν
3596 3285 3672 3332 ἐπι-

564 3383 910 3436 Peccatorum
941 3383 1126 3436 dentes
1155 3390 1280 3436 sunt
1305 3395 1333 3433 a
1369 3377 1792 3442 rationealienae
1821 3377 2107 3445 cogitatio-

2215 3377 2626 3445 συμϐαίνοντες,
2663 3375 2746 3443 οἷς
2773 3381 2954 3434 ὀδοῦσι
2984 3381 3246 3452 χρώμενοι
3284 3378 3502 3436 πολλάκις
3519 3375 3554 3424 ol
3577 3373 3665 3422 ἀντι·

565 3485 658 3522 nes
691 3471 844 3524 nobis
872 3479 1068 3538 praeter
1103 3481 1344 3524 naturam
1386 3467 1755 3529 advenientes,
1782 3465 1974 3534 quibus
2015 3465 2108 3518 ho-

2215 3466 2451 3534 κείμενοι
2484 3469 2954 3536 προσεγγίζουσιν
2980 3473 3108 3538 ἡμῖν
3124 3469 3213 3520 τοῦ
3244 3468 3416 3536 φαγεῖν
3436 3465 3512 3522 τὰς
3533 3461 3668 3526 σάρκας

563 3569 670 3613 stes
703 3559 871 3613 nostri
912 3568 1160 3628 tanquam
1200 3559 1448 3612 dentibus
1479 3569 1842 3625 saepenumero
1874 3561 2104 3618 utentes,

2215 3549 2386 3618 ἡμῶν,
2418 3551 2670 3604 τουτέστι
2724 3554 2795 3606 τὰ
2832 3558 2896 3607 ὲκ
2935 3555 3034 3624 τῆς
3061 3555 3253 3622 σαρκὸς
3285 3553 3520 3620 φυόμενα·
3548 3565 3561 3595 ι
3597 3544 3665 3592 411-

564 3650 821 3702 accedunt
864 3649 927 3700 ad
971 3647 1330 3702 devorandum
1378 3661 1571 3702 carnes
1603 3652 1837 3709 nostras,
1868 3642 1970 3696 hoc
1998 3650 2106 3704 est,

2215 3637 2342 3706 νερὰ
2366 3637 2423 3690 δέ
2458 3641 2576 3691 ἐστι
2614 3642 2684 3695 τὰ
2729 3642 2872 3711 ἔργα
2920 3644 3022 3712 τῆς
3069 3643 3281 3713 σαρκὸς,
3315 3661 3332 3692 ι
3365 3638 3544 3708 ww
3578 3631 3665 3686 θεῖος

2223 3726 2563 3791 Ἀπόστολος.

2215 977 2468 1028 τουτέστι
2504 976 2598 1027 τὸν
2641 976 2911 1045 Χριστὸν,
2944 976 2977 1047 ἢ
3009 977 3107 1046 τὴν
3146 978 3461 1050 δικαιοσύνην
3493 987 3627 1052 μισῶν
3650 993 3710 1041 καὶ

2216 1063 2586 1134 ἐργαζόμενος
2620 1063 2723 1132 τὴν
2749 1064 3008 1132 ἀνομίαν.
3041 1066 3150 1116 Καὶ
3184 1068 3298 1118 ἐπεὶ
3323 1068 3589 1142 δικαιοσύνη
3611 1077 3709 1127 ἐστὶν

2216 1156 2244 1205 6
2269 1152 2525 1223 Χριστὸς,
2554 1155 2583 1204 6
2616 1152 2800 1222 μισῶν
2823 1155 2916 1206 τὸν
2953 1155 3186 1224 Χριστὸν
3213 1155 3306 1226 τὴν
3330 1157 3634 1230 δικαιοσύνην,
3652 1183 3708 1231 μι-

2218 1246 2300 1296 σεῖ
2331 1244 2420 1296 τὸν
2456 1243 2614 1295 Θεόν.
2649 1243 2902 1314 Φανεροῦ
2935 1245 2993 1295 δὲ
3025 1245 3308 1314 γενομένου
3337 1249 3414 1311 τίς
3439 1250 3464 1300 6
3496 1252 3629 1319 μισῶν
3651 1253 3708 1305 τὸν

2216 1329 2368 1394 Θεὸν,
2389 1330 2483 1383 ἐὰν
2510 1331 2586 1400 μὴ
2616 1331 3030 1401 ἀκριϐώσωμεν
3053 1332 3107 1383 τί
3129 1333 3339 1398 ὲστιτὸ,
3361 1354 3377 1385 ι
3400 1337 3515 1405 Οὐχὶ
3540 1339 3635 1399 τοὺς
3653 1356 3708 1406 μι-

2219 1419 2446 1481 σοῦντάς
2471 1437 2551 1482 σε,
2580 1420 2784 1490 Κύριε,
2815 1422 3094 1490 ὲμίσησα;
3121 1440 3139 1473 ι
3165 1423 3361 1486 πάντας
3382 1425 3639 1495 ἀνθρώπους
3655 1446 3707 1495 μι-

565 3752 624 3788 ea
653 3753 767 3803 quae
792 3751 851 3788 ex
881 3751 1043 3789 carne
1073 3737 1331 3804 pullulant
1363 3753 1375 3788 :
1409 3755 1428 3787 ε
1466 3736 1744 3790 Manifesta
1775 3741 1951 3787 autem
1986 3741 2109 3787 sunt

565 3841 725 3894 opera
750 3827 945 3889 carnis,
981 3845 999 3876 ι
1032 3837 1088 3878 ιιι
1125 3828 1196 3878 ait
1240 3828 1393 3880 divus
1425 3825 1710 3895 Apostolus
1738 3824 1804 3877 ³³.

641 3915 793 3967 Vens.
825 3915 876 3968 9.
918 3914 1124 3967 Domini
1148 3925 1220 3968 est
1246 3917 1408 3981 salus,
1431 3925 1476 3968 et
1516 3931 1670 3982 super
1695 3912 1942 3982 papulum
1963 3922 2107 3964 tuum

569 4004 854 4056 benedictio
895 4013 1006 4066 tua,
1043 4021 1060 4052 ι
1090 4013 1194 4056 etc.
1226 4003 1326 4068 Qui
1370 4004 1538 4057 credit
1579 4002 1788 4054 Domini
1818 4014 1936 4054 esse
1965 3999 2109 4052 salu-
2211 3999 2250 4059 ἠ
2282 3999 2529 4062 εὐλογία
2579 4012 2723 4060 σου,
2775 4016 2829 4051 κ.
2872 4017 2923 4052 τ.
2977 4002 3023 4052 ἑ.
3080 4000 3135 4049 'U
3170 3999 3448 4060 πειθόμενος
3479 3999 3572 4071 (ng
3608 3999 3633 4071 οξ

566 4102 694 4152 tem,
717 4099 766 4142 et
787 4091 947 4142 Deum
975 4100 1213 4143 nostrum
1237 4104 1356 4144 esse
1385 4091 1552 4144 Deum
1585 4090 1763 4144 salvos
1798 4088 2106 4153 faciendi”,

2215 4082 2302 4132 τοῦ
2327 4083 2532 4151 Κυρίου
2587 4085 2740 4136 ἐστὶν
2773 4087 2806 4155 ὴ
2850 4085 3111 4156 σωτηρία,
3150 4083 3225 4135 διὸ
3267 4081 3348 4132 καὶ
3381 4080 3406 4130 ὁ
3433 4073 3531 4164 Θεὸς
3555 4070 3657 4164 ipf"

566 4177 771 4228 Domini
795 4177 936 4228 enim
962 4187 1084 4230 sunt
1113 4178 1287 4230 exitus
1318 4177 1526 4240 mortis,
1552 4177 1596 4230 is
1623 4176 1771 4230 novit
1795 4175 1960 4228 etiam
1985 4176 2108 4242 quid

2215 4171 2343 4234 Θεός
2395 4174 2510 4224 ἐστι
2557 4173 2657 4226 τοῦ
2713 4174 2908 4238 σώζειν
2928 4191 2942 4207 ·
2978 4155 3070 4228 τοῦ
3103 4174 3206 4242 γὰρ
3235 4168 3415 4238 κυρίου
3438 4164 3482 4216 αἱ
3509 4155 3655 4250 ﬁgi?

567 4263 631 4314 sit
656 4263 919 4316 conﬁdere
943 4263 991 4315 in
1023 4263 1147 4318 filiis
1169 4264 1467 4327 hominum,
1497 4265 1548 4316 in
1577 4265 1765 4332 quibus
1791 4277 1892 4315 non
1915 4270 1996 4314 est
2018 4277 2107 4315 sa-

2215 4259 2304 4312 τοῦ
2335 4261 2564 4314 θανάτου
2587 4280 2601 4292 ·
2656 4259 2766 4316 οἶδε
2801 4265 2896 4315 καὶ
2949 4263 3002 4314 τί
3038 4262 3096 4314 τὸ
3137 4257 3419 4314 πεποιθέναι
3458 4249 3527 4302 ἐπὶ
3560 4243 3656 4354 uta):

2225 4350 2236 4354 “
2289 4349 2304 4354 ⁴
2371 4349 2380 4354 ⁸
2598 4348 2625 4354 ⁸
3151 4351 3158 4354 λ
3250 4349 3306 4354 4—
3423 4341 3455 4354 ιι-
3528 4334 3559 4354 ,ε
3597 4331 3642 4354 ιρ

567 4351 649 4404 lus
668 4351 732 4404 ”.
752 4352 886 4414 Quin
915 4361 997 4404 est
1025 4366 1184 4419 super
1211 4325 1465 4421 p0pulum
1491 4325 1607 4421 eius
1639 4351 1937 4406 benedictio
1969 4349 2105 4416 ejus,

2215 4349 2538 4419 ἀνθρώπων,
2567 4348 2654 4415 οἶς
2687 4357 2789 4407 οὐκ
2824 4356 2938 4406 ἐστι
2963 4351 3212 4422 σωτηρία.
3248 4349 3384 4400 Ἐστι
3419 4341 3465 4393 δὲ
3497 4334 3562 4388 καὶ
3596 4325 3656 4426 ὲξὶ

566 4454 685 4510 qua:
712 4438 964 4508 spiritalis
984 4451 1066 4493 est
1087 4439 1139 4492 in
1174 4439 1477 4494 cmlestibus
1507 4441 1558 4492 in
1590 4441 1824 4494 Christo.

2215 4438 2304 4489 τὸν
2332 4438 2458 4492 λαὸν
2504 4442 2675 4494 αὐτοῦ
2721 4447 2754 4514 ἡ
2802 4443 3020 4510 εὐλογία
3060 4438 3216 4493 αὑτοῦ
3251 4431 3369 4489 οὖσα
3411 4428 3651 4492 matutini

2207 4527 2266 4577 ὲν
2291 4531 2404 4590 τοῖς
2442 4530 2796 4600 ἐπουρανίοις
2824 4535 2882 4587 ἐν
2905 4529 3136 4603 Χριστῷ.

2286 3907 2396 3959 Τοῦ
2437 3909 2664 3974 κυρίου
2709 3912 2750 3978 ἠ
2789 3914 3073 3978 σωτηρία,
3101 3911 3193 3963 καὶ
3226 3908 3314 3960 ἐπὶ
3350 3895 3442 3956 τὸν·
3459 3898 3659 3954 λαόνσοι·

2211 3993 2250 4059 ή
2282 3995 2529 4062 εὐλογία
2579 4012 2723 4060 σου,
2775 4016 2829 4051 κ.
2872 4017 2923 4052 τ.
2977 4002 3023 4052 ἑ.
3080 4000 3135 4049 'U
3170 3994 3448 4060 πειθόμενος
3479 3984 3572 4050 (89)ι
3608 3979 3657 4026 δτι

1121 4723 1431 4777 PSALMUS
1461 4723 1549 4776 ιν.

639 4822 797 4874 V'Etts.
832 4821 883 4873 l.
922 4817 986 4869 In
1009 4817 1162 4882 ﬁnem
1183 4815 1237 4866 in
1261 4814 1472 4879 psalmis
1501 4823 1753 4865 canticum
1789 4815 1977 4878 David,
1999 4825 2102 4870 etc.

567 4913 699 4966 Cum
760 4908 911 4962 multi
949 4881 1132 4973 psalmi
1182 4901 1472 4955 secundum
1524 4903 1870 4969 Septuaginta
1911 4905 2104 4957 inscri-

2215 4905 2430 4958 Πολλῶν
2479 4881 2714 4977 iam
2761 4881 2870 4976 (ῦὸ)
2911 4881 3046 4957 δέατά
3083 4902 3173 4970 μὲν
3209 4897 3322 4954 τοὺς
3353 4881 3644 4979 ἘδδῩεέῗμῗῨῘῗ
3710 4893 3711 4899 “

570 5002 760 5053 bantur
791 4999 892 5050 t-in
927 4996 1106 5057 tinem,
1137 5011 1156 5044 ι
1188 4991 1480 5045 secundum
1512 4988 1644 5041 alios
1673 4999 1848 5042 autem
1893 4993 2102 5047 titulum

2215 4993 2447 5062 ἑχόντων
2481 4968 2798 5066 ἐπιγραφὴν
2833 4968 2862 5044 ι’
2886 4995 2963 5055 εἰς
3009 4968 3264 5047 τὸτέλος,
3297 5000 3312 5032 ⁸
3357 4968 3530 5066 κατὰδξ

569 5089 796 5141 habeant
842 5085 962 5138 huic
999 5101 1016 5132 ι
1053 5081 1107 5135 in
1163 5078 1322 5132 finem
1362 5095 1380 5127 ι
1429 5075 1763 5142 inscriptioui
1789 5069 1791 5072 ⁴
1817 5089 2102 5131 consenta-

2215 5046 2432 5144 λοιποὺς
2589 5046 2920 5152 ’ᾇᾷέάλληλα
2943 5046 3043 5147 ⁷τῷ
3080 5096 3096 5126 ε
3127 5075 3199 5134 εἰς
3227 5070 3280 5124 τὸ
3321 5065 3444 5152 τέξθς
3470 5075 3484 5107 ³
3705 5089 3707 5101 ‘

572 5191 745 5240 neum,
774 5188 947 5244 opera:
988 5169 1212 5239 pretium
1259 5175 1340 5221 est
1395 5179 1489 5232 pro
1527 5165 1732 5218 viribus
1779 5165 2105 5235 investigare

2215 5138 2592 5240 ἀποδιδόμενα,
2628 5171 2798 5236 ἄξιον,
2821 5138 2918 5238 όση
2957 5138 3187 5232 δύναμις,
3221 5149 3476 5223 ἐξιχνεῦσαι
3494 5138 3559 5192 τὸν
3579 5138 3637 5193 δη·
3703 5185 3705 5201 ,

1723 5349 1768 5378 ⁹³
1794 5346 1911 5400 Gal.
1938 5363 1988 5412 v,
2035 5349 2113 5404 l9.
2191 5350 2238 5380 “
2270 5349 2411 5405 Psal.
2444 5363 2610 5413 vatt,
2642 5347 2733 5402 2|.
2807 5347 2852 5377 ³⁸
2887 5343 3020 5397 Psal.
3058 5351 3200 5400 cum
3227 5333 3274 5386 5-
3495 5390 3630 5457 simi".
3699 5359 3701 5401 I

1733 5441 1768 5457 ιι
1840 5445 1851 5457 .
1985 5456 1990 5457 ,
2251 5456 2256 5457 ,
2301 5446 2334 5457 .-.
2421 5445 2433 5457 .
2501 5446 2512 5456 .
2621 5443 2658 5457 Α
2695 5443 2707 5454 .
2763 5456 2766 5457 ν
2821 5443 2833 5453 .
2895 5438 3114 5457 Laium...
3203 5425 3456 5457 nnanﬂllﬂm
3697 5439 3699 5457 |

3418 5425 3456 5463 m

2209 5456 2266 5499 ει
2296 5445 2586 5517 δοτάθτίυε
2618 5443 2834 5517 origani
2894 5438 3140 5517 tribuunt:
3159 5431 3631 5517 _-e_itt::':.':.'::.."':a;a

2211 5478 2266 5499 υι
2297 5478 2586 5500 υυιιιῡιιυδ
2619 5478 2834 5511 υιιῧυηι
2896 5478 3140 5504 ,,,υ,,,,,,¹,’
3208 5478 3232 5495 1
3343 5478 3361 5496 π

2211 5527 2308 5603 :‘t‘ut
2342 5516 2527 5592 eadem
2562 5512 2750 5568 saltem
2790 5507 2960 5580 quoad
2997 5507 3193 5558 sensim
3217 5500 3423 5560 repertun
3690 5521 3697 5603 1

2218 5583 2539 5639 Eusebium.

3515 5929 3689 6150 Δ

2819 4724 3104 4779 ΨΑΛΜΟΣ
3129 4725 3196 4773 Δ’.

2282 4819 2387 4881 Εὶς
2415 4817 2481 4868 τὸ
2515 4817 2696 4883 τέλος
2723 4820 2792 4870 ἐν
2810 4815 3068 4884 ψαλμοῖς
3089 4809 3204 4877 ᾠδὴ
3227 4807 3297 4871 τῷ
3323 4796 3484 4855 Δαυῒδ.
3509 4803 3597 4884 τι
3615 4783 3644 4829 έν

639 5358 678 5387 ⁹¹
703 5357 854 5410 Joan.
884 5372 968 5420 xv,
1010 5355 1064 5406 2.
1138 5354 1180 5384 θ’
1204 5351 1333 5404 Luc.
1381 5361 1500 5412 xm,
1530 5347 1616 5400 28.

642 5446 748 5515 (89)
795 5451 844 5499 '0
870 5449 1366 5515 netﬂdpsroc,_etc.
1398 5441 2022 5515 Corderius,_l3arba_rus.

646 5510 754 5581 (9t!)
789 5510 1329 5578 Πολλῶιίψαλμῶν,
1350 5521 1455 5581 etc.
1487 5510 1659 5581 βοιΙιΙ.
1714 5510 1864 5581 Boe,_
1900 5511 2095 5581 Baroc-

575 5578 774 5644 cianus,
807 5582 1180 5642 Coislinianus,
1233 5579 1438 5633 scltedte
1474 5579 1798 5642 Comhelisii,
1835 5579 2100 5633 Barbarus
