3958 6278
312 322 456 378 “3'5

1296 332 1597 392 SELECTA
1629 335 1695 390 IN
1731 334 2058 392 PSALMOS.
2102 365 2167 375 —-
2201 333 2395 389 PSA‘L.
2433 332 2520 386 iV.

3377 331 3514 389 ιιδι

315 431 583 501 λούμενον
646 432 755 487 ὑπὸ
824 437 924 508 τῆς
983 439 1179 505 λέξεως
1230 442 1370 495 νοῦν.
1431 445 1622 497 Ἶστέον
1662 444 1739 507 δὲ,
1785 444 1878 508 ὅτι,

1993 442 2145 510 hujus
2187 440 2431 495 dictionis
2459 452 2698 493 sensum.
2727 437 3015 491 Sciendum
3046 445 3153 504 est,
3178 448 3236 495 ut
3262 440 3395 495 artis
3423 453 3514 492 cu-

312 524 515 593 ὥετπερ
546 523 731 595 πάσης
757 526 974 598 τέχνης·
996 530 1091 581 καὶ
1121 530 1423 601 ἐπιστήμης
1456 534 1571 585 ἐστὶ
1616 534 1674 585 τὸ
1718 532 1884 596 τέλος,

309 613 412 680 ἐφ’
445 612 476 664 6
512 611 734 665 σπεύδει
764 615 794 665 6
817 616 1056 683 γνησίως
1103 617 1200 685 τὴν
1240 618 1432 688 τέχνην
1471 619 1503 688 ἢ
1533 620 1629 689 τὴν
1670 620 1889 689 ἐπιστή-

311 718 439 771 μην
460 700 686 771 μετιὼν,
716 702 861 755 οὕτω
894 705 988 756 καὶ
1020 705 1117 773 τῆς
1148 706 1367 776 λογικῆς
1400 707 1607 775 φύσεως
1634 709 1714 761 δεῖ
1743 709 1888 771 τέλος

306 790 625 857 τυγχάνειν
648 807 661 819 ·
694 791 854 843 τοῦτο
892 792 949 844 δέ
982 795 1095 845 ἐστι
1131 794 1191 845 τὸ
1218 796 1274 847 ὲν
1307 795 1524 865 Χριστῷ
1558 796 1887 865 ζωοποιηθῆ-

304 894 407 929 ναι
430 878 581 930 κατὰ
608 879 699 930 τὸν
736 880 1072 933 Ἀπόστολον.
1097 882 1400 951 Νομίζομεν
1419 883 1591 935 τοίνυν
1613 884 1738 946 τοὺς
1766 903 1783 933 ι
1811 886 1888 946 είς

302 968 373 1019 τὸ
422 968 592 1029 τέλος
634 986 652 1018 ι
705 970 1211 1039 ἐπιγεγραμμένους
1258 970 1503 1040 ψαλμοὺς
1553 970 1646 1025 τοῦ
1706 972 1887 1034 τέλους

300 1057 440 1109 τινὰ
469 1058 804 1126 ἐπιγράφειν
831 1057 971 1122 νοῦν,
1013 1060 1104 1110 καὶ
1147 1059 1230 1110 ἐπ’
1262 1063 1431 1113 έκεῖνο
1462 1061 1583 1122 τοὺς
1617 1060 1885 1123 συνιέντας

299 1144 378 1195 τὰ
401 1144 689 1213 λεγόμενα
724 1146 1069 1215 παρακαλεῖν.
1099 1147 1266 1200 Παντὶ
1289 1148 1345 1199 δὲ
1388 1147 1767 1217 ἀγωνιζομένῳ
1797 1148 1884 1199 τέ-

300 1230 401 1293 λος
440 1234 478 1301 ή
514 1233 643 1301 νίκη
674 1233 947 1300 τυγχάνει.
984 1234 1132 1286 Ἐπεὶ
1164 1232 1276 1299 οῦν,
1302 1235 1377 1297 ὡς
1409 1235 1883 1304 προαπεδείξαμεν,

300 1320 487 1372 Δαυῒδ
518 1323 549 1372 6
594 1322 831 1390 Χριστὸς
881 1321 1114 1387 λέγεται,
1147 1323 1197 1372 οί
1249 1324 1703 1392 ἐπιγεγραμμένοι
1752 1341 1770 1373 ι
1809 1326 1886 1386 εἰς

298 1410 366 1460 τὸ
403 1410 575 1471 τέλος
619 1430 638 1460 ι
690 1410 765 1478 τῷ
796 1410 953 1462 Δαυῒδ
984 1410 1043 1462 τὸ
1078 1411 1228 1474 τέλος
1262 1412 1351 1463 καὶ
1382 1411 1477 1480 τὴν
1510 1412 1663 1480 νίκην
1702 1414 1881 1480 ἀπαγ-

298 1499 583 1566 γέλλουσι
623 1499 717 1551 τοῦ
768 1499 1026 1568 Χριστοῦ,
1080 1499 1346 1551 νικοποιοῦ
1387 1500 1775 1569 λεχθησομένου
1819 1501 1884 1554 ἂν

298 1589 457 1642 κατὰ
498 1589 597 1640 τὸν
633 1588 882 1651 Ἀκύλαν,
919 1590 1074 1641 ’παντὶ⁵
1115 1589 1441 1657 νενικημένῳ
1474 1588 1627 1657 νίκην
1666 1606 1885 1659 περιπε·

300 1677 641 1745 τεοιηκότος,
672 1678 794 1728 ἐπεὶ
824 1680 853 1729 6
884 1677 987 1729 ὑπὸ
1024 1677 1253 1746 Χριστοῦ
1287 1676 1577 1745 νικώμενος
1613 1676 1708 1746 τὴν
1748 1694 1882 1747 συμ-

297 1766 628 1835 ϐεϐηκυῖαν
681 1765 830 1834 αύτῷ
879 1765 1072 1818 κακίαν
1121 1766 1385 1835 νενίκηκε,
1431 1765 1523 1817 καὶ
1572 1765 1878 1833 ὲξαφανίζει

295 1855 514 1923 αὐτὴν,
549 1853 778 1923 Χριστῷ
808 1854 1260 1922 ὑποτεταγμένος.
1312 1853 1509 1906 Οὐδένα
1542 1854 1645 1925 γὰρ
1685 1856 1879 1908 ἄκοντα

295 1944 436 2011 νικᾷ
482 1943 519 1993 ὁ
548 1941 808 2010 Χριστὸς,
844 1940 979 1994 ἀλλὰ
1005 1939 1314 2008 πείθων,τῷ
1344 1940 1509 2006 Λόγος
1540 1936 1673 1992 εἶναι
1724 1942 1875 1995 Θεοῦ.

294 2032 401 2094 Εἰς
430 2030 608 2083 τοῦτο
634 2030 700 2100 δὴ
727 2031 788 2082 τὸ
809 2033 958 2092 νῖκος
989 2028 1379 2098 ἐπιγράφεσθαί
1417 2046 1546 2100 φησι
1594 2030 1878 2083 Θεοδοτίων

294 2119 529 2189 ῦμνους
592 2120 627 2188 ἢ
689 2118 936 2187 ψαλμοὺς
980 2118 1104 2178 τοὺς
1153 2116 1301 2185 παρὰ
1343 2118 1453 2178 τοῖς
1493 2117 1878 2186 Ἐὁδομήκοντα

300 2228 321 2261 ι
361 2212 454 2271 είς
482 2209 553 2260 τὸ
578 2207 737 2270 τέλος
770 2226 787 2257 ι
842 2206 1341 2277 ἐπιγεγραμμένους
1364 2222 1376 2235 ’
1422 2208 1450 2258 6
1488 2206 1543 2257 δὲ
1593 2206 1897 2288 Σύμμαχος.

300 2317 322 2349 ι
354 2297 685 2359 ἐπινικίους
719 2316 738 2347 ι
770 2297 864 2349 τοῦ
911 2295 1143 2366 Χριστοῦ
1181 2295 1325 2361 λέγοι
1371 2295 1435 2347 ἂν
1482 2291 1616 2347 εἶναι
1658 2296 1876 2360 τούτους

293 2389 432 2449 τοὺς
469 2386 736 2455 ψαλμοὺς
773 2385 805 2455 ἢ
839 2385 997 2455 ᾠδάς.
1040 2385 1162 2437 Ἐὰν
1210 2384 1265 2435 δὲ
1303 2382 1375 2452 μὴ
1426 2384 1582 2452 μόνον
1616 2383 1691 2453 τῷ
1720 2385 1878 2438 Δαυῖδ

292 2476 398 2529 καὶ
436 2495 457 2526 ι
514 2478 599 2537 είς
656 2475 809 2537 τέλος
844 2494 863 2525 ο
896 2474 1175 2541 λέγωνται,
1236 2472 1368 2525 ἀλλὰ
1416 2472 1509 2524 καὶ
1562 2472 1638 2542 τῷ
1687 2474 1874 2542 ’Λσὰφ,

293 2567 425 2635 ἦτοι
453 2567 579 2627 τοῖς
608 2565 746 2625 υἱοῖς
792 2564 954 2633 Κορὲ,
987 2563 1085 2614 οὐκ
1136 2561 1330 2613 ἄτοπον
1370 2560 1451 2621 τὸ,
1504 2562 1707 2624 πάντας
1755 2565 1876 2626 τοὺς

293 2655 509 2721 ἁγίους
552 2653 656 2722 τὴν
686 2651 780 2704 τοῦ
833 2651 1066 2720 Χριστοῦ
1108 2651 1287 2703 εἰκόνα
1335 2651 1776 2720 ἀναδεδεγμένους
1818 2657 1877 2707 τὸ

292 2745 505 2797 ἐνθάδε
537 2744 832 2814 εἰρημένον
865 2744 958 2796 καὶ
998 2746 1081 2795 ἐπ’
1114 2745 1330 2797 ἐκείνων
1358 2749 1492 2798 νοεῖν
1525 2748 1688 2817 ἡμᾶς.
1718 2746 1790 2797 Τὸ
1817 2745 1873 2796 δὲ

299 2855 318 2886 ι
355 2838 418 2888 ὲν
444 2834 701 2903 ψαλμοῖς
745 2851 765 2882 ι
802 2832 953 2903 παρὰ
985 2836 1093 2897 τοῖς
1131 2834 1520 2905 Ἐὄδομήκοντα
1552 2837 1642 2888 καὶ
1682 2834 1875 2903 Ἀκύλᾳ¹

291 2928 421 2995 είρη
433 2925 616 2994 μένον
639 2919 795 2991 οἶμαι
821 2924 1149 2993 σαφέστερον
1182 2925 1609 2992 ἀπαγγέλλεσθαι
1655 2924 1741 2979 διὰ
1784 2924 1874 2976 τοῦ

1981 529 2196 597 juslibet
2236 536 2402 593 atque
2449 523 2683 577 scientiae
2717 523 2932 591 quidam
2966 524 3085 579 linis
3113 536 3216 590 est,
3245 541 3403 597 quem
3433 528 3515 579 iu-

1988 616 2156 670 tendit
2203 616 2247 668 is
2276 614 2361 681 qui
2393 621 2562 666 artem
2596 611 2674 663 vel
2702 613 2976 665 scientiam
3009 614 3149 669 serio
3183 623 3420 677 exercet.
3440 618 3517 673 sic

1987 706 2143 761 etiam
2195 714 2399 757 naturae
2432 699 2709 754 rationalis
2750 701 2908 753 linem
2949 702 3180 769 aliquem
3210 717 3330 757 esse
3360 719 3515 773 opor-

1987 805 2116 848 tere.
2161 793 2259 847 Hic
2310 801 2484 846 autem
2540 799 2623 843 est
2671 787 3015 844 viviﬁcari'in
3058 792 3272 846 Christo
3322 808 3514 850 secun-

1987 883 2108 936 dum
2154 881 2482 950 Apostolum.
2530 879 2908 933 Existimamus
2940 880 3118 949 itaque
3162 881 3393 950 psalmos
3421 884 3511 950 qui

1992 990 2009 1022 ι
2044 972 2094 1025 iu
2129 971 2285 1023 liuem
2323 989 2341 1021 ι
2384 971 2773 1029 inscribuntur,
2813 984 3027 1023 sensum
3077 970 3357 1037 quemdam
3395 971 3516 1027 linis

1985 1076 2098 1130 pne
2123 1075 2180 1113 se
2210 1060 2372 1125 l‘erre,
2401 1071 2456 1114 et
2483 1063 2546 1113 ad
2575 1060 2718 1114 illum
2756 1060 2914 1114 linem
2948 1074 3039 1113 eos
3060 1061 3147 1127 qui
3180 1075 3298 1128 quae
3326 1061 3517 1115 dicun-

1988 1160 2101 1212 tur,
2142 1149 2472 1218 intelliguut,
2511 1146 2803 1201 cohortari.
2844 1145 3001 1200 Omni
3055 1156 3229 1202 autem
3287 1150 3515 1203 certanti

1987 1237 2106 1290 linis
2126 1245 2210 1290 est
2238 1236 2484 1289 victoria.
2514 1240 2716 1304 Quare,
2747 1252 2887 1301 eum,
2918 1246 2974 1289 ut
3008 1245 3128 1291 ante
3153 1238 3512 1301 ostendimus,

1987 1323 2150 1376 David
2201 1324 2408 1377 dicatur
2439 1324 2703 1389 Christus,
2751 1327 2935 1392 psalmi
2992 1326 3083 1394 qui
3135 1343 3154 1378 ι
3200 1327 3254 1380 in
3293 1326 3452 1381 linem
3492 1347 3511 1383 ι

1992 1411 2153 1465 David
2184 1411 2422 1478 inscripti
2448 1422 2588 1475 sunt,
2621 1411 2779 1467 linem
2822 1424 2872 1469 et
2903 1417 3173 1470 victoriam
3201 1419 3517 1475 annuntiant

1983 1499 2204 1564 Christi,
2228 1501 2547 1567 quemjuxta
2579 1503 2818 1570 Aquilam
2848 1504 3024 1558 dicere
3049 1506 3211 1559 liceat
3235 1508 3510 1564 victorem.

1982 1587 2132 1641 Omni
2178 1587 2337 1658 556
2374 1589 2516 1642 enim
2566 1593 2704 1646 victo
2733 1594 3007 1647 victoriam
3040 1594 3251 1661 tribuit,
3276 1597 3517 1664 quando-

1983 1678 2192 1746 quidem
2226 1679 2467 1745 quisquis
2495 1696 2522 1731 a
2546 1680 2762 1735 Christo
2791 1682 3388 1748 vincitur,accidentem
3413 1684 3513 1738 sibi

1982 1768 2228 1821 malitiam
2265 1767 2429 1820 vincit
2458 1778 2512 1821 et
2547 1770 2612 1821 de
2646 1771 2818 1824 medio
2854 1770 3013 1834 tollit,
3071 1779 3255 1839 utpote
3299 1770 3517 1826 Christo

1978 1855 2265 1922 subjectus.
2309 1853 2583 1906 Neminem
2612 1857 2755 1910 enim
2798 1857 3022 1911 invitum
3058 1858 3511 1922 vincitChristus,

1978 1946 2068 1996 sed
2093 1944 2357 2006 suasione,
2392 1957 2510 1997 cum
2540 1944 2609 1997 sit
2637 1945 2867 1999 Verbum
2897 1946 3079 2000 Dei.ln
3115 1947 3249 2001 hanc
3276 1962 3405 2017 ergo
3436 1950 3513 2002 vi~

1978 2035 2199 2086 ctoriam
2247 2033 2469 2101 hymnos
2508 2048 2599 2087 seu
2648 2034 2880 2102 psalmos
2921 2035 3165 2099 inscribi,
3194 2037 3384 2104 quibus
3414 2036 3512 2091 Se~

1979 2122 2252 2189 ptuaginta
2281 2140 2299 2171 ι
2336 2122 2388 2174 in
2442 2126 2596 2178 linem
2630 2142 2648 2173 ι
2682 2124 2889 2176 titulum
2930 2123 3191 2188 fecerunt,
3223 2125 3514 2178 Theodotin

1977 2219 2161 2262 auctor
2181 2219 2293 2261 est:
2313 2218 2367 2262 at
2382 2210 2736 2280 Symmachus
2756 2230 2774 2260 ι
2801 2212 3148 2281 triumphales
3164 2230 3188 2264 o
3210 2212 3407 2267 Christi
3433 2215 3483 2269 di
3498 2244 3514 2259 ν

1977 2295 2114 2348 xerit
2158 2294 2412 2361 ejusmodi
2458 2297 2691 2363 psalmos
2724 2311 2815 2350 seu
2859 2297 3086 2350 cantica.
3132 2296 3511 2351 Verumtamen

1977 2398 2096 2436 cum
2128 2398 2231 2438 non
2277 2394 2480 2438 tantum
2526 2385 2625 2454 ipsi
2660 2385 2848 2451 David,
2870 2387 2961 2439 sed
2992 2387 3168 2454 Asaph
3207 2400 3419 2455 quoque
3459 2399 3513 2445 et

1977 2473 2099 2526 liliis
2124 2473 2259 2527 Core
2291 2490 2310 2523 ι
2342 2473 2392 2526 in
2419 2475 2575 2527 linem
2610 2492 2628 2525 ι
2661 2475 2926 2539 dicantur,
2948 2490 3056 2527 non
3083 2476 3371 2533 absurdum
3398 2477 3513 2531 l'ue-

1977 2563 2047 2615 rit
2082 2576 2178 2616 nos
2223 2563 2291 2615 de
2335 2564 2585 2616 omnibus
2631 2563 2833 2617 sanctis
2872 2563 2965 2629 qui
2992 2563 3187 2617 Christi
3224 2565 3508 2635 imaginem

1976 2666 2274 2719 suscepere,
2312 2652 2452 2718 quod
2510 2650 2597 2704 hic
2644 2652 2843 2704 dictum
2885 2660 2966 2703 est
3013 2650 3326 2719 intelligere.
3358 2650 3508 2716 Quod

1977 2759 2101 2797 vero
2137 2747 2274 2812 apud
2301 2741 2644 2811 Septuaginta
2675 2752 2729 2795 et
2756 2742 2997 2809 Aquilam
3049 2744 3250 2796 dictum
3287 2750 3366 2795 est
3401 2759 3421 2791 ι
3454 2742 3505 2798 iu

1974 2833 2208 2898 psalmis,
2251 2853 2270 2884 ι
2316 2834 2365 2885 id
2407 2833 2642 2901 apertius
2682 2841 2807 2898 puto
2840 2832 3069 2886 edidisse
3101 2830 3506 2903 Symmachum,

1978 2943 1997 2974 ι
2030 2927 2080 2977 iu
2113 2924 2394 2994 psalteriis,
2436 2942 2454 2974 ι
2481 2937 2599 2976 cum
2651 2930 2761 2976 tres
2806 2936 2900 2974 nos
2947 2923 3168 2975 doceant
3200 2920 3250 2973 in
3288 2922 3509 2989 organis

290 3013 620 3082 Συμμάχου
654 3029 672 3059 ι
700 3009 790 3062 διὰ
808 3010 1136 3080 ψαλτηρίων,
1163 3033 1181 3063 ι
1213 3012 1561 3067 διδασκόντων
1588 3015 1734 3082 ἡμᾶς
1766 3013 1873 3066 τῶν

1978 3028 2092 3081 quae
2135 3012 2379 3079 psalteria
2435 3011 2701 3073 dicuntur,
2752 3010 3054 3078 hujusmodi
3095 3010 3363 3064 canticum
3410 3024 3506 3063 seu

288 3102 475 3169 τριῶν
509 3101 651 3171 πρὸς
684 3101 753 3151 τὰ
785 3100 990 3169 ῦργανα
1021 3099 1322 3169 καλούμενα
1342 3101 1610 3171 ψαλτήρια
1631 3100 1873 3170 εἰρῆσθαι

1978 3098 2385 3151 modulationem
2417 3149 2425 3153 _
2458 3095 2623 3150 luisse
2675 3096 3024 3164 persolutum.
3082 3096 3213 3150 Nam
3272 3097 3504 3167 plurima

288 3192 392 3260 τὴν
423 3189 586 3260 ᾠδὴν
612 3188 820 3257 ταύτην
852 3188 976 3258 ἢτὸ
1014 3188 1317 3258 μελῴδημα.
1344 3190 1565 3245 Πλείονα
1587 3190 1692 3258 γὰρ
1716 3191 1876 3258 ὄργα-

289 3297 360 3330 να
396 3277 686 3346 ζητητέον
718 3277 786 3328 δι’
816 3270 889 3328 ὦν
912 3276 1093 3346 ᾄδεται
1126 3277 1185 3330 τὸ
1211 3296 1229 3326 ι
1264 3279 1341 3340 είς
1376 3278 1433 3330 τὸ
1465 3277 1633 3340 τέλος,
1673 3298 1691 3330 ι
1726 3277 1759 3345 ἢ
1792 3296 1809 3327 ι
1848 3280 1876 3329 6

287 3368 606 3429 ὲπινίκιος,
648 3391 665 3422 ι
687 3365 721 3433 ἢ
748 3382 767 3414 ι
805 3366 879 3435 τῷ
904 3366 1175 3436 νικοποιῷ.
1209 3384 1226 3418 ι
1252 3368 1477 3420 Δύναται
1497 3368 1553 3419 δὲ
1583 3366 1751 3419 καὶτὸ
1774 3367 1874 3418 ὑπὸ

290 3458 679 3516 Θεοδοτίωνος
722 3455 1008 3524 εἰρημένον
1031 3459 1109 3518 εἰς
1134 3456 1194 3508 τὸ
1226 3459 1370 3518 νῖκος
1397 3458 1452 3508 ὲν
1504 3457 1689 3525 ὕμνοις
1723 3454 1876 3508 τοῦτο

285 3547 530 3617 δηλοῦν.
576 3543 730 3613 Δῦτη
763 3544 937 3596 τοίνυν
964 3544 998 3613 ἡ
1029 3544 1205 3616 ιξ)δὴ,ἣ
1232 3545 1292 3597 τὸ
1316 3544 1665 3615 μελιξ)δημα,ἢ
1694 3546 1722 3596 ὁ
1740 3545 1873 3612 ψαλ-

287 3637 421 3706 ιιιὸς,
484 3634 595 3703 τὴν
627 3634 926 3703 εἰρημένην
960 3634 1207 3685 ὑπόθεσιν
1264 3634 1420 3703 ἔχων,
1473 3634 1540 3687 τὰ
1587 3635 1875 3705 προδιηγη-

283 3725 466 3776 θέντα
501 3725 643 3791 ἡμῖν
697 3721 1107 3788 ἐπαγγέλλεται,
1148 3723 1447 3790 κοινότερον
1493 3724 1590 3791 μὲν
1634 3724 1710 3792 τῷ
1743 3740 1875 3793 προ-

284 3816 446 3884 φήτῃ
480 3811 677 3874 Δαυῒδ,
719 3811 1115 3880 μυστικώτερον
1146 3810 1201 3862 δὲ
1244 3809 1322 3879 τῷ
1354 3811 1569 3880 Χριστῷ
1600 3814 1659 3865 τὸ
1702 3813 1871 3882 πρόσ-

283 3921 451 3956 ωπον
510 3901 627 3953 τῶν
663 3900 834 3967 ἁγίων
882 3900 1324 3968 ἀναλαμϐάνοντι,
1384 3900 1473 3952 καὶ
1518 3901 1602 3953 ὁτὲ
1653 3902 1747 3970 μὲν
1778 3902 1873 3964 τὰς

283 3990 523 4058 θλίψεις
548 3987 735 4038 αὐτῶν
765 3986 843 4047 ὡς
878 3986 1012 4046 ἰδίας
1041 3986 1343 4054 ἡγουμένῳ,
1382 3986 1474 4038 καὶ
1508 3988 1629 4049 τοὺς
1659 3990 1714 4039 ὲν
1752 3988 1875 4039 ταύ-

280 4096 414 4140 ταις
451 4075 653 4129 αὐτῶν
695 4074 1222 4141 πλατυσμοῦς,(ὲπεὶ
1253 4074 1419 4141 ἁγίων
1451 4076 1563 4127 ἐστὶ
1604 4077 1750 4144 φωνὴ
1794 4077 1871 4137 τό,

288 4187 306 4218 ε
355 4169 457 4218 Ἑν
490 4164 667 4217 παντὶ
701 4162 1024 4231 θλιῦόμενοι,
1057 4162 1169 4213 ἀλλ’
1201 4163 1261 4213 οὐ
1302 4163 1813 4232 στενοχωρούμενοι,
1850 4188 1867 4220 ι

280 4257 379 4308 ὁτὲ
413 4255 479 4307 δὲ
513 4251 902 4321 ἐπιστρέφοντι
951 4249 1074 4310 τοὺς
1109 4248 1494 4319 βαρυκαρδίους
1535 4251 1626 4305 καὶ
1658 4251 1777 4313 τοὺς
1808 4252 1873 4303 τὰ

1973 3187 2251 3254 quzerenda
2286 3196 2407 3239 sunt
2454 3201 2673 3254 organa,
2722 3186 2913 3253 quibus
2964 3186 3089 3241 illud
3126 3204 3147 3243 ι
3190 3188 3240 3240 in
3285 3186 3443 3244 linem
3477 3207 3501 3240 τ

1973 3276 2205 3339 canitur,
2233 3278 2314 3329 vel
2336 3295 2354 3327 ι
2380 3292 2473 3345 pro
2499 3286 2646 3344 parta
2677 3275 2923 3337 victoria,
2944 3295 2962 3326 ι
2991 3275 3071 3330 vel
3102 3295 3120 3327 ι
3145 3276 3384 3331 victori.)
3406 3277 3509 3331 Po-

1976 3373 2076 3419 test
2104 3373 2279 3417 autem
2301 3375 2355 3417 et
2378 3365 2514 3432 quod
2541 3365 2835 3418 Theodotio
2872 3365 3062 3428 edidit,
3082 3382 3106 3415 ι
3146 3366 3195 3418 in
3230 3366 3503 3425 victoriam

1974 3454 2025 3505 in
2046 3453 2309 3522 hymnis,»
2345 3454 2444 3505 hoc
2466 3455 2635 3520 ipsum
2659 3453 2979 3521 signiﬁcare.
3004 3452 3115 3507 Hoc
3148 3454 3307 3521 igitur
3329 3456 3502 3509 cauti.

1971 3554 2112 3603 cum,
2141 3539 2224 3592 vel
2247 3537 2485 3599 melodia,
2516 3540 2629 3591 sive
2658 3538 2893 3605 psalmus
2922 3551 3272 3594 memoratum
3296 3542 3505 3599 habens

1973 3635 2359 3695 argumentum,
2410 3641 2526 3692 quae
2573 3637 2728 3680 antea
2778 3642 2808 3679 a
2855 3627 3010 3681 nobis
3059 3628 3319 3699 explicata
3355 3640 3500 3693 sunt,

1971 3716 2265 3785 pollicetur,
2294 3732 2358 3772 ex
2384 3718 2682 3787 vulgariorc
2709 3719 2970 3772 sententia
2998 3719 3269 3787 propheta:
3294 3717 3503 3783 Davidi,

1972 3802 2260 3855 secundum
2321 3818 2569 3858 arcanam
2621 3818 2750 3858 vero
2806 3804 3246 3872 signiﬁcationem
3290 3804 3504 3863 Christo

1972 3883 2273 3945 sanctorum
2301 3908 2578 3960 personam
2600 3895 2913 3958 assumenti,
2949 3895 3285 3963 ipsorumque
3309 3910 3506 3949 aerum-

1972 3996 2069 4033 nas
2094 3981 2243 4047 quasi
2277 3982 2540 4048 proprias,
2575 3992 2629 4035 et
2655 3982 2990 4036 dilatationes
3013 3983 3168 4036 modo
3194 3983 3295 4037 sibi
3336 3984 3506 4039 ascri-

1970 4069 2114 4122 benti
2141 4070 2465 4136 (sanctorum
2490 4072 2629 4123 enim
2662 4071 2749 4124 illa
2779 4086 2877 4123 vox
2900 4081 2983 4124 est
3007 4071 3086 4119 οδε
3118 4090 3141 4123 ι
3174 4069 3228 4125 In
3257 4072 3504 4128 omnibus

1974 4157 2361 4211 tribulationem
2385 4160 2666 4228 patientes,
2688 4159 2779 4212 sed
2803 4175 2907 4212 non
2933 4159 3218 4226 angustiati
3241 4160 3287 4228 ι)
3305 4201 3321 4225 ,
3345 4161 3503 4213 modo

1972 4250 2146 4296 autem
2170 4258 2262 4298 eos
2290 4248 2618 4299 converteuti
2646 4247 2731 4314 qui
2757 4248 2903 4315 gravi
2928 4249 3085 4301 corde
3114 4262 3259 4312 sunt,
3284 4250 3503 4305 ctvani—

286 4345 518 4413 μάταια
563 4339 912 4407 ἀγαπῶντας.
958 4338 1031 4389 Οὐ
1060 4338 1198 4390 πάνυ
1245 4337 1300 4388 δὲ
1334 4338 1605 4406 ζητήσεως
1632 4337 1808 4407 ἔχεται
1839 4342 1870 4407 η

1978 4339 2138 4384 tatem
2158 4333 2398 4401 diligunt.
2417 4335 2675 4389 Cancrum
2698 4351 2802 4388 non
2826 4336 2980 4404 longa
3005 4338 3346 4405 inquisitione
3367 4339 3504 4392 indi-

279 4432 545 4501 διαφορὰ
584 4428 695 4480 τῶν
718 4424 914 4488 λέξεων
933 4426 1073 4494 ᾠδῆς
1097 4427 1189 4477 καὶ
1227 4424 1620 4493 μελῳδὴματος.
1650 4428 1744 4478 Διὰ
1779 4428 1874 4497 μὲν

279 4522 401 4591 γὰρ
443 4522 557 4589 τῆς
590 4516 740 4586 ᾠδῆς
764 4514 1001 4576 ἔκκλισις
1031 4515 1127 4582 τῆς
1164 4513 1347 4581 φωνῆς
1374 4512 1622 4580 δηλοῦται
1673 4516 1762 4571 τοῦ
1794 4516 1880 4567 λέ-

278 4628 520 4681 γοντος,
538 4607 634 4660 διὰ
655 4606 713 4657 δὲ
744 4605 834 4657 τοῦ
868 4603 1242 4673 μελῳδήματος
1270 4604 1410 4670 τάχα
1438 4604 1527 4654 καὶ
1554 4604 1614 4654 τὸ
1639 4606 1879 4673 τεχνικίν

275 4702 383 4753 τοῦ
414 4694 704 4770 μυστικοῦ
739 4694 933 4763 μέλους
965 4694 1225 4762 ᾀδομένου
1267 4693 1324 4743 ὲν
1375 4691 1582 4759 ῥυθμῷ.
1631 4692 1785 4743 Κατὰ
1821 4693 1877 4744 δὲ

274 4791 420 4851 τοὺς
450 4788 562 4854 τῆς
587 4782 883 4849 ἀναγωγῆς
907 4781 1099 4849 νόμους
1127 4784 1158 4850 η
1193 4776 1465 4849 εὔρυθμος
1495 4777 1587 4828 καὶ
1618 4778 1756 4831 κατὰ
1792 4779 1878 4832 λό-

277 4893 386 4942 γον
441 4868 781 4938 ὲξεταστικὴ
831 4865 1066 4918 πολιτεία
1117 4869 1196 4928 εἰς
1253 4863 1412 4926 δόξαν
1449 4863 1582 4915 Θεοῦ
1616 4866 1872 4935 γινομένη

279 4963 439 5032 μετὰ
484 4959 786 5029 δογμάτων
821 4955 985 5023 ὑγιῶν
1022 4957 1112 5009 καὶ⁵
1160 4954 1333 5020 λόγων
1368 4951 1457 5002 καὶ
1482 4952 1691 5021 ἑτέροις
1737 4952 1877 5020 dig-.5-

276 5055 474 5123 λίμων
518 5052 607 5118 εἴη
641 5050 710 5100 ἂν
742 5047 804 5097 τὸ
844 5044 1144 5114 μελῴδημα.

368 5145 481 5193 Ἐν
514 5140 597 5203 τῷ
628 5135 1039 5191 ἐπικαλεῖσθαί
1057 5152 1147 5202 με,
1169 5128 1484 5193 εἰσήκουσέ
1500 5145 1634 5197 μου
1662 5134 1697 5183 ὀ
1733 5132 1872 5195 Θεὸς

278 5231 400 5297 τῆς
441 5228 854 5289 δικαιοσύνης
879 5240 1009 5290 μου,
1037 5239 1085 5274 κ.
1113 5239 1159 5273 τ.
1193 5222 1240 5271 έ.
1272 5215 1346 5265 Τὸ
1371 5215 1517 5282 λέγον
1560 5218 1867 5286 πρόσωπον

276 5322 400 5390 (9|)
446 5318 579 5387 ἦτοι
610 5318 641 5366 6
669 5312 957 5382 Προφήτης
994 5310 1147 5373 ἐστὶν,
1176 5307 1205 5373 ἢ
1233 5305 1263 5353 ὁ
1292 5302 1519 5369 Χριστὸς
1570 5307 1735 5358 κατὰ
1756 5306 1866 5376 -τὴν

351 5415 402 5449 ⁸⁸
445 5409 496 5462 ll
552 5409 680 5460 Cor.
708 5408 801 5463 ἰν,
842 5399 894 5452 8.

1976 4428 2063 4488 get
2091 4421 2377 4474 discrimen
2405 4436 2586 4475 vocum
2612 4425 2808 4477 cantici
2830 4435 2886 4478 et
2915 4426 3170 4480 melodiae.
3199 4425 3301 4481 Per
3331 4429 3505 4481 eanti.

1976 4521 2094 4560 cum
2119 4524 2217 4561 vox
2244 4510 2468 4563 dicentis
2497 4511 2773 4580 inclinata,
2793 4528 2888 4581 per
2919 4515 3194 4570 melodiam
3217 4517 3500 4572 artilieium

1976 4598 2225 4651 carminis
2252 4599 2551 4669 rhythmice
2593 4604 2790 4655 cantati
2829 4604 3156 4672 designatur.
3198 4606 3501 4658 Secundum

1976 4696 2149 4739 autem
2185 4702 2373 4742 sensus
2413 4691 2682 4759 anagogici
2716 4692 2875 4761 leges,
2905 4693 3042 4745 bene
3078 4696 3431 4762 compositum
3452 4703 3506 4753 et

1975 4776 2040 4829 ad
2072 4778 2311 4843 rationis
2360 4794 2597 4833 normam
2652 4790 2896 4836 exactum
2945 4781 3066 4833 vita:
3110 4781 3409 4834 institutum
3436 4784 3503 4835 ad

1979 4865 2065 4917 Dei
2098 4866 2346 4943 gloriam,
2371 4882 2491 4922 cum
2521 4870 2762 4925 doctrina
2795 4884 2923 4924 sana
2968 4871 3250 4939 verbisque
3278 4871 3342 4924 ad
3368 4870 3502 4928 alio:

1975 4968 2090 5007 rum
2118 4953 2392 5011 utilitatem
2426 4958 2773 5025 concinnatis,
2802 4958 2911 5014 erit
2935 4958 3178 5015 melodia.

2044 5133 2201 5187 Vens.
2231 5134 2286 5188 Ξ.
2321 5133 2450 5188 Cum
2474 5137 2785 5200 invocarem,
2817 5133 3081 5188 exaudivit
3120 5146 3198 5183 me
3238 5129 3377 5181 Deus
3414 5131 3510 5195 ju-

1971 5222 2126 5276 stiliw
2149 5240 2292 5290 mete,
2329 5236 2430 5280 etc.
2459 5226 2586 5291 Quae
2609 5227 2693 5280 hic
2721 5225 2958 5291 loquitur
2982 5231 3241 5284 persona,
3266 5215 3352 5267 vel
3377 5214 3513 5271 Pro~

1973 5307 2151 5375 pheta,
2183 5312 2264 5364 vel
2292 5312 2536 5366 Christus
2560 5321 2641 5365 est
2688 5310 2982 5364 secundum
3027 5304 3320 5354 humanam
3353 5309 3517 5356 uatu-

345 5532 471 5598 (91)
508 5526 578 5580 Τὸ
609 5516 1132 5598 λέγονηπρόσωπον,
1160 5515 1259 5562 etc.
1323 5503 1497 5565 Codex
1559 5509 1878 5566 Barocciat

1979 5554 1993 5581 ,
2045 5513 2330 5569 Barbarus.
2390 5508 2573 5562 Exstat
2625 5507 2780 5561 etiam
2820 5502 2876 5554 in
2935 5494 3127 5551 codice
3176 5491 3290 5547 Rue
3325 5492 3381 5559 4,
3434 5497 3530 5559 βω

274 5584 546 5652 mancum
585 5602 640 5645 et
671 5584 934 5641 mutilum.
