3958 6204
550 304 680 360 1155

1891 295 1982 351 EX
2018 290 2319 352 ΟΒΙΟΕΝΕ

3603 298 3704 357 1136

548 434 656 471 ram
675 431 831 485 quam
849 414 1013 469 nostri
1030 426 1187 468 causa
1204 414 1458 483 suscepit.
1473 413 1759 468 Declarant
1775 420 1953 465 autem
1974 412 2084 465 haec

2188 407 2501 479 οἰκονομίαν
2542 408 2610 478 ἢν
2652 406 2804 477 ὑπὲρ
2848 403 3019 477 ἡμῶν
3073 403 3374 469 ἀνεδέξατο.
3410 407 3548 477 Δηλοί
3582 410 3627 463 δὲ
3660 414 3708 465 τὰ

546 507 706 560 verba
738 506 907 573 ipsum
938 504 1201 567 exaudiri,
1224 520 1329 559 non
1368 511 1656 573 postquam
1684 503 1968 566 invocavit,
1994 499 2085 554 sed

547 609 664 648 cum
697 594 991 648 invocaret.
1020 592 1235 646 Sanctis
1254 592 1396 645 enim
1422 600 1475 645 et
1505 590 1724 644 omnino
1746 589 2088 644 audientibus

548 688 805 748 praecepta
848 679 1050 740 divina,
1082 679 1194 732 hare
1219 679 1355 742 apud
1390 677 1582 731 Isaiam
1612 677 1925 746 prophetam
1960 690 2087 745 pro-

550 770 730 824 missio
766 769 1110 823 annuntiatur
1134 769 1179 799 ⁸⁷
1205 785 1220 824 :
1254 786 1273 819 ‹
1311 769 1499 822 Adhuc
1523 777 1574 821 te
1602 767 1853 836 loquente
1875 767 2084 820 dicam:

549 860 685 915 Ecce
735 860 937 913 adsum.
988 878 1005 911 ι
1037 858 1222 926 Opera:
1264 868 1438 912 autem
1468 859 1698 926 pretium
1729 866 1812 912 est
1844 856 2088 910 conside-

551 966 673 1004 rare
721 949 847 1016 quid
897 949 967 1002 sit
1020 949 1288 1012 invocare,
1344 963 1465 1003 cum
1519 949 1554 1002 ii
1610 947 1699 1016 qui
1753 945 2087 1012 Scripturam

550 1055 657 1093 non
721 1040 943 1095 scrutati
1009 1046 1189 1102 sunt,
1253 1038 1580 1094 arbitrentur
1643 1036 1927 1105 cujuslibet
1997 1033 2088 1100 qui

552 1129 618 1183 ad
653 1128 909 1184 orandum
960 1129 1339 1199 propenderit,
1384 1129 1483 1183 hoc
1537 1141 1658 1183 esse
1709 1141 1881 1194 opus,
1929 1123 2087 1193 557

550 1219 816 1287 PrOpheta
882 1235 1011 1275 vero
1098 1219 1431 1289 apertissime
1501 1218 1733 1273 declaret
1808 1217 1873 1268 ad
1966 1228 2090 1267 san-

553 1316 671 1360 ctos
700 1315 754 1360 et
790 1320 881 1361 eos
910 1308 998 1374 qui
1038 1306 1275 1361 salvandi
1301 1313 1447 1372 sunt,
1476 1309 1746 1373 pertinere
1792 1300 2088 1354 invocatio-

552 1396 635 1448 nis
659 1410 853 1449 munus
882 1412 895 1448 :
921 1394 1077 1459 Nam,
1118 1396 1287 1464 inquit
1321 1395 1388 1459 ”,
1424 1412 1444 1445 ι
1480 1394 1656 1447 omnis
1686 1393 1775 1461 qui
1808 1392 2088 1444 invocave-

553 1482 622 1534 rit
652 1498 844 1536 nomen
872 1482 1079 1537 Domini
1106 1483 1285 1537 salvus
1312 1483 1467 1536 erit.»
1493 1481 1546 1536 Si
1576 1481 1716 1533 enim
1757 1495 1775 1529 ι
1805 1477 1978 1532 omnis
1998 1474 2086 1543 qni

551 1571 875 1626 invocaverit
889 1586 1080 1626 nomen
1099 1572 1307 1626 Domini
1323 1571 1499 1626 salvus
1514 1571 1633 1632 erit,
1648 1587 1663 1618 ι
1685 1567 1774 1636 qui
1796 1580 1900 1619 non
1916 1564 2089 1617 salva-

2192 498 2329 569 ρητά
2362 498 2426 551 τὸ
2463 497 2855 551 είσακούεσθαι
2904 496 3033 565 οὐχὶ
3084 495 3223 565 μετά
3264 496 3325 549 τὸ
3370 498 3707 568 ἐπικεκλῆσθαι,

2188 589 2304 642 ἀλλ’
2332 590 2391 642 ἐν
2417 587 2499 658 τῷ
2525 587 2942 642 ἐπικαλεῖσθαι.
2978 588 3109 650 Τοῖς
3128 587 3239 656 γάρ
3261 588 3428 655 ἁγίοις
3461 590 3544 641 καὶ
3572 591 3707 661 πάντη

2188 677 2449 731 ἀκούουσι
2481 676 2592 730 τῶν
2619 676 2786 729 θείων
2812 676 3269 749 προσταγμάτων
3298 677 3567 745 ἐπαγγελία
3589 678 3709 748 uti}.

2195 783 2390 837 ρυκται
2426 764 2573 819 κατά
2611 764 2709 817 τὸν
2753 765 3054 835 προφήτην
3088 763 3316 817 Ἠσαίαν
3340 765 3427 817 τόδ
3456 783 3473 815 t
3507 768 3609 819 Ἔτι
3644 769 3710 821 λα-

2193 857 2414 920 λοῦντός
2465 873 2585 919 σου,
2626 856 2778 927 ἐρῶ·
2826 855 2967 908 Ἰδοὺ
2997 856 3249 926 πάρειμι.
3286 875 3305 907 ι
3346 856 3511 922 Ἄξιον
3543 858 3591 911 δέ
3622 860 3712 914 ἰδεῖν

2192 949 2291 1001 καὶ
2321 948 2375 1000 τί
2424 947 2489 999 τὸ
2537 944 2931 999 ἐπικαλεῖσθαι
2954 983 2970 1008 ,
3017 943 3130 997 τῶν
3180 946 3252 1015 μὴ
3310 945 3611 1015 ἐξητακότων
3642 950 3711 1019 τὴν

2196 1034 2423 1106 Γραφὴν
2454 1034 2724 1104 οίομένων
2773 1033 2989 1095 παντὸς
3034 1032 3345 1086 οὑτινοσοῦν
3387 1035 3608 1105 ρέποντος
3642 1040 3705 1091 ἐπὶ

2191 1124 2252 1177 τὸ
2279 1122 2541 1187 εὕξασθαι
2570 1117 2714 1174 εἶναι
2741 1121 2911 1191 ἔργον
2928 1137 2944 1152 ο
2972 1119 3069 1173 τοῦ
3098 1121 3155 1172 δέ
3178 1121 3447 1191 Προφήτου
3466 1126 3706 1190 σαφέστατα

2194 1212 2575 1282 περιστάντος,
2609 1213 2695 1263 ὅτι
2726 1211 2906 1278 ἁγίων
2936 1212 3059 1263 ἐστὶ
3098 1210 3194 1263 καὶ
3238 1211 3594 1283 σωθησομένων
3610 1217 3704 1268 πάνθ

2193 1319 2304 1364 τως
2336 1302 2398 1353 τὸ
2452 1300 2842 1354 ἐπικαλεῖσθαι
2866 1318 2881 1331 °
2926 1319 2946 1350 ι
2986 1302 3105 1363 Πᾶς
3144 1319 3163 1351 ι
3193 1302 3320 1370 γὰρ,
3360 1305 3526 1372 φησιν,
3564 1306 3640 1367 ιδς
3663 1306 3708 1357 ἂν

2194 1388 2594 1457 ἐπικαλέσηται
2624 1388 2688 1439 τὸ
2704 1387 2884 1456 ὄνομα
2910 1388 3147 1457 Κυρίου,
3180 1388 3465 1458 σωθήσεται
3487 1429 3499 1442 .
3524 1407 3540 1440 ι
3563 1392 3612 1443 Ei
3634 1391 3709 1460 γὰρ

2201 1496 2220 1529 ι
2263 1480 2373 1540 πᾶς
2402 1478 2461 1540 ὂς
2501 1477 2568 1530 ἂν
2603 1478 3016 1547 ἐπικαλέσηται
3060 1478 3124 1529 τὸ
3161 1478 3327 1547 ὄνομα
3360 1480 3557 1549 Κυρίου,
3584 1481 3708 1550 cunila

2197 1584 2369 1631 σεται,
2407 1585 2426 1617 ι
2456 1569 2485 1619 ὁ
2516 1568 2595 1637 μὴ
2638 1566 2961 1636 σωζόμενος
3005 1567 3108 1619 οὐκ
3146 1566 3493 1620 ἐπεκαλέσατο
3516 1567 3567 1619 τὸ
3585 1568 3704 1638 Mope

554 1669 656 1723 tur,
683 1660 727 1714 is
748 1676 851 1713 non
880 1660 1144 1715 invocavit
1169 1675 1359 1714 nomen
1385 1659 1611 1724 Domini,
1648 1657 1769 1710 licet
1792 1657 1892 1709 hoc
1914 1654 2084 1722 ipsum

2196 1656 2440 1726 Κυρίου,
2487 1658 2638 1709 είκαὶ
2685 1656 2962 1718 πολλάκις
3004 1655 3153 1720 ἔδοξε
3195 1657 3349 1709 τοῦτο
3407 1659 3700 1731 πεποιηκέναι.

552 1750 745 1818 saepius
798 1749 999 1807 fecisse
1049 1753 1195 1805 visus
1260 1751 1449 1805 fuerit.
1508 1749 1780 1817 Siquidem
1827 1744 2084 1800 invocatio

2196 1746 2271 1798 Ού
2298 1745 2408 1814 γάρ
2437 1747 2496 1797 ἐν
2524 1748 2680 1815 φωνῇ
2721 1747 2983 1816 κρίνεται
3038 1746 3099 1799 τὸ
3137 1745 3489 1799 ἐπικαλεῖσθαι
3514 1728 3563 1799 τὸ
3584 1747 3703 1815 ὄνομα

553 1856 656 1894 non
694 1841 745 1893 in
773 1855 923 1903 voce,
950 1843 1039 1895 sed
1073 1842 1122 1895 in
1157 1851 1303 1895 recto
1330 1840 1593 1908 loquentis
1639 1837 1855 1899 aﬂ‘ectu,
1879 1845 1933 1889 et
1966 1836 2087 1889 fidei

550 1926 802 1982 firmitate
841 1929 1015 1996 posita
1065 1937 1165 1983 est.
1218 1928 1293 1981 lta
1319 1938 1374 1983 et
1400 1928 1451 1981 in
1483 1926 1693 1994 psalmo
1742 1924 2089 1993 nonagesimo

554 2026 744 2071 octavo
771 2033 875 2072 non
912 2019 1134 2072 cuilibet
1164 2019 1445 2073 Dominum
1481 2020 1677 2087 passim
1717 2016 1971 2070 invocare
2001 2016 2093 2069 tri-

548 2107 735 2160 butum
770 2114 871 2170 est,
914 2107 1007 2161 sed
1052 2105 1308 2169 Samueli,
1347 2107 1435 2173 qui
1468 2106 1599 2159 tanti
1647 2120 1675 2158 a
1716 2103 1831 2159 Deo
1870 2103 2090 2159 habitus

553 2205 655 2262 est,
682 2204 739 2248 ut
760 2210 879 2249 cum
911 2195 1090 2264 Moyse
1119 2196 1313 2250 dilecto
1340 2203 1805 2260 annumeraretur,
1833 2197 2091 2263 quemad-

549 2285 761 2337 modum
791 2282 1049 2337 Jeremias
1081 2285 1155 2337 ait
1178 2285 1221 2316 '°
1246 2301 1260 2338 :
1286 2302 1304 2335 ι
1328 2284 1509 2353 Neque
1539 2284 1582 2337 si
1613 2284 1860 2338 steterint
1881 2283 2090 2354 Moyses

550 2385 602 2426 et
632 2373 842 2428 Samuel
889 2389 1070 2426 coram
1116 2388 1218 2440 me,
1256 2384 1310 2427 et
1333 2374 1606 2428 oraverint
1637 2388 1735 2441 pro
1763 2373 1843 2426 bis
1872 2372 2091 2441 quibus-

551 2461 670 2514 dam
720 2460 915 2528 impiis,
948 2461 1229 2516 exaudiam
1258 2476 1374 2527 eos,
1421 2462 1547 2516 dicit
1575 2463 1849 2516 Dominus.
1876 2481 1894 2513 ι
1936 2461 2086 2516 Scri-

549 2550 696 2621 ptum
727 2561 807 2605 est
840 2552 1003 2620 igitur
1034 2553 1101 2607 de
1137 2553 1233 2607 eo‘
1263 2570 1277 2607 :
1318 2570 1337 2601 σ
1361 2552 1569 2622 Moyses
1617 2561 1670 2606 et
1703 2551 1880 2605 Aaron
1912 2551 1963 2604 in
2000 2566 2079 2605 sa-

549 2640 855 2694 cerdotibus
888 2639 1024 2707 ejus,
1061 2652 1116 2695 et
1148 2641 1366 2695 Samuel
1398 2642 1539 2695 inter
1587 2654 1679 2695 eos
1710 2642 1800 2707 qui
1837 2641 2090 2694 invocant

547 2734 740 2784 nomen
768 2730 902 2798 ejus.
931 2730 1254 2784 lnvoeabant
1287 2731 1588 2793 Dominum,
1616 2740 1670 2783 et
1695 2729 1807 2797 ipse
1836 2729 2087 2791 exaudie-

545 2819 640 2873 bat
671 2835 786 2887 eos,
826 2820 879 2873 in
912 2820 1158 2873 columna
1196 2821 1353 2873 nubis
1386 2819 1704 2887 loquebatur
1735 2819 1799 2871 ad
1841 2834 1951 2873 eos.
1977 2819 2086 2873 Cu-

546 2910 849 2964 modiebant
882 2911 1181 2964 testimonia
1216 2910 1330 2978 ejus
1372 2918 1427 2961 et
1463 2915 1725 2975 prtecepta
1780 2922 1897 2975 quae
1943 2908 2088 2962 dedit

2191 1837 2424 1907 Κυρίου,
2450 1836 2567 1889 ἀλλ’
2602 1838 2663 1889 ἐν
2698 1836 2953 1890 διαθέσει
2981 1837 3077 1890 τοῦ
3104 1836 3349 1905 λέγοντος
3372 1837 3456 1889 καὶ
3488 1836 3630 1888 πίστει
3646 1836 3701 1904 βε-

2192 1924 2340 1994 ϐαίᾳ.
2374 1924 2532 1977 υύτω
2559 1925 2693 1992 γοῦν
2741 1926 2804 1979 ἐν
2838 1925 2923 1996 τῷ
2962 1931 3052 1996 ι-,η’
3098 1926 3296 1996 ψαλμῷ
3336 1926 3394 1978 οὐ
3432 1928 3528 1989 τοίς
3563 1923 3698 1992 τυχοῦ-

2193 2031 2276 2067 σιν
2327 2014 2651 2067 ἀποδέδοται
2698 2016 2764 2068 τὺ
2814 2016 3201 2070 ἐπικαλεῖσθαι
3257 2016 3469 2085 Κύρων,
3508 2014 3613 2067 ἀλλὰ
3645 2012 3697 2081 τῷ

2191 2103 2472 2174 Σαμουὴλ,
2530 2105 2591 2166 ὃς
2633 2105 2904 2159 τοσοῦτον
2951 2106 3107 2177 παρά
3157 2105 3274 2175 Θεῷ
3318 2106 3561 2176 τετίμητο,
3601 2102 3692 2155 ὥστε

2188 2192 2413 2245 Μωῦσεί
2435 2182 2864 2265 αὐτὸνσυναριθ
2873 2194 3098 2264 μεῖσθαι
3122 2194 3201 2264 τῷ
3225 2194 3375 2264 φίλῳ,
3403 2195 3469 2257 ὡς
3502 2193 3692 2263 Ἱερεμίας

2189 2283 2355 2351 φησιν
2371 2299 2386 2313 ο
2408 2300 2429 2334 ι
2447 2284 2573 2336 Οὐδ’
2603 2283 2684 2337 ἂν
2703 2288 2809 2356 στῇ
2844 2287 2986 2339 Μωῦ
2996 2287 3098 2356 σῆς
3120 2286 3215 2338 καὶ
3236 2285 3466 2356 Σαμουὴλ
3478 2285 3564 2355 πρὸ
3579 2299 3693 2353 προσ·

2188 2366 2338 2422 ώπου
2370 2387 2498 2440 μου,
2528 2373 2665 2442 ’περὶ⁹
2701 2371 2884 2428 τῶνδὲ
2928 2391 3093 2426 τινων
3113 2373 3222 2426 τῶν
3247 2373 3442 2428 ἀσεϐῶν
3464 2374 3688 2443 εὐχόμενοι,

2194 2459 2313 2511 οὐδὲ
2334 2460 2541 2512 τούτων
2564 2462 2999 2532 είσακούσομαι,
3022 2465 3172 2533 λέγει
3188 2466 3394 2536 Κύριος.
3424 2484 3441 2515 ι
3459 2465 3688 2531 Γέγραπται

2189 2549 2371 2603 τοίνυν
2409 2551 2539 2621 περὶ
2601 2552 2813 2605 αὐτοῦ·
2853 2573 2872 2604 ι
2918 2557 3164 2627 Μωῦσῆς
3216 2559 3304 2610 καὶ
3347 2553 3526 2625 ’Δαρὼν
3551 2558 3594 2608 ἐν
3612 2556 3687 2617 τοῖς

2190 2638 2426 2710 ἱερεῦσιν
2458 2640 2653 2703 αὐτοῦ,
2693 2643 2793 2694 καὶ
2819 2642 3079 2716 Σαμουὴλ
3117 2647 3176 2698 ἐν
3202 2649 3308 2708 τοῖς
3337 2643 3685 2712 ἐπικαλουμένοις

2188 2727 2249 2779 τὸ
2270 2727 2443 2797 ὄνομα
2466 2728 2666 2784 αὑτοῦ.
2700 2732 3110 2787 Ἐπεκαλοῦντο
3135 2736 3225 2789 τὸν
3262 2735 3461 2805 Κύριον,
3479 2735 3552 2787 καὶ
3574 2732 3684 2792 αὐτὸς

2189 2817 2507 2886 είσήκουσεν
2540 2819 2771 2873 αὐτῶν·
2817 2825 2879 2875 ἐν
2929 2824 3109 2895 στύλῳ
3145 2824 3364 2895 νεφέλης
3403 2823 3550 2875 ἐλάλει
3589 2819 3684 2888 πρὸς

2188 2908 2400 2971 αὐτούς.
2439 2908 2790 2977 Ἐφύλασσον
2815 2914 2887 2968 τὰ
2918 2915 3191 2987 μαρτύρια
3214 2914 3367 2969 αὑτοῦ
3393 2915 3472 2968 καὶ
3493 2911 3547 2965 τὰ
3568 2924 3681 2980 upw-

546 2998 675 3053 illis.
730 2999 950 3052 Domine
1007 3000 1144 3054 Deus
1208 3008 1412 3062 noster,
1471 3008 1523 3051 tu
1570 2997 1899 3051 exaudiebas
1950 3012 2084 3051 eos:

2189 2999 2451 3068 τάγματα
2497 2999 2533 3052 ὃ.
2574 3000 2790 3055 ἔδωκεν
2838 3006 3044 3069 αὐτοῖς.
3086 3006 3255 3078 Κύριε
3282 3008 3309 3058 6
3331 3004 3446 3067 Θεὸς
3471 3002 3603 3072 ἡμῶν,
3636 3000 3679 3050 σὺ

547 3086 707 3150 Deus,
755 3087 1017 3156 propitius
1059 3088 1207 3141 fuisti
1257 3089 1357 3141 eis.
1390 3104 1409 3137 ι
1450 3085 1583 3151 Quia
1622 3085 1766 3139 enim
1810 3087 2084 3141 custodie-

545 3177 677 3231 bant
724 3178 1033 3231 testimonia
1082 3178 1196 3245 ejus
1236 3186 1290 3231 et
1342 3184 1605 3245 praecepta
1650 3190 1770 3244 quae
1815 3176 1959 3229 dedit
1984 3177 2086 3240 eis,

545 3267 758 3334 quando
785 3267 1033 3331 orabant,
1064 3268 1206 3321 inter
1248 3267 1555 3319 invocantes
1583 3268 1991 3333 reputabantur.
2020 3266 2087 3319 Et

546 3355 601 3410 in
634 3357 927 3410 centesimo
977 3358 1386 3425 quadragesimo
1415 3364 1606 3422 quarto
1632 3355 1834 3424 psalmo
1863 3370 2085 3408 accura-

550 3446 654 3501 tius
682 3447 970 3501 ediscimus
1000 3449 1122 3515 quis
1149 3448 1216 3500 sit
1249 3446 1336 3500 ille
1365 3447 1455 3514 qui
1480 3446 1691 3499 invocat
1715 3463 1727 3498 :
1757 3464 1774 3496 ι
1805 3445 1978 3514 Prope
2005 3454 2086 3499 est

547 3536 801 3590 Dominus
822 3536 1074 3591 omnibus
1110 3535 1482 3589 invocantibus
1504 3549 1623 3589 eum
1650 3537 1705 3589 in
1742 3536 2032 3601 veritate’,
2060 3554 2079 3587 ι

545 3624 685 3692 quod
711 3638 903 3691 nempe
938 3625 1046 3678 sint
1076 3624 1294 3691 quidam
1323 3624 1411 3690 qui
1446 3638 1554 3676 non
1583 3623 1835 3677 invocant
1864 3625 1915 3676 in
1943 3622 2084 3675 veri-

546 3719 691 3763 tate:
718 3727 737 3759 ‹
768 3708 881 3762 Non
915 3711 1055 3763 enim
1085 3711 1174 3778 qui
1210 3709 1339 3763 dicit
1376 3709 1529 3774 mibi,
1562 3710 1804 3772 Domine,
1838 3708 2080 3774 Domine,

546 3799 769 3854 intrabit
813 3800 864 3852 in
920 3815 1143 3866 regnum
1174 3799 1455 3863 caelorum,
1487 3801 1580 3852 sed
1615 3799 1701 3866 qui
1731 3797 1857 3853 facit
1898 3800 2083 3851 volnu-

548 3894 708 3939 tatetn
744 3885 919 3938 Patris
955 3887 1056 3939 mei
1091 3887 1180 3955 qui
1208 3889 1259 3939 in
1291 3885 1442 3940 ccelis
1464 3894 1545 3938 est
1568 3886 1608 3937 ³.
1640 3904 1658 3936 ι
1686 3885 1819 3939 Nam
1849 3886 2084 3956 perfecte

550 3971 730 4028 dicere
765 3982 846 4027 est
894 3993 913 4024 ι
948 3975 1187 4038 Domine,
1210 3994 1227 4024 ι
1263 3974 1479 4041 quando
1510 3988 1674 4040 opera
1704 3975 1814 4042 ipsa
1851 3976 2082 4030 clamant

545 4071 601 4114 et
627 4061 829 4125 dicunt,
876 4059 1165 4123 «Domine,
1211 4059 1451 4112 Domine.
1484 4077 1502 4108 ι
1559 4057 1695 4112 Hinc
1747 4073 1874 4127 ergo
1917 4058 2083 4126 liquet

547 4158 667 4196 eum
696 4144 784 4211 qui
815 4144 1024 4197 invocat
1071 4144 1657 4209 Dominum,justitlam
1696 4145 1894 4198 habere
1925 4155 1975 4198 et
1995 4146 2079 4213 jn-

547 4231 748 4283 stitiam
776 4245 976 4285 veram.
1006 4231 1135 4284 Cum
1167 4240 1341 4285 autem
1368 4232 1618 4286 Christus
1648 4233 1716 4286 sit
1742 4233 1966 4298 jnstitia,
1996 4237 2082 4301 jn-

2189 3088 2455 3157 ἐπήκουες
2491 3090 2683 3144 αὐτῶν
2709 3108 2724 3122 ⁸
2768 3094 2801 3143 ὁ
2846 3095 3253 3162 Θεὸς,εύ’ἰλατος
3284 3094 3449 3163 ἐγένου
3484 3091 3672 3151 αὐτοῖς.»

2200 3177 2352 3228 Ἐπεὶ
2376 3178 2485 3249 γὰρ
2508 3180 2828 3247 ἐφύλασσον
2844 3182 2915 3235 τά
2938 3184 3215 3255 μαρτύρια
3235 3183 3386 3238 αὑτοῦ
3404 3180 3552 3235 καὶτὰ
3566 3191 3677 3246 τρισί

2184 3265 2439 3334 τάγματα
2471 3267 2508 3321 ἀ
2539 3268 2753 3324 ἔδωκεν
2787 3274 3000 3338 αὐτοῖς,
3035 3276 3125 3327 ὅτε
3148 3318 3151 3323 .
3178 3274 3411 3345 ηὔχοντο,
3449 3273 3514 3333 είς
3536 3270 3672 3320 inuu-

2187 3352 2276 3405 λου
2285 3355 2475 3423 μένους
2496 3358 2842 3426 ἐλογίζοντο.
2873 3365 2986 3415 Καὶ
3008 3365 3067 3416 ἐν
3088 3364 3165 3433 τῷ
3186 3362 3463 3430 ἑκαστοπῷ
3489 3371 3671 3424 “an?”

2187 3441 2365 3511 κοστῷ
2389 3444 2647 3517 τετάρτῳ
2675 3448 2884 3520 ψαλμῷ
2913 3452 3293 3522 ἀκριϐέστερον
3317 3445 3604 3518 διδασκόμεθα
3616 3443 3669 3504 τίς

2186 3529 2214 3579 ὁ
2243 3530 2685 3601 ἐπικαλούμενος
2718 3533 2878 3601 οὗτος
2898 3556 2912 3569 ·
2956 3560 2975 3591 ι
3008 3542 3202 3609 Ἐγγὺς
3229 3542 3411 3611 Κύριος
3434 3541 3522 3598 τοῖς
3538 3538 3666 3587 iam.

2184 3617 2464 3688 λουμένοις
2497 3624 2674 3678 αὐτὸν
2700 3628 2759 3679 ἐν
2805 3628 3058 3701 ἀληθείᾳ,
3103 3651 3122 3682 ι
3158 3631 3231 3695 ὥς
3262 3648 3405 3684 τινων
3431 3629 3511 3680 οὐκ
3538 3628 3665 3678 ἐπικα-

2184 3706 2457 3776 λουμένων
2488 3712 2665 3766 αὐτὸν
2697 3718 2758 3768 ἐν
2788 3718 3055 3788 ἀληθεία·
3102 3737 3120 3770 ι
3155 3722 3228 3772 Οὐ
3256 3720 3355 3787 γὰρ
3389 3721 3414 3771 6
3437 3717 3568 3783 λέγων
3591 3727 3660 3780 ραν

2184 3795 2377 3867 Κύριε,
2427 3798 2637 3870 Κύριε,
2670 3805 3048 3860 εἰσελεύσεται
3081 3810 3161 3871 είς
3206 3809 3299 3879 τὴν
3338 3804 3559 3876 βασιλείαν
3592 3796 3662 3848 τῶν

2183 3886 2459 3955 οὐρανῶνο
2493 3889 2620 3942 ἀλλ’
2649 3895 2678 3945 6
2727 3897 2901 3948 ποιῶν
2936 3898 2996 3950 τὸ
3035 3899 3241 3968 θέλημα
3271 3897 3353 3949 τοῦ
3393 3893 3561 3962 Πατρός
3594 3903 3659 3956 μου

2183 3974 2276 4027 τοῦ
2300 3978 2356 4031 ἐν
2386 3978 2666 4048 οὐρανοῖς.
2701 4002 2720 4034 ι
2750 3985 2987 4050 Τελείως
3019 3990 3127 4058 γάρ
3152 3991 3260 4041 ἐστι
3290 3979 3656 4053 λέγεινιΚΰριει’

2186 4064 2275 4116 ὅτε
2325 4067 2420 4118 καὶ
2462 4068 2538 4121 τὰ
2585 4070 2725 4141 ἔργα
2765 4074 3066 4143 φθέγγεται
3112 4078 3202 4130 καὶ
3250 4078 3455 4141 λέγεται,
3482 4088 3499 4120 ί
3528 4065 3655 4131 Κύριεν

2183 4153 2375 4224 Κύριε.
2414 4174 2432 4207 ι
2463 4158 2653 4227 Σαφὲς
2700 4164 2833 4229 γοῦν
2883 4165 3137 4232 ἐνταῦθα,
3170 4166 3247 4218 ὅτι
3282 4166 3309 4216 6
3340 4156 3656 4223 ἐπικαλούμενος

2182 4239 2384 4309 Κύριον
2412 4241 2777 4319 δικαιοσύνην
2817 4250 2955 4321 ἔχει,
2981 4252 3074 4304 καὶ
3108 4251 3421 4318 δικαιοσύνην
3444 4239 3587 4311 ἀληθῆσ
3610 4234 3653 4288 εί
3726 4260 3727 4265 ‘

549 4327 665 4371 stus
698 4319 960 4386 particeps
985 4329 1066 4373 est
1100 4320 1344 4387 iustitiae,
1383 4323 1445 4374 id'
1461 4331 1563 4387 est,
1595 4321 1815 4377 Christi.
1843 4322 1921 4378 Ne
1951 4340 2078 4378 vero

2187 4328 2240 4380 δὲ
2273 4331 2512 4399 Χριστὸς
2553 4319 2902 4410 δικαιοσύνη,
2933 4344 2961 4395 6
3006 4341 3206 4405 δίκαιος
3232 4336 3522 4402 δικαιοσύνης
3544 4322 3650 4397 μετέ’
3722 4322 3725 4410 v‘

547 4405 723 4459 illud:
764 4406 940 4459 «Deus
986 4407 1202 4474 justitiaa
1258 4425 1425 4473 mete,
1453 4430 1473 4463 ι
1528 4412 1828 4479 superbiam
1880 4416 2077 4481 pariat,

547 4508 832 4563 possumus
863 4495 962 4548 hoc
994 4496 1206 4562 insuper
1238 4499 1383 4550 ιιιίδε
1414 4518 1432 4550 ι
1453 4499 1549 4563 Qui
1577 4498 1752 4556 factus
1796 4510 1879 4556 est
1924 4503 2079 4558 nobis

547 4595 575 4631 a
613 4582 722 4634 Deo
749 4581 1005 4649 sapientia
1039 4590 1092 4633 et
1116 4581 1341 4647 justitia,
1376 4595 1429 4637 et
1468 4588 1780 4655 redemptio,
1807 4610 1828 4642 ι
1864 4600 1917 4645 et
1958 4606 2077 4657 per-

544 4670 670 4727 inde
691 4669 793 4723 erit
820 4684 880 4724 ac
905 4672 946 4724 si
972 4671 1209 4725 diceres:
1235 4673 1371 4727 Deus
1400 4674 1609 4730 Domini
1639 4680 1765 4733 mei.

613 4847 777 4904 Vitas.
804 4846 857 4900 ἰ.
892 4846 958 4900 In
1003 4847 1330 4901 tribulatione
1373 4851 1611 4907 dilatasti
1650 4859 1798 4920 mihi,
1833 4862 2078 4914 miserere

543 4941 664 5004 mei,
695 4948 741 4991 el
772 4936 958 4991 exaudi
987 4938 1270 4991 oralionem
1296 4954 1483 5002 meum,
1509 4951 1608 4994 etc.
1642 4944 1864 5000 Videtur
1896 4952 2074 5006 divina

544 5025 841 5093 Scriptura,
867 5022 1008 5076 nulla
1052 5023 1229 5077 ltabila
1274 5026 1526 5092 propositi
1575 5026 1794 5083 ltumani
1845 5035 2073 5101 ratione,

540 5112 814 5182 speciatim
839 5111 1232 5166 tribulationem
1264 5126 1458 5165 vocare
1486 5114 1536 5166 id
1566 5116 1705 5181 quod
1738 5130 1928 5174 sancto
1954 5123 2075 5177 viro

543 5202 821 5253 adversum
842 5200 1036 5263 evenit,
1068 5199 1196 5253 licet
1216 5202 1281 5253 ad
1305 5199 1418 5265 ejus
1447 5203 1761 5256 exercitium
1791 5207 2073 5267 inferatur.

544 5289 691 5354 Quod
736 5294 876 5347 ettim
924 5292 1184 5360 ejusmodi
1233 5291 1497 5360 peccatori
1540 5292 1757 5357 accidit,
1805 5295 2075 5364 ﬂagellum

612 5401 655 5431 "
684 5402 779 5455 lsai
803 5418 951 5467 Lvm,
976 5405 1028 5459 9.
1135 5406 1179 5439 ”
1199 5403 1333 5460 Joel.
1363 5418 1417 5468 ιι,
1441 5404 1529 5457 52.

1634 5407 1679 5438 ”
1711 5407 1913 5462 Jerem.
1936 5426 2024 5475 xv,
2050 5414 2101 5467 1.

546 5476 636 5522 vn,
653 5469 737 5520 2|.
809 5470 861 5521 ’⁸1
883 5474 1001 5526 Cor.
1029 5491 1064 5539 ι,
1086 5479 1171 5529 50.

2185 4434 2289 4509 χει,
2319 4420 2576 4476 τουτέστι
2600 4402 3021 4497 Χριστοῦ.ν’⁸1να
3047 4432 3102 4484 δὲ
3132 4402 3203 4501 μη
3230 4426 3366 4503 ᾖὲπὶ
3397 4421 3652 4490 καυχήματος

2181 4508 2267 4568 τὸ,
2293 4524 2319 4557 ι·
2348 4509 2405 4560 Ὁ
2431 4510 2571 4575 Θεὸς
2596 4516 2700 4586 τῆς
2732 4518 3079 4590 δικαιοσύνης
3112 4537 3226 4590 μου,
3259 4538 3277 4570 ι
3303 4510 3524 4583 δννάίιιεθα
3544 4515 3651 4572 7'9“.
3718 4546 3719 4591 l

2185 4596 2501 4665 χρήσασθαι
2535 4603 2648 4673 τῷο
2690 4624 2711 4658 ι
2763 4610 2862 4672 Ὃς
2889 4612 3116 4681 ἐγενήθη
3157 4611 3259 4662 ἀπὸ
3282 4605 3398 4661 Θεοῦ
3425 4591 3647 4668 micis“
3714 4606 3717 4681 l

2088 4706 2091 4709 λ
2183 4685 2277 4736 καὶ
2314 4686 2639 4765 δικαιοσύνη
2661 4735 2676 4759 ,
2734 4699 2829 4751 καὶ
2875 4699 3256 4769 ἀπολύτρωσις,
3285 4716 3304 4748 ι
3334 4693 3414 4747 καὶ
3441 4689 3527 4741 ίσον
3545 4682 3645 4735 ἔσται

2181 4773 2278 4842 τῷ,
2313 4777 2342 4828 6
2372 4778 2512 4843 Θεὸς
2541 4784 2638 4836 τοῦ
2671 4772 2879 4857 Κυρίου
2913 4807 3033 4857 μου.

2265 4863 2363 4916 Ἐν
2425 4870 2638 4938 θλίψει
2682 4875 3031 4942 ἐπλάτυνάς
3071 4892 3195 4946 μοι·
3233 4864 3545 4938 οἶκτείρησόν
3574 4870 3639 4946 με’

2183 4950 2284 5002 καὶ
2328 4956 2708 5015 εἰσάκουσον
2763 4964 2875 5031 τῆς
2921 4943 3254 5033 προσίευχῆς
3284 4978 3405 5031 μου,
3451 4971 3492 5006 κ’
3533 4965 3569 4999 τ’
3605 4943 3637 5033 gf

2185 5038 2403 5096 Ἔοικεν
2438 5048 2473 5116 ή
2509 5047 2633 5103 θεία
2676 5028 2867 5123 Γραφῆ
2899 5028 3007 5123 (9ἐ)
3036 5028 3307 5120 ἰδίως,
3331 5043 3577 5117 προαίρεσιν
3596 5028 3637 5079 θ’)

2183 5133 2671 5221 περιεργαζομένη
2700 5141 3006 5212 ἀνθρώπου,
3051 5142 3217 5210 θλίψιν
3239 5126 3547 5221 ὀνομάζειν-τὲ

2186 5220 2522 5303 ριστατικὸν,
2546 5228 2640 5279 καὶ
2667 5230 2969 5298 γυμνασίου
2990 5230 3165 5283 ἕνεκεν
3179 5225 3431 5296 συμϐαῖνον
3444 5216 3504 5285 αἶ’

2186 5302 2250 5356 τδ
2277 5307 2391 5381 γὰρ
2404 5312 2484 5381 τῷ
2506 5297 2823 5388 ἁμαρτωλῷ
2851 5320 3124 5388 γινόμενον
3145 5317 3356 5387 μάστιγα
3369 5306 3529 5363 καλεῖ-⁸
3544 5297 3632 5349 Π⁰λ⁶

2216 5419 2231 5449 ¹
2256 5418 2403 5479 Psal.
2428 5442 2620 5497 xcvut,
2640 5431 2692 5497 6,
2717 5433 2771 5499 7,
2794 5435 2850 5490 8.
2949 5433 3118 5489 'Psal.
3140 5426 3386 5493 omnis.
3468 5405 3627 5468 ’ﬂattb.

614 5560 720 5628 (92)
751 5562 981 5619 Ἔοικεν
1017 5571 1054 5637 ἡ
1095 5572 1217 5625 θεία
1246 5566 1476 5636 Γραφή,
1521 5580 1623 5626 etc.
1673 5570 1895 5627 Scheda:
1921 5575 2084 5632 Comb

2187 5581 2250 5649 .ii,
2282 5591 2480 5647 codex
2501 5592 2621 5647 Roe
2650 5594 2707 5663 4,
2732 5592 2913 5649 Daniel
2944 5592 3216 5647 Barbarus.
