3958 6232
410 331 575 389 “3‘7

1420 339 1718 395 SELECTA
1755 338 1824 394 IN
1858 334 2187 392 PSALMOS.
2225 364 2294 375 —
2323 332 2516 389 PSAL.
2554 332 2642 387 1V.

3505 321 3636 376 1158

407 447 514 498 hi.
550 468 572 499 ι
596 450 736 520 γὰρ,
756 451 937 522 φησὶν,
966 469 985 501 ι
1009 452 1063 505 αἱ
1081 450 1282 521 θλίψεις
1297 446 1404 504 τῶν
1416 452 1652 504 δικαίων·
1680 448 1851 513 ικαὶ,ι
1866 447 1969 500 Πολ

2099 456 2273 500 vocat.
2321 445 2456 499 Nam
2496 425 2738 506 tmultat,
2774 442 3011 512 inquit',
3054 440 3428 496 tribulationes
3460 436 3637 506 justo-

408 538 515 592 λαὶ
536 541 603 591 αἱ
639 541 905 611 μάστιγες
933 542 1026 594 τοῦ
1054 542 1425 613 ἁμαρτωλοῦ.›
1448 543 1556 595 Καὶ
1569 540 1995 612 παραδείγματος

405 627 630 680 ἕνεκεν
663 629 917 700 ἐροῦμεν,
950 630 985 683 ἃ
1019 631 1115 700 μὲν
1155 631 1413 683 πέπονθεν
1447 630 1581 693 Ἰὼϐ,
1611 629 1811 698 θλίψεις
1834 624 1992 689 εἶναι.

405 720 519 771 καὶ
562 719 603 773 ἃ
649 720 851 789 Ἰωσὴφ
876 721 934 772 ὲν
952 720 1207 789 Αἰγύπτῳ
1229 736 1243 749 ·
1286 720 1322 772 ἁ
1359 720 1413 771 δὲ
1446 718 1602 772 Δαυῖδ
1651 718 1738 772 διὰ
1776 717 1873 787 τὴν
1901 715 1993 768 τοῦ

402 807 640 877 Οὐρίου
668 810 764 861 καὶ
792 809 878 860 διὰ
915 808 975 860 τὸ
1008 809 1366 880 ἠριθμηκέναι
1400 811 1489 863 τὸν
1526 810 1667 872 λαὸν,
1700 808 1990 878 μάστιγας.

401 897 870 969 Παρατηρητέον
904 899 1168 968 μέντοιγε,
1218 902 1290 970 μή
1316 916 1367 951 τι
1409 900 1637 971 λανθάνῃ
1659 901 1805 969 ἡμᾶς
1842 899 1899 950 ὲν
1926 899 1991 967 τῇ

398 982 657 1052 Γραφῇ,
690 984 771 1036 ὅτι
794 984 969 1052 θλίψις
1000 986 1145 1038 ἐστὶν
1173 986 1263 1037 ἐπὶ
1304 986 1634 1056 ἁμαρτωλῶν
1669 983 1989 1053 τεταγμένη,

397 1072 517 1123 καὶ
561 1072 774 1142 μάστιξ
815 1076 907 1127 ὲπὶ
943 1075 1047 1127 τῶν
1075 1075 1177 1146 ἤδη
1208 1075 1448 1129 δικαίων.
1476 1076 1595 1127 Ὅτι
1650 1075 1706 1127 δὲ
1748 1072 1924 1141 θλίψις
1962 1074 1991 1124 ό

392 1164 535 1220 τοῖς
573 1162 762 1229 ἁγίοις
796 1163 1067 1233 διδόμενος
1106 1165 1401 1235 πειρασμὸς
1440 1164 1682 1216 ἀθλοῦσιν
1727 1162 1986 1224 καλεῖται,

391 1249 530 1302 ἀπὸ
568 1251 790 1315 πολλῶν
836 1253 1012 1323 ῥητῶν
1056 1253 1349 1321 κινούμεθα
1392 1254 1482 1305 καὶ
1521 1252 1716 1322 ἑτέρων
1737 1251 1884 1321 παρὰ
1918 1254 1987 1304 τὰ

391 1340 833 1410 προειρημένα.
870 1344 943 1394 Οὐ
985 1342 1285 1412 θαυμαστὸν
1312 1342 1418 1411 γὰρ
1460 1343 1507 1393 εί
1543 1340 1734 1406 μάστιξ
1764 1340 1985 1392 ἅπτεται

389 1426 1009 1498 υἱῶν-ἡμαρτηκότων,
1039 1428 1113 1491 ῶς
1149 1446 1307 1498 φησιν
1328 1431 1356 1481 ό
1381 1428 1640 1498 Σολομῶν·
1666 1447 1684 1478 ι
1723 1430 1988 1495 Μαστιγοῖ

388 1514 456 1566 δὲ
504 1516 707 1568 πάντα
742 1516 877 1578 υἱὸν,
912 1518 969 1570 ὃν
1003 1518 1378 1586 παραδέχεται.
1404 1538 1419 1567 ι
1440 1519 1547 1569 Καὶ
1573 1518 1729 1569 πάλιν
1761 1519 1982 1569 ἐπιστα-

387 1608 533 1657 τεῖν
572 1606 689 1675 χρὴ
725 1606 992 1676 μάστιγας
1022 1607 1203 1659 καλεῖν
1220 1608 1287 1660 τὰ
1314 1610 1424 1671 τοῖς
1450 1608 1758 1674 Αἰγυπτίοις
1784 1605 1870 1659 διὰ
1894 1606 1981 1659 τὸν

399 1695 663 1764 Ἰσραὴλ
690 1696 1071 1765 συμϐεϐηκότα
1088 1713 1101 1726 ·
1145 1696 1264 1748 ἐπεὶ
1288 1696 1414 1748 υἱῶν
1442 1699 1585 1749 ἔστιν
1616 1695 1675 1748 τὸ
1698 1695 1979 1765 μαστιγοῦ-

388 1783 567 1836 σθαι.
602 1784 721 1837 Καὶ
752 1785 861 1855 γὰρ
881 1787 936 1837 ἐν
959 1784 1036 1853 τῷ
1061 1783 1393 1854 ὀγδοηκοστῷ
1416 1783 1582 1854 ὀγδόῳ
1609 1782 1802 1852 ψαλμῷ
1831 1783 1978 1853 εἴρη-

386 1888 495 1925 ται
514 1889 532 1903 ·
572 1891 593 1923 ι
650 1872 776 1926 Ἐὰν
807 1873 1198 1926 καταλείπωσιν
1225 1874 1328 1925 υἱοὶ
1370 1873 1528 1924 αὐτοῦ
1553 1873 1641 1924 τὸν
1667 1873 1827 1941 νόμον
1856 1886 1974 1941 μου,

387 1962 505 2013 καὶ
545 1962 613 2014 ὲν
657 1964 770 2024 τοῖς
802 1962 1027 2032 κρίμασί
1055 1979 1153 2031 μου
1197 1961 1269 2032 μὴ
1297 1962 1643 2032 πορευθῶσιν,
1676 1960 1768 2014 ἐὰν
1798 1960 1865 2012 τὰ
1902 1960 1991 2019 δι-,

387 2051 721 2121 καιὼματὰ
762 2070 861 2121 μου
893 2052 1288 2122 βεϐηλώσωσιν,
1337 2053 1429 2106 καὶ
1475 2053 1570 2114 τὰς
1615 2052 1827 2114 ἐντολάς
1876 2069 1974 2121 μου

390 2141 482 2211 μὴ
532 2141 873 2209 φυλάξωσιν,
911 2142 1269 2211 ἐπισκέψομαι
1315 2143 1372 2193 ὲν
1401 2141 1576 2209 ῥάϐδῳ
1617 2140 1714 2202 τὰς
1750 2140 1975 2209 ἀνομίας

388 2231 628 2284 αὐτῶν.
673 2250 693 2282 ι
732 2230 947 2283 Τούτων
1002 2231 1057 2282 δὲ
1104 2229 1423 2299 εἰρημένων,
1459 2229 1518 2281 τὸ
1567 2230 1663 2298 μὲν
1707 2228 1974 2281 θλίϐεσθαι

389 2316 509 2368 οὐκ
549 2316 622 2368 ἂν
653 2316 741 2386 εἴη
791 2316 899 2368 τῶν
939 2318 1023 2384 ἐφ’
1054 2318 1182 2386 ἡμῖν
1201 2333 1214 2346 ·
1242 2316 1302 2368 τὸ
1346 2315 1401 2368 δὲ
1424 2316 1859 2387 δυσαρεστεῖσθαι
1884 2319 1975 2370 καὶ

389 2405 684 2459 ἐνδιδόναι
735 2405 845 2458 τῶν
880 2407 965 2474 ἐφ’
1007 2408 1135 2476 ἡμῖν
1171 2407 1416 2474 ψεκτῶν·
1459 2409 1591 2479 ὅπερ
1636 2410 1974 2479 στενοχωρεῖ-

391 2493 538 2547 σθαι
558 2494 922 2564 ὀνομάζουσιν
945 2497 998 2547 αἱ
1032 2496 1260 2565 Γραφαί.
1286 2496 1357 2548 Τὸ
1381 2495 1437 2549 δὲ
1466 2497 1599 2568 πρὸς
1629 2496 1705 2566 τῷ
1734 2496 1806 2566 μὴ
1839 2497 1971 2549 ἐνδι-

387 2584 559 2637 δόναι
587 2584 688 2636 καὶ
723 2584 1109 2654 εὐφραίνεσθαι
1149 2587 1206 2637 ὲν
1238 2586 1446 2649 αὐταῖς,
1491 2585 1565 2649 ὡς
1617 2584 1799 2649 οὔσαις
1840 2602 1972 2656 προ-

391 2675 615 2741 φὰσεσι
652 2672 914 2743 μειζόνων
942 2673 1115 2727 ἄθλων
1139 2674 1231 2726 καὶ
1255 2673 1648 2743 ὲπαγγελλιῶν,
1683 2676 1852 2743 ἁγίων
1881 2675 1969 2745 ἔρ-

390 2778 526 2829 γον,
563 2760 714 2813 καθά
742 2778 905 2831 φησιν
931 2763 960 2814 6
1003 2761 1343 2825 Ἀπόστολος·
1366 2781 1385 2815 ι
1430 2764 1516 2816 Ἔν
1545 2765 1706 2819 παντὶ
1727 2765 1971 2834 θλιϐόμε-

390 2865 510 2912 νοι,
530 2850 652 2902 ἁλλ’
677 2850 742 2903 οὐ
770 2849 1298 2920 στενοχωρούμενοι.»
1317 2851 1423 2903 Καὶ
1442 2851 1754 2922 αἰτιώμενος
1779 2856 1969 2925 Κοριν-

392 2937 561 3002 Θίους
598 2938 769 3009 φησιν
801 2939 984 3000 αὐτοῖς
1007 2940 1281 3008 προσιέναι
1309 2942 1679 3010 στενοχωρίαν,
1708 2941 1847 2995 οὕτω
1884 2942 1968 2995 λέ·-

394 3047 520 3098 γων
539 3047 555 3060 ·
598 3049 619 3080 ι
659 3030 737 3082 Οὐ
774 3028 1186 3098 στενοχωρεῖσθε
1213 3030 1271 3083 ὲν
1291 3031 1440 3100 ἡμῖν,
1472 3031 1881 3102 στενοχωρεῖσθε
1908 3032 1965 3085 δὲ
1989 3041 2035 3102 c

396 3123 465 3173 ἒν
508 3122 628 3183 τοῖς
657 3119 987 3189 σπλάγχνοις
1018 3118 1186 3188 ὑμῶν.
1212 3137 1231 3170 ι
1265 3116 1391 3171 Εἶτα
1418 3120 1741 3189 παρακαλῶν
1772 3123 1963 3185 αὐτοὺς

390 3207 495 3262 διὰ
522 3210 627 3279 τὴν
658 3206 757 3260 τοῦ
788 3207 942 3273 ἁγίου
973 3206 1319 3268 κατάστασιν,
1341 3207 1500 3276 φησίν
1522 3223 1537 3236 ·
1571 3224 1589 3257 ι
1624 3207 1962 3279 Πλατύνθητε

396 3297 503 3351 καὶ
554 3300 739 3367 ὑμεῖς.
779 3316 800 3348 ι
837 3297 946 3349 Καὶ
977 3289 1077 3349 ὧδε
1119 3294 1293 3348 τοίνυν
1339 3295 1644 3366 εὐχαριστεῖ
1677 3297 1752 3366 τῷ
1788 3297 1903 3367 Θεῷ
1933 3300 1961 3350 6

396 3384 710 3454 Προφήτης
732 3384 1053 3456 βοηθήσαντι
1080 3383 1221 3454 αὐτῷ
1256 3385 1347 3437 καὶ
1379 3386 1705 3456 εὐρυχωρίαν
1727 3387 1962 3458 δωρησα-

398 3477 556 3545 μένῳ
582 3478 651 3545 τῇ
682 3475 998 3546 προαιρέσει
1025 3472 1182 3529 αὐτοῦ
1208 3475 1263 3526 ὲν
1291 3474 1463 3545 καιρῷ
1490 3474 1730 3543 θλίψεως.
1758 3476 1961 3531 Ιιλατύ⁴

395 3581 483 3622 νει
513 3565 626 3633 γὰρ
666 3566 697 3617 6
747 3563 882 3627 Θεὸς
911 3565 971 3617 οὐ
1003 3565 1187 3619 παύων
1216 3563 1340 3627 τοὺς
1372 3566 1586 3629 κακοὺς,
1634 3565 1767 3618 ἁλλὰ
1797 3582 1960 3635 μεγα-

394 3653 668 3724 λοψυχίαν
692 3651 889 3714 διδούς.

479 3832 601 3886 Υἱοὶ
635 3831 984 3901 ἀνθρώπων,
1021 3831 1130 3897 ἕως
1157 3831 1298 3884 πότε
1319 3829 1735 3901 ,ϐαρυκάρδιοις
1761 3833 1880 3888 ἰνα
1900 3835 1959 3888 τι

392 3919 676 3989 ἀγαπᾶτε
696 3921 1076 3989 ματαιότητα,
1118 3920 1217 3973 καὶ
1237 3918 1452 3987 ζητεῖτε
1470 3920 1709 3988 ψεῦδος,
1741 3939 1793 3976 κ.
1827 3941 1877 3978 τ.
1905 3926 1952 3977 ὲ.

390 4009 494 4073 Τό,
519 4031 549 4059 ιι
566 4007 696 4062 Υίοὶ
721 4008 1020 4079 ἀνθρώπων
1046 4008 1207 4080 (95),›
1244 4010 1272 4060 ό
1300 4009 1400 4078 μέν
1429 4026 1510 4072 τις
1535 4011 1771 4081 οἰήσεται
1797 4029 1951 4083 περι-

392 4096 722 4169 φραστικῶς
770 4095 1039 4168 εἰρῆσθαι,
1097 4097 1170 4159 ὡς
1224 4099 1316 4150 καὶ
1346 4097 1597 4167 Ἕλλησιν
1630 4097 1779 4161 ἔθος·
1830 4095 1953 4164 Υἷες

407 4185 647 4256 ’Δχαιῶν
665 4202 680 4216 ·
713 4185 890 4254 ἕτεροι
918 4185 973 4237 δὲ
999 4186 1105 4239 ἀπὸ
1135 4185 1227 4237 τοῦ
1250 4187 1494 4256 Σωτῆρος
1519 4184 1806 4256 ἀρξάμενοι
1836 4188 1955 4241 πολ-

386 4276 562 4347 λαχοῦ
619 4273 1053 4346 χρηματίζοντος
1097 4274 1226 4327 Υίοῢ
1281 4274 1584 4346 ἀνθρώπου,
1640 4276 1734 4347 τὴν
1778 4277 1952 4335 αἰτίαν

386 4363 780 4435 βουλεύσονται
803 4361 1105 4431 ἐξιχνεῦσαι
1127 4364 1219 4416 καὶ
1248 4364 1372 4432 περὶ
1395 4363 1501 4418 τῶν
1530 4362 1826 4432 ἀνθρώπων
1854 4367 1952 4438 οὐχ
1982 4357 2029 4415 D

383 4454 585 4517 ἁπλῶς
616 4452 948 4521 λεγομένων,
989 4452 1245 4515 πολλάκις
1271 4453 1398 4507 υἱῶν
1422 4452 1718 4524 ἀνθρώπων
1739 4472 1951 4525 χρημα-

375 4544 672 4609 τιζόντων.
702 4540 942 4593 Οὐδέπου
965 4540 1075 4610 γὰρ
1109 4542 1200 4593 καὶ
1238 4543 1362 4613 περὶ
1409 4542 1499 4595 τοῦ
1534 4544 1780 4613 Σωτῆρος
1802 4546 1952 4616 περί-

371 4649 598 4706 φρασις
622 4631 691 4684 ἂν
725 4627 813 4699 εἴη
833 4628 894 4681 τὸ
921 4630 1050 4681 Υἱὸν
1080 4628 1361 4699 ἀνθρώπου
1391 4632 1547 4683 αὐτὸν
1576 4633 1948 4702 ὀνομάζεσθαι,

358 4722 505 4779 ἐπεὶ
528 4719 791 4788 λέγεται·
819 4738 838 4770 ι
871 4716 1148 4783 Ἐξουσίαν
1161 4718 1353 4772 ἔδωκεν
1378 4719 1522 4789 αὐτῷ
1553 4721 1729 4790 κρίσιν
1757 4726 1947 4786 ποιεῖν,

350 4814 454 4868 ὅτι
488 4808 629 4871 Υίδς
658 4805 949 4878 ἀνθρώπου
972 4806 1145 4857 ἐστί.»
1175 4807 1291 4877 Χρὴ
1316 4810 1490 4861 τοίνυν
1535 4808 1756 4861 καθόλου
1789 4810 1944 4865 τοῦτο

345 4899 699 4972 γινώσκειν,
726 4896 806 4948 ὅτι
829 4897 862 4965 ἡ
901 4893 1190 4963 ἄνθρωπος
1223 4898 1572 4968 προσηγορία,
1610 4899 1697 4951 ὅτε
1727 4901 1775 4952 oi
1800 4900 1944 4967 ἅγιοι

339 4990 490 5047 θεοὶ
524 4985 1057 5058 προσαγορεύονται,
1094 4983 1182 5034 ἐπὶ
1200 4984 1364 5054 ψόγου
1390 4987 1747 5057 λαμϐάνεται·
1778 4991 1862 5043 ὅτε
1889 4990 1945 5042 δὲ

330 5080 549 5148 κτήνη
591 5076 685 5131 καὶ
723 5075 888 5144 θηρία
949 5074 1002 5124 oi
1047 5072 1374 5143 ἁμαρτωλοὶ,
1399 5080 1490 5132 ἐπὶ
1529 5081 1745 5134 ἐπαίνου
1780 5079 1941 5133 καλοῦ

322 5171 652 5225 τάσσεται.
682 5166 797 5220 Καὶ
831 5163 929 5216 τοῦ
963 5162 1071 5223 μὲν
1099 5163 1355 5232 προτέρου
1386 5170 1741 5239 παράδειγμα·
1764 5188 1782 5221 ι
1806 5168 1944 5236 Ἐγὼ

323 5259 524 5317 εἶπα·
556 5258 685 5313 Θεοί
735 5257 888 5314 ἐστε,
925 5249 1030 5300 καὶ
1077 5249 1174 5300 υἱοὶ
1210 5251 1462 5320 Ὑψίστου
1512 5259 1735 5322 πάντες·
1792 5260 1943 5327 ὑμεῖς

314 5355 391 5408 δὲ
464 5351 543 5414 ὡς
598 5344 894 5410 ἄνθρωποι
959 5335 1362 5406 ἀποθνήσκετε,
1431 5348 1521 5399 καὶ
1584 5347 1659 5409 ὠς
1712 5342 1791 5408 εἷς
1837 5346 1944 5401 τῶν

404 5439 605 5497 Ipsa],
637 5443 848 5501 XXXI”:
889 5423 997 5501 29:
1030 5426 1271 5501 __"_Psal.
1308 5448 1463 5501 χχχι,
1493 5437 1578 5491 10.

313 5516 364 5547 ιο
389 5490 600 5567 η’ᾰδιὲ,
639 5514 721 5558 vr,
764 5493 857 5547 12.
951 5490 997 5520 ¹¹
1027 5491 1069 5542 ll
1098 5493 1213 5547 Cor.
1248 5511 1321 5561 vt,
1362 5503 1443 5555 15.

1687 5439 1707 5469 ⁷
1737 5437 1891 5491 Prov.
1929 5453 2046 5497 xui,

1524 5508 1565 5536 "
1595 5505 1750 5560 Joan.
1780 5520 1830 5558 v.
1859 5504 1947 5558 27.
2023 5506 2065 5537 ¹³
2098 5506 2238 5560 Psal.
2266 5518 2445 5562 Lxxxt,
2485 5504 2537 5563 6,
2565 5502 2614 5551 7.

2097 551 2244 599 rum;
2276 552 2295 587 ι
2335 534 2424 589 et“
2455 552 2470 588 :
2499 552 2518 583 ι
2543 533 2704 587 Multa
2727 531 2936 600 ﬂagella
2983 530 3296 600 peccatoris.
3324 548 3343 581 ι
3382 526 3632 595 Exempli

2093 638 2281 688 causa,
2312 637 2430 692 quae
2459 622 2677 692 pertulit
2705 619 2829 684 Job,
2862 630 2917 674 et
2945 635 3063 688 quae
3098 634 3288 688 passus
3314 628 3397 673 est
3424 617 3629 684 Joseph

2093 712 2144 765 in
2177 709 2427 780 Egypto,
2455 708 2831 762 tribulationes
2853 706 3128 769 dicemus;
3157 719 3275 773 qua:
3302 712 3478 758 autem
3507 716 3629 769 pro-

2093 809 2208 868 pter
2240 812 2459 852 uxorem
2492 796 2633 852 Uriae
2676 804 2731 850 et
2770 795 2951 864 populi
2981 808 3200 849 censum
3231 807 3517 861 perpessus
3547 784 3655 877 est“

2091 888 2280 953 David,
2330 886 2536 956 ﬂagella
2592 884 2992 955 appellabimus.
3047 881 3207 950 558
3251 881 3509 937 (laterum
3562 894 3629 932 ne

2090 978 2215 1046 quid
2242 977 2293 1031 in
2324 977 2618 1045 Scripturis
2658 988 2754 1028 nos
2782 973 2965 1036 lateat,
2995 972 3383 1026 observandum
3415 979 3495 1025 est
3521 970 3620 1023 tri--
3656 982 3660 1007 ι

2090 1068 2414 1123 bulationem
2444 1067 2605 1120 etiam
2636 1064 3029 1133 peccatoribus,
3057 1069 3108 1116 et
3150 1060 3415 1129 ﬂagellum
3449 1062 3620 1115 homi-

2088 1159 2242 1213 nibus
2285 1157 2394 1226 jam
2441 1156 2603 1225 justis
2637 1154 2819 1208 tribui.
2852 1152 3003 1218 Quod
3047 1164 3178 1205 vero
3221 1151 3463 1214 tentatio,
3500 1165 3620 1218 quae

2086 1246 2290 1300 sanctis
2340 1246 2471 1298 viris
2516 1244 2847 1298 certantibus
2897 1241 3223 1304 immittitur,
3260 1239 3617 1294 tribulationis

2085 1333 2299 1387 nomine
2324 1345 2566 1397 vocetur,
2603 1346 2665 1386 ex
2698 1330 2876 1386 multis
2902 1337 3099 1398 praeter
3130 1341 3191 1381 ea
3219 1342 3335 1395 quae
3364 1327 3614 1391 diximus,

2084 1419 2275 1487 verbis,
2305 1427 2362 1473 ut
2396 1418 2679 1474 credamus
2723 1419 3056 1472 adducimur.
3091 1415 3206 1470 Non
3251 1415 3392 1470 enim
3423 1416 3614 1469 mirum

2082 1519 2184 1573 est,
2214 1510 2257 1564 si
2298 1508 2566 1579 ﬂagellum
2612 1508 2981 1576 delinquentes
3012 1508 3147 1562 {ilius
3175 1506 3414 1573 corripit,
3444 1514 3502 1559 ut
3541 1506 3617 1558 ait

2083 1598 2414 1652 Salomon":
2445 1614 2463 1647 ι
2492 1595 2748 1665 Flagellat
2786 1603 2963 1650 autem
2996 1611 3210 1650 omnem
3251 1594 3417 1647 (ilium
3455 1607 3613 1661 quem

2081 1686 2285 1755 recipit.
2317 1705 2335 1738 ι
2368 1686 2433 1740 Ει
2477 1700 2664 1740 rursus
2709 1685 3241 1739 animadvertendum
3282 1693 3365 1738 est
3408 1683 3613 1752 ﬂagella

2077 1777 2177 1830 dici
2205 1791 2324 1845 quae
2349 1775 2616 1845 Egyptiis
2646 1787 2860 1844 prepter
2877 1774 3038 1829 Israel
3062 1776 3419 1844 contigerunt.
3450 1775 3613 1828 Filio-

2078 1881 2194 1918 rum
2224 1866 2365 1919 enim
2390 1866 2663 1933 proprium
2691 1874 2771 1918 est
2803 1864 3012 1931 ﬂagello
3044 1865 3312 1932 vapulare.
3345 1863 3522 1928 Quare
3553 1863 3607 1915 in

2076 1955 2277 2020 psalmo
2307 1955 2629 2023 octogesimo
2653 1964 2843 2008 octavo
2872 1954 3067 2007 dicitur
3088 1954 3109 1984 ⁸
3132 1970 3146 2006 :
3179 1971 3198 2004 ι
3225 1953 3279 2006 Si
3305 1953 3607 2020 derelique-

2076 2046 2181 2097 rint
2218 2044 2309 2096 lilii
2346 2044 2463 2112 ejus
2492 2043 2662 2113 legem
2703 2058 2898 2108 meam,
2932 2056 2989 2099 et
3022 2047 3073 2099 in
3099 2044 3317 2113 judiciis
3345 2044 3478 2098 meis
3501 2058 3606 2098 non

2075 2130 2495 2199 ambulaverint,
2535 2133 2577 2185 si
2617 2132 2850 2200 justitias
2895 2148 3038 2187 meas
3081 2133 3507 2200 profanaverint,
3555 2141 3609 2184 et

2075 2219 2319 2272 mandata
2361 2234 2477 2272 mea
2511 2232 2617 2272 non
2656 2220 3026 2283 custodierint,
3069 2220 3297 2273 visitabo
3341 2219 3395 2272 in
3456 2218 3604 2287 virga

2074 2310 2378 2378 iniquitates
2413 2323 2617 2363 eorum.
2642 2326 2662 2359 ι
2699 2307 2819 2361 lltec
2857 2323 2975 2361 cum
3021 2309 3158 2362 dicta
3205 2308 3330 2373 sint,
3366 2307 3605 2361 tribulari

2073 2412 2174 2452 non
2209 2406 2290 2451 est
2335 2397 2387 2450 in
2433 2397 2620 2460 nobis;
2660 2398 2886 2451 moleste
2940 2406 3119 2450 autem
3153 2396 3295 2450 ferre
3332 2405 3385 2450 et
3415 2398 3604 2450 cedere

2072 2488 2222 2541 nobis
2245 2497 2327 2542 est
2352 2487 2574 2540 liberum
2606 2486 2871 2555 simulque
2890 2485 3266 2555 vituperabile;
3289 2487 3429 2555 quod
3455 2486 3617 2553 Sari:

2070 2588 2241 2646 ptnrce
2287 2587 2481 2632 vocant
2524 2578 2841 2647 angustiari.
2882 2576 2997 2631 Non
3049 2577 3217 2631 solum
3272 2586 3445 2632 autem
3494 2591 3601 2631 non

2068 2672 2279 2729 cedere.
2309 2672 2399 2722 sed
2429 2670 2481 2722 in
2513 2669 2642 2737 ipsis
2673 2669 2866 2735 laetari,
2890 2679 3074 2737 utpote
3096 2682 3212 2735 qua:
3240 2665 3441 2735 majora
3466 2681 3603 2735 prae-

2070 2760 2172 2810 mia
2203 2759 2561 2827 consequendi
2585 2760 2922 2813 occasionem
2966 2755 3261 2826 praebeant,
3296 2765 3597 2810 sanctorum

2067 2848 2303 2901 virorum
2343 2862 2475 2918 Opus
2519 2857 2620 2912 est,
2651 2847 3097 2917 quemadmodum
3129 2847 3203 2899 ait
3231 2841 3595 2915 Apostolus”:

2070 2954 2090 2988 ι
2113 2936 2167 2989 In
2194 2937 2443 2991 onmihus
2482 2936 2882 2990 tribulationem
2925 2936 3210 3005 patientes,
3243 2935 3336 2989 sed
3363 2949 3470 2989 non
3500 2950 3598 2988 an-

2069 3023 2302 3092 gustiati.
2330 3041 2350 3076 »
2389 3023 2454 3078 Et
2473 3038 2696 3092 carpens
2716 3023 3024 3078 Corinthios
3064 3026 3137 3076 ait
3166 3025 3441 3095 angustias
3471 3024 3600 3093 ipsis

2068 3114 2266 3176 inesse,
2303 3113 2485 3167 dicens
2507 3113 2549 3145 ¹⁶
2577 3128 2591 3163 :
2626 3130 2645 3165 ι
2670 3111 2786 3168 Non
2817 3112 3195 3180 angustiamini
3218 3114 3270 3166 in
3304 3111 3479 3176 nobis,
3500 3127 3596 3166 an-

2064 3202 2380 3270 gustiamini
2421 3212 2601 3255 autem
2636 3203 2687 3255 in
2733 3201 3025 3256 visceribus
3062 3202 3273 3255 vestris.
3298 3220 3317 3252 ι
3356 3200 3473 3254 Mox
3507 3215 3599 3255 eos

2063 3305 2158 3356 per
2181 3290 2481 3344 sanctitatis
2522 3300 2716 3344 statum
2741 3291 3054 3355 exhortans,
3085 3290 3214 3344 dicit
3236 3290 3279 3322 “
3306 3309 3319 3344 :
3346 3307 3364 3341 ι
3393 3289 3593 3343 Dilata-

2063 3380 2191 3434 mini
2220 3388 2273 3433 et
2303 3395 2419 3434 vos.
2444 3398 2462 3430 ι
2500 3380 2589 3434 Sic
2620 3380 2779 3449 igitur
2801 3379 3067 3447 Propheta
3111 3380 3313 3448 gratias
3336 3380 3445 3448 agit
3479 3379 3591 3435 Deo

2062 3470 2152 3536 qui
2187 3469 2438 3523 auxilium
2472 3472 2519 3523 ei
2551 3469 2732 3524 attulit
2765 3476 2818 3522 et
2844 3469 3206 3523 dilatationem
3228 3470 3372 3523 dedit
3407 3469 3597 3524 volun-

2064 3556 2159 3611 tati
2211 3556 2326 3625 ejus
2373 3558 2427 3612 in
2481 3567 2717 3627 tempore
2775 3557 3153 3613 tribulationis.
3195 3556 3391 3610 Dilatat
3450 3557 3591 3614 enim

2061 3645 2221 3711 Deus,
2252 3662 2357 3701 non
2390 3647 2557 3702 malos
2585 3646 2903 3712 cohibendo,
2929 3648 3024 3702 sed
3069 3645 3229 3700 animi
3273 3646 3592 3715 magnitudi-

2060 3729 2570 3804 nem'impertiendo.
3268 3747 3283 3751 “

2127 3821 2287 3877 Vens.
2317 3823 2367 3876 5.
2403 3822 2532 3877 Filii
2557 3824 2839 3885 hominum,
2870 3838 3127 3893 usquequo
3145 3824 3287 3891 gravi
3314 3825 3501 3877 corde?
3523 3823 3589 3879 Ut

2058 3916 2180 3984 quid
2210 3915 2423 3984 diligitis
2452 3916 2731 3968 vanitatem
2760 3925 2805 3968 et
2835 3916 3066 3983 quwritis
3089 3915 3451 3968 mendacium!
3478 3925 3585 3971 etc.

2058 4004 2223 4068 Istud,
2256 4023 2274 4055 ι
2301 4004 2393 4057 ﬁlii
2425 4004 2717 4069 hominum,
2744 4022 2763 4055 ι
2795 4004 3035 4057 nonnulli
3059 4004 3461 4059 arbitrabuntur
3491 4019 3588 4072 per

2057 4092 2584 4149 circumlocutionem
2605 4094 2802 4148 dictum
2819 4107 2958 4156 esse,
2982 4095 3430 4162 quemadmodum
3448 4094 3588 4161 apud

2056 4184 2293 4248 Graecos,
2323 4183 2419 4237 lilii
2457 4184 2805 4238 Achivorum.
2849 4181 2953 4236 Alii
2981 4197 3110 4238 vero
3134 4198 3165 4237 a
3202 4183 3480 4237 Salvatore
3514 4183 3594 4236 in-

2056 4271 2332 4339 cipientes,
2366 4272 2456 4339 qui
2486 4271 2797 4341 plerumque
2830 4269 2994 4324 Filius
3024 4271 3252 4327 hominis
3271 4272 3585 4341 appellatur,

2056 4375 2270 4414 causam
2294 4374 2531 4428 quaerere
2552 4361 2849 4415 volentcur
2881 4361 3101 4429 quidam
3137 4376 3239 4414 non
3274 4360 3587 4428 simpliciter

2055 4446 2319 4515 homines,
2370 4452 2559 4519 saepius
2593 4450 2683 4502 lilii
2715 4449 2987 4504 hominum
3037 4449 3395 4519 appellentur.
3432 4449 3585 4514 Quod

2052 4542 2195 4595 cnim
2246 4540 2494 4595 Salvator
2533 4549 2758 4596 vocetur
2800 4538 2969 4596 Filius
2999 4542 3251 4604 hominis,
3277 4541 3583 4608 neutiquam

2053 4629 2383 4697 periphrasis
2428 4644 2547 4685 esse
2588 4631 2777 4699 possit,
2830 4631 3093 4699 siquidem
3121 4631 3414 4684 dicitur“:
3451 4647 3469 4678 ι
3493 4629 3587 4681 De-

2050 4716 2128 4770 dit
2147 4717 2195 4771 ei
2219 4726 2538 4785 potestatem
2563 4718 2822 4786 judicium
2849 4721 3049 4785 facere,
3074 4721 3196 4789 quia
3219 4719 3388 4774 Filius
3415 4719 3585 4773 humi.

2050 4805 2131 4858 nis
2163 4813 2260 4859 est.
2290 4824 2309 4857 ι
2342 4805 2452 4861 lloc
2475 4808 2633 4878 igitur
2660 4811 2951 4879 generatim
2977 4811 3251 4867 sciendum
3299 4818 3382 4866 est
3420 4806 3586 4862 homi-

2050 4892 2133 4947 nis
2188 4895 2597 4964 appellationem
2643 4901 2896 4967 additam,
2929 4916 3048 4957 cum
3090 4902 3190 4955 viri
3217 4902 3386 4956 sancti
3419 4898 3588 4954 nomi-

2052 4991 2252 5035 nantur
2278 4982 2375 5047 dii,
2423 4984 2479 5039 in
2520 4986 2839 5058 vituperium
2874 4988 3011 5044 sumi
3040 5005 3055 5040 :
3081 5005 3203 5044 cum
3241 5004 3367 5043 vero
3400 5002 3583 5056 pecca-

2053 5081 2193 5127 tores
2217 5073 2347 5128 l‘eraa
2369 5083 2424 5128 et
2452 5089 2644 5143 pecora
2678 5080 2950 5146 dicuntur,
2978 5082 3031 5134 in
3072 5079 3279 5132 laudem
3310 5075 3576 5139 deputari.

2050 5165 2250 5221 Prioris
2290 5167 2654 5236 intelligentia:
2703 5170 3000 5237 exemplum
3045 5164 3393 5230 est":¢Ego
3440 5162 3577 5225 dixi.

2048 5255 2129 5309 Dii
2179 5258 2335 5321 estis,
2373 5267 2428 5310 et
2458 5259 2545 5311 lilii
2582 5258 2788 5311 Excelsi
2840 5271 3048 5319 omnes,
3079 5267 3176 5306 vos
3223 5259 3399 5302 autem
3434 5249 3580 5304 sicut

2051 5348 2296 5401 homines
2334 5346 2633 5400 moriemini
2682 5354 2736 5397 et
2792 5346 2932 5396 sicut
2981 5354 3116 5393 unus
3144 5339 3210 5390 de
3242 5336 3576 5402 principibus

2078 5439 2131 5491 2.
2225 5439 2245 5468 ’³
2271 5437 2409 5489 Psal.
2443 5450 2699 5496 usum,
2728 5434 2816 5495 5|,
2843 5433 2929 5495 52,
2954 5431 3039 5484 53.
3143 5430 3163 5459 ⁹
3193 5427 3229 5478 ΙΙ
3254 5428 3378 5482 Cor.
3407 5441 3483 5490 tv,
3519 5430 3575 5483 8.

396 5619 521 5692 (95)
560 5610 658 5670 Τὸ,
694 5597 823 5655 Υἱοὶ
860 5594 1218 5664 ἀνθρώπων,
1268 5613 1381 5661 etc.
1434 5611 1563 5668 Cod.
1597 5614 1729 5670 Roe.
1770 5615 1967 5671 Barocc

2069 5630 2146 5680 us,
2170 5613 2380 5668 schcda:
2404 5608 2732 5670 Combeiisii,
2762 5606 3044 5659 Barbarus.
