3958 6236
457 277 592 333 “33
1795 282 1887 335 EX
1927 277 2085 335 OlilG

2091 276 2227 333 ENE
3612 261 3720 315 tua

455 389 677 443 cadetis.
702 406 722 440 ι
753 388 817 441 Ει
865 387 1048 443 illud“
1075 406 1089 443 :
1123 406 1143 440 ι
1167 389 1297 444 Cum
1325 393 1471 447 enim
1495 394 1563 447 sit
1595 394 1731 448 inter
1762 409 1855 448 vos
1898 407 1982 446 ze-

2084 389 2354 461 ἀρχόντων
2381 388 2624 440 πίπτετε
2647 401 2663 416 ·
2700 404 2723 436 ι
2771 382 2912 446 καί,
2939 397 2960 427 ι
2996 379 3193 428 ’Ὁπου
3217 372 3334 443 γὰρ
3367 373 3425 424 ὲν
3455 372 3577 441 ὑμῖν
3597 372 3725 442 ζῆλος

459 478 564 541 lus,
594 487 647 530 et
681 477 977 542 contentio,
1019 493 1195 531 nonne
1237 480 1482 536 carnales
1533 483 1683 548 estis,
1711 492 1764 535 et
1790 496 1986 536 secun-

454 562 580 619 dum
614 567 879 622 hominem
909 568 1224 622 ambulatis?
1246 589 1265 620 ι
1295 569 1612 625 Posterioris
1640 587 1798 625 vero:
1827 570 1988 640 559

459 671 477 702 ι
506 653 759 707 Homines
785 663 835 709 et
864 670 1051 722 pecora
1073 657 1321 715 salvabis.
1348 659 1570 713 Domine
1597 661 1688 711 ι’.»
1719 661 1982 715 Caaterum

453 740 615 794 ﬁlium
668 744 918 805 hominis,
966 743 1244 798 deﬁnitam
1297 748 1347 799 in
1403 748 1673 816 Scriptura
1705 765 1984 816 personam

455 845 573 894 qua:
592 842 809 884 vocatur
844 832 982 885 Deus
1013 830 1295 901 (quatenus
1320 837 1474 890 modo
1502 839 1756 891 memoria
1785 839 1982 908 teneo),

457 911 725 971 Danielem
754 919 981 986 primum
1003 929 1056 972 et
1085 930 1265 987 postea
1292 921 1623 978 Ezechielem
1648 926 1983 994 prophetam,

454 1021 574 1059 cum
621 1018 801 1061 essent
834 1009 886 1061 in
930 1011 1262 1079 captivitate.
1293 1024 1626 1081 nuncupatos
1657 1016 1980 1081 invenimus,

452 1096 714 1149 neminem
749 1113 874 1150 vero
914 1108 1037 1151 ante
1065 1100 1424 1165 captivitatem
1463 1101 1746 1170 (quatenus
1776 1120 1983 1160 memo-

452 1182 546 1236 ria:
580 1184 925 1251 prodiderunt
952 1185 1070 1239 libri
1104 1186 1192 1253 qui
1216 1187 1333 1241 sine
1362 1191 1731 1243 controversia
1759 1202 1815 1243 ut
1845 1193 1984 1245 divi-

450 1273 595 1325 nitus
646 1272 889 1340 inspirati
952 1274 1420 1343 circumferuntur)
1496 1279 1595 1332 hac
1635 1279 1986 1346 appellatione

450 1370 832 1424 nuncupatum.
872 1360 935 1412 Et
967 1361 1089 1428 quid
1114 1375 1243 1428 opus
1269 1370 1349 1415 est
1379 1364 1559 1418 dicere
1589 1365 1653 1419 de
1678 1366 1982 1433 Salvatore,

451 1463 570 1501 cum
600 1448 882 1517 Evangelia
922 1449 1179 1516 ejusmodi
1204 1466 1335 1508 voce
1368 1451 1522 1521 plena
1549 1452 1693 1508 sint?
1718 1456 1983 1521 Quoniam

449 1536 537 1601 qui
577 1538 814 1590 erantin
857 1538 1183 1608 captivitate,
1222 1552 1532 1610 peccatores
1575 1553 1747 1610 erant,
1795 1546 1984 1601 existi-

452 1639 657 1679 mamus
691 1627 961 1682 Danielem
987 1631 1179 1696 solum,
1208 1632 1349 1699 quod
1392 1642 1629 1687 servaret
1667 1633 1981 1699 dignitatem

451 1707 680 1768 hominis
696 1715 784 1782 qui
810 1717 876 1770 ad
909 1695 1188 1785 imaginem
1223 1695 1275 1772 et
1305 1719 1704 1775 similitudinem
1734 1722 1824 1778 Dei
1859 1739 1985 1779 con-
2016 1695 2059 1748 Β

347 1799 353 1805 ’
450 1805 594 1857 ditus
645 1813 759 1869 est,
814 1805 880 1858 ad
933 1820 1118 1859 eorum
1185 1809 1526 1875 opprobrium
1577 1812 1760 1864 audire
1805 1814 1982 1867 istud:

454 1907 474 1941 ι
496 1890 594 1944 Fili
623 1891 873 1947 hominis.
902 1912 920 1943 ι
955 1892 1070 1947 Hoc
1100 1895 1267 1962 ipsum
1298 1897 1362 1949 de
1398 1896 1671 1952 Ezechiele
1703 1900 1984 1955 dicendum

449 1990 550 2033 est.
583 1979 752 2033 Homo
780 1982 919 2036 enim
945 1984 1035 2052 qui
1069 1984 1133 2037 ad
1182 1984 1467 2053 imaginem
1492 1996 1547 2039 et
1585 1989 1985 2045 similitudinem
2050 1992 2058 2000 ’

451 2064 541 2123 Dei
571 2068 743 2124 factus
777 2081 878 2134 est,
917 2074 1117 2141 primus
1170 2073 1268 2126 hac
1301 2076 1659 2142 appellatione
1686 2081 1987 2137 nominatus

449 2161 554 2214 est,
584 2163 638 2206 et
661 2152 748 2208 hic
781 2159 993 2223 proprie.
1035 2157 1193 2212 homo
1226 2173 1346 2213 esse
1370 2163 1583 2228 poterit.
1619 2163 1674 2217 ln
1713 2165 1988 2223 Salvatore

447 2251 663 2308 utroque
727 2243 1166 2298 considerandum
1215 2256 1331 2310 est,
1382 2261 1450 2301 an
1516 2250 1821 2307 humanitas
1875 2256 1988 2323 ejus

451 2327 619 2386 Filius
645 2329 877 2386 hominis
902 2333 1127 2399 dicatur,
1162 2345 1213 2389 et
1242 2346 1445 2404 patrem
1477 2338 1742 2395 hominem
1796 2344 1989 2400 habeat

449 2419 762 2475 humanitas
782 2422 1029 2492 imaginis
1061 2425 1149 2478 Dei
1178 2426 1481 2483 invisibilis.
1512 2429 1662 2495 Quod
1691 2444 1864 2486 autem
1906 2437 1988 2489 di-

449 2521 590 2562 ctum
622 2520 705 2566 est
729 2512 777 2544 ¹⁶
803 2527 817 2564 :
854 2531 872 2562 ι
898 2513 1103 2582 Quique
1132 2517 1408 2583 terrigena:
1437 2528 1487 2571 et
1516 2519 1608 2573 ﬁlii
1642 2520 1942 2588 hominum,
1965 2544 1982 2576 ι

447 2598 821 2654 excellentiam
849 2599 1084 2655 ostendit
1130 2603 1357 2657 ﬁliorum
1389 2605 1660 2661 hominum
1694 2625 1802 2678 pra:
1833 2615 1990 2666 terri-

448 2688 619 2755 genis.
644 2687 747 2742 Sed
769 2689 907 2756 quod
931 2689 995 2742 ad
1030 2690 1262 2744 litteram
1287 2694 1501 2756 attinet,
1532 2697 1784 2762 quoniam
1816 2701 1988 2755 corri-

447 2777 667 2845 piuntur
699 2777 784 2831 hic
825 2776 897 2830 illi
943 2779 1137 2846 quibus
1186 2780 1384 2834 dicitur
1410 2798 1421 2832 :
1451 2800 1467 2831 ι
1502 2783 1788 2853 Usquequo
1839 2792 1986 2857 gravi

447 2865 632 2930 corde,
661 2883 680 2913 ι
713 2874 841 2929 etc.,
875 2880 978 2919 non
1015 2868 1149 2920 bene
1190 2868 1506 2924 videbuntur
1544 2871 1660 2926 haec
1702 2889 1822 2941 qum
1850 2877 1990 2931 invi-

446 2964 565 3010 cem
613 2953 714 3006 sibi
765 2966 1124 3021 opponuntur,
1175 2960 1238 3011 de
1283 2958 1402 3011 ﬁliis
1450 2960 1724 3016 hominum
1783 2965 1983 3035 afferri,
2014 2991 2058 3050 (ς

450 3041 553 3094 nisi
588 3040 727 3094 forte
751 3042 945 3111 duplex
1000 3046 1155 3100 homo
1183 3047 1254 3100 sit
1297 3048 1691 3117 intelligendus,
1723 3057 1982 3121 quemad-

448 3129 664 3186 modum
698 3131 905 3199 acceplt
947 3133 1236 3202 Apostolus
1278 3135 1462 3192 dicens
1483 3138 1525 3169 ⁸⁷
1555 3158 1568 3194 :
1604 3159 1622 3191 ι
1653 3140 1862 3197 Primus
1888 3146 1986 3199 ho-

447 3228 536 3271 mo
562 3219 626 3273 de
660 3228 801 3275 terra
834 3232 1094 3291 terrenus,
1123 3228 1388 3282 secundus
1426 3228 1605 3295 homo,
1637 3232 1895 3291 Dominus
1921 3239 1986 3292 de

447 3301 602 3355 coelo.
634 3303 819 3369 Qualis
872 3315 1132 3373 terrenus,
1177 3310 1309 3366 tales
1360 3323 1413 3367 et
1458 3320 1676 3383 terreni,
1724 3330 1778 3374 et
1816 3324 1988 3390 qualis

450 3388 710 3454 erelestis,
752 3393 884 3450 tales
923 3405 977 3450 et
1017 3397 1282 3454 cmlestes.
1314 3420 1332 3452 ι
1377 3401 1609 3458 Rursum
1655 3421 1785 3463 vero
1817 3388 1868 3465 et
1909 3414 1987 3468 sic

447 3479 699 3543 quoniam
749 3481 870 3536 ﬁliis
918 3485 1189 3540 hominum
1223 3491 1528 3558 prascipitur
1567 3504 1621 3547 ut
1658 3511 1984 3564 cognoscant

451 3583 472 3614 ο
496 3566 620 3633 quia
657 3569 1228 3631 miriﬁcavitDomlnus
1249 3587 1492 3633 sanctum
1526 3587 1793 3650 suanm,»
1837 3604 1982 3657 qua:-

450 3664 600 3709 rctur
624 3661 888 3725 quomodo
908 3663 998 3730 qui
1026 3666 1322 3720 secundum
1358 3669 1674 3726 deteriorem
1717 3680 1986 3746 acceptio-

446 3757 569 3799 nem
617 3755 741 3801 sunt
770 3749 862 3804 ﬁlii
898 3750 1190 3820 hominum,
1213 3756 1505 3825 jubeantur
1529 3774 1661 3828 opus
1707 3767 1983 3822 sanctissi-

448 3848 655 3889 morum
709 3839 946 3894 virorum
992 3858 1263 3912 peragere.
1306 3847 1638 3916 Cognoscere
1684 3856 1823 3910 enim
1860 3860 1983 3926 quia

447 3920 750 3979 miriﬁcavit
791 3926 1047 3984 Dominus
1088 3944 1330 3987 sanctum
1376 3954 1564 4003 suum,
1616 3920 1983 4000 sanctissimo-

446 4022 563 4061 rum
596 4012 827 4067 virorum
867 4030 998 4083 opus
1039 4029 1140 4073 est.
1175 4021 1245 4075 At
1288 4024 1387 4079 hoc
1431 4029 1641 4084 solvere
1685 4032 1839 4086 facile
1878 4045 1980 4089 est.

449 4093 580 4150 Nam
610 4102 700 4168 qui
756 4103 807 4156 in
851 4104 1209 4162 deterioribus
1243 4120 1346 4177 est,
1399 4114 1539 4171 ﬁlius
1582 4119 1815 4177 hominis
1864 4137 1984 4178 esse

448 4194 628 4249 potest
683 4193 970 4245 secundum
1031 4204 1297 4252 terrenum
1356 4201 1664 4271 hominem;
1697 4210 1743 4263 si
1803 4220 1978 4267 autem

448 4286 736 4333 conversus
757 4280 940 4346 fuerit,
963 4287 1223 4351 quodnon
1250 4300 1331 4345 est
1361 4291 1705 4365 impossibile,
1739 4301 1853 4356 ﬁeri
1883 4319 1978 4373 po.
2007 4293 2057 4352 Ῑ)

448 4372 552 4417 test
594 4366 732 4422 illius
783 4372 1013 4428 hominis
1046 4381 1334 4433 secundum
1368 4382 1633 4440 hominem
1683 4366 1977 4451 cceleslem.

447 4449 759 4521 Hujustnodi
789 4457 880 4511 ﬁ‘lii
908 4460 1181 4516 hominum
1200 4472 1492 4534 posteriore
1521 4479 1835 4544 acceptione
1857 4499 1975 4539 cum

447 4543 544 4596 ﬁlii
573 4543 680 4596 sint
705 4542 820 4612 ejus
843 4548 930 4614 qui
960 4552 1023 4603 de
1049 4560 1188 4605 terra
1226 4564 1471 4614 terrenus
1507 4574 1609 4629 est,
1644 4542 1804 4623 etiam
1828 4576 1976 4642 gravi

449 4633 610 4685 corde
656 4647 775 4688 esse
817 4636 918 4689 dici
958 4651 1198 4705 possunt,
1244 4644 1562 4718 diligereque
1597 4633 1884 4715 vanitatem
1917 4680 1980 4720 ac

375 4757 401 4789 η
445 4735 686 4790 ηυωνθτθ
714 4724 1063 4779 mendacium.
1110 4727 1410 4787 Intellectus
1438 4740 1581 4793 enim
1611 4747 1790 4801 carnis
1818 4750 1867 4803 in
1903 4752 1977 4821 ip-

447 4815 523 4866 sis
545 4820 649 4874 est,
683 4820 738 4866 et
758 4827 1047 4880 corporeus
1076 4829 1244 4880 amor,
1273 4829 1327 4873 et
1350 4827 1630 4893 mendacii,
1661 4837 1802 4900 quod
1837 4805 1979 4893 veri—

370 4898 382 4953 :4
448 4903 543 4955 tati
588 4905 915 4958 contrarium
949 4916 1051 4970 est,
1072 4907 1368 4973 inquisitio.
1400 4912 1561 4968 Gravi
1592 4898 1788 4988 quippe
1818 4928 1981 4983 corde

441 4998 565 5044 sunt
611 4992 700 5059 qui
748 4993 1018 5047 sedentem
1049 4995 1098 5048 in
1132 4996 1378 5063 plumbeo
1416 4999 1614 5055 talento
1643 5008 1976 5074 iniquitatem

440 5079 496 5133 in
546 5083 707 5137 corde
758 5083 974 5147 habent,
1009 5098 1126 5151 quae
1177 5087 1240 5140 ad
1294 5087 1475 5140 inﬁma
1527 5104 1749 5160 qumque
1799 5099 1974 5156 delata

441 5184 561 5223 eum
584 5171 850 5242 Egyptiis
896 5173 946 5226 in
985 5175 1138 5243 aquis
1165 5176 1566 5233 vehementibus
1598 5181 1850 5242 ﬂuctuum
1882 5191 1976 5244 huc

436 5250 524 5319 ius
550 5258 673 5313 vita:
705 5270 954 5328 tanquam
984 5262 1252 5330 plumbum
1273 5262 1634 5334 demergetur.
1665 5272 1758 5327 llis
1793 5288 1969 5333 autem

441 5342 529 5406 qui
555 5347 705 5409 gravi
745 5351 904 5405 corde
940 5360 1083 5419 sunt,
1116 5354 1371 5407 contrarii
1409 5366 1528 5410 sunt
1579 5359 1615 5412 ii
1665 5364 1754 5433 qui
1804 5380 1970 5421 suave

514 5511 558 5549 ⁸⁸
586 5519 603 5571 ι
630 5522 750 5578 Cor.
784 5542 863 5594 nt,
896 5528 947 5585 3.
1024 5533 1064 5563 ιδ
1094 5532 1230 5587 Psal.
1270 5550 1427 5603 xxxv,
1461 5536 1507 5589 7.
1587 5540 1628 5573 ’⁸
1662 5541 1800 5596 Psal.
1835 5552 2076 5615 nvtnﬁ

2087 481 2181 534 καὶ
2222 480 2358 550 ἔρις,
2398 478 2525 547 οὐχὶ
2575 470 2861 544 σαρκικοί
2919 471 3087 529 ἐστε,
3140 464 3245 516 καὶ
3282 462 3429 515 κατά
3474 462 3725 550 Ῠᾶνθρωπον

2086 549 2477 640 περιπατεῖτες
2519 585 2538 616 ι
2577 564 2680 616 τοῦ
2736 561 2801 613 δὲ
2852 555 3148 625 δευτέρου
3172 570 3187 582 ·
3235 569 3257 602 ι
3282 549 3624 621 “nepam;
3649 554 3726 605 tul

2087 660 2254 729 κτήνη
2297 656 2517 717 σώσεις,
2566 652 2782 721 Κύριε.
2842 667 2863 699 ι
2916 644 3173 716 Πρῶτον
3225 641 3345 709 γάρ
3386 640 3501 691 υἱὸν
3549 641 3725 709 ἀνθρὼ-

2087 765 2219 810 που,
2274 746 2571 815 πρόσωπον
2621 738 2963 808 ὡρισμένον
3042 736 3109 785 ὲν
3175 732 3385 801 Γραφῇ
3434 730 3729 800 ὀνομαζόμε-

2087 854 2174 890 νον
2217 832 2372 897 Θεὸν,
2418 832 2513 886 ἐπὶ
2553 832 2626 901 τῇ
2686 830 2967 899 παρούσῃ
3014 826 3232 896 μνήμῃ
3277 822 3378 875 τὸν
3427 822 3615 891 Δανιὴλ
3663 825 3731 875 εὑ·

2090 929 2350 998 ρίσκομεν
2388 925 2486 978 καὶ
2528 922 2674 993 μετά
2718 919 2932 973 τοῦτον
2980 917 3088 969 τὸν
3161 912 3446 984 Ἰεζεκιὴλ
3483 915 3731 984 προφήτας

2088 1020 2147 1070 ὲν
2194 1021 2260 1087 τῇ
2308 1014 2671 1085 αἰχμαλωσίᾳ
2717 1009 3090 1080 γενομένους
3116 1023 3132 1035 ·
3184 1004 3397 1058 οὐδένα
3436 1004 3494 1056 δὲ
3533 1004 3731 1073 πρὸτῆς

2087 1106 2489 1177 αἰχμαλωσίας,
2526 1105 2658 1156 ὅσον
2680 1100 2771 1169 ἐφ’
2799 1095 2891 1163 οἷς
2923 1093 3291 1167 ἱστοροῦμεν
3326 1092 3476 1145 κατὰ
3510 1091 3577 1145 τὰ
3600 1093 3730 1145 ἀναν-

2085 1198 2322 1265 τίρῤητα
2371 1194 2481 1246 τῶν
2535 1191 2998 1262 ἀναφερομένων
3067 1185 3317 1256 βιϐλίων
3367 1183 3730 1241 θεοπνεύστων.

2086 1284 2257 1354 ταύτῃ
2298 1287 2364 1353 τῇ
2411 1282 2775 1353 προσηγορίᾳ
2817 1276 3222 1347 καλούμενον.
3275 1274 3347 1325 Τί
3378 1273 3438 1324 δὲ
3478 1274 3558 1325 δεῖ
3584 1272 3732 1341 λέγειν

2088 1373 2216 1443 περὶ
2255 1370 2348 1425 τοῦ
2384 1371 2687 1443 Σωτῆρος,-
2721 1370 2838 1423 τῶν
2871 1368 3274 1437 Εὐαγγελίων
3308 1367 3731 1437 πεπληρωμένων

2085 1463 2291 1533 ταύτης
2315 1464 2415 1532 τῆς
2451 1462 2683 1531 φωνῆς;
2713 1461 2835 1514 Καὶ
2868 1460 3150 1530 οἰόμεθα,
3188 1459 3286 1512 διὰ
3316 1458 3382 1510 τὸ
3407 1456 3731 1529 ἁμαρτωλοὺς

2086 1552 2369 1620 γεγονέναι
2418 1552 2549 1613 τοὺς
2594 1549 2654 1603 ὲν
2702 1553 2773 1620 τῇ
2840 1549 3260 1619 αἰχμαλωσίᾳ,
3319 1550 3405 1611 εἰς
3459 1547 3731 1615 ὀνειδισμὸν

2087 1643 2309 1695 ἐκείνων
2341 1642 2433 1694 τὸν
2476 1638 2683 1711 Δανιὴλ
2736 1640 2914 1709 μόνον
2971 1639 3261 1692 σώσαντα
3309 1639 3376 1690 τὸ
3415 1637 3625 1708 ἀξίωμα
3648 1636 3729 1707 τῆς

2086 1732 2178 1784 τοῦ
2213 1729 2508 1801 ἀνθρώπου
2541 1730 2642 1782 καὶ
2684 1730 2815 1782 κατ’
2848 1727 3060 1782 εἰκόνα
3093 1727 3203 1782 καὶ
3232 1729 3514 1798 ὁμοίωσιν
3535 1728 3730 1796 γενομέ-

2086 1837 2182 1890 νης
2223 1819 2461 1887 φύσεως.
2497 1820 2725 1873 ἀκούειν
2766 1822 2859 1878 τδ.
2914 1837 2937 1869 ι
2996 1819 3104 1870 Υἱὲ
3151 1816 3491 1887 ἀνθρώπου.
3533 1836 3550 1867 ι
3605 1813 3726 1869 ἠδ’

2086 1907 2216 1962 αὐτὸ
2237 1908 2457 1962 λεκτέον
2495 1909 2594 1962 καὶ
2616 1908 2752 1980 περὶ
2783 1907 2891 1960 τοῦ
2932 1907 3254 1979 Ἱεζεκιήλ.
3294 1906 3612 1977 Ἀνθρωπος
3638 1906 3725 1976 γὰρ

2089 1999 2302 2069 πρῶτος
2340 1999 2637 2069 ὠνομάσθη
2683 2001 2714 2051 6
2762 2001 2894 2051 κατ’
2934 1999 3147 2052 εἰκόνα
3205 1999 3311 2052 καὶ
3355 1998 3611 2067 ὁμοίωσιν
3645 2013 3721 2049 πε-

2087 2088 2379 2158 ποιημένος
2419 2088 2527 2139 ὑπὸ
2567 2088 2665 2140 τοῦ
2713 2088 2885 2154 Θεοῦ,
2935 2090 3041 2141 καὶ
3085 2088 3285 2151 οὕτως
3328 2087 3399 2141 ἂν
3430 2087 3516 2158 εἴη
3551 2087 3721 2156 κυρίως

2087 2176 2396 2245 ἄνθρωπος.
2442 2172 2855 2227 Ἐπισκεπτέον
2882 2176 2947 2228 δὲ
2985 2177 3094 2229 καὶ
3131 2177 3237 2229 ἐπὶ
3266 2175 3372 2229 τοῦ
3402 2176 3655 2245 Σωτῆρος,
3684 2175 3720 2226 ei

2086 2265 2148 2318 τὺ
2175 2263 2518 2336 ἀνθρώπινον
2552 2264 2724 2318 αὐτοῦ
2758 2265 2902 2328 Υἱὸς
2932 2264 3283 2338 ἀνθρώπου,
3320 2265 3606 2337 ἀνθρώπου
3635 2283 3718 2320 πα-

2086 2353 2213 2422 τρὸς
2241 2352 2392 2416 ὄντος
2418 2353 2498 2423 τῷ
2528 2352 2875 2425 ἀνθρωπίνῳ
2914 2356 3029 2425 τῆς
3065 2356 3302 2420 εἰκόνος
3349 2355 3447 2409 τοῦ
3481 2355 3607 2408 Θεοῦ
3640 2354 3715 2407 τοῦ

2089 2443 2339 2512 ἀοράτου.
2371 2443 2482 2496 Καὶ
2513 2442 2577 2496 τὸ
2612 2445 2924 2515 εἰρημένον
2962 2447 3055 2512 δὲ,
3110 2466 3131 2498 ι
3168 2448 3246 2500 Οἵ
3278 2464 3344 2499 τε
3377 2449 3621 2517 γηγενεῖς
3642 2446 3713 2498 καὶ

2090 2530 2196 2582 υίοὶ
2226 2529 2334 2582 τῶν
2355 2530 2683 2599 ἀνθρώπων,
2725 2553 2744 2585 ι
2768 2534 3079 2605 ὑπεροχὴν
3123 2536 3293 2606 δηλοῖ
3327 2538 3441 2589 τῶν
3470 2536 3591 2588 υἱῶν
3621 2535 3706 2586 τῶν

2087 2620 2388 2692 ἀνθρώπων
2409 2623 2563 2693 παρὰ
2581 2622 2715 2687 τοὺς
2742 2628 3047 2694 γηγενεῖς.
3093 2627 3272 2681 Ἀλλά
3296 2628 3441 2697 πρὸς
3462 2627 3556 2697 τὴν
3574 2625 3711 2689 λέξιν,

2095 2711 2218 2763 ἐπεὶ
2265 2711 2694 2782 ἐπιπλήττονται
2749 2712 2960 2766 ἐνθάδε
3017 2715 3344 2779 ἀκούοντες
3391 2718 3476 2781 τὸ,
3524 2735 3542 2765 ι
3593 2716 3711 2774 Ἕως

2091 2799 2222 2851 πότε
2255 2799 2631 2871 βαρυκάρδιοι,
2668 2820 2687 2852 ι
2727 2803 2831 2854 καὶ
2861 2805 2944 2857 τὰ
2967 2802 3137 2874 ἑξῆς,
3176 2806 3245 2857 οὐ
3287 2802 3474 2867 καλῶς
3505 2802 3711 2866 δόξουσιν

2088 2887 2436 2958 ἀντιρρήσεις
2474 2890 2606 2960 περὶ
2637 2890 2775 2942 υἱῶν
2810 2891 3155 2963 ἀνθρώπων
3198 2892 3644 2964 παρατεθεῖσθαι,
3672 2893 3711 2941 εξ

2092 2978 2167 3049 μὴ
2210 2978 2317 3050 ἄρα
2361 2979 2537 3031 διττὸν
2579 2979 2673 3032 τὸν
2721 2979 3043 3050 ἄνθρωπον
3096 2983 3185 3035 δεῖ
3223 2983 3552 3053 λαμϐάνειν,
3590 2978 3710 3032 καθὰ

2090 3068 2355 3120 ὑπέλαϐεν
2415 3071 2445 3121 6
2510 3069 2848 3133 Ἀπόστολος
2913 3071 3146 3140 λέγων·
3215 3092 3236 3124 ι
3283 3074 3346 3126 'U
3395 3072 3601 3143 πρῶτος
3635 3072 3710 3123 ἄν-

2089 3156 2304 3226 θρωπος
2367 3160 2431 3210 ὲκ
2490 3158 2594 3227 γῆς
2651 3160 2851 3228 χοϊκός
2879 3174 2897 3190 ⁸
2959 3164 2992 3215 6
3043 3163 3321 3236 δεύτερος
3378 3161 3709 3233 ἄνθρωπυςὸ

2087 3245 2290 3316 Κύριος
2340 3247 2399 3314 ἐξ
2450 3245 2707 3316 οὐρανοῦ.
2781 3245 2923 3315 Οἷος
2980 3254 3012 3307 6
3074 3256 3299 3324 χοϊκδς,
3365 3255 3587 3308 τοιοῦτοι
3634 3252 3709 3303 καὶ

2087 3337 2136 3388 οἱ
2176 3337 2381 3405 χοϊκοίο
2429 3337 2525 3391 καὶ
2577 3333 2692 3401 οἷος
2740 3342 2771 3392 6
2826 3342 3210 3415 ἐπουράνιος,
3258 3344 3498 3399 τοιοῦτοι.
3544 3342 3625 3395 καὶ
3666 3341 3705 3392 οε

2086 3424 2419 3495 ἐπουράνιοι.
2468 3444 2487 3477 ι
2523 3426 2697 3480 Πάλιν
2730 3429 2795 3481 δὲ.
2832 3432 2943 3486 καὶ
2971 3433 3186 3498 οὕτως,
3223 3434 3324 3487 διὰ
3353 3434 3420 3487 τὸ
3463 3431 3704 3501 προστάσ-

2089 3512 2275 3564 σεσθαι
2303 3513 2531 3580 γνῶναι,
2560 3517 2644 3567 ὅτι
2667 3517 2891 3588 Κύριος
2917 3539 2937 3571 ι
2972 3521 3404 3592 ἐθαυμάστωσε
3468 3521 3555 3573 τὸν
3583 3521 3703 3571 ὅσιον

2063 3602 2275 3667 ἀύτοῦ,
2340 3623 2360 3654 ι
2404 3605 2531 3668 τοὺς
2577 3607 2736 3670 υἱοὺς
2785 3609 2908 3663 τῶν
2960 3613 3316 3684 ἀνθρώπων,
3370 3612 3704 3683 ζητηθήσεται

2084 3692 2201 3755 πῶς
2242 3693 2292 3744 οἱ
2320 3693 2464 3748 κατά
2488 3694 2550 3747 τὸ
2575 3699 2763 3765 χεῖρον
2793 3699 2912 3752 υἱοὶ
2942 3701 3063 3754 τῶν
3104 3704 3209 3757 ἀνθ
3220 3704 3434 3774 ρώπων
3459 3698 3700 3771 προστάτ-

2083 3796 2260 3832 τονται
2293 3780 2450 3851 ἔργον
2478 3782 2588 3835 τῶν
2614 3785 2961 3851 ἁγιωτάτων
2989 3792 3248 3861 ποιῆσαι.
3279 3793 3358 3845 Τδ
3387 3792 3500 3862 γάρ
3528 3789 3702 3859 γνῶναι

2082 3866 2163 3920 ὅτι
2194 3868 2619 3937 ὲθαυμάστωσεν
2647 3876 2677 3926 6
2717 3874 2942 3948 Κύριος
2982 3879 3085 3933 τὸν
3126 3883 3285 3936 ὅσιον
3333 3881 3527 3945 αὑτοῦ,
3559 3882 3701 3946 ἁγιωο

2081 3958 2257 4011 τάτων
2304 3959 2423 4012 ἐστὶ
2475 3962 2846 4034 κατόρθωμα.
2907 3968 3167 4040 Εὐχερὲς
3218 3971 3282 4025 δὲ
3332 3972 3497 4025 λῦσαι
3543 3968 3699 4029 τοῦτο.

2082 4046 2205 4100 ἐπεὶ
2242 4048 2469 4102 δύναται
2499 4052 2528 4102 ὁ
2557 4051 2727 4115 αὐτὸς
2779 4055 2887 4123 μὲν
2925 4059 2990 4109 ὲν
3039 4060 3298 4131 χείροσιν
3343 4062 3424 4115 ὢν
3469 4060 3588 4121 Υἱὸς
3623 4059 3700 4110 ἀν-

2083 4134 2299 4207 θρώπου
2336 4132 2476 4192 εἶναι
2507 4140 2649 4193 κατὰ
2690 4143 2788 4196 τὸν
2830 4145 3142 4216 ἄνθρωπον
3171 4151 3270 4204 τὸν
3315 4152 3524 4223 χοῖκόνο
3560 4163 3700 4219 μετα-

2084 4223 2261 4279 ϐαλὼν
2298 4226 2381 4292 δὲ,
2422 4228 2560 4298 ὅπερ
2606 4229 2712 4285 οὐκ
2757 4232 2917 4288 ἐστιν
2961 4238 3262 4305 ἀδύνατον,
3298 4241 3559 4309 γενέσθαι
3590 4237 3697 4296 Υἱὸς

2081 4312 2369 4384 ἀνθρώπου
2400 4318 2544 4371 κατά
2573 4318 2668 4373 τὸν
2700 4323 3009 4394 ἄνθρωπον
3041 4330 3138 4383 τὸν
3167 4332 3527 4402 ὲπούρανιον.
3561 4323 3696 4382 Οὗτοι

2079 4403 2136 4455 δὲ
2172 4406 2220 4456 οί
2252 4406 2362 4458 υἱοὶ
2400 4407 2508 4461 τῶν
2540 4409 2860 4481 ἀνθρώπων
2908 4419 2964 4470 οἱ
3006 4421 3158 4474 κατὰ
3190 4423 3255 4475 τὸ
3300 4424 3577 4494 δεύτερον,
3613 4420 3693 4472 ἅτε

2080 4492 2185 4544 υἱοὶ
2203 4495 2563 4563 τυχγάνοντες
2587 4502 2683 4553 τοῦ
2717 4505 2787 4556 ὲκ
2815 4506 2929 4576 γῆς
2960 4510 3178 4579 χοϊκοῦ,
3210 4513 3311 4565 καὶ
3356 4492 3691 4583 βαρυκάρδιοι

2078 4582 2315 4673 εὐλόγως
2373 4586 2639 4656 λέγοιντο,
2687 4596 2790 4647 καὶ
2835 4598 3068 4670 ἀγαπᾷν
3115 4582 3486 4673 ματαιότητα,
3531 4602 3691 4670 ζητεῖν

2077 4686 2136 4723 τε
2180 4672 2396 4740 ψεῦδος.
2444 4677 2593 4742 Νοῦς
2632 4682 2746 4752 γὰρ
2789 4688 3007 4756 σαρκὸς
3045 4689 3105 4742 ὲν
3149 4693 3337 4755 αὐτοῖς
3379 4672 3475 4745 καὶ
3519 4688 3687 4755 ἀγάπη

2082 4759 2392 4849 σωμᾳτικῆν
2441 4765 2539 4817 καὶ
2587 4766 2826 4840 ζήτησις
2870 4774 2970 4827 τοῦ
3019 4778 3123 4848 τῆς
3164 4778 3431 4849 ἀληθείας
3485 4772 3684 4846 ὲχθροῦν

2077 4846 2323 4941 Taurea-ﬂ
2357 4851 2453 4904 τοῦ
2501 4853 2763 4923 ψεύδους.
2817 4846 3202 4937 Βαρυκάρδιοι
3234 4846 3341 4941 γάρ
3380 4870 3430 4921 οἱ
3469 4868 3566 4937 τὴν
3606 4879 3685 4915 καο

2080 4932 2379 5028 θεζομένην
2432 4942 2531 4996 ἐπὶ
2575 4946 2849 5003 τάλαντον
2901 4932 3159 5023 μολίϐδου
3209 4932 3439 5028 ἀνομίαν
3486 4932 3679 5027 ἔχοντες

2080 5023 2136 5074 ὲν
2171 5028 2248 5123 τῇ.
2287 5031 2515 5104 καρδίᾳν
2567 5038 2694 5107 ἣτις
2743 5041 2822 5106 ὼς
2863 5052 3200 5123 κατωφερὴς
3231 5023 3442 5103 δύσεται
3480 5023 3573 5098 σῦν
3598 5044 3681 5094 Δί-

2080 5116 2335 5212 γυπτίοας
2371 5123 2513 5212 ώσεὶ
2550 5130 2806 5198 μόλιϐδος
2845 5138 2906 5190 ὲν
2942 5116 3342 5212 negassem;
3374 5138 3485 5189 τῶν
3516 5132 3676 5203 κυμά-

2079 5206 2324 5304 “comici?
2361 5210 2507 5278 βίου.
2547 5221 2826 5280 Ἑναντίοι
2856 5227 2917 5282 δὲ
2945 5234 3065 5292 τοῖς
3105 5206 3475 5304 βαρυκαρδίοις
3507 5227 3554 5278 oi.
3583 5219 3703 5299 ὑπὸ,

2192 5289 2366 5393 Ct)va
2403 5304 2596 5378 Ἰησοῦ
2624 5315 2865 5390 ἐλαφρὸν
2892 5287 3277 5393 τυγχάνοντες.
3301 5287 3538 5388 Ῠάχαίᾶ,
3561 5309 3668 5366 ἐπεὶ

2078 5379 2172 5431 καὶ
2200 5385 2251 5434 οἶ
2293 5379 2804 5480 μεμαθητευμένοι
2836 5414 2943 5467 υἱοί
2980 5379 3088 5468 εἶσι
3112 5415 3204 5469 τοῦ
3240 5379 3663 5486 μαθηζεύσαντοίι

2084 5591 2094 5603 ·
2196 5558 2236 5591 ³⁷
2268 5561 2293 5619 ι
2324 5567 2467 5631 Cor.
2501 5599 2607 5655 xv,
2632 5589 2725 5646 Π.
2807 5592 2848 5627 ¹³
2880 5592 3025 5651 Psal.
3060 5609 3129 5660 tv,
3156 5593 3207 5651 4.
