3958 6276
357 307 392 360 «1
407 305 493 360 illi
1361 316 1658 373 SELECTA
1694 319 1760 374 IN
1795 318 1908 374 PSA

2010 320 2125 377 [08.
2160 351 2229 362 -—
2259 322 2446 379 PSAL.
2486 326 2554 378 IV
3434 326 3566 379 “4‘2

356 425 419 478 οἰ
439 422 498 475 δέ
522 422 898 493 διδάσκοντες,
931 429 1085 484 αὐτοί
1107 434 1224 485 κατ’
1249 433 1426 488 εἰκόνα
1447 437 1539 490 καί
1562 437 1807 507 ὁμοίωσιν
1832 438 1908 491 τοὶ

2028 437 2322 511 εθοιεευ
2345 441 2538 495 Christi
2560 440 2753 508 jugum
2781 441 3005 496 Subiere.
3035 441 3204 495 Forte
3234 435 3411 502 etiam,
3434 442 3551 505 quia

356 513 531 578 Θεοῦ,
567 516 614 566 οἰ
653 516 1089 586 μαθητευθέντες
1125 522 1241 590 μὲν,
1275 523 1372 575 οὐκ
1415 525 1547 587 άξιοι
1574 527 1628 578 δέ
1651 527 1755 579 τῶν
1784 529 1908 581 διδα-

2023 530 2263 598 discipuli
2296 529 2385 582 ﬁlii
2416 538 2536 583 sunt
2561 530 2926 596 praeceptoris,
2955 540 3006 585 et
3028 536 3382 598 praeceptores
3419 529 3552 579 ima-

361 604 584 669 ξάντων
617 610 998 676 γεγενημένοι,
1028 609 1358 671 όνειδίζοιντο
1385 613 1448 665 ἂν
1485 615 1558 676 ὡς
1602 617 1705 668 υἱοὶ
1730 616 1908 687 ἀνθρώ

2023 619 2198 686 ginem
2228 628 2280 671 ct
2311 618 2717 672 similitudinem
2749 615 2839 669 Dei
2871 628 3074 683 gerunt,
3111 616 3310 670 idcirco
3339 615 3424 682 qui
3454 614 3548 672 do-

354 712 471 746 ’που
506 695 886 767 βαρυκάρδιοι,
912 701 1034 760 ταῖς
1061 699 1320 762 δοθείσαις
1350 703 1616 772 ἀφορμαῖς
1641 706 1717 767 είς
1747 705 1806 757 τὸ
1831 723 1908 757 κα·

2022 714 2212 758 centur
2239 707 2473 772 quidem,
2514 705 2603 759 sed
2641 704 3061 770 praeceptoribus
3102 702 3243 769 digni
3273 715 3370 752 non
3397 709 3542 762 sunt,

351 783 551 854 θαρὰν
596 786 845 853 γενέσθαι
887 789 986 858 τὴν
1020 790 1240 859 καρδίαν
1283 791 1340 842 ού
1390 794 1908 862 κατηκολουθηκὸτες

2024 794 2056 845 ii
2091 802 2338 860 tanquam
2377 795 2469 848 ﬁlii
2501 794 2772 849 hominum
2803 801 2855 846 et
2885 793 3030 860 gravi
3076 793 3237 844 corde
3271 790 3541 857 obiurgari

351 874 475 925 Καὶ
516 874 634 944 γὰρ
671 875 790 938 έθος
827 876 954 939 τοὺς
994 877 1421 947 διδασκομένους,
1456 881 1547 932 καὶ
1587 881 1658 950 μὴ
1694 898 1908 952 παρακο

2021 884 2405 951 possunt,quod
2436 883 2643 937 oblatas
2674 881 2771 934 sibi
2803 880 2866 932 ad
2898 894 2989 933 cor
3025 878 3414 932 emundaudum
3455 893 3544 931 oc-

2022 973 2264 1026 casiones
2295 971 2508 1025 minime
2551 971 2711 1024 secuti
2747 971 2870 1022 sint.
2901 969 3009 1023 Mos
3036 969 3176 1021 enim
3210 967 3445 1028 inolevit,
3483 976 3542 1018 ut

2021 1061 2108 1128 qui
2143 1060 2493 1127 instituuntur
2532 1062 2595 1111 'et
2635 1066 2897 1126 praecepta
2948 1059 3046 1109 sibi
3081 1057 3268 1108 tradita
3317 1069 3420 1107 non
3455 1069 3541 1108 se-

2021 1153 2270 1212 quuntur,
2297 1147 2365 1200 ob
2396 1147 2573 1199 cordis
2599 1145 2892 1199 crassitiem
2931 1159 2957 1195 a
2993 1145 3403 1211 praeceptoribus
3425 1157 3542 1208 gra-

2021 1235 2070 1286 vi
2123 1235 2281 1287 corde
2328 1235 2569 1300 discipuli
2625 1243 3013 1297 nuncupentur.
3055 1233 3253 1284 Idcirco
3301 1236 3543 1294 quaerunt

2020 1325 2177 1376 etiam
2218 1325 2572 1383 mendacium,
2604 1327 2795 1393 quippe
2832 1326 2922 1392 qui
2967 1339 3068 1375 non
3108 1323 3318 1373 videant
3347 1321 3541 1370 verita-

2020 1421 2146 1465 tem.
2183 1411 2334 1475 Quod
2382 1413 2424 1464 si
2473 1414 2796 1466 reconditiur
2837 1427 3023 1466 sensus
3069 1408 3414 1463 adducendus
3439 1417 3539 1470 est,

2018 1501 2266 1569 quoniam
2300 1503 2496 1556 veritas
2534 1512 2614 1556 est
2658 1504 2924 1566 Salvator,
2966 1503 3132 1568 liquet
3174 1499 3218 1552 ei
3263 1498 3535 1550 inimicum

2017 1602 2135 1654 esse
2156 1602 2452 1642 sermonem
2481 1590 2785 1644 mendacem
2812 1592 2896 1658 qui
2925 1589 3202 1642 veritatem
3227 1583 3533 1651 pollicetur.

2019 1693 2172 1745 quem
2214 1692 2352 1744 smpe
2409 1679 2638 1732 Joannes
2685 1681 2920 1732 nominat
2967 1677 3336 1729 antichristum
3383 1674 3445 1725 ‘9.
3481 1669 3538 1723 Si

348 959 702 1026 λουθοῦντας
727 966 836 1025 τοῖς
860 963 1197 1032 λεγομένοις,
1239 967 1622 1037 βαρυκαρδίους
1653 969 1921 1021 καλεῖσθαι

345 1049 469 1100 ὑπὸ
501 1051 626 1102 τῶν
656 1052 1006 1104 διδασκόντων
1047 1055 1132 1106 διὰ
1176 1056 1234 1106 τὸ
1261 1059 1400 1124 παχὺ
1432 1058 1528 1126 τῆς
1559 1057 1794 1127 καρδίας.
1829 1060 1922 1110 Διὰ

344 1137 529 1190 τοῦτο
560 1140 620 1190 δὲ
669 1141 763 1193 καὶ
805 1141 1021 1211 ζητοῦσι
1054 1143 1113 1194 τὸ
1152 1143 1340 1211 ψεῦδος
1376 1145 1448 1207 ὼς
1490 1145 1560 1214 μὴ
1611 1146 1834 1214 ὁρῶντες
1865 1148 1923 1198 τὸ

345 1228 594 1296 ἀληθές.
620 1229 684 1280 Εἰ
710 1229 767 1282 δὲ
792 1230 1104 1300 βαθύτερον,
1130 1232 1247 1283 ἐπεὶ
1267 1232 1488 1301 ἀλήθειά
1507 1235 1647 1284 ἐστιν
1667 1236 1694 1284 ό
1717 1234 1918 1302 Σωτὴρ,

342 1316 552 1382 δῆλον,
578 1318 664 1368 ὅτι
694 1319 887 1386 ἐχθρὸς
914 1319 976 1371 ἂν
1007 1320 1089 1386 εἴη
1114 1319 1284 1388 τούτῳ
1307 1321 1458 1386 λόγος
1483 1321 1675 1390 ψευδὴς
1704 1322 1765 1372 τὸ
1797 1323 1923 1391 ἀλη-

347 1405 448 1467 θὲς
491 1407 986 1477 ἐπαγγελλόμενος,
1019 1409 1078 1460 ὃν
1106 1409 1435 1478 ἀντίχριστον
1463 1411 1490 1460 ό
1526 1409 1766 1478 Ἰωάννης
1799 1411 1922 1461 πολ-

345 1495 524 1557 λὰκις
557 1497 745 1564 φησίν.
805 1498 927 1549 Ἐὰν
952 1498 1008 1549 δέ
1039 1497 1176 1550 κατὰ
1209 1499 1527 1567 περίφρασιν
1563 1489 1802 1569 λαμϐάνῃ
1840 1516 1921 1560 τις

347 1587 440 1646 τι),
485 1603 506 1634 ‹
535 1586 644 1636 υίοί
671 1585 986 1654 ἀνθρώπων,
1011 1603 1030 1636 ι
1070 1587 1185 1638 ἀντὶ
1207 1585 1319 1647 τοῦ,
1360 1605 1376 1635 ι
1403 1586 1688 1655 ἄνθρωποι,
1714 1607 1732 1638 ι
1761 1587 1818 1638 τὸ
1847 1589 1920 1649 ὡς

345 1671 452 1722 ἐπὶ
487 1673 552 1722 τὸ
595 1672 845 1724 πλεῖστον
871 1675 926 1724 ἐν
957 1673 1254 1743 ἀνθρώποις
1279 1673 1336 1725 ὃν
1367 1673 1426 1724 τὸ
1453 1673 1800 1742 βαρυκάρδιον
1835 1677 1918 1728 al-

344 1766 578 1833 τιᾶται,
605 1765 694 1816 ἵνα
721 1766 780 1816 τὸ
806 1765 974 1827 οὕτως
1007 1766 1140 1817 εἴπω
1185 1765 1480 1835 βαρυήκοον
1517 1765 1675 1818 αὐτοῦ
1708 1765 1908 1819 ἀποϐα-

2015 1779 2138 1818 vero
2177 1767 2296 1833 quis
2341 1782 2403 1819 ex
2453 1768 2746 1835 periphrasi
2785 1767 2979 1821 dictum
3019 1778 3136 1818 esse
3179 1763 3330 1824 velit,
3371 1777 3388 1809 ι
3443 1758 3537 1810 lilii

344 1850 550 1913 λόντες
592 1853 1071 1904 κατασκευάσωσιν
1115 1851 1404 1919 ἀγχίνοιαν,
1436 1852 1527 1902 καὶ
1554 1850 1908 1921 ἴνατὴν...τοῦ

2016 1854 2307 1919 hominum,
2331 1874 2348 1905 ι
2387 1871 2482 1922 pro
2515 1877 2533 1906 ‹
2562 1857 2824 1918 homines,
2852 1874 2868 1905 ι
2905 1856 2955 1908 id
2987 1854 3124 1922 quod
3157 1849 3535 1920 plerumqueiu

343 1939 552 2008 ζητεῖν
580 1939 684 2008 τὴν
720 1939 944 2008 δύναμιν
977 1941 1033 1990 ἐν
1056 1942 1120 2008 τῇ
1148 1939 1290 2009 ψυχῇ
1325 1941 1716 2008 ἀποστήσαντες
1753 1932 1824 1990 ὧν
1852 1940 1908 1989 οὐ

2014 1942 2319 1998 hominibus
2347 1952 2426 1998 est
2455 1959 2550 1998 cor
2574 1959 2734 2013 grave
2763 1944 3193 2012 reprehenditur,
3221 1950 3280 1994 ut
3308 1940 3535 2006 abiecta.

340 2032 486 2099 χρὴ,
512 2030 680 2081 ama
707 2029 872 2098 ψευδῆ
908 2031 1079 2082 πάντα
1106 2031 1276 2090 ἐστὶν,
1303 2031 1384 2098 ἐφ’
1416 2031 1451 2082 ἃ
1491 2030 1570 2081 δεῖ
1599 2028 1908 2100 μεταγάγω-

2014 2030 2092 2083 sic
2117 2031 2310 2096 dicam,
2346 2032 2457 2098 eius
2497 2033 2754 2087 surditate
2789 2031 3196 2098 intelligentiam
3247 2041 3533 2095 assequano

341 2139 403 2176 σι
429 2161 446 2184 ,
493 2120 596 2171 καὶ
629 2119 902 2189 ζητήσωσι
927 2120 1022 2188 τὴν
1053 2119 1321 2188 ἀλήθειαν.

2017 2127 2126 2183 tur,
2153 2129 2205 2174 et
2258 2137 2405 2175 suam
2451 2123 2720 2177 solertiam
2757 2136 2848 2176 seu
2881 2121 3150 2189 quaerendi
3181 2121 3287 2173 vim
3319 2133 3347 2170 a
3379 2119 3539 2170 rebus

339 2209 594 2261 minime
643 2209 967 2263 necessariis
1007 2222 1228 2276 quaeque
1275 2222 1459 2262 omnes
1509 2207 1724 2263 fallaces
1756 2216 1902 2270 sunt,
1939 2216 2257 2275 avertentes,
2308 2211 2372 2264 ad
2405 2225 2467 2265 ea
2502 2225 2618 2279 qua:
2651 2211 2952 2265 necessaria
2994 2219 3116 2264 sunt
3166 2207 3452 2262 adhibeant
3484 2216 3538 2262 et

335 2299 651 2351 veritatem
695 2299 984 2365 inquirant.

419 2389 651 2454 Κύριος
675 2389 1094 2441 εἰσακούσεται
1125 2406 1241 2456 μου
1271 2389 1339 2442 ἐν
1364 2388 1448 2453 ’τῷ
1476 2392 1814 2460 κεκραγέναι
1832 2408 1905 2460 με

335 2477 510 2543 πρὸς
540 2476 752 2540 αὐτὸν,
781 2494 834 2527 κ.
865 2494 914 2528 τ.
949 2478 994 2530 ὲ.
1024 2477 1243 2544 Μεγάλη
1272 2477 1418 2545 φωνὴ
1441 2477 1546 2546 (94)
1575 2480 1606 2546 ἡ
1640 2477 1906 2544 φθάνουσα

333 2564 496 2632 πρὸς
523 2564 682 2626 Θεὸν,
707 2565 805 2632 οὐχ
829 2565 862 2632 ἢ
890 2564 1033 2632 παρὰ
1058 2567 1166 2626 τοῖς
1190 2564 1488 2634 ἀνθρώποις
1513 2565 1626 2616 ἐστὶ
1646 2567 1908 2631 γεγωνυῖα

331 2654 454 2705 καὶ
511 2654 883 2723 ἐπιτεταμένη
941 2654 1080 2706 κατά
1127 2651 1222 2720 τὴν
1289 2653 1505 2720 μείζονα
1561 2653 1768 2722 πληγὴν
1815 2653 1907 2704 τοῦ

2010 2655 2102 2721 iori
2148 2655 2284 2708 aeris
2324 2654 2472 2719 Pulsu
2521 2653 2960 2723 intenditur,ised
2991 2661 3071 2704 est
3110 2663 3272 2717 purus
3295 2657 3348 2702 et
3377 2663 3530 2702 mun-

330 2741 542 2810 ἀέρος,
588 2741 706 2793 ἀλλ’
743 2722 889 2810 ⁴ἢτοῦ
923 2739 1240 2810 ἡγεμονικοῦ
1272 2740 1482 2808 καθαρὰ
1516 2741 1609 2792 καὶ
1651 2741 1908 2803 ἀθόλωτος

2010 2745 2104 2796 dus
2133 2747 2457 2796 internorum
2490 2742 2683 2796 mentis
2711 2722 2991 2794 verborum
3024 2753 3303 2799 excursus,
3326 2752 3441 2804 quae
3464 2737 3530 2788 ad

328 2827 589 2892 διέξοδος
610 2829 722 2880 τῶν
741 2830 875 2898 πρὸς
901 2829 1027 2881 Θεὸν
1046 2829 1500 2896 ἁναπεμπομένων
1517 2828 1700 2894 λόγων.
1719 2829 1906 2882 ’ἰστέον

2010 2835 2168 2886 Deum
2221 2847 2386 2899 usque
2424 2833 2746 2900 pertingunt.
2793 2830 3076 2882 Sciendum
3124 2830 3260 2880 enim
3305 2834 3385 2880 est
3413 2838 3531 2878 esse

327 2934 366 2982 γ
385 2916 488 2985 ἀρ,
530 2918 616 2968 ὅτι
661 2917 776 2969 ἐστι
807 2934 890 2980 τις
920 2918 1010 2971 καί
1038 2917 1129 2969 τοῦ
1165 2915 1401 2986 κρυπτοῦ
1431 2916 1524 2984 τῆς
1563 2916 1782 2985 καρδίας
1814 2918 1905 2968 ἀν-

2010 2920 2282 2986 quamdam
2310 2921 2361 2972 ln
2386 2918 2584 2972 inlimis
2607 2917 2913 2985 prmcordiis
2931 2917 3157 2969 hominis
3185 2929 3386 2978 vocem,
3415 2927 3532 2979 qua:

329 3005 582 3075 θ-ρώπου
628 3006 781 3075 φωνὴ
827 3007 902 3076 μὴ
945 3006 1295 3075 συγχρωμένη
1328 3004 1402 3073 τῷ
1431 3004 1656 3074 σώματι,
1689 3007 1754 3074 ἢν
1794 3005 1902 3058 ἐσθ’

2010 3007 2246 3072 corporis
2282 3021 2479 3074 organo
2517 3021 2619 3060 non
2665 3006 2951 3073 profertur,
2983 3004 3072 3058 sed
3106 3018 3260 3070 quam
3288 3003 3447 3054 homo
3474 3002 3527 3053 in

327 3097 442 3148 ὅτε
470 3097 552 3157 εἰς
577 3095 742 3148 αὑτὸν
766 3095 1061 3162 συναχθεὶς,
1088 3095 1178 3147 καὶ
1210 3093 1454 3146 εἰσελθὼν
1479 3097 1555 3156 εἰς
1577 3095 1637 3156 τὸ
1666 3094 1903 3162 ταμιεῖόν

2010 3109 2066 3148 se
2091 3094 2342 3150 collectus
2367 3103 2420 3149 et
2451 3097 2500 3148 in
2531 3095 2833 3149 cubiculum
2883 3095 3174 3162 ingressus,
3202 3090 3526 3157 occlusaque

337 3200 470 3245 σίου,
523 3183 621 3236 καὶ
665 3183 765 3252 τὴν
806 3183 973 3253 θύραν
1014 3184 1118 3234 τῶν
1161 3183 1517 3252 αἰσθητηρίων
1561 3183 1899 3246 ἀποκλείσας,

2010 3198 2253 3238 sensuum
2285 3195 2458 3252 porta,
2488 3192 2732 3252 totusque
2761 3195 2911 3237 extra
2935 3199 3129 3250 corpus
3154 3183 3356 3251 positus
3371 3178 3523 3232 emit-

337 3273 440 3325 καὶ
473 3274 586 3334 πᾶς
620 3273 907 3342 γενόμενος
939 3274 1039 3338 ἔξω
1069 3274 1309 3342 σώματος
1339 3273 1641 3342 ἀναπέμπει
1662 3273 1792 3342 πρὸς
1815 3272 1901 3324 τὸν

2010 3275 2070 3327 tit
2102 3276 2166 3328 ad
2190 3289 2308 3327 eum
2339 3273 2426 3341 qui
2458 3273 2600 3326 solus
2623 3273 2876 3339 ejusmodi
2907 3288 3086 3325 vorem
3117 3271 3299 3323 audire
3333 3275 3526 3336 potest.

338 3362 516 3430 μόνον
550 3361 819 3416 ἀκούοντα
866 3364 1116 3432 τοιαύτης
1149 3364 1344 3433 φωνῆς.
1377 3362 1474 3414 Διά
1505 3362 1658 3413 τοῦτό
1696 3378 1774 3413 τοι
1803 3378 1902 3430 μη-

2010 3362 2359 3426 Quamobrem
2410 3361 2507 3415 etsi
2551 3377 2654 3416 non
2688 3362 2922 3428 legamus
2954 3360 3112 3412 ullam
3147 3359 3362 3426 Moysen
3408 3369 3528 3408 sen-

335 3449 547 3517 δεμιᾶς
591 3450 858 3519 αἰσθητῆς
900 3451 1081 3518 φωνῆς
1125 3451 1228 3502 ὑπὸ
1272 3450 1361 3502 τοῦ
1408 3449 1678 3511 Μωῦσέως
1712 3449 1902 3514 ἀναγε-

2010 3452 2152 3504 silem
2203 3465 2381 3504 vocem
2427 3452 2686 3516 emisisse,
2717 3451 2763 3503 ei
2809 3459 2978 3501 tamen
3031 3447 3225 3500 dicitur
3253 3461 3280 3498 a
3325 3446 3430 3498 Deo
3472 3444 3524 3495 in

333 3537 683 3607 γραμμένης
720 3539 997 3605 γεγονέναι
1035 3540 1164 3608 φησί
1198 3540 1328 3610 πρὸς
1369 3539 1546 3602 αὐτὸν,
1573 3537 1646 3598 ὡς
1669 3537 1773 3588 ἀπὸ
1805 3536 1900 3604 τῆς

2010 3539 2254 3592 Exodo"
2279 3557 2291 3590 :
2314 3557 2331 3588 ι
2357 3539 2490 3603 Quid
2523 3539 2720 3592 clamas
2746 3537 2811 3588 ad
2845 3535 2962 3588 me?
2985 3554 3002 3585 ι
3038 3535 3208 3588 Exilis
3229 3533 3400 3586 omnis
3422 3546 3525 3584 vox

347 3625 608 3687 Ἐξόδου
644 3625 1069 3696 μεμαθήκαμενζ⁸
1099 3646 1117 3677 ι
1148 3628 1211 3678 Τί
1252 3628 1376 3696 βοᾷς
1415 3626 1548 3696 πρός
1580 3642 1680 3695 με;
1718 3643 1736 3675 ι
1764 3625 1900 3694 Βρα-

2010 3639 2084 3681 est
2128 3643 2243 3695 quae
2287 3627 2350 3680 de
2391 3626 2616 3680 terrenis
2659 3635 2715 3679 et
2764 3624 2919 3678 ﬂuxis
2943 3624 3103 3678 rebus
3133 3621 3435 3675 obtinendis
3459 3619 3523 3672 ad

343 3720 477 3785 χεῖα
505 3717 567 3768 δὲ
594 3719 747 3780 πᾶσα
771 3717 918 3786 φωνὴ
943 3719 974 3786 ή
1002 3718 1126 3786 περί
1146 3717 1251 3769 τῶν
1273 3717 1522 3782 ἐπιγείων
1548 3715 1639 3768 καὶ
1670 3713 1895 3783 μικρῶν,

2010 3714 2164 3766 Deum
2201 3714 2479 3769 emittitur.
2514 3713 2660 3767 Hanc
2699 3712 2939 3765 Salvator
2983 3713 3047 3763 ad
3100 3711 3308 3764 Patrem
3343 3707 3520 3776 profe-

332 3808 437 3857 καὶ
477 3805 757 3857 ταπεινῶν
804 3805 1047 3869 διέξοδος,
1098 3805 1190 3858 καὶ
1234 3804 1442 3874 αἴτησις
1487 3803 1591 3855 ἀπὸ
1630 3802 1789 3854 Θεοῦο
1830 3803 1897 3871 ἢν

2010 3803 2216 3855 rendam
2248 3809 2425 3869 negat,
2455 3817 2572 3856 cum
2597 3802 2672 3855 ait
2702 3801 2833 3872 (94‘)
2859 3816 2872 3853 :
2909 3817 2927 3849 ι
2955 3800 3186 3865 Qumrite
3217 3811 3428 3864 magna,
3465 3805 3520 3847 et

333 3892 714 3962 ἀπαγορεύων
748 3895 776 3944 ό
814 3892 998 3963 Σωτὴρ
1029 3893 1348 3962 προσφέρειν
1392 3890 1467 3960 τῷ
1503 3891 1671 3960 Πατρί
1715 3906 1892 3959 φησιν’

2010 3903 2159 3956 parva
2191 3889 2339 3942 vobis
2373 3888 2687 3955 adjicientur
2714 3890 2973 3957 :quaerite
3025 3886 3279 3948 cmicstia,
3317 3893 3368 3937 et
3409 3893 3520 3937 ιον-υ

339 4001 361 4032 ι
403 3984 630 4033 Αἰτεῖτε
660 3979 728 4032 τὰ
764 3981 986 4049 μεγάλα,
1026 3983 1116 4034 καὶ
1143 3981 1209 4034 τά
1245 3979 1412 4049 μικρὰ
1445 3981 1567 4048 ὑμῖν
1603 3979 1895 4048 προστεθή-

2010 3994 2122 4032 rena
2158 3978 2470 4042 adjicientur
2503 3978 2668 4032 vobis.
2716 3997 2732 4028 ι

2083 2384 2244 2438 Vens.
2275 2383 2326 2435 4.
2361 2383 2609 2436 Dominus
2644 2383 2882 2436 exaudiet
2914 2397 2992 2435 me
3021 2399 3133 2434 cum
3159 2384 3440 2433 clamavero
3468 2381 3534 2432 ad

2009 2491 2145 2536 cum,
2169 2485 2273 2528 etc.
2311 2473 2495 2540 Magna
2526 2486 2624 2526 vox
2653 2487 2771 2539 quae
2817 2473 3060 2540 pervenit
3106 2472 3171 2523 ad
3203 2471 3398 2555 Deum;
3427 2482 3531 2520 non

2009 2577 2088 2621 cst
2119 2567 2205 2619 illa
2243 2580 2359 2633 quas
2392 2565 2528 2618 inter
2565 2564 2809 2618 homines
2833 2563 3073 2628 multum
3109 2569 3283 2625 sonat,
3323 2568 3377 2614 et
3419 2574 3531 2611 ma-

337 4083 530 4124 σεταιο
557 4071 763 4121 αἰτεῖτε
786 4068 854 4120 τὰ
888 4070 1197 4137 ἐπουράνια,
1227 4069 1320 4122 καὶ
1349 4067 1417 4120 τὰ
1444 4068 1653 4135 ἐπίγεια
1674 4083 1895 4140 προστει-

336 4159 574 4229 θήσεται
601 4159 753 4225 ὑμῖν.
797 4175 816 4208 ι
882 4187 897 4199 ο

426 4237 786 4311 Ὀρτίζὲσθε,
812 4244 904 4296 καὶ
923 4244 1007 4311 μὴ
1030 4244 1402 4312 ἁμαρτάνετε,
1431 4262 1484 4296 κ.
1510 4261 1558 4297 τ.
1587 4246 1632 4295 ἐ.
1667 4243 1779 4310 Ἥ,‹
1807 4245 1896 4312 ὀρ·

2067 4261 2225 4313 Vens.
2243 4262 2291 4313 5.
2314 4261 2626 4323 Irascimini,
2652 4273 2695 4315 et
2721 4264 2875 4316 nolite
2890 4279 3118 4325 peccare,
3137 4271 3239 4316 elc.
3254 4262 3359 4315 Vox
3380 4263 3514 4327 hmc,

336 4334 587 4403 γίζεσθε,
633 4351 650 4382 ι
684 4333 832 4401 φωνὴ
867 4333 976 4401 (95)
1008 4334 1253 4403 σημαίνει
1295 4335 1354 4384 τὸ
1382 4332 1761 4403 προστακτικὸν
1793 4348 1891 4384 κα-

2010 4351 2365 4412 ιῑιειδοίιηῑπιί,ι
2387 4353 2622 4418 designat
2640 4353 3005 4420 imperativum
3027 4353 3260 4413 modum,
3280 4352 3517 4419 designat

332 4425 674 4494 τηγόρημα⁹
727 4423 975 4492 σημαίνει
999 4421 1054 4473 δὲ
1083 4422 1258 4475 καὶτὸ
1294 4423 1559 4492 ὁριστικὸν
1593 4421 1693 4473 ὑπό
1736 4437 1891 4472 τινων

2010 4440 2147 4490 :tiam
2174 4438 2527 4502 definitivum,
2555 4442 2641 4506 qui
2671 4455 2697 4490 a
2724 4440 3032 4507 quibusdam
3062 4454 3267 4506 quoque
3300 4449 3516 4492 vocatur

334 4515 686 4583 καλούμενον
716 4511 1170 4574 διαϐεϐαιωτικὸν,
1211 4506 1346 4564 οἷον·
1374 4509 1713 4580 ὀργιζόμεθα,
1740 4508 1889 4578 ὀργί-

2010 4521 2349 4581 illirmativus.
2381 4531 2438 4576 ut
2475 4538 2594 4576 cum
2626 4525 2849 4579 dicimus
2876 4544 2888 4576 :
2923 4525 3222 4589 irascimur,
3252 4526 3512 4578 irascimi-

335 4604 527 4668 ζεσθε,
565 4603 895 4674 ὀργίζονται.
934 4603 1097 4654 Πάλιν
1127 4601 1263 4653 κατὰ
1292 4600 1444 4652 ἄλλον
1474 4600 1664 4668 τρόπον
1690 4601 1722 4667 ἡ
1755 4599 1888 4668 ὀργὴ

2010 4610 2065 4673 ii,
2091 4611 2408 4664 irascuntur.
2431 4611 2633 4666 Rursus
2651 4613 2756 4666 alio
2775 4617 2928 4668 modo
2949 4614 3041 4667 ira:
3064 4615 3345 4682 appellatio
3363 4630 3389 4665 a
3411 4629 3512 4681 qua

334 4692 710 4764 προσηγορία,
749 4692 840 4758 ἀφ’
871 4686 936 4762 ἦς
965 4692 1348 4762 ἐσχημάτισται
1372 4691 1451 4751 τὸ,
1487 4707 1504 4739 t
1537 4688 1830 4758 ὀργίζεσθε,
1861 4706 1879 4738 ι

2010 4699 2269 4752 leduclum
2303 4709 2387 4754 est
2429 4702 2575 4768 illud,
2609 4703 2951 4765 «irascimini,
2983 4723 3000 4756 ι
3033 4705 3298 4771 signiﬁcat
3328 4706 3513 4757 volun-

335 4782 604 4852 σημαίνει
640 4797 692 4831 τι
727 4781 1118 4848 προαιρετικὸν,
1163 4778 1227 4848 ἢν
1253 4775 1511 4846 ὠρίσαντό
1549 4793 1686 4837 τινες
1716 4775 1887 4845 ὄρεξιν

2012 4787 2177 4839 arium
2202 4787 2492 4855 quidpiam,
2517 4793 2655 4856 quod
2681 4793 2916 4845 nonnulli
2947 4793 3392 4856 definierunt,eos
3421 4792 3508 4858 qui

332 4863 880 4936 ἀντιτιμωρήσασθαι
927 4868 1048 4926 τοὺς
1071 4864 1376 4934 ἠδικηκέναι
1406 4863 1703 4924 δοκοῦντας.
1734 4863 1888 4932 Δηλοῐ

2010 4874 2139 4943 561
2178 4875 2375 4930 laesisse
2404 4879 2667 4943 videntur,
2697 4880 2980 4934 ulciscendi
3013 4881 3388 4948 appetentiam.
3425 4879 3500 4931 Si.

333 4955 391 5008 δὲ
429 4957 524 5008 καὶ
566 4954 942 5024 ἀπροαίρετον,
976 4955 1004 5005 ὃ
1033 4953 1246 5005 καλοῦσί
1279 4969 1418 5013 τινες
1443 4952 1772 5021 προπάθειαν
1802 4969 1884 5018 γι-

343 5045 596 5114 νομένην,
655 5043 746 5094 ἐπί
792 5060 898 5094 τισι
947 5042 1001 5093 δὲ
1050 5042 1344 5110 ἐρεθισμοῖς
1393 5041 1643 5094 ἕλκουσαν
1695 5045 1775 5110 ἐφ’
1821 5045 1883 5111 ἣν

335 5131 769 5209 προωρισάμεθα
799 5131 985 5199 ὀργήν.
1016 5129 1086 5178 Τὸ
1115 5129 1294 5198 ἕτερον
1335 5128 1507 5180 τοίνυν
1547 5133 1632 5192 τὸ,
1677 5148 1696 5180 ι
1740 5131 1885 5198 όργί-

341 5214 524 5279 ζεσθε,
560 5235 578 5265 ι
610 5216 705 5268 ἐὰν
725 5216 788 5266 λα
797 5215 1102 5284 μϐάνωμεν,
1133 5213 1272 5278 λέγω
1294 5214 1348 5265 δέ
1374 5215 1433 5265 τὸ
1457 5215 1803 5285 ἀπροαίρετον
1825 5219 1884 5269 τὸ

411 5325 455 5354 ³³
490 5324 507 5376 Ι
540 5324 693 5379 Joan.
719 5339 779 5377 tt.
856 5323 901 5354 ²⁰
923 5321 1090 5374 Exod.
1114 5339 1219 5386 xw,
1255 5325 1338 5378 15.

1989 4961 2203 5028 gnificat
2228 4964 2388 5017 etiam
2417 4964 2853 5032 involuntarium,
2887 4969 3025 5036 quod
3054 4982 3082 5017 a
3112 4967 3381 5019 nonnullis
3412 4981 3506 5017 vo-

1988 5059 2140 5102 catur
2163 5052 2328 5119 prima
2358 5055 2640 5107 commotio
2660 5094 2673 5115 ,
2706 5071 2821 5122 qua:
2849 5057 3011 5109 certis
3041 5053 3354 5119 quibusdam
3387 5054 3508 5103 irri—

1991 5137 2275 5191 tationibus
2309 5140 2472 5193 trahit
2521 5142 2585 5192 ad
2630 5154 2743 5193 eam
2781 5156 2938 5206 quam
2985 5138 3132 5205 prius
3178 5136 3514 5187 defiuivimus

1988 5221 2139 5275 iram.
2173 5223 2320 5290 Quod
2350 5228 2394 5279 si
2425 5227 2475 5280 in
2505 5227 2647 5280 hunc
2679 5228 3029 5294 posteriorem
3062 5234 3282 5272 sensum
3315 5220 3517 5285 accipio

409 5418 521 5492 (94)
552 5413 1031 5492 Δίεγςὰλῃηξῳῖῄ,
1065 5424 1163 5492 σιξ.
1203 5417 1422 5492 Schedae
1464 5419 1763 5492 Combefisii
1787 5461 1800 5484 ,
1835 5432 1885 5477 et
1923 5424 2129 5492 Grabii,
2162 5424 2326 5480 codex
2355 5421 2730 5483 Coisliuianus,
2767 5418 2954 5472 Daniel
2982 5417 3302 5468 Barbarus.

407 5481 542 5552 (94³)
582 5481 712 5538 Vide
741 5481 1060 5552 M-illiiuNov.
1098 5481 1327 5552 Tcstam.
1363 5486 1546 5539 Matth.
1583 5503 1657 5546 vr,
1687 5489 1775 5543 25.

401 5539 537 5631 (θὸγ
562 5555 638 5620 Ἠ,
681 5571 699 5601 ί
744 5547 1073 5617 ὀργιζεσθε,
1116 5567 1132 5596 ι
1165 5550 1346 5616 φωνή,
1389 5563 1491 5608 etc.
1535 5539 1703 5612 Codd.
1729 5539 1908 5613 Barea

2010 5567 2123 5628 .ioe,
2156 5563 2363 5617 schedac
2390 5549 2716 5612 Combefisii,
2744 5557 2797 5599 et
2824 5547 3017 5603 Daniel
3051 5539 3388 5592 Barbarus,
