3958 6238
454 282 588 339 “33

1792 286 1883 339 EX
1922 281 2225 340 ORIGENE

3556 264 3670 316 11ίο

452 396 675 449 cadetis.
700 413 721 446 ι
751 394 815 448 Ει
863 393 1046 450 illud“
1072 414 1087 449 :
1120 413 1141 445 ι
1164 395 1293 450 Cum
1321 398 1466 452 enim
1492 398 1560 452 sit
1591 398 1727 453 inter
1758 413 1851 453 vos
1895 412 1978 451 ze-

2081 393 2351 465 ἁρχόντων
2378 391 2602 444 πίπτετε
2622 404 2635 419 ·
2672 407 2693 439 ι
2738 387 2877 451 καί,
2903 402 2923 432 ι
2958 384 3144 434 ’Ὅπου
3167 377 3280 448 γὰρ
3312 377 3367 428 ὲν
3398 376 3521 444 ὑμῖν
3541 375 3677 444 ζῆλος

455 485 561 547 lus,
592 494 645 538 et
679 484 975 549 contentio,
1017 499 1191 537 nonne
1234 485 1479 541 carnales
1529 487 1680 552 estis,
1707 496 1760 540 et
1788 501 1982 540 secun-

451 568 578 626 dum
611 575 878 629 hominem
907 574 1221 628 ambulatis?
1243 594 1261 625 ι
1291 575 1608 630 Posterioris
1636 590 1794 629 vero:
1823 575 1985 644 559

456 679 474 710 ι
504 661 757 715 Homines
783 671 832 715 et
862 676 1048 729 pecora
1070 662 1318 720 salvabis.
1345 664 1567 717 Domine
1593 665 1685 716 η.»
1716 666 1978 719 Caeterum

451 747 613 801 lilium
666 749 916 811 hominis,
963 749 1237 802 deﬁnitam
1294 752 1344 803 in
1400 752 1669 820 Scriptura
1702 769 1980 820 personam

453 853 570 901 quae
590 849 806 890 vocatur
841 837 979 890 Deus
1010 836 1292 907 (quatenus
1317 842 1471 894 modo
1498 843 1754 895 memoria
1782 843 1979 912 teneo),

454 920 722 977 Danielem
752 925 978 992 primum
1000 933 1053 977 et
1082 935 1262 992 postea
1289 926 1620 982 Ezechielent
1645 930 1979 999 prophetam,

451 1029 571 1065 cum
618 1023 797 1067 essent
831 1014 883 1067 in
927 1016 1259 1084 captivitate,
1290 1028 1623 1086 nuncupatos
1654 1020 1976 1085 invenimus,

449 1102 711 1155 neminem
746 1118 871 1155 vero
912 1113 1033 1157 ante
1063 1105 1421 1170 captivitatem
1461 1106 1743 1175 (quatenus
1773 1124 1980 1163 memo-

449 1188 543 1243 riae
577 1190 923 1257 prodiderunt
950 1191 1068 1245 libri
1102 1191 1189 1258 qui
1213 1192 1329 1246 sine
1359 1196 1729 1248 controversia
1756 1205 1812 1248 ut
1843 1197 1980 1249 divi-

447 1279 592 1332 nitus
644 1278 887 1347 inspirati
949 1279 1417 1349 circumferuntur)
1493 1284 1592 1336 hac
1632 1284 1983 1351 appellatione

447 1375 830 1431 nuncupatum.
869 1366 933 1418 Et
964 1367 1087 1434 quid
1111 1380 1241 1433 opus
1267 1375 1346 1420 est
1377 1369 1557 1423 dicere
1586 1371 1650 1424 de
1676 1371 1979 1436 Salvatore,

447 1470 567 1508 cum
598 1455 880 1524 Evangelia
919 1455 1176 1522 ejusmodi
1201 1472 1333 1514 voce
1365 1456 1519 1526 plena
1546 1457 1691 1513 sint?
1715 1460 1979 1525 Quoniam

447 1543 534 1607 qui
574 1549 730 1596 erant
762 1544 813 1597 in
854 1542 1181 1613 captivitate,
1220 1558 1529 1615 peceatores
1573 1557 1744 1614 erant,
1792 1551 1981 1605 existi-

449 1646 655 1685 mamus
689 1632 959 1688 Danielem
985 1637 1177 1700 solum,
1205 1637 1346 1704 quod
1391 1646 1627 1691 servaret
1664 1637 1978 1704 dignitatem

448 1714 678 1775 bumiuis
694 1720 782 1788 qui
808 1723 874 1776 ad
907 1722 1186 1790 imaginem
1221 1732 1273 1777 et
1302 1724 1701 1780 similitudinem
1732 1727 1821 1782 Dei
1855 1743 1981 1783 con-
2012 1699 2055 1752 Β

345 1805 351 1812 ’
448 1811 592 1863 ditus
643 1819 758 1875 est,
812 1811 878 1864 ad
931 1825 1117 1864 eorum
1184 1813 1524 1880 opprobrium
1575 1817 1756 1869 audire
1802 1818 1978 1871 istud:

452 1913 472 1948 ι
495 1896 593 1950 Fili
620 1897 871 1952 hominis.
900 1917 917 1949 ι
953 1897 1068 1952 Hoc
1098 1900 1265 1967 ipsum
1296 1902 1360 1954 de
1396 1901 1668 1956 Ezechiele
1700 1905 1980 1959 dicendum

447 1996 548 2039 est.
581 1985 750 2040 Homo
779 1988 918 2042 enim
943 1988 1033 2057 qui
1068 1989 1131 2041 ad
1181 1989 1464 2058 imaginem
1491 2001 1545 2043 et
1583 1993 1982 2048 similitudinem

448 2071 539 2129 Dei
570 2074 742 2129 factus
776 2085 876 2139 est,
915 2080 1116 2145 primus
1169 2078 1266 2131 hac
1300 2080 1656 2147 appellatione
1683 2085 1983 2140 nominatus

448 2167 553 2219 cst,
582 2169 636 2211 et
658 2158 746 2213 hic
779 2164 991 2228 proprie
1033 2163 1191 2217 homo
1225 2178 1344 2218 esse
1369 2168 1581 2233 poterit.
1618 2167 1672 2221 In
1710 2169 1985 2226 Salvatore

445 2258 660 2314 quoque
725 2248 1165 2303 considerandum
1213 2260 1328 2315 est,
1380 2266 1448 2321 an
1514 2254 1819 2311 humanitas
1872 2260 1985 2326 ejus

449 2333 617 2391 Filius
643 2335 875 2391 hominis
900 2338 1125 2404 dicatur,
1161 2350 1211 2393 et
1239 2350 1443 2408 patrem
1476 2342 1740 2399 hominem
1793 2348 1986 2403 habeat

448 2425 760 2480 humanitas
781 2427 1027 2497 imaginis
1058 2429 1147 2483 Dei
1176 2430 1479 2487 invisibilis.
1510 2433 1660 2499 Quod
1688 2447 1862 2490 autem
1903 2439 1984 2492 di-

448 2527 589 2568 ctum
620 2526 704 2571 cst
727 2517 773 2550 ⁸⁸
802 2533 816 2569 :
853 2536 870 2567 ι
897 2518 1101 2587 Quique
1130 2521 1406 2588 terrigena:
1435 2532 1486 2576 et
1514 2523 1607 2577 ﬁlii
1640 2524 1940 2591 hominum,
1961 2548 1979 2579 ι

446 2604 819 2660 excellentiam
847 2605 1084 2661 ostendit
1129 2607 1355 2661 ﬁliorum
1388 2609 1658 2665 hominum
1692 2629 1800 2681 prae
1830 2618 1987 2669 terri-

447 2693 617 2760 genis.
643 2693 747 2747 Sed
768 2694 907 2761 quod
930 2695 993 2746 ad
1029 2694 1260 2749 litteram
1286 2698 1500 2759 attinet,
1530 2700 1782 2765 quoniam
1814 2705 1985 2757 corri-

447 2782 667 2850 piuntur
699 2782 783 2836 hic
824 2782 897 2835 illi
943 2784 1135 2850 quibus
1186 2784 1383 2838 dicitur
1409 2801 1420 2835 :
1450 2804 1467 2834 ι
1501 2786 1787 2856 Usquequo
1837 2796 1982 2861 gravi

446 2870 632 2935 corde,
661 2888 679 2918 ι
713 2879 841 2934 etc.,
875 2885 978 2924 non
1015 2873 1149 2925 bene
1189 2872 1505 2928 videbuntur
1543 2875 1659 2930 haec.
1702 2892 1820 2945 qum
1849 2879 1987 2933 invi-

2084 486 2178 539 καί
2220 484 2355 555 ἔρις,
2394 481 2515 550 οὐχὶ
2561 474 2829 547 σαρκικοί
2886 475 3043 534 ἐστε,
3094 469 3194 522 καὶ
3231 465 3375 555 κατά
3414 465 3677 555 ἀνθρωπον

2082 551 2470 644 περιπατεῖτε;
2510 588 2527 620 ι
2562 566 2655 618 τοῦ
2709 565 2773 617 δὲ
2822 559 3103 628 δευτέρου
3125 574 3139 586 ·
3186 573 3205 605 ι
3231 551 3573 644 Ἀνθρωπους
3597 554 3680 644 καὶ

2082 642 2250 733 κτήνη
2294 660 2508 721 σώσεις,
2552 656 2755 724 Κύριε.
2816 671 2835 702 ι
2885 643 3446 744 Πρῶτον-γὰρ-υἱον
3494 642 3679 744 ἀνθρώ.

2084 768 2215 815 που,
2270 749 2558 819 πρόσωπον
2605 741 2931 812 ὡρισμένον
3004 740 3067 788 ὲν
3130 735 3333 805 Γραφῇ
3381 733 3685 801 ὀνομαζόμε-

2083 859 2170 894 νον
2212 836 2368 901 Θεὸν,
2413 834 2505 889 ent
2542 835 2611 904 τῇ
2665 834 2936 903 παρούσῃ
2981 829 3185 899 μνήμῃ
3229 824 3327 877 τὸν
3375 823 3565 893 Δανιὴλ
3614 825 3687 875 εὑ-

2086 932 2344 1002 ρίσκομεν
2384 928 2479 981 καὶ
2519 926 2657 996 μετά
2700 922 2904 976 τοῦτον
2948 920 3048 971 τὸν
3119 914 3395 985 Ἰεζεκιὴλ
3432 914 3688 985 προφήτας

2084 1024 2142 1074 ὲν
2189 1023 2255 1089 τῇ
2304 1016 2656 1088 αἰχμαλωσίᾳ
2699 1012 3052 1083 γενομένους
3077 1025 3092 1037 ·
3141 1006 3347 1059 οὐδένα
3386 1005 3444 1057 δὲ
3482 1005 3582 1074 πρὸ
3607 1005 3690 1072 τῆς

2083 1109 2482 1180 αἰχμαλωσίας,
2518 1108 2644 1159 ὅσον
2665 1102 2753 1171 ἐφ’
2781 1097 2868 1165 οἷς
2897 1095 3245 1169 ἱστοροῦμεν
3279 1093 3426 1146 κατά
3461 1092 3528 1145 τὰ
3551 1093 3688 1146 ἀναν-

2081 1201 2316 1269 τίῤῥητα
2366 1197 2474 1249 τῶν
2526 1193 2969 1264 ἀναφερομένων
3033 1187 3273 1258 βιϐλίων
3321 1183 3690 1243 θεοπνεύστων,

2082 1288 2252 1357 ταύτῃ
2292 1290 2359 1356 τῇ
2405 1283 2758 1356 προσηγορίᾳ
2800 1278 3182 1348 καλούμενον.
3232 1276 3301 1326 Τί
3333 1274 3391 1325 δὲ
3431 1274 3511 1325 δεῖ
3537 1272 3693 1341 λέγειν

2083 1376 2211 1446 περί
2250 1374 2343 1428 τοῦ
2379 1374 2675 1445 Σωτῆρος..
2707 1371 2820 1425 τῶν
2852 1370 3233 1438 Εύαγγελίων
3267 1367 3693 1437 πεπληρωμένων

2081 1467 2285 1536 ταύτης
2310 1467 2409 1535 τῆς
2444 1464 2671 1532 φωνῆς;
2700 1463 2817 1516 Καὶ
2848 1461 3116 1531 οἰόμεθα,
3153 1460 3247 1512 διά
3274 1459 3339 1510 τὸ
3363 1456 3693 1529 ἁμαρτωλοὺς

2082 1555 2363 1623 γεγονέναι
2412 1554 2540 1615 τοὺς
2584 1552 2643 1605 ὲν
2689 1554 2757 1622 τῇ
2822 1550 3223 1619 αἰχμαλωσίᾳ,
3279 1550 3364 1610 εἰς
3417 1546 3694 1615 ὀνειδισμὸν

2083 1646 2304 1699 ἐκείνων
2336 1646 2427 1698 τὸν
2470 1641 2671 1713 Δανιὴλ
2722 1641 2893 1710 μόνον
2947 1639 3225 1693 σώσαντα
3272 1638 3337 1690 τὸ
3374 1636 3586 1707 ἀξίωμα
3608 1634 3694 1706 τῆς

2082 1735 2174 1788 τοῦ
2208 1732 2500 1804 ἀνθρώπου
2533 1731 2632 1784 καὶ
2672 1731 2800 1783 κατ’
2831 1728 3035 1782 εἰκόνα
3065 1726 3171 1781 καὶ
3199 1728 3474 1797 ὁμοίωσιν
3496 1727 3695 1795 γενομέ-

2081 1841 2178 1893 νης
2219 1822 2455 1889 φύσεως.
2490 1822 2712 1875 ἀκούειν
2752 1823 2841 1879 τὸ.
2894 1837 2915 1869 ι
2973 1819 3079 1870 Υἱὲ
3122 1815 3452 1887 ἀνθρώπου.
3494 1835 3511 1866 ι
3566 1814 3691 1868 Τδδ⁸

2082 1910 2211 1965 αὐτὸ
2232 1910 2450 1964 λεκτέον
2489 1911 2585 1964 καί
2606 1910 2738 1981 περὶ
2770 1907 2871 1960 τοῦ
2912 1906 3224 1979 Ἰεζεκιήλ.
3260 1906 3576 1976 Ἀνθρωπος
3603 1905 3693 1976 γὰρ

2046 1995 2053 2003 ’
2085 2002 2297 2072 πρῶτος
2335 2001 2628 2071 ὠνομάσθη
2672 2002 2702 2052 6
2748 2001 2875 2052 κατ’
2914 1999 3122 2051 εἰκόνα
3177 1998 3280 2051 καὶ
3323 1997 3575 2066 ὁμοίωσιν
3611 2012 3690 2047 πε-

2083 2091 2373 2160 ποιημένος
2412 2089 2519 2141 ὑπὸ
2558 2089 2655 2141 τοῦ
2701 2089 2866 2154 Θεοῦ,
2916 2089 3020 2141 καὶ
3064 2086 3255 2150 οὕτως
3296 2086 3364 2140 ἂν
3398 2085 3481 2157 εἴη
3516 2086 3690 2155 κυρίως

2084 2178 2390 2248 ἄνθρωπος.
2436 2176 2838 2229 Ἐπισκεπτέον
2865 2176 2928 2228 δὲ
2966 2176 3074 2227 καὶ
3110 2176 3213 2228 ἐπὶ
3239 2174 3342 2227 τοῦ
3371 2175 3623 2243 Σωτῆρος,
3654 2174 3691 2225 εἰ

2082 2268 2144 2321 τὸ
2171 2265 2511 2338 ἀνθρώπινον
2544 2265 2713 2319 αὐτοῦ
2746 2266 2883 2329 Υἱὸς
2912 2265 3022 2337 ἀνθ
3034 2264 3257 2337 ρώπου,
3292 2263 3574 2336 ἀνθρώπου
3604 2281 3691 2319 πα-

2082 2356 2208 2425 τρὸς
2236 2356 2386 2419 ὄντος
2412 2355 2492 2425 τῷ
2521 2353 2858 2426 ἀνθρωπίνῳ
2895 2355 3010 2425 τῆς
3047 2354 3277 2418 εἰκόνος
3322 2353 3417 2407 τοῦ
3451 2354 3577 2407 Θεοῦ
3609 2353 3689 2405 τοῦ

2085 2444 2334 2515 ἀοράτου.
2366 2445 2476 2498 Καὶ
2506 2443 2569 2497 τὸ
2604 2445 2907 2515 εἰρημένον
2944 2446 3036 2511 δὲ,
3092 2465 3113 2497 ι
3149 2447 3225 2499 Οἵ
3254 2462 3318 2498 τε
3350 2446 3591 2515 γηγενεῖς
3613 2443 3687 2496 καὶ

2086 2532 2192 2585 υἰοὶ
2222 2532 2329 2584 τῶν
2350 2532 2674 2601 ἀνθρώπων,
2714 2554 2733 2585 ι
2756 2533 3061 2605 ὑπεροχὴν
3106 2534 3270 2605 δηλοῖ
3304 2535 3415 2586 τῶν
3443 2534 3563 2585 υἱῶν
3594 2532 3681 2583 τῶν

2084 2620 2383 2694 ἀνθρώπων
2403 2625 2556 2694 παρὰ
2574 2624 2705 2687 τοὺς
2730 2628 3030 2694 γηγενεῖς.
3077 2625 3251 2679 Ἀλλά
3275 2625 3415 2696 πρὸς
3436 2624 3529 2695 τὴν
3547 2623 3687 2687 λέξιν,

2091 2714 2215 2765 ἐπεὶ
2261 2710 2685 2783 ὲπιπλήττοντάι
2738 2712 2942 2766 ἐνθάδε
2999 2713 3322 2776 ἀκούοντες
3368 2715 3450 2779 τὸ,
3499 2733 3515 2763 ι
3567 2713 3688 2773 Ἕως

2087 2801 2218 2854 πότε
2250 2801 2624 2873 βαρυκάρδιοι,
2661 2820 2679 2852 ι
2717 2802 2816 2855 καί.
2846 2804 2927 2856 τὰ
2950 2801 3123 2872 ἑξῆς,
3162 2804 3227 2855 οὐ
3268 2800 3450 2864 καλῶς
3479 2799 3688 2864 δόξουσιν

2085 2890 2430 2960 ἀντιρρήσεις
2468 2892 2599 2961 περί
2630 2890 2764 2942 υἱῶν
2796 2890 3142 2962 ἀνθρώπων
3184 2890 3619 2962 παρατεθεῖσθαι,
3647 2890 3689 2940 εἰ

446 2972 565 3016 cem
613 2958 715 3012 sibi
765 2971 1124 3027 opponuntur,
1175 2964 1237 3016 de
1283 2962 1402 3015 filiis
1450 2964 1724 3019 hominum
1782 2968 1980 3037 aﬁerri,

2088 2980 2163 3050 μὴ
2357 2958 2665 3032 διττδνήτδν
2711 2958 3027 3049 ἄνθρωπον
3083 2982 3172 3034 δεῖ
3209 2958 3529 3051 λαμϐάνειν,
3567 2976 3687 3030 καθὰ

449 3047 553 3100 nisi
588 3045 727 3100 forte
752 3048 945 3116 duplex
1000 3051 1156 3105 homo
1183 3052 1254 3105 sit
1296 3052 1691 3121 intelligendus,
1722 3060 1979 3123 quemad-

448 3135 664 3191 modum
699 3136 905 3204 accepit
947 3138 1237 3208 Apostolus
1278 3140 1462 3196 dicens
1483 3142 1524 3173 ¹⁷
1555 3162 1568 3198 :
1604 3163 1622 3194 ι
1653 3143 1860 3199 Primus
1886 3147 1983 3200 ho-

447 3234 537 3277 mo
563 3225 627 3279 de
661 3234 801 3281 terra
834 3236 1095 3296 terrenus,
1122 3232 1387 3286 secundus
1427 3232 1605 3297 homo,
1637 3234 1893 3293 Dominus
1918 3241 1984 3293 de

448 3307 603 3360 etelo.
635 3308 819 3377 Qualis
872 3320 1132 3378 terrenus,
1178 3315 1310 3369 tales
1360 3327 1413 3371 et
1458 3323 1675 3385 terreni,
1723 3332 1777 3376 et
1814 3326 1985 3392 qualis

450 3393 711 3458 emlestis,
752 3398 885 3454 tales
924 3410 977 3454 et
1017 3402 1283 3458 ccclestes.
1314 3424 1332 3456 ι
1377 3405 1608 3462 Rursum
1654 3422 1783 3465 vero
1815 3424 1866 3467 et
1907 3415 1985 3469 sic

447 3485 700 3549 quoniam
750 3486 871 3541 ﬁliis
919 3490 1189 3544 hominum
1224 3494 1528 3562 praecipitur
1566 3506 1619 3549 ut
1657 3514 1982 3567 cognoscant

452 3588 473 3621 ι
497 3572 622 3640 quia
657 3574 1228 3635 mirlﬁcavitDomlnus
1249 3590 1492 3636 sanctum
1525 3599 1676 3639 suum
1697 3589 1792 3652 ",1
1835 3607 1980 3659 qua:-

451 3670 601 3714 retur
625 3665 889 3730 quomodo
907 3668 998 3734 qui
1027 3670 1323 3724 secundum
1358 3672 1673 3728 deteriorem
1716 3682 1985 3748 acceptio-

448 3762 571 3804 nem
618 3760 742 3805 sunt
770 3754 863 3809 ﬁlii
898 3754 1190 3824 hominum,
1214 3760 1505 3829 iubeantur
1529 3776 1661 3831 opus
1707 3769 1982 3824 sanctissi-

448 3853 656 3894 morum
710 3843 947 3899 virorum
992 3862 1263 3917 peragere.
1306 3851 1638 3919 Cognoscere
1684 3858 1823 3912 enim
1860 3862 1982 3928 quia

448 3927 751 3984 miriﬁcavit
792 3931 1048 3988 Dominus
1089 3948 1330 3991 sanctum
1377 3957 1565 4006 suum,
1616 3947 1982 4002 sanctissimo-

448 4028 565 4068 rum
597 4018 828 4073 virorum
868 4035 999 4088 opus
1039 4033 1140 4077 est.
1176 4025 1245 4078 At
1288 4027 1387 4082 hoc
1431 4032 1641 4087 solvere
1684 4035 1838 4089 facile
1877 4046 1979 4091 est.

451 4100 581 4156 Nam
611 4107 701 4173 qui
757 4108 808 4161 in
852 4109 1209 4166 deterioribus
1244 4124 1347 4181 est,
1400 4118 1538 4174 ﬁlius
1582 4122 1815 4179 hominis
1864 4139 1984 4180 esse

2087 3069 2350 3122 ὑπέλαϐεν
2410 3071 2440 3122 6
2505 3069 2833 3131 Ἀπόστολος
2896 3069 3099 3138 λέγων
3119 3088 3133 3100 ·
3203 3090 3222 3122 ι
3267 3073 3329 3123 'U
3375 3071 3578 3141 πρῶτος
3612 3070 3689 3121 ἄν·

2086 3157 2300 3227 θρωπος
2361 3161 2426 3211 ὲκ
2484 3159 2589 3228 γῆς
2644 3159 2836 3228 χοϊκός
2863 3173 2881 3188 ⁸
2942 3162 2976 3213 6
3029 3161 3305 3233 δεύτερος
3360 3160 3623 3232 ἄνθρωπος
3664 3160 3689 3210 6

2085 3247 2286 3318 Κύριος
2335 3249 2393 3314 ἐξ
2444 3245 2698 3317 οὐρανοῦ.
2770 3243 2906 3313 Οἷος
2965 3251 2998 3305 ό
3061 3254 3284 3322 χοῖκδς,
3348 3252 3567 3306 τοιοῦτοι
3612 3250 3689 3302 καὶ

2084 3338 2133 3390 οἰ
2173 3338 2376 3407 χοϊκοίσ
2424 3338 2519 3392 καὶ
2571 3333 2684 3401 οἷος
2729 3341 2759 3392 6
2812 3340 3202 3412 ἐπουράνιος,
3248 3341 3480 3396 τοιοῦτοι
3524 3341 3606 3394 καὶ
3646 3340 3686 3390 οί

2084 3426 2413 3496 ἐπουράνιοι.
2463 3445 2482 3478 ι
2518 3426 2688 3480 Πάλιν
2721 3428 2782 3481 δὲ
2819 3430 2928 3485 καὶ
2957 3431 3179 3496 οὕτως,
3216 3432 3312 3485 διὰ
3339 3432 3402 3485 τὸ
3446 3429 3685 3498 προστάσ-

2087 3514 2272 3566 σεσθαι
2300 3514 2526 3581 γνῶναι,
2554 3516 2636 3568 ὅτι
2659 3516 2875 3587 Κύριος
2902 3538 2922 3570 ι
2957 3520 3390 3591 ἐθαυμάστωσε
3452 3519 3537 3571 τὸν
3565 3519 3685 3570 ὅσιον

2060 3604 2272 3668 αὑτοῦ,
2336 3624 2356 3656 ι
2398 3606 2525 3668 τοὺς
2571 3606 2726 3669 υἱοὺς
2773 3607 2893 3661 τῶν
2946 3611 3307 3683 ἀνθρώπων,
3358 3610 3686 3681 ζητηθήσεται

2082 3693 2199 3758 πῶς
2239 3695 2289 3746 οἰ
2318 3694 2459 3749 κατά
2482 3695 2544 3747 τδ
2569 3699 2752 3765 χεῖρον
2782 3698 2898 3750 υἱοὶ
2929 3699 3053 3753 τῶν
3097 3703 3420 3773 ἀνθρώπων
3446 3697 3683 3771 προστάτ-

2081 3798 2258 3835 τονται
2291 3782 2446 3853 ἔργον
2473 3782 2581 3835 τῶν
2607 3785 2948 3851 ἁγιωτάτων
2978 3791 3246 3861 ποιῆσαι.
3273 3792 3350 3845 Τὸ
3377 3790 3485 3863 γὰρ
3512 3789 3683 3859 γνῶναι

2080 3868 2160 3922 δτι
2191 3870 2612 3939 ὲθαυμάστωσεν
2640 3876 2669 3926 6
2707 3874 2929 3947 Κύριος
2971 3878 3077 3932 τὸν
3124 3883 3281 3935 ὅσιον
3327 3880 3512 3945 αὑτοῦ,
3544 3881 3683 3947 ἁγιω-

2080 3960 2255 4014 τάτων
2302 3960 2418 4012 ὲστί
2471 3962 2833 4033 κατόρθωμα.
2894 3967 3168 4039 Εὐχερὲς
3219 3972 3280 4024 δὲ
3327 3971 3485 4025 λῦσαι
3528 3968 3680 4030 τοῦτο,

2081 4048 2204 4101 ἐπεὶ
2240 4049 2465 4104 δύναται
2495 4053 2524 4103 6
2551 4051 2719 4114 αὐτὸς
2769 4054 2873 4122 μὲν
2913 4057 2980 4109 ὲν
3031 4060 3296 4131 χείροσιν
3340 4061 3416 4115 ὢν
3457 4059 3573 4121 Υἱὸς
3608 4059 3683 4109 ἀν-

2082 4136 2297 4209 ορώπου
2334 4133 2473 4193 εἶναι
2503 4140 2643 4193 κατά
2682 4142 2778 4195 τὸν
2818 4144 3142 4215 ἄνθρωπον
3172 4152 3270 4205 τὸν
3314 4152 3513 4222 χοῖκόνο
3547 4165 3683 4219 μετα-

449 4201 630 4255 potest
685 4197 971 4249 secundum
1032 4207 1298 4255 terrenum
1357 4204 1627 4261 hominem
1650 4226 1663 4273 ;
1697 4212 1742 4265 si
1803 4222 1978 4270 autent

450 4293 734 4309 [ιιι-...ιι-ηι..-
760 4285 914 4309 l‘.--_:.
970 4304 1061 4309 ---ρ
1078 4290 1106 4309 λ
1122 4307 1145 4309 _
1165 4305 1180 4309 -
1196 4307 1217 4309 η
1313 4303 1325 4309 -
1363 4294 1379 4309 ο.
1565 4299 1595 4309 η
1620 4300 1652 4309 ..
1747 4303 1769 4309 -
1842 4306 1853 4309 -

2083 4197 2259 4281 ϐαλὼν
2296 4228 2378 4294 δὲ,
2419 4228 2556 4298 ὅπερ
2600 4229 2703 4285 οὐκ
2748 4231 2904 4287 ἔστιν
3300 4197 3682 4309 ξεῖὲξόαἶγιδς

449 4293 738 4338 conversus
760 4285 941 4351 fuerit,
964 4290 1106 4356 quod
1121 4305 1224 4344 non
1251 4303 1331 4348 est
1362 4294 1705 4368 impossibile,
1739 4303 1854 4358 ﬁeri
1883 4321 1977 4375 po-

449 4379 548 4401 ιω.
597 4372 731 4401 [ιηηι.
784 4377 1011 4401 1....--:--:_
1050 4395 1203 4401 _--__,,
1232 4384 1309 4401 n,_,
1369 4386 1383 4401 ι
1422 4399 1427 4401 Α
1497 4387 1507 4399 ι
1770 4393 1782 4401 .

2081 4285 2376 4386 ἀνθρώπου,
2397 4285 2539 4371 κατά
2568 4318 2662 4373 τὸν
2692 4285 3019 4392 ἀνθρῴπὲζ
3035 4285 3517 4401 ,ἐπούιρανιοψ
3549 4285 3681 4382 Οὗτοί

449 4379 554 4425 test
596 4372 734 4429 illius
784 4377 1014 4432 hominis
1047 4384 1335 4437 secundum
1369 4386 1633 4442 hominem
1683 4372 1977 4453 cteleslem.

449 4457 761 4529 Hujusmodi
792 4464 882 4517 ﬁ'lii
910 4465 1182 4521 hominum
1201 4475 1493 4538 posteriore
1521 4481 1835 4547 acceptione
1856 4501 1975 4540 cum

449 4551 546 4603 ﬁlii
575 4551 682 4605 siut
707 4550 821 4620 ejus
845 4555 933 4621 qui
961 4557 1025 4608 de
1051 4566 1190 4610 terra
1227 4569 1472 4618 terrenus
1508 4576 1609 4631 est,
1644 4572 1804 4624 etiam
1828 4577 1977 4643 gravi

451 4641 613 4694 corde
658 4656 777 4697 esse
820 4643 920 4696 dici
959 4656 1200 4712 possunt,
1246 4649 1562 4721 diligereque
1598 4641 1884 4716 vanitatem
1918 4681 1980 4721 ac

378 4764 383 4767 ι
447 4743 688 4797 quaerere
716 4731 1066 4786 mendacium.
1113 4733 1412 4792 Intellectus
1440 4742 1582 4796 enim
1612 4748 1790 4803 carnis
1818 4751 1867 4804 in
1903 4753 1978 4822 ip-

450 4823 527 4874 sis
549 4829 651 4882 est,
686 4828 741 4874 et
761 4834 1050 4887 corporeus
1079 4835 1246 4885 amor,
1274 4834 1329 4878 et
1352 4830 1632 4896 mendacii,
1662 4838 1803 4902 quod
1838 4813 1980 4893 ver'i-

374 4920 385 4961 :-
450 4911 547 4963 tati
591 4912 917 4965 contrarium
950 4922 1054 4975 est,
1075 4912 1370 4978 inquisitio.
1402 4917 1562 4972 Gravi
1594 4922 1790 4990 quippe
1819 4928 1981 4983 corde

445 5006 567 5052 sunt
614 5000 703 5067 qui
751 4999 1020 5053 sedentem
1052 5000 1101 5052 in
1137 5001 1381 5068 plumbeo
1418 5003 1617 5058 talento
1645 5009 1976 5076 iniquitatem

445 5087 499 5142 in
548 5090 709 5144 corde
760 5089 976 5153 habent,
1012 5103 1129 5157 qua:
1180 5092 1244 5145 ad
1297 5092 1477 5145 inﬁma
1530 5108 1751 5162 quaeque
1800 5099 1975 5156 delata

445 5192 563 5231 cum
587 5178 853 5249 Egyptiis
900 5179 949 5233 in
987 5181 1142 5249 aquis
1168 5181 1569 5237 vehementibus
1601 5184 1852 5240 ﬂuctuum
1883 5190 1977 5243 hu-

438 5258 526 5329 jus
552 5265 677 5321 vita:
708 5276 957 5334 tanquam
987 5269 1255 5336 plumbum
1276 5268 1637 5339 demergetur.
1669 5273 1761 5328 llis
1796 5287 1972 5333 autem

444 5350 531 5415 qui
558 5354 707 5418 gravi
748 5358 908 5411 corde
944 5366 1086 5424 sunt,
1120 5359 1375 5413 contrarii
1413 5369 1532 5413 sunt
1582 5362 1618 5414 ii
1667 5364 1757 5430 qui
1807 5379 1972 5421 suave

516 5522 560 5558 “
588 5528 606 5579 l
633 5530 754 5585 Cor.
788 5549 868 5600 nt,
900 5535 952 5592 5.
1028 5539 1068 5569 ιδ
1097 5537 1234 5593 Psal.
1275 5554 1431 5607 xxxv,
1465 5539 1512 5592 7.
1590 5542 1631 5574 "
1664 5541 1803 5597 Psal.
1838 5560 2025 5616 xuttt,
2044 5553 2097 5610 2.

2078 4405 2135 4456 δὲ
2170 4408 2219 4458 oi
2251 4406 2359 4459 υἰοί¹
2398 4407 2504 4460 τῶν
2535 4409 2848 4480 ἀνθρώπων
2897 4418 2955 4468 οί
2999 4421 3159 4475 κατά
3194 4424 3259 4476 τὸ
3302 4424 3566 4493 δεύτερον,
3601 4420 3679 4472 ἅτε

2079 4493 2558 4564 υίοὶτυχγάνοντες
2582 4500 2676 4552 τοῦ
2709 4503 2776 4553 ὲκ
2804 4504 2919 4575 γῆς
2952 4511 3180 4578 χοϊκοῦ,
3215 4513 3316 4565 καί
3359 4510 3679 4584 βαρυκάρδιοι

2078 4584 2313 4653 εὐλόγως
2371 4588 2632 4656 λέγοιντο,
2679 4594 2780 4645 καὶ
2824 4596 3065 4669 ἀγαπᾷν
3114 4604 3481 4673 ματαιότητα,
3524 4601 3679 4670 ζητεῖν

2076 4686 2136 4724 τε
2180 4674 2395 4742 ψεῦδος.
2442 4677 2586 4741 Νοῦς
2623 4681 2736 4750 γὰρ
2779 4687 3001 4754 σαρκὸς
3041 4688 3104 4741 ὲν
3148 4692 3341 4755 αὐτοῖς
3382 4693 3473 4744 καὶ
3513 4687 3678 4755 ἀγάπη

2082 4760 2390 4831 σωματικὴ,
2438 4766 2533 4817 καὶ
2579 4765 2815 4837 ζήτησις
2860 4772 2964 4824 τοῦ
3013 4776 3121 4846 τῆς
3162 4777 3432 4847 ἀληθείας
3484 4772 3675 4846 ἐχθροῦ.

2077 4848 2322 4939 τουτέστι
2356 4852 2450 4904 τοῦ
2495 4852 2752 4922 ψεύδους.
2806 4858 3199 4935 Βαρυκάρδιοι
3234 4868 3347 4939 γὰρ
3386 4869 3433 4921 οἱ
3471 4866 3562 4937 τὴν
3601 4879 3678 4916 και

2080 4933 2378 5026 βεξομένην
2430 4942 2524 4995 ἐπὶ
2566 4942 2837 4999 τάλαντον
2893 4933 3154 5020 μολίϐδου
3205 4933 3443 5025 ἀνομίαν
3488 4933 3674 5026 ἔχοντες

2080 5024 2137 5074 ὲν
2173 5030 2247 5118 τῇ
2286 5032 2509 5103 καρδίᾳ,
2557 5035 2678 5103 ἥτις
2726 5035 2810 5101 ὡς
2851 5047 3193 5118 κατωφερὴς
3226 5024 3447 5100 δύσεται
3483 5024 3572 5097 σὺν
3597 5043 3677 5094 Aio

2081 5117 2334 5183 γυπτίοις
2370 5122 2505 5175 ὡσεὶ
2539 5125 2792 5195 μόλιϐδος
2832 5134 2899 5187 ὲν
2938 5117 3342 5207 ὓδατισιροδρῷ
3382 5137 3488 5189 τῶν
3519 5132 3674 5202 κυμά-

2080 5217 2188 5253 των
2230 5206 2322 5258 τοῦ
2358 5209 2499 5277 βίου,

2077 5287 2168 5390 rb?
2193 5290 2361 5390 ζῨγδν
2398 5302 2581 5374 Ἰησοῦ
2605 5306 2850 5381 ἐλαφρὸν
2881 5287 3268 5390 τυγχάνοντες.
3294 5287 3542 5384 Ῠάχαδὲ,
3564 5310 3670 5366 ἐπεὶ

2080 5379 2172 5430 καὶ
2200 5384 2250 5433 οἰ
2289 5379 2779 5470 μεμαθητευμένοι
2816 5409 2938 5462 υἱοί
2980 5379 3082 5466 εἶσι
3105 5405 3189 5460 τοῦ
3228 5379 3667 5477 μαθητεύσαντοςι

2194 5557 2234 5589 ¹⁷
2263 5559 2286 5615 ι
2316 5563 2452 5625 Cor.
2486 5591 2585 5644 xv,
2607 5577 2694 5632 Π.
2778 5579 2823 5615 ’⁸
2858 5583 3023 5647 Psal.
3055 5602 3121 5651 IV,
3146 5582 3197 5641 4·

2536 5216 2810 5274 Ἑναντίοι
2842 5223 2911 5279 δὲ
2944 5231 3060 5288 τοῖς
3098 5227 3481 5296 βαρυκαρδίοις
3510 5227 3556 5278 οδ
3584 5218 3700 5301 ὑπδ.

3796 6070 3835 6139 Jl
