3958 6264
353 302 502 360 HM

1363 313 1659 371 SELECTA
1695 316 1762 372 IN
1796 314 2127 375 PSALMOS.
2162 350 2230 361 --
2260 320 2448 378 PSAL.
2486 324 2556 378 IV

3423 326 3558 380 1142

356 422 423 476 οι
451 419 508 473 δὲ
530 419 903 491 διδάσκοντες,
934 426 1088 482 αὐτοὶ
1108 431 1226 483 κατ’
1250 430 1427 486 εἰκόνα
1447 434 1540 488 καί
1563 435 1809 505 ὁμοίωσιν
1833 436 1903 488 soi

2028 436 2324 510 5mlesu
2346 439 2540 494 Christi
2560 437 2756 507 iugum
2788 424 3018 493 Subiere.
3048 440 3203 495 Forte
3230 440 3406 503 etiam,
3428 439 3546 506 quia

358 510 538 575 Θεοῦ,
572 513 620 564 οἱ
658 513 1092 583 μαθητευθέντες
1127 518 1243 588 μὲν,
1276 520 1374 573 οὐκ
1415 521 1549 585 ἄξιοι
1574 524 1629 576 δὲ
1652 525 1756 577 τῶν
1785 526 1928 579 διδα-

364 602 588 667 ξάντων
620 606 1001 673 γεγενημένοι,
1029 606 1360 669 ὀνειδίζοιντο
1386 609 1450 663 ἂν
1486 612 1560 675 ὡς
1603 615 1707 666 υἱοὶ
1731 614 1927 685 ἀνθρώ-

357 709 485 744 που
516 692 890 764 βαρυκάρδιοι,
915 698 1037 757 ταῖς
1062 695 1321 760 δοθείσαις
1351 700 1618 770 ἀφορμαῖς
1641 704 1718 765 εἰς
1748 702 1808 755 τὸ
1832 720 1925 755 και

356 780 555 852 θαράν
599 782 848 850 γενέσθαι
889 785 988 855 τὴν
1022 787 1241 857 καρδίαν
1283 789 1342 840 οὐ
1391 791 1921 860 κατηκολουθηκότες.

355 871 489 922 Καὶ
522 870 636 941 γὰρ
673 871 793 935 ἔθος
829 873 957 937 τοὺς
995 873 1423 945 διδασκομένους,
1456 879 1548 930 καὶ
1588 879 1659 948 μὴ
1694 896 1926 950 παρακο-

354 956 704 1023 λουθοῦντας
728 962 839 1023 τοῖς
862 959 1198 1030 λεγομένοις,
1240 964 1622 1035 βαρυκαρδίους
1654 967 1922 1020 καλεῖσθαι

352 1046 482 1098 ὑπὸ
510 1047 627 1099 τῶν
657 1048 1008 1102 διδασκόντων
1048 1051 1133 1103 διά
1177 1052 1236 1104 τὸ
1261 1056 1402 1123 παχὺ
1432 1055 1529 1124 τῆς
1558 1055 1795 1126 καρδίας.
1829 1057 1923 1109 Διά

352 1134 533 1187 τοῦτο
563 1136 623 1187 δὲ
671 1137 765 1190 καὶ
806 1137 1023 1208 ζητοῦσι
1055 1140 1114 1192 τὸ
1153 1140 1341 1208 ψεῦδος
1376 1142 1449 1204 ὡς
1490 1142 1561 1211 μὴ
1611 1143 1835 1212 ὁρῶντες
1864 1145 1924 1196 τὸ

355 1224 597 1294 ἀληθές.
622 1226 686 1277 Εἰ
711 1225 770 1279 δὲ
794 1226 1105 1298 βαθύτερον,
1129 1229 1248 1280 ἐπεὶ
1267 1229 1488 1299 ἀλήθειά
1507 1232 1648 1282 ἐστιν
1667 1233 1694 1282 ό
1718 1231 1919 1301 Σωτὴρ,

352 1312 557 1380 δῆλον,
581 1314 667 1365 δτι
695 1315 888 1383 ἐχθρὸς
914 1315 977 1368 ἂν
1007 1317 1090 1384 εἰη
1114 1316 1284 1385 τούτῳ
1307 1317 1458 1383 λόγος
1482 1317 1675 1387 ψευδὴς
1703 1319 1766 1370 τὸ
1796 1320 1923 1389 ἀλη-

356 1402 459 1464 θὲς
494 1403 987 1474 ἐπαγγελλόμενος,
1018 1405 1078 1458 ὃν
1106 1406 1436 1475 ἀντίχριστον
1462 1408 1490 1457 ὁ
1525 1406 1766 1476 Ἰωάννης
1798 1408 1922 1459 πολ-

351 1491 529 1554 λάκις
561 1493 748 1561 φησίν.
806 1494 928 1546 Ἐὰν
952 1494 1009 1546 δὲ
1039 1493 1177 1546 κατὰ
1208 1496 1527 1565 περίφρασιν
1563 1486 1803 1567 λαμϐάνῃ
1840 1514 1921 1558 τις

352 1582 444 1642 τὸ,
488 1599 510 1631 ι
537 1581 646 1633 υἱοὶ
673 1581 987 1651 ἀνθρώπων,
1012 1600 1030 1633 ι
1069 1584 1185 1635 ἀντὶ
1206 1581 1319 1645 τοῦ,
1359 1601 1377 1632 t
1403 1583 1688 1653 ἄνθρωποι,
1714 1604 1732 1636 ι
1759 1585 1819 1637 τὸ
1847 1586 1920 1648 ὡς

351 1668 456 1719 ἐπὶ
489 1668 558 1719 τὸ
598 1668 846 1721 πλεῖστον
870 1671 925 1721 ὲν
957 1669 1254 1740 ἀνθρώποις
1278 1669 1336 1722 δν
1366 1669 1426 1721 τὸ
1452 1670 1800 1740 βαρυκάρδιον
1834 1674 1918 1725 αἰ-

2024 527 2264 596 disctpuli
2297 527 2387 581 lilii
2416 536 2538 581 sunt
2561 518 2933 595 praeceptoris,
2963 537 3015 582 et
3037 539 3380 597 praeceptores
3416 529 3550 580 ima.

2023 617 2199 685 ginem
2228 626 2282 670 et
2312 616 2718 670 similitudinem
2751 608 2844 663 Dei
2874 625 3081 681 gerunt,
3114 617 3310 670 idcirco
3338 614 3424 683 qui
3453 613 3549 673 do-

2023 711 2213 756 centur
2240 704 2474 772 quidem,
2514 703 2604 757 sed
2641 701 3064 769 praeceptoribus
3104 703 3244 769 digni
3272 716 3371 754 non
3397 707 3543 761 sunt,

2024 792 2057 843 ii
2091 800 2339 859 tanquam
2377 792 2470 847 fllii
2501 792 2773 847 hominum
2805 797 2857 843 et
2887 791 3032 858 gravi
3077 793 3237 844 corde
3271 790 3543 857 obiurgari

2021 882 2405 949 possunt,quod
2436 881 2644 935 oblatas
2673 878 2772 932 sibi
2803 877 2868 931 ad
2898 892 2991 932 cor
3025 878 3415 932 emundandum
3454 892 3545 931 oc-

2022 971 2264 1024 casiones
2294 969 2509 1023 minime
2550 969 2711 1023 secuti
2746 968 2871 1021 sint.
2901 966 3010 1022 Mos
3036 968 3176 1020 enim
3210 967 3445 1029 inolevit,
3484 976 3543 1018 ut

2020 1058 2109 1127 qui
2143 1058 2493 1125 instituuntur
2531 1059 2595 1110 'et
2633 1064 2898 1125 praecepta
2948 1056 3046 1109 sibi
3080 1055 3268 1108 tradita
3317 1069 3421 1107 non
3454 1068 3541 1107 se-

2021 1151 2271 1211 quuntur,
2297 1145 2365 1198 ob
2396 1144 2574 1199 cordis
2599 1143 2893 1198 crassiticm
2930 1158 2958 1195 a
2993 1143 3403 1211 praeceptoribus
3424 1155 3543 1208 gra-

2021 1232 2071 1284 vi
2123 1232 2281 1286 corde
2328 1233 2569 1299 discipuli
2624 1241 3013 1296 nuncupentur.
3054 1232 3254 1284 Idcirco
3299 1234 3543 1294 quaerunt

2019 1322 2177 1374 etiam
2217 1323 2573 1382 mendacium.
2603 1325 2794 1392 quippe
2831 1325 2922 1391 qui
2967 1336 3068 1375 non
3106 1322 3318 1372 videant
3345 1319 3541 1369 verita-

2020 1418 2146 1463 tem.
2182 1408 2333 1474 Quod
2381 1411 2425 1462 si
2473 1412 2796 1465 reconditior
2836 1425 3024 1465 sensus
3068 1407 3414 1463 adducendus
3438 1415 3539 1469 est,

2017 1499 2265 1567 quoniam
2300 1501 2496 1554 veritas
2533 1511 2613 1555 est
2657 1502 2924 1565 Salvator,
2967 1501 3131 1567 liquet
3173 1498 3218 1552 ei
3262 1497 3535 1550 inimicum

2017 1600 2135 1653 esse
2155 1600 2453 1640 sermonem
2479 1588 2786 1643 mendacem
2812 1591 2896 1657 qui
2925 1588 3202 1641 veritatem
3226 1582 3533 1650 pollicetur.

2018 1690 2172 1743 quem
2213 1690 2352 1743 sape
2408 1677 2639 1731 Joannes
2684 1679 2919 1731 nominat
2966 1675 3336 1729 antichristum
3382 1672 3444 1725 ⁸⁵.
3480 1668 3538 1722 Si

350 1762 582 1830 τιᾶται,
607 1761 697 1813 ἴνα
723 1762 781 1813 τὸ
806 1761 974 1824 οὕτως
1007 1762 1140 1815 εἴπω
1184 1762 1481 1832 βαρυήκοον
1516 1762 1675 1816 αὑτοῦ
1707 1763 1903 1817 ἀποϐα-

2014 1776 2138 1816 vero
2176 1765 2295 1831 quis
2340 1780 2403 1818 ex
2452 1766 2746 1834 periphrasi
2784 1766 2979 1820 dictum
3017 1777 3136 1817 esse
3177 1761 3330 1824 velit,
3369 1775 3388 1809 ι
3441 1757 3536 1810 lilii

350 1846 556 1909 λόντες
594 1849 1071 1900 κατασκευάσωσιν
1114 1848 1405 1917 ἀγχίνοιαν,
1436 1850 1527 1901 καί.
1553 1847 1911 1918 ἵνατὴν...τοῦ

350 1936 557 2005 ζητεῖν
583 1936 685 2005 τὴν
720 1935 944 2006 δύναμιν
977 1938 1033 1987 ὲν
1055 1938 1120 2005 τῇ
1147 1936 1290 2006 ψυχῇ
1324 1937 1715 2006 ἀποστήσαντες
1753 1928 1825 1988 ὧν
1851 1937 1908 1988 οὐ

348 2027 489 2096 χρὴ,
514 2026 681 2078 ἅτινα
708 2026 872 2095 ψευδῆ
907 2027 1078 2079 πάντα
1104 2028 1277 2089 ὲ(ι’τί-ν,
1302 2028 1383 2095 ἐφ’
1414 2027 1451 2078 ἃ
1491 2027 1570 2079 δεῖ
1598 2025 1910 2098 μεταγάγω-

350 2136 408 2173 σι
431 2157 448 2181 ,
494 2117 599 2168 καὶ
630 2115 902 2186 ζητήσωσι
926 2117 1021 2185 τὴν
1052 2116 1321 2185 ἀλήθειαν.

2016 1852 2307 1917 hominum,
2329 1872 2347 1903 ι
2385 1868 2482 1921 pro
2514 1874 2533 1905 ι
2560 1856 2823 1918 homines,
2852 1872 2868 1904 ι
2903 1854 2954 1908 id
2986 1853 3123 1921 quod
3156 1848 3535 1920 plerumquein

2013 1941 2318 1997 hominibus
2346 1950 2426 1997 est
2453 1958 2549 1997 cor
2573 1957 2733 2012 grave
2761 1942 3192 2011 reprehenditur,
3220 1949 3280 1994 ut
3307 1939 3534 2006 abiecta.

2013 2028 2092 2081 sic
2116 2028 2310 2095 dicam,
2345 2030 2456 2096 ejus
2496 2031 2754 2086 surditate
2787 2030 3195 2097 intelligentiam
3246 2040 3533 2094 assequen-

2015 2125 2127 2182 ιυΐ,
2152 2126 2205 2173 et
2257 2135 2404 2197 suam
2450 2121 2719 2176 solertiam
2756 2134 2848 2175 seu
2880 2119 3149 2188 quaerendi
3179 2120 3286 2172 vim
3317 2131 3347 2169 a
3378 2117 3538 2170 rebus

347 2204 595 2258 minime
644 2206 967 2260 necessariis
1005 2218 1228 2273 quaeque
1274 2219 1458 2259 omnes
1507 2203 1724 2261 fallaces
1755 2213 1901 2268 sunt,
1938 2214 2256 2274 avertentes,
2306 2209 2371 2263 ad
2403 2223 2466 2264 ea
2501 2223 2617 2278 qua:
2650 2209 2951 2265 necessaria
2992 2216 3115 2262 sunt
3164 2206 3451 2261 adhibeant
3482 2214 3538 2262 et

345 2295 652 2349 veritatem
695 2295 984 2362 inquirant.

418 2385 652 2452 Κύριος
675 2386 1094 2438 εἰσακούσεταί
1124 2403 1240 2453 μου
1269 2385 1337 2439 ἐν
1362 2385 1446 2451 ’τῷ
1475 2389 1813 2458 κεκραγέναι
1830 2405 1904 2457 με

348 2473 512 2540 πρὸς
542 2472 752 2537 αὑτὸν,
780 2490 834 2524 κ.
864 2490 913 2525 τ.
947 2474 995 2527 ὲ.
1023 2474 1242 2541 Μεγάλη
1270 2473 1416 2542 φωνὴ
1439 2475 1545 2544 (94)
1573 2477 1605 2544 ἡ
1638 2474 1906 2541 φθάνουσα

348 2560 492 2630 πρὸς
525 2560 682 2623 Θεὸν,
706 2561 805 2629 οὐχ
827 2560 862 2630 ἥ
889 2561 1033 2629 παρά
1057 2563 1165 2623 τοῖς
1188 2560 1487 2631 ἀνθρώποις
1511 2562 1625 2614 ἐστὶ
1645 2564 1908 2629 γεγωνυῖα

348 2650 445 2702 καὶ
512 2649 883 2720 ὲπιτεταμένη
940 2651 1079 2703 κατὰ
1126 2648 1221 2718 τὴν
1288 2650 1504 2717 μείζονα
1560 2650 1766 2720 πληγὴν
1814 2650 1906 2702 τοῦ

349 2738 544 2806 ἀέρος,
588 2737 706 2789 ἀλλ’
742 2737 889 2807 ἢτοῦ
921 2736 1239 2807 ἡγεμονικοῦ
1270 2736 1480 2806 καθαρά
1514 2738 1607 2790 καὶ
1648 2738 1908 2802 ἀθόλωτος

347 2823 591 2889 διέξοδος
611 2825 721 2877 τῶν
740 2826 875 2895 πρὸς
900 2825 1027 2878 Θεὸν
1043 2826 1499 2893 ἀναπεμπομένων
1515 2825 1699 2891 λόγων.
1718 2827 1905 2880 ’ἰστέον

2082 2381 2243 2436 Vsus.
2274 2381 2326 2433 4.
2359 2380 2609 2435 Dominus
2642 2381 2881 2435 exaudiet
2912 2396 2992 2434 me
3020 2396 3133 2433 cum
3157 2381 3439 2432 elautavero
3466 2378 3534 2431 ad

2007 2488 2144 2534 eum,
2168 2481 2272 2526 etc.
2310 2471 2495 2538 Magna
2524 2484 2623 2525 vox
2651 2485 2770 2538 quae
2814 2471 3059 2539 pervenit
3105 2470 3170 2522 ad
3202 2469 3397 2555 Deum;
3425 2481 3530 2519 non

2008 2574 2088 2619 est
2117 2565 2204 2617 illa
2242 2578 2358 2631 qua:
2390 2562 2527 2616 inter
2563 2562 2808 2617 homines
2831 2561 3072 2626 ,multum
3107 2567 3282 2625 sonat,
3321 2567 3375 2613 et
3416 2573 3530 2611 ma-

1998 2653 2101 2720 jori
2146 2652 2282 2706 aeris
2322 2651 2471 2718 pulsu
2519 2650 2959 2720 intenditur.sed
2989 2659 3070 2703 est
3108 2662 3271 2716 purus
3293 2656 3347 2701 et
3375 2662 3529 2702 mun-

2006 2742 2103 2793 dus
2131 2744 2456 2795 internorum
2487 2740 2682 2794 mentis
2709 2719 2990 2793 verborum
3022 2751 3302 2799 excursus,
3324 2750 3440 2804 quae
3463 2736 3529 2788 ad

2008 2832 2167 2884 Deum
2220 2844 2385 2897 usque
2422 2830 2745 2899 pertingunt.
2791 2828 3075 2881 Sciendum
3122 2828 3259 2879 enim
3302 2833 3384 2879 est
3411 2837 3530 2878 esse

348 2912 483 2981 γάρ,
532 2914 617 2965 ὅτι
660 2912 775 2966 ἔστι
805 2930 889 2977 τις
919 2914 1009 2968 καὶ
1035 2913 1127 2966 τοῦ
1164 2911 1399 2983 κρυπτοῦ
1428 2913 1522 2981 τῆς
1561 2913 1781 2982 καρδίας
1812 2914 1903 2967 ἀν-

2005 2918 2280 2984 quamdam
2307 2919 2360 2970 in
2384 2916 2583 2971 intimis
2605 2915 2912 2984 praecordiis
2930 2915 3156 2969 hominis
3184 2927 3386 2977 vocem,
3413 2926 3532 2978 qua:

349 3001 585 3071 θρώπου
628 3002 780 3072 φωνὴ
826 3003 901 3073 μὴ
943 3002 1293 3072 συγχρωμένη
1325 3001 1401 3071 τῷ
1429 3001 1655 3072 σώματι,
1687 3004 1753 3072 ἢν
1792 3003 1900 3055 ἐσθ’

348 3092 437 3143 ὅτε
464 3093 555 3153 εἰς
578 3091 742 3144 αὑτὸν
765 3091 1059 3159 συναχθεὶς,
1086 3092 1176 3143 καὶ
1208 3090 1452 3143 εἰσελθὼν
1477 3093 1554 3154 εἰς
1575 3092 1635 3154 τὸ
1664 3092 1902 3161 ταμιεῖόν

352 3194 466 3241 σου,
527 3179 622 3233 καὶ
665 3179 765 3249 τὴν
805 3179 972 3250 θύραν
1011 3180 1117 3233 τῶν
1159 3180 1515 3249 αἰσθητηρίων
1558 3180 1898 3244 ἀποκλείσας,

349 3268 441 3320 καί.
467 3269 589 3331 πᾶς
620 3269 905 3339 γενόμενος
937 3269 1037 3337 ἔξω
1066 3270 1308 3340 σώματος
1336 3270 1640 3340 ἀναπέμπει
1658 3270 1790 3340 πρὸς
1813 3269 1899 3322 τὸν

352 3356 516 3425 μόνον
550 3357 818 3412 ἀκούοντα
864 3360 1114 3429 τοιαύτης
1146 3360 1342 3431 φωνῆς.
1373 3359 1472 3411 Διά
1501 3359 1656 3410 τοῦτό
1693 3375 1772 3410 τοι
1800 3375 1900 3428 μη-

350 3443 547 3513 δεμιᾶς
592 3445 857 3515 αἰσθητῆς
898 3447 1079 3515 φωνῆς
1122 3448 1226 3499 ὑπὸ
1269 3446 1359 3499 τοῦ
1406 3445 1677 3509 Μωῦσέως
1709 3446 1900 3512 ἀναγε-

348 3533 682 3603 γραμμένης
718 3535 995 3602 γεγονέναι
1032 3536 1162 3605 φησί
1195 3536 1326 3607 πρὸς
1366 3535 1544 3599 αὐτὸν,
1571 3534 1644 3595 ὡς
1666 3534 1771 3585 ἀπὸ
1803 3533 1898 3603 τῆς

361 3618 608 3683 Ἐξόδου
643 3620 1067 3693 μεμαθήκαμενξο
1097 3641 1115 3674 ι
1145 3624 1209 3676 Τί
1249 3624 1374 3693 βοᾷς
1412 3622 1546 3693 πρός
1578 3639 1678 3692 με;
1715 3640 1734 3673 ι
1760 3622 1897 3693 Βρα-

357 3715 478 3779 χεῖα
504 3713 567 3765 δὲ
594 3714 746 3777 πᾶσα
769 3712 917 3783 φωνὴ
939 3715 973 3783 ἡ
998 3713 1249 3783 περὶτῶν
1271 3713 1520 3780 ἐπιγείων
1545 3713 1636 3765 καί
1667 3710 1892 3782 μικρῶν,

348 3801 441 3852 καί
477 3800 756 3853 ταπεινῶν
802 3800 1045 3867 διέξοδος,
1095 3802 1188 3854 καὶ
1231 3801 1440 3871 αἴτησις
1483 3800 1588 3852 ἀπὸ
1627 3798 1786 3852 Θεοῦ·
1826 3800 1894 3869 ἢν

348 3887 713 3958 ἀπαγορεύων
745 3890 774 3940 ὁ
810 3888 996 3959 Σωτὴρ
1026 3889 1346 3960 προσφέρειν
1389 3878 1464 3957 τῷ
1500 3888 1668 3957 Πατρί
1712 3903 1890 3957 φησιν·

354 3993 374 4026 ι
412 3978 631 4029 Αἰτεῖτε
659 3975 727 4029 τά
761 3977 985 4046 μεγάλα,
1023 3978 1113 4031 καὶ
1140 3977 1207 4031 τά
1242 3976 1409 4046 μικρά
1441 3978 1564 4045 ύμῖν
1601 3976 1893 4046 προστεθή-

351 4078 531 4118 σεται⁰
558 4067 761 4117 αἰτεῖτε
783 4064 851 4116 τά
884 4066 1194 4134 ἐπουράνια,
1224 4064 1318 4118 καὶ
1346 4063 1415 4117 τά
1440 4065 1650 4132 ἐπίγεια
1670 4080 1893 4137 προστεθ-

350 4152 575 4223 θήσεται
600 4154 750 4221 ὑμῖν.
794 4171 814 4204 ι
878 4183 895 4196 ο

2006 3005 2245 3070 corporis
2280 3019 2477 3073 organo
2515 3019 2618 3058 non
2663 3003 2949 3071 profertur,
2981 3003 3071 3057 sed
3103 3017 3259 3069 quam
3285 3001 3445 3054 homo
3472 3001 3526 3053 in

2007 3106 2064 3147 se
2089 3092 2341 3148 collectus
2365 3100 2418 3148 et
2449 3095 2499 3146 in
2529 3093 2831 3147 cubiculum
2880 3093 3173 3162 ingressus,
3199 3089 3524 3157 occlusaque

2004 3196 2251 3236 sensuum
2283 3192 2456 3250 porta,
2486 3190 2731 3250 totusque
2759 3193 2909 3236 extra
2933 3197 3127 3249 corpus
3151 3181 3354 3250 positus
3368 3178 3521 3232 emit-

2004 3272 2068 3324 tit
2099 3273 2165 3326 ad
2188 3285 2306 3326 eum
2337 3271 2425 3339 qui
2456 3270 2598 3325 solus
2621 3270 2875 3338 ejusmodi
2904 3286 3085 3324 vocem
3114 3270 3298 3322 audire
3330 3274 3524 3336 potest.

2002 3359 2357 3424 Quamobrem
2407 3359 2505 3413 etsi
2548 3374 2653 3415 non
2686 3359 2920 3427 legamus
2952 3358 3111 3411 ullam
3145 3357 3360 3426 Moysen
3405 3369 3526 3409 sen-

2002 3450 2150 3502 silem
2200 3462 2379 3502 vocem
2424 3450 2685 3513 emisisse,
2714 3449 2761 3502 ei
2806 3457 2976 3500 tamen
3028 3446 3223 3499 dicitur
3251 3459 3279 3497 a
3322 3444 3429 3497 Deo
3469 3443 3521 3494 in

2001 3537 2185 3590 Exodo
2201 3537 2252 3570 "
2277 3555 2289 3589 :
2311 3555 2330 3586 ι
2355 3536 2489 3602 Quid
2521 3537 2717 3590 clamas
2744 3535 2809 3587 ad
2842 3534 2961 3587 me?
2983 3553 3000 3585 ι
3035 3532 3206 3587 Exilis
3227 3532 3399 3585 omnis
3420 3544 3523 3584 vox

2000 3636 2082 3679 est
2125 3640 2241 3693 quae
2285 3625 2349 3678 de
2388 3623 2614 3679 terrenis
2657 3632 2713 3678 et
2761 3622 2917 3677 ﬂuxis
2941 3623 3101 3677 rebus
3130 3619 3433 3674 obtinendis
3456 3618 3521 3671 ad

2000 3711 2162 3765 Deum
2198 3712 2477 3767 emittitur.
2510 3704 2658 3765 Hanc
2696 3710 2937 3764 Salvator
2980 3711 3045 3762 ad
3097 3709 3306 3764 Patrem
3340 3706 3518 3775 prore-

2002 3800 2214 3852 rendam
2245 3807 2423 3868 negat,
2453 3814 2571 3854 cum
2594 3800 2669 3853 ait
2698 3798 2831 3870 (94')
2856 3814 2870 3852 :
2907 3815 2925 3848 ι
2953 3798 3185 3863 Quaerite
3214 3809 3426 3863 magna.
3462 3804 3518 3847 et

1995 3901 2157 3955 parva
2189 3886 2337 3940 vobis
2370 3885 2685 3954 adjicientur
2711 3888 2971 3957 :quaerite
3022 3885 3276 3947 caelestia,
3313 3892 3366 3937 et
3405 3892 3517 3937 ter-

1999 3991 2120 4029 rena
2155 3976 2468 4041 adjicieutur
2500 3975 2665 4031 vobis.
2713 3995 2730 4026 ι

432 4231 784 4307 Ὀρτιζεσθε,
809 4240 902 4292 καί
920 4240 1005 4308 μὴ
1027 4240 1400 4308 ἁμαρτάνετε,
1428 4259 1481 4293 κ.
1507 4258 1556 4295 τ.
1584 4242 1629 4293 ὲ.
1663 4240 1776 4307 Ἥ,ι
1804 4242 1893 4310 ὁρ-

2064 4259 2223 4311 Vens.
2240 4259 2288 4311 5.
2310 4258 2623 4322 Irascimini,
2649 4270 2693 4313 et
2718 4262 2872 4315 nolite
2887 4277 3115 4324 peccare,
3134 4269 3236 4316 etc.
3250 4261 3357 4315 Vox
3377 4262 3510 4327 haec,

350 4327 588 4397 γίζεσθε,
631 4346 649 4378 ι
682 4329 829 4398 φωνὴ
864 4328 974 4398 (95)
1005 4330 1251 4399 σημαίνει
1292 4330 1351 4381 τὸ
1379 4329 1758 4400 προστακτικὸν
1790 4346 1888 4382 κα-

346 4420 673 4489 τηγόρημα’
724 4419 972 4489 σημαίνει
997 4418 1052 4470 δὲ
1079 4420 1172 4471 καὶ
1196 4418 1255 4472 τὸ
1291 4419 1556 4489 ὁριστικδν
1589 4418 1691 4470 ὑπό
1732 4434 1889 4470 τινων

348 4507 685 4579 καλούμενον
714 4508 1167 4571 διαϐεϐαιωτικὸν,
1208 4502 1314 4561 οἷον
1331 4525 1343 4537 ·
1370 4506 1709 4577 ὀργιζόμεθα,
1736 4505 1886 4575 ὀργί-

348 4596 529 4663 ζεσθε,
565 4598 891 4669 ὀργίζονται.
930 4599 1093 4652 Πάλιν
1123 4597 1260 4651 κατὰ
1288 4596 1440 4650 ἄλλον
1470 4596 1662 4665 τρόπον
1686 4597 1719 4665 ἡ
1752 4596 1884 4665 ὀργὴ

347 4688 708 4758 προσηγορία,
746 4688 837 4755 ἀφ’
867 4682 934 4759 ἦς
961 4688 1345 4758 ἐσχημάτισται
1368 4688 1449 4749 τὸ,
1483 4704 1501 4736 ι
1533 4684 1827 4756 ὀργίζεσθε,
1857 4703 1877 4735 ι

349 4777 604 4844 σημαίνει
639 4792 691 4827 τι
723 4777 1115 4845 προαιρετικὸν,
1159 4775 1224 4847 ἢν
1249 4773 1508 4844 ὼρίσαντό
1545 4789 1684 4834 τινες
1712 4772 1883 4842 ὄρεξιν

345 4857 877 4932 ἀντιτιμωρήσασθαι
923 4863 1044 4924 τοὺς
1066 4861 1373 4931 ἠδικηκέναι
1402 4859 1700 4921 δοκοῦντας.
1730 4859 1886 4930 Δηλοῑ

349 4946 403 4999 δὲ
434 4951 525 5002 καὶ
566 4950 938 5020 ἀπροαίρετον,
973 4950 1000 5002 δ
1028 4949 1242 5002 καλοῦσί
1274 4966 1415 5010 τινες
1440 4948 1769 5018 προκάθειαν
1798 4965 1881 5015 γι-

355 5038 596 5109 νομένην,
653 5038 745 5091 ὲπί
789 5056 896 5097 τισι
942 5039 997 5090 δὲ
1046 5038 1341 5107 ἐρεθισμοῖς
1388 5028 1640 5091 ἕλκουσαν
1692 5041 1772 5107 ἐφ’
1817 5042 1880 5109 ἢν

350 5126 768 5204 προωρισάμεθα
796 5127 981 5196 ὀργήν.
1011 5124 1083 5175 Τὸ
1111 5125 1291 5195 ἕτερον
1330 5126 1503 5177 τοίνυν
1542 5130 1628 5188 τὸ,
1673 5144 1693 5176 ι
1736 5127 1882 5194 όργί-

352 5204 527 5273 ζεσθε,
561 5229 579 5260 ι
611 5210 704 5269 ἐὰν
723 5209 1100 5280 λαμϐάνωμεν,
1129 5208 1269 5274 λέγω
1290 5209 1344 5262 δὲ
1369 5211 1429 5262 τὸ
1452 5211 1800 5280 ἀπροαίρετον
1822 5215 1880 5267 τὸ

419 5314 463 5346 ¹⁸
494 5316 512 5368 Ι
543 5317 696 5372 Joan.
721 5333 781 5371 ιι.
853 5319 899 5349 ³⁸
918 5317 1088 5370 Exod.
1111 5333 1217 5381 xw,
1251 5321 1335 5373 15.

419 5407 529 5477 (94)
560 5409 758 5477 Μεγάιλ

417 5474 553 5543 (94‘)
590 5474 717 5529 Vide
745 5474 1057 5543 MilliiuNov.
1094 5474 1323 5531 Testam.
1357 5482 1541 5535 Matth.
1578 5498 1653 5543 vt,
1683 5484 1771 5539 2'5.

1994 4349 2362 4410 «irascimini,»
2384 4350 2621 4417 designat
2636 4350 3003 4419 imperativum
3024 4351 3257 4413 modum,
3277 4350 3514 4418 designat

1987 4438 2145 4489 etiam
2170 4436 2524 4500 deﬁnitivum,
2551 4440 2638 4504 qui
2667 4453 2694 4488 a
2721 4438 3030 4506 quibusdam
3059 4452 3264 4505 quoque
3297 4447 3514 4491 vocatur

1988 4519 2347 4579 allirmativus.
2378 4529 2435 4575 ut
2471 4536 2591 4575 cum
2623 4523 2846 4578 dicimus
2872 4542 2885 4575 :
2918 4523 3219 4587 irascimur,
3249 4524 3509 4577 irascimi—

1985 4608 2062 4671 ni,
2086 4608 2405 4662 irascuntur.
2427 4609 2630 4664 Rursus
2648 4611 2753 4664 alio
2771 4615 2925 4666 modo
2945 4612 3038 4666 ira:
3060 4613 3342 4681 appellatio
3359 4628 3385 4663 a
3408 4627 3510 4681 qua

1985 4697 2266 4751 deductum
2299 4707 2385 4753 est
2426 4700 2573 4766 illud,
2605 4718 2622 4751 ι
2645 4700 2947 4764 irascimini,
2979 4721 2996 4755 ι
3028 4703 3296 4770 signiticat
3324 4704 3510 4756 volun-

1986 4784 2174 4837 tarium
2198 4785 2489 4854 quidpiam,
2513 4790 2652 4855 quod
2677 4790 2914 4843 nonnulli
2942 4790 3282 4855 deﬁnierunt,
3299 4805 3388 4844 eos
3417 4790 3505 4857 qui

1986 4871 2136 4941 561
2175 4873 2372 4928 lassisse
2400 4876 2664 4941 videntur,
2693 4877 2976 4932 ulciscendi
3009 4878 3383 4947 appetentiam.
3420 4876 3495 4930 Si.

1985 4958 2200 5026 gniﬁcat
2224 4962 2385 5015 etiam
2414 4962 2849 5030 involuntarium,
2882 4966 3020 5034 quod
3049 4980 3077 5016 a
3106 4964 3373 5018 nonnullis
3404 4978 3501 5015 vo-

1984 5055 2136 5100 catur
2158 5049 2325 5117 prima
2354 5053 2636 5106 commotio
2656 5092 2670 5114 ,
2702 5069 2817 5121 quae
2845 5054 3006 5107 certis
3035 5051 3344 5118 quibusdam
3378 5051 3501 5100 irri—

1987 5133 2272 5188 lotionibus
2305 5138 2468 5192 trahit
2516 5140 2581 5191 ad
2626 5153 2739 5192 eam
2775 5154 2932 5205 quam
2978 5136 3124 5204 prius
3169 5133 3503 5186 dctinivimus

1983 5218 2136 5273 iram.
2168 5220 2316 5287 Quod
2345 5226 2391 5277 si
2421 5224 2472 5278 in
2500 5225 2643 5279 hunc
2674 5226 3021 5294 posteriorem
3051 5232 3260 5273 sensum
3293 5217 3503 5284 accipio

762 5407 1036 5491 ,Α
1062 5418 1161 5491 etc.
1200 5412 1417 5491 Schedap
1458 5415 1760 5491 Qombeiisii
1783 5457 1797 5480 ,
1832 5430 1883 5474 et
1919 5421 2126 5491 Grabii,
2157 5421 2323 5478 codex
2351 5419 2727 5480 Coislinianus,
2760 5414 2945 5470 Daniel
2971 5415 3257 5466 Barbarus.

418 5540 541 5614 (95)
574 5544 649 5608 Ἡ,
689 5561 706 5592 ι
749 5540 1069 5609 ὀργίζὲσθε,
1112 5560 1129 5590 ι
1160 5544 1340 5611 φωνή,
1383 5559 1484 5604 etc.
1528 5540 1698 5607 Codd.
1724 5551 1903 5611 Baroct

2005 5564 2120 5625 Eloe,
2152 5558 2360 5614 scheda‘.
2385 5549 2713 5613 Combelisii,
2738 5557 2791 5601 ct
2816 5544 3000 5600 Daniel
3028 5541 3313 5595 Barbarus.
