3958 6228
320 269 466 329 Ηιὸ
682 274 693 285 “
1348 274 1646 331 SELECTA
1683 272 1748 326 lN
1778 273 1888 328 PSA

1987 273 2109 328 lOS.
2142 304 2210 314 —-
2250 274 2440 327 PSAL.
2481 271 2564 325 ιν.
3386 270 3521 325 1146

334 382 524 436 Ἰιλίου
550 383 677 452 περὶ
716 385 942 453 Ἀχαάϐ·
983 385 1075 439 καὶ
1099 382 1216 437 εἶπε
1253 386 1472 457 Κύριοςιι
1519 384 1788 455 Ἑώρακας
1810 384 1884 446 ὡς

1987 386 2167 440 Achab
2198 400 2225 437 a
2257 385 2392 437 faeie
2420 382 2574 435 mea?
2595 370 2981 435 Non'inducam
3026 378 3222 437 malum
3258 380 3310 433 in
3337 380 3524 435 diebus

318 470 608 542 κατενύγη
654 472 862 540 Ἀχαάϐ
902 474 1008 525 ἀπὸ
1049 473 1334 542 προσώπου
1379 490 1512 543 μου;
1547 475 1657 526 Οὐκ
1707 472 1888 537 ἐπάξω

1989 475 2124 541 ejus.
2156 491 2174 523 ι
2208 473 2273 526 Et
2300 472 2351 524 in
2385 471 2826 538 quinquagesimo
2865 485 3007 523 nono
3034 470 3275 538 psalmo:
3311 487 3330 519 ι
3360 470 3521 523 Com-

313 568 429 631 τὴν
466 561 665 617 κακίαν
715 563 775 615 ὲν
822 567 940 626 ταῖς
979 564 1211 633 ήμέραις
1260 564 1441 616 αὐτοῦ.
1494 582 1512 613 ι
1571 564 1678 615 Καὶ
1718 565 1774 615 ὲν
1815 561 1888 630 τῷ

1992 561 2226 625 movisti,
2255 559 2421 628 inquit
2445 562 2513 621 ",
2543 568 2762 621 terram‘,
2782 568 2836 610 et
2861 558 3189 611 conturbasti
3217 573 3354 611 eam.
3383 556 3521 609 Sana

313 655 383 706 δὲ
412 652 772 722 πεντηκοστῷ
793 655 997 723 ἑννάτῳ
1019 653 1231 722 ψαλμῷ·
1264 673 1280 703 ι
1313 654 1645 715 Συνέσεισας,
1686 671 1703 702 ι
1737 653 1887 721 φησὶ,

1989 650 2341 704 contritiones
2365 650 2499 717 ejus,
2532 649 2659 716 quia
2688 656 2953 700 commota
2979 654 3077 699 est.
3102 646 3394 700 Ostendisti
3425 660 3520 713 po-

321 764 342 795 α
392 745 499 813 τὴν
523 743 653 812 γῆν,
696 744 793 795 καὶ
828 743 1192 813 συνετάραξας
1224 744 1409 812 αύτήν.
1459 745 1634 795 Ἴασαι
1662 743 1728 794 τὰ
1769 759 1888 793 συν-

1989 736 2111 805 pulo
2139 745 2229 789 tuo
2254 738 2410 797 dura,
2453 735 2643 802 potasti
2679 748 2774 785 nos
2801 733 2923 785 vino
2951 731 3394 799 compunctionis.
3425 733 3519 784 De-

312 833 623 902 τρίμματα
670 832 873 901 αὐτῆς,
920 833 999 883 ὃτι
1058 830 1337 902 ἐσαλεύθη.
1383 828 1623 893 Ἔδειξας
1663 829 1739 897 τῷ
1779 829 1888 898 λαῷ

1987 829 2110 881 disti
2143 827 2454 880 timentibus
2489 836 2536 877 te
2564 822 3026 891 significationem,
3060 829 3115 872 ut
3148 820 3350 889 fugiant
3378 836 3406 871 a
3438 821 3521 872 fa-

313 936 423 971 σου
503 919 743 989 σκληράο
798 920 1054 981 ὲπότισας
1131 920 1274 988 ἡμᾶς
1341 914 1477 969 οἶνον
1530 916 1885 981 κατανύξεως.

1988 919 2070 973 cie
2099 930 2274 970 arcus.
2304 933 2323 965 ι
2357 915 2573 968 Fatetur
2597 914 2735 966 enim
2768 911 3028 978 Proiiheta
3058 919 3289 977 potatum
3317 924 3375 961 se
3400 910 3523 961 vino

318 1008 592 1070 Ἔδωκας
617 1010 732 1070 τοῖς
775 1008 1123 1078 φοϐουμένοις
1161 1024 1219 1058 σε
1246 1006 1536 1077 σημείωσιν
1576 1005 1666 1057 τοῦ
1704 1007 1888 1072 φυγεῖν

1987 1004 2433 1073 compunctionis.
2465 1003 2530 1056 Et
2561 1003 2812 1071 quoniam
2840 1000 2998 1054 verba
3029 1000 3219 1069 quibus
3241 999 3524 1065 reprehen-

1989 1107 2081 1147 sus
2117 1092 2338 1158 fuerat,
2372 1102 2430 1144 ut
2474 1092 2546 1144 ita
2578 1091 2775 1156 dicam,
2824 1098 3146 1143 concoxerat
3171 1128 3186 1151 ,
3216 1098 3270 1142 et
3306 1089 3373 1142 ab
3420 1088 3523 1141 illis

1989 1196 2176 1250 passus
2205 1190 2326 1235 erat
2353 1182 2848 1248 compunctioncm,
2881 1179 3078 1233 idcirco
3108 1177 3304 1230 fatetur
3333 1192 3391 1230 se
3421 1193 3521 1229 una

1988 1284 2106 1324 cum
2159 1268 2518 1323 metuentibus
2567 1268 2730 1320 Deum
2768 1267 3040 1333 accepisse
3080 1265 3520 1332 signilicalionem

1987 1365 2046 1410 ut
2072 1357 2279 1424 fugeret
2304 1356 2545 1425 sagittas,
2573 1371 2689 1423 qua:
2716 1357 2785 1408 ab
2812 1370 2938 1407 arcu
2971 1355 3060 1406 Dei
3092 1362 3273 1406 contra
3311 1352 3520 1419 impios,

1985 1454 2039 1499 et
2062 1445 2412 1515 persistentes
2440 1445 2489 1497 in
2533 1445 2798 1513 peccatis,
2833 1457 2932 1496 nec
2962 1443 3328 1512 pmuitentiam
3358 1455 3521 1508 agen-

314 1096 440 1148 ἁπὸ
475 1094 782 1165 προσώπου
811 1096 985 1160 τόξου.
1023 1115 1039 1146 ι
1074 1095 1395 1147 Πεποτίσθαι
1416 1094 1521 1163 γάρ
1546 1092 1789 1161 ὁμολογεῖ
1815 1090 1890 1160 τῷ

313 1185 459 1252 οἴνῳ
494 1185 602 1253 τῆς
635 1182 977 1247 κατανύξεως
1015 1184 1043 1235 ό
1069 1183 1371 1251 Προφήτης.
1407 1181 1514 1233 Καὶ
1545 1181 1684 1240 ἐπεὶ,
1711 1180 1775 1232 ἵν’
1799 1179 1887 1231 ού-

313 1290 437 1333 τως
463 1272 635 1333 εἴπω,
668 1272 834 1340 ἔπεψε
876 1272 999 1333 τοὺς
1029 1269 1213 1337 λόγους
1244 1271 1366 1332 τοὺς
1402 1270 1762 1336 ὲλεγκτικοὺς,
1797 1268 1889 1320 καὶ

316 1358 606 1411 πέπονθεν
636 1358 731 1409 ἀπ’
760 1358 937 1410 αὐτῶν
970 1356 1058 1409 τὸν
1092 1357 1450 1425 κατανυγμὸν,
1489 1356 1576 1409 διὰ.
1624 1357 1778 1408 τοῦτο
1810 1357 1888 1407 εί-

315 1448 570 1516 ληφέναι
620 1447 873 1516 ὁμολογεῖ
918 1448 1053 1516 μετά
1088 1447 1197 1499 τῶν
1245 1446 1584 1515 φοϐουμένων
1628 1446 1689 1497 τὸ
1739 1446 1889 1498 Θεῖον

317 1533 644 1602 σημείωσιν
679 1535 758 1595 εἰς
789 1532 849 1584 τὸ
895 1536 1080 1600 φυγεῖν
1116 1533 1183 1585 τά
1212 1531 1336 1601 βέλη
1374 1533 1440 1584 τὰ
1469 1532 1574 1584 ἀπὸ
1614 1533 1705 1584 τοῦ
1736 1532 1887 1597 τόξου

1990 1545 2064 1590 les
2086 1535 2459 1588 immittuntur.
2488 1534 2551 1587 Et
2588 1534 2636 1585 in
2665 1531 2844 1585 Genesi
2875 1533 3129 1599 scriptum
3160 1539 3241 1583 est
3266 1531 3346 1584 ":
3378 1549 3395 1579 ι
3430 1529 3519 1582 Di—

315 1621 669 1691 πεμπόμενα
700 1620 794 1674 τοῦ
823 1621 955 1672 Θεοῦ
989 1621 1078 1673 ἐπὶ
1101 1623 1225 1681 τοὺς
1246 1619 1455 1681 ἀσεϐεῖς
1486 1620 1579 1671 καὶ
1613 1619 1884 1688 παραμεί-

1987 1625 2064 1677 xit
2103 1636 2275 1677 autem
2316 1625 2451 1677 Esau
2488 1624 2551 1676 ad
2583 1633 2784 1688 patrem
2837 1636 3030 1674 suum:
3067 1619 3309 1687 Nunquid
3357 1619 3520 1671 bene-

314 1728 537 1773 ναντας
567 1710 664 1762 ἐπὶ
685 1712 799 1771 τοῖς
827 1710 1042 1788 ἀμαρτή
1052 1726 1200 1778 μασι,
1225 1708 1315 1761 καὶ
1338 1708 1411 1777 μὴ
1440 1710 1884 1777 μετανοήσαντας.

1987 1712 2148 1765 dictio
2170 1728 2270 1765 una
2296 1712 2386 1765 tibi
2414 1720 2518 1774 est,
2547 1712 2736 1777 pater?
2766 1709 3093 1777 Compunctn
3125 1718 3302 1762 autem
3337 1706 3484 1762 Isaac
3503 1747 3519 1771 ,

315 1800 436 1850 Καὶ
466 1802 532 1852 ὲν
565 1800 635 1867 τῇ
664 1796 928 1851 Γενέσει·
972 1816 992 1848 ι
1022 1794 1155 1850 Eine
1182 1797 1239 1850 δὲ
1278 1796 1444 1849 Ἠσαῦ
1487 1796 1620 1865 πρὸς
1657 1796 1745 1848 τὸν
1788 1812 1888 1848 πα-

1990 1800 2312 1859 exclamavit
2362 1812 2488 1850 voce
2541 1797 2679 1849 Esau
2709 1834 2724 1858 ,
2766 1806 2819 1849 et
2865 1796 3026 1849 flevit.
3065 1813 3084 1846 ι
3118 1796 3377 1849 Caeterum
3427 1810 3522 1863 pro

310 1889 462 1962 τέρα
535 1886 728 1940 αὐτοῦ·
782 1889 872 1957 Μὴ
911 1887 1124 1955 εὐλογία
1172 1886 1270 1956 μία
1338 1886 1417 1938 σοί
1474 1887 1619 1947 ἐστι,
1680 1885 1883 1954 πάτερ;

1995 1906 2014 1938 ι
2036 1885 2469 1955 compungimini,
2493 1903 2510 1935 ι
2556 1885 2747 1952 Aquila
2776 1894 2828 1939 et
2867 1883 3191 1946 Thcodotio,
3229 1902 3247 1933 ι
3279 1892 3467 1945 tacete,
3498 1902 3515 1934 ι

314 1973 787 2046 Κατανυχθέντος
809 1974 865 2024 δὲ
897 1974 1097 2037 Ἰσαὰκ,
1122 1973 1378 2041 ἀνεϐόησε
1400 1975 1546 2041 φωνῇ
1583 1970 1767 2032 Ἡσαῦ,
1794 1971 1886 2022 καὶ

311 2068 620 2120 ἔκλαυσεν.
660 2084 680 2116 ι
725 2063 867 2117 Ἀντὶ
893 2062 1070 2131 μέντοι
1097 2061 1209 2127 τοῦ,
1244 2061 1597 2129 κατανύγητε,
1631 2079 1648 2109 ι
1691 2060 1887 2128 σιωπή-

1988 1976 2346 2039 reddiderunt,
2378 1979 2521 2042 quod
2554 1974 2913 2042 Symmachus
2945 1974 3109 2040 magis
3139 1982 3374 2040 apertam
3405 1988 3520 2026 ver-

1988 2062 2174 2116 borum
2206 2062 2474 2115 notiouem
2507 2061 2814 2129 proferens,
2855 2079 2873 2110 ι
2896 2062 3171 2128 quiescite,
3205 2080 3225 2113 ›
3260 2063 3520 2129 interpre-

1990 2160 2129 2204 tatus
2155 2159 2255 2203 est.
2299 2149 2501 2203 Sensus
2528 2160 2609 2203 est
2640 2136 2673 2202 ε’
2705 2150 2760 2202 1η
2796 2150 3059 2203 cubilibus
3086 2149 3281 2204 vestris
3312 2160 3520 2203 secreto

1988 2237 2128 2290 intra
2158 2252 2253 2291 vos
2281 2246 2558 2305 reputate,
2599 2236 2849 2290 nimirum
2881 2251 2997 2306 quze
3027 2251 3056 2288 a
3086 2236 3233 2290 vobis
3259 2251 3352 2303 per
3377 2237 3520 2289 diem

314 2173 457 2209 σατε
502 2174 526 2206 ι
581 2154 813 2217 Ἀκύλας
842 2153 935 2207 καὶ
962 2150 1249 2205 Θεοδοτίων
1275 2149 1655 2202 ὲκδεδὼκασινο
1686 2149 1821 2217 ὅπερ
1858 2149 1887 2201 ὁ

312 2245 634 2314 Σύμμαχος
677 2261 697 2295 ι
727 2242 1033 2312 ήσυχάσατε
1067 2259 1086 2291 ι
1121 2241 1418 2309 ὲρμήνευσε
1449 2238 1768 2307 σαφέστερον
1799 2237 1889 2288 ὲκ-

311 2334 617 2403 τιθέμενος
682 2332 744 2384 τὸ
794 2332 902 2384 ἀπὸ
956 2330 1063 2381 τῶν
1117 2329 1293 2399 ῥητῶν
1342 2328 1694 2397 δηλούμενον
1753 2327 1887 2395 ὅπερ

1988 2333 2134 2393 gesta
2165 2333 2326 2387 sunt,
2363 2334 2415 2377 et
2454 2340 2575 2378 cum
2623 2325 2762 2380 facta
2797 2335 2973 2377 vestra
3011 2323 3374 2394 expenderitis
3397 2362 3415 2388 ,
3444 2325 3522 2377 sic

310 2420 573 2473 τοιοῦτον
602 2419 716 2488 ἔχει
746 2417 867 2471 νοῦν
886 2434 900 2447 ·
947 2417 1067 2467 Ἐπὶ
1091 2416 1189 2484 τῆς
1212 2414 1394 2484 κοίτης
1421 2414 1571 2482 ὑμῶν
1599 2413 1656 2465 ὲν
1683 2413 1888 2474 ἑαυτοῖς

1990 2412 2198 2467 demum
2230 2414 2507 2480 quiescite.

313 2514 468 2568 κατά
517 2513 582 2565 τὸ
624 2510 863 2581 κρυπτὸν
900 2507 1241 2578 διαλέχθητεο
1276 2504 1431 2575 δῆλον
1459 2505 1505 2556 δ’
1547 2505 1626 2556 ὅτι
1665 2503 1733 2556 τά
1779 2503 1892 2573 μεθ’
1924 2503 2132 2574 ἡμέραν
2169 2504 2521 2575 πεπραγμένα
2570 2520 2662 2557 και
2715 2503 2782 2557 τά
2820 2518 2945 2573 περι
2999 2503 3191 2566 αὐτοὺς
3234 2503 3524 2583 ἐπισκεψά-

316 2622 478 2676 μενοι
511 2604 692 2666 οῦτως
719 2601 1039 2672 ἡσυχάσυιτε.

389 2696 644 2750 Θύσατε
675 2692 895 2746 θυσίαν
923 2691 1324 2756 δικαιοσύνης,
1354 2686 1450 2739 καὶ
1481 2686 1764 2739 ἐλπίσατε
1791 2684 1888 2737 ἐπὶ

2057 2683 2220 2736 Vsus.
2253 2682 2304 2735 6.
2348 2680 2657 2749 Sacriﬁcale
2698 2678 3015 2745 sacrificium
3047 2680 3292 2746 justitiw,
3320 2688 3369 2732 et
3403 2697 3520 2748 spe-—

313 2790 573 2854 Κύριον,
616 2800 672 2835 κ.
715 2799 767 2834 τ.
814 2783 861 2833 ἐ.
900 2781 959 2832 '0
989 2780 1047 2845 ἐξ
1071 2778 1264 2832 ἀδίκων
1296 2777 1475 2846 πόρων
1510 2775 1617 2844 (97)
1662 2773 1888 2844 προσφέ-

1989 2782 2098 2825 rate
2129 2775 2182 2825 in
2212 2771 2459 2834 Domino,
2486 2779 2590 2824 etc.
2624 2769 2737 2822 Non
2767 2771 2858 2839 qui
2895 2785 2960 2823 ex
2994 2769 3204 2838 iniustis
3234 2771 3397 2823 lucris
3429 2772 3523 2824 do-

318 2892 432 2947 ρων
463 2872 532 2925 ού
566 2868 912 2936 δικαιοσύνης
943 2866 1058 2918 θύει
1085 2865 1292 2926 θυσίαν,
1316 2864 1409 2916 καὶ
1428 2864 1456 2914 ό
1481 2862 1556 2931 μὴ
1582 2861 1698 2913 κατ’
1732 2860 1887 2922 ἀξίαν

1988 2872 2100 2926 nat,
2127 2874 2222 2914 nec
2248 2861 2337 2928 qui
2368 2875 2433 2912 ex
2460 2860 2628 2927 partis
2656 2858 2831 2922 bonis,
2859 2866 2917 2911 ut
2947 2874 3042 2926 par
3071 2867 3171 2923 est,
3199 2859 3521 2927 pauperibus

314 2960 391 3017 ὧν
418 2962 703 3028 κέκτηται
735 2957 968 3027 μερίζων
998 2957 1110 3016 τοῖς
1133 2953 1421 3023 δεομένοις,
1456 2951 1548 3003 καὶ⁹
1576 2953 1603 3003 ὁ
1625 2952 1688 3002 ὲκ
1718 2949 1888 3019 λύπης

1989 2964 2097 3004 non
2130 2949 2404 3004 distribuit
2434 2988 2448 3010 ,
2493 2964 2589 3002 nec
2621 2949 2709 3016 qui
2744 2949 2929 3001 dolens
2957 2962 3021 3001 ac
3070 2956 3287 3001 coactus
3314 2948 3440 3011 dat,
3479 2949 3524 3002 is

316 3054 415 3108 καὶ
451 3051 519 3117 ἐξ
562 3049 813 3117 ἀνάγκης
855 3045 1046 3108 διδούς.
1080 3043 1391 3110 Σαφέστατα
1422 3041 1477 3094 δὲ
1507 3040 1764 3104 διδάσκει,
1804 3040 1886 3092 ὅτι

315 3141 380 3195 ού
408 3156 482 3191 πε
491 3139 551 3209 pi.
571 3135 685 3188 τῶν
714 3133 910 3187 θυσιῶν
939 3126 1012 3185 ὧν
1039 3130 1373 3199 ὲξειλήφασιν
1401 3131 1448 3181 οἱ
1478 3128 1886 3197 ἐντυγχάνοντες

316 3234 436 3292 τοῖς
475 3225 732 3297 βιϐλίοις,
761 3221 887 3293 περὶ
919 3220 1119 3275 τούτων
1148 3218 1441 3273 ἐνετείλατο
1468 3218 1496 3268 ὁ
1525 3217 1664 3279 θεῖος
1694 3215 1847 3283 λόγος
1870 3230 1882 3246 ο

321 3308 429 3377 ἔφη
452 3306 570 3378 γὰρ
594 3311 653 3360 έν
672 3308 1082 3376 τεσσαρακοστῷ
1103 3306 1295 3375 ψαλμῷ
1309 3322 1322 3337 ν
1348 3325 1366 3357 ι
1387 3308 1442 3359 '0
1462 3307 1608 3371 Θεὸς,
1631 3307 1760 3370 Θεός
1786 3323 1878 3360 σου

322 3401 445 3469 είμὶ
474 3397 614 3466 ἐγώ.
639 3398 755 3449 Ούκ
781 3398 871 3448 ἐπὶ
897 3400 1013 3458 ταῖς
1036 3396 1240 3457 θυσίαις
1267 3412 1355 3448 σου
1389 3394 1584 3462 ἐλέγξω
1606 3412 1663 3447 σε
1684 3412 1697 3426 ο
1726 3397 1792 3448 τὰ
1821 3396 1879 3449 δὲ

322 3483 773 3553 ὁλοκαυτώματά
797 3500 888 3535 σου
923 3482 1143 3535 ἐνώπιόν
1179 3498 1277 3551 μου
1306 3482 1420 3533 ἐστὶ
1443 3481 1528 3534 διὰ
1560 3483 1771 3544 παντός.
1799 3484 1872 3535 Ού

323 3577 558 3645 δέξομαι
575 3575 641 3625 ὲκ
654 3573 750 3625 τοῦ
771 3572 916 3624 οίκου
935 3589 1026 3624 σου
1050 3572 1295 3641 μόσχους,
1309 3570 1412 3622 οὐδ’
1426 3573 1488 3622 ὲκ
1506 3571 1609 3623 τῶν
1631 3573 1885 3641 ποιμνίων

328 3681 428 3716 σου
466 3663 839 3733 χειμάρρουςε
883 3661 987 3729 ἐ.μά
1024 3661 1129 3731 γάρ
1157 3663 1268 3713 ἐστι
1306 3661 1475 3714 πάντα
1498 3660 1564 3713 τά
1602 3661 1762 3730 θηρία
1796 3661 1886 3714 τοῦ

330 3753 538 3822 ἀγροῦ,
565 3753 738 3821 κτήνη
767 3751 824 3802 ὲν
849 3753 958 3810 τοῖς
988 3749 1133 3819 ὄρεσι
1162 3749 1253 3800 καὶ
1282 3747 1417 3816 βόες.
1446 3749 1691 3815 Ἔγνωκα
1718 3749 1888 3802 πάντα

328 3841 401 3893 τά
447 3839 680 3892 πετεινά
719 3838 812 3888 τοῦ
853 3836 1105 3905 ούρανοῦ,
1143 3837 1236 3887 καὶ¹
1275 3835 1537 3904 ὼραιότης
1572 3834 1738 3905 ἀγροῦ
1775 3835 1887 3904 μετ’

330 3928 475 3997 ἐμοῦ
503 3929 677 3978 ἐστιν.
702 3924 827 3977 Ἐἀν
854 3926 1106 3984 πεινάσω,
1129 3924 1199 3991 μή
1225 3940 1305 3975 σοι
1324 3924 1475 3974 εἴπω·
1501 3921 1606 3990 ἐμὴ
1626 3924 1730 3991 γάρ
1750 3924 1889 3973 ἐστιν

328 4020 363 4086 ή
397 4014 705 4082 οἰκουμένη
744 4012 837 4064 καὶ
880 4013 939 4064 τὸ
980 4012 1244 4080 πλήρωμα
1283 4010 1466 4079 αὐτῆς.
1520 4010 1610 4080 Μή
1652 4011 1888 4079 φάγομαι

333 4106 481 4173 κρέα
506 4102 747 4172 ταύρων,
774 4101 806 4170 ἢ
836 4098 971 4170 αἷμα
1001 4101 1211 4169 τράγων
1236 4099 1453 4167 πίομαι;
1477 4099 1644 4152 θῦσον
1676 4100 1750 4170 τῷ
1775 4102 1893 4168 Θεῷ

332 4194 539 4247 θυσίαν
586 4191 869 4252 αἰνέσεως,
904 4191 994 4241 καὶ
1020 4189 1210 4251 ἀπόδος
1236 4187 1311 4256 τῷ
1351 4187 1582 4258 Ὑψίστῳ
1614 4190 1710 4251 τὰς
1736 4195 1892 4258 air/ﬁ.-

326 4300 450 4338 σου.
497 4283 617 4337 Καὶ
658 4279 971 4333 ὲπικάλεσαί
1002 4295 1068 4348 με
1097 4280 1355 4348 ἐνήμέρᾳ
1384 4279 1628 4347 θλίψεως,
1664 4280 1757 4331 καὶ
1803 4279 1887 4343 ἐξα
1921 4310 1963 4363 D

323 4372 569 4442 ελοῦμαί
590 4388 673 4433 σε,
692 4368 1039 4433 καιδοξάσεις
1064 4385 1148 4438 με.
1173 4387 1190 4418 ι
1219 4369 1325 4422 Καὶ
1353 4369 1409 4421 ὲν
1423 4368 1499 4438 τῷ
1525 4370 1882 4439 πεντηκοστιῇ⁸

329 4465 516 4521 «Ὅτι,
543 4463 595 4513 εί
635 4459 902 4528 ἠθέλησας
930 4457 1133 4521 θυσίαν,
1166 4458 1335 4511 ἔδωκα
1369 4458 1453 4522 ἂν,
1477 4458 1887 4528 ὁλοκαυτώματα

322 4551 431 4601 οὐκ
478 4549 819 4617 εύδοκήσεις.
860 4547 1029 4598 Θυσία
1060 4547 1133 4616 τῷ
1170 4546 1284 4616 Θεῷ
1317 4546 1526 4617 πνεῦμα
1574 4564 1886 4618 συντετριμ-

326 4638 497 4705 μένον
526 4677 541 4691 .
571 4636 815 4707 Καρδίαν
841 4636 1294 4706 συντετριμμένην
1319 4639 1409 4689 καὶ
1433 4639 1893 4708 τεταπεινωμένην

322 4727 353 4776 ὁ
384 4726 527 4788 Θεὸς
568 4726 671 4777 οὐκ
698 4724 1056 4789 ὲξουδενώσει.
1087 4743 1105 4776 ι
1148 4727 1254 4778 Καὶ
1282 4727 1338 4779 ὲν
1362 4726 1537 4789 ἄλλοις
1559 4742 1573 4758 ’
1611 4747 1628 4777 ι
1658 4728 1754 4801 Τά.
1776 4729 1892 4781 ὁλο-

312 4814 677 4885 καυτώματα
696 4814 849 4883 ὑμῶν
872 4812 965 4866 καὶ
985 4814 1039 4865 αἱ
1057 4814 1228 4868 θυσίαι
1251 4816 1346 4885 ούχ
1369 4816 1563 4884 ήδυνάν
1594 4834 1701 4887 μοι.
1723 4837 1740 4868 υ
1773 4820 1892 4870 Ἔτι

323 4905 382 4958 δὲ
415 4906 516 4959 καὶ
544 4907 604 4957 ὲν
625 4905 703 4975 τῷ
741 4902 983 4975 Ἱερεμίᾳ
1000 4919 1013 4933 ’
1067 4923 1086 4955 ι
1111 4907 1181 4958 Ού
1208 4906 1396 4968 ταῦτα,
1421 4908 1598 4975 φησιν,
1630 4909 1891 4961 ἐνετειλά-

328 5012 440 5064 μην
462 4997 582 5056 τοῖς
605 4996 876 5065 πατράσιν
914 4990 1152 5064 ὑμῶν,
1187 4997 1364 5065 ἡμέρᾳ
1396 4996 1662 5065 ἀνήγαγον
1697 4998 1887 5061 αὐτοὺς

323 5084 391 5135 ἐκ
422 5086 534 5153 γῆς
560 5083 861 5150 Αἰγύπτου,
897 5079 1027 5148 περὶ
1057 5079 1505 5153 ὁλοκαυτωμάτων
1549 5082 1639 5137 καὶ
1665 5085 1849 5148 θυσίας
1869 5104 1882 5117 ·

323 5172 444 5225 ἀλλ’
486 5174 520 5242 ἦ
575 5173 636 5225 τδ
684 5172 837 5240 ῥῆμα,
887 5166 1046 5220 τοῦτο
1086 5171 1427 5241 ἐνετειλάμην
1470 5174 1647 5234 αὐτοῖς
1680 5173 1881 5241 λέγων·

1987 3039 2253 3094 sacriﬁcat
2285 3037 2602 3094 sacrificium
2628 3038 2869 3106 justitizn.
2895 3038 3308 3092 Evidentissime
3343 3047 3519 3092 autem

1986 3129 2140 3182 docet
2168 3144 2271 3181 non
2313 3128 2380 3181 de
2410 3127 2731 3190 sacrificiis.
2781 3141 2899 3194 quae
2941 3142 3213 3181 sacrorum
3261 3128 3522 3181 librorum

1985 3214 2210 3270 lectores
2258 3224 2651 3284 exposuerunt,
2703 3214 3023 3282 praecepisse
3056 3215 3244 3269 Deum.
3286 3213 3418 3268 Nam
3466 3214 3520 3267 in

1985 3306 2392 3372 quadragesimo
2420 3304 2624 3371 psalmo
2649 3304 2725 3356 ait
2749 3305 2829 3356 ’δε
2871 3322 2890 3355 ι
2921 3304 3078 3366 Deus,
3111 3303 3249 3358 Deus
3279 3315 3400 3358 tuus
3423 3319 3523 3374 ego

1985 3407 2122 3446 sum.
2157 3391 2271 3446 Non
2304 3392 2355 3445 in
2396 3392 2674 3447 sacrificiis
2704 3393 2807 3447 tuis
2838 3407 3058 3463 arguam
3094 3403 3177 3449 te:
3212 3394 3521 3449 holocausta

1986 3489 2159 3534 autem
2192 3490 2279 3534 tua
2309 3482 2361 3533 in
2394 3491 2679 3549 conspectu
2718 3495 2834 3534 meo
2867 3492 2991 3535 sunt
3021 3496 3249 3548 semper.
3287 3480 3398 3534 Non
3430 3497 3520 3535 ac-

1987 3569 2177 3635 cipiam
2240 3569 2304 3622 de
2341 3570 2496 3622 domo
2533 3577 2615 3621 tua
2665 3569 2858 3622 vitulos
2884 3606 2901 3633 ,
2947 3582 3116 3636 neque
3152 3570 3218 3622 de
3267 3569 3519 3638 gregibus

1988 3658 2092 3711 tuis
2123 3657 2334 3713 hircos:
2366 3672 2497 3712 mea:
2530 3658 2669 3713 enim
2699 3667 2825 3712 sunt
2850 3673 3036 3712 omnes
3087 3658 3212 3712 ferae
3246 3659 3398 3725 agri,
3427 3657 3517 3723 ju-

1987 3753 2163 3797 menta
2200 3746 2253 3799 in
2283 3746 2549 3799 montibus
2584 3754 2638 3799 et
2670 3746 2854 3800 boves.
2886 3745 3119 3816 Cognovi
3161 3747 3338 3800 omnia
3375 3747 3521 3800 vola-

1988 3832 2096 3885 tilia
2123 3832 2241 3886 caeli
2266 3871 2281 3896 ,
2313 3843 2366 3886 et
2403 3832 2739 3900 pulchritudo
2768 3836 2882 3904 agri
2930 3849 3135 3889 mecum
3164 3843 3264 3887 est.
3314 3834 3369 3887 Si
3401 3850 3522 3888 esu-

1989 3923 2147 3985 riero,
2181 3937 2283 3975 non
2329 3922 2500 3975 dicam
2545 3922 2677 3976 tibi:
2725 3938 2876 3978 meus
2899 3932 2982 3978 est
3009 3925 3149 3978 enim
3196 3925 3339 3977 orbis
3368 3935 3522 3978 terra:

1987 4008 2142 4079 563
2166 4018 2220 4062 et
2243 4010 2512 4078 plenitudo
2537 4009 2670 4076 ejus.
2698 4009 2945 4081 Nunquid
2971 4014 3301 4066 manducabo
3330 4029 3520 4067 carnes

1989 4109 2278 4163 taurorum,
2305 4111 2395 4153 aut
2415 4101 2723 4170 sanguinem
2748 4103 3019 4156 hircorum
3047 4103 3279 4169 potabo?
3303 4103 3518 4156 lmmola

1989 4192 2097 4245 Deo
2123 4190 2450 4244 sacrificium
2480 4191 2669 4255 laudis,
2699 4198 2753 4243 et
2777 4192 2938 4245 redde
2961 4191 3236 4245 Altissimo
3262 4202 3383 4245 vota
3407 4201 3515 4246 tua.

1989 4280 2053 4334 Et
2083 4281 2268 4335 invoca
2311 4296 2396 4334 me
2438 4282 2490 4332 in
2538 4281 2621 4334 die
2650 4279 3006 4334 tribulationis
3026 4320 3039 4345 ,
3072 4290 3123 4334 et
3152 4296 3337 4335 eruam
3366 4291 3438 4347 te,
3467 4291 3522 4336 et

1992 4371 2368 4424 honorificahis
2401 4386 2503 4424 me.
2539 4389 2558 4421 ι
2589 4370 2653 4424 Ει
2679 4371 2731 4423 in
2755 4370 3195 4439 quinquagesimo
3220 4371 3265 4403 "
3290 4387 3303 4423 :
3327 4390 3346 4424 ι
3381 4373 3524 4437 Quo-

1989 4446 2128 4513 niam
2156 4460 2200 4512 si
2235 4460 2489 4515 voluisses
2521 4460 2862 4526 sacriﬁcium,
2892 4461 3156 4516 dedissem
3193 4463 3393 4528 utique,
3421 4462 3520 4515 ho-

1988 4547 2239 4602 locaustis
2267 4564 2368 4601 non
2401 4549 2767 4604 delectaberis.
2803 4550 3136 4604 Sacrificimn
3168 4552 3275 4604 Deo
3300 4550 3521 4619 spiritus

1990 4635 2393 4691 contribulatus.
2445 4639 2549 4691 Cor
2584 4630 2958 4693 contritum'et
3007 4639 3335 4692 humilialum
3386 4640 3525 4693 Deus

1988 4742 2092 4780 non
2138 4728 2410 4797 despiciet.
2446 4748 2464 4781 ι
2503 4730 2565 4783 Ει
2596 4729 2720 4784 alibi
2742 4730 2820 4784 ":
2857 4747 2875 4781 ι
2907 4730 3225 4785 llolocausta
3262 4738 3435 4783 vestra
3468 4738 3522 4782 et

1990 4817 2250 4871 sacrificia
2281 4835 2382 4873 nou
2418 4820 2821 4874 laetificaverunt
2851 4836 2951 4875 me.
2987 4838 3006 4870 ι
3042 4819 3096 4872 1η
3125 4818 3355 4873 Jcremia
3389 4833 3522 4886 quo-

1988 4920 2117 4974 que:
2147 4925 2165 4958 ι
2187 4907 2300 4961 Non
2325 4909 2454 4976 haec,
2484 4911 2657 4978 inquit
2676 4912 2745 4975 ³⁷,
2776 4911 3017 4963 mandavi
3046 4910 3282 4977 patribus
3305 4910 3519 4971 vestris,

1988 5009 2092 5060 qua
2125 4996 2210 5051 die
2237 5000 2392 5052 eduxi
2423 5014 2514 5054 eos
2547 5001 2613 5053 de
2644 5008 2785 5053 terra
2818 4998 3028 5067 Egypti
3048 5037 3063 5060 ,
3092 4999 3156 5050 de
3193 4997 3522 5050 holocaustis

1988 5092 2043 5136 et
2074 5085 2359 5143 sacrificio.
2406 5089 2594 5143 Annon
2639 5089 2739 5142 hoc
2775 5087 2879 5140 illis
2916 5087 3090 5156 potius
3142 5085 3394 5150 imperavi
3435 5084 3516 5137 di-

1991 5187 2153 5228 cens:
2187 5175 2560 5246 Unusquisque
2602 5177 2858 5231 adversus
2885 5174 3178 5241 proximum
3210 5185 3360 5224 suum
3401 5185 3518 5227 ma-

392 5328 439 5398 ‘f
477 5326 613 5378 Psal.
645 5321 852 5398 r.tv,_§.
983 5317 1032 5370 6.
1108 5321 1153 5351 ’³
1182 5324 1371 5377 Cenes.
1408 5339 1571 5387 xxvn,
1605 5323 1691 5379 '58.
1766 5327 1811 5358 ’δ
1841 5327 1981 5386 Psai.
2012 5344 2157 5394 xm,
2189 5329 2220 5381 7
2244 5340 2295 5383 et
2322 5345 2472 5398 seqq.
2546 5328 2592 5359 ”
2622 5328 2760 5381 Psal.
2790 5341 2840 5389 ι,
2873 5324 2959 5379 18.
3032 5320 3291 5375 “larem.
3320 5334 3399 5384 vi,
3425 5319 3519 5378 ΞΟ.

321 5395 363 5422 ²’
396 5393 567 5445 Jerem
629 5407 722 5450 vri,
756 5388 830 5441 22
863 5393 920 5437 et
946 5398 1095 5453 seqq.

388 5520 500 5586 (97)
545 5517 605 5569 ιο
628 5513 698 5577 ἐξ
729 5510 971 5565 ἀδίκων
999 5513 1225 5577 πόρων,
1257 5530 1356 5572 etc.
1394 5520 1681 5574 Cordcrius
1701 5557 1714 5583 ,
1764 5521 1888 5578 Bari

1987 5542 2053 5592 is,
2080 5527 2254 5580 Codex
2280 5522 2636 5577 Baroccianus
2656 5525 2709 5570 ct
2728 5512 2840 5566 Boe
2863 5512 2918 5565 4.
