3958 6234
297 316 330 367 ι
371 307 465 360 HO
1311 314 1625 375 ’SELECTA
1661 318 1725 373 IN
1766 319 1851 373 PS.

1953 319 2089 373 ηοε.
2116 348 2187 366 -ν-
2217 316 2406 371 PSAL.
2448 317 2532 372 IV.
3392 323 3526 376 Ιιὲίθ

303 441 407 495 πῃ
446 429 868 497 κεκοσμημένου
905 432 1063 505 ἔργον
1107 437 1171 489 ἂν
1206 438 1369 505 ὑγιῶς
1412 440 1647 506 λέγοιτο·
1686 441 1778 502 ὡς,
1824 457 1848 490 ε

1953 437 2329 499 ,manitestum
2381 448 2501 502 est,
2534 438 2709 489 omnia
2762 452 3013 505 sperare,
3056 439 3289 507 nihilque
3338 454 3521 494 eorum

314 520 902 586 καταιωρματίζοντες
921 527 981 578 τὸ
1005 527 1176 579 πάντα
1195 528 1446 590 ἐλπίζειν,
1475 530 1765 599 βουλόμεθα
1786 530 1851 580 διι

1990 542 2107 595 qua:
2153 526 2355 579 sanctis
2385 527 2646 579 reservari
2683 536 2899 591 possunt
2926 567 2940 589 ,
2973 529 3257 593 desperare
3283 567 3298 590 ,
3332 529 3523 581 nullius

321 606 627 673 γήσασθαι,
663 610 922 679 ἐροῦμεν,
962 616 1041 667 ὅτι
1071 616 1464 685 κληρονομῆσαι
1503 616 1768 686 βασιλείαν
1804 618 1851 669 οἱ

1989 615 2204 667 alterius
2224 629 2353 681 opus
2379 628 2507 666 sane
2534 613 2634 665 dici
2660 627 2834 680 posse,
2858 628 3015 679 quam
3042 617 3154 682 ejus
3175 617 3262 681 qni
3288 616 3517 681 perfecta

1986 704 2244 756 cliaritate
2273 703 2526 769 praeditus
2551 709 2665 755 est:
2700 703 2770 753 ita
2802 712 2879 763 ut,
2901 703 2944 754 si
2967 703 3206 754 minutim
3237 705 3520 756 enucleare

1987 792 2229 844 volumus
2256 790 2377 858 quid
2406 792 2475 844 sit
2500 793 2678 843 omnia
2712 804 2945 856 sperare,
2972 791 3161 843 dicturi
3194 792 3359 846 simus
3388 792 3515 844 nihil

1985 879 2125 933 aliud
2149 895 2265 934 esse
2290 895 2446 947 quam
2471 881 2618 947 regni
2642 880 2894 934 caelorum
2936 880 3293 932 liaireditatem
3345 881 3511 945 adire,

322 695 510 761 ρανῶν
544 698 640 750 καὶ
686 702 1129 772 παρακληθῆναι,
1162 706 1254 757 καὶ
1301 707 1405 758 υἱοὶ
1433 706 1563 758 Θεοῦ
1614 706 1892 774 κληθῆναι,

314 786 421 836 καὶ
469 786 606 839 Θεὸν
639 788 885 856 ὄψεσθαι,
917 794 1010 845 καὶ
1038 794 1497 863 χορτασθήσεσθαι
1525 789 1589 863 ἧς
1624 795 1777 863 πεινᾷ
1804 795 1892 846 καὶ

312 873 458 942 διψᾷ
501 875 870 946 δικαιοσύνης,
913 881 1125 933 καὶτοῦ
1158 882 1360 935 τελείου
1404 882 1551 933 ἐλέου
1593 883 1891 951 μεταλήψε-

314 963 477 1025 σθαι,
511 965 610 1017 καὶ
638 967 971 1034 ἁπαξαπλῶς
1002 971 1057 1023 έν
1088 974 1249 1025 πᾶσιν
1277 972 1485 1025 ἔσεσθαι
1515 966 1595 1034 οἷς
1633 971 1885 1039 ἐπηγγεί-

305 1050 452 1104 λατο
476 1055 509 1104 6
542 1054 780 1123 ἀψευδὴς
804 1057 954 1121 Θεὸς,
990 1061 1081 1113 και
1111 1062 1296 1129 Σωτὴρ
1322 1062 1348 1113 ό
1378 1058 1573 1129 Κύριος
1598 1060 1748 1128 ἡμῶν
1785 1060 1884 1126 Ἰη-

306 1140 447 1203 σοῦς
474 1143 736 1211 Χριστός.
763 1164 781 1195 ι
832 1147 1132 1217 Ὀφθαλμὸς
1157 1150 1262 1218 γὰρ
1303 1148 1400 1200 οὐκ
1430 1143 1529 1199 εἶδε
1556 1147 1647 1199 καὶ
1672 1142 1760 1207 οὖς
1786 1146 1881 1198 οὐκ

302 1230 548 1295 ἢκουσε,
574 1233 668 1283 καὶ
702 1235 792 1285 ἐπὶ
820 1235 1041 1305 καρδίαν
1068 1236 1348 1305 ἀνθρώπου
1370 1236 1465 1288 οὐκ
1490 1234 1651 1302 ἀνέϐη
1673 1234 1707 1286 ἃ
1739 1233 1881 1302 ἡτοί-

304 1334 492 1385 μασεν
521 1322 553 1372 6
570 1321 706 1384 Θεὸς
731 1326 841 1385 τοῖς
861 1324 1141 1391 ἀγαπῶσιν
1166 1326 1346 1377 αὐτόν.
1374 1343 1391 1374 ι

1983 969 2398 1024 consolationem
2431 970 2671 1036 accipere
2693 1008 2707 1031 ,
2741 968 2836 1021 lilii
2870 967 2960 1021 Dei
2994 966 3201 1030 vocari,
3231 967 3393 1021 Deum
3430 969 3512 1020 vi-

1983 1058 2127 1120 dere,
2154 1058 2359 1126 jiistitia
2389 1074 2546 1126 quam
2575 1059 2738 1111 esurit
2760 1068 2813 1110 et
2832 1058 2963 1121 sitit,
2985 1057 3253 1119 exsatiari,
3279 1056 3511 1124 perlecta

1981 1144 2082 1197 l‘rui
2136 1147 2534 1210 misericordia,
2588 1155 2678 1209 et,
2734 1154 2790 1197 ut
2835 1144 2989 1198 simul
3041 1144 3219 1195 omnia
3283 1145 3513 1197 breviter

1979 1236 2246 1288 absolvam
2276 1275 2290 1297 ,
2344 1237 2395 1289 in
2430 1236 2679 1289 omnibus
2730 1249 2848 1287 esse
2881 1250 2997 1302 qua:
3030 1248 3188 1287 verax
3240 1234 3410 1296 Deus,
3456 1244 3511 1285 et

1983 1322 2228 1375 Salvator
2280 1325 2535 1378 Dominus
2568 1334 2749 1378 noster
2775 1324 2927 1378 Jesus
2971 1323 3217 1377 Christus
3245 1324 3505 1391 promisit.

304 1427 327 1458 ι
356 1409 574 1463 Oculus
613 1415 760 1465 enim
794 1430 897 1466 non
927 1416 1080 1478 vidit,
1112 1430 1212 1469 nec
1244 1418 1388 1471 auris
1405 1418 1624 1483 audivit,
1662 1429 1760 1469 nec
1790 1413 1841 1466 in
1869 1426 1961 1466 cor
1992 1413 2223 1469 hominis
2255 1417 2628 1481 ascenderunt,
2661 1432 2776 1485 qua:
2804 1416 3123 1485 praeparavit
3162 1417 3299 1469 Deus
3330 1416 3391 1470 iis
3416 1416 3504 1483 qui

297 1499 552 1565 diligunt
582 1501 735 1555 illiilli
768 1504 835 1556 ³⁸.
869 1524 887 1555 ι

378 1589 619 1641 Πολλοὶ
663 1590 942 1658 λέγουσι·
995 1597 1088 1659 Τίς
1129 1597 1307 1659 δείξει
1360 1597 1499 1665 ἡμῖν
1539 1597 1607 1650 τὰ
1649 1594 1836 1663 ἀγαθά

2043 1587 2201 1642 Vsus.
2230 1589 2282 1644 6.
2317 1590 2471 1643 Multi
2498 1592 2713 1645 dicunt:
2748 1591 2876 1655 Quis
2901 1592 3124 1645 ostendet
3158 1594 3301 1645 nobis
3335 1593 3507 1648 bona?

297 1692 357 1726 κ.
392 1692 447 1725 τ.
484 1678 533 1727 ὲ.
573 1679 637 1729 Οἱ
663 1680 763 1747 μὲν
808 1681 1154 1753 ἀπλούστεροι
1188 1685 1295 1753 (98)
1328 1686 1681 1755 ὑπολήψονται
1715 1684 1871 1749 λέγε-

295 1759 431 1812 σθαι
465 1763 730 1825 ἐνταῦθα,
780 1766 881 1828 ὅτι,
921 1767 1025 1819 τῶν
1071 1770 1440 1839 ἀποκειμένων
1473 1773 1529 1823 ὲν
1577 1770 1870 1839 ἐπαγγελίᾳ

294 1850 769 1918 κηρυσσομένων,
804 1856 851 1905 οἱ
893 1854 1071 1906 πολλοὶ
1112 1857 1376 1923 λέγουσιν,
1427 1859 1528 1922 ὅτι,
1579 1859 1670 1919 Τίς
1700 1857 1870 1909 ταῦτα

288 1938 438 2006 ἡμῖν
484 1939 679 2004 δείξει,
711 1944 806 1994 καὶ
850 1945 908 1997 ὲν
948 1946 1128 2009 αὐτοῖς
1168 1948 1413 2014 γενέσθαι
1446 1950 1688 2018 ποιήσει;
1714 1948 1867 2016 δῆλον

288 2029 380 2079 ὅτι
408 2028 758 2098 πληχθέντες
798 2032 893 2100 μὲν
924 2035 999 2095 ὡς
1032 2036 1156 2104 περὶ
1184 2036 1411 2105 ἀληθῶν,
1443 2039 1534 2089 καὶ
1560 2036 1866 2107 ὀρεχθέντες

284 2115 507 2179 αὐτῶν,
548 2117 641 2169 διὰ
676 2118 733 2170 δὲ
772 2119 868 2189 τὴν
898 2120 1176 2174 ἀσθένειαν
1221 2124 1318 2192 τὴν
1365 2125 1700 2194 ἀνθρωπίνην
1728 2124 1866 2177 κατά

1968 1688 2073 1731 etc.
2122 1680 2482 1747 Simpliciorcs
2527 1682 2903 1734 existimabunt
2956 1683 3110 1751 hujus
3157 1683 3253 1735 loci
3288 1697 3502 1736 sensum

1965 1780 2084 1819 esse
2112 1804 2127 1831 ,
2171 1768 2364 1821 multos
2386 1809 2401 1834 ,
2437 1786 2557 1822 cum
2598 1772 2855 1836 promissa
2892 1773 3286 1825 aniiunciantur
3320 1772 3455 1826 bona
3482 1813 3497 1835 ,

1967 1856 2162 1920 dicere,
2184 1855 2316 1921 Quis
2342 1858 2454 1910 haec
2483 1860 2635 1911 nobis
2664 1862 2923 1923 ostendet,
2952 1869 3005 1913 et
3037 1876 3133 1915 nos
3158 1862 3209 1914 in
3242 1863 3343 1915 illis
3373 1879 3501 1916 con-

1963 1946 2180 1998 stituet?
2212 1960 2394 1998 eorum
2428 1947 2673 2002 videlicet
2706 1960 2955 2016 tanquam
2985 1965 3229 2004 verorum
3267 1952 3499 2006 admira-

1965 2032 2106 2085 tione
2137 2032 2428 2098 perciilsos,
2455 2043 2507 2084 et
2536 2048 2595 2084 ea
2622 2044 2985 2100 peroptantes,
3019 2035 3112 2087 sed
3146 2044 3358 2104 prOpter
3394 2038 3496 2088 liii-

1961 2136 2172 2174 manam
2201 2122 2634 2186 imbecillitatem,
2657 2138 2774 2187 qua:
2794 2139 2859 2177 ex
2887 2133 3224 2191 peccatorum
3258 2125 3494 2177 multitu-

1960 2213 2081 2265 dine
2109 2214 2299 2275 oritur,
2332 2212 2431 2265 sibi
2475 2228 2576 2266 non
2611 2212 2979 2275 lidentes,fore
3021 2221 3079 2264 ut
3106 2227 3166 2266 ea
3191 2213 3406 2265 videant
3438 2222 3494 2267 et

1960 2298 2011 2349 in
2043 2298 2144 2351 illis
2172 2299 2370 2350 vivant.
2418 2298 2523 2351 Alii
2554 2300 2849 2366 veroqnod
2877 2298 3073 2351 dicitur
3097 2338 3112 2362 ,
3141 2300 3219 2353 sic
3256 2302 3494 2367 explica-

288 2206 481 2258 πολλὰ
514 2207 628 2259 τῶν
659 2209 1115 2279 ἁμαρτανομένων
1152 2214 1212 2264 οὐ
1244 2215 1381 2266 πάνυ
1416 2233 1464 2267 τι
1502 2217 1679 2276 αὐτοῖς
1704 2214 1861 2267 δεδω-

284 2292 462 2355 κότες
491 2294 557 2346 τὸ
585 2295 810 2363 ὄψεσθαι
840 2298 976 2351 αὐτά
1009 2300 1099 2351 καὶ
1127 2302 1182 2352 ὲν
1207 2303 1383 2365 αὐτοῖς
1407 2303 1677 2372 ζήσεσθαι.
1715 2304 1863 2356 Ἕτε-

289 2397 376 2449 ροι
425 2381 485 2433 δὲ
542 2383 691 2436 οὕτω
728 2383 1073 2454 διηγήσονται
1120 2390 1179 2441 τὸ
1213 2390 1515 2459 λεγόμενον,
1566 2392 1646 2444 ὅτι
1690 2392 1756 2444 τά
1805 2394 1851 2446 ti

1957 2383 2108 2446 bunt,
2136 2400 2240 2438 non
2270 2384 2485 2437 omnino
2514 2383 2802 2451 posse,iiisi
2833 2399 2861 2435 a
2894 2384 3242 2450 sapientibus,
3262 2385 3409 2438 clare
3438 2395 3492 2439 et

286 2472 615 2543 ἐπαγγελίᾳ
640 2476 1097 2547 ἀναγεγραμμένα
1120 2483 1228 2541 τοῖς
1260 2482 1524 2544 ἐκλεκτοῖς
1550 2482 1860 2553 δοθήσεσθαι
1957 2479 2139 2537 θβθτιθ
2183 2471 2409 2539 ίηιειιίεῑ
2441 2471 2567 2538 Quid
2600 2470 2706 2523 53'“
2741 2469 2831 2522 ma
2858 2469 2997 2523 δοηθ
3026 2486 3143 2537 qua?
3186 2484 3280 2535 ρετ
3307 2486 3493 2539 ³⁸⁸1)το-

284 2561 347 2611 οὐ
374 2562 534 2614 πάνυ
570 2563 625 2614 τί
657 2565 774 2616 ἐστι
810 2568 991 2631 σαφῶς
1018 2569 1109 2619 καὶ
1147 2570 1355 2636 τρανῶς
1383 2571 1614 2623 συνιέναι
1647 2574 1717 2642 μὴ
1743 2574 1851 2641 οὐχὶ

1958 2559 2257 2612 missionem
2312 2564 2568 2627 scriptum
2614 2569 2696 2613 est
2740 2559 2928 2613 electis
2968 2560 3149 2613 datum
3188 2559 3293 2615 iri:
3343 2562 3490 2615 verbi

283 2651 500 2717 σοφοὺς
543 2655 945 2719 γεγενημένους
963 2672 977 2685 ·
1001 2651 1126 2707 ὀἷον
1150 2657 1232 2718 τίς
1260 2660 1292 2727 ἡ
1334 2658 1404 2726 γῆ
1432 2660 1496 2728 ἢν
1526 2659 1851 2731 κληρονομή-

1954 2651 2143 2715 gratia,
2174 2665 2414 2717 quaenam
2445 2650 2514 2703 sit
2541 2660 2678 2703 terra
2706 2665 2866 2717 quam
2891 2651 3283 2704 haereditabuiit
3312 2652 3488 2715 mites,

288 2755 483 2793 σουσιν
518 2743 568 2793 οἱ
603 2743 798 2812 πραεῖς
818 2760 832 2773 ·
863 2746 954 2797 καὶ
976 2745 1027 2796 τί
1051 2746 1111 2797 τὸ
1136 2747 1525 2818 κληρονομῆσαι
1552 2750 1714 2819 αὐτὴν
1746 2765 1851 2818 νοη-

1954 2739 2081 2803 quid
2112 2739 2440 2792 luereditatis
2470 2739 2684 2791 nomine
2714 2739 3114 2805 intelligendum
3146 2740 3235 2801 sit,
3265 2740 3390 2806 quid
3418 2741 3490 2793 sit

281 2828 427 2891 τέον,
474 2828 515 2896 ἢ
547 2829 604 2879 τί
644 2828 705 2880 τὺ
742 2829 830 2882 διὰ
859 2831 954 2900 τὴν
984 2832 1320 2902 καθαρότητα
1352 2836 1447 2903 τῆς
1479 2835 1697 2904 καρδίας
1735 2836 1851 2903 ὅψε-

1954 2836 2169 2894 propter
2195 2829 2368 2881 cordis
2410 2828 2690 2894 puritatem
2730 2825 2912 2879 videre
2945 2826 3107 2878 Deum
3142 2827 3484 2891 invisibilem,

282 2918 406 2970 σθαι
436 2894 585 2971 Θεὸν
614 2920 847 2990 ἀόρατον
863 2894 1207 2991 τυγχάνοντα,
1232 2894 1289 2976 όν
1318 2894 1486 2986 οὐδεὶς
1510 2894 1713 2995 έῶρακε
1740 2894 1851 2978 πῶ-

1954 2930 2107 2983 qucm
2143 2930 2296 2971 nemo
2324 2917 2453 2969 vidit
2479 2929 2707 2982 unquam
2733 2933 2747 2968 :
2771 2917 2922 2983 cujus
2952 2916 3024 2969 rei
3054 2930 3232 2980 causa,
3267 2916 3486 2986 quibus-

279 3023 413 3060 ποτε
438 3024 459 3041 ο
499 3008 651 3070 τίνος
678 3009 735 3061 δὲ
760 3011 1039 3080 γινομένου
1061 3013 1151 3065 καὶ⁸
1182 3014 1432 3065 ποταπῶν
1461 3014 1851 3084 συμϐαινόντων

1953 3019 2015 3058 ve
2046 3006 2202 3059 factis
2229 3044 2245 3071 ,
2295 3008 2386 3075 qui
2418 3020 2559 3059 nunc
2586 3006 2783 3074 lugent,
2818 3015 2999 3074 postea
3030 3006 3139 3059 sint
3164 3007 3487 3061 consolatio.-

279 3096 330 3146 οἱ
382 3096 488 3147 ἐπὶ
543 3094 637 3147 τοῦ
678 3097 937 3167 παρόντος
973 3099 1285 3162 πενθοῦντες
1332 3101 1549 3171 ὕστερον
1577 3103 1852 3173 παρακλη-

281 3182 555 3253 θήσονται
576 3201 590 3214 ·
645 3185 726 3247 τίς
759 3186 814 3237 δὲ
844 3186 936 3238 καὶ
966 3188 1178 3257 ποταπὴ
1225 3191 1257 3259 ἠ
1292 3189 1528 3257 βασιλεία
1559 3190 1664 3243 τῶν
1690 3192 1824 3263 οὐρα

278 3273 405 3326 νῶν.
458 3275 664 3327 Πολλοὶ
693 3272 786 3328 οὖν
818 3277 1100 3340 ἀκούοντες
1148 3279 1212 3331 τὰ
1240 3281 1692 3351 ἀναγεγραμμένα
1717 3284 1850 3350 ἀγα-

278 3358 347 3413 θά
377 3361 708 3430 βουλόμενοι
739 3363 877 3415 αὐτὰ
900 3366 963 3433 τῇ
998 3364 1197 3436 διανοίᾳ
1236 3366 1525 3419 θεάσασθαι
1552 3370 1640 3421 καὶ
1673 3370 1845 3422 συνιέ-

275 3466 384 3507 ναι,
415 3450 650 3517 λέγουσι
679 3452 762 3512 τὸ,
800 3469 819 3501 ι
856 3452 950 3515 Τίς
977 3453 1126 3506 ἔσται
1158 3457 1185 3506 6
1219 3456 1402 3517 δείξων
1435 3459 1559 3525 ἡμῖν
1591 3458 1839 3525 ἀγαθάς»

277 3537 533 3600 Σπάνιος
560 3540 671 3609 γὰρ
700 3540 913 3611 ἀληθῶς
938 3544 967 3594 6
995 3543 1283 3611 δυνάμενος
1313 3543 1597 3607 δεικνύναι,
1634 3546 1709 3607 ὡς
1732 3547 1846 3616 διη-

277 3629 603 3698 γησάμεθα,
638 3630 709 3681 τὰ
734 3629 933 3696 ἀγαθά,
968 3631 1144 3692 ὁποῖος
1174 3632 1202 3681 6
1236 3629 1437 3691 Παῦλος
1469 3627 1534 3697 ἦν
1560 3631 1845 3699 δυνάμενος

276 3718 415 3770 αὐτὰ
447 3719 604 3787 λόγῳ
638 3719 1007 3787 παραστῆσαι,
1038 3719 1112 3781 ὣς
1139 3720 1267 3787 φησί
1292 3735 1393 3769 που
1424 3720 1505 3771 τό·
1536 3738 1554 3769 i
1576 3721 1760 3789 Ἡμεῖς
1790 3722 1844 3773 δὲ

275 3805 398 3856 νοῦν
446 3806 700 3875 Χριστοῦ
754 3806 966 3876 ἔχομεν,
1012 3808 1095 3860 ἳνα
1126 3809 1316 3877 ἴδωμεν
1334 3809 1399 3860 τὰ
1434 3810 1538 3861 ἀπὸ
1578 3810 1666 3863 τοῦ
1710 3812 1841 3864 Θεοῦ

273 3893 621 3962 χαρισθέντα
672 3894 823 3962 ἡμῖν,
867 3895 902 3947 ἃ
947 3895 1038 3948 καὶ
1062 3896 1320 3966 λαλοῦμεν
1365 3899 1462 3950 οὐκ
1498 3901 1555 3951 ὲν
1583 3900 1842 3963 διδακτοῖς

273 3982 633 4051 ἀνθρωπίνης
664 3982 854 4049 σοφίας
881 3984 1073 4050 λόγοις,
1101 3985 1212 4037 ἀλλ’
1236 3988 1292 4038 ὲν
1316 3986 1574 4049 διδακτοῖς
1606 3989 1841 4057 πνεύμα-

269 4085 379 4131 τος,
416 4070 777 4139 πνευματικά
806 4077 1187 4141 πνευματικοῖς
1217 4076 1634 4144 συγκρίνοντες.»
1673 4078 1840 4147 Τετη-

274 4160 528 4229 ρήκαμεν
563 4160 826 4222 πολλάκις
865 4162 946 4224 τὸ,
988 4180 1004 4211 ι
1027 4163 1127 4224 τίς,
1153 4182 1171 4213 ι
1213 4166 1269 4215 ὲν
1300 4168 1362 4233 τῇ
1404 4166 1585 4234 Γραφῇ
1619 4168 1708 4217 ἐπὶ
1744 4167 1834 4219 τοῦ

273 4249 503 4299 σπανίου
542 4249 894 4316 τεταγμένον,
928 4248 1111 4319 ὥσπερ
1140 4254 1195 4301 ὲν
1225 4251 1330 4320 τῷο
1367 4271 1384 4303 ι
1407 4255 1500 4315 Τίς
1533 4257 1714 4319 πιστὸς
1747 4258 1839 4309 καὶ

273 4336 540 4405 φρόνιμος
574 4336 889 4405 οίκονόμος;
914 4354 934 4386 ι
979 4338 1092 4389 καί’
1133 4356 1152 4387 ι
1176 4339 1267 4402 Τίς
1300 4341 1456 4407 σοφὸς
1492 4344 1583 4394 καὶ
1625 4346 1838 4413 συνήσει

272 4424 478 4487 τιῦτα;
509 4444 529 4474 ι
586 4424 707 4475 καῖ’
753 4440 772 4473 ι
800 4424 989 4492 Κύριε,
1038 4426 1119 4486 τίς
1171 4428 1574 4497 κατασκηνώσει
1624 4434 1681 4483 ὲν
1724 4433 1838 4502 ὄρει

269 4506 409 4573 ἁγίῳ
439 4524 572 4570 σονς
598 4526 617 4556 ι
656 4506 842 4568 Οὕτως
879 4512 970 4560 καὶ
1000 4512 1183 4563 ἐνθάδε
1211 4513 1424 4581 λέγεται
1451 4517 1535 4582 τὸ,
1573 4535 1593 4569 ι
1612 4520 1705 4583 Τίς
1732 4521 1838 4573 δεί-

270 4593 344 4656 ξει
371 4598 506 4665 ἡμῖν
540 4598 612 4649 τὰ
649 4596 864 4662 ἀγαθάς
890 4616 907 4647 ι

281 4681 379 4735 Ἐκ
400 4686 558 4759 forte
588 4686 774 4759 τόμον
822 4685 939 4738 τῶν
967 4691 1198 4759 είςλτὸν
1239 4691 1287 4743 δ’
1330 4694 1569 4758 ψαλμὸν
1614 4697 1701 4759 είς
1744 4698 1832 4750 τό·

339 4770 356 4798 ο
393 4753 624 4807 Πολλοὶ
638 4756 884 4821 λέγουσι
908 4772 920 4783 ·
947 4758 1038 4820 Τίς
1056 4756 1231 4821 δείξει
1248 4753 1388 4826 ἡμῖν
1404 4753 1473 4811 τᾶ
1492 4753 1717 4827 ἀγαθά’;
1741 4783 1759 4816 ι

338 4840 550 4910 Πολλῆς
584 4842 737 4910 παρά
765 4845 874 4903 τοῖς
905 4844 1199 4913 ἀνθρώποις
1240 4847 1511 4916 ζητήσεως
1542 4854 1832 4920 τυγχανού-

268 4946 367 4997 σης
396 4933 529 5001 περὶ
562 4930 681 4992 τοῦ,
708 4932 827 4984 τίνα
849 4933 916 4984 τὰ
946 4935 1141 5000 ἀγαθὰ,
1181 4938 1272 4989 καὶ
1296 4935 1413 4986 τίνα
1443 4936 1510 4988 τὰ
1541 4941 1707 5004 κακά,
1737 4948 1828 4998 καὶ

267 5019 426 5070 τινῶν
454 5020 561 5089 μὲν
591 5020 929 5091 ἀπροαίρετα
959 5019 1090 5075 εἶναι
1121 5024 1378 5092 λεγόντων
1404 5023 1475 5074 τὰ
1499 5026 1701 5093 ἀγαθὰ,
1734 5036 1826 5086 καὶ

268 5110 334 5157 τι
378 5110 529 5163 κακά
553 5126 567 5139 ο
615 5098 856 5178 ὡσπερεὶ
887 5110 983 5178 τὴν
1010 5112 1193 5181 ἡδονὴν
1223 5109 1421 5178 ἀγαθὸν
1465 5112 1832 5189 ἀποφαινομέ-

269 5208 392 5258 νην,
428 5198 603 5250 κακὸν
632 5196 687 5250 δὲ
721 5199 779 5250 τὸ
812 5200 1040 5266 πονηρόν
1058 5216 1069 5228 ·
1098 5201 1287 5270 ἐτέρων
1313 5198 1370 5248 δὲ
1401 5199 1456 5248 έν
1479 5202 1669 5267 μόνοις
1699 5225 1828 5277 προ-

268 5290 563 5353 αιρετικοῖς
593 5287 1014 5340 κατακλειόντων
1042 5288 1105 5339 τά
1132 5287 1299 5354 ἀγαθά
1321 5286 1413 5336 καὶ
1431 5287 1494 5339 τὰ
1518 5294 1674 5345 κακά
1692 5312 1705 5324 -
1737 5301 1827 5351 καὶ

271 5385 299 5422 τ
320 5390 360 5433 ες
395 5374 495 5440 μὲν
525 5375 741 5447 ἀρετὰς,
775 5374 867 5424 καὶ
894 5373 988 5432 τὰς
1029 5373 1138 5422 κατ’
1174 5371 1334 5431 αὐτὰς
1392 5373 1613 5437 πράξεις
1654 5382 1825 5447 μόνας

1951 3108 2070 3146 nent
2097 3097 2396 3161 accepturi:
2427 3098 2567 3163 quod
2594 3096 2740 3160 item,
2765 3104 2819 3149 et
2842 3095 2996 3164 quale
3024 3097 3095 3149 sit
3124 3110 3347 3163 regnum
3372 3110 3483 3149 ca:-

1950 3180 2139 3234 loruni.
2177 3181 2321 3233 Multi
2345 3196 2471 3250 ergo
2505 3184 2780 3237 audientes
2809 3199 2925 3250 quae
2958 3184 3009 3235 in
3042 3184 3335 3251 Scriptiiris
3362 3199 3484 3253 pro-

1948 3269 2106 3321 missa
2147 3278 2268 3321 sunt
2316 3269 2449 3322 bona
2476 3308 2491 3335 ,
2535 3280 2589 3323 et
2640 3280 2886 3338 optantes
2936 3285 2996 3323 ea
3048 3271 3397 3340 intelligentia
3436 3284 3485 3327 ει

1945 3367 2123 3409 mente
2176 3355 2465 3422 percipere,
2516 3359 2697 3411 dicunt
2740 3376 2754 3410 :
2808 3377 2827 3409 ι
2874 3359 3001 3423 Quis
3037 3363 3281 3414 ostendet
3329 3363 3482 3415 nobis

1944 3439 2100 3511 565
2119 3440 2289 3493 bona?
2315 3460 2334 3493 ι
2362 3442 2520 3495 Pauci
2549 3445 2689 3497 enim
2713 3454 2836 3497 sunt
2861 3447 2971 3512 qui,
2996 3456 3052 3499 ιιι
3081 3448 3328 3510 diximus,
3360 3465 3483 3516 pos-

1942 3531 2048 3583 sint
2074 3528 2351 3584 ostendere
2380 3528 2535 3595 bnna,
2564 3531 2628 3582 ad
2654 3532 2818 3582 instar
2834 3531 3001 3597 Pauli,
3020 3535 3107 3600 qni
3130 3550 3190 3587 ea
3214 3540 3375 3588 verbo
3402 3552 3482 3591 re-

1942 3628 2261 3683 praesentare
2290 3628 2520 3685 poterat,
2575 3627 2630 3672 ut
2672 3618 2863 3674 alicubi
2906 3620 3035 3676 dicit
3065 3622 3110 3655 ³⁸
3142 3636 3156 3675 :
3194 3640 3218 3675 ‹
3250 3623 3357 3679 Nos
3380 3641 3476 3677 au-

1942 3715 2045 3758 tein
2076 3721 2289 3760 sensum
2313 3708 2508 3762 Christi
2535 3708 2819 3775 habemus,
2845 3721 2901 3762 ut
2925 3712 3160 3765 sciamus
3182 3728 3343 3780 qiiaaa
3373 3715 3477 3768 Deo

1940 3793 2132 3845 donata
2177 3805 2299 3846 sunt
2331 3797 2505 3857 nobis,
2537 3811 2653 3863 quae
2689 3807 2745 3849 et
2778 3798 3044 3865 loquimur
3078 3815 3178 3852 non
3218 3802 3272 3853 in
3307 3803 3478 3857 doctis

1938 3879 2179 3934 humana:
2210 3883 2484 3949 sapientia:
2514 3885 2711 3947 verbis,
2739 3886 2833 3937 sed
2866 3887 2918 3938 in
2948 3887 3186 3940 doctrina
3220 3891 3471 3957 spiritus,

1937 3969 2299 4035 spiritualibus
2325 3972 2621 4034 spiritualia
2651 3986 3070 4041 comparantes.)
3106 3977 3257 4043 Saepe
3298 3989 3471 4033 autem

1936 4057 2332 4113 observavimus
2355 4060 2479 4114 illud
2499 4098 2514 4123 ,
2540 4083 2559 4111 ι
2588 4062 2730 4129 quis,
2755 4082 2773 4114 ο
2812 4065 2860 4115 in
2884 4078 3056 4116 rerum
3087 4066 3303 4119 raritate
3321 4083 3475 4120 nsur.

1939 4145 2088 4208 pari,
2123 4154 2178 4198 ut
2211 4162 2331 4200 cum
2372 4148 2566 4200 dicitur
2598 4149 2640 4179 "’
2677 4164 2691 4202 :
2731 4169 2747 4199 i
2798 4150 2924 4214 Quis
2957 4152 3127 4206 ﬁdelis
3153 4165 3206 4206 et
3242 4157 3473 4220 prudens

1937 4232 2298 4298 dispensator?
2320 4252 2338 4284 ι
2360 4246 2413 4290 et
2438 4235 2502 4300 ³⁸,
2520 4250 2538 4282 t
2560 4236 2688 4302 Quis
2716 4240 2924 4306 sapiens
2937 4249 2989 4292 et
3013 4242 3264 4309 intelliget
3283 4246 3391 4297 haec
3407 4245 3430 4297 ?
3445 4263 3466 4295 ι

1936 4332 1989 4372 et
2011 4321 2076 4385 ³³,
2099 4339 2117 4370 ι
2142 4321 2377 4385 Domine,
2395 4325 2513 4391 quis
2530 4326 2822 4391 requiescet
2844 4327 2894 4379 in
2914 4338 3093 4382 monte
3110 4343 3297 4383 sancio
3314 4332 3427 4385 tuo?
3444 4352 3464 4382 ι

1939 4409 2029 4462 Sic
2061 4421 2115 4464 et
2141 4412 2229 4465 hic
2258 4412 2450 4466 dicitur
2484 4429 2499 4465 :
2532 4431 2550 4463 t
2574 4414 2701 4477 Quis
2716 4417 2957 4471 ostendet
2985 4418 3135 4471 nobis
3167 4417 3341 4473 bona?
3374 4438 3394 4471 ι

1940 4693 2170 4752 Εωιοηιο
2192 4698 2244 4771 iii
2269 4710 2506 4769 quartum
2534 4702 2809 4771 psalmum,
2840 4708 2906 4758 ad
2938 4708 3030 4761 illa
3059 4709 3206 4761 verba
3224 4725 3243 4761 :
3265 4729 3283 4760 i
3310 4710 3464 4765 Multi

2188 4769 2387 4832 dicunt,
2421 4769 2549 4833 Quis
2573 4776 2798 4825 ostendet
2825 4776 2967 4827 nobis
2999 4780 3127 4829 bona
3147 4779 3172 4829 .9
3200 4797 3220 4830 ι

2002 4853 2134 4907 Cum
2170 4856 2221 4908 in
2253 4872 2442 4927 magna
2481 4863 2851 4941 controversia
2883 4874 2935 4917 et
2972 4868 3309 4921 contentione
3347 4883 3463 4921 vere

1931 4956 2097 5021 setiir,
2133 4963 2370 5015 quaenam
2405 4952 2542 5005 bona
2570 4962 2624 5006 et
2650 4968 2892 5020 quaenam
2921 4956 3054 5007 mala
3083 4960 3221 5021 sint;
3244 4968 3298 5010 et
3325 4974 3459 5011 non-

1933 5018 2061 5086 nulli
2089 5034 2368 5101 aﬂir-iiient,
2401 5055 2498 5094 nec
2527 5041 2687 5105 bona,
2717 5059 2810 5097 nec
2847 5044 2979 5096 mala
3005 5046 3279 5095 arbitraria
3307 5059 3458 5107 esse;

1933 5131 2113 5188 utpote
2148 5124 2237 5192 qni
2270 5126 2587 5195 voluptatem
2623 5132 2840 5193 bonum,
2873 5132 3064 5184 malum
3093 5146 3216 5182 vero
3241 5131 3289 5181 id
3317 5136 3462 5197 quod

1932 5210 2206 5264 molestum
2254 5224 2371 5275 est,
2422 5218 2792 5281 pronuntient;
2832 5219 2920 5269 alii
2961 5231 3085 5269 vero
3128 5218 3178 5267 in
3219 5216 3282 5267 iis
3327 5218 3460 5273 solis

1927 5314 2043 5368 quae
2073 5300 2238 5354 libere
2271 5304 2637 5371 suscipiuntur
2668 5307 2801 5359 bona
2830 5316 2882 5357 et
2911 5306 3046 5357 mala
3072 5302 3367 5367 includunt;
3402 5320 3460 5367 ei

1935 5389 2156 5442 virtutes
2182 5391 2391 5454 quidem
2432 5407 2720 5458 earumque
2755 5394 2990 5444 actiones
3020 5390 3159 5442 solas
3184 5388 3317 5444 bona
3356 5407 3455 5451 να.

336 5480 379 5510 as
410 5481 572 5539 ερον,
606 5500 666 5546 ιι,
700 5483 752 5535 9.
830 5481 877 5510 ³⁸
912 5478 930 5529 1
963 5480 1074 5530 Cor.
1125 5497 1175 5544 ll,
1230 5478 1295 5531 16
1340 5488 1394 5530 et
1443 5481 1524 5533 12.
1612 5486 1660 5517 ³⁷
1695 5490 1851 5545 Μειιιί

1953 5513 2073 5558 inv,
2106 5498 2191 5551 45.
2267 5500 2309 5529 ⁸⁸
2342 5499 2430 5553 Ps.
2458 5515 2561 5557 CVI,
2586 5501 2671 5552 45.
2745 5500 2787 5531 ³⁹
2815 5501 2895 5553 l's.
2936 5514 3040 5560 xiv,
3069 5502 3116 5551 l.

339 5571 446 5641 (95)
472 5575 671 5645 οἱμὲν
696 5570 1099 5635 ἁπλούστερα,
1127 5581 1217 5623 etc.
1250 5568 1425 5621 Codd.
1457 5572 1601 5642 Hoc,
1632 5576 1845 5641 Ιιδιεοες

1953 5590 2125 5643 ειιθιιιρ
2153 5590 2477 5653 Combelisii,
2505 5591 2681 5642 Daniel
2710 5589 2989 5645 Barbarus.
