3958 6226
250 248 409 303 “53

1228 250 1531 309 SELECTA
1565 253 1630 307 IN
1670 251 1996 309 PSALMOS.
2037 283 2108 294 -—-
2131 252 2323 310 PSAL.
2358 256 2446 310 IV.

3324 260 3459 315 HM

248 364 380 426 κδν,
435 361 549 416 ἀπὸ
594 363 693 432 τῆς
748 363 987 426 Ἐεόὸου
1022 337 1179 432 δείξει
1232 370 1399 421 ταῦτα
1453 369 1827 440 προλέγεσθαι·

1935 379 2088 438 cepta
2119 385 2264 435 mea,
2306 372 2550 425 morbum
2597 386 2804 424 omnem
2827 410 2843 435 ,
2878 387 3033 441 quem
3071 373 3264 427 immisi
3296 371 3461 444 Egy-

257 470 277 501 ι
304 451 445 504 Ἐὰν
480 451 724 522 τηρήσῃς
755 450 853 513 τὰς
883 452 1095 515 ἐντολάς
1128 470 1227 522 μου
1265 456 1358 508 καὶ
1387 456 1454 509 τὰ
1482 458 1825 526 προστάγμα-

249 538 326 589 τά
364 555 499 607 μου,
533 539 709 590 πᾶσαν
753 535 905 590 νόσον
950 542 1014 607 ἢν
1040 541 1313 610 ἐπήγαγον
1344 545 1452 606 τοῖς
1497 544 1824 612 Αἰγυπτίοις,

252 629 361 679 οὐκ
394 626 591 689 ἐπάξω
636 627 727 678 ἐπὶ
774 627 865 678 σέ·
894 628 1004 694 ἐγὼ
1041 629 1148 698 γάρ
1178 632 1290 698 εἰμι
1321 630 1518 701 Κύριος
1547 634 1574 684 6
1609 631 1827 701 ἰώμενός

255 733 340 767 σε.
366 733 388 765 ι
446 717 563 769 Καὶ
591 716 653 769 τὸ
696 716 804 768 ἀπὸ
848 716 941 769 τοῦ
969 720 1412 787 Δευτερονομίου
1444 721 1498 773 δὲ
1530 721 1661 790 πρὸς
1707 721 1828 784 τοὺς

254 805 683 874 ἁμαρτάνοντας
730 803 1014 874 λεγόμενον
1064 806 1376 879 ὑπονοηθείη
1430 808 1494 861 ἂν
1541 810 1701 861 κακὸν
1733 809 1828 878 μὲν

257 890 629 960 παριστάνειν
660 890 757 953 τὰς
792 892 1102 961 σωματικὰς
1144 892 1351 961 πληγὰς
1375 894 1468 953 καὶ
1499 894 1595 957 τὰς
1623 894 1825 956 νόσους,

256 980 473 1047 ἀγαθὸν
499 981 558 1033 δὲ
589 980 829 1049 δηλονότι
870 982 963 1032 καὶ
986 981 1082 1051 τὴν
1111 982 1317 1048 ὑγίειαν
1346 984 1438 1035 καὶ
1477 983 1571 1053 τὴν
1602 982 1695 1035 τοῦ
1730 982 1830 1034 σώ-

261 1087 440 1139 ματος
496 1070 688 1139 ῥῶσιν.
747 1070 898 1138 Ἔχει
944 1069 1000 1120 δὲ
1031 1068 1198 1132 οὕτως
1239 1073 1271 1141 ή
1324 1071 1497 1134 λέξις·
1544 1089 1561 1121 ι
1584 1073 1704 1124 Ἐὰν
1755 1070 1829 1140 μὴ

258 1158 547 1227 ἀκούσητε
581 1161 755 1211 ποιεῖν
784 1159 962 1212 πάντα
986 1158 1050 1211 τὰ
1093 1160 1307 1230 ῥήματα
1337 1160 1425 1212 τοῦ
1458 1160 1616 1229 νόμου
1645 1160 1827 1212 τούτου

259 1250 329 1301 τὰ
359 1249 734 1318 γεγραμμένῃ
791 1249 849 1300 ὲν
894 1247 972 1301 τῶ
1000 1247 1184 1317 βιϐλίῳ
1233 1249 1421 1317 τούτῳ,
1473 1247 1743 1315 φοϐεῖσθαι
1770 1249 1829 1300 τὸ

260 1338 439 1406 ὄνομα
484 1337 552 1389 τὸ
596 1337 835 1406 ἔντιμον,
867 1336 961 1389 καὶ⁸
997 1336 1056 1388 τὸ
1083 1336 1384 1405 θαυμαστὸν
1414 1336 1585 1397 τοῦτο,
1629 1336 1828 1406 Κύριον

264 1427 353 1479 τὸν
380 1425 546 1489 Θεὸν,
596 1426 690 1478 καὶ
722 1425 1077 1496 παραδοξάσει
1108 1425 1307 1495 Κύριος
1344 1425 1441 1488 τὰς
1472 1425 1679 1495 πληγάς
1712 1443 1827 1487 σου,

264 1514 359 1566 καὶ
380 1514 487 1576 τὰς
537 1513 750 1584 πληγὰς
791 1514 886 1567 τοῦ
937 1514 1242 1584 σπέρματός
1274 1530 1384 1577 σου,
1430 1513 1636 1583 πληγὰς
1666 1515 1830 1583 μεγὰ-

263 1602 361 1664 λας
407 1602 511 1654 καὶ
545 1601 884 1671 θαυμαστὰς,
933 1602 1025 1654 καὶ
1067 1602 1252 1663 νόσους
1298 1603 1533 1671 πονηρὰς
1566 1603 1659 1654 καὶ
1683 1601 1829 1653 πλεί-

1925 460 2066 525 ptiis,
2102 474 2204 511 non
2233 460 2474 512 inducam
2520 460 2569 510 in
2607 468 2697 513 te:
2737 475 2832 527 ego
2869 462 3009 514 enim
3048 477 3164 516 sum
3207 463 3462 517 Dominus

1925 561 2118 598 sanans
2136 555 2209 598 te.
2243 563 2264 595 ι
2294 545 2549 612 Quodque
2569 545 2619 596 in
2645 545 3043 600 Denteronomio
3079 549 3145 603 ad
3177 560 3460 618 peccantes

1926 633 2140 696 dicitur,
2171 633 2382 686 videtur
2408 635 2647 701 corporis
2680 634 2859 701 plagas
2899 644 2952 688 et
2984 636 3197 691 morbos
3226 639 3275 691 in
3309 640 3461 694 malis

1927 735 2199 789 reponere,
2228 722 2278 774 in
2306 724 2460 776 bonis
2481 738 2606 776 vero
2629 727 2910 778 sanitatem
2939 732 2992 777 et
3019 726 3176 778 robur
3198 729 3456 795 corporis.

1928 807 2096 863 Verba
2129 811 2239 863 haec
2266 820 2392 864 sunt
2422 811 2505 864 ⁸³ε
2541 828 2559 862 ι
2592 811 2646 865 Si
2675 827 2776 865 non
2803 813 3134 878 obedieritis,
3171 822 3228 866 ut
3254 813 3461 869 faciatis

1926 898 2100 952 omnia
2153 897 2313 950 verba
2359 897 2488 967 legis
2539 898 2698 966 hujus
2732 902 2930 967 scripta
2975 900 3027 952 in
3067 899 3204 953 libro
3231 901 3366 961 hoc.
3405 909 3461 952 ut

1928 988 2157 1041 timeatis
2188 1002 2378 1042 nomen
2406 990 2504 1042 hoc
2526 987 2891 1042 honorandum
2919 998 2972 1043 et
3000 990 3333 1059 admirabile,
3364 990 3463 1043 Do-

1928 1076 2126 1128 minmn
2180 1076 2377 1139 Deum,
2422 1077 2762 1131 incredibiles
2801 1076 2960 1132 faciet.
2994 1078 3249 1131 Dominus
3279 1077 3462 1146 plagas

1929 1174 2066 1228 tuas,
2094 1175 2149 1219 et
2175 1166 2355 1233 plagas
2384 1166 2603 1219 seminis
2635 1166 2729 1229 tui,
2764 1166 2943 1234 plagas
2970 1180 3188 1236 magnas
3208 1178 3261 1219 et
3288 1167 3462 1219 admi—

1927 1249 2138 1310 rabiles,
2172 1250 2385 1302 morbos
2414 1250 2577 1303 malos
2602 1260 2655 1304 et
2685 1251 2943 1318 plurimos
2970 1268 2984 1305 :
3013 1262 3066 1305 et
3099 1262 3371 1306 convertet
3408 1255 3459 1305 in

1929 1345 1979 1390 te
2024 1352 2232 1390 omnem
2271 1337 2477 1405 plagam
2513 1337 2724 1408 [Ευριὶ
2760 1339 2985 1401 malam,
3014 1355 3171 1406 quam
3212 1342 3457 1395 devitasti

1924 1439 1955 1476 a
2004 1434 2289 1493 conspectu
2338 1426 2605 1492 ipsorum,
2655 1436 2708 1479 et
2754 1429 3357 1497 conglutinabiturtibi,
3403 1439 3459 1483 et

1925 1524 2133 1563 onmem
2176 1511 2447 1565 mollitiem
2486 1520 2540 1565 et
2577 1528 2789 1567 omnem
2826 1514 3032 1583 plagam
3069 1531 3172 1570 non
3203 1519 3459 1584 scriptam

1929 1596 1980 1648 in
2008 1596 2144 1651 libro
2171 1598 2300 1667 legis
2320 1599 2498 1667 hujus,
2527 1602 2751 1655 adducet
2783 1603 3033 1659 Dominus
3064 1621 3221 1673 super
3254 1615 3303 1660 te
3323 1645 3338 1667 ,
3368 1608 3461 1660 do-

265 1706 398 1752 στας
451 1688 538 1758 (5)
561 1705 576 1718 ·
628 1667 723 1746 καὶ
762 1688 1071 1759 ἐπιστρέψει
1116 1689 1208 1742 ἐπὶ
1256 1690 1314 1741 σὲ
1357 1667 1531 1743 πάσαν
1567 1690 1663 1760 τὴν
1695 1689 1827 1758 πλη-

1929 1697 2026 1737 nec
2071 1687 2504 1741 exterminaverit
2556 1699 2626 1742 te.
2662 1708 2681 1741 ι
2713 1690 2777 1743 Ει
2804 1707 2986 1747 rursus
3016 1667 3461 1762 perfriligentibus

267 1780 368 1848 τὴν
394 1778 685 1845 Αἰγύπτου
708 1776 804 1848 τὴν
832 1778 1089 1848 πονηρὰν,
1127 1777 1193 1847 ἢν
1221 1777 1503 1847 διηυλαϐοὖ
1535 1778 1641 1830 ἀπὸ
1665 1794 1826 1849 προσ·

265 1870 428 1923 ιὶηιων
455 1868 644 1922 αὐτῶν
662 1885 677 1898 ·
708 1868 800 1920 καὶ
840 1867 1219 1937 κολληθήσεται
1263 1884 1362 1931 σοι,
1402 1868 1492 1921 καὶ
1525 1871 1699 1922 πᾶσαν
1729 1886 1828 1937 μα-

266 1957 499 2018 λακίαν,
558 1956 656 2010 καὶ
709 1957 887 2010 πᾶσαν
937 1955 1145 2025 πληγὴν
1187 1956 1282 2025 τὴν
1327 1955 1401 2025 μὴ
1447 1957 1825 2026 γεγραμμένην

267 2050 323 2099 ὲν
369 2046 450 2116 τῷ
485 2045 683 2114 βιϐλίῳ
719 2043 814 2097 τοῦ
846 2044 1007 2113 νόμου
1054 2043 1239 2096 τούτου
1282 2044 1465 2107 ἐπάξει
1491 2045 1689 2114 Κύριος
1732 2047 1824 2098 ἐπὶ

271 2136 347 2197 σὲ,
394 2135 506 2195 ἕως
556 2133 626 2186 ἂν
677 2130 1024 2203 ὲξολοθρεύσῃ
1070 2147 1159 2183 σε·
1186 2150 1203 2182 ι
1244 2133 1338 2184 καὶ
1378 2132 1536 2185 πάλιν
1577 2136 1689 2195 τοῖς
1727 2149 1826 2184 πα-

269 2222 589 2293 ραϐαίνουσι
632 2220 732 2282 τὰς
781 2219 997 2281 ἐντολὰς
1058 2218 1268 2284 λέγεται
1312 2221 1372 2273 τό
1391 2235 1404 2248 ·
1468 2237 1486 2270 ι
1508 2218 1825 2289 Ἐπιπέμψω

270 2314 398 2382 ὑμῖν
469 2310 735 2379 πυρετὸν,
802 2308 896 2360 καὶ
968 2308 1196 2376 ἴκτερον,
1255 2307 1349 2360 καὶ
1414 2306 1838 2376 σφακελίξοντιις⁹

267 2402 391 2463 τοὺς
432 2399 756 2467 ὀφθαλμοὺς
796 2396 968 2466 ὑμῶν,
1012 2397 1105 2449 καὶ
1134 2397 1230 2465 τὴν
1262 2396 1433 2465 ψυχὴν
1475 2397 1624 2465 ὑμῶν
1668 2399 1825 2468 ἐκτή-

270 2503 487 2541 κουσαν·
518 2505 539 2536 ι
578 2485 716 2555 πρὸς
741 2483 949 2546 τούτοις
972 2484 1065 2536 καὶ
1092 2484 1149 2535 ὲν
1169 2482 1246 2551 τῷ
1271 2485 1690 2552 Δευτερονομίῳ
1717 2489 1824 2547 τοῖς

269 2575 664 2645 ἀφισταμένοις
708 2571 808 2641 τῆς
851 2572 1151 2634 θεοσεϐείας
1192 2572 1398 2624 ἀπειλεῖ
1434 2575 1463 2624 6
1510 2572 1663 2640 λόγος
1703 2574 1823 2624 ὀπι-

272 2664 517 2716 σθότονον
545 2661 789 2715 ἀνίατον.
831 2658 911 2712 Τὰ
929 2659 985 2711 δὲ
1014 2660 1166 2721 ἐκτὸς
1209 2658 1386 2726 ἀγαθὰ
1421 2659 1471 2710 oi.
1515 2658 1822 2729 βουλόμενοι

271 2754 408 2806 κατὰ
449 2752 546 2804 τὸν
598 2751 741 2802 θεῖον
773 2747 1197 2816 ἐπαγγέλλεσθαι
1239 2747 1392 2815 λόγον
1431 2750 1538 2809 τοῖς
1581 2748 1676 2817 μὲν
1719 2747 1825 2800 ἀπὸ

269 2841 361 2893 τοῦ
401 2837 728 2894 Λευΐτικοῦ
759 2835 967 2899 τούτοις
1015 2837 1333 2905 χρήσονται·
1382 2854 1401 2886 ι
1461 2835 1584 2889 Ἐὰν
1617 2837 1672 2887 ὲν
1714 2838 1823 2899 τοῖς

272 2926 659 3000 προστάγμασί
677 2942 779 2995 μου
799 2923 1118 2995 πορεύησθε,
1138 2925 1230 2977 καὶ
1254 2924 1350 2986 τὰς
1375 2923 1587 2986 ἐντολάς
1606 2940 1702 2993 μου
1726 2939 1824 2991 φυ-

270 3018 541 3088 λάτσησθε
562 3055 582 3081 ,
629 3016 726 3068 καὶ
767 3014 958 3083 ποιῆτε
989 3012 1174 3077 αὐτὰς,
1198 3013 1355 3065 δώσω
1395 3013 1484 3066 τὸν
1523 3013 1672 3066 ὑετὸν
1698 3014 1822 3082 ὑμῖν

273 3111 327 3162 ὲν
384 3106 570 3178 καιρῷ
619 3104 819 3168 αὐτοῦ,
866 3101 961 3156 καὶ
1001 3104 1036 3173 ή
1089 3103 1161 3172 γῆ
1198 3101 1355 3155 δώσει
1396 3103 1466 3156 τὰ
1515 3103 1824 3172 γεννήματα

273 3197 468 3267 αὐτῆς,
493 3197 600 3250 καὶ
620 3195 690 3247 τὰ
712 3194 840 3257 ξύλα
855 3192 962 3244 τῶν
997 3192 1192 3244 πεδίων
1214 3191 1370 3244 δώσει
1390 3191 1482 3244 τὸν
1501 3192 1707 3262 καρπὸν
1728 3193 1824 3244 αὑ-

272 3292 394 3345 τῶν.
422 3290 537 3344 Καὶ
573 3286 943 3356 καταλήψεται
973 3286 1098 3354 ὑμῖν
1129 3286 1158 3336 6
1188 3283 1408 3354 ἁλοητὺς
1429 3282 1518 3335 τὸν
1542 3283 1824 3352 τρυγητὸν,

275 3381 364 3432 καὶ
384 3382 413 3433 6
427 3377 706 3448 τρυγητὺς
725 3373 1091 3443 καταλήψεται
1111 3373 1199 3425 τὸν
1232 3371 1450 3442 σπόρον·
1477 3371 1570 3423 καὶ
1593 3370 1828 3438 φάγεσθε

274 3469 361 3521 τὸν
400 3470 571 3538 ἄρτον
621 3464 775 3534 ὑμῶν
817 3464 897 3525 είς
936 3460 1246 3531 πλησμονήν
1264 3476 1278 3490 ·
1345 3459 1440 3511 καὶ
1480 3459 1826 3528 κατοικήσετε

280 3556 410 3625 μετὰ
444 3552 753 3623 ἀσφαλείας
796 3551 889 3602 ἐπὶ
919 3549 1016 3618 τῆς
1062 3549 1166 3617 γῆς
1204 3546 1376 3617 ὑμῶν,
1400 3566 1420 3601 ι
1466 3546 1648 3599 καὶτὰ
1680 3546 1823 3615 ἑξῆς·

276 3647 338 3698 ἐκ
362 3644 417 3696 δε
451 3644 551 3698 τοῦ
592 3640 1049 3708 Δευτερονομίου
1090 3636 1294 3699 τούτοις
1319 3636 1632 3706 χρήσονται·
1666 3654 1684 3687 ι
1720 3637 1829 3688 Καὶ

276 3734 419 3787 ἔσται
448 3733 526 3798 ὡς
581 3734 650 3786 ἂν
699 3730 919 3798 διαϐῆτε
970 3728 1062 3780 τὸν
1105 3726 1368 3797 Ἰορδάνην
1407 3726 1486 3787 είς
1513 3724 1611 3795 τὴν
1640 3725 1741 3794 γῆν
1765 3724 1831 3794 ἣν

274 3824 474 3896 Κύριος
500 3827 531 3876 6
578 3821 714 3882 Θεὸς
748 3820 958 3873 δίδωσιν
988 3817 1136 3886 ὑμῖν,
1165 3816 1257 3868 καὶ
1298 3813 1628 3882 φυλάσσεσθε
1661 3815 1831 3865 ποιεῖν

277 3914 451 3975 πάσας
491 3912 598 3972 τὰς
634 3908 851 3969 ἐντολὰς
899 3905 1061 3958 αὐτοῦ
1082 3943 1097 3967 ,
1142 3904 1207 3966 ἃς
1252 3902 1360 3969 ἐγὼ
1404 3901 1710 3971 ἐντέλλομαί
1752 3917 1831 3953 σοι

278 4002 546 4070 σήμερον·
588 3997 686 4050 καὶ
716 3996 874 4049 δώσει
899 4012 962 4048 σε
998 3993 1198 4063 Κύριος
1225 3993 1254 4044 6
1286 3991 1416 4053 Θεός
1457 4006 1547 4043 σου
1585 3990 1833 4060 ὑπεράνω

277 4090 520 4152 πάντων,
559 4087 659 4140 καὶ
680 4085 897 4156 ἥξουσιν
918 4083 1008 4135 ἐπὶ
1033 4083 1094 4134 σὲ
1115 4083 1281 4134 πᾶσαι
1308 4081 1364 4132 αἱ
1392 4079 1626 4146 εὐλογίαι
1653 4072 1831 4140 αὗται,

276 4182 367 4234 καὶ
410 4177 715 4251 εὑρήσουσι
753 4193 847 4240 σε,
882 4175 974 4228 ἐὰν
1018 4173 1249 4242 ἀκούσῃς
1287 4172 1382 4240 τῆς
1428 4171 1608 4239 φωνῆς
1631 4169 1832 4240 Κυρίου

1930 1775 2175 1827 mandata
2216 1776 2411 1830 dicitur
2451 1777 2501 1809 “
2546 1794 2560 1831 :
2607 1797 2626 1829 ι
2673 1781 2955 1835 lmmittam
2991 1784 3140 1838 vobis
3180 1784 3367 1838 febrim
3409 1795 3464 1838 et

1928 1874 2207 1930 arquatum
2245 1865 2516 1927 morbum.
2550 1876 2604 1922 et
2639 1871 2964 1925 tabescentes
3001 1873 3184 1927 oculos
3222 1884 3461 1937 vestros,

1928 1961 1981 2004 et
2012 1951 2241 2004 animam
2270 1962 2501 2008 vestram
2537 1955 2934 2024 liquesceutem.
2960 1959 3115 2030 567
3147 1982 3165 2012 ι
3203 1961 3463 2016 Prmterea

1930 2039 1981 2092 in
2028 2040 2418 2095 Deuteronomio
2457 2045 2669 2111 pietatis
2708 2057 2763 2099 et
2803 2049 3071 2118 religionis
3108 2053 3465 2108 desertoribus

1931 2128 2157 2195 rigorem
2223 2131 2445 2185 cervicis
2511 2134 2855 2189 insanabilem
2911 2139 3146 2191 minatur
3197 2139 3263 2191 “.
3322 2139 3464 2193 Bona

1929 2230 2053 2270 vero
2089 2227 2307 2272 externa
2345 2221 2435 2287 qui
2464 2222 2647 2274 volunt
2673 2236 2738 2276 ex
2773 2223 2965 2277 divinis
2993 2225 3181 2279 litteris
3205 2226 3461 2294 polliceri,

1928 2306 2010 2359 his
2054 2315 2268 2360 utentur
2316 2307 2525 2361 Levilici
2575 2312 2753 2366 verbis
2792 2312 2837 2343 “
2883 2331 2896 2365 :
2949 2332 2968 2364 ι
3011 2313 3066 2366 Si
3111 2314 3163 2367 in
3201 2317 3466 2370 mandatis

1928 2395 2059 2447 meis
2083 2397 2385 2462 ambuletis,
2403 2409 2454 2454 et
2475 2408 2734 2467 praecepta
2753 2415 2868 2455 mea
2881 2404 3125 2467 servetis,
3140 2412 3189 2457 et
3203 2404 3465 2472 impleatis

1928 2480 2062 2546 ipsa,
2090 2482 2225 2535 dabo
2250 2484 2398 2537 vobis
2437 2484 2662 2551 pluviam
2697 2485 2749 2537 in
2786 2496 3021 2555 tempore
3049 2501 3183 2552 suo,
3224 2498 3276 2540 et
3326 2496 3464 2541 terra

1927 2572 2071 2624 dabit
2085 2571 2321 2638 germina
2337 2588 2454 2636 sua,
2471 2585 2525 2625 ct
2545 2576 2683 2641 ligna
2699 2589 3003 2643 camporum
3024 2576 3223 2631 dabunt
3236 2577 3463 2630 fructum

1927 2672 2099 2710 suum.
2131 2659 2194 2711 Et
2215 2660 2441 2727 excipiet
2465 2662 2613 2715 vobis
2652 2662 2838 2715 tritura
2867 2663 3184 2716 vindemiam
3206 2707 3222 2729 ,
3268 2673 3323 2718 et
3354 2665 3467 2718 vin-

1927 2747 2095 2801 demia
2113 2748 2342 2817 excipiet
2357 2750 2635 2814 sationem,
2655 2760 2706 2804 et
2719 2752 3008 2807 comedetis
3020 2766 3209 2820 panem
3226 2763 3465 2807 vestrum

1926 2837 1979 2891 in
2008 2837 2324 2901 satietatem,
2351 2847 2403 2892 et
2439 2854 2558 2893 cum
2592 2841 2880 2895 securitate
2905 2841 3209 2895 habitabilis
3240 2842 3293 2895 in
3325 2854 3463 2896 terra

1927 2935 2122 2990 vestra,
2140 2936 2243 2979 etc.
2276 2944 2294 2976 ι
2325 2927 2402 2980 Ex
2432 2927 2827 2981 Deuteronomio
2862 2930 2973 2982 haec
3001 2929 3282 2984 all'erent"
3307 2947 3322 2984 :
3348 2948 3367 2980 ι
3405 2932 3468 2984 Et

1923 3018 2024 3070 erit
2045 3018 2132 3071 ubi
2153 3015 2434 3070 Jordanem
2452 3018 2791 3084 transieritis,
2815 3018 2867 3071 in
2888 3028 3083 3072 terram
3108 3035 3266 3088 quam
3290 3019 3469 3075 Domi-

1926 3120 2025 3159 nus
2043 3106 2178 3159 Deus
2190 3106 2275 3159 dat
2295 3104 2458 3167 vobis,
2474 3116 2525 3158 et
2543 3107 2791 3160 cavebitis
2806 3114 2857 3159 ut
2873 3108 3050 3161 omnia
3071 3108 3313 3161 mandata
3330 3109 3467 3176 ejus,

1925 3208 2041 3260 quae
2063 3208 2161 3263 ego
2183 3194 2330 3247 vobis
2354 3195 2507 3248 hodie
2535 3196 2819 3261 praescribo
2834 3233 2849 3257 ,
2873 3195 3169 3262 impleatis:
3189 3198 3398 3251 etdabit
3417 3208 3467 3250 te

1928 3283 2184 3335 Dominus
2232 3282 2373 3335 Deus
2415 3292 2535 3335 tuus
2573 3296 2693 3335 esse
2738 3297 2899 3349 super
2938 3298 3144 3346 omnes,
3177 3294 3230 3338 et
3256 3286 3467 3339 venient

1926 3385 2088 3438 super
2129 3379 2180 3423 te
2219 3384 2407 3422 omnes
2436 3370 2836 3423 benedictiones
2867 3370 2967 3435 Ine,
3001 3381 3055 3424 et
3082 3372 3345 3427 invenient
3379 3382 3466 3438 te,

1928 3460 1970 3511 si
2013 3459 2247 3511 audieris
2283 3473 2465 3511 vocem
2499 3458 2703 3511 Domini
2732 3458 2821 3510 Dei
2851 3459 2945 3510 tui.
2978 3459 3295 3515 Benedictus
3322 3470 3375 3514 tu
3413 3465 3464 3515 in

1930 3548 2079 3612 urbe,
2115 3556 2170 3599 et
2196 3546 2507 3599 benedictus
2538 3556 2589 3597 tu
2620 3548 2669 3597 in
2699 3560 2845 3614 agro,
2880 3546 3139 3600 benedicti
3172 3548 3308 3601 fetus
3337 3564 3467 3602 ven-

1927 3636 2025 3688 tris
2076 3635 2149 3687 tui
2197 3642 2251 3688 et
2296 3634 2535 3703 germina
2586 3643 2739 3686 terra:
2768 3643 2900 3695 tum,
2933 3644 2987 3686 et
3021 3644 3262 3688 armenta
3308 3636 3465 3688 boum

1930 3734 2162 3786 tuorum,
2205 3731 2259 3774 et
2311 3736 2498 3789 greges
2560 3722 2818 3790 pecudum
2864 3726 3068 3776 uiarum
3110 3740 3124 3776 :
3176 3724 3469 3777 benedicta:

1929 3811 2200 3878 apotheca:
2230 3820 2351 3873 tua},
2381 3820 2434 3863 et
2455 3810 2691 3876 reliquiae
2735 3819 2839 3864 tuae
2860 3850 2876 3875 ,
2912 3830 2933 3863 ι
2969 3821 3023 3865 et
3051 3822 3263 3866 caztera.
3303 3810 3371 3866 Ut
3400 3828 3468 3866 ex

1929 3896 2201 3949 contrario
2242 3896 2415 3964 impiis
2468 3897 2659 3950 dicitur
2707 3898 2751 3929 ⁸⁸
2796 3915 2810 3951 :
2861 3916 2879 3948 ι
2939 3899 3291 3955 Exsecrabilis
3320 3913 3376 3955 tu
3414 3903 3473 3955 in

1930 3986 2178 4052 civitate,
2207 3994 2263 4039 ct
2295 3987 2638 4040 exsecrabilis
2671 3995 2723 4039 tu
2759 3988 2809 4041 in
2840 4004 2999 4056 agro;
3032 4000 3308 4044 exsecrata
3342 3994 3471 4044 hor—

1934 4089 2023 4129 rea
2052 4086 2136 4128 tua
2158 4116 2173 4140 ,
2204 4085 2258 4129 et
2283 4077 2521 4143 reliquiae
2557 4084 2686 4139 tuae,
2727 4080 3087 4133 exsecrabiles
3133 4078 3223 4132 lilii
3269 4082 3474 4134 ventris

1935 4164 2034 4228 tui,
2058 4173 2110 4217 et
2137 4165 2372 4232 germina
2397 4175 2550 4219 terra:
2577 4174 2709 4232 tua};
2744 4177 3013 4220 exsecrata
3039 4176 3276 4221 armenta
3309 4171 3465 4222 boum

276 4270 366 4323 τοῦ
396 4269 537 4324 Θεοῦ
562 4284 684 4322 σου.
718 4263 1089 4335 Εὐλογημένος
1120 4263 1182 4314 σὺ
1213 4259 1472 4329 ὲνῇπόλει,
1502 4260 1595 4311 καὶ
1623 4257 1827 4326 εὐλογη-

1936 4264 2166 4320 tuorum,
2194 4262 2246 4307 et
2266 4266 2450 4322 greges
2472 4256 2729 4322 pecudum
2769 4265 3012 4321 tuarum;
3050 4274 3073 4308 ι
3105 4265 3158 4310 et
3185 4257 3286 4309 alia
3315 4258 3473 4310 innu-

281 4363 436 4430 μένος
470 4361 538 4412 σὺ
580 4360 643 4411 ὲν
675 4354 863 4426 ἀγρῷ,
907 4351 1235 4422 εὐλογημένα
1265 4351 1335 4402 τὰ
1380 4348 1576 4416 ἔγγονα
1618 4346 1690 4417 (6)
1734 4347 1829 4416 τῆς

277 4450 480 4512 κοιλίας
512 4465 613 4501 σου
636 4486 651 4511 ,
684 4444 778 4499 καὶ
803 4444 871 4497 τὰ
905 4443 1210 4512 γεννήματα
1234 4440 1332 4509 τῆς
1361 4437 1462 4506 γῆς
1488 4453 1578 4489 σου
1600 4475 1614 4499 ,
1644 4435 1737 4487 καὶ
1758 4434 1826 4487 τὰ

279 4537 528 4605 βουκόλια
561 4535 674 4589 τῶν
705 4532 841 4602 βοῶν
870 4549 962 4584 σου
981 4571 996 4595 ,
1027 4528 1211 4583 καὶτὰ
1242 4529 1465 4596 ποίμνια
1488 4526 1595 4577 τῶν
1625 4522 1830 4593 προϐά-

277 4642 379 4679 των
438 4641 568 4679 σου·
635 4622 992 4690 εὐλογημέναι
1035 4620 1089 4671 αἱ
1131 4614 1403 4684 ἀποθῆκαί
1461 4630 1551 4665 σου
1570 4652 1585 4676 ,
1638 4613 1731 4665 καὶ⁹
1764 4611 1831 4663 τὰ

277 4709 767 4783 ὲγκαταλείμματά
803 4725 921 4775 σου,
952 4728 971 4760 ι
1017 4706 1111 4760 καὶ
1141 4705 1207 4758 τὰ
1236 4704 1376 4773 ἑξῆς.
1449 4702 1534 4764 Ὣς
1574 4700 1732 4753 πάλιν
1763 4701 1828 4751 ὲκ

276 4801 381 4853 τῶν
405 4802 670 4854 ἐναντίων
691 4800 802 4859 τοῖς
829 4794 1076 4849 ἀσεϐοῦσι
1096 4795 1307 4863 λέγεται
1328 4792 1407 4845 τό·
1430 4809 1450 4841 ι
1472 4788 1830 4858 Ἐπικατάρα-

278 4907 368 4952 τος
400 4893 466 4944 σὺ
489 4892 549 4944 ὲν
575 4888 728 4941 πόλει
748 4927 763 4950 ,
796 4885 891 4938 καὶ
909 4884 1295 4956 ὲπικατάρατος
1322 4883 1385 4933 σὺ
1406 4880 1463 4931 ἐν
1492 4877 1645 4948 ἀγρῷ
1662 4895 1676 4909 ·
1711 4879 1832 4929 ὲπι-

278 4981 576 5050 κατάρατοι
618 4980 676 5031 αἱ
726 4974 997 5042 ἀποθῆκαί
1045 4990 1135 5025 σου
1157 5011 1170 5036 ,
1219 4973 1311 5024 καὶ
1357 4970 1423 5022 τὰ
1472 4968 1829 5037 ὲγκαταλείμ-

283 5068 425 5134 μστά
452 5082 586 5118 σου·
623 5061 996 5132 ὲπικατάρατα
1039 5060 1106 5112 τὰ
1137 5059 1295 5110 τέκνα
1332 5056 1431 5141 τῆς
1471 5054 1672 5116 κοιλίας
1716 5070 1828 5118 σου,

282 5156 372 5207 καὶ
402 5156 473 5208 τὰ
511 5154 829 5224 γεννήματα
881 5152 978 5221 τῆς
1015 5151 1119 5218 γῆς
1162 5165 1252 5200 σου
1274 5163 1289 5180 ·
1348 5144 1724 5214 ὲπικατάρατα
1763 5147 1831 5199 τὰ

1937 4357 2080 4395 mera
2114 4341 2350 4410 proferre
2376 4351 2597 4411 possunt
2622 4380 2638 4407 ,
2666 4345 2757 4411 qui
2783 4345 2835 4397 in
2859 4345 3017 4399 rebus
3039 4346 3276 4412 corporis
3300 4354 3354 4398 et
3375 4361 3470 4400 ex-

1936 4432 2101 4485 ternis
2123 4435 2257 4486 bona
2283 4414 2348 4484 et.
2362 4433 2503 4485 mala
2528 4447 2647 4488 esse
2667 4434 2866 4488 volunt.
2891 4435 3230 4503 Evangelinm
3258 4449 3473 4503 quoque

1935 4523 2230 4590 attingent,
2265 4535 2320 4577 et
2348 4524 2522 4578 dicent
2562 4527 2934 4590 Servatorem,
2964 4540 3088 4579 cum
3133 4527 3299 4588 venit,
3349 4534 3468 4577 tan-

1935 4624 2093 4678 quam
2138 4612 2311 4675 mala,
2357 4614 2661 4669 hominibus
2708 4616 2993 4670 abstulisse
3033 4616 3271 4682 corporis
3313 4616 3468 4669 caeci-

1939 4706 2119 4761 tatem,
2150 4698 2481 4765 surditatem,
2504 4711 2561 4754 et
2590 4703 2947 4756 membrorum
2976 4702 3346 4756 resolutionem
3366 4739 3382 4765 ,
3414 4710 3469 4754 et

1932 4786 2174 4840 morbum
2200 4801 2431 4853 omnem,
2454 4799 2510 4845 et
2538 4805 2747 4845 omnem
2776 4792 3141 4845 infirmitatem
3171 4792 3466 4852 sanavisse,

1930 4877 2243 4944 dedisseque
2268 4877 2404 4931 bona
2439 4892 2536 4947 pro
2578 4879 2735 4933 malis
2764 4879 3066 4947 prioribus,
3104 4887 3158 4933 et
3197 4877 3469 4945 perspica-

1929 4964 2147 5017 citatem
2180 4965 2456 5035 corporis,
2496 4975 2551 5018 et
2579 4966 2840 5030 auditum,
2875 4974 2931 5019 et
2960 4966 3120 5018 aliam
3149 4966 3428 5017 sanitatem
3450 5000 3470 5020 .
3516 5002 3521 5007 .

1930 5062 1985 5105 et
2017 5053 2180 5107 robur
2229 5067 2246 5106 :
2289 5065 2345 5110 et
2378 5054 2805 5109 verecundabere
2837 5068 2959 5108 cum
3000 5067 3068 5107 ex
3112 5060 3163 5104 te
3192 5058 3472 5118 quaerent.

1932 5156 2108 5196 annon
2151 5145 2345 5200 malum
2390 5161 2601 5216 quoque
2638 5160 2756 5201 esse
2793 5145 3137 5211 arbitremur,
3167 5155 3197 5192 a
3231 5139 3474 5193 daemone

354 5312 401 5343 “
428 5312 589 5364 Deut.
624 5325 814 5371 xxvtn,
844 5307 912 5359 58
940 5294 1000 5358 ct
1023 5319 1133 5374 seu.
1227 5305 1273 5336 “
1300 5303 1471 5357 Levit.
1497 5318 1640 5369 nm,
1669 5305 1757 5360 l6.
1832 5308 1876 5341 “
1905 5309 2056 5365 Deut.
2086 5323 2257 5374 nm,
2284 5310 2373 5365 24.
2466 5307 2512 5339 “
2546 5305 2713 5361 Levit.
2740 5314 2883 5363 τινι,
2910 5300 2945 5352 '5
2965 5306 3019 5351 et
3049 5307 3167 5361 seq.
3238 5291 3281 5322 "
3310 5289 3472 5346 Deut.

286 5395 475 5446 xxvm,
510 5382 536 5431 1
568 5389 622 5432 et
650 5392 766 5443 seq.
840 5375 885 5405 ⁸⁸
912 5375 1038 5427 ibid.
1062 5373 1127 5426 l6
1147 5381 1196 5427 et
1223 5386 1336 5440 seq.

352 5520 426 5586 (ἓν)
455 5518 632 5574 Biblia
650 5516 859 5580 Graeca,
885 5512 1090 5576 πιστάς.

2008 5514 2082 5586 (6)
2112 5513 2273 5585 Lege,
2305 5518 2517 5583 ἔκγονα.
