3958 6226
251 252 415 328 ,ιε-ι

1275 267 1579 326 SELECTA
1611 270 1673 325 lN
1709 269 2036 327 PSALMOS.
2065 301 2137 313 —
2172 272 2363 331 PSAL.
2403 274 2491 330 ιν.

3361 279 3497 333 H58

285 376 446 434 νόσον
498 378 866 450 σωματικὴν,
912 384 1005 435 καὶ⁵
1046 383 1113 437 τὰ
1156 386 1311 449 ἐκτὸς
1356 387 1679 457 νομιζόμενα
1723 388 1856 441 κακὰ

1962 391 2229 456 pestivum
2262 390 2423 444 fuerit
2465 404 2525 443 ea
2572 404 2688 458 quae
2717 388 2816 444 Job
2845 393 3169 458 acciderunt,
3213 392 3265 446 in
3309 407 3491 446 eorum

292 470 408 531 τοῖς
441 466 799 538 ἡσεϐηκόσιν,
838 473 873 543 ἢ
912 474 1332 541 ἐπαγγέλλεσθαι
1373 476 1674 544 ὑγιαίνοντα
1728 474 1863 532 εἶναι

299 559 372 612 τὰ
393 556 645 629 σώματα,
671 561 769 612 καί
789 564 1105 632 περιουσίαν
1134 562 1346 615 ἔσεσθαι
1367 567 1477 626 τοῖς
1496 564 1573 633 τῷ
1597 564 1714 616 Θεῶ
1738 582 1865 618 κατ-

296 648 717 719 ηκολουθηκόσι.
775 650 903 713 Πῶς
939 651 994 703 δὲ
1026 652 1123 704 οὐκ
1155 652 1356 720 ἠλίθιον
1386 654 1478 705 ἐπὶ
1527 658 1636 716 τοῖς
1681 658 1864 717 κακοῖς

297 736 455 804 μέγα
496 739 715 807 φρονεῖν
759 738 854 791 καὶ
889 740 1073 809 αὐχεῖν
1118 742 1241 803 τοὺς
1288 742 1445 803 ὄντας
1476 743 1531 793 ἐν
1565 734 1769 805 αὑτοῖς;
1801 743 1863 795 Εἰ

292 826 408 894 γάρ
437 828 614 879 κακαὶ
651 828 709 879 αἱ
730 827 939 896 θλίψεις
962 869 976 893 ,
1024 830 1155 897 φησὶ
1196 830 1252 881 δὲ
1296 832 1324 882 6
1378 832 1689 894 ’Λπόστολος
1729 849 1862 883 καυ-

287 917 503 985 χᾶσθαι
536 919 596 969 ἐν
623 920 813 980 κακοῖς
832 936 845 948 ·
869 917 1027 971 τοῦτο
1048 920 1105 972 δέ
1124 919 1343 987 ἠλίθιον,
1366 922 1458 974 καὶ
1487 924 1515 973 6
1553 922 1863 984 Ἀπόστολος

284 1005 398 1057 οὑκ
436 1004 687 1073 ἠλίθιος·
726 1006 827 1058 οὑκ
856 1007 963 1075 ἄρα
1001 1007 1144 1060 κακά
1181 1009 1250 1061 τὰ
1297 1009 1470 1061 τοιάδε
1502 1010 1862 1079 γυμνάσματα

285 1092 392 1144 τοῦ
432 1092 601 1159 ἁγίου
620 1108 634 1121 ⁸
668 1093 836 1156 ὅστις,
864 1095 922 1144 ἐν
953 1095 1113 1146 παντὶ
1132 1094 1467 1165 θλιϐόμενος,
1498 1097 1558 1148 οὐ
1600 1114 1860 1166 στενοχωσ-

292 1182 520 1250 ρεῖταιθ
560 1181 966 1250 ἀπορούμενος,
1016 1182 1116 1234 οὐκ
1148 1184 1628 1249 ἐγκαταλείπεται’
1676 1201 1862 1254 πειρα-

289 1269 568 1337 ζόμενος,
620 1270 685 1320 οὑ
726 1268 1071 1322 θανατοῦται·
1131 1268 1474 1339 νομιζόμενος
1527 1267 1661 1323 εἶναι
1714 1287 1860 1323 πτω-

287 1356 411 1424 κὸς,
447 1357 687 1419 πολλοὺς
733 1356 1034 1418 πλουτίζειν
1080 1359 1173 1409 καὶ
1213 1357 1716 1426 ὑπολαμϐανόμενος
1755 1374 1859 1427 μη-

286 1446 385 1498 δέν
454 1446 784 1516 κεκτῆσθαι,
833 1445 1008 1499 παντά
1063 1447 1311 1514 κατέχει·
1361 1447 1452 1498 τοῦ
1507 1446 1613 1516 γὰρ
1670 1447 1859 1499 πιστοῦ

284 1536 414 1598 ὅλος
477 1538 510 1587 6
576 1536 783 1604 κόσμος
844 1534 951 1587 τῶν
1001 1535 1289 1604 χρημάτων
1311 1552 1324 1565 ο
1381 1534 1474 1587 τοῦ
1533 1535 1588 1587 δὲ
1638 1536 1856 1588 ἀπίστου

284 1625 417 1676 οὐδὲ
467 1622 680 1687 ὀϐολός.
750 1623 871 1674 Ἔτι
916 1622 972 1674 δὲ
1016 1623 1202 1674 ἐπεται
1258 1625 1367 1686 τοῖς
1424 1623 1855 1692 ὑπολαμϐάνουσι

1962 492 2216 531 revocare
2252 478 2585 543 memoriam,
2629 480 2719 548 qui
2750 495 2810 533 ea
2840 480 2975 532 mala
3021 494 3140 534 esse
3170 488 3397 547 putant:
3435 493 3495 535 ut

1959 575 2235 634 postquam
2264 566 2549 620 fortissime
2578 568 2887 634 perfunctus
2918 580 3000 621 est
3029 569 3095 623 iis
3124 583 3239 636 qua
3265 570 3495 622 circum-

1962 656 2181 708 Stabant
2207 656 2609 719 certaminibus,
2637 658 2701 710 de
2732 657 2846 723 ipso
2868 657 3000 710 liber
3025 657 3097 710 ait
3124 658 3206 709 ":
3247 675 3265 707 ι
3295 658 3373 710 Αη
3399 673 3495 724 pu-

1963 753 2043 796 tas
2091 744 2247 796 aliam
2281 744 2350 796 ob
2382 760 2595 798 causam
2640 759 2727 798 me
2767 755 2944 798 tecum
2981 760 3100 800 esse
3133 745 3487 807 collocutum,

1961 831 2062 883 nisi
2098 840 2153 884 ut
2184 830 2363 897 justus
2394 834 2724 900 appareres?
2753 852 2771 883 ι
2809 834 2864 886 Si
2909 835 3049 887 enim
3082 848 3185 887 non
3214 835 3371 887 aliter
3393 834 3493 888 Joh

1960 929 2180 984 apparet
2203 917 2400 985 justus,
2435 934 2592 985 quam
2621 922 2759 989 quod
2782 921 2931 976 hicet
2952 922 3040 975 ille
3058 935 3177 975 eum
3203 935 3361 975 casus
3382 923 3491 975 cir-

1968 1008 2367 1069 cumvenerint,
2420 1009 2685 1075 quomodo
2744 1024 2885 1063 nunc
2950 1010 3318 1062 vocaverimus
3378 1024 3495 1074 qua:

1967 1105 2141 1143 causa:
2174 1088 2409 1155 fuerunt,
2443 1107 2541 1146 cur
2572 1094 2780 1161 justitia
2803 1096 2968 1162 ipsius
2995 1096 3269 1149 eluceret?
3292 1096 3368 1147 Ex
3409 1096 3494 1148 his

1961 1181 2123 1231 etiam
2163 1180 2417 1247 colligere
2447 1181 2590 1243 licet,
2633 1197 2805 1248 neque
2853 1184 3117 1237 diabolum
3152 1184 3268 1236 viro
3307 1193 3495 1236 sancto

1960 1268 2155 1319 malum
2178 1283 2317 1321 esse.
2341 1268 2439 1322 .lob
2467 1269 2629 1337 igitur
2661 1271 2901 1324 diabolus
2924 1272 3119 1324 malum
3151 1287 3252 1325 non
3276 1274 3451 1325 erat"
3474 1290 3492 1328 :

1963 1376 1981 1407 ι
2019 1358 2150 1422 Quia
2194 1357 2536 1427 diligentibus
2572 1359 2733 1411 Deum
2807 1360 2985 1413 omnia
3031 1360 3083 1413 in
3126 1362 3321 1413 bonum
3357 1362 3494 1415 Deus

1958 1446 2321 1508 administrat,
2349 1447 2417 1500 iis
2452 1447 2540 1514 qui
2565 1446 2715 1514 juxta
2754 1449 3081 1516 propositum
3108 1450 3282 1502 vocati
3308 1458 3486 1502 sunt.»

1958 1532 2217 1587 Praeterea
2248 1534 2486 1589 dicemus
2512 1550 2613 1588 nou
2632 1538 2764 1589 satis
2791 1551 3069 1603 apparere,
3081 1536 3283 1604 justum
3308 1553 3490 1591 earum

1959 1620 2073 1675 fore
2100 1623 2529 1677 benedictionum
2582 1624 2895 1692 participem
2938 1639 3053 1693 qua:
3086 1626 3140 1679 in
3194 1624 3490 1694 Scripturis

285 1710 439 1765 κατά
494 1710 599 1779 τὴν
657 1709 880 1780 Γραφὴν
922 1709 1047 1778 τρία
1106 1711 1233 1780 γένη
1289 1710 1394 1762 τῶν
1432 1711 1645 1777 ἀγαθῶν
1697 1707 1852 1774 εἶναι,

1957 1710 2141 1774 positae
2174 1709 2313 1763 bona
2363 1712 2779 1765 existimantur:
2816 1711 2996 1766 multa:
3038 1713 3236 1781 quippe
3278 1714 3343 1767 de
3375 1714 3493 1767 viro

281 1800 451 1869 δῆλον
470 1800 531 1851 δέ
555 1800 641 1851 ὅτι
654 1800 749 1851 καὶ
772 1797 877 1850 τῶν
900 1797 1101 1859 κακῶν,
1125 1799 1248 1861 τοὺς
1275 1798 1511 1862 δικαίους
1540 1801 1625 1853 ἀεὶ
1644 1801 1700 1853 ἐν
1731 1800 1855 1853 πολ-

280 1890 406 1953 λοῖς
435 1894 634 1952 κακοῖς
661 1886 819 1943 εἶναι·
849 1890 1213 1959 ἀληθευοὺσης
1238 1889 1336 1958 τῆς
1364 1890 1623 1959 λεγούσης
1648 1906 1855 1960 προφη-

280 1980 465 2041 τείας·
512 1998 531 2029 ι
564 1978 768 2031 Πολλαὶ
805 1980 860 2029 αῖ
901 1977 1103 2045 θλίψεις
1139 1976 1245 2030 τῶν
1283 1977 1521 2031 δικαίων.
1564 1997 1582 2028 ι
1614 1978 1723 2029 Οὐκ
1748 1979 1853 2047 ἄρα

278 2067 353 2119 δὲ
374 2066 486 2137 (ίὲ)
504 2068 600 2119 καὶ
619 2066 728 2118 τῶν
743 2066 819 2135 τῷ
853 2065 969 2117 Ἰὼϐ
987 2065 1398 2134 συμϐεϐηκότων
1416 2066 1718 2135 ὑπομνῆσαι
1733 2068 1856 2127 τοὺς

278 2154 578 2222 οἰομένους
620 2152 749 2204 τάδε
791 2152 910 2204 τινά
947 2151 1090 2204 κακὰ
1136 2146 1293 2205 εἶναι’
1321 2152 1393 2214 ὼς
1422 2153 1451 2203 6
1485 2152 1854 2222 χρηματισμὸς

282 2241 436 2311 μετά
462 2242 525 2292 τὸ
547 2242 792 2307 ἐνεγκεῖν
821 2239 1171 2307 γενναιότατα
1186 2241 1310 2302 τοὺς
1342 2240 1692 2310 περιστάντας
1714 2241 1855 2308 ἀγῶ-

278 2345 412 2392 νας,
443 2330 637 2399 φησιν·
686 2346 704 2377 ι
744 2327 858 2380 Οἴει
888 2328 944 2380 δέ
977 2344 1043 2396 με
1072 2327 1241 2390 ἄλλως
1268 2344 1348 2380 σοι
1374 2330 1849 2398 κεχρηματικέναι,

279 2418 325 2486 ἦ
354 2419 441 2470 ῐνα
470 2418 756 2485 ἀναφανῇς
783 2415 1010 2478 δίκαιος;
1052 2435 1070 2467 ι
1089 2416 1151 2468 Εἰ
1179 2415 1286 2484 γάρ
1312 2417 1410 2468 οὑκ
1436 2417 1603 2478 ἄλλως
1631 2417 1855 2485 ἀναφαί-

279 2524 445 2560 νεται
464 2508 494 2557 6
531 2506 656 2557 Ἰὼϐ
684 2506 890 2566 δίκαιος
920 2504 954 2574 ἦ
978 2507 1041 2558 ἐκ
1055 2505 1146 2558 τοῦ
1174 2506 1299 2558 τάδε
1340 2506 1480 2568 τινὰ,
1507 2506 1704 2559 καὶτοῦ
1730 2508 1853 2560 τάδε

279 2596 444 2664 αὐτῷ
501 2596 654 2648 κακά
701 2594 954 2662 λέγοιμεν
996 2593 1255 2662 ὑπάρχειν
1299 2594 1433 2662 (15),
1478 2593 1544 2647 τά
1579 2596 1722 2647 αῐτια
1758 2596 1851 2648 τοῦ

278 2685 574 2753 ἀναφῆναι
623 2681 790 2736 αὑτοῦ
843 2682 940 2751 τὴν
988 2681 1354 2752 δικαιοσύνην;
1412 2682 1677 2752 Ἑπόμενα
1707 2683 1751 2735 δ’
1788 2684 1853 2736 ἂν

277 2776 506 2835 τούτοις
543 2773 633 2841 εῐη
658 2771 792 2841 μηδὲ
818 2770 909 2822 τὸν
936 2770 1173 2822 διάϐολον
1194 2769 1272 2838 τῷ
1298 2770 1434 2839 ἁγίῳ
1459 2770 1622 2823 κακὸν
1659 2772 1854 2839 τυγχά-

279 2878 423 2915 νειν·
454 2862 539 2931 τῷ
568 2862 616 2914 δ’
641 2856 735 2913 οὖν
772 2858 890 2911 Ἰὼϐ
908 2858 1187 2920 όδιάϐολος
1219 2859 1383 2910 κακὸν
1403 2859 1499 2911 οὑκ
1520 2855 1603 2929 ἦν’
1641 2877 1660 2909 ι
1705 2861 1853 2913 Ἐπεὶ

1957 1797 2045 1851 illo
2073 1806 2254 1851 sancto
2268 1800 2497 1853 historiae
2519 1799 2563 1852 si
2590 1801 2972 1870 expendantur,
2994 1800 3148 1853 istam
3179 1801 3495 1868 interpreta-

1959 1890 2149 1941 tionem
2192 1889 2461 1943 refellunt.
2494 1891 2624 1955 Quis
2655 1891 2796 1943 enim
2837 1890 3212 1942 fameratorem
3245 1900 3489 1943 sanctum

1957 1988 2075 2028 esse
2104 1989 2266 2029 sanus
2291 1976 2578 2039 existimet,
2606 1978 2693 2044 qui
2718 1977 2898 2030 multis
2926 1978 3171 2046 gentibus
3205 1992 3415 2031 mensas
3437 1979 3489 2030 iu

1958 2063 2171 2116 civitate
2197 2064 2426 2131 aperiat,
2457 2073 2507 2118 et
2540 2066 2591 2117 iu
2621 2067 2797 2119 dando
2825 2076 2879 2119 et
2925 2067 3233 2134 accipiendo
3262 2082 3490 2134 occupe-

1959 2158 2063 2214 tur,
2093 2160 2148 2204 et
2180 2166 2263 2205 res
2314 2153 2503 2205 vetitas
2542 2151 2739 2206 faciat?
2779 2172 2797 2204 ι
2829 2154 3116 2208 Pecuniam
3147 2159 3287 2207 enim
3337 2170 3488 2209 suam

1957 2255 2061 2293 non
2095 2240 2242 2294 dedit
2267 2240 2482 2303 fceuori,
2515 2251 2569 2294 et
2594 2257 2814 2296 munera
2849 2258 3009 2311 super
3047 2244 3360 2298 innocentes
3384 2259 3489 2298 non

1960 2329 2165 2396 accepit
2202 2344 2216 2379 :
2251 2337 2305 2381 et
2342 2329 2432 2397 qui
2480 2328 2609 2381 facit
2639 2329 2772 2393 hazc,
2806 2344 2908 2382 non
2962 2330 3384 2384 commovebitur
3432 2331 3486 2385 in

1955 2425 2209 2468 aeternum
2234 2414 2301 2465 ⁸9.
2329 2432 2347 2464 ι
2373 2414 2438 2467 Ει
2459 2414 2511 2467 in
2535 2415 2869 2468 Ezechiele"
2892 2432 2905 2469 :
2930 2432 2948 2466 ι
2970 2415 3195 2470 Sanctus
3230 2417 3396 2470 fenori
3432 2428 3489 2471 et

1956 2498 2107 2552 luero
2158 2501 2433 2566 pecuniam
2486 2516 2590 2555 non
2638 2505 2940 2570 occupavit.
2981 2523 3001 2556 ι
3043 2505 3147 2558 Sed
3195 2514 3247 2558 et
3296 2504 3485 2559 febrim

1954 2596 2173 2655 propter
2198 2601 2414 2654 peccata
2442 2591 2709 2655 accidere,
2761 2606 2916 2644 nemo
2946 2593 3048 2645 nisi
3078 2593 3362 2646 admodum
3398 2610 3490 2647 ru-

1957 2679 2039 2733 dis
2052 2687 2105 2732 et
2131 2681 2346 2747 ignarus
2368 2681 2773 2745 existimaverit,
2798 2696 2917 2735 eum
2938 2682 3094 2747 hujus
3117 2684 3284 2735 morbi
3312 2698 3488 2737 causae

1957 2782 2095 2836 saepe
2139 2770 2435 2822 manifestae
2465 2771 2571 2822 sint
2603 2787 2619 2823 :
2648 2780 2740 2823 aut
2785 2771 2927 2823 enim
2966 2782 3181 2838 pmpter
3215 2772 3488 2825 continen-

1960 2864 2063 2908 tem
2109 2871 2311 2921 aerem,
2354 2857 2434 2909 vel
2483 2868 2701 2924 propter
2750 2859 2884 2912 tales
2926 2874 3131 2926 aquas,
3160 2860 3243 2911 vel
3274 2869 3489 2927 propter

278 2954 401 3013 τοῖς
427 2947 693 3017 ἀγαπῶσι
722 2948 813 2999 τὸν
837 2947 969 2998 Θεὸν
1005 2946 1177 2998 πάντα
1210 2949 1453 3017 συνεργεῖ
1483 2948 1559 3009 είς
1588 2947 1785 3014 ἀγαθὸν
1824 2950 1852 3001 6

1961 2943 2084 2996 talia
2118 2944 2371 2998 alimenta
2399 2960 2414 2997 :
2446 2954 2519 3009 et,
2556 2947 2601 2999 si
2629 2946 2791 3014 justis
2818 2948 3023 3001 sanitas
3057 2957 3111 3000 et
3136 2947 3334 3000 divitiae.
3352 2962 3489 3016 prae--

277 3040 443 3101 Θεὸς,
471 3014 593 3100 τοῖς
614 3035 755 3090 κατά
777 3035 1029 3104 πρόθεσιν
1050 3034 1259 3103 κλητοῖς
1273 3014 1437 3087 οὖσιν.
1473 3054 1491 3085 ι
1517 3036 1703 3088 Ἔτιδέ
1723 3037 1855 3106 πρὸς

1957 3032 2060 3086 mia
2091 3044 2479 3102 proponuntur,
2529 3037 2798 3091 nentiuem
2837 3037 3133 3102 improbum
3163 3051 3353 3089 sanum
3395 3045 3487 3089 aut

276 3129 505 3189 τούτοις
539 3125 697 3194 παρὰ
736 3125 798 3176 τὸ
822 3122 1048 3192 ἐναργὲς
1076 3118 1211 3174 εἶναί
1242 3122 1417 3191 φαμὲν
1446 3123 1505 3174 τὸ
1540 3123 1628 3176 τὸν
1654 3124 1854 3178 δίκαιον

280 3217 344 3269 ἐν
395 3218 525 3276 ταῖς
555 3212 701 3266 κατὰ
726 3211 786 3264 τὸ
812 3211 973 3279 ῥητὸν
1000 3209 1265 3277 εὐλογίαις
1295 3209 1507 3261 ἔσεσθαι
1524 3210 1627 3262 τῶν
1651 3213 1708 3263 ἐν
1737 3215 1855 3276 ταῖς

279 3305 541 3374 Γραφαῖς
566 3300 898 3368 ἐγκειμένων
921 3296 1281 3366 νομιζομένων
1298 3297 1534 3364 ἀγαθῶν·
1557 3298 1722 3368 πολλὴ
1749 3300 1853 3371 γὰρ

280 3393 511 3461 ἱστορία
547 3389 583 3458 ἡ
626 3389 756 3458 περὶ
807 3387 900 3439 τοῦ
944 3386 1098 3453 ἁγίου
1130 3385 1483 3458 ἐξεταζομένη
1529 3387 1854 3440 ἐναντιοῦται

277 3483 412 3542 ταῖς
444 3477 732 3539 τοιαύταις
760 3476 1022 3545 ἐκδοχαῖς⁶
1044 3474 1136 3527 καὶ
1164 3473 1383 3543 ἀνόητόν
1409 3475 1521 3525 ἐστι
1539 3474 1599 3526 τὸ
1626 3475 1857 3545 ὑπολαμ-

276 3568 480 3621 ϐάνειν
500 3565 787 3633 δανειστὴν
802 3564 890 3615 τὸν
910 3563 1058 3628 ἆγιον
1082 3560 1293 3613 ἔσεσθαι
1320 3560 1524 3613 πολλῶν
1554 3561 1717 3613 ἐθνῶν
1732 3579 1857 3632 τρα-

277 3657 468 3719 πέζας
502 3653 652 3707 κατά
687 3652 839 3704 πόλιν
858 3651 1155 3717 ἀνοίγοντα,
1187 3650 1280 3700 καὶ
1312 3648 1715 3719 περισπώμενον
1732 3650 1854 3719 περὶ

273 3745 392 3807 ’κάς
421 3744 606 3805 δόσεις
633 3742 728 3794 καὶ
758 3740 965 3810 λήψεις,
994 3739 1087 3791 καὶ
1113 3737 1364 3790 ποιοῦντα
1391 3738 1682 3808 πράγματα
1711 3740 1854 3806 ἀπη-

271 3831 631 3901 -γορευμέναυ
668 3845 685 3877 ι
715 3828 788 3878 Τὸ
811 3825 1066 3896 ἀργύριον
1093 3825 1198 3894 γὰρ
1228 3822 1385 3876 αὑτοῦ
1415 3825 1513 3875 οὑκ
1548 3824 1738 3876 ἔδωκεν
1765 3825 1855 3875 ἐπὶ

270 3922 461 3989 ⁵τόκῳ,
493 3919 591 3972 καὶ
629 3916 777 3985 δῶρα
816 3914 901 3966 ἐπ’
925 3911 1116 3974 ἀθώοις
1155 3913 1253 3965 οὐκ
1300 3911 1474 3965 ἔλαϐε·
1516 3912 1607 3963 καὶ
1632 3913 1659 3963 6
1693 3911 1855 3964 ποιῶν

270 4008 468 4061 ’ταῦτα
501 4007 566 4059 οὐ
620 4003 1007 4071 σαλευθήσεται
1048 4003 1125 4063 εἰς
1160 4000 1248 4052 τὸν
1280 4000 1468 4053 αἰῶνα.
1513 4019 1532 4052 ι
1570 4002 1678 4053 Καὶ
1718 4000 1855 4053 κατὰ

270 4099 383 4152 ’τὸν
422 4093 718 4163 Ἱεζεκιήλ·
760 4109 779 4142 ι
829 4092 885 4144 Ὀ
926 4090 1074 4157 ἅγιος
1114 4089 1204 4141 ἐπὶ
1245 4089 1385 4157 τόκῳ
1419 4089 1511 4140 καὶ
1541 4086 1854 4157 πλεονασμῷ

273 4190 393 4243 οὐκ
421 4187 595 4238 ἔδωκε
629 4183 691 4235 τὸ
714 4181 991 4250 ἀργύριον.
1034 4198 1052 4230 ι
1078 4180 1149 4230 Τὸ
1178 4178 1233 4229 δὲ
1260 4178 1353 4230 καὶ
1372 4176 1596 4247 πυρετὸν
1620 4176 1854 4245 νομίζειν

274 4278 379 4331 διὰ
406 4274 511 4337 τάς
536 4270 815 4347 ἁμαρτίας
832 4267 1069 4336 γίνεσθαι
1092 4265 1427 4320 ἀπαιδεύτων
1451 4267 1530 4326 είς
1556 4264 1853 4334 ὑπερϐολήν

274 4366 415 4417 ἐστι
443 4362 650 4428 δόγμα,
687 4356 939 4417 πολλάκις
970 4354 1077 4407 τῶν
1116 4353 1313 4408 αἰτίων·
1336 4353 1430 4421 τῆς
1454 4352 1657 4405 τοιᾶσδε
1702 4354 1852 4406 νόσου

278 4447 587 4519 προδήλων
608 4444 797 4497 ὄντων·
834 4441 867 4509 ἢ
889 4440 996 4510 γὰρ
1017 4440 1105 4492 διὰ
1131 4438 1191 4490 τὸ
1222 4438 1488 4507 περιέχον,
1513 4438 1546 4506 ἢ
1569 4436 1652 4489 διὰ
1683 4437 1855 4490 τοιάδε

278 4539 494 4598 ὕδατα,
516 4535 552 4603 ἢ
578 4531 669 4584 διὰ
693 4528 901 4581 τοιάσδε
922 4526 1142 4597 τροφάς·
1168 4525 1260 4576 καὶ
1274 4527 1321 4575 εί
1348 4520 1479 4575 ἆθλα
1502 4526 1611 4586 τοῖς
1634 4523 1855 4586 δικαίοις

277 4624 460 4691 ὑγεία
494 4620 596 4672 καὶ¹
618 4615 866 4677 πλοῦτος,
898 4613 1060 4683 ἐχρῆν
1085 4611 1282 4681 μηδένα
1317 4611 1422 4663 τῶν
1447 4611 1650 4664 ἀσεϐῶν
1686 4610 1859 4677 ὑγιαί-

276 4730 429 4773 νειν,
467 4709 607 4780 μηδὲ
630 4706 894 4758 πλουτεῖν.
942 4702 1154 4768 Ὑγείαν
1180 4700 1234 4752 δὲ
1257 4701 1352 4769 τὴν
1374 4701 1574 4753 τοιάνδε
1590 4701 1856 4776 κατάστα-

282 4820 382 4859 σιν
404 4801 515 4869 τῆς
546 4796 728 4866 ψυχῆς
760 4791 1034 4862 ζητητέον,
1070 4790 1165 4842 καὶ
1206 4788 1425 4840 πλοῦτον
1465 4788 1553 4840 τὸν
1582 4789 1719 4841 κατά
1766 4789 1857 4841 τὸν

280 4882 855 4958 Συλομῶντα-λύτρον
877 4878 1206 4948 τυγχάνοντα
1240 4876 1335 4944 τῆς
1364 4876 1556 4946 ψυχῆς,
1612 4875 1852 4942 λέγοντα.

284 5000 309 5036 ι
358 4978 586 5046 Λύτρον
614 4971 804 5041 ἀνδρὸς
840 4969 1015 5038 ψυχῆς
1052 4971 1081 5020 6
1110 4967 1236 5025 ἴδιος
1274 4965 1512 5027 πλοῦτος.
1553 4984 1570 5015 ι
1603 4964 1857 5016 Φευκτέον

277 5070 346 5124 δὲ
378 5065 604 5125 πενίαν,
641 5060 761 5113 καθ’
791 5062 856 5127 ἢν
888 5056 1315 5122 ἀναγέγραπται·
1362 5072 1380 5104 ι
1416 5054 1629 5122 Πτωχὸς
1667 5053 1723 5104 δὲ
1765 5053 1859 5120 οὑχ

280 5158 602 5228 ὑφίσταται
644 5149 887 5215 ἀπειλήν.
921 5165 939 5196 ι
974 5145 1094 5195 Ἔτι
1127 5139 1183 5191 δὲ
1224 5141 1527 5208 τραύματα,
1560 5142 1648 5194 καὶ
1676 5139 1860 5206 μώλω-

1954 3126 2170 3179 divitem
2224 3141 2342 3181 esse
2397 3131 2695 3195 oportebat.
2727 3128 2832 3181 Sed
2888 3128 3089 3182 sanitas
3126 3137 3271 3181 recta
3320 3127 3482 3180 animi

1953 3212 2263 3265 constitutio
2288 3218 2578 3280 quaerenda
2608 3224 2691 3268 est
2716 3232 2729 3265 :
2763 3215 2963 3268 divitia:
2990 3228 3137 3279 vero,
3169 3228 3286 3282 quae
3333 3214 3486 3268 Solo-

1953 3301 2127 3355 monis
2154 3303 2441 3366 sententia,
2472 3304 2702 3369 pretium
2750 3305 2941 3355 animae
2968 3304 3065 3356 viri
3101 3311 3225 3355 sunt
3255 3316 3269 3354 :
3302 3321 3321 3353 ι
3354 3302 3485 3356 Pro-

1955 3388 2104 3454 tium,
2141 3389 2310 3455 inquit
2337 3390 2401 3451 “,
2433 3391 2625 3444 anima:
2661 3392 2759 3444 viri
2817 3391 3017 3444 divitia:
3069 3391 3255 3459 ipsius.
3294 3408 3313 3442 ι
3348 3390 3486 3443 Pau-

1952 3481 2131 3538 pertas
2180 3487 2304 3526 vero
2336 3474 2580 3543 fugienda
2622 3485 2724 3537 est,
2766 3477 2831 3529 de
2862 3491 2963 3543 qua
2994 3478 3250 3543 scriptum
3287 3486 3370 3530 est
3391 3477 3480 3530 "z

1958 3573 1976 3605 ι
2002 3556 2207 3625 Pauper
2243 3569 2416 3612 autem
2449 3576 2550 3612 non
2590 3561 2732 3613 subit
2763 3562 2934 3614 minas
2962 3579 2975 3613 :
3010 3580 3029 3611 ι
3062 3562 3277 3614 vulnera
3305 3571 3481 3613 autem

1953 3654 2007 3697 et
2027 3645 2226 3699 vibices
2258 3655 2311 3698 et
2345 3648 2513 3700 morbi
2566 3647 2861 3715 accipiendi
2909 3656 3051 3709 sunt,
3104 3662 3223 3715 qua:
3264 3658 3485 3716 prepter

1956 3734 2147 3786 vitium
2182 3735 2451 3789 dissolutis
2486 3736 2749 3788 mentibus
2775 3735 3064 3788 eveniunt:
3098 3735 3235 3788 unde
3263 3742 3317 3788 et
3357 3749 3483 3802 pro~

1954 3824 2111 3890 pheta
2137 3836 2228 3875 eos
2260 3823 2346 3890 qui
2379 3824 2428 3874 in
2463 3823 2524 3875 iis
2556 3835 2698 3885 sunt,
2728 3822 3069 3888 reprehendit
3097 3822 3142 3853 "
3172 3838 3186 3876 :
3218 3840 3237 3872 ι
3268 3822 3305 3873 Α
3339 3824 3486 3889 pedi-

1953 3910 2081 3974 bus,
2111 3910 2301 3977 inquit,
2337 3926 2502 3977 usque
2530 3911 2591 3962 ad
2619 3919 2797 3977 caput,
2836 3925 3012 3977 neque
3060 3911 3267 3974 vulnus,
3313 3925 3485 3978 neque

1954 3998 2131 4061 vibex,
2162 4014 2332 4066 neque
2357 3998 2507 4067 plaga
2550 3999 2877 4052 inflammata
2913 4017 2928 4054 :
2981 4015 3084 4054 non
3118 4008 3203 4054 est
3247 4000 3481 4053 medica-

1962 4095 2196 4139 mentum
2223 4101 2318 4139 cur
2352 4087 2679 4154 imponatur,
2710 4104 2880 4155 neque
2909 4088 3105 4151 oleum,
3152 4103 3324 4156 neque
3363 4089 3481 4141 alli-

1952 4185 2156 4239 gatura.
2200 4191 2218 4222 ι
2261 4174 2383 4227 ΙΙωο
2422 4175 2597 4241 itaque
2626 4175 2707 4227 vel
2748 4176 2812 4228 iis
2858 4175 2949 4242 qui
2984 4175 3139 4242 plane
3170 4189 3275 4228 nou
3318 4175 3485 4242 negli-

1954 4269 2096 4326 gant,
2119 4260 2405 4326 suﬂiciunt,
2441 4262 2581 4313 unde
2616 4261 2852 4314 collectis
2878 4262 2974 4314 sibi
3006 4261 3295 4329 Scriptura:
3327 4262 3483 4315 dictis

1954 4361 2072 4414 quae
2125 4362 2421 4415 repugnare
2469 4349 2732 4411 videntur,
2770 4349 2977 4401 actione
3022 4349 3192 4401 sancti
3253 4346 3484 4414 Spiritus

1954 4435 2166 4503 dignam
2216 4436 2617 4504 intelligentiam
2645 4436 2855 4503 assequi
2906 4435 3173 4488 studeant.
3218 4433 3481 4489 Praeterea

1955 4534 2013 4574 ut
2065 4521 2130 4575 iis
2181 4536 2242 4575 os
2274 4523 2605 4584 occludatur.
2658 4525 2747 4593 qui
2787 4525 2920 4576 bona
2964 4538 3106 4587 esse,
3136 4538 3254 4592 qua:
3282 4525 3484 4577 sanctis

1954 4608 2124 4661 danda
2156 4620 2279 4663 sunt
2311 4612 2676 4676 arbitrantur;
2728 4611 2885 4681 570
2920 4612 3076 4678 mala,
3127 4627 3246 4679 quae
3289 4612 3481 4673 malis;

1957 4699 2068 4750 haec
2103 4699 2347 4752 videntur
2394 4700 2684 4765 adjicienda
2717 4716 2727 4749 :
2764 4716 2921 4753 omne
2959 4701 3098 4767 quod
3143 4708 3223 4753 est
3260 4709 3481 4768 propter

1959 4784 2176 4852 aliquid,
2233 4786 2406 4839 minus
2446 4796 2525 4839 est
2574 4800 2637 4840 eo
2675 4796 2889 4854 propter
2919 4785 3057 4853 quod
3089 4794 3208 4839 est:
3233 4786 3484 4853 quemad-

1958 4874 2170 4924 modum
2197 4875 2477 4939 scctioues,
2513 4875 2752 4928 ustiones
2784 4884 2837 4927 et
2863 4873 3169 4943 emplastra,
3195 4886 3311 4940 qua:
3359 4886 3485 4937 pro-

1960 4969 2075 5025 pter
2109 4962 2392 5015 sanitatem
2445 4972 2753 5026 sumuntur,
2802 4962 3009 5015 minora
3065 4971 3188 5014 sunt
3233 4958 3479 5012 sanitate.

1958 5048 2070 5102 Etsi
2112 5049 2243 5115 haec,
2280 5060 2338 5103 ut
2369 5052 2418 5103 itt
2451 5052 2726 5105 medicina:
2754 5050 2989 5111 auxiliis,
3018 5049 3155 5101 bona
3200 5046 3480 5104 dicantur,

1961 5137 2032 5189 ita
2081 5146 2163 5191 est
2202 5139 2686 5207 accipiettdum,~ut
2730 5154 2830 5191 non
2870 5139 2979 5191 sint
3025 5136 3159 5188 bona
3196 5132 3334 5195 finis,
3368 5131 3480 5183 sive

359 5316 410 5345 ⁵ο
435 5309 570 5363 Job.
594 5319 679 5364 ιι..
702 5303 756 5355 3.
829 5301 870 5333 “
895 5297 1051 5350 Rom.
1074 5307 1191 5355 vnt,
1209 5291 1295 5345 28.
1372 5294 1416 5325 δ’
1434 5293 1521 5346 Ps.
1555 5291 1731 5357 nv,5.
1807 5291 1851 5322 °'

1957 5285 2066 5344 :rh.’
2078 5303 2224 5355 xvm,
2246 5289 2297 5343 8.
2372 5290 2417 5321 “
2441 5288 2596 5343 Prov.
2616 5304 2732 5350 ιιιι,
2755 5289 2825 5365 8.¹
2882 5288 2926 5318 ⁸⁸
2957 5285 3081 5339 ibid.
3155 5283 3201 5314 "
3223 5278 3343 5334 issi.
3363 5293 3402 5342 ι,
3421 5278 3475 5332 6.

358 5447 482 5517 (te)
514 5445 653 5517 “:Apa
678 5438 771 5517 δέζ
788 5437 911 5499 Leg.
932 5425 1268 5517 artat-pol

674 5482 956 5562 τάδε-τινά
993 5482 1378 5559 συμπτώματα
1407 5495 1699 5562 γεγονέναι,
1729 5493 1841 5556 πῶς
1857 5492 1921 5546 ἂν
1949 5492 2091 5561 αὑτῷ
2109 5489 2249 5546 κακὰ
2275 5490 2519 5556 λέγοιμεν
2550 5482 2823 5548 ὑπάρχειν.
