3958 6244
291 284 435 341 ηδε)

1284 297 1584 353 SELECTA
1622 298 1689 353 IN
1722 300 2048 357 PSALMOS.
2086 329 2154 341 --
2187 300 2376 353 PSAL.
2418 301 2480 354 γ.

3349 300 3485 354 H70

375 401 448 456 Τὸ
471 400 621 468 πρωῒ
639 404 1107 476 παραστήσομαί
1126 425 1242 473 σοι,
1280 413 1376 465 καὶ
1406 414 1723 483 ἐπόψομαμ
1763 416 1843 469 ὅτι

2024 414 2178 470 Vens.
2210 414 2264 480 5,
2295 414 2348 468 6.
2394 414 2551 467 Mane
2573 411 2754 465 astabo
2784 415 2897 477 tibi,
2927 425 2974 470 et
3005 416 3180 470 uidebo
3209 418 3483 483 :quoniam
3536 458 3540 462 .

292 491 438 558 οὐχι
468 487 613 553 Θεὸς
637 487 825 542 θέλων
848 492 1111 561 ἀνομίαν
1133 496 1213 548 σὺ
1233 498 1305 561 εἷ,
1335 498 1476 553 οὐδὲ
1507 501 1854 568 παροικήσει

289 596 399 634 σοι
425 580 932 649 ⁴πονηρευᾴμε-ςνος,
968 584 1109 638 οὐδὲ
1143 586 1485 656 διαμενοῦσι
1534 590 1854 659 παράνομοι

286 671 624 725 κατέναντι
670 671 790 727 τῶν
839 675 1160 744 ὀφθαλμῶν
1187 695 1321 741 σου,
1354 698 1408 732 κ.
1442 698 1491 733 τ.
1516 682 1561 733 ὲ.
1593 668 1744 750 ΥᾹμα
1778 680 1855 750 τῷ

288 761 584 814 ἀνατεῖλαι
608 761 719 832 (20)
770 762 861 816 τὸν
904 765 1052 833 ἥλιον
1103 771 1514 839 παραστήσομαι
1547 787 1647 834 σοι,
1674 772 1767 824 καὶ
1796 772 1853 824 ὲν

286 847 510 920 θεωρίᾳ
553 850 770 919 ἔσομαι,
805 868 824 901 ι
860 851 955 904 τοῦ
996 855 1068 923 μὴ
1102 852 1235 907 εἷναί
1277 874 1335 909 σε
1383 857 1598 911 θέλοντα
1631 861 1852 929 ἀνομίαν

281 937 448 1002 Θεὸν,
486 939 628 1009 μηδὲ
662 942 984 1010 παροικήσει
1011 960 1091 995 σοι
1121 947 1380 1014 πονηρὸς,
1401 947 1518 1000 οὐδὲ
1551 948 1852 1019 διαμενοῦσι

279 1026 614 1097 παράνομοι
650 1029 933 1082 κατέναντι
958 1030 1065 1083 τῶν
1098 1032 1385 1103 ὀφθαλμῶν
1406 1052 1519 1089 σου.
1557 1055 1576 1089 ι
1622 1039 1708 1100 Ὠς
1746 1038 1852 1108 γὰρ

272 1115 405 1168 οὐδὲ
458 1116 715 1185 διαμένει
761 1119 930 1171 νοσῶν
982 1122 1039 1172 ὲν
1086 1121 1375 1192 ὀφθαλμοῖς
1423 1124 1513 1177 τοῦ
1563 1127 1850 1195 δυναμένου

273 1203 638 1273 θεραπεῦσαι
704 1206 866 1259 αὐτὸν
908 1209 1107 1279 ίατροῦ,
1160 1209 1328 1272 οὕτως
1383 1213 1500 1265 οὐδὲ
1549 1214 1852 1284 διαμενοῦσι

270 1294 608 1364 παράνομοι
635 1297 878 1348 ἐναντίον
903 1298 1011 1349 τῶν
1047 1298 1333 1368 ὀφθαλμῶν
1359 1301 1453 1353 τοῦ
1475 1302 1627 1356 Θεοῦ.

357 1382 714 1449 Ἐμίσησας
731 1383 960 1449 πάντας
983 1386 1120 1451 τοὺς
1148 1387 1564 1456 ἐργαζομένους
1588 1391 1698 1456 τὴν
1717 1393 1851 1445 ἀνο-

260 1468 432 1535 μίαν
454 1485 472 1499 ο
508 1469 767 1534 ἀπολεῖς
797 1471 1025 1538 πάντας
1053 1475 1193 1538 τοὺς
1228 1478 1563 1544 λαλοῦντας
1602 1480 1667 1532 τὸ
1713 1481 1850 1548 ψεῦ-

262 1557 407 1621 δος,
435 1574 498 1610 κ.
537 1575 592 1610 τ.
630 1559 679 1612 ἐ.
714 1560 851 1623 Τοὺς
880 1562 976 1630 μὲν
997 1564 1053 1615 ὲν
1073 1565 1137 1632 τῇ
1162 1564 1400 1635 πολιτείᾳ
1427 1567 1535 1635 (21)
1568 1569 1849 1633 πταίοντας

263 1645 703 1716 ἐργαζομένους
759 1648 858 1717 τὴν
919 1651 1145 1718 ἀνομίαν
1203 1652 1448 1722 ὠνόμασε
1470 1672 1482 1685 ·
1530 1657 1745 1718 τούτους
1792 1657 1848 1709 δὲ

264 1740 434 1806 μισεῖ
469 1741 501 1790 6
530 1737 703 1800 Θεόςο
758 1740 883 1802 τοὺς
937 1739 992 1790 δὲ
1037 1741 1404 1806 ἀποπεσόντας
1455 1744 1552 1812 τῆς
1598 1744 1849 1814 ἀληθείας

262 1824 636 1894 ἑτεροδόξους
664 1826 954 1890 λαλοῦντας
981 1829 1041 1880 τὸ
1058 1828 1248 1896 ψεῦδος
1275 1826 1444 1895 εἶπεν,
1486 1832 1578 1895 οὒς
1608 1834 1794 1886 ἀπολεῖ
1819 1836 1847 1885 6

263 1910 431 1972 Θεός.
465 1912 586 1963 Καὶ
610 1914 765 1982 τήρει
793 1912 1049 1983 διαφορὰν
1070 1914 1162 1966 τοῦ
1190 1934 1207 1965 ι
1233 1916 1494 1986 ὲμίσησας
1515 1936 1533 1966 ι
1552 1918 1643 1970 καὶ
1669 1938 1687 1969 ι
1711 1920 1846 1971 ἀπο-

265 1998 411 2060 λεῖς·
444 2018 465 2048 ι
490 2000 714 2068 πρῶτον
735 2001 830 2067 μὲν
852 2003 898 2051 εί
920 2004 1095 2070 χεῖρον
1110 2001 1200 2055 τοῦ
1230 2023 1245 2053 ι
1266 2005 1481 2068 ἀπολεῖς
1504 2025 1521 2057 ι
1542 2009 1601 2060 τὸ
1623 2027 1639 2057 ι
1665 2009 1848 2079 ἐμίση-

269 2104 397 2149 σας·
446 2107 468 2138 ι
505 2089 763 2157 δεύτερον
790 2088 868 2149 δὲ,
896 2089 983 2141 διὰ
1005 2091 1056 2142 τί
1079 2091 1137 2143 τὸ
1173 2093 1268 2160 μὲν
1305 2095 1382 2155 εἰς
1413 2094 1500 2145 τὸν
1547 2094 1847 2164 παρεληλυ-

269 2173 412 2227 θότα
444 2173 695 2226 ἐνέκλινε
722 2173 930 2241 χρόνον,
959 2176 1019 2228 τὸ
1046 2176 1101 2229 δὲ
1130 2180 1208 2240 εἰς
1231 2179 1318 2231 τὸν
1344 2180 1618 2249 μέλλοντα,
1643 2200 1661 2232 ι
1692 2184 1847 2235 Ἀπο-

267 2263 389 2326 λεῖς
425 2264 650 2326 πάντας
668 2267 794 2327 τοὺς
819 2265 1107 2329 λαλοῦντας
1135 2269 1195 2320 τὸ
1224 2268 1432 2336 ψεῦδος,
1463 2288 1481 2320 ι
1513 2271 1572 2323 οὐ
1603 2273 1725 2334 τοὺς
1756 2273 1847 2325 λα-

269 2353 580 2423 λήσαντας,
615 2354 750 2407 ἀλλὰ
783 2357 906 2418 τοὺς
937 2356 1224 2420 λαλοῦντας
1255 2360 1313 2412 τὸ
1336 2360 1542 2428 ψεῦδος,
1564 2363 1625 2415 Ei
1656 2363 1710 2416 δὲ
1734 2365 1848 2417 τού-

268 2459 402 2505 τους
432 2444 707 2496 ἀπόλλυσι
752 2445 971 2516 Κύριος,
1026 2449 1132 2509 πᾶς
1182 2448 1237 2499 δὲ
1279 2450 1556 2520 ἄνθρωπος
1590 2452 1842 2525 ψεύστης,

270 2531 495 2594 πάντας
537 2532 835 2586 ἀπόλλυσιν
885 2535 913 2585 6
960 2533 1119 2597 θεὸς.
1152 2536 1257 2597 ἴνα⁹
1291 2537 1351 2589 τὸ
1399 2535 1534 2591 εῖναι
1577 2540 1845 2610 ἄνθρωποι

265 2619 641 2689 ἀποθέμενοι,
676 2620 929 2687 γίνωνται
957 2621 1087 2686 θεοὶ,
1117 2624 1234 2675 ἐπεὶ
1264 2625 1353 2677 καὶ
1389 2624 1498 2679 θεοὶ
1548 2630 1843 2696 γεγονότες,

266 2711 367 2762 καὶ
397 2711 516 2763 υἱοὶ
562 2709 822 2777 Ὑψίστου
851 2710 1067 2772 πάντες,
1093 2712 1371 2778 γεγόνασιν
1399 2715 1688 2785 ἄνθρωποι.
1711 2719 1845 2782 Τοὺς

263 2798 634 2869 ἑτεροδόξους
698 2795 791 2852 οὖν
849 2798 1038 2851 ἀπολεῖ
1084 2802 1112 2852 6
1172 2802 1302 2865 Θεὸς
1361 2805 1417 2858 ἐν
1475 2804 1567 2874 τῷ,
1603 2807 1844 2875 μέλλοντι

264 2888 453 2942 αίῶνι.

339 2980 577 3046 Ἄνδρα
605 2980 868 3048 αἱμάτων
920 2982 1019 3034 καὶ
1059 2983 1263 3035 δόλιον
1295 2983 1692 3046 βδελύσσεται
1732 2989 1844 3041 Κύ-

1954 522 2054 559 ηοη
2105 504 2242 558 Deus
2274 504 2443 556 volens
2486 502 2808 570 iniquitatem
2850 511 2906 555 tu
2928 519 3018 556 es:
3046 520 3205 573 neque
3236 492 3503 581 habitabin

1953 590 2099 653 iuxta
2130 598 2175 641 te
2225 588 2506 656 malignus,
2559 603 2717 655 neque
2743 590 3110 656 permanebunt
3151 590 3332 658 injusti
3368 600 3486 644 ante

1951 680 2128 733 oculos
2158 688 2299 733 tuos.
2343 676 2514 732 Simul
2546 692 2665 731 cum
2700 680 2908 731 oriente
2940 679 3051 731 sole
3079 680 3261 733 astabo
3288 679 3402 742 tibi,
3430 687 3486 734 et

1950 770 2003 825 in
2031 768 2478 837 contemplatione
2507 767 2782 830 versabar,
2822 783 2841 815 ι
2888 765 3010 834 quia
3061 780 3163 820 non
3212 767 3351 821 Deus
3390 780 3486 821 vo—

1951 859 2064 913 lens
2090 856 2416 925 iniquitatem
2450 864 2505 908 tu
2532 868 2612 916 es,
2638 868 2807 922 neque
2830 853 3089 906 habitabit
3109 854 3256 921 juxta
3292 863 3343 908 te
3370 868 3483 906 ma-

1950 943 2143 1012 lignus,
2161 958 2329 1011 neque
2351 940 2734 1011 permanebunt
2756 941 2933 1010 injusti
2965 948 3087 994 ante
3107 939 3288 993 oculos
3311 948 3480 995 IUOSJ

1950 1029 2400 1095 Quemadmodum
2441 1028 2580 1082 enim
2621 1028 2711 1095 qui
2755 1036 2976 1095 :egrotat
3019 1039 3124 1078 non
3153 1033 3331 1078 manet
3364 1034 3488 1080 ante

1948 1115 2128 1170 oculos
2165 1114 2373 1178 medici,
2404 1114 2492 1182 qui
2542 1114 2688 1168 illum
2736 1127 2927 1166 sanare
2959 1113 3148 1181 possit,
3194 1112 3276 1168 sic
3316 1125 3488 1181 neque

1949 1204 2331 1272 permanebunt
2356 1204 2551 1273 injusti'
2572 1213 2697 1257 ante
2726 1205 2909 1257 oculos
2943 1203 3054 1257 Dei.

2017 1384 2178 1439 Vens.
2209 1383 2260 1438 7.
2303 1382 2470 1437 0diin
2503 1397 2674 1436 omnes
2696 1370 2791 1451 qui
2812 1390 3089 1449 operantur
3118 1379 3437 1449 iniquitatem
3466 1393 3486 1432 :

1945 1475 2122 1543 perdes
2151 1489 2324 1527 omnes
2345 1473 2432 1541 qui
2453 1472 2731 1541 loquuntur
2756 1472 3102 1534 mendacium,
3132 1477 3238 1524 etc.
3268 1469 3374 1523 Eos
3394 1468 3486 1538 qui

1949 1562 1999 1614 in
2030 1561 2150 1616 vita:
2174 1558 2504 1615 institutione
2533 1561 2805 1623 aberrant,
2835 1565 3120 1626 operantes
3148 1555 3485 1624 iniquitatem

1948 1650 2256 1703 nominavit.
2282 1648 2390 1703 llos
2420 1658 2595 1702 autem
2629 1649 2738 1702 odit
2773 1648 2927 1700 Deus.
2957 1645 3026 1699 At
3055 1659 3146 1700 eos
3181 1644 3325 1712 quia
3345 1642 3488 1696 veri-

1879 1733 1920 1787 B
1950 1747 2057 1793 tate
2093 1739 2448 1804 desciverunt,
2479 1746 2530 1792 et
2555 1736 2861 1805 opinionum
2885 1734 3141 1789 varietate
3167 1748 3196 1787 a
3228 1731 3333 1787 ﬁde
3359 1732 3488 1787 alie-

1950 1843 2015 1882 na
2055 1828 2307 1890 sentiunt,
2335 1828 2610 1897 loquentes
2656 1827 2988 1882 mendacium
3022 1824 3325 1893 appellavit,
3351 1837 3489 1892 quos

1948 1918 2129 1983 perdet
2150 1917 2305 1972 Deus.
2335 1915 2567 1971 Observa
2590 1924 2763 1970 autem
2791 1916 3092 1980 verborum,
3124 1930 3145 1965 ι
3176 1911 3356 1977 odisti,
3386 1928 3406 1963 ι
3431 1917 3489 1964 et

1955 2025 1973 2057 ι
1991 2007 2227 2075 perdes,»
2247 2008 2561 2062 discrimen:
2582 2009 2806 2076 primum
2826 2008 3037 2075 quidem
3055 2021 3122 2060 an
3143 2005 3377 2060 deterius
3391 2005 3486 2069 sit,

1909 2111 1912 2114 ’
1955 2110 1973 2143 ι
1996 2095 2198 2161 perdes,
2220 2113 2238 2145 ι
2259 2108 2416 2162 quam
2437 2113 2455 2145 ι
2475 2095 2663 2158 odisti;
2688 2113 2707 2145 ›
2727 2094 2913 2148 deinde
2943 2108 3041 2146 cur
3065 2093 3192 2147 illud
3216 2092 3267 2145 in
3294 2098 3485 2159 prate-

1951 2183 2073 2245 rito,
2107 2184 2210 2237 hoc
2237 2187 2289 2236 in
2320 2182 2500 2237 futuro
2537 2184 2793 2250 posuerit.
2832 2200 2850 2232 ι
2907 2181 3104 2235 Perdes
3149 2194 3337 2234 omnes
3393 2180 3483 2246 qui

1951 2270 2237 2339 loquuntur
2268 2270 2626 2336 mendacium,
2649 2285 2753 2324 non
2792 2284 2885 2325 eos
2917 2270 3007 2338 qui
3031 2270 3193 2323 locuti
3235 2269 3486 2332 sunt,sed

1950 2359 2035 2423 qui
2071 2356 2231 2426 576
2261 2358 2550 2427 loquuntur
2587 2358 2941 2413 mendacium.
2971 2357 3121 2423 Quod
3144 2359 3189 2411 si
3220 2358 3317 2411 hos
3363 2348 3486 2425 per-

1950 2445 2026 2497 dit
2056 2446 2210 2509 Deus,
2248 2454 2301 2499 et
2353 2446 2528 2500 omnis
2567 2446 2726 2500 homo
2756 2447 2979 2499 mendax
3023 2454 3120 2508 est,
3152 2458 3339 2500 omnes
3363 2460 3488 2512 per-

1950 2537 2028 2589 dit
2081 2535 2241 2598 Deus,
2285 2545 2342 2590 ut
2393 2536 2637 2590 homines
2684 2550 2805 2589 esse
2849 2535 3178 2600 desinentes,
3217 2535 3347 2588 ﬂant
3387 2534 3486 2597 dii,

1949 2624 2375 2692 quandoquidem
2413 2635 2468 2681 et
2499 2625 2590 2693 qui
2623 2625 2695 2679 dii
2743 2608 2864 2679 facti
2908 2634 3031 2679 sunt
3058 2634 3113 2680 et
3142 2625 3233 2679 lilii
3271 2624 3484 2679 Excelsi

1948 2724 2152 2773 omnes,
2187 2710 2240 2764 hi
2268 2710 2482 2765 fuerunt
2510 2713 2770 2766 homines.
2806 2712 3067 2766 Caeterum
3095 2715 3146 2766 in
3174 2712 3355 2766 futuro
3382 2726 3484 2766 ste-

1950 2798 2070 2853 culo
2094 2799 2232 2854 Deus
2254 2801 2437 2867 perdet
2465 2814 2652 2855 omnes
2681 2801 2769 2870 qui
2809 2802 2981 2856 aliena
3028 2816 3057 2854 a
3095 2801 3199 2856 ﬁde
3226 2802 3482 2856 sentiunt.

2023 2975 2183 3029 Vens.
2206 2972 2260 3031 8.
2295 2973 2476 3028 Virum
2501 2977 2810 3044 sanguinum
2841 2986 2888 3030 et
2909 2976 3145 3031 dolosum
3173 2977 3488 3034 abominabi-

248 3085 407 3136 ριος,
438 3087 503 3123 κ.
541 3088 596 3122 τ.
627 3071 674 3121 ἑ.
719 3070 881 3139 Ἀνὴρ
906 3071 1149 3140 αἱμάτων
1182 3071 1316 3142 (εν)
1342 3074 1370 3123 6
1401 3073 1459 3136 ἐξ
1484 3075 1725 3144 αἱμάτων
1755 3093 1843 3145 γε..

1944 3076 2031 3119 tur
2078 3063 2356 3128 Dominus,
2407 3071 2512 3118 etc.
2556 3063 2648 3118 Vir
2702 3066 3038 3137 sanguinum,
3081 3077 3176 3123 aut
3207 3069 3252 3123 is
3301 3069 3389 3139 qui
3418 3082 3486 3123 ex

243 3172 423 3227 γεννη
432 3156 636 3227 μένος,
661 3157 695 3226 ἢ
720 3157 749 3208 6
776 3159 1009 3224 φονικός.

329 3247 503 3316 Ἐγὼ
527 3246 604 3298 δὲ
635 3245 707 3297 ἐν
724 3245 804 3310 τῷ
823 3245 1037 3310 πλήθει
1069 3246 1174 3299 τοῦ
1192 3246 1401 3312 ἐλέους
1425 3263 1539 3301 σου
1587 3251 1843 3304 εἰσελεύ-

207 3352 447 3405 σομαι
474 3336 577 3398 είς
598 3333 710 3386 τὸν
732 3330 900 3386 οἶκόν
918 3349 1033 3387 σου
1059 3348 1072 3363 ⁸
1101 3335 1498 3401 προσκυνήσω
1520 3337 1666 3403 πρὸς
1696 3340 1843 3393 ναὸν

196 3425 435 3494 ἅγιόν
474 3435 608 3475 σου
647 3422 720 3474 ἐν
740 3423 899 3489 φόϐῳ
929 3436 1062 3485 σου,
1095 3440 1148 3475 κ.
1172 3441 1221 3476 τ.
1248 3426 1295 3477 ὲ.
1335 3424 1452 3476 Τῶν
1484 3429 1844 3496 πονηρευομέ-

199 3531 358 3567 νων
380 3513 520 3584 (22)
544 3510 646 3563 καὶ
680 3512 1010 3581 παρανόμων
1043 3513 1103 3564 οὐ
1131 3512 1526 3583 παροικούντων
1563 3532 1662 3578 σοι,
1723 3519 1841 3569 οὐδὲ

228 3603 648 3673 διαμενόντων
681 3601 787 3652 ὑπὸ
811 3600 906 3670 τὴν
932 3600 1161 3672 θεωρίαν
1194 3619 1285 3655 σου
1303 3640 1317 3664 ,
1347 3602 1458 3670 ἐγὼ
1489 3603 1619 3673 ἐλέῳ
1648 3605 1725 3674 τῷ
1763 3605 1840 3674 σῷ

249 3689 665 3758 εἰσελεύσομαι
697 3689 778 3751 είς
802 3689 891 3742 τὸν
928 3685 1069 3743 οἶκόν
1106 3707 1218 3742 σου.
1254 3690 1407 3743 Οὕτω
1434 3692 1538 3762 γὰρ
1560 3694 1652 3745 καὶ
1672 3696 1839 3747 εἰπεῖν

244 3779 582 3852 δυνήσομαι
607 3794 619 3807 ·
662 3796 681 3828 ι
716 3777 789 3829 T6
822 3778 964 3847 πρωῒ
995 3783 1410 3851 παραστήσομαί
1443 3800 1540 3845 σοι,
1575 3784 1668 3836 καὶ⁵
1715 3785 1839 3836 ἐπό-

242 3867 329 3934 ψει
360 3884 474 3939 με.
513 3884 536 3917 ι
573 3864 691 3916 Καὶ
728 3865 848 3917 ἐπεὶ
874 3866 970 3918 οὐκ
1003 3865 1173 3929 ἄλλως
1193 3867 1224 3937 ἢ
1243 3868 1374 3938 ἐλέῳ
1404 3869 1480 3938 τῷ
1511 3870 1587 3939 σῷ
1611 3872 1840 3924 εἰσελεύ-

244 3975 415 4030 σομαι
468 3959 565 4019 είς
604 3954 699 4007 τὸν
717 3951 861 4010 οἶκόν
891 3973 1004 4019 σου,
1043 3958 1137 4010 σὺν
1165 3958 1414 4029 εὐλαϐείᾳ
1452 3961 1613 4031 πολλῇ
1647 3963 1840 4031 ὀνομα-

244 4049 465 4120 ζομένῃ
507 4044 670 4114 φόϐῳ
693 4061 784 4097 σου
820 4049 1174 4119 προσκυνήσω
1202 4065 1282 4100 σοι
1310 4049 1572 4119 πνεύματι
1601 4053 1692 4104 καὶ
1709 4054 1838 4121 ἀλη-

239 4138 354 4211 θείᾳ
375 4178 394 4201 ,
434 4134 633 4190 ἐλθὼν
660 4135 796 4204 πρὸς
824 4136 912 4189 τὸν
946 4136 1096 4202 ἅγιόν
1141 4153 1231 4189 σου
1265 4138 1410 4192 ναόν.
1462 4139 1605 4201 Ναὸς
1631 4140 1687 4192 δὲ
1744 4141 1836 4193 καὶ

237 4226 390 4294 οἶκος
432 4225 598 4281 Θεοῦ
627 4228 659 4295 ἡ
693 4226 819 4293 ἁγία
850 4228 942 4279 καὶ
994 4229 1241 4298 ἐνάρετος
1270 4230 1594 4292 κατάστασις
1622 4269 1635 4292 ,
1682 4232 1746 4301 ἦν
1788 4234 1835 4284 οἱ

239 4316 481 4386 ἔχοντες
515 4313 666 4383 μετὰ
693 4315 998 4383 παρρησίας
1028 4317 1207 4381 φασίν.
1250 4318 1479 4387 Χριστὸς
1513 4318 1568 4371 δὲ
1600 4319 1673 4380 ὡς
1724 4320 1834 4382 υἱὸς

1943 3151 2288 3220 sanguinibus
2321 3159 2477 3204 natus
2500 3159 2600 3217 est,
2634 3162 2727 3205 aut
2758 3154 2803 3207 is
2831 3155 2923 3221 qui
2959 3154 3222 3209 homicida
3250 3164 3355 3211 est.

2010 3240 2176 3295 Vens.
2195 3240 2247 3301 8,
2276 3240 2328 3295 9.
2354 3239 2466 3309 Ego
2491 3252 2660 3295 autem
2687 3249 2739 3294 tn
2767 3244 3096 3296 multitudine
3119 3242 3487 3298 misericordia
3540 3266 3547 3273 ο

1941 3340 2045 3385 ινα
2074 3332 2301 3384 introibo
2336 3332 2392 3385 in
2419 3333 2629 3384 domum
2665 3342 2847 3384 tuam:
2884 3332 3113 3387 adorabo
3141 3338 3209 3387 ad
3240 3333 3484 3402 templum

1940 3429 2176 3473 sanctum
2217 3429 2361 3472 tuum
2414 3420 2469 3472 in
2497 3420 2679 3473 timore
2712 3428 2824 3483 tuo,
2855 3429 2961 3474 etc.
3006 3420 3139 3475 Cum
3186 3422 3404 3491 maligni
3429 3431 3486 3478 et

1941 3510 2108 3578 iniqui
2134 3525 2236 3564 non
2284 3509 2704 3577 habitentjuxta
2738 3520 2809 3574 te,
2857 3527 3027 3581 neque
3057 3514 3155 3567 sub
3207 3523 3480 3582 aspectum

1941 3607 2085 3652 tuum
2114 3607 2478 3666 permaneant,
2507 3612 2608 3667 ego
2651 3600 3016 3654 misericordia
3040 3608 3130 3654 tua
3161 3602 3391 3656 introibo
3424 3602 3481 3656 in

1939 3689 2152 3741 domum
2183 3693 2346 3740 tuam.
2375 3686 2465 3740 Sic
2510 3688 2650 3740 enim
2677 3687 2838 3740 etiam
2865 3687 3041 3742 dicere
3061 3697 3246 3757 potero
3272 3705 3287 3744 :
3317 3706 3336 3741 ι
3364 3688 3478 3743 Ma-

1942 3791 2007 3830 ne
2038 3778 2224 3831 astabo
2248 3776 2420 3832 tibi.et
2464 3774 2668 3830 videbis
2694 3789 2826 3829 me.»
2864 3775 2932 3829 Et
2957 3778 3208 3845 quoniam
3241 3793 3346 3831 non
3377 3778 3476 3832 ali-

1941 3878 2021 3922 ter
2048 3881 2201 3934 quam
2228 3874 2318 3920 tua
2343 3864 2707 3921 misericordia
2731 3864 2963 3918 introibo
2985 3864 3039 3920 in
3069 3866 3279 3920 domum
3312 3878 3476 3930 tuam,

1939 3971 2058 4009 cum
2089 3955 2288 4021 pietate
2313 3955 2477 4009 multa
2500 3968 2616 4022 qum
2643 3952 2847 4007 dicitur
2886 3953 3044 4006 timor
3067 3964 3205 4019 tuus,
3247 3957 3478 4012 adorabo

1938 4055 1990 4099 te
2017 4045 2069 4097 in
2100 4044 2288 4110 spiritu
2319 4052 2373 4097 et
2406 4043 2632 4097 veritate
2675 4041 2946 4109 ingressus
2977 4041 3031 4094 in
3067 4044 3320 4112 templum
3346 4059 3475 4100 san-

1937 4143 2078 4186 ctum
2105 4140 2275 4186 tuum.
2289 4130 2567 4199 Templum
2587 4138 2764 4184 autem
2784 4139 2838 4183 et
2860 4129 3049 4185 domus
3071 4130 3185 4198 Dei,
3234 4142 3319 4186 est
3344 4132 3477 4189 aﬂ'e-

1938 4222 2044 4275 ctio
2085 4230 2272 4275 sancta
2327 4229 2380 4275 et
2419 4220 2618 4275 virtute
2655 4220 2898 4288 praedita,
2932 4236 3089 4289 quam
3121 4222 3211 4291 qui
3257 4223 3475 4289 habent,

1937 4310 2228 4378 loquuntur
2265 4325 2384 4365 cum
2417 4310 2757 4364 conﬁdentia.
2801 4310 3048 4366 Christus
3067 4327 3194 4368 vero
3227 4323 3476 4384 tanquam

237 4379 327 4462 tia
347 4409 469 4461 τδν
509 4379 669 4456 οἶκον
695 4379 876 4463 me;
896 4401 955 4458 οὗ
987 4379 1129 4468 οῐὲώς
1150 4379 1311 4476 ἐσμεν
1338 4379 1516 4478 ἡμείς.
1564 4379 1720 4462 Ἀλλὰ
1744 4379 1836 4462 καλ

1945 4401 2081 4454 [ilius
2120 4401 2263 4455 venit
2302 4401 2356 4453 in
2405 4401 2616 4455 domum
2647 4416 2818 4467 suam,
2849 4403 2998 4470 cujus
3029 4418 3127 4458 nos
3158 4404 3348 4459 domus
3388 4420 3478 4459 su-

242 4492 701 4570 προσφωνοῦσιν
743 4495 944 4564 ἑτέροις
994 4501 1200 4560 πιστοῖς
1243 4498 1567 4567 γράφοντες·
1630 4517 1649 4548 ‹
1696 4501 1838 4562 Ναὸς

237 4591 399 4659 ἅγιός
441 4590 612 4644 ἐστε.
650 4584 745 4636 καὶ
785 4586 850 4637 τὰ
892 4585 1115 4653 σώματα
1170 4587 1318 4655 ὑμῶν
1365 4587 1488 4649 ναὸς
1535 4587 1626 4639 τοῦ
1684 4589 1836 4655 ἁγίου

252 4681 394 4733 [hs-5
406 4676 606 4749 ματός
632 4674 796 4735 ἐστιν,
824 4664 884 4722 οὗ
914 4671 1062 4739 ἔχετε
1092 4672 1198 4724 ὑπὸ
1216 4673 1365 4725 Θεοῦ.
1398 4693 1415 4725 ι
1451 4673 1573 4735 Πῶς
1597 4674 1703 4745 γὰρ
1738 4677 1837 4729 οὐκ

247 4767 401 4830 οἶκος
449 4763 562 4817 καὶ
588 4761 716 4817 ναὸς
738 4760 870 4812 Θεοῦ
904 4763 932 4811 6
950 4761 1128 4829 τηρῶν
1155 4763 1242 4813 τὸν
1277 4761 1444 4831 Ἰησοῦ
1473 4762 1625 4829 λόγον
1651 4802 1663 4825 ,
1703 4765 1836 4834 πρὸς

241 4857 302 4909 ὃν
328 4859 358 4908 6
395 4851 549 4912 Υἱὸς
580 4848 675 4900 καὶ
704 4850 732 4899 ὁ
756 4847 944 4914 Πατὴρ
969 4847 1129 4915 μονὴν
1157 4847 1461 4910 ποιοῦνται;
1496 4850 1721 4901 Δυνατὺν
1746 4852 1838 4902 καὶ

240 4946 342 5015 τὴν
394 4935 882 5005 ἐκκλησιαστικὴν
913 4935 1132 5002 γνώμην
1174 4937 1267 4987 καὶ
1315 4936 1653 4990 διδασκαλίαν
1694 4935 1837 4991 οἷκον

241 5034 469 5103 Κυρίου
501 5028 677 5096 φάναι
711 5024 804 5077 καὶ
827 5023 954 5075 ναὸν
975 5022 1157 5075 αὐτοῦ.
1182 5023 1436 5090 Δηλοῦται
1462 5025 1615 5078 τοῦτο
1647 5030 1710 5079 ὲκ
1729 5027 1834 5081 τῶν

236 5117 639 5194 γραφομένων
694 5111 978 5182 Τιμοθέῳ·
1011 5128 1028 5159 ι
1055 5110 1167 5163 Ἵνα
1213 5112 1353 5181 εἰδῇς
1386 5113 1499 5176 πῶς
1547 5115 1628 5167 δεῖ
1680 5132 1738 5168 σε
1778 5118 1834 5170 ἐν

299 5215 350 5246 τ’
386 5212 408 5264 Ι
446 5212 581 5266 Cor.
624 5222 697 5266 vr.
730 5204 821 5259 l9.

314 5304 440 5376 (20)
475 5297 730 5376 ᾏμαητιῐι
759 5290 1263 5376 ἀῖφῖεῖἐαιοίίειοτ.
1295 5293 1607 5376 Corduba.
1633 5299 1831 5376 Barba-

237 5362 366 5436 rus.
408 5362 576 5430 codd.
620 5369 761 5424 Roe,
794 5362 1185 5419 Barocciauus,
1217 5369 1269 5413 et
1317 5364 1528 5420 scheda:
1568 5368 1833 5423 Conibeti-

239 5465 423 5581 δ”άευ
463 5488 1440 5581 Τρύςμέζέἲῗῖῖηῖξονὲξτῗίίξο.θεθ·
1480 5501 1659 5581 ρειιιίιῖι
1703 5502 1832 5557 Bar-

242 5561 418 5639 ιιιά-ὖέξ
452 5561 686 5632 ίςιιυὶιέε
719 5561 1079 5620 Combclisii,
1103 5571 1152 5611 et
1182 5564 1331 5616 codd.
1361 5566 1658 5630 Anglicani.

1945 4504 2081 4543 mus.
2108 4490 2244 4555 Quin
2271 4498 2324 4544 et
2355 4491 2442 4544 alii
2490 4491 2669 4545 ﬁdeles
2699 4505 2794 4559 per
2828 4492 3103 4561 epistolam
3140 4494 3218 4549 sic
3249 4493 3471 4564 compel-

1942 4582 2121 4632 lantur
2148 4582 2193 4613 ⁷¹
2232 4599 2244 4632 :
2281 4597 2301 4630 ‹
2351 4580 2624 4648 Templum
2669 4593 2907 4635 sanctum
2961 4584 3112 4650 estis,
3160 4592 3215 4636 et
3251 4597 3474 4650 corpora

1943 4678 2112 4721 vestra
2141 4669 2388 4735 templum
2417 4679 2538 4723 sunt
2567 4671 2797 4738 Spiritus
2845 4672 3034 4736 sancti,
3069 4685 3225 4741 quem
3266 4671 3476 4726 habetis

1938 4775 1965 4809 a
1999 4760 2120 4812 Deo.
2153 4776 2171 4808 ι
2206 4759 2478 4823 Quomodo
2519 4761 2659 4814 enim
2691 4776 2794 4816 non
2825 4762 2896 4816 sit
2918 4761 3108 4816 domus
3133 4769 3187 4815 et
3220 4759 3472 4828 templum

1939 4850 2051 4913 Dei.
2077 4852 2164 4916 qui
2189 4860 2366 4904 servat
2388 4850 2512 4905 «Iesu
2535 4869 2855 4919 sermonem,
2880 4862 2934 4906 et
2960 4854 3099 4921 apud
3122 4866 3279 4920 quem
3306 4851 3473 4905 Filius

1935 4949 1989 4991 et
2016 4940 2173 4994 Pater
2196 4945 2517 4998 mansionem
2542 4944 2746 4998 faciunt
2768 4943 2791 4996 ‘l
2810 4943 2995 4997 Posset
3025 4942 3185 4996 etiam
3212 4938 3467 4995 ecclesia-

1935 5029 2068 5082 stica
2100 5044 2284 5084 norma
2315 5043 2365 5086 et
2400 5035 2640 5087 doctrina
2672 5035 2859 5086 domus
2895 5032 3103 5084 Domini
3141 5040 3196 5083 et
3217 5027 3469 5093 templum

1937 5120 2050 5188 ejus
2087 5123 2360 5192 appellari.
2393 5124 2446 5178 id
2483 5135 2629 5194 patet
2664 5140 2727 5178 ex
2765 5126 2830 5177 iis
2860 5138 2977 5190 quae
3000 5123 3197 5190 scripta
3227 5125 3351 5173 sunt
3380 5115 3473 5168 Ti-

1936 5373 1975 5428 Β
2006 5307 2137 5425 (211‘)
2184 5308 2349 5375 Ἀνὴρ
2372 5309 2646 5375 αἱμάτων,
2672 5315 2773 5358 etc.
2809 5301 3026 5357 Scheda:
3083 5313 3206 5352 nzss.
3259 5293 3470 5361 Grabii,

1978 5391 2219 5428 arturus.
3340 5427 3345 5428 ,

1978 5391 2101 5427 arua
2112 5391 2219 5432 I'US,

2005 5443 2115 5509 (Ἠ)
2144 5427 2262 5497 Τῶν
2289 5437 2792 5509 πονηρευομένων,
2819 5444 2919 5509 etc.
2941 5502 2951 5509 _
2971 5432 3273 5509 ϐριάει.νίυῆ
3335 5427 3476 5481 ΒΜ..

1934 5502 2113 5575 huius,
2147 5514 2350 5564 scheibe
2381 5502 2701 5570 cotttbelisii,
2733 5514 2784 5555 et
2819 5502 2972 5553 codd.
2997 5502 3293 5568 Anglicani.
3318 5538 3336 5562 ,
