3958 6236
277 308 429 374 1169

1279 328 1579 384 SELECTA
1617 330 1684 385 ΙΝ
1716 330 2042 387 PSALMOS.
2080 360 2149 372 ——
2182 331 2371 384 PSAL.
2414 332 2476 385 γ.

3344 328 3478 382 H70

372 430 446 487 Τὸ
468 428 612 498 πρωῒ
630 430 1102 505 παραστήσομαί
1122 455 1238 504 σοι,
1275 444 1370 497 καὶ
1402 445 1718 514 ἐπόψομαι·
1758 447 1844 500 ὅτι

2019 444 2173 501 Vens.
2206 446 2259 511 5,
2291 445 2344 499 6.
2389 445 2545 498 Mane
2568 445 2747 497 astabo
2778 446 2891 507 tibi,
2921 455 2968 500 et
2999 445 3174 499 videbo
3203 446 3477 512 :quoniam
3531 487 3535 490 .

285 521 434 589 οὐχὶ
465 516 606 583 Θεὸς
629 516 810 570 θέλων
832 518 1106 590 ἀνομίαν
1129 528 1209 579 σὺ
1228 529 1301 592 εἴ,
1331 530 1471 583 οὐδὲ
1503 532 1849 599 παροικήσει

283 626 397 664 σοι
422 609 919 678 πονηρευόμενος.
959 615 1105 669 οὐδὲ
1138 617 1480 687 διαμενοῦσι
1529 621 1849 690 παράνομοι

281 701 619 755 κατέναντι
664 700 780 755 τῶν
828 702 1156 774 ὀφθαλμῶν
1183 726 1316 773 σου,
1350 729 1403 763 κ.
1438 729 1486 763 τ.
1512 713 1556 764 ὲ.
1589 699 1740 782 ΥᾹμα
1774 711 1850 781 τῷ

285 791 582 844 ἀνατεῖλαι
605 791 712 862 (20)
763 791 851 845 τὸν
893 794 1049 863 ἥλιον
1099 802 1509 870 παραστήσομαι
1543 819 1642 865 σοι,
1670 802 1762 855 καὶ
1792 803 1848 855 ἐν

283 877 508 950 Θεωρίᾳ
550 880 765 949 ἔσομαι,
798 898 818 931 t
854 882 949 934 τοῦ
991 885 1065 954 μὴ
1098 884 1231 939 εἷναί
1273 904 1330 939 σε
1379 889 1594 942 θέλοντα
1627 891 1848 960 ἀνομίαν

277 967 446 1032 Θεὸν,
484 970 626 1039 μηδὲ
659 972 980 1041 παροικήσει
1007 991 1087 1027 σοι
1117 978 1375 1046 πονηρὸς,
1396 978 1514 1031 οὐδὲ
1547 979 1848 1050 διαμενοῦσι

277 1056 613 1128 παράνομοι
647 1059 928 1113 κατέναντι
954 1061 1061 1115 τῶν
1094 1064 1381 1135 ὀφθαλμῶν
1402 1083 1515 1120 σου.
1553 1087 1572 1119 ι
1618 1070 1704 1131 Ὠς
1742 1070 1848 1139 γὰρ

1949 552 2049 591 non
2100 534 2237 588 Deus
2268 535 2439 586 volens
2482 533 2803 601 iniquitatem
2845 542 2900 585 tn
2923 548 3013 585 es:
3041 549 3199 602 neque
3230 521 3497 609 habitabit}

1949 620 2095 683 iuxta
2125 629 2171 672 te
2220 618 2502 686 malignus,
2554 633 2712 686 neque
2738 619 3105 686 permanebunt
3145 619 3326 686 injusti
3363 628 3481 672 ante

1947 711 2123 764 oculos
2154 718 2295 763 tuas.
2338 707 2510 762 Simul
2541 722 2662 761 cum
2696 710 2904 761 oriente
2936 708 3046 760 sole
3074 709 3256 762 astabo
3283 707 3397 770 tibi,
3425 715 3481 763 et

1947 801 1999 855 in
2027 799 2474 867 contemplatione
2503 797 2778 859 versabor,
2818 813 2836 845 ι
2883 794 3006 863 quia
3057 809 3158 849 non
3206 796 3347 849 Deus
3385 808 3482 849 vo-

1946 890 2060 943 lens
2085 887 2412 954 iniquitatem
2446 893 2500 937 tu
2529 898 2607 945 es,
2634 897 2802 951 neque
2826 882 3084 935 habitabit
3104 882 3252 950 juxta
3287 892 3338 936 te
3366 896 3479 934 ma-

1947 973 2139 1043 lignus,
2157 988 2325 1042 neque
2347 970 2729 1041 permanebunt
2752 970 2929 1038 iniusti
2960 977 3082 1023 ante
3102 967 3285 1022 oculos
3306 976 3476 1023 tuos.»

1946 1059 2396 1126 Quemadmodum
2438 1057 2576 1112 enim
2616 1057 2708 1125 qui
2751 1064 2972 1125 aegrotat
3014 1068 3120 1108 non
3148 1061 3327 1107 manet
3360 1061 3484 1108 ante

1944 1146 2123 1200 oculos
2161 1143 2369 1207 medici,
2400 1144 2488 1212 qui
2537 1144 2684 1197 illum
2732 1156 2924 1196 sanare
2955 1142 3144 1210 possit,
3190 1140 3272 1196 sic
3312 1153 3484 1209 neque

270 1146 404 1199 οὐδὲ
456 1147 712 1216 διαμένει
759 1149 926 1202 νοσῶν
978 1153 1036 1203 ὲν
1083 1153 1371 1223 ὀφθαλμοῖς
1419 1155 1509 1209 τοῦ
1560 1157 1846 1226 δυναμένου

1946 1234 2328 1302 permanebunt
2352 1234 2549 1302 injusti'
2568 1243 2694 1286 ante
2722 1234 2905 1287 oculos
2939 1232 3050 1286 Dei.

274 1233 636 1304 θεραπεῦσαι
701 1237 862 1290 αὐτὸν
905 1240 1104 1311 ἰατροῦ,
1156 1240 1324 1303 οὕτως
1379 1245 1496 1296 οὐδὲ
1545 1245 1849 1315 διαμενοῦσι

273 1324 605 1395 παράνομοι
634 1329 874 1379 ἐναντίον
899 1329 1008 1380 τῶν
1044 1330 1329 1398 ὀφθαλμῶν
1355 1332 1448 1384 τοῦ
1471 1333 1623 1387 Θεοῦ.

362 1413 711 1479 Ἐμίσησας
728 1415 957 1480 πάντας
980 1418 1117 1482 τοὺς
1145 1418 1561 1488 ἐργαζομένους
1584 1422 1695 1487 τὴν
1714 1424 1848 1476 ἀνο-

262 1498 430 1565 μίαν
452 1515 469 1530 ο
506 1500 764 1565 ἀπολεῖς
794 1502 1022 1569 πάντας
1050 1506 1189 1570 τοὺς
1225 1509 1560 1575 λαλοῦντας
1599 1511 1664 1563 τὸ
1710 1511 1844 1578 ψεῦ-

1945 1506 2118 1573 perdee
2148 1519 2320 1557 omnes
2341 1502 2429 1571 qui
2450 1501 2728 1571 loquuntur
2752 1501 3099 1562 mendacium,
3129 1506 3235 1552 etc.
3265 1497 3371 1551 Eos
3392 1496 3483 1566 qui

266 1586 404 1652 δος,
433 1605 495 1640 κ.
533 1605 590 1641 τ.
627 1590 677 1643 ὲ.
711 1591 848 1654 Τοὺς
877 1593 973 1661 μὲν
994 1595 1050 1646 ὲν
1070 1596 1134 1664 τῇ
1158 1596 1397 1666 πολιτείᾳ
1424 1598 1532 1667 (ΞΙ)
1564 1600 1844 1663 πταίοντας

1946 1592 1996 1644 ἰη
2026 1592 2147 1646 vita:
2170 1589 2500 1645 institutione
2529 1591 2801 1652 aberrant,
2832 1594 3116 1655 operantes
3145 1583 3482 1652 iniquitatem

267 1676 701 1746 ἐργαζομένους
757 1679 855 1748 τὴν
917 1682 1141 1750 ἀνομίαν
1199 1683 1479 1753 ὠνόμασεο
1527 1688 1742 1749 τούτους
1790 1689 1844 1740 δὲ

1945 1680 2253 1733 nominavit.
2279 1678 2386 1733 llos
2417 1688 2592 1732 autem
2626 1678 2735 1732 odit
2770 1677 2923 1730 Deus.
2954 1674 3023 1727 At
3051 1687 3142 1728 eos
3177 1672 3322 1741 quia
3342 1670 3484 1724 veri-

269 1771 432 1837 μισεί
465 1772 499 1820 ὁ
525 1769 700 1831 Θεός·
755 1771 881 1833 τοὺς
935 1770 990 1822 δὲ
1033 1773 1400 1837 ἀποπεσόντας
1452 1775 1549 1843 τῆς
1595 1775 1844 1845 ἀληθείας

1947 1778 2055 1823 tate
2090 1769 2445 1834 desciverunt,
2476 1776 2527 1822 et
2552 1765 2858 1834 opinionum
2883 1763 3138 1818 varietate
3165 1776 3194 1815 a
3226 1760 3330 1816 ﬁde
3356 1760 3485 1815 alie-

264 1855 633 1925 ἑτεροδόξους
661 1858 952 1921 λαλοῦντας
979 1860 1039 1912 τὸ
1055 1859 1246 1928 ψεῦδος
1272 1858 1441 1926 εἶπεν,
1482 1863 1575 1926 οὒς
1605 1864 1792 1917 ἀπολεῖ
1816 1867 1844 1916 ὁ

1947 1874 2013 1912 ua
2052 1859 2304 1920 sentiunt,
2332 1858 2608 1927 loquentes
2652 1856 2985 1911 mendacium
3019 1852 3323 1922 appellavit,
3348 1865 3487 1920 quos

264 1940 428 2003 θεός.
461 1942 583 1994 Καὶ
607 1945 763 2013 τήρει
791 1943 1046 2015 διαφορὰν
1067 1946 1159 1998 τοῦ
1187 1966 1204 1997 ι
1230 1947 1491 2017 ἐμίσησας
1512 1967 1530 1998 ι
1549 1950 1640 2001 καὶ
1667 1968 1684 1999 ι
1708 1951 1843 2002 ἀπο-

1945 1948 2127 2014 perdet
2146 1947 2302 2001 Deus.
2332 1946 2564 2000 Observa
2587 1953 2760 1999 autem
2787 1946 3089 2008 verborum,
3121 1959 3142 1994 ι
3174 1940 3354 2006 odisti,
3383 1956 3403 1991 ι
3429 1945 3486 1992 et

264 2028 407 2091 λεῖς·
440 2049 462 2079 ι
487 2031 712 2099 πρῶτον
733 2032 829 2099 μὲν
851 2034 897 2082 εί
919 2035 1092 2101 χεῖρον
1107 2033 1197 2086 τοῦ
1227 2054 1243 2084 ι
1263 2036 1478 2100 ἀπολεῖς
1501 2056 1519 2088 ι
1540 2040 1598 2091 τὸ
1620 2058 1637 2089 ι
1662 2040 1844 2109 ἐμίση-

1952 2056 1969 2088 ‹
1988 2038 2224 2106 perdes,»
2244 2039 2558 2092 discrimen:
2579 2038 2803 2106 primum
2823 2037 3035 2105 quidem
3053 2050 3119 2089 an
3140 2034 3375 2089 deterius
3389 2033 3483 2098 sit,

266 2134 393 2180 σας
442 2138 465 2169 ι
502 2120 762 2188 δεύτερον
788 2120 867 2181 δὲ,
895 2120 1053 2173 διὰτί
1076 2123 1134 2174 τὸ
1170 2124 1265 2191 μὲν
1303 2127 1379 2186 είς
1410 2124 1497 2177 τὸν
1545 2125 1844 2195 παρεληλυ-

1952 2141 1970 2173 ‹
1993 2125 2195 2191 perdes,
2217 2143 2235 2176 ι
2257 2138 2414 2192 quam
2435 2142 2452 2175 ι
2472 2125 2660 2187 odisti;
2685 2143 2705 2174 ι
2725 2123 2911 2177 deinde
2940 2137 3039 2175 cur
3062 2122 3190 2176 illud
3214 2121 3266 2173 in
3292 2127 3483 2188 praete—

264 2203 407 2258 Θότα
439 2204 694 2258 ἐνέκλινε
721 2206 929 2273 χρόνον,
957 2207 1017 2259 τὸ
1043 2206 1099 2261 δὲ
1128 2211 1205 2272 εἰς
1228 2210 1316 2262 τὸν
1342 2211 1616 2281 μέλλοντα.
1641 2232 1659 2264 ι
1691 2215 1844 2266 Ἀπο-

1948 2213 2071 2275 rito,
2104 2214 2286 2267 hocin
2319 2212 2497 2267 futuro
2534 2213 2790 2280 posuerit.
2830 2229 2848 2261 ι
2904 2210 3102 2265 Perdes
3147 2223 3335 2263 omnes
3391 2209 3481 2274 qui

260 2294 383 2357 λεῖς
421 2295 647 2357 πάντας
666 2298 792 2358 τοὺς
817 2297 1105 2361 λαλοῦντας
1133 2300 1192 2352 τὸ
1222 2299 1430 2367 ψεῦδος,
1461 2320 1479 2352 ι
1510 2303 1570 2353 οὐ
1600 2304 1723 2365 τοὺς
1754 2304 1844 2356 λα-

1949 2301 2235 2370 loquuntur
2265 2300 2623 2365 mendacium,
2647 2315 2751 2353 non
2789 2314 2883 2354 eos
2914 2299 3005 2367 qui
3030 2299 3191 2351 locuti
3233 2298 3484 2360 sunt,sed

259 2383 578 2454 λήσαντας,
612 2385 749 2439 ἀλλὰ
781 2389 905 2450 τοὺς
935 2388 1222 2452 λαλοῦντας
1253 2391 1311 2444 τὸ
1334 2392 1540 2460 ψεῦδος.
1562 2394 1623 2446 Et
1654 2394 1709 2447 δὲ
1732 2395 1844 2447 τού-

1947 2389 2033 2454 qui
2069 2386 2229 2456 576
2258 2388 2548 2457 loquuntur
2585 2387 2939 2442 mendacium.
2969 2386 3120 2452 Quod
3143 2387 3187 2440 si
3218 2387 3316 2440 hos
3361 2376 3484 2454 per-

258 2489 396 2536 τους
427 2474 706 2527 ἀπόλλυσι
751 2476 970 2547 Κύριος,
1025 2481 1130 2541 πᾶς
1181 2480 1235 2531 δὲ
1277 2481 1554 2551 ἄνθρωπος
1588 2483 1840 2555 ψεύστης,

1948 2476 2024 2528 dit
2053 2476 2208 2539 Deus,
2246 2484 2299 2530 et
2351 2476 2526 2530 omnis
2566 2475 2724 2529 homo
2754 2476 2977 2529 mendax
3021 2483 3118 2538 est,
3150 2488 3337 2528 omnes
3361 2488 3487 2540 per-

260 2562 493 2624 πάντας
535 2563 834 2616 ἀπόλλυσιν
884 2566 912 2616 ὁ
957 2565 1117 2628 Θεὸς,
1151 2567 1255 2629 ἵνα,
1289 2568 1350 2620 τὸ
1397 2566 1532 2623 εῖναι
1575 2571 1843 2641 ἄνθρωποι

255 2650 638 2719 ἀποθέμενοι,
675 2650 928 2718 γίνωνται
955 2652 1085 2717 θεοὶ,
1115 2655 1233 2706 ἐπεὶ
1262 2657 1351 2709 καὶ
1387 2656 1496 2710 θεοὶ
1546 2661 1841 2727 γεγονότες,

256 2741 362 2792 καὶ
393 2741 513 2793 uio).
560 2740 821 2807 Ὑψίστου
850 2741 1065 2804 πάντες,
1091 2744 1370 2811 γεγόνασιν
1397 2746 1687 2817 ἄνθρωποι.
1709 2750 1844 2812 Τοὺς

254 2828 631 2899 ἑτεροδόξους
696 2825 790 2882 οὖν
848 2830 1036 2883 ἀπολεῖ
1082 2833 1111 2883 ὁ
1171 2834 1301 2896 Θεὸς
1360 2836 1416 2890 ὲν
1473 2836 1566 2904 τῷ,
1602 2837 1843 2906 μέλλοντι

254 2918 454 2972 αίῶνι.

337 3009 575 3075 Ἄνδρα
602 3010 866 3079 αἱμάτων
918 3014 1016 3066 καὶ
1057 3014 1262 3067 δόλιον
1295 3014 1692 3077 ,βδελύσσεται
1731 3020 1843 3072 Κύ-

2023 3006 2182 3060 Vees.
2205 3003 2259 3060 8.
2293 3002 2475 3058 Virum
2500 3006 2810 3073 sanguinum
2840 3015 2888 3059 et
2908 3005 3145 3061 dolosum
3172 3006 3487 3062 abominabi-

242 3115 412 3165 ριος,
440 3116 502 3152 κ.
538 3118 593 3152 τ.
623 3102 672 3151 ὲ.
717 3101 878 3170 Ἀνὴρ
903 3102 1148 3172 αἱμάτων
1181 3094 1315 3173 (21⁸)
1341 3105 1369 3155 ὁ
1400 3104 1458 3167 ἐξ
1483 3107 1724 3175 αἱμάτων
1755 3123 1844 3175 γε-

1945 3106 2030 3150 tur
2077 3093 2355 3159 Dominus,
2407 3101 2511 3148 etc.
2554 3093 2647 3148 Vir
2700 3096 3037 3166 sanguinum,
3080 3106 3175 3151 aut
3206 3097 3251 3151 is
3299 3098 3388 3167 qui
3417 3110 3485 3151 ex

248 3186 633 3256 γεννημένος,
658 3187 692 3255 ἢ
719 3188 748 3238 ὁ
774 3189 1007 3255 φονικός.

1945 3180 2288 3250 sanguinibus
2320 3188 2476 3233 natus
2500 3188 2600 3246 est,
2634 3191 2726 3235 aut
2758 3183 2802 3237 is
2831 3183 2921 3250 qui
2958 3183 3221 3237 homicida
3249 3193 3354 3240 est.

340 3275 501 3344 Ἐγὼ
525 3275 600 3327 δὲ
631 3276 704 3327 ἐν
722 3276 802 3340 τῷ
821 3276 1034 3341 πλήθει
1067 3277 1172 3331 τοῦ
1192 3278 1400 3343 ἐλέους
1424 3293 1538 3332 σου
1586 3282 1843 3335 εἰσελεύ-

2009 3270 2175 3325 Veas.
2195 3270 2246 3331 8,
2276 3270 2328 3325 9.
2353 3269 2465 3339 Ego
2491 3282 2659 3325 autem
2687 3278 2738 3323 tn
2767 3273 3095 3325 multitudine
3118 3271 3487 3326 misericordiae
3540 3294 3546 3301 ·

246 3378 452 3431 (rapat
477 3366 574 3428 είς
595 3363 708 3416 τὸν
729 3360 898 3417 οἶκόν
915 3381 1031 3418 σου
1056 3380 1071 3394 ⁸
1098 3366 1497 3432 προσκυνήσω
1519 3368 1665 3434 πρὸς
1697 3370 1843 3424 ναὸν

1945 3370 2045 3415 tute
2074 3362 2301 3415 introibo
2336 3361 2391 3415 in
2418 3362 2628 3413 domum
2665 3371 2847 3413 tuam:
2883 3361 3113 3415 adorabo
3141 3366 3208 3415 ad
3239 3362 3484 3431 templum

246 3450 443 3519 ἅγιόν
477 3464 604 3504 σου
645 3451 717 3503 ἐν
737 3453 896 3518 φόϐῳ
926 3466 1060 3516 σου,
1093 3470 1147 3507 κ.
1170 3471 1220 3506 τ.
1247 3456 1294 3508 ὲ.
1334 3455 1452 3507 Τῶν
1483 3460 1844 3528 πονηρευομέ-

1945 3459 2175 3504 sanctum
2216 3458 2360 3501 tuum
2413 3450 2468 3502 in
2497 3450 2679 3502 timore
2712 3458 2824 3513 tuo,
2854 3458 2960 3503 etc.
3006 3449 3139 3504 Cum
3186 3450 3405 3520 maligni
3429 3460 3485 3507 et

244 3557 373 3593 νων
396 3540 517 3609 (22)
541 3539 642 3591 καὶ
678 3542 1007 3611 παρανόμων
1042 3544 1102 3595 οὐ
1129 3544 1526 3614 παροικούντων
1563 3562 1662 3609 σοι,
1722 3549 1840 3600 οὐδὲ

1945 3540 2108 3613 iniqui
2134 3555 2236 3594 non
2284 3539 2529 3594 habitent
2552 3539 2704 3607 juxta
2738 3549 2810 3603 te,
2856 3556 3027 3609 neque
3057 3542 3155 3596 sub
3207 3552 3481 3610 aspect-um

244 3629 644 3699 διαμενόντων
677 3630 784 3681 ὑπὸ
808 3631 904 3699 τὴν
930 3630 1160 3702 θεωρίαν
1193 3649 1284 3686 σου
1303 3671 1317 3695 ,
1346 3634 1456 3701 ἐγὼ
1488 3634 1619 3705 ἐλέῳ
1648 3636 1725 3705 τῷ
1763 3636 1841 3704 σῷ

1945 3638 2085 3682 tuum
2114 3635 2479 3695 permaneant,
2507 3642 2609 3696 ego
2652 3629 3016 3683 tuisericordia
3040 3636 3130 3683 tua
3162 3630 3391 3684 introibo
3424 3630 3481 3684 in

246 3716 661 3786 εἰσελεύσομαι
693 3718 774 3780 είς
799 3719 888 3772 τὸν
925 3716 1067 3773 οἶκόν
1104 3737 1218 3773 σου.
1253 3721 1407 3774 Οὕτω
1433 3722 1538 3793 γὰρ
1561 3725 1652 3777 καὶ¹
1672 3728 1839 3778 εἰπεῖν

1945 3719 2152 3771 domum
2183 3723 2346 3769 tuam.
2375 3715 2465 3769 Sic
2510 3716 2650 3770 enim
2677 3716 2838 3769 etiam
2865 3716 3041 3770 dicere
3062 3725 3246 3785 potero
3273 3733 3288 3772 :
3317 3734 3336 3769 ι
3364 3716 3479 3771 Ma-

241 3805 579 3875 δυνήσομαι
601 3822 613 3835 ·
657 3825 676 3856 ι
712 3806 784 3858 Τὸ
818 3808 961 3875 πρωῒ
992 3813 1410 3882 παραστήσομαι
1443 3831 1541 3877 σοι,
1576 3815 1668 3867 καὶ
1716 3816 1839 3866 ἑπό-

1945 3820 2007 3860 ue
2038 3808 2224 3861 astabo
2248 3806 2421 3861 tibi.et
2464 3804 2668 3859 videbis
2695 3818 2827 3859 me.»
2865 3804 2932 3858 Et
2958 3807 3209 3874 quoniam
3242 3821 3347 3860 non
3378 3807 3477 3861 ali-

239 3892 343 3959 ψει
382 3908 478 3961 με.
512 3910 533 3943 ι
570 3891 685 3943 Καὶ
723 3893 843 3945 ἐπεὶ
869 3896 967 3948 οὐκ
999 3896 1172 3960 ἄλλως
1193 3898 1224 3967 ἢ
1243 3899 1375 3969 ἐλέῳ
1405 3900 1480 3969 τῷ
1511 3902 1587 3970 σῷ
1611 3903 1840 3955 εἰσελεύ-

242 3999 429 4053 σομαι
472 3985 560 4044 είς
596 3982 692 4034 τὸν
711 3978 857 4038 οἶκόν
887 4002 1000 4049 σου,
1040 3988 1137 4039 σὺν
1165 3988 1415 4060 εὐλαϐείᾳ
1452 3992 1614 4062 πολλῇ
1648 3995 1840 4063 ὀνομα-

243 4071 470 4142 ζομένῃ
503 4071 664 4141 φόϐῳ
686 4088 779 4124 σου
814 4079 1173 4147 προσκυνήσω
1201 4094 1282 4130 σοι
1311 4080 1573 4151 πνεύματι
1602 4084 1693 4135 καὶ
1710 4085 1838 4152 ἀλη-

239 4161 409 4230 θείᾳ,
442 4160 624 4212 ἐλθὼν
651 4162 789 4231 πρὸς
817 4164 907 4216 τὸν
934 4165 1094 4231 ¹ὅιγιόν
1140 4182 1231 4218 σου
1266 4168 1410 4223 ναόν.
1462 4170 1605 4232 Ναὸς
1632 4172 1688 4223 δὲ
1745 4172 1837 4223 καὶ

238 4248 405 4313 οἶκος
440 4250 589 4302 Θεοῦ
616 4254 649 4320 ἠ
683 4253 811 4319 ἁγία
843 4256 936 4306 καὶ
989 4257 1241 4326 ἐνάρετος
1270 4260 1595 4324 κατάστασις
1622 4300 1637 4323 ,
1683 4264 1747 4332 ἢν
1790 4265 1836 4315 oi

1945 4252 2045 4305 ctio
2086 4260 2273 4305 sancta
2328 4259 2380 4305 et
2420 4249 2619 4304 virtute
2656 4250 2899 4317 praedita,
2933 4265 3090 4319 quam
3123 4250 3213 4319 qui
3258 4252 3477 4317 habent,

239 4337 480 4405 ἔχοντες
507 4338 655 4407 μετά
682 4342 992 4410 παρρησίας
1023 4344 1206 4408 φασίν.
1248 4347 1479 4416 Χριστὸς
1513 4349 1568 4402 δὲ
1602 4350 1675 4412 ὼς
1725 4351 1836 4413 υἱὸς

1945 4341 2229 4408 loquuntur
2266 4355 2386 4395 cum
2419 4340 2759 4394 conﬁdentia.
2802 4339 3049 4396 Christus
3070 4356 3196 4397 vero
3229 4351 3478 4412 tanquam

236 4428 336 4482 ἐπὶ
362 4429 466 4480 τὸν
500 4425 656 4479 οἷκον
680 4409 865 4489 αὑτοῦ,
885 4427 946 4484 οὗ
979 4428 1127 4495 οἶκός
1148 4409 1311 4503 ἐσμεν
1338 4441 1516 4507 ἡμεῖς.
1564 4409 1721 4493 Ἀλλά
1745 4409 1837 4493 xui.

1946 4431 2082 4485 ﬁlius
2121 4431 2265 4485 venit
2303 4431 2357 4484 in
2406 4431 2618 4485 domum
2649 4446 2820 4496 suam,
2850 4432 3000 4499 cujus
3031 4447 3129 4486 nos
3160 4409 3351 4488 domus
3389 4449 3481 4487 su-

240 4516 684 4588 προσφωνοῦσιν
726 4520 933 4589 ἑτέροις
985 4527 1199 4586 πιστοῖς
1242 4527 1568 4594 γράφοντες·
1632 4548 1650 4579 ι
1697 4532 1839 4594 Ναὸς

1947 4535 2083 4573 mus.
2110 4520 2246 4585 Quin
2273 4528 2326 4574 et
2357 4521 2444 4574 alii
2491 4521 2671 4575 ﬁdeles
2700 4535 2796 4588 per
2830 4520 3105 4590 epistolam
3143 4523 3220 4577 sic
3250 4522 3473 4592 compel-

235 4609 401 4677 ἅγιός
436 4610 592 4667 ἐστε,
630 4608 723 4661 καὶ
766 4610 832 4661 τὰ
876 4610 1110 4678 σώματα
1167 4613 1317 4681 ὑμῶν
1364 4616 1487 4678 ναὸς
1534 4617 1627 4669 τοῦ
1685 4620 1837 4687 ἁγίου

1945 4613 2123 4663 lantur
2150 4611 2195 4643 ⁷¹
2234 4629 2246 4662 :
2283 4627 2302 4660 ι
2353 4610 2626 4678 Templum
2671 4622 2909 4664 sanctum
2963 4613 3114 4679 estis,
3162 4621 3217 4665 et
3253 4626 3477 4679 corpora

248 4697 581 4767 Πνεύματός
605 4698 773 4759 ἐστιν,
804 4688 865 4746 οὗ
897 4695 1055 4763 ἔχετε
1086 4697 1195 4749 ὑπὸ
1213 4700 1362 4752 Θεοῦ.
1393 4720 1412 4752 ι
1448 4702 1572 4764 Πῶς
1596 4705 1705 4777 γὰρ
1740 4709 1839 4761 οὐκ

1946 4708 2114 4752 vestra
2144 4699 2390 4764 templum
2419 4709 2540 4753 sunt
2569 4701 2800 4767 Spiritus
2847 4701 3036 4765 sancti,
3071 4714 3227 4770 quem
3269 4699 3479 4755 habetis

242 4784 394 4848 οἶκος
437 4785 536 4837 καὶ
560 4786 686 4843 ναὸς
709 4784 847 4836 Θεοῦ
884 4786 914 4834 ὁ
933 4801 1001 4853 τη
1012 4785 1123 4853 ρῶν
1151 4787 1239 4838 τὸν
1273 4788 1438 4857 Ἰησοῦ
1469 4790 1625 4856 λόγον
1651 4833 1664 4855 ,
1706 4796 1839 4865 πρὸς

1945 4806 1968 4839 u
2002 4790 2123 4841 Deo.
2155 4806 2173 4838 ι
2208 4789 2480 4853 Quomodo
2521 4790 2661 4844 enim
2693 4805 2797 4845 non
2827 4792 2898 4845 sit
2920 4790 3110 4844 domus
3136 4798 3190 4843 et
3224 4788 3475 4856 templum

237 4874 292 4927 ὃν
317 4877 347 4926 ὁ
384 4873 516 4936 Υίὸς
542 4874 635 4925 καὶ
665 4874 695 4924 ό
722 4870 923 4937 Πατὴρ
950 4871 1124 4938 μονὴν
1152 4873 1452 4937 ποιοῦνται;
1487 4878 1724 4931 Δυνατὸν
1748 4883 1841 4933 καὶ

1945 4881 2054 4944 Dei,
2080 4881 2168 4946 qui
2192 4890 2370 4934 servat
2390 4880 2515 4935 Jesu
2538 4898 2857 4948 sermonem,
2883 4891 2936 4936 et
2963 4883 3101 4950 apud
3124 4895 3281 4949 quem
3310 4880 3477 4933 Filius

235 4963 327 5032 τὴν
371 4958 854 5032 ἐκκλησιαστικὴν
886 4958 1126 5027 γνώμην
1169 4963 1259 5013 καὶ
1305 4963 1651 5019 διδασκαλίαν
1696 4966 1840 5022 οἶκον

1945 4980 1993 5022 et
2019 4970 2176 5025 Pater
2199 4975 2520 5028 mansionem
2546 4974 2749 5028 faciunt
2771 4973 2794 5025 ?
2814 4972 2998 5027 Posset
3028 4972 3188 5025 etiam
3215 4967 3472 5023 ecclesia-

224 5052 422 5118 Κυρίου
449 5054 624 5123 φάναι
662 5047 764 5100 καὶ
791 5044 930 5097 ναὸν
954 5045 1149 5100 αὐτοῦ.
1174 5049 1416 5116 Δηλοῦται
1443 5053 1607 5105 τοῦτο
1643 5058 1711 5109 ἐκ
1732 5059 1838 5113 τῶν

1945 5060 2071 5113 stica
2103 5075 2287 5114 norma
2318 5073 2369 5116 et
2403 5065 2644 5117 doctrina
2675 5065 2862 5116 domus
2898 5061 3105 5114 Domini
3144 5069 3198 5112 et
3220 5057 3473 5122 templum

207 5145 578 5217 γραφομένων
639 5132 954 5203 Τιμοθέῳ·
992 5150 1011 5182 t
1041 5134 1156 5186 Ἵνα
1201 5138 1333 5207 εἰδῇς
1362 5139 1474 5202 πῶς
1524 5142 1618 5194 δεῖ
1676 5161 1739 5197 σε
1782 5149 1838 5201 ὲν

242 5224 287 5257 ’⁸
325 5240 345 5277 r
376 5240 509 5277 Cnet
558 5245 639 5277 vr.
676 5225 777 5277 19.

1945 5151 2054 5219 ejus
2091 5153 2363 5222 appellari.
2396 5153 2450 5208 id
2487 5165 2633 5223 patet
2667 5170 2731 5207 ex
2769 5156 2834 5207 iis
2864 5168 2980 5220 quae
3004 5152 3200 5217 scripta
3229 5154 3356 5201 sunt
3386 5144 3477 5197 Ti-

264 5226 287 5257 ⁸
320 5240 345 5293 ι
376 5240 510 5294 Cor.
558 5245 639 5288 νι.
676 5226 777 5279 49.

222 5316 361 5406 ($0)
395 5317 684 5407 ’ᾼμαξίῖζ
707 5311 1237 5407 ἀιτέ²ἶῗῖξξίέἱιξ¹⁰λ
1268 5318 1575 5407 οοῖίὲθῖίυὲε
1611 5325 1836 5407 ⁸³.¹’δ³·

1945 5404 1969 5407 ἢ
2010 5338 2141 5407 (21⁸)
2188 5338 2354 5405 Ἀνὴρ
2376 5339 2650 5405 αἱμάτων,
2676 5345 2777 5388 etc.
2814 5331 3030 5386 Schedte
3086 5340 3209 5379 nzss.
3262 5321 3475 5388 Grabii,

151 5393 227 5458 nis
252 5381 503 5467 “110.36.
553 5389 709 5443 Roe.
745 5381 1161 5442 Baroccianus,
1192 5394 1240 5437 et
1282 5388 1480 5444 schedae
1527 5381 1839 5450 comesa-
1940 5381 2257 5462 ua}?,;..¢,.§f'
2283 5381 2350 5405 ’ν’
2377 5381 2611 5405 ”⁷³“”’”’
2636 5381 2650 5399 ’
2679 5381 2776 5388 “’⁷’
2814 5381 3021 5470 πί
3097 5460 3109 5470 _
3178 5458 3189 5470 ,

172 5454 196 5458 .,
260 5454 285 5467 ,
335 5454 349 5457 ν

145 5464 267 5539 Μιικ
326 5536 336 5539 -
386 5530 437 5539 _.
484 5524 499 5539 I
601 5513 725 5539 --λ-Α.
751 5511 829 5539 λυ
854 5507 941 5539 ou:
986 5516 1233 5539 uni._-l..
1300 5531 1357 5539 ..,
1423 5524 1456 5539 τι
1551 5527 1565 5538 ο
1616 5527 1629 5539 ι
1690 5528 1735 5539 κ

1945 5454 2127 5539 Πίέέί
2293 5467 2797 5539 πονηρευομένων,
2824 5475 2923 5539 etc.
2945 5532 2955 5539 Δ
2975 5458 3278 5539 Corde'riusg,
3341 5454 3482 5508 Bur-

189 5520 342 5602 (SI)
383 5524 558 5584 Τοὺς
583 5513 725 5581 μὲν
744 5511 829 5560 ἐν
854 5507 941 5588 τῇ
968 5516 1251 5599 {taxata/{1,
1287 5531 1383 5574 etc.
1421 5524 1629 5602 Daniel
1687 5528 1837 5585 Bar-

134 5579 231 5629 \vm
373 5590 628 5629 “ru-«tm
663 5577 1044 5629 Cmnbcttstt.
1070 5591 1119 5629 et
1149 5588 1281 5629 ριΜΙιί
1312 5590 1597 5629 Anulus-nn;

2009 5507 2120 5539 ‘66,
2149 5507 2252 5527 ιωι
2293 5507 2395 5525 ηυγ
2415 5507 2677 5539 συισυνμυν
2695 5507 2758 5517 νη
2782 5507 2797 5530 ν
2824 5507 2923 5517 vn...
2980 5507 3107 5513 ν--,.
3132 5507 3148 5534 ..
3262 5507 3277 5533 ἔ

1945 5541 2118 5605 huius,
2152 5543 2355 5594 schedae
2385 5537 2706 5599 Coiubelisii,
2738 5543 2789 5584 et
2824 5532 2976 5584 codd.
3000 5527 3298 5594 Anglicani.
3324 5564 3343 5588 ,

156 5577 348 5654 κπῖὶζ.
373 5577 628 5647 ἐς,υεὶίώ
663 5577 817 5629 Com
830 5577 1044 5638 betisii,
1070 5591 1119 5631 et
1149 5577 1283 5640 codd.
1308 5577 1624 5651 Anglicani.

2014 1415 2174 1470 Vens.
2206 1413 2256 1468 7.
2300 1413 2467 1467 Odisti
2499 1427 2670 1465 omnes
2693 1400 2787 1481 qui
2809 1419 3085 1478 operantur
3114 1407 3434 1477 iniquitatem
3463 1422 3483 1461 :

1948 2567 2026 2620 dit
2078 2566 2239 2628 Deus,
2283 2575 2341 2621 ut
2391 2566 2635 2620 homines
2682 2579 2803 2618 esse
2847 2565 3176 2629 desinentes,
3215 2564 3346 2617 ﬁant
3386 2563 3485 2625 dii,

1947 2655 2373 2723 quandoquidem
2411 2665 2467 2710 et
2497 2655 2589 2722 qui
2622 2655 2695 2708 dii
2741 2638 2863 2709 facti
2907 2663 3030 2708 sunt
3056 2662 3111 2710 et
3141 2653 3231 2708 ﬁlii
3270 2652 3482 2707 Excelsi

1947 2754 2151 2804 omnes,
2186 2741 2239 2794 bi
2267 2740 2480 2795 fuerunt
2509 2742 2769 2796 homines.
2804 2741 3066 2795 Caeterum
3094 2744 3144 2795 in
3173 2740 3354 2794 futuro
3381 2755 3483 2795 ste-

1948 2828 2068 2884 culo
2092 2830 2230 2884 Deus
2253 2831 2436 2898 perdet
2464 2844 2651 2885 omnes
2680 2831 2769 2899 qui
2808 2831 2980 2885 aliena
3027 2845 3056 2883 a
3094 2830 3197 2884 ﬁde
3225 2831 3481 2885 sentiunt.

1942 3908 2021 3953 ter
2048 3911 2202 3963 quam
2229 3904 2318 3949 tua
2343 3893 2707 3950 misericordia
2731 3893 2964 3947 introibo
2986 3893 3040 3949 in
3070 3894 3280 3949 domum
3312 3906 3477 3959 tuam,

1940 4001 2058 4039 cum
2090 3985 2289 4051 pietate
2313 3985 2478 4039 multa
2501 3997 2617 4051 qua
2644 3982 2848 4036 dicitur
2886 3982 3044 4035 timor
3068 3993 3206 4048 tuus,
3248 3985 3479 4040 adorabo

1938 4085 1990 4129 te
2018 4074 2070 4127 in
2100 4074 2288 4141 spiritu
2320 4082 2373 4127 et
2406 4073 2633 4127 veritate
2676 4071 2947 4139 ingressus
2978 4070 3033 4124 in
3068 4072 3322 4141 templum
3348 4087 3477 4128 san-

1938 4172 2079 4217 etum
2104 4160 2568 4229 tuum.Templum
2589 4167 2765 4212 autem
2785 4168 2839 4212 et
2860 4158 3050 4214 domus
3073 4159 3187 4227 Dei,
3235 4170 3320 4215 est
3345 4160 3479 4217 οσο-
