3958 6274
307 282 426 360 ᾳτό

240 369 292 430 ο

1357 353 1654 409 SELECTA
1695 349 1758 404 ΙΝ
1795 349 2118 405 PSALMOS.
2151 380 2216 389 —
2249 349 2437 405 PSAL.
2475 350 2558 404 Vl.

3413 343 3547 398 1174

273 425 485 536 υσεδ(-
511 434 592 496 Ei»
631 445 700 503 δὲ
735 454 866 513 ἐστι
904 479 991 527 τις
1032 464 1248 532 εὓλογος
1281 465 1540 536 καύχησις
1571 466 1661 517 καὶ
1691 467 1748 516 ἐν
1773 464 1911 533 φόϐῳ

2020 469 2070 517 tu
2111 465 2302 516 timore
2331 463 2420 514 Dei
2449 459 2734 513 laudabilis
2763 466 2845 512 est
2869 457 3134 525 gloriatio,
3159 454 3338 522 utique
3371 455 3544 508 minor

303 531 567 612 ᾳὶυρὶου,
599 539 852 603 ἐλάττων
881 555 1029 607 ἐστὶν
1057 531 1192 623 αὑτῆ
1222 554 1335 617 τοῦ,
1358 531 1711 623 κἀυχήσονται
1738 531 1795 605 ἐν
1813 531 1911 605 σοι.

2018 564 2097 607 est
2123 568 2183 608 ea
2211 567 2312 620 qua
2339 550 2711 620 gloriabuntur
2741 548 2792 599 in
2825 556 2896 601 te.
2934 548 3212 602 Benedicit
3238 546 3346 600 Noe
3386 543 3547 598 Semo

340 636 580 708 Εὒλογεῖ
616 637 675 692 δὲ
726 639 855 693 Νῶε
905 644 998 697 τὸν
1043 645 1160 714 Σὴμ
1200 645 1293 696 καὶ
1332 645 1422 696 τὸν
1479 644 1675 712 Ἰαφέθ·
1717 642 1920 709 εὐλογεῖ

349 731 692 801 Μελχισεδὲκ
727 732 820 783 τδν
860 732 1134 803 Ἀϐραὰμ,
1170 733 1262 784 καὶ
1293 734 1319 784 ὁ
1354 732 1536 784 Ἰσαὰκ
1574 732 1662 784 τὸν
1707 729 1914 794 Ἰακὼϐ,

348 821 452 873 καὶ
478 823 507 872 ὁ
547 819 748 873 Ἰακὼϐ
777 821 903 881 τοὺς
927 819 1151 885 δώδεκα,
1178 821 1270 873 καὶ
1297 821 1324 870 ὁ
1352 821 1588 886 Μωῦσῆς
1602 820 1698 880 τὰς
1730 817 1913 886 φυλάςο

340 909 488 961 ἀλλὰ
525 909 672 977 ὑπὲρ
718 910 894 962 πάντα
937 908 1109 962 ταῦτα
1161 911 1252 980 καὶε
1300 909 1437 978 μετὰ
1483 908 1650 961 ταῦτα
1690 907 1846 968 αὐτὸς
1891 908 1920 958 ὁ

340 996 557 1067 Κύριος
583 997 870 1066 εὐλογήσει
900 997 988 1048 τὸν
1020 997 1242 1059 δίκαιον,
1291 997 1546 1063 ἀνάλογον
1575 996 1672 1065 τῷ,
1709 1013 1726 1047 ι
1753 995 1919 1057 Αὐτὸς

332 1089 372 1138 ὁ
395 1085 576 1138 λαλῶν
608 1087 861 1155 πάρειμι,
893 1104 912 1137 s
933 1087 1024 1137 καὶ
1050 1086 1146 1154 τῷ,
1171 1103 1189 1134 ι
1213 1085 1302 1155 Μὴ
1321 1087 1478 1148 αὐτὸς
1506 1085 1870 1155 συμπορεύσῃ.
1893 1103 1912 1135 ι

425 1175 526 1238 Ὠς
559 1173 736 1239 ὅπλῳ
760 1173 1036 1238 εὐδοκίας
1058 1174 1477 1241 ἐστεφάνωσας
1501 1173 1675 1241 ἡμᾶς,
1701 1191 1753 1225 κ.
1782 1190 1831 1224 τ.
1869 1174 1914 1226 ἐ.

330 1262 558 1315 Ταυτόν
590 1263 711 1313 ἐστι
751 1261 856 1314 τῶν
889 1261 998 1330 (28)
1044 1262 1262 1314 δικαίων
1296 1263 1457 1313 ὅπλον
1501 1262 1594 1312 καὶ
1640 1261 1913 1328 στέφανος·

323 1353 410 1415 ὡς
456 1353 554 1404 τὸν
588 1352 956 1420 ὁπλισάμενον
994 1350 1432 1418 ἐστεφανοῦσοαι,
1479 1351 1686 1402 καὶτὸν
1725 1367 1918 1418 στεφα-

322 1441 612 1509 νούμενον
673 1439 962 1494 ὡπλίσθαι.
1011 1441 1161 1508 Ἔχει
1204 1440 1260 1492 δὲ
1299 1439 1454 1492 τοῦτό
1501 1457 1551 1492 τι
1594 1441 1774 1508 ὅμοιον
1819 1439 1914 1508 τῷ,

332 1547 353 1579 ι
384 1529 667 1598 Στεφάνῳ
699 1529 759 1580 δὲ
802 1529 1011 1599 τρυφῆς
1057 1529 1408 1598 ὑπερασπίσει
1448 1545 1526 1582 σε.
1555 1549 1572 1578 ι
1615 1530 1679 1580 Ἡ
1723 1529 1917 1596 γνῶσις

317 1613 426 1670 οὖν
477 1618 582 1670 τοῦ
642 1616 818 1682 Θεοῦ,
865 1619 913 1669 εἰ
977 1617 1072 1686 μὲν
1133 1618 1393 1686 ἀμύνεται
1437 1619 1560 1680 τοὺς
1612 1617 1913 1686 πολεμίους,

318 1707 503 1758 ὅπλον
539 1707 697 1758 ἐστὶν
728 1706 994 1767 εὐδοκίας⁸
1022 1708 1070 1757 εἰ
1098 1706 1154 1757 δὲ
1181 1705 1477 1774 βασιλεύειν
1502 1708 1641 1758 ποιεί
1663 1721 1780 1756 τινα
1809 1703 1915 1756 τῶν

2015 653 2068 694 et
2095 640 2356 708 Japlteto;
2389 639 2662 692 benedicit
2692 637 3076 691 Melchisedech
3128 638 3451 699 Abraltamo,
3493 645 3548 688 et

2016 728 2162 781 Isaac
2190 725 2407 789 Jacobo,
2436 735 2488 779 et
2517 724 2685 778 Iacob
2719 723 3022 788 duodecim,
3049 733 3102 776 et
3144 723 3353 792 Moyses
3377 722 3546 776 tribu-

2015 817 2145 877 bus;
2199 815 2289 868 sed
2322 830 2484 882 super
2521 815 2635 868 haec
2684 814 2860 866 omnia
2889 822 2942 866 et
2987 823 3105 878 post
3154 812 3282 871 haec,
3327 811 3548 877 ipsemet

2017 898 2277 951 Dominus
2329 898 2609 951 benedicet
2651 897 2815 964 justo,
2865 897 3016 965 juxta
3064 897 3191 949 illud
3240 897 3287 934 ⁷³
3321 913 3334 950 :
3371 913 3390 946 ι
3430 894 3548 962 Ipse

2015 987 2104 1054 qui
2141 987 2424 1055 loquebar,
2465 987 2672 1051 adsum,
2721 1006 2739 1038 ι
2795 995 2848 1042 et
2900 987 3042 1040 istud
3084 985 3170 1038 τις
3209 1003 3226 1036 ι
3262 985 3375 1038 Non
3435 985 3548 1054 ipse
3621 1009 3630 1016 ·

2016 1077 2133 1131 ibis.
2146 1095 2164 1128 ι

2090 1167 2245 1220 Vens.
2282 1168 2368 1220 15.
2401 1165 2467 1219 Ut
2489 1175 2651 1244 scuto.
2667 1165 2810 1218 bona:
2843 1166 3122 1219 voluntatis
3157 1174 3262 1219 tua:
3290 1166 3553 1218 coronasti

2015 1272 2127 1317 nos,
2159 1265 2265 1310 etc.
2293 1255 2433 1308 Idem
2489 1263 2571 1307 est
2605 1253 2872 1320 justorum
2904 1264 3111 1308 scutum
3136 1261 3189 1308 et
3225 1268 3443 1316 corona,
3475 1254 3548 1308 ita

2016 1355 2074 1397 ut
2103 1345 2191 1413 qui
2223 1346 2324 1398 hoc
2350 1353 2498 1398 scuto
2521 1351 2757 1397 armatus
2779 1354 2880 1409 est,
2911 1352 3218 1408 coronetur,
3255 1353 3308 1398 et
3331 1344 3421 1411 qui
3455 1357 3550 1397 co-

2017 1443 2231 1486 ronatus
2250 1442 2353 1496 est,
2389 1433 2488 1486 hoc
2527 1441 2680 1486 scuto
2711 1442 2966 1487 armetur.
2999 1430 3176 1485 lnnuit
3223 1442 3399 1486 autem
3446 1431 3550 1487 hoc

2013 1521 2137 1588 quid
2164 1520 2334 1574 simile
2357 1521 2444 1573 isti
2477 1521 2520 1551 ⁷⁵
2548 1538 2560 1573 :
2600 1537 2617 1570 ι
2642 1520 2850 1574 Corona
2879 1530 3054 1574 autem
3081 1521 3388 1574 deliciarum
3427 1535 3550 1588 pro-

2015 1619 2156 1678 teget
2186 1619 2257 1663 te.
2301 1627 2319 1659 ι
2357 1608 2593 1663 Scientia
2630 1610 2808 1676 itaque
2841 1608 2957 1673 Dei,
3002 1610 3124 1663 dum
3157 1610 3368 1678 quidem
3404 1617 3550 1662 arcet

2014 1698 2216 1760 hostes,
2243 1707 2451 1752 scutum
2489 1708 2573 1752 est
2601 1698 2754 1752 bona:
2787 1696 3096 1760 voluntatis,
3126 1697 3250 1750 dum
3281 1713 3408 1751 vero
3451 1697 3550 1749 ali-

317 1792 556 1854 παῠῶν,
583 1792 851 1859 στέφανος
871 1792 1207 1860 ὀνομάζεται.
1228 1792 1488 1861 Τέμνεται
1520 1792 1574 1843 δὲ
1602 1795 1633 1861 ὴ
1664 1791 1754 1843 τοῦ
1777 1791 1909 1843 Θεοῦ

2015 1799 2168 1849 quem
2211 1798 2388 1849 regem
2443 1785 2570 1838 facit
2621 1784 2928 1847 atrectuum,
2976 1799 3174 1838 corona
3224 1785 3548 1837 nominatur.

315 1882 542 1948 γνῶσις
578 1881 662 1942 εἰς
695 1880 807 1943 δύο,
841 1882 919 1942 εἰς
947 1879 1144 1950 πρᾶξιν
1169 1879 1260 1931 καὶ
1293 1879 1538 1950 θεωρίαν⁹
1574 1879 1788 1947 καὶτῆς
1815 1879 1911 1946 μὲν

2018 1871 2179 1926 Porro
2217 1870 2310 1925 Dei
2345 1873 2567 1927 scientia
2600 1871 2845 1924 bifariam
2876 1872 3152 1936 dividitur,
3185 1873 3238 1925 in
3284 1873 3554 1927 actionem

315 1967 598 2038 πράξεως
630 1968 796 2021 ὅπλον
835 1968 931 2037 τῆς
973 1967 1216 2028 εὐδοκίας
1250 1968 1384 2029 ἐστὶ,
1419 1969 1515 2036 τῆς
1546 1967 1600 2019 δὲ
1630 1967 1853 2036 θεωρίας
1883 1965 1911 2015 ὁ

2015 1968 2068 2013 et
2098 1961 2260 2030 578
2291 1961 2834 2030 contemplationem;
2882 1970 3040 2028 atque
3067 1962 3293 2016 actionis
3331 1963 3549 2030 quidem

314 2059 631 2125 στέφανος.
671 2058 978 2126 Τετήρηται
1012 2056 1068 2106 δὲ
1113 2058 1206 2108 καὶ
1243 2058 1274 2126 ἡ
1310 2056 1478 2120 τάεξις⁸
1527 2055 1630 2124 πρὸ
1666 2054 1772 2123 γὰρ
1819 2052 1911 2105 τοῦ

2018 2058 2226 2104 scutum
2257 2062 2339 2105 est
2381 2051 2531 2104 bonae
2558 2050 2871 2113 voluntatis,
2918 2064 3112 2104 corona
3156 2064 3284 2105 vero
3311 2061 3555 2105 contem-

313 2145 614 2212 στεφάνου
656 2144 718 2196 τὸ
758 2145 940 2207 ὅπλον,
979 2143 1163 2212 ἐπειδὴ
1205 2145 1296 2196 καὶ
1344 2144 1446 2213 πρὸ
1482 2143 1578 2211 τῆς
1611 2140 1838 2211 θεωρίας
1878 2141 1911 2211 ﬂ

2019 2138 2292 2204 plationis.
2340 2137 2607 2193 Ca-terum
2652 2143 2738 2196 hic
2781 2144 2945 2196 etiam
2989 2150 3229 2196 servatus
3259 2149 3346 2195 est
3393 2141 3556 2195 ordo.

315 2233 542 2305 πρᾶξις
2021 2225 2238 2281 Scutum
2267 2229 2414 2282 enim
2433 2237 2513 2283 est
2544 2239 2670 2283 ante
2693 2230 3214 2298 contemplationem.

936 2429 1225 2482 ΨΑΛΜΟΣ
1253 2429 1341 2496 q'.

2563 2431 2878 2488 PSALMUS
2917 2432 3004 2487 Vl.

391 2521 512 2584 Εἰς
557 2519 628 2570 τὸ
664 2517 837 2582 τέλος
857 2517 926 2570 ἐν
948 2518 1153 2586 ὕμνοις
1184 2518 1334 2585 ὑπὲρ
1377 2517 1484 2584 τῆς
1513 2520 1721 2588 ὀγδόης
1762 2523 1911 2587 ψαλ-

2081 2523 2244 2577 Vens.
2281 2523 2330 2574 1.
2366 2521 2431 2574 In
2477 2522 2630 2587 ﬁnem
2662 2522 2714 2575 in
2760 2522 3071 2575 carminibus
3115 2520 3343 2588 psalmus
3382 2519 3558 2575 David

312 2605 435 2674 μὸς
477 2605 570 2670 τῷ
604 2605 809 2666 Δαυῒδ,
854 2623 908 2659 κ.
951 2622 1002 2659 1.
1039 2607 1085 2658 ἐ.
1130 2606 1299 2674 ’Υπὲρ
1359 2607 1447 2674 τῆς
1479 2607 1664 2675 ὀγδόης
1692 2607 1796 2677 (29)
1827 2609 1911 2661 κα)

2015 2626 2102 2676 pro
2143 2623 2343 2674 octava,
2389 2618 2495 2664 etc.
2545 2609 2650 2662 Pro
2688 2618 2878 2663 octava
2922 2609 3082 2662 etiam
3127 2607 3440 2662 undecimus
3471 2608 3553 2661 in-

314 2697 348 2746 ὁ
371 2694 704 2756 ἑνδέκατος.
736 2693 1060 2763 Διαφέρουσι
1090 2693 1145 2745 δὲ
1178 2695 1233 2746 αἱ
1278 2696 1578 2763 ἐπιγραφαὶ
1609 2697 1795 2748 τούτου
1825 2699 1911 2750 καὶ

2015 2699 2282 2752 scribitur.
2333 2698 2500 2768 Hujus
2549 2708 2728 2754 autem
2776 2697 2953 2752 ditfert
2998 2699 3275 2766 inscriptio
3331 2711 3360 2750 a
3400 2696 3554 2752 titulo

315 2783 417 2834 τοῦ
457 2783 787 2842 ἑνδεκάτου,
821 2782 904 2834 ὅτι
953 2773 1106 2844 οὗτος
1157 2783 1252 2850 μέν
1298 2785 1460 2847 ἐστιν,
1495 2803 1511 2832 ι
1537 2785 1628 2845 Εἰς
1656 2785 1716 2836 τὸ
1763 2785 1910 2847 τέλος

2015 2787 2294 2851 undecimi,
2323 2789 2460 2854 quod
2495 2788 2580 2841 hic
2603 2787 2929 2842 inscribatur
2957 2801 2971 2838 :
3007 2806 3028 2837 σ
3065 2786 3122 2838 ln
3155 2787 3314 2840 tinem
3343 2785 3396 2839 in
3428 2800 3554 2839 car-

315 2873 377 2923 ἐν
403 2871 621 2940 ὕμνοις
646 2871 788 2938 ὑπὲρ
816 2870 914 2937 τῆς
956 2868 1147 2938 ὀγδόης
1179 2870 1386 2938 ψαλμὸς
1419 2871 1493 2939 τῷ
1521 2871 1698 2934 Δαυῒδ,
1726 2891 1744 2921 ι
1773 2873 1911 2926 ἐκεῖ-

2015 2875 2249 2930 minibus
2280 2891 2377 2944 pro
2419 2886 2607 2930 octava
2649 2875 2886 2944 psalmus
2933 2875 3132 2939 David;
3167 2895 3184 2926 ι
3235 2875 3552 2929 undecimus

315 2977 410 3021 νος
448 2960 542 3023 δὲ,
595 2979 613 3008 ι
640 2959 738 3020 Εἰς
770 2958 830 3009 τὸ
869 2957 1019 3020 τέλος
1054 2959 1192 3028 ὑπὲρ
1234 2959 1332 3026 τῆς
1373 2959 1560 3028 ὀγδόης
1595 2959 1802 3029 ψαλμὸς
1839 2961 1911 3030 τῷ

2017 2979 2166 3028 vero,
2205 2983 2224 3016 ι
2266 2966 2321 3018 ltt
2356 2967 2514 3019 tinem
2539 2979 2638 3033 pro
2665 2974 2852 3018 octava
2879 2965 3112 3033 psalmus
3163 2965 3348 3018 David.
3392 2983 3411 3017 ι
3449 2964 3552 3019 0c-

315 3021 572 3102 Δαυιδζ»
613 3047 696 3118 Τῇ
731 3046 787 3098 δὲ
820 3046 998 3118 ὀγδόῃ,
1029 3021 1197 3117 οἶμαι,
1232 3021 1635 3118 eiciamus
1663 3021 1756 3102 κᾷιι
1777 3021 1910 3120 om
1941 3021 1982 3078 C

317 3137 613 3187 παιδεύει.
651 3137 656 3153 ¹

389 3228 609 3292 Κύριε,
641 3224 730 3291 μὴ
774 3225 856 3290 τῷ
898 3225 1061 3293 θυμῷ
1090 3241 1204 3278 σου
1247 3227 1496 3296 ἐλέγξῃς
1522 3246 1615 3296 με,
1650 3229 1803 3296 μηδὲ
1838 3228 1911 3296 τῇ

317 3314 477 3383 ὀργῇ
517 3331 647 3366 σου
680 3313 1012 3381 παιδεύσῃς
1037 3331 1133 3382 με,
1178 3333 1226 3367 κ.
1261 3333 1310 3367 τ.
1345 3317 1390 3367 ὲ.
1429 3316 1605 3385 Θυμός
1634 3319 1778 3369 ἐστιν
1798 3317 1910 3387 (50)

316 3404 470 3473 ὁρμὴ
512 3401 820 3470 ἐπιθυμίας
845 3403 1048 3470 ἡμέρου
1086 3402 1262 3470 ψυχῆς
1301 3405 1416 3454 κατ’
1451 3402 1637 3472 ἐξοχὴν
1675 3404 1907 3474 ἀμύνης.

319 3491 494 3555 Λέγει
527 3485 649 3539 οὖν’
685 3488 746 3537 Εἰ
768 3488 859 3539 καὶ
883 3487 1130 3555 ὀξύτερον
1159 3490 1186 3539 ὁ
1214 3487 1379 3556 Θυμὸς
1404 3488 1630 3556 ἐλέγχει,
1656 3491 1748 3541 καὶ
1777 3489 1911 3560 ὀργὴ

317 3579 522 3645 τάχιον
558 3574 830 3636 παιδεύει,
863 3574 971 3640 ἐγὼ
1003 3574 1091 3627 διὰ
1129 3576 1227 3643 τὴν
1261 3575 1540 3628 ἀσθένειάν
1584 3593 1682 3645 μου
1723 3578 1910 3646 δέομαι

319 3666 413 3717 τοῦ
446 3665 650 3725 ἐλέους
677 3679 794 3723 σου,
821 3663 887 3715 δι’
913 3662 1076 3730 ἄλλης
1101 3663 1416 3731 ἐλεγχθῆναι
1451 3665 1542 3715 καὶ
1564 3665 1909 3735 παιδευθῆναι

319 3756 376 3808 Θε
389 3752 645 3825 ραπείας
679 3753 740 3802 οὐ
776 3747 1090 3820 τηλικοῦτον
1122 3750 1494 3821 προσαγούσης
1518 3752 1605 3803 τὸν
1630 3753 1803 3807 πόνον.

392 3931 613 3985 “Iaca!
633 3945 733 3996 με,
756 3930 948 3995 Κύριε,
969 3929 1058 3982 ὅτι
1079 3928 1366 3996 ἐταράχθη
1392 3930 1461 3981 τὰ
1491 3928 1635 3983 ὀστᾶ
1655 3948 1791 3998 μου,
1816 3932 1911 3984 καὶ

315 4025 355 4080 ιι)
392 4019 586 4088 ψυχή
617 4034 740 4085 μου
769 4015 1060 4083 ἐταράχθη
1101 4016 1350 4083 σφόδρα,
1381 4033 1432 4068 κ.
1482 4034 1530 4069 τ.
1564 4019 1609 4070 ἐ.
1642 4019 1912 4074 Νοσοῦντά

318 4127 386 4179 με
425 4108 556 4178 (51)
585 4105 693 4174 τὴν
724 4103 897 4173 ψυχὴν
933 4105 1095 4155 τασαιο
1129 4103 1223 4155 καὶ
1254 4103 1358 4172 γὰρ
1387 4107 1778 4174 τεταραγμέναι
1809 4110 1910 4160 εἰσὶ

311 4199 423 4251 τῶν
466 4193 666 4248 ὀστῶν
716 4194 885 4263 αὐτῆς
915 4195 970 4246 αἱ
1005 4192 1276 4262 ἁρμονίαι,
1321 4194 1414 4246 καὶ
1445 4194 1578 4263 αὑτὴ
1621 4195 1678 4247 δὲ
1712 4197 1910 4268 σφόδρα

310 4291 703 4357 τετάρακται.

382 4375 514 4429 Καὶ
563 4371 676 4434 σὺ,
715 4370 906 4435 Κύριε,
942 4369 1053 4434 ἕως
1091 4370 1268 4430 ardre;
1300 4385 1354 4420 κ.
1389 4385 1436 4420 τ.
1475 4371 1521 4420 ἐ.
1557 4367 1722 4422 Τοῦτο
1748 4372 1910 4424 ἐλλει-

315 4462 548 4524 πτικῶς
582 4459 696 4527 (52)
728 4457 938 4527 εἴρηται
968 4458 1083 4510 ἀντὶ
1117 4456 1229 4519 τοῦ,
1266 4457 1406 4519 Ἕως
1441 4457 1566 4508 πότε
1593 4459 1652 4510 οὐ
1686 4459 1784 4530 ῥύῃ
1811 4465 1910 4532 τὴν

311 4553 510 4623 ψυχὴν
549 4564 684 4618 μου,
716 4546 836 4597 οὐδὲ
868 4546 1058 4607 σώζεις
1091 4562 1156 4615 με
1192 4545 1330 4597 κατὰ
1365 4545 1454 4596 τὸν
1486 4545 1629 4598 ἐλεόν
1657 4564 1768 4610 σου,
1793 4551 1911 4602 οὐδέ

313 4637 705 4708 ἐπιστρέφεις
734 4650 835 4703 με;
876 4635 931 4686 '0
952 4635 1024 4704 μὴ
1049 4633 1259 4703 θαρρῶν
1281 4634 1335 4686 δὲ
1362 4634 1452 4686 ἐπί
1475 4634 1653 4703 ἔργοις
1681 4637 1912 4707 σωθῆναι

311 4731 459 4800 ἐρεῖυ
516 4746 536 4774 ι
564 4721 754 4775 Σὼσόν
798 4739 863 4790 με
902 4721 1083 4772 ἕνεκεν
1128 4719 1218 4772 τοῦ
1262 4721 1442 4784 ἐλέους
1474 4740 1585 4774 σου.
1618 4743 1636 4773 ι
1675 4726 1824 4778 Μετὰ
1855 4728 1914 4780 τὸ

310 4818 598 4875 ακοῦσαι,
635 4811 718 4862 ὅτι
739 4809 936 4880 Κύριος
959 4809 1143 4876 ἀφεῖλε
1171 4809 1230 4860 τὸ
1257 4811 1552 4879 ἁμάρτημα
1580 4811 1760 4876 αὐτοῦ,
1794 4831 1909 4865 πει-

314 4905 575 4977 ρασμοῖς
623 4899 720 4950 καὶ
768 4897 977 4966 θλίψεσι
1026 4897 1264 4949 παλαίων
1301 4901 1327 4950 ὁ
1363 4898 1520 4950 Δαυῒδ
1567 4901 1657 4950 καὶ
1698 4901 1910 4970 φαρμά-

313 5012 569 5046 κων.....
601 4985 897 5054 γευόμενος
927 4986 1055 5054 περὶ
1085 4985 1182 5054 τῆς
1204 4985 1308 5037 τῶν
1348 4987 1643 5056 φαρμάκων
1675 4989 1911 5041 ἀπαλλα-

309 5084 422 5150 γῆς
462 5074 798 5145 παρακαλεί
830 5073 918 5125 τὸν
953 5072 1152 5140 ἰατρόν.

390 5260 448 5292 τι
484 5257 604 5310 lsa.
646 5267 743 5312 ut,
775 5251 830 5304 6.
905 5250 951 5280 "
983 5247 1152 5302 Exod.
1183 5263 1373 5312 χχχιιι,
1409 5249 1490 5304 15.
1564 5251 1609 5284 ⁷⁸
1642 5252 1775 5304 Prov
1797 5292 1810 5307 .
1841 5266 1914 5319 tv,
1938 5255 1990 5310 9.

392 5347 526 5419 (28)
569 5343 798 5395 Ταυτόν
822 5341 951 5392 ἐστι
977 5336 1118 5398 τῶν,
1145 5347 1246 5390 etc.
1287 5341 1588 5403 Corderius,
1613 5343 1906 5412 partimque

312 5419 760 5551 Βδᾶξῗιεῗπέᾨ
791 5472 899 5551 ζῆς
923 5469 1180 5551 δτδᾷηςλ
1198 5483 1299 5551 etc.
1327 5475 1496 5551 (inde:
1534 5475 1903 5551 quslinianus.

396 5537 524 5611 (30')
570 5537 769 5610 Θυμὸς
793 5537 988 5599 ἐστιν,
1009 5545 1113 5588 etc.
1143 5537 1447 5605 Cordet'ius,
1478 5546 1774 5611 partimque
1788 5544 1908 5597 Bar-

311 5623 528 5676 barus.

2018 3063 2136 3108 tava
2160 3064 2358 3120 autem,
2383 3056 2590 3122 opinor,
2624 3054 2771 3109 furor
2802 3055 2980 3124 arguit
3009 3064 3064 3110 et
3099 3055 3176 3109 ira
3208 3055 3449 3124 corripit.

2086 3226 2239 3280 Vens.
2259 3227 2314 3281 2.
2333 3226 2570 3288 Domine,
2587 3245 2647 3280 ne
2671 3227 2722 3279 in
2747 3227 3024 3294 furoretuo
3049 3244 3242 3296 arguas
3267 3243 3365 3295 me,
3393 3243 3554 3295 neque

1981 3317 2067 3395 .in
2100 3317 2178 3366 ira
2207 3327 2295 3367 tua
2331 3318 2585 3382 corripias
2605 3333 2705 3377 mc,
2736 3325 2842 3370 etc.
2870 3315 3043 3369 Furor
3065 3326 3146 3369 cst
3177 3317 3552 3386 itnpetuscon-

2014 3404 2351 3470 cupiscentiaa
2382 3405 2543 3456 animi
2577 3405 2836 3460 mansueti
2861 3418 2956 3472 per
2977 3417 3256 3458 excessum
3283 3405 3548 3460 vindictae.

2012 3489 2104 3541 Ait
2138 3489 2334 3557 igitur:
2363 3488 2472 3544 Etsi
2502 3489 2750 3544 acerbius
2785 3489 2935 3543 furor
2964 3498 3170 3556 arguat,
3198 3499 3253 3544 et
3285 3493 3363 3544 ira
3393 3492 3554 3546 citius

2014 3578 2297 3644 corripiat,
2340 3591 2438 3646 ego
2469 3586 2648 3631 tamen
2700 3584 2916 3645 propter
2959 3577 3324 3633 infirmitatem
3375 3593 3551 3632 meam

2014 3665 2274 3732 deprecor
2306 3667 2728 3721 misericordiam
2765 3674 3001 3724 tuam.ut
3051 3667 3155 3720 alia
3198 3667 3420 3720 curandi
3463 3681 3550 3720 ra.

2015 3755 2158 3808 tione
2191 3769 2382 3824 arguar
2409 3767 2464 3810 et
2495 3757 2775 3825 corripiar,
2810 3769 2930 3824 quae
2964 3769 3076 3810 non
3115 3763 3320 3809 tantam
3369 3754 3554 3810 aderat

2016 3846 2338 3900 molestiam.

2085 3935 2244 3991 Vens.
2274 3936 2327 3998 ὅ,
2358 3937 2409 3989 4.
2438 3935 2581 3990 Sana
2601 3953 2698 4002 me,
2723 3937 2957 4000 Domine,
2973 3937 3218 4006 quoniam
3245 3935 3550 3988 conturbata

2013 4032 2132 4075 sunt
2159 4037 2277 4075 ossa
2311 4039 2445 4088 mea,
2471 4033 2522 4076 et
2555 4025 2732 4077 anima
2768 4041 2880 4078 mea
2916 4025 3123 4077 turbata
3150 4032 3223 4077 est
3249 4023 3416 4087 valde,
3445 4031 3548 4077 etc.

2013 4110 2282 4164 Inﬁrmum
2315 4126 2400 4166 me
2439 4113 2612 4166 anima
2665 4127 2836 4177 sana;
2877 4127 2998 4166 nam
3045 4111 3374 4167 conturbata:
3426 4119 3550 4164 sunt

2015 4214 2205 4254 omnes
2239 4201 2442 4255 ossium
2472 4203 2587 4271 ejus
2621 4205 2984 4272 compagines,
3010 4213 3064 4258 et
3091 4203 3204 4272 ipsa
3231 4203 3440 4258 turbata
3469 4210 3550 4256 est

2015 4289 2190 4342 Valde.

2081 4374 2240 4430 Vens.
2269 4376 2323 4430 4.
2370 4377 2473 4432 Sed
2522 4389 2598 4442 tu,
2652 4379 2887 4445 Domine,
2939 4378 3242 4448 usquequo?
3274 4386 3379 4432 etc.
3434 4376 3549 4432 Hoc

2013 4479 2105 4532 per
2125 4466 2462 4520 omissionent
2498 4468 2695 4522 dictum
2736 4478 2817 4523 est
2845 4483 2940 4537 pro
2984 4481 3049 4522 eo
3089 4469 3412 4537 :Usquequo
3443 4482 3548 4520 non

2014 4553 2204 4606 liberas
2236 4555 2466 4608 animam
2496 4570 2689 4620 meatu,
2721 4565 2774 4610 et
2805 4571 2910 4610 non
2940 4571 3122 4610 servas
3144 4570 3229 4610 me
3257 4554 3547 4608 secundum

2015 4641 2431 4695 misericordiam
2461 4651 2625 4708 tuam,
2653 4657 2824 4711 neque
2852 4644 3121 4698 convertis
3163 4641 3284 4696 me?
3319 4640 3418 4705 Qui
3451 4655 3549 4693 au-

2018 4737 2120 4783 tem
2163 4745 2266 4785 non
2298 4731 2516 4786 conﬁdit
2548 4733 2601 4785 in
2650 4734 2900 4800 operibus
2948 4733 3060 4786 suis
3103 4745 3162 4786 se
3212 4729 3547 4791 salvandum,

2017 4818 2157 4872 dicet
2211 4837 2276 4872 τι
2312 4819 2528 4873 Salvum
2580 4835 2664 4874 me
2715 4820 2798 4875 {ac
2853 4830 3075 4888 pr0pter
3123 4817 3548 4873 misertcordiam

2018 4916 2182 4960 tuam.
2224 4927 2244 4959 ι
2277 4908 2562 4977 Postquam
2601 4911 2804 4964 audivit
2834 4907 3546 4972 Dominumabstulissepec—

2015 5005 2190 5048 catum
2237 4996 2370 5062 ejus,
2407 4999 2790 5054 tentationibus
2831 5007 2884 5054 et
2920 4995 3351 5052 tribulationibus
3380 4992 3547 5045 collu-

2013 5093 2162 5139 ctatis
2192 5086 2374 5150 David,
2407 5099 2460 5142 et
2492 5091 2742 5144 remediis
2783 5089 3011 5157 gustatis
3041 5086 3235 5138 amaris
3276 5083 3545 5136 medicum

2016 5181 2185 5240 rogat,
2219 5181 2280 5228 ut
2305 5175 2570 5243 ejusmodi
2598 5177 2829 5231 remedia
2861 5175 3093 5228 auferat.

2082 5352 2189 5421 (51)
2221 5355 2530 5408 Νοσοῦντὰ
2551 5371 2646 5423 με,
2676 5365 2776 5408 ctc.
2808 5349 2983 5406 Codex
3011 5341 3383 5400 Coislinianus,
3413 5337 3554 5393 Bar-
3653 5415 3660 5422 ι

2222 5490 2394 5542 Τοῦτο
2417 5485 2814 5548 ἐλλειπτικῶς,
2836 5491 2940 5555 etc.
2964 5475 3139 5529 Codex
3167 5470 3565 5539 (Ζοὶίὶίιὶίδηυδο

2014 5549 2302 5622 Barbarus,
2336 5561 2632 5624 partimque
2658 5549 2961 5607 Corderitts.
