  <div class='ocr_page' id='page_1' title='image "/cluster/home/n/w/nwhite01/storage/ocr_20150623/12 (Origen; pt. 2)/nyp.33433081862272/604.png"; bbox 0 0 3958 6230; ppageno 0'>
   <div class='ocr_carea' id='block_1_1' title="bbox 292 259 1855 361">
    <p class='ocr_par' dir='ltr' id='par_1_1' title="bbox 292 259 1855 338">
     <span class='ocr_line' id='line_1_1' title="bbox 292 259 1855 338; baseline 0.015 -24"><span class='ocrx_word' id='word_1_1' title='bbox 292 259 454 316; x_wconf 72' lang='grc' dir='ltr'><strong>11ῖῖ</strong></span> <span class='ocrx_word' id='word_1_2' title='bbox 1315 281 1612 335; x_wconf 60' lang='grc' dir='ltr'>δΕιΕωΛ</span> <span class='ocrx_word' id='word_1_3' title='bbox 1651 287 1713 335; x_wconf 61' lang='grc' dir='ltr'>ιλ</span> <span class='ocrx_word' id='word_1_4' title='bbox 1752 289 1855 338; x_wconf 60' lang='lat' dir='ltr'><strong>Phi</strong></span> 
     </span>
    </p>
   </div>
   <div class='ocr_carea' id='block_1_2' title="bbox 1940 259 3503 361">
    <p class='ocr_par' dir='ltr' id='par_1_2' title="bbox 1940 292 3503 361">
     <span class='ocr_line' id='line_1_2' title="bbox 1940 292 3503 361; baseline 0.012 -20"><span class='ocrx_word' id='word_1_5' title='bbox 1940 292 2081 345; x_wconf 71' lang='grc' dir='ltr'>διυε.</span> <span class='ocrx_word' id='word_1_6' title='bbox 2114 316 2187 335; x_wconf 87' lang='lat'><strong>--</strong></span> <span class='ocrx_word' id='word_1_7' title='bbox 2220 296 2411 346; x_wconf 67' lang='lat' dir='ltr'><strong>PbAL.</strong></span> <span class='ocrx_word' id='word_1_8' title='bbox 2459 300 2560 347; x_wconf 76' lang='grc' dir='ltr'>νιι.</span> <span class='ocrx_word' id='word_1_9' title='bbox 3370 304 3503 361; x_wconf 78' lang='lat' dir='ltr'><strong>H78</strong></span> 
     </span>
    </p>
   </div>
   <div class='ocr_carea' id='block_1_3' title="bbox 277 373 1840 476">
    <p class='ocr_par' dir='ltr' id='par_1_3' title="bbox 277 373 1840 476">
     <span class='ocr_line' id='line_1_3' title="bbox 277 373 1840 476; baseline 0.017 -52"><span class='ocrx_word' id='word_1_10' title='bbox 277 390 449 476; x_wconf 55' lang='grc' dir='ltr'><strong>μςυ.</strong></span> <span class='ocrx_word' id='word_1_11' title='bbox 480 373 826 476; x_wconf 74' lang='grc' dir='ltr'>Εισήκουσε</span> <span class='ocrx_word' id='word_1_12' title='bbox 843 381 1060 449; x_wconf 81' lang='grc' dir='ltr'>Κύριος</span> <span class='ocrx_word' id='word_1_13' title='bbox 1089 384 1196 452; x_wconf 82' lang='grc' dir='ltr'><strong>τῆς</strong></span> <span class='ocrx_word' id='word_1_14' title='bbox 1223 387 1481 456; x_wconf 79' lang='grc' dir='ltr'>δεήσεώς</span> <span class='ocrx_word' id='word_1_15' title='bbox 1512 411 1649 461; x_wconf 85' lang='grc' dir='ltr'>μου,</span> <span class='ocrx_word' id='word_1_16' title='bbox 1667 373 1840 463; x_wconf 68' lang='grc' dir='ltr'>Κύριε</span> 
     </span>
    </p>
   </div>
   <div class='ocr_carea' id='block_1_4' title="bbox 1942 373 3505 476">
    <p class='ocr_par' dir='ltr' id='par_1_4' title="bbox 1942 392 3505 476">
     <span class='ocr_line' id='line_1_4' title="bbox 1942 392 3505 476; baseline 0.008 -23"><span class='ocrx_word' id='word_1_17' title='bbox 1942 448 1948 461; x_wconf 76' lang='grc'><strong>,</strong></span> <span class='ocrx_word' id='word_1_18' title='bbox 1974 402 2126 469; x_wconf 78' lang='lat' dir='ltr'><strong>ﬂetus</strong></span> <span class='ocrx_word' id='word_1_19' title='bbox 2148 403 2267 457; x_wconf 86' lang='lat' dir='ltr'><strong>mei.</strong></span> <span class='ocrx_word' id='word_1_20' title='bbox 2288 403 2565 457; x_wconf 70' lang='lat' dir='ltr'><strong>Exaudioit</strong></span> <span class='ocrx_word' id='word_1_21' title='bbox 2597 405 2845 458; x_wconf 79' lang='lat' dir='ltr'><strong>Dominus</strong></span> <span class='ocrx_word' id='word_1_22' title='bbox 2875 406 3278 474; x_wconf 75' lang='lat' dir='ltr'><strong>deprecationem</strong></span> <span class='ocrx_word' id='word_1_23' title='bbox 3320 392 3505 476; x_wconf 77' lang='lat' dir='ltr'><strong>meum,</strong></span> 
     </span>
    </p>
   </div>
   <div class='ocr_carea' id='block_1_5' title="bbox 278 462 1841 563">
    <p class='ocr_par' dir='ltr' id='par_1_5' title="bbox 278 462 1841 563">
     <span class='ocr_line' id='line_1_5' title="bbox 278 462 1841 563; baseline 0.015 -48"><span class='ocrx_word' id='word_1_24' title='bbox 278 462 428 563; x_wconf 57' lang='grc' dir='ltr'><strong>τῂν</strong></span> <span class='ocrx_word' id='word_1_25' title='bbox 455 466 813 563; x_wconf 50' lang='grc' dir='ltr'>ξιτροσεξχῄν</span> <span class='ocrx_word' id='word_1_26' title='bbox 832 486 956 537; x_wconf 84' lang='grc' dir='ltr'>μου</span> <span class='ocrx_word' id='word_1_27' title='bbox 990 475 1405 547; x_wconf 81' lang='grc' dir='ltr'>προσεδέξατο,</span> <span class='ocrx_word' id='word_1_28' title='bbox 1435 499 1488 534; x_wconf 88' lang='grc' dir='ltr'><strong>κ.</strong></span> <span class='ocrx_word' id='word_1_29' title='bbox 1518 500 1567 536; x_wconf 89' lang='grc' dir='ltr'>τ.</span> <span class='ocrx_word' id='word_1_30' title='bbox 1598 485 1645 539; x_wconf 82' lang='grc' dir='ltr'><strong>ὲ.</strong></span> <span class='ocrx_word' id='word_1_31' title='bbox 1685 462 1841 539; x_wconf 15' lang='grc' dir='ltr'><strong>Ὀίτῶ</strong></span> 
     </span>
    </p>
   </div>
   <div class='ocr_carea' id='block_1_6' title="bbox 1942 462 3505 563">
    <p class='ocr_par' dir='ltr' id='par_1_6' title="bbox 1976 488 3505 563">
     <span class='ocr_line' id='line_1_6' title="bbox 1976 488 3505 563; baseline 0.005 -22"><span class='ocrx_word' id='word_1_32' title='bbox 1976 488 2225 544; x_wconf 75' lang='lat' dir='ltr'><strong>Dominus</strong></span> <span class='ocrx_word' id='word_1_33' title='bbox 2265 492 2549 545; x_wconf 82' lang='lat' dir='ltr'><strong>orationem</strong></span> <span class='ocrx_word' id='word_1_34' title='bbox 2594 507 2758 544; x_wconf 76' lang='lat' dir='ltr'><strong>meum</strong></span> <span class='ocrx_word' id='word_1_35' title='bbox 2805 496 3043 563; x_wconf 74' lang='lat' dir='ltr'><strong>suscepit,</strong></span> <span class='ocrx_word' id='word_1_36' title='bbox 3088 507 3189 551; x_wconf 91' lang='lat' dir='ltr'><strong>etc.</strong></span> <span class='ocrx_word' id='word_1_37' title='bbox 3227 497 3327 562; x_wconf 82' lang='lat' dir='ltr'><strong>Qui</strong></span> <span class='ocrx_word' id='word_1_38' title='bbox 3374 496 3505 550; x_wconf 79' lang='lat' dir='ltr'><strong>ﬂen-</strong></span> 
     </span>
    </p>
   </div>
   <div class='ocr_carea' id='block_1_7' title="bbox 279 552 1842 650">
    <p class='ocr_par' dir='ltr' id='par_1_7' title="bbox 279 552 1840 634">
     <span class='ocr_line' id='line_1_7' title="bbox 279 552 1840 634; baseline 0.017 -32"><span class='ocrx_word' id='word_1_39' title='bbox 279 552 613 606; x_wconf 74' lang='grc' dir='ltr'>κλαιόντων</span> <span class='ocrx_word' id='word_1_40' title='bbox 635 555 745 625; x_wconf 78' lang='lat'><strong>(58)</strong></span> <span class='ocrx_word' id='word_1_41' title='bbox 767 561 1113 632; x_wconf 79' lang='grc' dir='ltr'><strong>μακαρισμὸν</strong></span> <span class='ocrx_word' id='word_1_42' title='bbox 1131 566 1345 629; x_wconf 76' lang='grc' dir='ltr'>συνιεὶς,</span> <span class='ocrx_word' id='word_1_43' title='bbox 1370 571 1459 623; x_wconf 57' lang='grc' dir='ltr'><strong>καὶ⁸</strong></span> <span class='ocrx_word' id='word_1_44' title='bbox 1473 571 1689 634; x_wconf 84' lang='grc' dir='ltr'><strong>κλαίων,</strong></span> <span class='ocrx_word' id='word_1_45' title='bbox 1710 572 1840 627; x_wconf 91' lang='grc' dir='ltr'>ταῦτ</span> 
     </span>
    </p>
   </div>
   <div class='ocr_carea' id='block_1_8' title="bbox 1940 552 3503 650">
    <p class='ocr_par' dir='ltr' id='par_1_8' title="bbox 1977 552 3503 650">
     <span class='ocr_line' id='line_1_8' title="bbox 1977 552 3503 650; baseline 0.005 -20"><span class='ocrx_word' id='word_1_46' title='bbox 1977 578 2107 632; x_wconf 89' lang='lat' dir='ltr'><strong>tium</strong></span> <span class='ocrx_word' id='word_1_47' title='bbox 2130 580 2509 634; x_wconf 78' lang='lat' dir='ltr'><strong>beatitudinem</strong></span> <span class='ocrx_word' id='word_1_48' title='bbox 2546 580 2809 650; x_wconf 70' lang='lat' dir='ltr'><strong>intelligit,</strong></span> <span class='ocrx_word' id='word_1_49' title='bbox 2833 592 2886 636; x_wconf 87' lang='lat' dir='ltr'><strong>et</strong></span> <span class='ocrx_word' id='word_1_50' title='bbox 2914 552 3021 648; x_wconf 70' lang='lat' dir='ltr'><strong>ﬂet,</strong></span> <span class='ocrx_word' id='word_1_51' title='bbox 3057 585 3169 639; x_wconf 83' lang='lat' dir='ltr'><strong>haec</strong></span> <span class='ocrx_word' id='word_1_52' title='bbox 3205 585 3348 641; x_wconf 86' lang='lat' dir='ltr'><strong>dicet</strong></span> <span class='ocrx_word' id='word_1_53' title='bbox 3383 600 3503 640; x_wconf 77' lang='lat' dir='ltr'><strong>om-</strong></span> 
     </span>
    </p>
   </div>
   <div class='ocr_carea' id='block_1_9' title="bbox 275 643 1838 739">
    <p class='ocr_par' dir='ltr' id='par_1_9' title="bbox 275 643 1838 732">
     <span class='ocr_line' id='line_1_9' title="bbox 275 643 1838 732; baseline 0.015 -40"><span class='ocrx_word' id='word_1_54' title='bbox 275 643 430 713; x_wconf 71' lang='grc' dir='ltr'>ἐρεῖ</span> <span class='ocrx_word' id='word_1_55' title='bbox 459 644 593 696; x_wconf 83' lang='grc' dir='ltr'>πᾶσι</span> <span class='ocrx_word' id='word_1_56' title='bbox 625 648 737 708; x_wconf 81' lang='grc' dir='ltr'>τοῖς</span> <span class='ocrx_word' id='word_1_57' title='bbox 762 649 1027 717; x_wconf 83' lang='grc' dir='ltr'>παροῦσιν</span> <span class='ocrx_word' id='word_1_58' title='bbox 1058 652 1203 721; x_wconf 71' lang='grc' dir='ltr'>αὐτῷ</span> <span class='ocrx_word' id='word_1_59' title='bbox 1234 656 1608 727; x_wconf 78' lang='grc' dir='ltr'><strong>ἐργαζομένοις</strong></span> <span class='ocrx_word' id='word_1_60' title='bbox 1638 661 1732 732; x_wconf 85' lang='grc' dir='ltr'>τὴν</span> <span class='ocrx_word' id='word_1_61' title='bbox 1755 664 1838 715; x_wconf 73' lang='grc' dir='ltr'>ἀνι</span> 
     </span>
    </p>
   </div>
   <div class='ocr_carea' id='block_1_10' title="bbox 1939 643 3502 739">
    <p class='ocr_par' dir='ltr' id='par_1_10' title="bbox 1976 643 3502 739">
     <span class='ocr_line' id='line_1_10' title="bbox 1976 643 3502 739; baseline 0.007 -23"><span class='ocrx_word' id='word_1_62' title='bbox 1976 665 2132 719; x_wconf 88' lang='lat' dir='ltr'><strong>nibus</strong></span> <span class='ocrx_word' id='word_1_63' title='bbox 2163 666 2260 733; x_wconf 90' lang='lat' dir='ltr'><strong>ipsi</strong></span> <span class='ocrx_word' id='word_1_64' title='bbox 2288 667 2613 731; x_wconf 82' lang='lat' dir='ltr'><strong>astantibus,</strong></span> <span class='ocrx_word' id='word_1_65' title='bbox 2644 643 2989 736; x_wconf 73' lang='lat' dir='ltr'><strong>Operantibus</strong></span> <span class='ocrx_word' id='word_1_66' title='bbox 3008 643 3372 739; x_wconf 72' lang='lat' dir='ltr'><strong>iniquitatem,</strong></span> <span class='ocrx_word' id='word_1_67' title='bbox 3398 682 3502 727; x_wconf 91' lang='lat' dir='ltr'><strong>tam</strong></span> 
     </span>
    </p>
   </div>
   <div class='ocr_carea' id='block_1_11' title="bbox 277 732 1840 824">
    <p class='ocr_par' dir='ltr' id='par_1_11' title="bbox 277 732 1840 822">
     <span class='ocr_line' id='line_1_11' title="bbox 277 732 1840 822; baseline 0.013 -39"><span class='ocrx_word' id='word_1_68' title='bbox 277 732 467 799; x_wconf 76' lang='grc' dir='ltr'>μίαν,</span> <span class='ocrx_word' id='word_1_69' title='bbox 503 736 1062 807; x_wconf 83' lang='grc' dir='ltr'>ὀρατοῖς,·ἀοράτοις.</span> <span class='ocrx_word' id='word_1_70' title='bbox 1111 742 1331 812; x_wconf 82' lang='grc' dir='ltr'>Πρῶτον</span> <span class='ocrx_word' id='word_1_71' title='bbox 1357 747 1415 798; x_wconf 82' lang='grc' dir='ltr'><strong>δὲ</strong></span> <span class='ocrx_word' id='word_1_72' title='bbox 1455 751 1483 800; x_wconf 86' lang='grc' dir='ltr'>ὁ</span> <span class='ocrx_word' id='word_1_73' title='bbox 1524 750 1656 813; x_wconf 83' lang='grc' dir='ltr'><strong>Θεὸς</strong></span> <span class='ocrx_word' id='word_1_74' title='bbox 1696 753 1840 822; x_wconf 82' lang='grc' dir='ltr'>φωνῆ</span> 
     </span>
    </p>
   </div>
   <div class='ocr_carea' id='block_1_12' title="bbox 1941 732 3504 824">
    <p class='ocr_par' dir='ltr' id='par_1_12' title="bbox 1975 732 3504 824">
     <span class='ocr_line' id='line_1_12' title="bbox 1975 732 3504 824; baseline 0.009 -19"><span class='ocrx_word' id='word_1_75' title='bbox 1975 732 2270 809; x_wconf 86' lang='lat' dir='ltr'><strong>visibilibus</strong></span> <span class='ocrx_word' id='word_1_76' title='bbox 2301 770 2461 824; x_wconf 89' lang='lat' dir='ltr'><strong>quam</strong></span> <span class='ocrx_word' id='word_1_77' title='bbox 2496 732 2873 812; x_wconf 77' lang='lat' dir='ltr'><strong>invisibilibus.</strong></span> <span class='ocrx_word' id='word_1_78' title='bbox 2904 732 3139 813; x_wconf 82' lang='lat' dir='ltr'><strong>Primum</strong></span> <span class='ocrx_word' id='word_1_79' title='bbox 3163 772 3340 816; x_wconf 89' lang='lat' dir='ltr'><strong>autem</strong></span> <span class='ocrx_word' id='word_1_80' title='bbox 3357 732 3504 818; x_wconf 82' lang='lat' dir='ltr'><strong>Deus</strong></span> 
     </span>
    </p>
   </div>
   <div class='ocr_carea' id='block_1_13' title="bbox 273 822 1836 916">
    <p class='ocr_par' dir='ltr' id='par_1_13' title="bbox 273 822 1836 909">
     <span class='ocr_line' id='line_1_13' title="bbox 273 822 1836 909; baseline 0.014 -37"><span class='ocrx_word' id='word_1_81' title='bbox 273 822 394 873; x_wconf 75' lang='grc' dir='ltr'><strong>καὶ</strong></span> <span class='ocrx_word' id='word_1_82' title='bbox 432 823 720 894; x_wconf 79' lang='grc' dir='ltr'><strong>κλαυθμοῦ</strong></span> <span class='ocrx_word' id='word_1_83' title='bbox 744 827 950 894; x_wconf 85' lang='grc' dir='ltr'>ἀκούει,</span> <span class='ocrx_word' id='word_1_84' title='bbox 973 825 1089 882; x_wconf 79' lang='grc' dir='ltr'>εἶτα</span> <span class='ocrx_word' id='word_1_85' title='bbox 1115 830 1367 901; x_wconf 82' lang='grc' dir='ltr'><strong>δεήσεως,</strong></span> <span class='ocrx_word' id='word_1_86' title='bbox 1392 834 1509 890; x_wconf 77' lang='grc' dir='ltr'>εἶτα</span> <span class='ocrx_word' id='word_1_87' title='bbox 1528 838 1625 908; x_wconf 85' lang='grc' dir='ltr'>τὴν</span> <span class='ocrx_word' id='word_1_88' title='bbox 1649 856 1836 909; x_wconf 70' lang='grc' dir='ltr'><strong>προσει⁴</strong></span> 
     </span>
    </p>
   </div>
   <div class='ocr_carea' id='block_1_14' title="bbox 1940 822 3503 916">
    <p class='ocr_par' dir='ltr' id='par_1_14' title="bbox 1972 822 3503 916">
     <span class='ocr_line' id='line_1_14' title="bbox 1972 822 3503 916; baseline 0.007 -21"><span class='ocrx_word' id='word_1_89' title='bbox 1972 857 2157 897; x_wconf 88' lang='lat' dir='ltr'><strong>vocem</strong></span> <span class='ocrx_word' id='word_1_90' title='bbox 2186 855 2242 898; x_wconf 90' lang='lat' dir='ltr'><strong>et</strong></span> <span class='ocrx_word' id='word_1_91' title='bbox 2261 822 2445 898; x_wconf 80' lang='lat' dir='ltr'><strong>ﬂetum</strong></span> <span class='ocrx_word' id='word_1_92' title='bbox 2477 846 2642 909; x_wconf 82' lang='lat' dir='ltr'><strong>audit,</strong></span> <span class='ocrx_word' id='word_1_93' title='bbox 2667 847 2855 901; x_wconf 90' lang='lat' dir='ltr'><strong>deinde</strong></span> <span class='ocrx_word' id='word_1_94' title='bbox 2877 849 3326 916; x_wconf 84' lang='lat' dir='ltr'><strong>deprecationem,</strong></span> <span class='ocrx_word' id='word_1_95' title='bbox 3352 853 3503 905; x_wconf 87' lang='lat' dir='ltr'><strong>deui-</strong></span> 
     </span>
    </p>
   </div>
   <div class='ocr_carea' id='block_1_15' title="bbox 271 909 1834 1003">
    <p class='ocr_par' dir='ltr' id='par_1_15' title="bbox 271 909 1734 984">
     <span class='ocr_line' id='line_1_15' title="bbox 271 909 1734 984; baseline 0.01 -23"><span class='ocrx_word' id='word_1_96' title='bbox 271 909 401 979; x_wconf 77' lang='grc' dir='ltr'>χὴν</span> <span class='ocrx_word' id='word_1_97' title='bbox 440 914 827 984; x_wconf 78' lang='grc' dir='ltr'>προσδέχεται.</span> <span class='ocrx_word' id='word_1_98' title='bbox 1724 970 1734 976; x_wconf 88' lang='grc'><strong>.</strong></span> 
     </span>
    </p>
   </div>
   <div class='ocr_carea' id='block_1_16' title="bbox 1099 909 2662 1003">
    <p class='ocr_par' dir='ltr' id='par_1_16' title="bbox 1724 935 2662 1003">
     <span class='ocr_line' id='line_1_16' title="bbox 1724 935 2662 1003; baseline 0.009 -21"><span class='ocrx_word' id='word_1_99' title='bbox 1724 970 1734 976; x_wconf 90' lang='grc'>.</span> <span class='ocrx_word' id='word_1_100' title='bbox 1971 947 2075 1001; x_wconf 89' lang='lat' dir='ltr'><strong>que</strong></span> <span class='ocrx_word' id='word_1_101' title='bbox 2096 935 2317 1003; x_wconf 89' lang='lat' dir='ltr'><strong>suscipit</strong></span> <span class='ocrx_word' id='word_1_102' title='bbox 2345 936 2662 990; x_wconf 88' lang='lat' dir='ltr'><strong>orationem.</strong></span> 
     </span>
    </p>
   </div>
   <div class='ocr_carea' id='block_1_17' title="bbox 362 1001 1925 1084">
    <p class='ocr_par' dir='ltr' id='par_1_17' title="bbox 362 1001 1870 1084">
     <span class='ocr_line' id='line_1_17' title="bbox 362 1001 1870 1084; baseline 0.013 -32"><span class='ocrx_word' id='word_1_103' title='bbox 362 1001 875 1072; x_wconf 73' lang='grc' dir='ltr'>Αἰσχυνοειήσαν</span> <span class='ocrx_word' id='word_1_104' title='bbox 900 1008 997 1060; x_wconf 78' lang='grc' dir='ltr'><strong>καὶ</strong></span> <span class='ocrx_word' id='word_1_105' title='bbox 1025 1014 1450 1080; x_wconf 78' lang='grc' dir='ltr'>ταραχθείησαν</span> <span class='ocrx_word' id='word_1_106' title='bbox 1470 1016 1699 1084; x_wconf 64' lang='grc' dir='ltr'>σφόδρα</span> <span class='ocrx_word' id='word_1_107' title='bbox 1723 1019 1870 1071; x_wconf 76' lang='grc' dir='ltr'><strong>πάν-ι</strong></span> 
     </span>
    </p>
   </div>
   <div class='ocr_carea' id='block_1_18' title="bbox 1943 1001 3506 1084">
    <p class='ocr_par' dir='ltr' id='par_1_18' title="bbox 2040 1001 3506 1083">
     <span class='ocr_line' id='line_1_18' title="bbox 2040 1001 3506 1083; baseline 0.003 -5"><span class='ocrx_word' id='word_1_108' title='bbox 2040 1021 2200 1078; x_wconf 70' lang='lat' dir='ltr'><strong>VBRS.</strong></span> <span class='ocrx_word' id='word_1_109' title='bbox 2243 1001 2327 1076; x_wconf 65' lang='grc' dir='ltr'><strong>Π.</strong></span> <span class='ocrx_word' id='word_1_110' title='bbox 2364 1023 2681 1080; x_wconf 77' lang='lat' dir='ltr'><strong>Erubescant</strong></span> <span class='ocrx_word' id='word_1_111' title='bbox 2709 1036 2756 1080; x_wconf 88' lang='lat' dir='ltr'><strong>et</strong></span> <span class='ocrx_word' id='word_1_112' title='bbox 2790 1027 3157 1080; x_wconf 85' lang='lat' dir='ltr'><strong>conturbentur</strong></span> <span class='ocrx_word' id='word_1_113' title='bbox 3193 1031 3506 1083; x_wconf 71' lang='lat' dir='ltr'><strong>vehementer</strong></span> 
     </span>
    </p>
   </div>
   <div class='ocr_carea' id='block_1_19' title="bbox 270 1091 1833 1183">
    <p class='ocr_par' dir='ltr' id='par_1_19' title="bbox 270 1091 1833 1176">
     <span class='ocr_line' id='line_1_19' title="bbox 270 1091 1833 1176; baseline 0.014 -38"><span class='ocrx_word' id='word_1_114' title='bbox 270 1102 395 1152; x_wconf 84' lang='grc' dir='ltr'><strong>τες</strong></span> <span class='ocrx_word' id='word_1_115' title='bbox 406 1092 467 1141; x_wconf 80' lang='grc' dir='ltr'>οἱ</span> <span class='ocrx_word' id='word_1_116' title='bbox 481 1091 694 1159; x_wconf 78' lang='grc' dir='ltr'>ἐχθροί</span> <span class='ocrx_word' id='word_1_117' title='bbox 702 1111 842 1161; x_wconf 83' lang='grc' dir='ltr'>μου,</span> <span class='ocrx_word' id='word_1_118' title='bbox 861 1113 915 1151; x_wconf 85' lang='grc' dir='ltr'><strong>κ.</strong></span> <span class='ocrx_word' id='word_1_119' title='bbox 932 1114 983 1151; x_wconf 88' lang='grc' dir='ltr'>τ.</span> <span class='ocrx_word' id='word_1_120' title='bbox 998 1098 1043 1149; x_wconf 82' lang='grc' dir='ltr'><strong>ὲ.</strong></span> <span class='ocrx_word' id='word_1_121' title='bbox 1060 1099 1121 1150; x_wconf 84' lang='grc' dir='ltr'><strong>Ἥ</strong></span> <span class='ocrx_word' id='word_1_122' title='bbox 1138 1101 1360 1172; x_wconf 78' lang='grc' dir='ltr'><strong>αἰσχύνη</strong></span> <span class='ocrx_word' id='word_1_123' title='bbox 1378 1104 1481 1173; x_wconf 71' lang='lat'><strong>(59)</strong></span> <span class='ocrx_word' id='word_1_124' title='bbox 1500 1106 1578 1167; x_wconf 81' lang='grc' dir='ltr'><strong>εἰς</strong></span> <span class='ocrx_word' id='word_1_125' title='bbox 1592 1108 1833 1176; x_wconf 62' lang='grc' dir='ltr'>συναίσθη</span> 
     </span>
    </p>
   </div>
   <div class='ocr_carea' id='block_1_20' title="bbox 1939 1091 3502 1183">
    <p class='ocr_par' dir='ltr' id='par_1_20' title="bbox 1970 1110 3502 1183">
     <span class='ocr_line' id='line_1_20' title="bbox 1970 1110 3502 1183; baseline 0.006 -22"><span class='ocrx_word' id='word_1_126' title='bbox 1970 1126 2141 1165; x_wconf 77' lang='lat' dir='ltr'><strong>omnes</strong></span> <span class='ocrx_word' id='word_1_127' title='bbox 2160 1110 2322 1181; x_wconf 77' lang='lat'><strong>580</strong></span> <span class='ocrx_word' id='word_1_128' title='bbox 2343 1114 2541 1166; x_wconf 80' lang='lat' dir='ltr'><strong>inimici</strong></span> <span class='ocrx_word' id='word_1_129' title='bbox 2580 1117 2697 1179; x_wconf 81' lang='lat' dir='ltr'><strong>mei,</strong></span> <span class='ocrx_word' id='word_1_130' title='bbox 2731 1124 2840 1170; x_wconf 87' lang='lat' dir='ltr'><strong>etc.</strong></span> <span class='ocrx_word' id='word_1_131' title='bbox 2876 1114 3054 1169; x_wconf 89' lang='lat' dir='ltr'><strong>Pudor</strong></span> <span class='ocrx_word' id='word_1_132' title='bbox 3090 1124 3400 1183; x_wconf 83' lang='lat' dir='ltr'><strong>peccantem</strong></span> <span class='ocrx_word' id='word_1_133' title='bbox 3439 1120 3502 1170; x_wconf 84' lang='lat' dir='ltr'><strong>ad</strong></span> 
     </span>
    </p>
   </div>
   <div class='ocr_carea' id='block_1_21' title="bbox 272 1177 1835 1275">
    <p class='ocr_par' dir='ltr' id='par_1_21' title="bbox 272 1177 1835 1264">
     <span class='ocr_line' id='line_1_21' title="bbox 272 1177 1835 1264; baseline 0.013 -38"><span class='ocrx_word' id='word_1_134' title='bbox 272 1190 380 1228; x_wconf 87' lang='grc' dir='ltr'><strong>σιν</strong></span> <span class='ocrx_word' id='word_1_135' title='bbox 420 1177 556 1245; x_wconf 84' lang='grc' dir='ltr'><strong>ἄγει</strong></span> <span class='ocrx_word' id='word_1_136' title='bbox 599 1180 693 1233; x_wconf 79' lang='grc' dir='ltr'><strong>τὸν</strong></span> <span class='ocrx_word' id='word_1_137' title='bbox 739 1184 1134 1253; x_wconf 82' lang='grc' dir='ltr'>ἁμαρτάνοντα.</span> <span class='ocrx_word' id='word_1_138' title='bbox 1178 1188 1480 1256; x_wconf 79' lang='grc' dir='ltr'><strong>Παύσασθε,</strong></span> <span class='ocrx_word' id='word_1_139' title='bbox 1527 1192 1705 1263; x_wconf 82' lang='grc' dir='ltr'>φησὶν,</span> <span class='ocrx_word' id='word_1_140' title='bbox 1750 1198 1835 1264; x_wconf 82' lang='grc' dir='ltr'><strong>ὲμι</strong></span> 
     </span>
    </p>
   </div>
   <div class='ocr_carea' id='block_1_22' title="bbox 1940 1177 3503 1275">
    <p class='ocr_par' dir='ltr' id='par_1_22' title="bbox 1969 1177 3503 1275">
     <span class='ocr_line' id='line_1_22' title="bbox 1969 1177 3503 1275; baseline 0.006 -24"><span class='ocrx_word' id='word_1_141' title='bbox 1969 1200 2050 1252; x_wconf 90' lang='lat' dir='ltr'><strong>sui</strong></span> <span class='ocrx_word' id='word_1_142' title='bbox 2082 1177 2245 1269; x_wconf 68' lang='lat' dir='ltr'><strong>ipsius</strong></span> <span class='ocrx_word' id='word_1_143' title='bbox 2275 1217 2484 1256; x_wconf 88' lang='lat' dir='ltr'><strong>sensum</strong></span> <span class='ocrx_word' id='word_1_144' title='bbox 2522 1212 2754 1258; x_wconf 82' lang='lat' dir='ltr'><strong>revocat.</strong></span> <span class='ocrx_word' id='word_1_145' title='bbox 2801 1204 3054 1269; x_wconf 86' lang='lat' dir='ltr'><strong>Desinite,</strong></span> <span class='ocrx_word' id='word_1_146' title='bbox 3115 1205 3317 1275; x_wconf 86' lang='lat' dir='ltr'><strong>inquit,</strong></span> <span class='ocrx_word' id='word_1_147' title='bbox 3376 1207 3503 1260; x_wconf 88' lang='lat' dir='ltr'><strong>mihi</strong></span> 
     </span>
    </p>
   </div>
   <div class='ocr_carea' id='block_1_23' title="bbox 265 1264 1828 1366">
    <p class='ocr_par' dir='ltr' id='par_1_23' title="bbox 265 1264 1828 1350">
     <span class='ocr_line' id='line_1_23' title="bbox 265 1264 1828 1350; baseline 0.013 -35"><span class='ocrx_word' id='word_1_148' title='bbox 265 1264 353 1315; x_wconf 68' lang='grc' dir='ltr'>τὰ</span> <span class='ocrx_word' id='word_1_149' title='bbox 394 1267 585 1339; x_wconf 55' lang='grc' dir='ltr'><strong>ένίεᾶδη</strong></span> <span class='ocrx_word' id='word_1_150' title='bbox 623 1272 1040 1341; x_wconf 81' lang='grc' dir='ltr'>προσφέροντες’</span> <span class='ocrx_word' id='word_1_151' title='bbox 1085 1275 1152 1329; x_wconf 80' lang='grc' dir='ltr'>τὰ</span> <span class='ocrx_word' id='word_1_152' title='bbox 1191 1280 1359 1332; x_wconf 75' lang='grc' dir='ltr'>οἰκεῖα</span> <span class='ocrx_word' id='word_1_153' title='bbox 1395 1281 1450 1333; x_wconf 85' lang='grc' dir='ltr'><strong>δὲ</strong></span> <span class='ocrx_word' id='word_1_154' title='bbox 1498 1281 1641 1335; x_wconf 79' lang='grc' dir='ltr'>κακὰ</span> <span class='ocrx_word' id='word_1_155' title='bbox 1668 1281 1828 1350; x_wconf 74' lang='grc' dir='ltr'>λογιζι</span> 
     </span>
    </p>
   </div>
   <div class='ocr_carea' id='block_1_24' title="bbox 1938 1264 3501 1366">
    <p class='ocr_par' dir='ltr' id='par_1_24' title="bbox 1968 1290 3501 1366">
     <span class='ocr_line' id='line_1_24' title="bbox 1968 1290 3501 1366; baseline 0.005 -24"><span class='ocrx_word' id='word_1_156' title='bbox 1968 1290 2205 1345; x_wconf 88' lang='lat' dir='ltr'><strong>convicia</strong></span> <span class='ocrx_word' id='word_1_157' title='bbox 2230 1291 2494 1361; x_wconf 83' lang='lat' dir='ltr'><strong>ingerere,</strong></span> <span class='ocrx_word' id='word_1_158' title='bbox 2524 1302 2577 1348; x_wconf 86' lang='lat' dir='ltr'><strong>et</strong></span> <span class='ocrx_word' id='word_1_159' title='bbox 2604 1295 2820 1364; x_wconf 89' lang='lat' dir='ltr'><strong>propria</strong></span> <span class='ocrx_word' id='word_1_160' title='bbox 2859 1295 2995 1349; x_wconf 88' lang='lat' dir='ltr'><strong>mala</strong></span> <span class='ocrx_word' id='word_1_161' title='bbox 3036 1307 3366 1364; x_wconf 83' lang='lat' dir='ltr'><strong>reputantes,</strong></span> <span class='ocrx_word' id='word_1_162' title='bbox 3399 1312 3501 1366; x_wconf 91' lang='lat' dir='ltr'><strong>pu-</strong></span> 
     </span>
    </p>
   </div>
   <div class='ocr_carea' id='block_1_25' title="bbox 270 1359 1833 1454">
    <p class='ocr_par' dir='ltr' id='par_1_25' title="bbox 270 1359 1833 1454">
     <span class='ocr_line' id='line_1_25' title="bbox 270 1359 1833 1454; baseline 0.013 -49"><span class='ocrx_word' id='word_1_163' title='bbox 270 1369 474 1454; x_wconf 69' lang='grc' dir='ltr'>μειιοι,</span> <span class='ocrx_word' id='word_1_164' title='bbox 510 1359 779 1428; x_wconf 76' lang='grc' dir='ltr'>αἰσχύνης</span> <span class='ocrx_word' id='word_1_165' title='bbox 811 1363 900 1415; x_wconf 75' lang='grc' dir='ltr'><strong>καὶ</strong></span> <span class='ocrx_word' id='word_1_166' title='bbox 933 1366 1174 1435; x_wconf 81' lang='grc' dir='ltr'>ταραχῆς</span> <span class='ocrx_word' id='word_1_167' title='bbox 1215 1368 1608 1439; x_wconf 84' lang='grc' dir='ltr'>ἀναπλήσθητε.</span> <span class='ocrx_word' id='word_1_168' title='bbox 1655 1372 1833 1426; x_wconf 85' lang='grc' dir='ltr'>Δίκαιο</span> 
     </span>
    </p>
   </div>
   <div class='ocr_carea' id='block_1_26' title="bbox 1942 1359 3505 1454">
    <p class='ocr_par' dir='ltr' id='par_1_26' title="bbox 1967 1359 3505 1454">
     <span class='ocr_line' id='line_1_26' title="bbox 1967 1359 3505 1454; baseline 0.006 -23"><span class='ocrx_word' id='word_1_169' title='bbox 1967 1380 2094 1433; x_wconf 89' lang='lat' dir='ltr'><strong>dore</strong></span> <span class='ocrx_word' id='word_1_170' title='bbox 2127 1388 2182 1434; x_wconf 92' lang='lat' dir='ltr'><strong>et</strong></span> <span class='ocrx_word' id='word_1_171' title='bbox 2208 1359 2619 1450; x_wconf 62' lang='lat' dir='ltr'><strong>perturbatione</strong></span> <span class='ocrx_word' id='word_1_172' title='bbox 2657 1359 2988 1454; x_wconf 40' lang='lat' dir='ltr'><strong>re-pleantiui.</strong></span> <span class='ocrx_word' id='word_1_173' title='bbox 3029 1359 3235 1439; x_wconf 81' lang='lat' dir='ltr'><strong>Justum</strong></span> <span class='ocrx_word' id='word_1_174' title='bbox 3279 1359 3505 1440; x_wconf 83' lang='lat' dir='ltr'><strong>enimet</strong></span> 
     </span>
    </p>
   </div>
   <div class='ocr_carea' id='block_1_27' title="bbox 264 1442 1827 1537">
    <p class='ocr_par' dir='ltr' id='par_1_27' title="bbox 264 1442 1383 1526">
     <span class='ocr_line' id='line_1_27' title="bbox 264 1442 1383 1526; baseline 0.015 -33"><span class='ocrx_word' id='word_1_175' title='bbox 264 1442 397 1508; x_wconf 68' lang='grc' dir='ltr'>γὰρ</span> <span class='ocrx_word' id='word_1_176' title='bbox 433 1446 538 1497; x_wconf 74' lang='grc' dir='ltr'><strong>καὶ</strong></span> <span class='ocrx_word' id='word_1_177' title='bbox 565 1447 799 1517; x_wconf 77' lang='grc' dir='ltr'>φοϐερὸν</span> <span class='ocrx_word' id='word_1_178' title='bbox 830 1451 890 1502; x_wconf 77' lang='grc' dir='ltr'>τὸ</span> <span class='ocrx_word' id='word_1_179' title='bbox 922 1454 1063 1506; x_wconf 86' lang='grc' dir='ltr'>θεῖον</span> <span class='ocrx_word' id='word_1_180' title='bbox 1089 1459 1383 1526; x_wconf 75' lang='grc' dir='ltr'>κριτήριον.</span> 
     </span>
    </p>
   </div>
   <div class='ocr_carea' id='block_1_28' title="bbox 1270 1442 2833 1537">
    <p class='ocr_par' dir='ltr' id='par_1_28' title="bbox 1270 1468 2833 1537">
     <span class='ocr_line' id='line_1_28' title="bbox 1270 1468 2833 1537; baseline 0.012 -29"><span class='ocrx_word' id='word_1_181' title='bbox 1270 1474 1383 1511; x_wconf 67' lang='grc' dir='ltr'>διον.</span> <span class='ocrx_word' id='word_1_182' title='bbox 1969 1468 2298 1521; x_wconf 88' lang='lat' dir='ltr'><strong>tremendum</strong></span> <span class='ocrx_word' id='word_1_183' title='bbox 2332 1479 2414 1523; x_wconf 89' lang='lat' dir='ltr'><strong>est</strong></span> <span class='ocrx_word' id='word_1_184' title='bbox 2443 1470 2533 1525; x_wconf 91' lang='lat' dir='ltr'><strong>Dei</strong></span> <span class='ocrx_word' id='word_1_185' title='bbox 2554 1471 2833 1537; x_wconf 85' lang='lat' dir='ltr'><strong>judicium.</strong></span> 
     </span>
    </p>
   </div>
   <div class='ocr_carea' id='block_1_29' title="bbox 370 1535 1933 1619">
    <p class='ocr_par' dir='ltr' id='par_1_29' title="bbox 370 1535 1867 1617">
     <span class='ocr_line' id='line_1_29' title="bbox 370 1535 1867 1617; baseline 0.013 -33"><span class='ocrx_word' id='word_1_186' title='bbox 370 1535 935 1606; x_wconf 63' lang='grc' dir='ltr'>Ἐπιστραρείησαν</span> <span class='ocrx_word' id='word_1_187' title='bbox 980 1544 1077 1596; x_wconf 81' lang='grc' dir='ltr'><strong>καὶ</strong></span> <span class='ocrx_word' id='word_1_188' title='bbox 1128 1547 1595 1614; x_wconf 73' lang='grc' dir='ltr'>αἰσχυνθείησαν</span> <span class='ocrx_word' id='word_1_189' title='bbox 1638 1550 1867 1617; x_wconf 70' lang='grc' dir='ltr'>σφόδρα</span> 
     </span>
    </p>
   </div>
   <div class='ocr_carea' id='block_1_30' title="bbox 1940 1535 3503 1619">
    <p class='ocr_par' dir='ltr' id='par_1_30' title="bbox 2037 1535 3503 1619">
     <span class='ocr_line' id='line_1_30' title="bbox 2037 1535 3503 1619; baseline 0.005 -11"><span class='ocrx_word' id='word_1_190' title='bbox 2037 1553 2199 1611; x_wconf 74' lang='lat' dir='ltr'><strong>Vsus.</strong></span> <span class='ocrx_word' id='word_1_191' title='bbox 2238 1557 2323 1612; x_wconf 79' lang='lat' dir='ltr'><strong>il.</strong></span> <span class='ocrx_word' id='word_1_192' title='bbox 2357 1535 2731 1615; x_wconf 77' lang='lat' dir='ltr'><strong>Convertuntur</strong></span> <span class='ocrx_word' id='word_1_193' title='bbox 2772 1572 2818 1615; x_wconf 88' lang='lat' dir='ltr'><strong>et</strong></span> <span class='ocrx_word' id='word_1_194' title='bbox 2859 1563 3160 1619; x_wconf 73' lang='lat' dir='ltr'><strong>erubescant</strong></span> <span class='ocrx_word' id='word_1_195' title='bbox 3199 1562 3346 1617; x_wconf 82' lang='lat' dir='ltr'><strong>valde</strong></span> <span class='ocrx_word' id='word_1_196' title='bbox 3377 1561 3503 1615; x_wconf 83' lang='lat' dir='ltr'><strong>velo-</strong></span> 
     </span>
    </p>
   </div>
   <div class='ocr_carea' id='block_1_31' title="bbox 264 1623 1827 1719">
    <p class='ocr_par' dir='ltr' id='par_1_31' title="bbox 264 1623 1827 1719">
     <span class='ocr_line' id='line_1_31' title="bbox 264 1623 1827 1719; baseline 0.012 -46"><span class='ocrx_word' id='word_1_197' title='bbox 264 1623 385 1719; x_wconf 55' lang='grc' dir='ltr'>ριᾲ</span> <span class='ocrx_word' id='word_1_198' title='bbox 413 1624 675 1694; x_wconf 83' lang='grc' dir='ltr'>τάχους,</span> <span class='ocrx_word' id='word_1_199' title='bbox 708 1646 759 1681; x_wconf 88' lang='grc' dir='ltr'><strong>κ.</strong></span> <span class='ocrx_word' id='word_1_200' title='bbox 779 1646 824 1682; x_wconf 90' lang='grc' dir='ltr'>τ.</span> <span class='ocrx_word' id='word_1_201' title='bbox 843 1633 890 1682; x_wconf 80' lang='grc' dir='ltr'><strong>ὲ.</strong></span> <span class='ocrx_word' id='word_1_202' title='bbox 938 1633 1060 1686; x_wconf 76' lang='grc' dir='ltr'><strong>Ἐὰν</strong></span> <span class='ocrx_word' id='word_1_203' title='bbox 1098 1636 1629 1707; x_wconf 72' lang='grc' dir='ltr'>νικήσωμεν(40),τὰ</span> <span class='ocrx_word' id='word_1_204' title='bbox 1649 1641 1827 1692; x_wconf 82' lang='grc' dir='ltr'>ἀντιπο</span> 
     </span>
    </p>
   </div>
   <div class='ocr_carea' id='block_1_32' title="bbox 1937 1623 3500 1719">
    <p class='ocr_par' dir='ltr' id='par_1_32' title="bbox 1966 1643 3500 1719">
     <span class='ocr_line' id='line_1_32' title="bbox 1966 1643 3500 1719; baseline 0.005 -24"><span class='ocrx_word' id='word_1_205' title='bbox 1966 1643 2111 1709; x_wconf 86' lang='lat' dir='ltr'><strong>citer,</strong></span> <span class='ocrx_word' id='word_1_206' title='bbox 2150 1654 2256 1701; x_wconf 89' lang='lat' dir='ltr'><strong>etc.</strong></span> <span class='ocrx_word' id='word_1_207' title='bbox 2288 1645 2342 1699; x_wconf 88' lang='lat' dir='ltr'><strong>Si</strong></span> <span class='ocrx_word' id='word_1_208' title='bbox 2367 1648 2596 1702; x_wconf 89' lang='lat' dir='ltr'><strong>victores</strong></span> <span class='ocrx_word' id='word_1_209' title='bbox 2623 1649 2919 1714; x_wconf 82' lang='lat' dir='ltr'><strong>evadimus,</strong></span> <span class='ocrx_word' id='word_1_210' title='bbox 2942 1665 3003 1705; x_wconf 87' lang='lat' dir='ltr'><strong>ea</strong></span> <span class='ocrx_word' id='word_1_211' title='bbox 3030 1665 3150 1719; x_wconf 62' lang='lat' dir='ltr'><strong>quae</strong></span> <span class='ocrx_word' id='word_1_212' title='bbox 3180 1660 3363 1704; x_wconf 89' lang='lat' dir='ltr'><strong>contra</strong></span> <span class='ocrx_word' id='word_1_213' title='bbox 3406 1665 3500 1703; x_wconf 85' lang='lat' dir='ltr'><strong>nos</strong></span> 
     </span>
    </p>
   </div>
   <div class='ocr_carea' id='block_1_33' title="bbox 263 1709 1826 1807">
    <p class='ocr_par' dir='ltr' id='par_1_33' title="bbox 263 1709 1826 1797">
     <span class='ocr_line' id='line_1_33' title="bbox 263 1709 1826 1797; baseline 0.013 -37"><span class='ocrx_word' id='word_1_214' title='bbox 263 1709 518 1763; x_wconf 80' lang='grc' dir='ltr'>λαιοντα</span> <span class='ocrx_word' id='word_1_215' title='bbox 550 1718 1021 1785; x_wconf 87' lang='grc' dir='ltr'>καταισχύνονται,</span> <span class='ocrx_word' id='word_1_216' title='bbox 1056 1723 1283 1791; x_wconf 83' lang='grc' dir='ltr'>μάλιστα</span> <span class='ocrx_word' id='word_1_217' title='bbox 1308 1726 1393 1777; x_wconf 84' lang='grc' dir='ltr'>ὅτε</span> <span class='ocrx_word' id='word_1_218' title='bbox 1421 1743 1500 1788; x_wconf 85' lang='grc' dir='ltr'>τις</span> <span class='ocrx_word' id='word_1_219' title='bbox 1529 1729 1557 1778; x_wconf 86' lang='grc' dir='ltr'><strong>ὁ</strong></span> <span class='ocrx_word' id='word_1_220' title='bbox 1587 1727 1826 1797; x_wconf 72' lang='grc' dir='ltr'>ἄνθρωπε</span> 
     </span>
    </p>
   </div>
   <div class='ocr_carea' id='block_1_34' title="bbox 1936 1709 3499 1807">
    <p class='ocr_par' dir='ltr' id='par_1_34' title="bbox 1962 1709 3499 1807">
     <span class='ocr_line' id='line_1_34' title="bbox 1962 1709 3499 1807; baseline 0.004 -24"><span class='ocrx_word' id='word_1_221' title='bbox 1962 1742 2216 1799; x_wconf 77' lang='lat' dir='ltr'><strong>pugnant,</strong></span> <span class='ocrx_word' id='word_1_222' title='bbox 2266 1736 2467 1803; x_wconf 90' lang='lat' dir='ltr'><strong>pudore</strong></span> <span class='ocrx_word' id='word_1_223' title='bbox 2529 1709 2969 1801; x_wconf 78' lang='lat' dir='ltr'><strong>confunduntur,</strong></span> <span class='ocrx_word' id='word_1_224' title='bbox 3030 1709 3325 1807; x_wconf 68' lang='lat' dir='ltr'><strong>praesertim</strong></span> <span class='ocrx_word' id='word_1_225' title='bbox 3379 1751 3499 1791; x_wconf 89' lang='lat' dir='ltr'><strong>cum</strong></span> 
     </span>
    </p>
   </div>
   <div class='ocr_carea' id='block_1_35' title="bbox 262 1798 1825 1894">
    <p class='ocr_par' dir='ltr' id='par_1_35' title="bbox 262 1798 1825 1885">
     <span class='ocr_line' id='line_1_35' title="bbox 262 1798 1825 1885; baseline 0.012 -37"><span class='ocrx_word' id='word_1_226' title='bbox 262 1798 501 1851; x_wconf 81' lang='grc' dir='ltr'>τούτων</span> <span class='ocrx_word' id='word_1_227' title='bbox 536 1803 807 1871; x_wconf 80' lang='grc' dir='ltr'>κρείττων</span> <span class='ocrx_word' id='word_1_228' title='bbox 840 1807 1167 1876; x_wconf 81' lang='grc' dir='ltr'>εὑρίσκεται,</span> <span class='ocrx_word' id='word_1_229' title='bbox 1201 1812 1294 1863; x_wconf 72' lang='grc' dir='ltr'>καὶ</span> <span class='ocrx_word' id='word_1_230' title='bbox 1324 1814 1562 1881; x_wconf 81' lang='grc' dir='ltr'>συγχέων</span> <span class='ocrx_word' id='word_1_231' title='bbox 1593 1804 1825 1885; x_wconf 64' lang='grc' dir='ltr'><strong>Δταρόισσε</strong></span> 
     </span>
    </p>
   </div>
   <div class='ocr_carea' id='block_1_36' title="bbox 1936 1798 3499 1894">
    <p class='ocr_par' dir='ltr' id='par_1_36' title="bbox 1965 1819 3499 1894">
     <span class='ocr_line' id='line_1_36' title="bbox 1965 1819 3499 1894; baseline 0.005 -23"><span class='ocrx_word' id='word_1_232' title='bbox 1965 1819 2120 1873; x_wconf 90' lang='lat' dir='ltr'><strong>homo</strong></span> <span class='ocrx_word' id='word_1_233' title='bbox 2149 1822 2413 1891; x_wconf 80' lang='lat' dir='ltr'><strong>quispiam</strong></span> <span class='ocrx_word' id='word_1_234' title='bbox 2445 1826 2529 1879; x_wconf 88' lang='lat' dir='ltr'><strong>his</strong></span> <span class='ocrx_word' id='word_1_235' title='bbox 2553 1825 2740 1880; x_wconf 85' lang='lat' dir='ltr'><strong>melior</strong></span> <span class='ocrx_word' id='word_1_236' title='bbox 2772 1826 3063 1894; x_wconf 88' lang='lat' dir='ltr'><strong>invenitur,</strong></span> <span class='ocrx_word' id='word_1_237' title='bbox 3090 1837 3144 1882; x_wconf 90' lang='lat' dir='ltr'><strong>et</strong></span> <span class='ocrx_word' id='word_1_238' title='bbox 3170 1826 3499 1882; x_wconf 82' lang='lat' dir='ltr'><strong>confundens</strong></span> 
     </span>
    </p>
   </div>
   <div class='ocr_carea' id='block_1_37' title="bbox 263 1886 1826 1981">
    <p class='ocr_par' dir='ltr' id='par_1_37' title="bbox 263 1886 1824 1971">
     <span class='ocr_line' id='line_1_37' title="bbox 263 1886 1824 1971; baseline 0.012 -34"><span class='ocrx_word' id='word_1_239' title='bbox 263 1886 423 1939; x_wconf 76' lang='grc' dir='ltr'>αὐτὰ</span> <span class='ocrx_word' id='word_1_240' title='bbox 459 1891 534 1959; x_wconf 75' lang='grc' dir='ltr'><strong>τῇ</strong></span> <span class='ocrx_word' id='word_1_241' title='bbox 564 1891 763 1944; x_wconf 79' lang='grc' dir='ltr'>ἑαυτοῦ</span> <span class='ocrx_word' id='word_1_242' title='bbox 797 1895 973 1966; x_wconf 80' lang='grc' dir='ltr'>σοφίᾳ,</span> <span class='ocrx_word' id='word_1_243' title='bbox 1005 1898 1156 1969; x_wconf 86' lang='grc' dir='ltr'>Τάχα</span> <span class='ocrx_word' id='word_1_244' title='bbox 1185 1900 1240 1952; x_wconf 84' lang='grc' dir='ltr'>δὲ</span> <span class='ocrx_word' id='word_1_245' title='bbox 1272 1901 1364 1953; x_wconf 75' lang='grc' dir='ltr'><strong>καὶ</strong></span> <span class='ocrx_word' id='word_1_246' title='bbox 1392 1902 1700 1971; x_wconf 70' lang='grc' dir='ltr'>ἐπιστρέφει</span> <span class='ocrx_word' id='word_1_247' title='bbox 1726 1905 1824 1956; x_wconf 83' lang='grc' dir='ltr'>αὐτ</span> 
     </span>
    </p>
   </div>
   <div class='ocr_carea' id='block_1_38' title="bbox 1938 1886 3501 1981">
    <p class='ocr_par' dir='ltr' id='par_1_38' title="bbox 1962 1886 3501 1981">
     <span class='ocr_line' id='line_1_38' title="bbox 1962 1886 3501 1981; baseline 0.007 -22"><span class='ocrx_word' id='word_1_248' title='bbox 1962 1920 2023 1959; x_wconf 89' lang='lat' dir='ltr'><strong>ea</strong></span> <span class='ocrx_word' id='word_1_249' title='bbox 2050 1886 2325 1975; x_wconf 77' lang='lat' dir='ltr'><strong>perturbat</strong></span> <span class='ocrx_word' id='word_1_250' title='bbox 2349 1915 2610 1981; x_wconf 87' lang='lat' dir='ltr'><strong>sapientia</strong></span> <span class='ocrx_word' id='word_1_251' title='bbox 2653 1932 2771 1970; x_wconf 88' lang='lat' dir='ltr'><strong>sua.</strong></span> <span class='ocrx_word' id='word_1_252' title='bbox 2817 1917 2975 1971; x_wconf 86' lang='lat' dir='ltr'><strong>Forte</strong></span> <span class='ocrx_word' id='word_1_253' title='bbox 3019 1886 3179 1970; x_wconf 73' lang='lat' dir='ltr'><strong>etiam</strong></span> <span class='ocrx_word' id='word_1_254' title='bbox 3226 1916 3421 1970; x_wconf 85' lang='lat' dir='ltr'><strong>accidit</strong></span> <span class='ocrx_word' id='word_1_255' title='bbox 3443 1924 3501 1970; x_wconf 86' lang='lat' dir='ltr'><strong>ut</strong></span> 
     </span>
    </p>
   </div>
   <div class='ocr_carea' id='block_1_39' title="bbox 261 1976 1824 2070">
    <p class='ocr_par' dir='ltr' id='par_1_39' title="bbox 261 1976 1650 2056">
     <span class='ocr_line' id='line_1_39' title="bbox 261 1976 1650 2056; baseline 0.012 -31"><span class='ocrx_word' id='word_1_256' title='bbox 261 1976 683 2045; x_wconf 73' lang='grc' dir='ltr'>αἰσχυνθέντα,</span> <span class='ocrx_word' id='word_1_257' title='bbox 712 1982 806 2035; x_wconf 71' lang='grc' dir='ltr'><strong>καὶ</strong></span> <span class='ocrx_word' id='word_1_258' title='bbox 834 1985 1039 2053; x_wconf 84' lang='grc' dir='ltr'>ταχέως</span> <span class='ocrx_word' id='word_1_259' title='bbox 1066 1989 1094 2039; x_wconf 89' lang='grc' dir='ltr'>ὁ</span> <span class='ocrx_word' id='word_1_260' title='bbox 1123 1987 1275 2056; x_wconf 76' lang='grc' dir='ltr'>ἅγιος</span> <span class='ocrx_word' id='word_1_261' title='bbox 1314 1988 1468 2041; x_wconf 86' lang='grc' dir='ltr'>τοῦτο</span> <span class='ocrx_word' id='word_1_262' title='bbox 1493 1993 1650 2042; x_wconf 86' lang='grc' dir='ltr'>ποιεῖ.</span> 
     </span>
    </p>
   </div>
   <div class='ocr_carea' id='block_1_40' title="bbox 1936 1976 3499 2070">
    <p class='ocr_par' dir='ltr' id='par_1_40' title="bbox 1962 1976 3499 2070">
     <span class='ocr_line' id='line_1_40' title="bbox 1962 1976 3499 2070; baseline 0.007 -22"><span class='ocrx_word' id='word_1_263' title='bbox 1962 2009 2024 2048; x_wconf 85' lang='lat' dir='ltr'><strong>ea</strong></span> <span class='ocrx_word' id='word_1_264' title='bbox 2050 1996 2329 2062; x_wconf 81' lang='lat' dir='ltr'><strong>pudefacta</strong></span> <span class='ocrx_word' id='word_1_265' title='bbox 2358 1976 2660 2058; x_wconf 71' lang='lat' dir='ltr'><strong>convertat.</strong></span> <span class='ocrx_word' id='word_1_266' title='bbox 2703 2005 2840 2070; x_wconf 83' lang='lat' dir='ltr'><strong>Quin</strong></span> <span class='ocrx_word' id='word_1_267' title='bbox 2882 2015 2936 2061; x_wconf 88' lang='lat' dir='ltr'><strong>et</strong></span> <span class='ocrx_word' id='word_1_268' title='bbox 2977 2015 3197 2060; x_wconf 86' lang='lat' dir='ltr'><strong>sanctus</strong></span> <span class='ocrx_word' id='word_1_269' title='bbox 3251 2005 3358 2060; x_wconf 86' lang='lat' dir='ltr'><strong>cito</strong></span> <span class='ocrx_word' id='word_1_270' title='bbox 3396 2005 3499 2059; x_wconf 87' lang='lat' dir='ltr'><strong>hoc</strong></span> 
     </span>
    </p>
   </div>
   <div class='ocr_carea' id='block_1_41' title="bbox 1963 2093 2200 2150">
    <p class='ocr_par' dir='ltr' id='par_1_41' title="bbox 1963 2093 2200 2150">
     <span class='ocr_line' id='line_1_41' title="bbox 1963 2093 2200 2150; baseline 0.017 -17"><span class='ocrx_word' id='word_1_271' title='bbox 1963 2093 2200 2150; x_wconf 81' lang='lat' dir='ltr'><strong>praestat.</strong></span> 
     </span>
    </p>
   </div>
   <div class='ocr_carea' id='block_1_42' title="bbox 348 2152 1911 2246">
    <p class='ocr_par' dir='ltr' id='par_1_42' title="bbox 348 2152 1866 2232">
     <span class='ocr_line' id='line_1_42' title="bbox 348 2152 1866 2232; baseline 0.008 -28"><span class='ocrx_word' id='word_1_272' title='bbox 348 2152 477 2206; x_wconf 86' lang='grc' dir='ltr'><strong>Τοῦ</strong></span> <span class='ocrx_word' id='word_1_273' title='bbox 506 2156 723 2210; x_wconf 82' lang='grc' dir='ltr'>αὐτοῦ.</span> <span class='ocrx_word' id='word_1_274' title='bbox 750 2157 983 2228; x_wconf 82' lang='grc' dir='ltr'>Νοήσεις</span> <span class='ocrx_word' id='word_1_275' title='bbox 1009 2163 1175 2214; x_wconf 88' lang='grc' dir='ltr'>ταῦτα</span> <span class='ocrx_word' id='word_1_276' title='bbox 1201 2161 1447 2228; x_wconf 82' lang='grc' dir='ltr'>λέγεσθαι</span> <span class='ocrx_word' id='word_1_277' title='bbox 1476 2164 1567 2215; x_wconf 74' lang='grc' dir='ltr'><strong>καὶ</strong></span> <span class='ocrx_word' id='word_1_278' title='bbox 1591 2163 1724 2232; x_wconf 78' lang='grc' dir='ltr'>πρὸς</span> <span class='ocrx_word' id='word_1_279' title='bbox 1742 2162 1866 2225; x_wconf 81' lang='grc' dir='ltr'>τοὺς</span> 
     </span>
    </p>
   </div>
   <div class='ocr_carea' id='block_1_43' title="bbox 1934 2152 3497 2246">
    <p class='ocr_par' dir='ltr' id='par_1_43' title="bbox 2031 2165 3497 2246">
     <span class='ocr_line' id='line_1_43' title="bbox 2031 2165 3497 2246; baseline 0.008 -29"><span class='ocrx_word' id='word_1_280' title='bbox 2031 2165 2300 2233; x_wconf 80' lang='lat' dir='ltr'><strong>Ejusdem.</strong></span> <span class='ocrx_word' id='word_1_281' title='bbox 2337 2172 2459 2228; x_wconf 65' lang='lat' dir='ltr'><strong>llaec</strong></span> <span class='ocrx_word' id='word_1_282' title='bbox 2491 2176 2652 2229; x_wconf 89' lang='lat' dir='ltr'><strong>etiam</strong></span> <span class='ocrx_word' id='word_1_283' title='bbox 2688 2177 2790 2231; x_wconf 88' lang='lat' dir='ltr'><strong>dici</strong></span> <span class='ocrx_word' id='word_1_284' title='bbox 2825 2178 3036 2246; x_wconf 87' lang='lat' dir='ltr'><strong>putabis</strong></span> <span class='ocrx_word' id='word_1_285' title='bbox 3081 2179 3337 2231; x_wconf 88' lang='lat' dir='ltr'><strong>adversus</strong></span> <span class='ocrx_word' id='word_1_286' title='bbox 3361 2176 3497 2230; x_wconf 24' lang='lat' dir='ltr'><strong>invi-1</strong></span> 
     </span>
    </p>
   </div>
   <div class='ocr_carea' id='block_1_44' title="bbox 257 2241 1820 2335">
    <p class='ocr_par' dir='ltr' id='par_1_44' title="bbox 257 2241 1820 2320">
     <span class='ocr_line' id='line_1_44' title="bbox 257 2241 1820 2320; baseline 0.006 -29"><span class='ocrx_word' id='word_1_287' title='bbox 257 2241 373 2309; x_wconf 74' lang='grc' dir='ltr'>τὴν</span> <span class='ocrx_word' id='word_1_288' title='bbox 431 2246 793 2316; x_wconf 80' lang='grc' dir='ltr'>κατασκευὴν</span> <span class='ocrx_word' id='word_1_289' title='bbox 842 2249 988 2318; x_wconf 80' lang='grc' dir='ltr'>αὐτῷ</span> <span class='ocrx_word' id='word_1_290' title='bbox 1042 2251 1546 2320; x_wconf 78' lang='grc' dir='ltr'>κατεργασαμένους</span> <span class='ocrx_word' id='word_1_291' title='bbox 1602 2251 1820 2319; x_wconf 78' lang='grc' dir='ltr'>ἁοράτοι</span> 
     </span>
    </p>
   </div>
   <div class='ocr_carea' id='block_1_45' title="bbox 1935 2241 3498 2335">
    <p class='ocr_par' dir='ltr' id='par_1_45' title="bbox 1959 2241 3498 2335">
     <span class='ocr_line' id='line_1_45' title="bbox 1959 2241 3498 2335; baseline 0.008 -30"><span class='ocrx_word' id='word_1_292' title='bbox 1959 2254 2142 2309; x_wconf 84' lang='lat' dir='ltr'><strong>sibiles</strong></span> <span class='ocrx_word' id='word_1_293' title='bbox 2177 2259 2378 2324; x_wconf 89' lang='lat' dir='ltr'><strong>hostes,</strong></span> <span class='ocrx_word' id='word_1_294' title='bbox 2415 2262 2505 2333; x_wconf 89' lang='lat' dir='ltr'><strong>qui</strong></span> <span class='ocrx_word' id='word_1_295' title='bbox 2535 2265 2769 2332; x_wconf 79' lang='lat' dir='ltr'><strong>divinum</strong></span> <span class='ocrx_word' id='word_1_296' title='bbox 2811 2241 2926 2335; x_wconf 81' lang='lat' dir='ltr'><strong>ejus</strong></span> <span class='ocrx_word' id='word_1_297' title='bbox 2971 2280 3311 2333; x_wconf 88' lang='lat' dir='ltr'><strong>progressum</strong></span> <span class='ocrx_word' id='word_1_298' title='bbox 3361 2266 3498 2320; x_wconf 84' lang='lat' dir='ltr'><strong>iuvi-</strong></span> 
     </span>
    </p>
   </div>
   <div class='ocr_carea' id='block_1_46' title="bbox 260 2328 1823 2421">
    <p class='ocr_par' dir='ltr' id='par_1_46' title="bbox 260 2328 1823 2409">
     <span class='ocr_line' id='line_1_46' title="bbox 260 2328 1823 2409; baseline 0.004 -26"><span class='ocrx_word' id='word_1_299' title='bbox 260 2328 521 2399; x_wconf 62' lang='grc' dir='ltr'>ὲχθροὺς</span> <span class='ocrx_word' id='word_1_300' title='bbox 562 2332 1054 2405; x_wconf 77' lang='grc' dir='ltr'>διαφθονουμένους</span> <span class='ocrx_word' id='word_1_301' title='bbox 1089 2342 1151 2409; x_wconf 83' lang='grc' dir='ltr'>τῇ</span> <span class='ocrx_word' id='word_1_302' title='bbox 1198 2339 1334 2392; x_wconf 74' lang='grc' dir='ltr'>κατὰ</span> <span class='ocrx_word' id='word_1_303' title='bbox 1367 2339 1496 2391; x_wconf 83' lang='grc' dir='ltr'>Θεὸν</span> <span class='ocrx_word' id='word_1_304' title='bbox 1526 2338 1685 2391; x_wconf 82' lang='grc' dir='ltr'>αὑτοῦ</span> <span class='ocrx_word' id='word_1_305' title='bbox 1730 2354 1823 2408; x_wconf 74' lang='grc' dir='ltr'><strong>πρε</strong></span> 
     </span>
    </p>
   </div>
   <div class='ocr_carea' id='block_1_47' title="bbox 1933 2328 3496 2421">
    <p class='ocr_par' dir='ltr' id='par_1_47' title="bbox 1961 2328 3496 2421">
     <span class='ocr_line' id='line_1_47' title="bbox 1961 2328 3496 2421; baseline 0.011 -30"><span class='ocrx_word' id='word_1_306' title='bbox 1961 2339 2163 2406; x_wconf 87' lang='lat' dir='ltr'><strong>dentes,</strong></span> <span class='ocrx_word' id='word_1_307' title='bbox 2197 2344 2414 2402; x_wconf 88' lang='lat' dir='ltr'><strong>insidias</strong></span> <span class='ocrx_word' id='word_1_308' title='bbox 2432 2328 2490 2404; x_wconf 72' lang='lat' dir='ltr'><strong>ei</strong></span> <span class='ocrx_word' id='word_1_309' title='bbox 2534 2328 2863 2415; x_wconf 58' lang='lat' dir='ltr'><strong>struierunt,</strong></span> <span class='ocrx_word' id='word_1_310' title='bbox 2896 2363 2949 2405; x_wconf 92' lang='lat' dir='ltr'><strong>et</strong></span> <span class='ocrx_word' id='word_1_311' title='bbox 2971 2328 3103 2421; x_wconf 65' lang='lat' dir='ltr'><strong>post</strong></span> <span class='ocrx_word' id='word_1_312' title='bbox 3138 2352 3252 2420; x_wconf 86' lang='lat' dir='ltr'><strong>ejus</strong></span> <span class='ocrx_word' id='word_1_313' title='bbox 3304 2366 3496 2421; x_wconf 85' lang='lat' dir='ltr'><strong>pecca-</strong></span> 
     </span>
    </p>
   </div>
   <div class='ocr_carea' id='block_1_48' title="bbox 260 2422 1823 2510">
    <p class='ocr_par' dir='ltr' id='par_1_48' title="bbox 260 2422 1823 2498">
     <span class='ocr_line' id='line_1_48' title="bbox 260 2422 1823 2498; baseline 0.01 -29"><span class='ocrx_word' id='word_1_314' title='bbox 260 2422 449 2488; x_wconf 76' lang='grc' dir='ltr'>κοπῇ,</span> <span class='ocrx_word' id='word_1_315' title='bbox 491 2423 594 2474; x_wconf 74' lang='grc' dir='ltr'><strong>καὶ</strong></span> <span class='ocrx_word' id='word_1_316' title='bbox 629 2425 768 2491; x_wconf 82' lang='grc' dir='ltr'>μετὰ</span> <span class='ocrx_word' id='word_1_317' title='bbox 797 2427 895 2498; x_wconf 73' lang='grc' dir='ltr'>τὴν</span> <span class='ocrx_word' id='word_1_318' title='bbox 950 2429 1220 2498; x_wconf 82' lang='grc' dir='ltr'>ἁμαρτίαν</span> <span class='ocrx_word' id='word_1_319' title='bbox 1270 2429 1654 2493; x_wconf 73' lang='grc' dir='ltr'>ἐπιϐαίνοντας,</span> <span class='ocrx_word' id='word_1_320' title='bbox 1689 2429 1745 2481; x_wconf 82' lang='grc' dir='ltr'>ὲν</span> <span class='ocrx_word' id='word_1_321' title='bbox 1780 2423 1823 2478; x_wconf 63' lang='grc' dir='ltr'>οἳ</span> 
     </span>
    </p>
   </div>
   <div class='ocr_carea' id='block_1_49' title="bbox 1932 2422 3495 2510">
    <p class='ocr_par' dir='ltr' id='par_1_49' title="bbox 1959 2430 3495 2510">
     <span class='ocr_line' id='line_1_49' title="bbox 1959 2430 3495 2510; baseline 0.012 -32"><span class='ocrx_word' id='word_1_322' title='bbox 1959 2435 2067 2480; x_wconf 85' lang='grc' dir='ltr'>ιυιη</span> <span class='ocrx_word' id='word_1_323' title='bbox 2090 2430 2414 2489; x_wconf 84' lang='lat' dir='ltr'><strong>iusultabant</strong></span> <span class='ocrx_word' id='word_1_324' title='bbox 2445 2437 2684 2493; x_wconf 85' lang='lat' dir='ltr'><strong>dicentes</strong></span> <span class='ocrx_word' id='word_1_325' title='bbox 2715 2437 2759 2470; x_wconf 74' lang='grc' dir='ltr'><strong>θ’</strong></span> <span class='ocrx_word' id='word_1_326' title='bbox 2792 2455 2807 2493; x_wconf 88' lang='lat'><strong>:</strong></span> <span class='ocrx_word' id='word_1_327' title='bbox 2844 2457 2862 2491; x_wconf 87' lang='grc' dir='ltr'><strong>ι</strong></span> <span class='ocrx_word' id='word_1_328' title='bbox 2893 2437 3005 2493; x_wconf 71' lang='lat' dir='ltr'><strong>Non</strong></span> <span class='ocrx_word' id='word_1_329' title='bbox 3039 2448 3121 2494; x_wconf 88' lang='lat' dir='ltr'><strong>est</strong></span> <span class='ocrx_word' id='word_1_330' title='bbox 3146 2439 3287 2494; x_wconf 86' lang='lat' dir='ltr'><strong>salus</strong></span> <span class='ocrx_word' id='word_1_331' title='bbox 3316 2440 3416 2510; x_wconf 88' lang='lat' dir='ltr'><strong>ipsi</strong></span> <span class='ocrx_word' id='word_1_332' title='bbox 3443 2440 3495 2495; x_wconf 91' lang='lat' dir='ltr'><strong>iu</strong></span> 
     </span>
    </p>
   </div>
   <div class='ocr_carea' id='block_1_50' title="bbox 258 2506 2291 2589">
    <p class='ocr_par' dir='ltr' id='par_1_50' title="bbox 258 2506 2291 2589">
     <span class='ocr_line' id='line_1_50' title="bbox 258 2506 2291 2589; baseline 0.008 -30"><span class='ocrx_word' id='word_1_333' title='bbox 258 2506 489 2576; x_wconf 69' lang='grc' dir='ltr'>ελεγον·</span> <span class='ocrx_word' id='word_1_334' title='bbox 525 2528 545 2562; x_wconf 77' lang='grc' dir='ltr'><strong>ι</strong></span> <span class='ocrx_word' id='word_1_335' title='bbox 572 2512 690 2564; x_wconf 74' lang='grc' dir='ltr'><strong>Οὐκ</strong></span> <span class='ocrx_word' id='word_1_336' title='bbox 719 2512 831 2566; x_wconf 82' lang='grc' dir='ltr'>ἔστι</span> <span class='ocrx_word' id='word_1_337' title='bbox 865 2517 1107 2587; x_wconf 85' lang='grc' dir='ltr'>σωτηρία</span> <span class='ocrx_word' id='word_1_338' title='bbox 1136 2517 1280 2586; x_wconf 84' lang='grc' dir='ltr'><strong>αύτῴ</strong></span> <span class='ocrx_word' id='word_1_339' title='bbox 1313 2518 1369 2570; x_wconf 84' lang='grc' dir='ltr'>ὲν</span> <span class='ocrx_word' id='word_1_340' title='bbox 1395 2516 1470 2586; x_wconf 82' lang='grc' dir='ltr'><strong>τῷ</strong></span> <span class='ocrx_word' id='word_1_341' title='bbox 1497 2517 1612 2589; x_wconf 82' lang='grc' dir='ltr'><strong>Θεῷ</strong></span> <span class='ocrx_word' id='word_1_342' title='bbox 1641 2516 1855 2570; x_wconf 78' lang='grc' dir='ltr'>αὑτοῦ.»</span> <span class='ocrx_word' id='word_1_343' title='bbox 1969 2516 2072 2570; x_wconf 86' lang='lat' dir='ltr'><strong>Deo</strong></span> <span class='ocrx_word' id='word_1_344' title='bbox 2097 2518 2230 2586; x_wconf 86' lang='lat' dir='ltr'><strong>ejus.</strong></span> <span class='ocrx_word' id='word_1_345' title='bbox 2270 2539 2291 2575; x_wconf 69' lang='grc' dir='ltr'><strong>ι</strong></span> 
     </span>
    </p>
   </div>
   <div class='ocr_carea' id='block_1_51' title="bbox 1107 2735 2708 2801">
    <p class='ocr_par' dir='ltr' id='par_1_51' title="bbox 1107 2735 2708 2801">
     <span class='ocr_line' id='line_1_51' title="bbox 1107 2735 2708 2801; baseline 0.007 -13"><span class='ocrx_word' id='word_1_346' title='bbox 1107 2735 1197 2788; x_wconf 77' lang='lat' dir='ltr'><strong>EX</strong></span> <span class='ocrx_word' id='word_1_347' title='bbox 1228 2735 1747 2791; x_wconf 79' lang='lat' dir='ltr'><strong>COMMENTARIIS</strong></span> <span class='ocrx_word' id='word_1_348' title='bbox 1779 2736 2102 2792; x_wconf 78' lang='lat' dir='ltr'><strong>ORIGENIS</strong></span> <span class='ocrx_word' id='word_1_349' title='bbox 2142 2739 2204 2793; x_wconf 86' lang='lat' dir='ltr'><strong>IN</strong></span> <span class='ocrx_word' id='word_1_350' title='bbox 2241 2738 2572 2799; x_wconf 76' lang='lat' dir='ltr'><strong>PSALMUM</strong></span> <span class='ocrx_word' id='word_1_351' title='bbox 2620 2743 2708 2801; x_wconf 84' lang='lat' dir='ltr'><strong>Vl.</strong></span> 
     </span>
    </p>
   </div>
   <div class='ocr_carea' id='block_1_52' title="bbox 347 2975 3494 3063">
    <p class='ocr_par' dir='ltr' id='par_1_52' title="bbox 347 2975 3494 3063">
     <span class='ocr_line' id='line_1_52' title="bbox 347 2975 3494 3063; baseline 0.005 -33"><span class='ocrx_word' id='word_1_352' title='bbox 347 2975 645 3032; x_wconf 52' lang='lat' dir='ltr'><strong>Possibile</strong></span> <span class='ocrx_word' id='word_1_353' title='bbox 676 2975 786 3046; x_wconf 73' lang='grc' dir='ltr'><strong>(Η)</strong></span> <span class='ocrx_word' id='word_1_354' title='bbox 813 2987 894 3030; x_wconf 87' lang='lat' dir='ltr'><strong>est</strong></span> <span class='ocrx_word' id='word_1_355' title='bbox 914 2979 1263 3035; x_wconf 88' lang='lat' dir='ltr'><strong>considerare</strong></span> <span class='ocrx_word' id='word_1_356' title='bbox 1287 2996 1352 3035; x_wconf 81' lang='lat' dir='ltr'><strong>ex</strong></span> <span class='ocrx_word' id='word_1_357' title='bbox 1381 2982 1466 3036; x_wconf 91' lang='lat' dir='ltr'><strong>his</strong></span> <span class='ocrx_word' id='word_1_358' title='bbox 1505 2982 1735 3037; x_wconf 80' lang='lat' dir='ltr'><strong>maxime</strong></span> <span class='ocrx_word' id='word_1_359' title='bbox 1756 2982 2048 3050; x_wconf 88' lang='lat' dir='ltr'><strong>doloribus,</strong></span> <span class='ocrx_word' id='word_1_360' title='bbox 2071 3000 2206 3054; x_wconf 87' lang='lat' dir='ltr'><strong>quos</strong></span> <span class='ocrx_word' id='word_1_361' title='bbox 2237 2986 2291 3040; x_wconf 89' lang='lat' dir='ltr'><strong>in</strong></span> <span class='ocrx_word' id='word_1_362' title='bbox 2316 2988 2420 3043; x_wconf 92' lang='lat' dir='ltr'><strong>boc</strong></span> <span class='ocrx_word' id='word_1_363' title='bbox 2443 3003 2669 3056; x_wconf 90' lang='lat' dir='ltr'><strong>corpore</strong></span> <span class='ocrx_word' id='word_1_364' title='bbox 2690 2991 2847 3058; x_wconf 89' lang='lat' dir='ltr'><strong>positi</strong></span> <span class='ocrx_word' id='word_1_365' title='bbox 2870 2994 3150 3057; x_wconf 82' lang='lat' dir='ltr'><strong>sentimus,</strong></span> <span class='ocrx_word' id='word_1_366' title='bbox 3188 2994 3277 3063; x_wconf 64' lang='lat' dir='ltr'><strong>qui</strong></span> <span class='ocrx_word' id='word_1_367' title='bbox 3308 3008 3494 3063; x_wconf 83' lang='lat' dir='ltr'><strong>quam-</strong></span> 
     </span>
    </p>
   </div>
   <div class='ocr_carea' id='block_1_53' title="bbox 251 3067 3493 3147">
    <p class='ocr_par' dir='ltr' id='par_1_53' title="bbox 251 3067 3493 3147">
     <span class='ocr_line' id='line_1_53' title="bbox 251 3067 3493 3147; baseline 0.004 -24"><span class='ocrx_word' id='word_1_368' title='bbox 251 3072 342 3124; x_wconf 79' lang='lat' dir='ltr'><strong>vis</strong></span> <span class='ocrx_word' id='word_1_369' title='bbox 387 3067 597 3135; x_wconf 83' lang='lat' dir='ltr'><strong>magni</strong></span> <span class='ocrx_word' id='word_1_370' title='bbox 625 3067 758 3129; x_wconf 88' lang='lat' dir='ltr'><strong>sint,</strong></span> <span class='ocrx_word' id='word_1_371' title='bbox 790 3069 967 3122; x_wconf 73' lang='lat' dir='ltr'><strong>brevis</strong></span> <span class='ocrx_word' id='word_1_372' title='bbox 997 3078 1142 3123; x_wconf 90' lang='lat' dir='ltr'><strong>certe</strong></span> <span class='ocrx_word' id='word_1_373' title='bbox 1169 3079 1295 3123; x_wconf 89' lang='lat' dir='ltr'><strong>sunt</strong></span> <span class='ocrx_word' id='word_1_374' title='bbox 1322 3072 1595 3139; x_wconf 83' lang='lat' dir='ltr'><strong>temporis,</strong></span> <span class='ocrx_word' id='word_1_375' title='bbox 1623 3087 1719 3139; x_wconf 92' lang='lat' dir='ltr'><strong>pro</strong></span> <span class='ocrx_word' id='word_1_376' title='bbox 1738 3086 1804 3126; x_wconf 89' lang='lat' dir='ltr'><strong>eo</strong></span> <span class='ocrx_word' id='word_1_377' title='bbox 1833 3076 1973 3140; x_wconf 89' lang='lat' dir='ltr'><strong>quod</strong></span> <span class='ocrx_word' id='word_1_378' title='bbox 2002 3074 2046 3127; x_wconf 87' lang='lat' dir='ltr'><strong>si</strong></span> <span class='ocrx_word' id='word_1_379' title='bbox 2072 3075 2228 3142; x_wconf 88' lang='lat' dir='ltr'><strong>paulo</strong></span> <span class='ocrx_word' id='word_1_380' title='bbox 2254 3076 2679 3133; x_wconf 84' lang='lat' dir='ltr'><strong>vehementiores</strong></span> <span class='ocrx_word' id='word_1_381' title='bbox 2706 3080 3026 3143; x_wconf 78' lang='lat' dir='ltr'><strong>exstiterint,</strong></span> <span class='ocrx_word' id='word_1_382' title='bbox 3058 3083 3493 3147; x_wconf 26' lang='lat' dir='ltr'><strong>continuo‘etiam</strong></span> 
     </span>
    </p>
   </div>
   <div class='ocr_carea' id='block_1_54' title="bbox 251 3158 3491 3239">
    <p class='ocr_par' dir='ltr' id='par_1_54' title="bbox 251 3158 3491 3239">
     <span class='ocr_line' id='line_1_54' title="bbox 251 3158 3491 3239; baseline 0.004 -25"><span class='ocrx_word' id='word_1_383' title='bbox 251 3164 387 3214; x_wconf 70' lang='lat' dir='ltr'><strong>vita:</strong></span> <span class='ocrx_word' id='word_1_384' title='bbox 412 3159 669 3213; x_wconf 87' lang='lat' dir='ltr'><strong>celerem</strong></span> <span class='ocrx_word' id='word_1_385' title='bbox 697 3158 932 3213; x_wconf 78' lang='lat' dir='ltr'><strong>inferunt</strong></span> <span class='ocrx_word' id='word_1_386' title='bbox 962 3159 1140 3212; x_wconf 84' lang='lat' dir='ltr'><strong>tinem.</strong></span> <span class='ocrx_word' id='word_1_387' title='bbox 1181 3160 1419 3228; x_wconf 89' lang='lat' dir='ltr'><strong>Denique</strong></span> <span class='ocrx_word' id='word_1_388' title='bbox 1458 3162 1628 3226; x_wconf 91' lang='lat' dir='ltr'><strong>multi,</strong></span> <span class='ocrx_word' id='word_1_389' title='bbox 1659 3163 1703 3216; x_wconf 89' lang='lat' dir='ltr'><strong>si</strong></span> <span class='ocrx_word' id='word_1_390' title='bbox 1742 3177 1831 3216; x_wconf 93' lang='lat' dir='ltr'><strong>res</strong></span> <span class='ocrx_word' id='word_1_391' title='bbox 1857 3165 2180 3232; x_wconf 88' lang='lat' dir='ltr'><strong>poposcerit,</strong></span> <span class='ocrx_word' id='word_1_392' title='bbox 2212 3181 2309 3234; x_wconf 92' lang='lat' dir='ltr'><strong>pro</strong></span> <span class='ocrx_word' id='word_1_393' title='bbox 2346 3167 2565 3237; x_wconf 88' lang='lat' dir='ltr'><strong>pietatis</strong></span> <span class='ocrx_word' id='word_1_394' title='bbox 2603 3166 2940 3225; x_wconf 80' lang='lat' dir='ltr'><strong>confessione</strong></span> <span class='ocrx_word' id='word_1_395' title='bbox 2977 3170 3028 3226; x_wconf 86' lang='lat' dir='ltr'><strong>in</strong></span> <span class='ocrx_word' id='word_1_396' title='bbox 3059 3172 3186 3239; x_wconf 86' lang='lat' dir='ltr'><strong>ipsis</strong></span> <span class='ocrx_word' id='word_1_397' title='bbox 3214 3173 3491 3228; x_wconf 79' lang='lat' dir='ltr'><strong>tormentis</strong></span> 
     </span>
    </p>
   </div>
   <div class='ocr_carea' id='block_1_55' title="bbox 252 3250 3489 3335">
    <p class='ocr_par' dir='ltr' id='par_1_55' title="bbox 252 3250 3489 3335">
     <span class='ocr_line' id='line_1_55' title="bbox 252 3250 3489 3335; baseline 0.005 -30"><span class='ocrx_word' id='word_1_398' title='bbox 252 3252 526 3307; x_wconf 78' lang='lat' dir='ltr'><strong>animam</strong></span> <span class='ocrx_word' id='word_1_399' title='bbox 556 3250 838 3303; x_wconf 86' lang='lat' dir='ltr'><strong>reddunt:</strong></span> <span class='ocrx_word' id='word_1_400' title='bbox 869 3251 961 3303; x_wconf 85' lang='lat' dir='ltr'><strong>alii</strong></span> <span class='ocrx_word' id='word_1_401' title='bbox 992 3266 1124 3307; x_wconf 82' lang='lat' dir='ltr'><strong>vero</strong></span> <span class='ocrx_word' id='word_1_402' title='bbox 1147 3252 1199 3305; x_wconf 80' lang='lat' dir='ltr'><strong>in</strong></span> <span class='ocrx_word' id='word_1_403' title='bbox 1226 3253 1341 3320; x_wconf 86' lang='lat' dir='ltr'><strong>ipso</strong></span> <span class='ocrx_word' id='word_1_404' title='bbox 1361 3254 1470 3322; x_wconf 85' lang='lat' dir='ltr'><strong>jam</strong></span> <span class='ocrx_word' id='word_1_405' title='bbox 1497 3268 1708 3309; x_wconf 58' lang='lat' dir='ltr'><strong>corona</strong></span> <span class='ocrx_word' id='word_1_406' title='bbox 1738 3255 1881 3309; x_wconf 83' lang='lat' dir='ltr'><strong>aditu</strong></span> <span class='ocrx_word' id='word_1_407' title='bbox 1925 3258 2083 3330; x_wconf 87' lang='lat' dir='ltr'><strong>positi</strong></span> <span class='ocrx_word' id='word_1_408' title='bbox 2110 3257 2376 3326; x_wconf 87' lang='lat' dir='ltr'><strong>denegant</strong></span> <span class='ocrx_word' id='word_1_409' title='bbox 2400 3260 2576 3326; x_wconf 79' lang='lat' dir='ltr'><strong>ﬁdem,</strong></span> <span class='ocrx_word' id='word_1_410' title='bbox 2603 3277 2762 3329; x_wconf 86' lang='lat' dir='ltr'><strong>quam</strong></span> <span class='ocrx_word' id='word_1_411' title='bbox 2797 3278 2967 3330; x_wconf 88' lang='lat' dir='ltr'><strong>usque</strong></span> <span class='ocrx_word' id='word_1_412' title='bbox 3001 3265 3067 3319; x_wconf 92' lang='lat' dir='ltr'><strong>ad</strong></span> <span class='ocrx_word' id='word_1_413' title='bbox 3100 3274 3325 3319; x_wconf 87' lang='lat' dir='ltr'><strong>mortem</strong></span> <span class='ocrx_word' id='word_1_414' title='bbox 3365 3281 3489 3335; x_wconf 90' lang='lat' dir='ltr'><strong>pro-</strong></span> 
     </span>
    </p>
   </div>
   <div class='ocr_carea' id='block_1_56' title="bbox 253 3337 3490 3411">
    <p class='ocr_par' dir='ltr' id='par_1_56' title="bbox 253 3337 3490 3411">
     <span class='ocr_line' id='line_1_56' title="bbox 253 3337 3490 3411; baseline 0.003 -18"><span class='ocrx_word' id='word_1_415' title='bbox 253 3349 590 3410; x_wconf 74' lang='lat' dir='ltr'><strong>po~uerant</strong></span> <span class='ocrx_word' id='word_1_416' title='bbox 618 3337 889 3392; x_wconf 75' lang='lat' dir='ltr'><strong>conﬁteri.</strong></span> <span class='ocrx_word' id='word_1_417' title='bbox 932 3338 996 3392; x_wconf 86' lang='lat' dir='ltr'><strong>Et</strong></span> <span class='ocrx_word' id='word_1_418' title='bbox 1023 3340 1121 3393; x_wconf 90' lang='lat' dir='ltr'><strong>hoc</strong></span> <span class='ocrx_word' id='word_1_419' title='bbox 1154 3356 1256 3394; x_wconf 91' lang='lat' dir='ltr'><strong>non</strong></span> <span class='ocrx_word' id='word_1_420' title='bbox 1279 3343 1462 3409; x_wconf 90' lang='lat' dir='ltr'><strong>utique</strong></span> <span class='ocrx_word' id='word_1_421' title='bbox 1503 3341 1863 3395; x_wconf 89' lang='lat' dir='ltr'><strong>diminutione</strong></span> <span class='ocrx_word' id='word_1_422' title='bbox 1900 3344 2159 3409; x_wconf 88' lang='lat' dir='ltr'><strong>propositi</strong></span> <span class='ocrx_word' id='word_1_423' title='bbox 2205 3345 2502 3411; x_wconf 87' lang='lat' dir='ltr'><strong>patiuntur,</strong></span> <span class='ocrx_word' id='word_1_424' title='bbox 2534 3347 2629 3400; x_wconf 88' lang='lat' dir='ltr'><strong>sed</strong></span> <span class='ocrx_word' id='word_1_425' title='bbox 2662 3347 2710 3399; x_wconf 86' lang='lat' dir='ltr'><strong>vi</strong></span> <span class='ocrx_word' id='word_1_426' title='bbox 2743 3346 2942 3401; x_wconf 89' lang='lat' dir='ltr'><strong>doloris</strong></span> <span class='ocrx_word' id='word_1_427' title='bbox 2966 3348 3127 3401; x_wconf 83' lang='lat' dir='ltr'><strong>nimia</strong></span> <span class='ocrx_word' id='word_1_428' title='bbox 3158 3355 3211 3401; x_wconf 89' lang='lat' dir='ltr'><strong>et</strong></span> <span class='ocrx_word' id='word_1_429' title='bbox 3239 3350 3490 3406; x_wconf 87' lang='lat' dir='ltr'><strong>intolera-</strong></span> 
     </span>
    </p>
   </div>
   <div class='ocr_carea' id='block_1_57' title="bbox 252 3426 3486 3504">
    <p class='ocr_par' dir='ltr' id='par_1_57' title="bbox 252 3426 3486 3504">
     <span class='ocr_line' id='line_1_57' title="bbox 252 3426 3486 3504; baseline 0.003 -22"><span class='ocrx_word' id='word_1_430' title='bbox 252 3431 354 3483; x_wconf 89' lang='lat' dir='ltr'><strong>bili</strong></span> <span class='ocrx_word' id='word_1_431' title='bbox 391 3427 686 3498; x_wconf 83' lang='lat' dir='ltr'><strong>superati.</strong></span> <span class='ocrx_word' id='word_1_432' title='bbox 715 3426 772 3480; x_wconf 90' lang='lat' dir='ltr'><strong>Si</strong></span> <span class='ocrx_word' id='word_1_433' title='bbox 803 3442 931 3492; x_wconf 72' lang='grc' dir='ltr'>ει·κο</span> <span class='ocrx_word' id='word_1_434' title='bbox 962 3429 1013 3480; x_wconf 92' lang='lat' dir='ltr'><strong>in</strong></span> <span class='ocrx_word' id='word_1_435' title='bbox 1046 3430 1143 3483; x_wconf 91' lang='lat' dir='ltr'><strong>hac</strong></span> <span class='ocrx_word' id='word_1_436' title='bbox 1174 3430 1426 3497; x_wconf 72' lang='lat' dir='ltr'><strong>praesenti</strong></span> <span class='ocrx_word' id='word_1_437' title='bbox 1463 3430 1573 3482; x_wconf 86' lang='lat' dir='ltr'><strong>vita</strong></span> <span class='ocrx_word' id='word_1_438' title='bbox 1607 3438 1711 3481; x_wconf 89' lang='lat' dir='ltr'><strong>tam</strong></span> <span class='ocrx_word' id='word_1_439' title='bbox 1743 3429 2110 3484; x_wconf 87' lang='lat' dir='ltr'><strong>intolerabiles</strong></span> <span class='ocrx_word' id='word_1_440' title='bbox 2152 3443 2281 3486; x_wconf 89' lang='lat' dir='ltr'><strong>sunt</strong></span> <span class='ocrx_word' id='word_1_441' title='bbox 2320 3447 2601 3501; x_wconf 68' lang='lat' dir='ltr'><strong>poenarum</strong></span> <span class='ocrx_word' id='word_1_442' title='bbox 2647 3435 2880 3497; x_wconf 86' lang='lat' dir='ltr'><strong>dolores,</strong></span> <span class='ocrx_word' id='word_1_443' title='bbox 2905 3436 3031 3503; x_wconf 86' lang='lat' dir='ltr'><strong>quid</strong></span> <span class='ocrx_word' id='word_1_444' title='bbox 3064 3439 3351 3504; x_wconf 85' lang='lat' dir='ltr'><strong>putandum</strong></span> <span class='ocrx_word' id='word_1_445' title='bbox 3387 3448 3486 3501; x_wconf 86' lang='lat' dir='ltr'><strong>est,</strong></span> 
     </span>
    </p>
   </div>
   <div class='ocr_carea' id='block_1_58' title="bbox 248 3508 3485 3596">
    <p class='ocr_par' dir='ltr' id='par_1_58' title="bbox 248 3508 3485 3596">
     <span class='ocr_line' id='line_1_58' title="bbox 248 3508 3485 3596; baseline 0.002 -19"><span class='ocrx_word' id='word_1_446' title='bbox 248 3535 386 3577; x_wconf 79' lang='lat' dir='ltr'><strong>cum</strong></span> <span class='ocrx_word' id='word_1_447' title='bbox 427 3534 549 3573; x_wconf 90' lang='lat' dir='ltr'><strong>non</strong></span> <span class='ocrx_word' id='word_1_448' title='bbox 575 3508 688 3587; x_wconf 50' lang='lat' dir='ltr'><strong>ja&#39;m</strong></span> <span class='ocrx_word' id='word_1_449' title='bbox 715 3519 972 3572; x_wconf 82' lang='lat' dir='ltr'><strong>crassiori</strong></span> <span class='ocrx_word' id='word_1_450' title='bbox 998 3521 1177 3573; x_wconf 79' lang='lat' dir='ltr'><strong>anima</strong></span> <span class='ocrx_word' id='word_1_451' title='bbox 1205 3530 1388 3575; x_wconf 88' lang='lat' dir='ltr'><strong>utetur</strong></span> <span class='ocrx_word' id='word_1_452' title='bbox 1424 3521 1755 3585; x_wconf 88' lang='lat' dir='ltr'><strong>indumento,</strong></span> <span class='ocrx_word' id='word_1_453' title='bbox 1787 3521 1879 3575; x_wconf 86' lang='lat' dir='ltr'><strong>sed</strong></span> <span class='ocrx_word' id='word_1_454' title='bbox 1904 3536 2023 3575; x_wconf 91' lang='lat' dir='ltr'><strong>cum</strong></span> <span class='ocrx_word' id='word_1_455' title='bbox 2057 3522 2109 3575; x_wconf 93' lang='lat' dir='ltr'><strong>id</strong></span> <span class='ocrx_word' id='word_1_456' title='bbox 2145 3524 2429 3591; x_wconf 82' lang='lat' dir='ltr'><strong>spirituale</strong></span> <span class='ocrx_word' id='word_1_457' title='bbox 2462 3524 2711 3580; x_wconf 81' lang='lat' dir='ltr'><strong>effectum</strong></span> <span class='ocrx_word' id='word_1_458' title='bbox 2733 3541 2799 3579; x_wconf 81' lang='lat' dir='ltr'><strong>ex</strong></span> <span class='ocrx_word' id='word_1_459' title='bbox 2826 3527 3221 3581; x_wconf 85' lang='lat' dir='ltr'><strong>resurrectione</strong></span> <span class='ocrx_word' id='word_1_460' title='bbox 3246 3529 3485 3596; x_wconf 87' lang='lat' dir='ltr'><strong>recipiet,</strong></span> 
     </span>
    </p>
   </div>
   <div class='ocr_carea' id='block_1_59' title="bbox 248 3610 3490 3686">
    <p class='ocr_par' dir='ltr' id='par_1_59' title="bbox 248 3610 3490 3686">
     <span class='ocr_line' id='line_1_59' title="bbox 248 3610 3490 3686; baseline 0.002 -21"><span class='ocrx_word' id='word_1_461' title='bbox 248 3623 305 3665; x_wconf 84' lang='lat' dir='ltr'><strong>et</strong></span> <span class='ocrx_word' id='word_1_462' title='bbox 337 3624 415 3665; x_wconf 86' lang='lat' dir='ltr'><strong>eo</strong></span> <span class='ocrx_word' id='word_1_463' title='bbox 460 3610 860 3663; x_wconf 81' lang='lat' dir='ltr'><strong>vehementius</strong></span> <span class='ocrx_word' id='word_1_464' title='bbox 895 3611 1083 3678; x_wconf 89' lang='lat' dir='ltr'><strong>utique</strong></span> <span class='ocrx_word' id='word_1_465' title='bbox 1113 3627 1220 3679; x_wconf 87' lang='lat' dir='ltr'><strong>quo</strong></span> <span class='ocrx_word' id='word_1_466' title='bbox 1249 3612 1500 3666; x_wconf 89' lang='lat' dir='ltr'><strong>subtilius</strong></span> <span class='ocrx_word' id='word_1_467' title='bbox 1527 3622 1633 3679; x_wconf 88' lang='lat' dir='ltr'><strong>est,</strong></span> <span class='ocrx_word' id='word_1_468' title='bbox 1667 3613 1864 3666; x_wconf 88' lang='lat' dir='ltr'><strong>sentiet</strong></span> <span class='ocrx_word' id='word_1_469' title='bbox 1888 3613 1992 3666; x_wconf 87' lang='lat' dir='ltr'><strong>vim</strong></span> <span class='ocrx_word' id='word_1_470' title='bbox 2025 3613 2262 3670; x_wconf 81' lang='lat' dir='ltr'><strong>doloris?</strong></span> <span class='ocrx_word' id='word_1_471' title='bbox 2298 3616 2434 3672; x_wconf 84' lang='lat' dir='ltr'><strong>Puto</strong></span> <span class='ocrx_word' id='word_1_472' title='bbox 2477 3619 2618 3672; x_wconf 88' lang='lat' dir='ltr'><strong>enim</strong></span> <span class='ocrx_word' id='word_1_473' title='bbox 2654 3619 2794 3686; x_wconf 88' lang='lat' dir='ltr'><strong>quod</strong></span> <span class='ocrx_word' id='word_1_474' title='bbox 2835 3629 3033 3686; x_wconf 88' lang='lat' dir='ltr'><strong>quanta</strong></span> <span class='ocrx_word' id='word_1_475' title='bbox 3076 3618 3376 3673; x_wconf 71' lang='lat' dir='ltr'><strong>differentia</strong></span> <span class='ocrx_word' id='word_1_476' title='bbox 3404 3630 3490 3674; x_wconf 89' lang='lat' dir='ltr'><strong>est</strong></span> 
     </span>
    </p>
   </div>
   <div class='ocr_carea' id='block_1_60' title="bbox 248 3701 3488 3778">
    <p class='ocr_par' dir='ltr' id='par_1_60' title="bbox 248 3701 3488 3778">
     <span class='ocr_line' id='line_1_60' title="bbox 248 3701 3488 3778; baseline 0.003 -24"><span class='ocrx_word' id='word_1_477' title='bbox 248 3703 310 3758; x_wconf 83' lang='lat' dir='ltr'><strong>in</strong></span> <span class='ocrx_word' id='word_1_478' title='bbox 337 3701 624 3770; x_wconf 72' lang='lat' dir='ltr'><strong>praesenti</strong></span> <span class='ocrx_word' id='word_1_479' title='bbox 651 3702 851 3754; x_wconf 59' lang='lat' dir='ltr'><strong>saeculo</strong></span> <span class='ocrx_word' id='word_1_480' title='bbox 880 3702 1075 3755; x_wconf 91' lang='lat' dir='ltr'><strong>nudum</strong></span> <span class='ocrx_word' id='word_1_481' title='bbox 1101 3705 1403 3768; x_wconf 84' lang='lat' dir='ltr'><strong>verberari,</strong></span> <span class='ocrx_word' id='word_1_482' title='bbox 1424 3719 1585 3773; x_wconf 88' lang='lat' dir='ltr'><strong>quam</strong></span> <span class='ocrx_word' id='word_1_483' title='bbox 1608 3704 1878 3768; x_wconf 90' lang='lat' dir='ltr'><strong>vestitum,</strong></span> <span class='ocrx_word' id='word_1_484' title='bbox 1916 3706 1981 3757; x_wconf 86' lang='lat' dir='ltr'><strong>ad</strong></span> <span class='ocrx_word' id='word_1_485' title='bbox 2008 3706 2443 3773; x_wconf 91' lang='lat' dir='ltr'><strong>perseutiendum</strong></span> <span class='ocrx_word' id='word_1_486' title='bbox 2480 3708 2690 3763; x_wconf 89' lang='lat' dir='ltr'><strong>scilicet</strong></span> <span class='ocrx_word' id='word_1_487' title='bbox 2718 3711 3042 3775; x_wconf 86' lang='lat' dir='ltr'><strong>cruciatum,</strong></span> <span class='ocrx_word' id='word_1_488' title='bbox 3072 3723 3138 3765; x_wconf 88' lang='lat' dir='ltr'><strong>eo</strong></span> <span class='ocrx_word' id='word_1_489' title='bbox 3162 3711 3301 3778; x_wconf 89' lang='lat' dir='ltr'><strong>quod</strong></span> <span class='ocrx_word' id='word_1_490' title='bbox 3325 3711 3488 3764; x_wconf 79' lang='lat' dir='ltr'><strong>vehe-</strong></span> 
     </span>
    </p>
   </div>
   <div class='ocr_carea' id='block_1_61' title="bbox 247 3793 3482 3868">
    <p class='ocr_par' dir='ltr' id='par_1_61' title="bbox 247 3793 3482 3868">
     <span class='ocr_line' id='line_1_61' title="bbox 247 3793 3482 3868; baseline 0.002 -19"><span class='ocrx_word' id='word_1_491' title='bbox 247 3796 518 3851; x_wconf 82' lang='lat' dir='ltr'><strong>mentius</strong></span> <span class='ocrx_word' id='word_1_492' title='bbox 568 3793 772 3846; x_wconf 87' lang='lat' dir='ltr'><strong>nudutn</strong></span> <span class='ocrx_word' id='word_1_493' title='bbox 822 3809 1016 3862; x_wconf 87' lang='lat' dir='ltr'><strong>corpus</strong></span> <span class='ocrx_word' id='word_1_494' title='bbox 1064 3797 1304 3851; x_wconf 88' lang='lat' dir='ltr'><strong>crucient</strong></span> <span class='ocrx_word' id='word_1_495' title='bbox 1360 3799 1583 3852; x_wconf 83' lang='lat' dir='ltr'><strong>verbera</strong></span> <span class='ocrx_word' id='word_1_496' title='bbox 1633 3811 1790 3865; x_wconf 89' lang='lat' dir='ltr'><strong>quam</strong></span> <span class='ocrx_word' id='word_1_497' title='bbox 1830 3797 2079 3851; x_wconf 82' lang='lat' dir='ltr'><strong>vestitum</strong></span> <span class='ocrx_word' id='word_1_498' title='bbox 2128 3815 2142 3852; x_wconf 87' lang='lat'><strong>:</strong></span> <span class='ocrx_word' id='word_1_499' title='bbox 2193 3809 2397 3853; x_wconf 89' lang='lat' dir='ltr'><strong>tantum</strong></span> <span class='ocrx_word' id='word_1_500' title='bbox 2442 3810 2571 3868; x_wconf 90' lang='lat' dir='ltr'><strong>puto</strong></span> <span class='ocrx_word' id='word_1_501' title='bbox 2623 3800 2855 3854; x_wconf 78' lang='lat' dir='ltr'><strong>futuram</strong></span> <span class='ocrx_word' id='word_1_502' title='bbox 2882 3800 3233 3856; x_wconf 73' lang='lat' dir='ltr'><strong>differentiam</strong></span> <span class='ocrx_word' id='word_1_503' title='bbox 3262 3801 3482 3864; x_wconf 83' lang='lat' dir='ltr'><strong>doloris,</strong></span> 
     </span>
    </p>
   </div>
   <div class='ocr_carea' id='block_1_62' title="bbox 252 3882 3480 3958">
    <p class='ocr_par' dir='ltr' id='par_1_62' title="bbox 252 3882 3480 3958">
     <span class='ocr_line' id='line_1_62' title="bbox 252 3882 3480 3958; baseline 0.002 -19"><span class='ocrx_word' id='word_1_504' title='bbox 252 3902 391 3939; x_wconf 86' lang='lat' dir='ltr'><strong>cum</strong></span> <span class='ocrx_word' id='word_1_505' title='bbox 425 3896 645 3950; x_wconf 87' lang='lat' dir='ltr'><strong>corpus</strong></span> <span class='ocrx_word' id='word_1_506' title='bbox 675 3882 965 3936; x_wconf 89' lang='lat' dir='ltr'><strong>humanum</strong></span> <span class='ocrx_word' id='word_1_507' title='bbox 1000 3886 1376 3940; x_wconf 87' lang='lat' dir='ltr'><strong>crassitudinis</strong></span> <span class='ocrx_word' id='word_1_508' title='bbox 1403 3885 1557 3953; x_wconf 84' lang='lat' dir='ltr'><strong>hujus</strong></span> <span class='ocrx_word' id='word_1_509' title='bbox 1613 3886 1920 3939; x_wconf 87' lang='lat' dir='ltr'><strong>indumento</strong></span> <span class='ocrx_word' id='word_1_510' title='bbox 1953 3885 2194 3953; x_wconf 89' lang='lat' dir='ltr'><strong>deposito</strong></span> <span class='ocrx_word' id='word_1_511' title='bbox 2225 3888 2369 3942; x_wconf 86' lang='lat' dir='ltr'><strong>velut</strong></span> <span class='ocrx_word' id='word_1_512' title='bbox 2397 3891 2593 3943; x_wconf 90' lang='lat' dir='ltr'><strong>nudum</strong></span> <span class='ocrx_word' id='word_1_513' title='bbox 2617 3903 2814 3958; x_wconf 88' lang='lat' dir='ltr'><strong>corpus</strong></span> <span class='ocrx_word' id='word_1_514' title='bbox 2843 3890 3064 3958; x_wconf 68' lang='lat' dir='ltr'><strong>coeperit</strong></span> <span class='ocrx_word' id='word_1_515' title='bbox 3084 3890 3348 3945; x_wconf 83' lang='lat' dir='ltr'><strong>sustinere</strong></span> <span class='ocrx_word' id='word_1_516' title='bbox 3369 3900 3480 3946; x_wconf 91' lang='lat' dir='ltr'><strong>tor-</strong></span> 
     </span>
    </p>
   </div>
   <div class='ocr_carea' id='block_1_63' title="bbox 250 3987 484 4032">
    <p class='ocr_par' dir='ltr' id='par_1_63' title="bbox 250 3987 484 4032">
     <span class='ocr_line' id='line_1_63' title="bbox 250 3987 484 4032; baseline -0.009 -1"><span class='ocrx_word' id='word_1_517' title='bbox 250 3987 484 4032; x_wconf 80' lang='lat' dir='ltr'><strong>menta.</strong></span> 
     </span>
    </p>
   </div>
   <div class='ocr_carea' id='block_1_64' title="bbox 875 4187 2438 4252">
    <p class='ocr_par' dir='ltr' id='par_1_64' title="bbox 875 4187 1921 4251">
     <span class='ocr_line' id='line_1_64' title="bbox 875 4187 1921 4251; baseline 0.005 -13"><span class='ocrx_word' id='word_1_518' title='bbox 875 4187 1165 4239; x_wconf 80' lang='grc' dir='ltr'><strong>ΨΑΛΜΟΣ</strong></span> <span class='ocrx_word' id='word_1_519' title='bbox 1202 4189 1276 4239; x_wconf 90' lang='lat' dir='ltr'><strong>Z’.</strong></span> <span class='ocrx_word' id='word_1_520' title='bbox 1629 4245 1632 4247; x_wconf 28' lang='grc' dir='ltr'>λ</span> <span class='ocrx_word' id='word_1_521' title='bbox 1878 4196 1921 4251; x_wconf 86' lang='lat' dir='ltr'><strong>C</strong></span> 
     </span>
    </p>
   </div>
   <div class='ocr_carea' id='block_1_65' title="bbox 1383 4187 2946 4252">
    <p class='ocr_par' dir='ltr' id='par_1_65' title="bbox 1629 4195 2946 4252">
     <span class='ocr_line' id='line_1_65' title="bbox 1629 4195 2946 4252; baseline 0.002 -5"><span class='ocrx_word' id='word_1_522' title='bbox 1629 4245 1632 4247; x_wconf 66' lang='grc'>.</span> <span class='ocrx_word' id='word_1_523' title='bbox 1878 4196 1921 4251; x_wconf 88' lang='lat' dir='ltr'><strong>C</strong></span> <span class='ocrx_word' id='word_1_524' title='bbox 2494 4195 2806 4251; x_wconf 75' lang='lat' dir='ltr'><strong>I’SALMUS</strong></span> <span class='ocrx_word' id='word_1_525' title='bbox 2844 4198 2946 4252; x_wconf 81' lang='lat' dir='ltr'><strong>VII.</strong></span> 
     </span>
    </p>
   </div>
   <div class='ocr_carea' id='block_1_66' title="bbox 324 4275 1887 4356">
    <p class='ocr_par' dir='ltr' id='par_1_66' title="bbox 324 4275 1853 4346">
     <span class='ocr_line' id='line_1_66' title="bbox 324 4275 1853 4346; baseline -0.005 -11"><span class='ocrx_word' id='word_1_526' title='bbox 324 4282 554 4346; x_wconf 80' lang='grc' dir='ltr'>Κύριε,</span> <span class='ocrx_word' id='word_1_527' title='bbox 595 4278 628 4327; x_wconf 88' lang='lat' dir='ltr'><strong>o&#39;</strong></span> <span class='ocrx_word' id='word_1_528' title='bbox 665 4275 809 4340; x_wconf 82' lang='grc' dir='ltr'><strong>Θεός</strong></span> <span class='ocrx_word' id='word_1_529' title='bbox 832 4292 969 4342; x_wconf 87' lang='grc' dir='ltr'>μου,</span> <span class='ocrx_word' id='word_1_530' title='bbox 1002 4275 1098 4328; x_wconf 81' lang='grc' dir='ltr'><strong>ἐπὶ</strong></span> <span class='ocrx_word' id='word_1_531' title='bbox 1134 4276 1229 4327; x_wconf 83' lang='grc' dir='ltr'>σοὶ</span> <span class='ocrx_word' id='word_1_532' title='bbox 1273 4275 1521 4342; x_wconf 75' lang='grc' dir='ltr'>ἤλπισα,</span> <span class='ocrx_word' id='word_1_533' title='bbox 1550 4277 1752 4332; x_wconf 83' lang='grc' dir='ltr'>σῶσόν</span> <span class='ocrx_word' id='word_1_534' title='bbox 1777 4296 1853 4346; x_wconf 81' lang='grc' dir='ltr'>με</span> 
     </span>
    </p>
   </div>
   <div class='ocr_carea' id='block_1_67' title="bbox 1922 4275 3485 4356">
    <p class='ocr_par' dir='ltr' id='par_1_67' title="bbox 2025 4280 3485 4356">
     <span class='ocr_line' id='line_1_67' title="bbox 2025 4280 3485 4356; baseline 0.007 -24"><span class='ocrx_word' id='word_1_535' title='bbox 2025 4281 2184 4334; x_wconf 74' lang='lat' dir='ltr'><strong>Vens.</strong></span> <span class='ocrx_word' id='word_1_536' title='bbox 2212 4280 2266 4345; x_wconf 77' lang='lat'><strong>2,</strong></span> <span class='ocrx_word' id='word_1_537' title='bbox 2290 4280 2344 4334; x_wconf 78' lang='lat'><strong>3.</strong></span> <span class='ocrx_word' id='word_1_538' title='bbox 2375 4280 2593 4337; x_wconf 83' lang='lat' dir='ltr'><strong>Domine</strong></span> <span class='ocrx_word' id='word_1_539' title='bbox 2624 4284 2758 4338; x_wconf 74' lang='lat' dir='ltr'><strong>Deus</strong></span> <span class='ocrx_word' id='word_1_540' title='bbox 2783 4302 2946 4351; x_wconf 75' lang='lat' dir='ltr'><strong>meus,</strong></span> <span class='ocrx_word' id='word_1_541' title='bbox 2983 4287 3038 4342; x_wconf 75' lang='lat' dir='ltr'><strong>in</strong></span> <span class='ocrx_word' id='word_1_542' title='bbox 3065 4295 3112 4341; x_wconf 91' lang='lat' dir='ltr'><strong>te</strong></span> <span class='ocrx_word' id='word_1_543' title='bbox 3131 4291 3352 4356; x_wconf 74' lang='lat' dir='ltr'><strong>speravi,</strong></span> <span class='ocrx_word' id='word_1_544' title='bbox 3377 4292 3485 4345; x_wconf 80' lang='lat' dir='ltr'><strong>sal-</strong></span> 
     </span>
    </p>
   </div>
   <div class='ocr_carea' id='block_1_68' title="bbox 249 4365 1812 4444">
    <p class='ocr_par' dir='ltr' id='par_1_68' title="bbox 249 4365 1812 4436">
     <span class='ocr_line' id='line_1_68' title="bbox 249 4365 1812 4436; baseline -0.002 -13"><span class='ocrx_word' id='word_1_545' title='bbox 249 4372 321 4423; x_wconf 81' lang='grc' dir='ltr'><strong>ἐκ</strong></span> <span class='ocrx_word' id='word_1_546' title='bbox 353 4369 629 4423; x_wconf 75' lang='grc' dir='ltr'>πάντων</span> <span class='ocrx_word' id='word_1_547' title='bbox 657 4365 774 4417; x_wconf 79' lang='grc' dir='ltr'><strong>τῶν</strong></span> <span class='ocrx_word' id='word_1_548' title='bbox 801 4365 1131 4418; x_wconf 80' lang='grc' dir='ltr'>διωκόντων</span> <span class='ocrx_word' id='word_1_549' title='bbox 1156 4381 1251 4433; x_wconf 82' lang='grc' dir='ltr'>με,</span> <span class='ocrx_word' id='word_1_550' title='bbox 1288 4366 1386 4420; x_wconf 78' lang='grc' dir='ltr'><strong>καὶ</strong></span> <span class='ocrx_word' id='word_1_551' title='bbox 1409 4366 1593 4432; x_wconf 75' lang='grc' dir='ltr'>ῥῦσαί</span> <span class='ocrx_word' id='word_1_552' title='bbox 1618 4383 1713 4435; x_wconf 81' lang='grc' dir='ltr'>με,</span> <span class='ocrx_word' id='word_1_553' title='bbox 1740 4371 1812 4436; x_wconf 56' lang='grc' dir='ltr'><strong>μή</strong></span> 
     </span>
    </p>
   </div>
   <div class='ocr_carea' id='block_1_69' title="bbox 1920 4365 3483 4444">
    <p class='ocr_par' dir='ltr' id='par_1_69' title="bbox 1951 4369 3483 4444">
     <span class='ocr_line' id='line_1_69' title="bbox 1951 4369 3483 4444; baseline 0.009 -25"><span class='ocrx_word' id='word_1_554' title='bbox 1951 4384 2063 4420; x_wconf 76' lang='lat' dir='ltr'><strong>cum</strong></span> <span class='ocrx_word' id='word_1_555' title='bbox 2089 4386 2165 4422; x_wconf 90' lang='lat' dir='ltr'><strong>me</strong></span> <span class='ocrx_word' id='word_1_556' title='bbox 2185 4369 2270 4434; x_wconf 76' lang='lat' dir='ltr'><strong>[ac</strong></span> <span class='ocrx_word' id='word_1_557' title='bbox 2291 4387 2353 4423; x_wconf 76' lang='lat' dir='ltr'><strong>ex</strong></span> <span class='ocrx_word' id='word_1_558' title='bbox 2384 4374 2617 4424; x_wconf 81' lang='lat' dir='ltr'><strong>omnibus</strong></span> <span class='ocrx_word' id='word_1_559' title='bbox 2665 4378 3083 4443; x_wconf 74' lang='lat' dir='ltr'><strong>persequentibus</strong></span> <span class='ocrx_word' id='word_1_560' title='bbox 3114 4394 3213 4444; x_wconf 88' lang='lat' dir='ltr'><strong>me,</strong></span> <span class='ocrx_word' id='word_1_561' title='bbox 3240 4388 3287 4431; x_wconf 86' lang='lat' dir='ltr'><strong>et</strong></span> <span class='ocrx_word' id='word_1_562' title='bbox 3324 4380 3483 4434; x_wconf 78' lang='lat' dir='ltr'><strong>libera</strong></span> 
     </span>
    </p>
   </div>
   <div class='ocr_carea' id='block_1_70' title="bbox 246 4453 1809 4530">
    <p class='ocr_par' dir='ltr' id='par_1_70' title="bbox 246 4453 1809 4522">
     <span class='ocr_line' id='line_1_70' title="bbox 246 4453 1809 4522; baseline -0.002 -10"><span class='ocrx_word' id='word_1_563' title='bbox 246 4476 404 4512; x_wconf 75' lang='grc' dir='ltr'>ποτε</span> <span class='ocrx_word' id='word_1_564' title='bbox 441 4453 710 4522; x_wconf 77' lang='grc' dir='ltr'>ἁρπάσῃ</span> <span class='ocrx_word' id='word_1_565' title='bbox 743 4454 823 4518; x_wconf 85' lang='grc' dir='ltr'><strong>ὠς</strong></span> <span class='ocrx_word' id='word_1_566' title='bbox 863 4453 1019 4506; x_wconf 77' lang='grc' dir='ltr'>λέων</span> <span class='ocrx_word' id='word_1_567' title='bbox 1045 4453 1158 4520; x_wconf 81' lang='grc' dir='ltr'><strong>τὴν</strong></span> <span class='ocrx_word' id='word_1_568' title='bbox 1196 4454 1401 4520; x_wconf 74' lang='grc' dir='ltr'>ψυχήν</span> <span class='ocrx_word' id='word_1_569' title='bbox 1433 4471 1571 4522; x_wconf 82' lang='grc' dir='ltr'>μου,</span> <span class='ocrx_word' id='word_1_570' title='bbox 1612 4473 1665 4508; x_wconf 90' lang='grc' dir='ltr'><strong>κ.</strong></span> <span class='ocrx_word' id='word_1_571' title='bbox 1713 4474 1762 4511; x_wconf 91' lang='grc' dir='ltr'>τ.</span> <span class='ocrx_word' id='word_1_572' title='bbox 1800 4460 1809 4509; x_wconf 81' lang='lat' dir='ltr'><strong>i</strong></span> 
     </span>
    </p>
   </div>
   <div class='ocr_carea' id='block_1_71' title="bbox 1916 4453 3479 4530">
    <p class='ocr_par' dir='ltr' id='par_1_71' title="bbox 1949 4461 3479 4530">
     <span class='ocr_line' id='line_1_71' title="bbox 1949 4461 3479 4530; baseline 0.009 -21"><span class='ocrx_word' id='word_1_573' title='bbox 1949 4475 2049 4522; x_wconf 78' lang='lat' dir='ltr'><strong>me,</strong></span> <span class='ocrx_word' id='word_1_574' title='bbox 2091 4474 2152 4512; x_wconf 84' lang='lat' dir='ltr'><strong>ne</strong></span> <span class='ocrx_word' id='word_1_575' title='bbox 2203 4461 2407 4530; x_wconf 83' lang='lat' dir='ltr'><strong>quando</strong></span> <span class='ocrx_word' id='word_1_576' title='bbox 2452 4463 2621 4529; x_wconf 78' lang='lat' dir='ltr'><strong>rapiat</strong></span> <span class='ocrx_word' id='word_1_577' title='bbox 2652 4473 2703 4515; x_wconf 90' lang='lat' dir='ltr'><strong>ut</strong></span> <span class='ocrx_word' id='word_1_578' title='bbox 2744 4465 2821 4517; x_wconf 88' lang='lat' dir='ltr'><strong>leo</strong></span> <span class='ocrx_word' id='word_1_579' title='bbox 2872 4467 3097 4519; x_wconf 83' lang='lat' dir='ltr'><strong>animam</strong></span> <span class='ocrx_word' id='word_1_580' title='bbox 3141 4482 3323 4530; x_wconf 86' lang='lat' dir='ltr'><strong>meam,</strong></span> <span class='ocrx_word' id='word_1_581' title='bbox 3375 4479 3479 4523; x_wconf 82' lang='lat' dir='ltr'><strong>etc.</strong></span> 
     </span>
    </p>
   </div>
   <div class='ocr_carea' id='block_1_72' title="bbox 243 4541 1806 4623">
    <p class='ocr_par' dir='ltr' id='par_1_72' title="bbox 243 4541 1806 4612">
     <span class='ocr_line' id='line_1_72' title="bbox 243 4541 1806 4612; baseline -0.001 -12"><span class='ocrx_word' id='word_1_582' title='bbox 243 4548 392 4600; x_wconf 74' lang='grc' dir='ltr'><strong>Καθ’</strong></span> <span class='ocrx_word' id='word_1_583' title='bbox 419 4547 672 4597; x_wconf 71' lang='grc' dir='ltr'>ἕκαστον</span> <span class='ocrx_word' id='word_1_584' title='bbox 692 4541 801 4610; x_wconf 70' lang='grc'><strong>(42)</strong></span> <span class='ocrx_word' id='word_1_585' title='bbox 821 4542 927 4593; x_wconf 82' lang='grc' dir='ltr'><strong>τῶν</strong></span> <span class='ocrx_word' id='word_1_586' title='bbox 945 4543 1036 4593; x_wconf 74' lang='grc' dir='ltr'><strong>ἐπὶ</strong></span> <span class='ocrx_word' id='word_1_587' title='bbox 1054 4542 1293 4612; x_wconf 70' lang='grc' dir='ltr'>ἁμαρτίᾳ</span> <span class='ocrx_word' id='word_1_588' title='bbox 1314 4543 1635 4611; x_wconf 78' lang='grc' dir='ltr'>ἐρεϐισμῶν,</span> <span class='ocrx_word' id='word_1_589' title='bbox 1661 4544 1806 4598; x_wconf 85' lang='grc' dir='ltr'>διωκ&lt;</span> 
     </span>
    </p>
   </div>
   <div class='ocr_carea' id='block_1_73' title="bbox 1919 4541 3482 4623">
    <p class='ocr_par' dir='ltr' id='par_1_73' title="bbox 1950 4548 3482 4623">
     <span class='ocr_line' id='line_1_73' title="bbox 1950 4548 3482 4623; baseline 0.008 -26"><span class='ocrx_word' id='word_1_590' title='bbox 1950 4548 2169 4612; x_wconf 85' lang='lat' dir='ltr'><strong>Quoties</strong></span> <span class='ocrx_word' id='word_1_591' title='bbox 2195 4548 2258 4600; x_wconf 84' lang='lat' dir='ltr'><strong>ad</strong></span> <span class='ocrx_word' id='word_1_592' title='bbox 2296 4558 2570 4616; x_wconf 83' lang='lat' dir='ltr'><strong>peccatqu</strong></span> <span class='ocrx_word' id='word_1_593' title='bbox 2613 4551 2916 4617; x_wconf 89' lang='lat' dir='ltr'><strong>incitamur,</strong></span> <span class='ocrx_word' id='word_1_594' title='bbox 2952 4554 3111 4607; x_wconf 90' lang='lat' dir='ltr'><strong>toties</strong></span> <span class='ocrx_word' id='word_1_595' title='bbox 3147 4570 3396 4623; x_wconf 78' lang='lat' dir='ltr'><strong>urgemur</strong></span> <span class='ocrx_word' id='word_1_596' title='bbox 3416 4558 3482 4609; x_wconf 88' lang='lat' dir='ltr'><strong>ah</strong></span> 
     </span>
    </p>
   </div>
   <div class='ocr_carea' id='block_1_74' title="bbox 251 4625 1814 4709">
    <p class='ocr_par' dir='ltr' id='par_1_74' title="bbox 251 4625 1814 4702">
     <span class='ocr_line' id='line_1_74' title="bbox 251 4625 1814 4702; baseline 0 -18"><span class='ocrx_word' id='word_1_597' title='bbox 251 4633 405 4702; x_wconf 80' lang='grc' dir='ltr'>μεθα</span> <span class='ocrx_word' id='word_1_598' title='bbox 441 4630 564 4683; x_wconf 77' lang='grc' dir='ltr'><strong>ὑπὸ</strong></span> <span class='ocrx_word' id='word_1_599' title='bbox 614 4625 707 4679; x_wconf 86' lang='grc' dir='ltr'><strong>τοῦ</strong></span> <span class='ocrx_word' id='word_1_600' title='bbox 745 4626 1090 4697; x_wconf 78' lang='grc' dir='ltr'>ἐνεργοῦντος</span> <span class='ocrx_word' id='word_1_601' title='bbox 1134 4626 1193 4678; x_wconf 78' lang='grc' dir='ltr'>τὸ</span> <span class='ocrx_word' id='word_1_602' title='bbox 1240 4626 1497 4696; x_wconf 76' lang='grc' dir='ltr'>ὲρεθίξον.</span> <span class='ocrx_word' id='word_1_603' title='bbox 1549 4629 1743 4698; x_wconf 87' lang='grc' dir='ltr'>Διόπερ</span> <span class='ocrx_word' id='word_1_604' title='bbox 1779 4634 1814 4684; x_wconf 75' lang='grc' dir='ltr'><strong>ὲε</strong></span> 
     </span>
    </p>
   </div>
   <div class='ocr_carea' id='block_1_75' title="bbox 1917 4625 3480 4709">
    <p class='ocr_par' dir='ltr' id='par_1_75' title="bbox 1948 4634 3480 4709">
     <span class='ocr_line' id='line_1_75' title="bbox 1948 4634 3480 4709; baseline 0.008 -23"><span class='ocrx_word' id='word_1_605' title='bbox 1948 4649 2011 4686; x_wconf 91' lang='lat' dir='ltr'><strong>eo</strong></span> <span class='ocrx_word' id='word_1_606' title='bbox 2037 4635 2126 4703; x_wconf 91' lang='lat' dir='ltr'><strong>qui</strong></span> <span class='ocrx_word' id='word_1_607' title='bbox 2164 4634 2321 4689; x_wconf 80' lang='lat' dir='ltr'><strong>eiiicit.</strong></span> <span class='ocrx_word' id='word_1_608' title='bbox 2364 4637 2791 4692; x_wconf 87' lang='lat' dir='ltr'><strong>incitamentum.</strong></span> <span class='ocrx_word' id='word_1_609' title='bbox 2840 4640 3176 4709; x_wconf 89' lang='lat' dir='ltr'><strong>Quapropter</strong></span> <span class='ocrx_word' id='word_1_610' title='bbox 3220 4644 3343 4697; x_wconf 89' lang='lat' dir='ltr'><strong>hinc</strong></span> <span class='ocrx_word' id='word_1_611' title='bbox 3395 4646 3480 4698; x_wconf 86' lang='lat' dir='ltr'><strong>in-</strong></span> 
     </span>
    </p>
   </div>
   <div class='ocr_carea' id='block_1_76' title="bbox 245 4711 1808 4804">
    <p class='ocr_par' dir='ltr' id='par_1_76' title="bbox 245 4711 1765 4784">
     <span class='ocr_line' id='line_1_76' title="bbox 245 4711 1765 4784; baseline -0.003 -11"><span class='ocrx_word' id='word_1_612' title='bbox 245 4723 454 4774; x_wconf 85' lang='grc' dir='ltr'>τούτου</span> <span class='ocrx_word' id='word_1_613' title='bbox 503 4718 625 4771; x_wconf 88' lang='grc' dir='ltr'>νόει</span> <span class='ocrx_word' id='word_1_614' title='bbox 664 4718 777 4769; x_wconf 81' lang='grc' dir='ltr'>ὅσοι</span> <span class='ocrx_word' id='word_1_615' title='bbox 822 4716 1070 4767; x_wconf 82' lang='grc' dir='ltr'>διώκουσι</span> <span class='ocrx_word' id='word_1_616' title='bbox 1122 4715 1210 4767; x_wconf 78' lang='grc' dir='ltr'>τὸν</span> <span class='ocrx_word' id='word_1_617' title='bbox 1256 4715 1555 4784; x_wconf 81' lang='grc' dir='ltr'>ἄνθρωπον,</span> <span class='ocrx_word' id='word_1_618' title='bbox 1589 4717 1646 4782; x_wconf 77' lang='grc' dir='ltr'><strong>ἐξ</strong></span> <span class='ocrx_word' id='word_1_619' title='bbox 1694 4711 1765 4771; x_wconf 84' lang='grc' dir='ltr'>ὧν</span> 
     </span>
    </p>
   </div>
   <div class='ocr_carea' id='block_1_77' title="bbox 1913 4711 3476 4804">
    <p class='ocr_par' dir='ltr' id='par_1_77' title="bbox 1945 4726 3476 4804">
     <span class='ocr_line' id='line_1_77' title="bbox 1945 4726 3476 4804; baseline 0.009 -27"><span class='ocrx_word' id='word_1_620' title='bbox 1945 4726 2121 4794; x_wconf 85' lang='lat' dir='ltr'><strong>tcllige</strong></span> <span class='ocrx_word' id='word_1_621' title='bbox 2146 4734 2274 4794; x_wconf 88' lang='lat' dir='ltr'><strong>quot</strong></span> <span class='ocrx_word' id='word_1_622' title='bbox 2327 4739 2699 4795; x_wconf 85' lang='lat' dir='ltr'><strong>persecutores</strong></span> <span class='ocrx_word' id='word_1_623' title='bbox 2740 4731 2929 4786; x_wconf 86' lang='lat' dir='ltr'><strong>habeat</strong></span> <span class='ocrx_word' id='word_1_624' title='bbox 2975 4735 3132 4787; x_wconf 90' lang='lat' dir='ltr'><strong>homo</strong></span> <span class='ocrx_word' id='word_1_625' title='bbox 3184 4750 3249 4788; x_wconf 81' lang='lat' dir='ltr'><strong>ex</strong></span> <span class='ocrx_word' id='word_1_626' title='bbox 3285 4736 3476 4804; x_wconf 80' lang='lat' dir='ltr'><strong>quibus</strong></span> 
     </span>
    </p>
   </div>
   <div class='ocr_carea' id='block_1_78' title="bbox 245 4801 1808 4889">
    <p class='ocr_par' dir='ltr' id='par_1_78' title="bbox 245 4801 1808 4880">
     <span class='ocr_line' id='line_1_78' title="bbox 245 4801 1808 4880; baseline -0.008 -16"><span class='ocrx_word' id='word_1_627' title='bbox 245 4811 565 4880; x_wconf 78' lang='grc' dir='ltr'>Προφήτης</span> <span class='ocrx_word' id='word_1_628' title='bbox 616 4804 881 4874; x_wconf 74' lang='grc' dir='ltr'>ρυσθῆναι</span> <span class='ocrx_word' id='word_1_629' title='bbox 940 4801 1175 4871; x_wconf 76' lang='grc' dir='ltr'>εὔχεται,</span> <span class='ocrx_word' id='word_1_630' title='bbox 1221 4803 1267 4853; x_wconf 73' lang='grc' dir='ltr'>εἰ</span> <span class='ocrx_word' id='word_1_631' title='bbox 1319 4802 1390 4872; x_wconf 77' lang='grc' dir='ltr'><strong>μὴ</strong></span> <span class='ocrx_word' id='word_1_632' title='bbox 1448 4803 1685 4875; x_wconf 77' lang='grc' dir='ltr'>ρυσθείη,</span> <span class='ocrx_word' id='word_1_633' title='bbox 1737 4806 1808 4875; x_wconf 80' lang='grc' dir='ltr'><strong>τῆ</strong></span> 
     </span>
    </p>
   </div>
   <div class='ocr_carea' id='block_1_79' title="bbox 1917 4801 3480 4889">
    <p class='ocr_par' dir='ltr' id='par_1_79' title="bbox 1944 4801 3480 4889">
     <span class='ocr_line' id='line_1_79' title="bbox 1944 4801 3480 4889; baseline 0.011 -26"><span class='ocrx_word' id='word_1_634' title='bbox 1944 4813 2162 4868; x_wconf 82' lang='lat' dir='ltr'><strong>liberari</strong></span> <span class='ocrx_word' id='word_1_635' title='bbox 2204 4830 2262 4868; x_wconf 90' lang='lat' dir='ltr'><strong>se</strong></span> <span class='ocrx_word' id='word_1_636' title='bbox 2294 4827 2415 4871; x_wconf 86' lang='lat' dir='ltr'><strong>orat</strong></span> <span class='ocrx_word' id='word_1_637' title='bbox 2448 4815 2729 4887; x_wconf 84' lang='lat' dir='ltr'><strong>Propheta,</strong></span> <span class='ocrx_word' id='word_1_638' title='bbox 2768 4821 2917 4889; x_wconf 77' lang='lat' dir='ltr'><strong>Cujus</strong></span> <span class='ocrx_word' id='word_1_639' title='bbox 2949 4824 3146 4887; x_wconf 88' lang='lat' dir='ltr'><strong>anima,</strong></span> <span class='ocrx_word' id='word_1_640' title='bbox 3178 4823 3229 4875; x_wconf 88' lang='lat' dir='ltr'><strong>ni</strong></span> <span class='ocrx_word' id='word_1_641' title='bbox 3258 4801 3480 4880; x_wconf 65' lang='lat' dir='ltr'><strong>liberata</strong></span> 
     </span>
    </p>
   </div>
   <div class='ocr_carea' id='block_1_80' title="bbox 244 4892 1807 4969">
    <p class='ocr_par' dir='ltr' id='par_1_80' title="bbox 244 4892 1675 4969">
     <span class='ocr_line' id='line_1_80' title="bbox 244 4892 1675 4969; baseline -0.006 -17"><span class='ocrx_word' id='word_1_642' title='bbox 244 4900 438 4969; x_wconf 68' lang='grc' dir='ltr'>ψυχῆς</span> <span class='ocrx_word' id='word_1_643' title='bbox 482 4893 660 4949; x_wconf 77' lang='grc' dir='ltr'>αὐτοῦ</span> <span class='ocrx_word' id='word_1_644' title='bbox 706 4893 781 4955; x_wconf 82' lang='grc' dir='ltr'><strong>ὡς</strong></span> <span class='ocrx_word' id='word_1_645' title='bbox 810 4892 914 4943; x_wconf 85' lang='grc' dir='ltr'><strong>ὑπὸ</strong></span> <span class='ocrx_word' id='word_1_646' title='bbox 941 4892 1149 4949; x_wconf 84' lang='grc' dir='ltr'>λέοντος</span> <span class='ocrx_word' id='word_1_647' title='bbox 1176 4892 1675 4962; x_wconf 79' lang='grc' dir='ltr'>ἁρπασθησομένης,</span> 
     </span>
    </p>
   </div>
   <div class='ocr_carea' id='block_1_81' title="bbox 1472 4892 3035 4969">
    <p class='ocr_par' dir='ltr' id='par_1_81' title="bbox 1472 4894 3035 4967">
     <span class='ocr_line' id='line_1_81' title="bbox 1472 4894 3035 4967; baseline 0.011 -23"><span class='ocrx_word' id='word_1_648' title='bbox 1472 4894 1675 4962; x_wconf 65' lang='grc' dir='ltr'>ιμένης.</span> <span class='ocrx_word' id='word_1_649' title='bbox 1941 4901 2123 4967; x_wconf 80' lang='lat' dir='ltr'><strong>fuerit,</strong></span> <span class='ocrx_word' id='word_1_650' title='bbox 2152 4905 2312 4958; x_wconf 83' lang='lat' dir='ltr'><strong>veluti</strong></span> <span class='ocrx_word' id='word_1_651' title='bbox 2345 4907 2412 4959; x_wconf 84' lang='lat' dir='ltr'><strong>ab</strong></span> <span class='ocrx_word' id='word_1_652' title='bbox 2442 4909 2593 4962; x_wconf 84' lang='lat' dir='ltr'><strong>leone</strong></span> <span class='ocrx_word' id='word_1_653' title='bbox 2614 4908 2914 4963; x_wconf 86' lang='lat' dir='ltr'><strong>devoranda</strong></span> <span class='ocrx_word' id='word_1_654' title='bbox 2948 4911 3035 4962; x_wconf 90' lang='lat' dir='ltr'><strong>sit.</strong></span> 
     </span>
    </p>
   </div>
   <div class='ocr_carea' id='block_1_82' title="bbox 321 4980 1884 5065">
    <p class='ocr_par' dir='ltr' id='par_1_82' title="bbox 321 4980 1841 5055">
     <span class='ocr_line' id='line_1_82' title="bbox 321 4980 1841 5055; baseline -0.011 -12"><span class='ocrx_word' id='word_1_655' title='bbox 321 4990 527 5055; x_wconf 77' lang='grc' dir='ltr'>Κύριε</span> <span class='ocrx_word' id='word_1_656' title='bbox 559 4986 593 5036; x_wconf 85' lang='grc' dir='ltr'><em>ό</em></span> <span class='ocrx_word' id='word_1_657' title='bbox 636 4983 781 5047; x_wconf 85' lang='grc' dir='ltr'><strong>Θεός</strong></span> <span class='ocrx_word' id='word_1_658' title='bbox 816 4997 955 5048; x_wconf 85' lang='grc' dir='ltr'>μου,</span> <span class='ocrx_word' id='word_1_659' title='bbox 991 4983 1044 5032; x_wconf 77' lang='grc' dir='ltr'><strong>ει</strong></span> <span class='ocrx_word' id='word_1_660' title='bbox 1083 4980 1333 5045; x_wconf 80' lang='grc' dir='ltr'>ἐποίησα</span> <span class='ocrx_word' id='word_1_661' title='bbox 1363 4981 1551 5044; x_wconf 83' lang='grc' dir='ltr'>τοῦτο,</span> <span class='ocrx_word' id='word_1_662' title='bbox 1592 4987 1643 5036; x_wconf 80' lang='grc' dir='ltr'><strong>ει</strong></span> <span class='ocrx_word' id='word_1_663' title='bbox 1672 4985 1841 5038; x_wconf 74' lang='grc' dir='ltr'><strong>ἐστιν</strong></span> 
     </span>
    </p>
   </div>
   <div class='ocr_carea' id='block_1_83' title="bbox 1913 4980 3476 5065">
    <p class='ocr_par' dir='ltr' id='par_1_83' title="bbox 2016 4991 3476 5065">
     <span class='ocr_line' id='line_1_83' title="bbox 2016 4991 3476 5065; baseline 0.001 -20"><span class='ocrx_word' id='word_1_664' title='bbox 2016 4991 2175 5045; x_wconf 75' lang='lat' dir='ltr'><strong>Vens.</strong></span> <span class='ocrx_word' id='word_1_665' title='bbox 2213 4991 2268 5045; x_wconf 73' lang='grc'><strong>4.</strong></span> <span class='ocrx_word' id='word_1_666' title='bbox 2307 4993 2524 5047; x_wconf 75' lang='lat' dir='ltr'><strong>Domine</strong></span> <span class='ocrx_word' id='word_1_667' title='bbox 2556 4994 2691 5049; x_wconf 78' lang='lat' dir='ltr'><strong>Deus</strong></span> <span class='ocrx_word' id='word_1_668' title='bbox 2737 5013 2897 5060; x_wconf 83' lang='lat' dir='ltr'><strong>meus,</strong></span> <span class='ocrx_word' id='word_1_669' title='bbox 2929 5000 2974 5050; x_wconf 75' lang='lat' dir='ltr'><strong>si</strong></span> <span class='ocrx_word' id='word_1_670' title='bbox 3002 4998 3102 5065; x_wconf 77' lang='lat' dir='ltr'><strong>feci</strong></span> <span class='ocrx_word' id='word_1_671' title='bbox 3129 4997 3290 5061; x_wconf 80' lang='lat' dir='ltr'><strong>istud,</strong></span> <span class='ocrx_word' id='word_1_672' title='bbox 3324 4998 3371 5049; x_wconf 82' lang='lat' dir='ltr'><strong>si</strong></span> <span class='ocrx_word' id='word_1_673' title='bbox 3405 5009 3476 5049; x_wconf 80' lang='lat' dir='ltr'><strong>est</strong></span> 
     </span>
    </p>
   </div>
   <div class='ocr_carea' id='block_1_84' title="bbox 245 5070 1808 5175">
    <p class='ocr_par' dir='ltr' id='par_1_84' title="bbox 245 5070 1808 5144">
     <span class='ocr_line' id='line_1_84' title="bbox 245 5070 1808 5144; baseline -0.003 -11"><span class='ocrx_word' id='word_1_674' title='bbox 245 5079 467 5133; x_wconf 65' lang='grc' dir='ltr'><strong>ἀδικία</strong></span> <span class='ocrx_word' id='word_1_675' title='bbox 531 5075 607 5126; x_wconf 81' lang='grc' dir='ltr'><strong>ἐν</strong></span> <span class='ocrx_word' id='word_1_676' title='bbox 654 5070 830 5140; x_wconf 78' lang='grc' dir='ltr'>χερσί</span> <span class='ocrx_word' id='word_1_677' title='bbox 880 5087 1020 5138; x_wconf 83' lang='grc' dir='ltr'>μου,</span> <span class='ocrx_word' id='word_1_678' title='bbox 1078 5086 1131 5121; x_wconf 86' lang='grc' dir='ltr'><strong>κ.</strong></span> <span class='ocrx_word' id='word_1_679' title='bbox 1167 5087 1217 5121; x_wconf 86' lang='grc' dir='ltr'>τ.</span> <span class='ocrx_word' id='word_1_680' title='bbox 1264 5072 1307 5123; x_wconf 85' lang='grc' dir='ltr'><strong>ὲ.</strong></span> <span class='ocrx_word' id='word_1_681' title='bbox 1358 5073 1498 5142; x_wconf 82' lang='grc' dir='ltr'><strong>Πρὸς</strong></span> <span class='ocrx_word' id='word_1_682' title='bbox 1542 5074 1808 5144; x_wconf 83' lang='grc' dir='ltr'>ἁμνησικα</span> 
     </span>
    </p>
   </div>
   <div class='ocr_carea' id='block_1_85' title="bbox 2003 5070 3566 5175">
    <p class='ocr_par' dir='ltr' id='par_1_85' title="bbox 2003 5084 3566 5175">
     <span class='ocr_line' id='line_1_85' title="bbox 2003 5084 3566 5175; baseline 0.003 -43"><span class='ocrx_word' id='word_1_683' title='bbox 2003 5084 2187 5153; x_wconf 75' lang='lat' dir='ltr'><strong>iquitas</strong></span> <span class='ocrx_word' id='word_1_684' title='bbox 2211 5085 2263 5136; x_wconf 87' lang='lat' dir='ltr'><strong>in</strong></span> <span class='ocrx_word' id='word_1_685' title='bbox 2283 5085 2515 5137; x_wconf 77' lang='lat' dir='ltr'><strong>manibus</strong></span> <span class='ocrx_word' id='word_1_686' title='bbox 2541 5087 2685 5148; x_wconf 81' lang='lat' dir='ltr'><strong>meis,</strong></span> <span class='ocrx_word' id='word_1_687' title='bbox 2702 5095 2804 5140; x_wconf 87' lang='lat' dir='ltr'><strong>etc.</strong></span> <span class='ocrx_word' id='word_1_688' title='bbox 2820 5087 2897 5138; x_wconf 82' lang='lat' dir='ltr'><strong>Ad</strong></span> <span class='ocrx_word' id='word_1_689' title='bbox 2921 5086 3231 5153; x_wconf 89' lang='lat' dir='ltr'><strong>injuriarum</strong></span> <span class='ocrx_word' id='word_1_690' title='bbox 3246 5084 3475 5139; x_wconf 88' lang='lat' dir='ltr'><strong>oblivio-</strong></span> <span class='ocrx_word' id='word_1_691' title='bbox 3548 5166 3566 5175; x_wconf 68' lang='lat'>_</span> 
     </span>
    </p>
   </div>
   <div class='ocr_carea' id='block_1_86' title="bbox 316 5203 766 5268">
    <p class='ocr_par' dir='ltr' id='par_1_86' title="bbox 316 5203 766 5268">
     <span class='ocr_line' id='line_1_86' title="bbox 316 5203 766 5268; baseline -0.011 -9"><span class='ocrx_word' id='word_1_692' title='bbox 316 5210 367 5241; x_wconf 68' lang='grc' dir='ltr'><strong>θ’</strong></span> <span class='ocrx_word' id='word_1_693' title='bbox 397 5206 561 5260; x_wconf 85' lang='lat' dir='ltr'><strong>Psal.</strong></span> <span class='ocrx_word' id='word_1_694' title='bbox 602 5218 681 5268; x_wconf 84' lang='grc' dir='ltr'>ιιι,</span> <span class='ocrx_word' id='word_1_695' title='bbox 713 5203 766 5255; x_wconf 86' lang='grc'><strong>5.</strong></span> 
     </span>
    </p>
   </div>
   <div class='ocr_carea' id='block_1_87' title="bbox 320 5309 1883 5399">
    <p class='ocr_par' dir='ltr' id='par_1_87' title="bbox 320 5309 1657 5399">
     <span class='ocr_line' id='line_1_87' title="bbox 320 5309 1657 5399; baseline -0.007 -26"><span class='ocrx_word' id='word_1_696' title='bbox 320 5317 447 5386; x_wconf 63' lang='lat'><strong>(5?)</strong></span> <span class='ocrx_word' id='word_1_697' title='bbox 488 5315 566 5399; x_wconf 46' lang='lat'><strong>&#39;10</strong></span> <span class='ocrx_word' id='word_1_698' title='bbox 595 5311 717 5399; x_wconf 66' lang='grc' dir='ltr'><strong>τῷν</strong></span> <span class='ocrx_word' id='word_1_699' title='bbox 743 5309 1091 5399; x_wconf 53' lang='lat' dir='ltr'><strong>ulmeis:th</strong></span> <span class='ocrx_word' id='word_1_700' title='bbox 1110 5319 1217 5399; x_wconf 50' lang='lat' dir='ltr'><strong>letv:</strong></span> <span class='ocrx_word' id='word_1_701' title='bbox 1248 5313 1574 5399; x_wconf 34' lang='lat' dir='ltr'><strong>Cprderiusg</strong></span> <span class='ocrx_word' id='word_1_702' title='bbox 1644 5385 1657 5399; x_wconf 46' lang='lat'><em>.</em></span> 
     </span>
    </p>
   </div>
   <div class='ocr_carea' id='block_1_88' title="bbox 1906 5309 3469 5399">
    <p class='ocr_par' dir='ltr' id='par_1_88' title="bbox 2007 5325 3469 5399">
     <span class='ocr_line' id='line_1_88' title="bbox 2007 5325 3469 5399; baseline 0 -18"><span class='ocrx_word' id='word_1_703' title='bbox 2007 5326 2116 5399; x_wconf 74' lang='grc' dir='ltr'><strong>(Μ)</strong></span> <span class='ocrx_word' id='word_1_704' title='bbox 2146 5328 2481 5397; x_wconf 85' lang='lat' dir='ltr'><strong>Desumptum</strong></span> <span class='ocrx_word' id='word_1_705' title='bbox 2508 5338 2585 5383; x_wconf 84' lang='lat' dir='ltr'><strong>est</strong></span> <span class='ocrx_word' id='word_1_706' title='bbox 2615 5329 2714 5380; x_wconf 84' lang='lat' dir='ltr'><strong>hoc</strong></span> <span class='ocrx_word' id='word_1_707' title='bbox 2742 5328 3098 5391; x_wconf 78' lang='lat' dir='ltr'><strong>fragmentum</strong></span> <span class='ocrx_word' id='word_1_708' title='bbox 3124 5338 3192 5379; x_wconf 79' lang='lat' dir='ltr'><strong>ex</strong></span> <span class='ocrx_word' id='word_1_709' title='bbox 3214 5325 3469 5395; x_wconf 76' lang='lat' dir='ltr'><strong>Apologia</strong></span> 
     </span>
    </p>
   </div>
   <div class='ocr_carea' id='block_1_89' title="bbox 316 5376 1879 5485">
    <p class='ocr_par' dir='ltr' id='par_1_89' title="bbox 316 5376 1825 5485">
     <span class='ocr_line' id='line_1_89' title="bbox 316 5376 1825 5446; baseline 0.012 -25"><span class='ocrx_word' id='word_1_710' title='bbox 316 5376 441 5446; x_wconf 58' lang='lat'><strong>(51)}</strong></span> <span class='ocrx_word' id='word_1_711' title='bbox 488 5383 558 5434; x_wconf 84' lang='grc' dir='ltr'><em>Ἡ</em></span> <span class='ocrx_word' id='word_1_712' title='bbox 584 5380 872 5446; x_wconf 70' lang='grc' dir='ltr'>αἰσχύνη,</span> <span class='ocrx_word' id='word_1_713' title='bbox 904 5386 1006 5427; x_wconf 84' lang='grc' dir='ltr'>ειε.</span> <span class='ocrx_word' id='word_1_714' title='bbox 1036 5376 1253 5430; x_wconf 70' lang='grc' dir='ltr'>Βειιειιιε</span> <span class='ocrx_word' id='word_1_715' title='bbox 1286 5379 1497 5443; x_wconf 89' lang='lat' dir='ltr'><strong>Grabii,</strong></span> <span class='ocrx_word' id='word_1_716' title='bbox 1539 5384 1825 5441; x_wconf 86' lang='lat' dir='ltr'><strong>Barbarus.</strong></span> 
     </span>
     <span class='ocr_line' id='line_1_90' title="bbox 316 5444 1806 5485; baseline 0 0"><span class='ocrx_word' id='word_1_717' title='bbox 316 5448 440 5485; x_wconf 74' lang='lat' dir='ltr'><strong>um</strong></span> <span class='ocrx_word' id='word_1_718' title='bbox 483 5450 634 5485; x_wconf 64' lang='grc' dir='ltr'><em>’Πὰν</em></span> <span class='ocrx_word' id='word_1_719' title='bbox 661 5444 1026 5485; x_wconf 63' lang='grc' dir='ltr'><strong>νιννήιτωηεν-</strong></span> <span class='ocrx_word' id='word_1_720' title='bbox 1055 5453 1153 5485; x_wconf 24' lang='grc' dir='ltr'>ιιιιξι</span> <span class='ocrx_word' id='word_1_721' title='bbox 1178 5444 1394 5485; x_wconf 69' lang='lat' dir='ltr'><strong>Suhmlm</strong></span> <span class='ocrx_word' id='word_1_722' title='bbox 1418 5450 1597 5485; x_wconf 73' lang='lat' dir='ltr'><strong>(2mm:</strong></span> <span class='ocrx_word' id='word_1_723' title='bbox 1646 5452 1806 5485; x_wconf 66' lang='grc' dir='ltr'><strong>Ωηνιι..</strong></span> 
     </span>
    </p>
   </div>
   <div class='ocr_carea' id='block_1_90' title="bbox 1300 5376 2863 5485">
    <p class='ocr_par' dir='ltr' id='par_1_90' title="bbox 1300 5376 2863 5485">
     <span class='ocr_line' id='line_1_91' title="bbox 1300 5376 2855 5399; baseline -0.012 7"><span class='ocrx_word' id='word_1_724' title='bbox 1300 5379 1322 5395; x_wconf 83' lang='lat'><strong>&quot;</strong></span> <span class='ocrx_word' id='word_1_725' title='bbox 1435 5384 1464 5395; x_wconf 89' lang='grc'><strong>··</strong></span> <span class='ocrx_word' id='word_1_726' title='bbox 2010 5376 2114 5399; x_wconf 71' lang='lat' dir='ltr'><strong>\&quot;I</strong></span> <span class='ocrx_word' id='word_1_727' title='bbox 2147 5376 2481 5397; x_wconf 55' lang='lat' dir='ltr'><strong>&quot;‘--&quot;&#39;r&quot;----</strong></span> <span class='ocrx_word' id='word_1_728' title='bbox 2511 5376 2583 5383; x_wconf 68' lang='grc' dir='ltr'><strong>νν-</strong></span> <span class='ocrx_word' id='word_1_729' title='bbox 2618 5376 2709 5380; x_wconf 63' lang='grc' dir='ltr'>ν-ννν</span> <span class='ocrx_word' id='word_1_730' title='bbox 2768 5376 2778 5378; x_wconf 67' lang='lat'>~</span> <span class='ocrx_word' id='word_1_731' title='bbox 2826 5376 2855 5391; x_wconf 86' lang='grc' dir='ltr'><em>υ</em></span> 
     </span>
     <span class='ocr_line' id='line_1_92' title="bbox 1300 5384 2863 5485; baseline -0.005 -13"><span class='ocrx_word' id='word_1_732' title='bbox 1939 5416 2193 5485; x_wconf 81' lang='lat' dir='ltr'><strong>Pamphili</strong></span> <span class='ocrx_word' id='word_1_733' title='bbox 2226 5420 2472 5485; x_wconf 82' lang='lat' dir='ltr'><strong>martyris</strong></span> <span class='ocrx_word' id='word_1_734' title='bbox 2498 5434 2590 5485; x_wconf 83' lang='lat' dir='ltr'><strong>pro</strong></span> <span class='ocrx_word' id='word_1_735' title='bbox 2628 5414 2863 5480; x_wconf 82' lang='lat' dir='ltr'><strong>Origene.</strong></span> 
     </span>
    </p>
   </div>
   <div class='ocr_carea' id='block_1_91' title="bbox 315 5444 1831 5514">
    <p class='ocr_par' dir='ltr' id='par_1_91' title="bbox 315 5444 1831 5514">
     <span class='ocr_line' id='line_1_93' title="bbox 315 5444 1831 5514; baseline 0.008 -16"><span class='ocrx_word' id='word_1_736' title='bbox 315 5444 440 5514; x_wconf 72' lang='grc'><strong>(40)</strong></span> <span class='ocrx_word' id='word_1_737' title='bbox 483 5450 634 5503; x_wconf 81' lang='grc' dir='ltr'><em>Ἐὰν</em></span> <span class='ocrx_word' id='word_1_738' title='bbox 661 5444 1028 5510; x_wconf 53' lang='grc' dir='ltr'>νικήσωμεν,</span> <span class='ocrx_word' id='word_1_739' title='bbox 1055 5453 1155 5496; x_wconf 84' lang='lat' dir='ltr'><strong>etc.</strong></span> <span class='ocrx_word' id='word_1_740' title='bbox 1178 5444 1394 5501; x_wconf 65' lang='lat' dir='ltr'><strong>Schetlae</strong></span> <span class='ocrx_word' id='word_1_741' title='bbox 1418 5450 1619 5513; x_wconf 85' lang='lat' dir='ltr'><strong>Grabii,</strong></span> <span class='ocrx_word' id='word_1_742' title='bbox 1644 5452 1831 5510; x_wconf 82' lang='lat' dir='ltr'><strong>Barba-</strong></span> 
     </span>
    </p>
   </div>
   <div class='ocr_carea' id='block_1_92' title="bbox 242 5516 1805 5590">
    <p class='ocr_par' dir='ltr' id='par_1_92' title="bbox 242 5527 639 5571">
     <span class='ocr_line' id='line_1_94' title="bbox 242 5527 639 5571; baseline 0.013 -6"><span class='ocrx_word' id='word_1_743' title='bbox 242 5527 367 5571; x_wconf 65' lang='grc' dir='ltr'><strong>ηιξ.</strong></span> <span class='ocrx_word' id='word_1_744' title='bbox 634 5528 639 5534; x_wconf 75' lang='grc'><strong>’</strong></span> 
     </span>
    </p>
   </div>
   <div class='ocr_carea' id='block_1_93' title="bbox 1525 5516 3088 5590">
    <p class='ocr_par' dir='ltr' id='par_1_93' title="bbox 1980 5516 3088 5590">
     <span class='ocr_line' id='line_1_95' title="bbox 1980 5516 3088 5590; baseline -0.004 -11"><span class='ocrx_word' id='word_1_745' title='bbox 1980 5524 2114 5590; x_wconf 63' lang='grc'>,(42)</span> <span class='ocrx_word' id='word_1_746' title='bbox 2150 5527 2284 5579; x_wconf 82' lang='grc' dir='ltr'><strong>Καθ’</strong></span> <span class='ocrx_word' id='word_1_747' title='bbox 2310 5525 2579 5583; x_wconf 78' lang='grc' dir='ltr'>ἕκαστον.</span> <span class='ocrx_word' id='word_1_748' title='bbox 2615 5528 2719 5574; x_wconf 91' lang='lat' dir='ltr'><strong>etc.</strong></span> <span class='ocrx_word' id='word_1_749' title='bbox 2746 5516 2921 5571; x_wconf 83' lang='lat' dir='ltr'><strong>Codex</strong></span> <span class='ocrx_word' id='word_1_750' title='bbox 2955 5518 3088 5575; x_wconf 79' lang='lat' dir='ltr'><strong>Roe.</strong></span> 
     </span>
    </p>
   </div>
  </div>
