3958 6246
380 330 514 383 1179

1753 305 1841 354 ελ
1881 300 2036 352 ωιιῡ
2046 295 2175 348 ENE

3604 259 3729 312 1180

380 462 503 501 nem
528 438 655 497 utile
686 447 771 496 est
787 439 890 494 hoc
918 437 1143 493 dictum.
1177 433 1234 487 Si
1277 430 1400 493 feci,
1425 425 1621 495 inquit,
1645 422 1786 491 quod
1820 432 1911 487 pa-
1940 458 1948 476 ε

2119 408 2561 480 ι(ι5)χρήσιμον
2585 402 2653 455 τὸ
2687 396 2903 472 ῥητόν.
2928 391 3007 446 Εἰ
3027 385 3335 455 ἐποίησα,
3354 378 3524 501 ἵησι,
3541 373 3690 501 auito
3707 375 3733 427 ὃ

384 539 523 593 tior:
555 536 598 590 si
622 531 887 589 iusurrexi
913 528 1169 583 adversus
1217 531 1445 593 patrem,
1482 526 1573 570 aut
1603 515 1781 582 inique
1810 511 1913 580 egi.

381 622 636 694 Pr0ponit
667 621 809 674 enim
835 612 1150 686 injuriarum
1188 611 1343 680 581
1389 606 1737 666 oblivionem,
1785 599 1921 653 divi-

386 727 510 766 nam
540 712 796 764 invocans
838 700 1281 759 misericordiam.

459 798 617 852 Vsus.
647 798 701 852 5.
742 795 798 850 Si
828 792 1031 848 reddidi
1064 786 1462 843 retribuentibus
1484 784 1613 836 mihi
1642 779 1808 842 mala,
1833 777 1923 830 de-

387 891 556 944 cidam
585 887 768 941 merito
798 885 860 938 ab
888 882 1111 936 inimicis
1140 880 1269 933 meis
1298 876 1491 938 inanis,
1533 882 1635 926 etc.
1664 871 1771 923 Lex
1806 878 1921 921 lano

387 992 546 1048 quam
580 977 894 1045 paedagogus
928 978 987 1025 ut
1012 967 1244 1038 parvulis
1286 964 1377 1032 qui
1402 963 1576 1015 adhuc
1608 959 1927 1014 erudiuntur

387 1069 613 1124 reddere
662 1064 801 1138 mala
838 1061 1117 1129 permittit,
1147 1065 1202 1110 at
1248 1055 1337 1108 hic
1385 1066 1489 1105 non
1538 1048 1764 1116 amplius
1811 1054 1965 1118 erat.

387 1156 642 1227 parvulus
692 1154 747 1208 in
785 1151 998 1207 Christo
1025 1187 1042 1216 ,
1090 1146 1187 1203 sed
1223 1146 1331 1214 jam
1378 1141 1460 1195 vir
1498 1138 1714 1227 quidam
1764 1149 1927 1227 evan-

392 1223 614 1320 gelicus.
669 1263 688 1296 ι
747 1242 996 1297 Decidam
1050 1237 1270 1292 merito.
1322 1251 1342 1285 ι
1377 1230 1563 1284 Justus
1604 1226 1777 1280 victor
1818 1223 1928 1292 ple-

391 1315 494 1392 nus
546 1336 614 1390 ab
678 1333 911 1388 inimicis
974 1328 1282 1399 egreditur.
1342 1321 1513 1376 malus
1570 1332 1699 1372 vero
1757 1315 1932 1369 victus

393 1426 595 1481 decidit
623 1425 689 1479 ab
725 1422 833 1477 illis
873 1418 1078 1483 inanis,
1112 1430 1210 1471 nec
1247 1412 1412 1468 ullam
1443 1408 1609 1465 habet
1639 1403 1929 1477 plenitudi-

394 1530 736 1671 neEiusdem.
779 1599 957 1654 Inanis
1008 1604 1092 1651 est
1141 1592 1234 1663 qui
1280 1605 1385 1646 non
1419 1590 1543 1644 dicit
1578 1588 1669 1639 3':
1710 1604 1728 1637 ι
1776 1584 1842 1637 Ει
1869 1582 1934 1635 de

2022 468 2664 571 udoiwgiéitavémv
2813 479 3055 555 «arpi;
3071 480 3116 550 ἢ
3142 473 3587 571 ’παρενόιὶησξ
3604 468 3734 571 Ηρα-

2025 557 2275 648 ϐάλλεται
2313 591 2427 661 γὰρ
2469 588 2534 639 τὸ
2577 557 3031 655 ἀξινηέςίκακον,
3088 569 3209 623 τὸν
3259 563 3370 619 τοῦ
3424 558 3565 613 Θεοῦ
3603 557 3736 609 ἔλεον

2026 684 2257 740 ὲκκαλού
2266 697 2449 751 μενος.

2195 735 2597 826 arcane-8a:ch
2640 760 2778 824 τοῖς
2807 743 3385 811 ἀνταποδιδοῦσι
3424 757 3535 810 μοι
3572 735 3736 796 κακὰ,

2028 861 2393 926 ἀποπέσοθμι
2415 857 2537 923 ἄρα
2554 852 2678 908 ἀπὸ
2699 849 2833 903 τῶν
2852 842 3137 913 ἐχθρῶν
3154 856 3302 909 μου
3326 833 3546 897 κενὸς,
3697 830 3736 880 ὲ.

2030 954 2093 1005 Et
2128 953 2157 1003 ὁ
2189 920 2543 1014 παιδαγωγὸς
2586 942 2763 1011 νόμος
2798 935 2928 1007 (44)
2950 930 3293 1002 συγχωρεῖ
3326 920 3740 1014 ἀνταπρδιδόναι

2032 1040 2200 1104 κακὰ,
2217 1040 2294 1100 ὡς
2308 1007 2529 1107 νηπίοις
2555 1007 2673 1094 τοῖς
2689 1029 3102 1094 παιδαγωγου
3114 1021 3337 1092 μένοις
3350 1016 3465 1080 ἔτι,
3491 1007 3647 1076 οὗτος
3656 1013 3743 1064 οὐκ

2033 1133 2114 1185 ἐτι
2144 1133 2339 1202 νήπιος
2363 1105 2434 1198 ἦν
2457 1129 2518 1178 ὲν
2538 1120 2800 1195 Χριστῷ,
2816 1118 2949 1173 ἀλλ’
2967 1116 3210 1169 ἔκτοτε
3246 1105 3633 1177 εὐαγγελικός

2040 1240 2058 1272 ι
2083 1193 2449 1286 Ἀπδπέσοιιιι
2478 1193 2611 1285 ἄρα.
2659 1230 2679 1263 ι
2727 1211 2795 1262 ’0
2829 1209 2944 1278 μὲν
2976 1205 3270 1265 δίκαιος,
3316 1199 3592 1286 νικήσας,
3626 1193 3746 1286 πλῇ-

2039 1326 2138 1380 ρης
2172 1308 2282 1362 ἀπὸ
2321 1280 2434 1357 τῶν
2483 1280 2703 1372 ὲγθρῶν
2757 1297 3092 1366 ἐξέρχεται
3120 1308 3140 1322 ο
3198 1291 3235 1342 ὁ
3406 1283 3650 1380 φαῦλοςἒ
3683 1280 3747 1341 ὼς

2036 1371 2302 1467 νικηθεὶς,
2347 1371 2656 1447 ἀποπίπτει
2688 1385 2891 1442 αὐτῶν
2952 1383 3183 1448 κενὸς,
3242 1377 3361 1433 καὶ
3408 1374 3573 1430 οὐδὲν
3626 1371 3748 1442 ἔχων

2038 1489 2145 1556 πλη
2152 1486 2230 1557 ρώ
2236 1501 2407 1555 ματος
2415 1522 2429 1537 .

2115 1577 2226 1630 Τοῦ
2277 1572 2489 1629 αὐτοῦ.
2526 1570 2709 1633 Κενός
2739 1573 2907 1622 ἐστιν
2956 1567 2992 1619 δ
3030 1563 3132 1636 μὴ
3186 1562 3399 1631 λέγων
3424 1576 3441 1591 ο
3487 1578 3509 1611 ι
3557 1557 3666 1612 Καὶ
3696 1558 3753 1609 ἐκ

465 1648 736 1671 —J""'""'
780 1648 954 1654 """"
1017 1648 1033 1651 ν
1050 1648 1063 1651 -
1081 1648 1087 1649 ί
1158 1648 1175 1663 ι

396 1690 727 1762 plenitudine
767 1688 885 1757 ejus
913 1700 1015 1741 nos
1039 1696 1225 1739 omnes
1254 1680 1578 1747 accepimus.
1618 1694 1636 1727 ι
1674 1674 1773 1740 Qui
1805 1686 1933 1725 vero

2119 1664 2541 1735 ἱπληρὼματος
2594 1658 2777 1713 αὐτοῦ
2833 1659 3027 1728 ἡμεῖς
3085 1654 3344 1715 πάντες
3400 1648 3693 1717 ἐλάϐομεν.
3731 1663 3746 1694 ι

2158 1752 2196 1762 -.
2367 1751 2391 1762 -
2592 1750 2606 1762 .
2722 1747 2767 1762 η
2984 1743 3299 1762 “HM”-
3363 1738 3668 1762 _-1_-.._--
3703 1735 3746 1762 ι.Δ

398 1735 726 1762 ι’·ν···--”·--·-ν
771 1735 884 1757 νσ--σ
914 1735 1011 1741 --ν-
1386 1735 1401 1747 .
1685 1735 1717 1740 --

398 1779 658 1849 ejusmodi
689 1786 835 1840 sunt,
866 1774 1156 1830 arundines
1205 1771 1367 1825 etiam
1414 1774 1698 1827 vocantur,
1733 1777 1851 1831 quas
1883 1762 1933 1813 in

2153 1752 2210 1804 δὲ
2251 1751 2484 1805 τοιοῦτοι
2517 1750 2617 1803 καὶ
2667 1747 2932 1816 κάλαμοι
2984 1743 3303 1812 λέγονται
3360 1738 3668 1810 τρέφοντες
3703 1735 3754 1786 ἐν

401 1883 460 1925 se
505 1867 786 1922 enutriunt
836 1863 1021 1928 feras,
1082 1861 1148 1915 de
1204 1858 1398 1928 quibus
1442 1855 1640 1909 dictum
1689 1861 1774 1906 est
1821 1850 1868 1882 “
1921 1867 1935 1901 :

405 1976 425 2012 ι
467 1958 693 2024 lncrepa
741 1953 882 2008 feras
929 1950 1226 2008 arundinis.
1286 1966 1305 1998 ι
1359 1946 1486 2005 Ει,ι
1535 1941 1809 2003 Diabolus,
1853 1940 1938 1992 in-

401 2048 518 2118 quit
545 2046 642 2100 Job
673 2043 742 2109 ⁸⁸,
777 2042 973 2097 dormit
994 2039 1147 2108 juxta
1175 2050 1458 2106 papyrum,
1486 2044 1539 2088 et
1571 2033 1859 2093 calamum,
1888 2038 1942 2083 et

403 2141 693 2190 carectum.
745 2149 765 2182 ι
808 2129 925 2197 Ipse
964 2128 1106 2181 enim
1140 2139 1232 2178 rex
1263 2131 1557 2177 esteorum
1582 2132 1697 2186 qua:
1731 2125 1857 2173 sunt
1888 2118 1941 2170 in

403 2222 575 2290 aquis.

479 2308 638 2363 Vsus.
676 2304 728 2359 6.
760 2303 1111 2372 Persequatur
1140 2300 1381 2354 inimicus
1415 2298 1642 2351 animam
1675 2309 1865 2357 meam,
1898 2302 1944 2347 et

406 2394 821 2464 comprehendat,
846 2401 894 2446 et
922 2391 1186 2444 conculcet
1216 2388 1269 2441 in
1316 2396 1452 2440 terra
1487 2385 1648 2439 vitam
1676 2398 1862 2444 meam,
1897 2392 1944 2434 et

405 2484 625 2553 gloriam
660 2497 826 2534 meam
864 2480 919 2532 in
945 2478 1205 2547 pulverem
1249 2475 1494 2534 deducat,
1542 2481 1649 2527 etc.
1684 2470 1801 2525 Vita
1830 2470 1947 2540 ejus

406 2571 495 2639 qni
530 2571 703 2624 adhuc
728 2568 923 2622 terreni
955 2566 1241 2634 imaginem
1266 2570 1465 2631 portat,
1496 2562 1550 2615 in
1581 2572 1784 2615 terram
1823 2575 1951 2613 con-

406 2659 656 2715 culcatur
683 2659 749 2711 ab
774 2656 1009 2709 inimico.
1049 2653 1177 2721 Ejus
1220 2650 1392 2719 gloria
1418 2649 1520 2703 etsi
1541 2647 1809 2703 celebrari
1844 2647 1948 2700 ali-

409 2746 623 2818 quando
671 2744 936 2805 videatur,
966 2743 1019 2796 in
1043 2740 1336 2809 ,pulvcrem
1365 2745 1547 2790 tamen
1591 2735 1815 2789 deducta
1845 2744 1948 2800 est,

411 2852 515 2891 non
545 2849 698 2890 secus
742 2848 806 2888 ac
846 2845 1033 2888 eorum
1081 2828 1247 2898 gloria
1290 2826 1381 2894 qui
1421 2824 1689 2893 quidpiam
1722 2823 1951 2888 faciunt,

412 2935 470 2979 ut
498 2924 718 2995 gloriam
748 2932 803 2976 et
836 2920 1044 2974 laudem
1095 2916 1233 2986 vulgi
1265 2922 1477 2984 captent
1507 2920 1562 2968 et
1594 2912 1661 2967 ab
1714 2911 1818 2965 illis
1845 2926 1942 2979 ap-

416 3016 732 3083 probentur.

482 3101 647 3155 Ἴης.
679 3101 732 3154 7.
771 3099 1029 3167 Exsurge,
1050 3096 1288 3159 Domine,
1309 3097 1363 3149 in
1384 3097 1463 3149 ira
1493 3105 1604 3161 tua,
1633 3103 1680 3151 et
1717 3091 1950 3147 exaltare

414 3193 467 3245 in
518 3193 709 3259 ﬁnibus
758 3191 1089 3242 inimicorum
1133 3202 1402 3250 meorum,
1448 3197 1552 3240 etc.
1593 3184 1735 3238 Istud
1784 3201 1802 3234 ι
1852 3197 1951 3235 ex-

418 3295 594 3348 surge,
652 3299 672 3330 s
732 3294 834 3333 non
884 3291 1163 3346 corporeo,
1217 3277 1308 3330 sed
1347 3290 1412 3329 eo
1455 3273 1823 3343 accipiendum
1870 3278 1950 3324 est

419 3384 576 3424 sensu
649 3367 739 3434 qui
799 3366 1090 3420 vindictam
1145 3373 1200 3418 et
1269 3363 1687 3418 internecionem
1744 3359 1952 3428 signiti-

418 3468 521 3514 cet.

490 3547 757 3617 Ejusdem.
807 3545 863 3598 Si
907 3545 986 3598 ira
1018 3542 1114 3596 Dei
1153 3541 1376 3608 corripit
1409 3553 1503 3594 eos
1533 3538 1621 3606 qui
1648 3537 1765 3606 ejus
1790 3537 1956 3590 verbo

421 3637 617 3704 corripi
652 3634 951 3699 noluerunt,
984 3632 1031 3686 is
1052 3631 1144 3700 qui
1177 3632 1292 3684 haec
1340 3630 1493 3693 dicit,
1528 3626 1811 3681 nonnullos
1839 3640 1959 3677 ror-

423 3723 525 3791 ripi
555 3732 727 3790 rogat.
765 3720 988 3786 Quando
1020 3734 1149 3774 vero
1188 3719 1344 3771 linem
1380 3732 1444 3772 ac
1487 3715 1776 3770 terminum
1801 3727 1956 3767 acce-

424 3812 562 3880 perit
614 3809 917 3873 inimicitia,
960 3809 1190 3862 inimicis
1237 3806 1438 3861 Christi
1478 3805 1589 3873 jam
1644 3801 1861 3865 deletis,
1904 3801 1956 3853 in

421 3899 555 3967 ipsis
583 3898 924 3951 inimicorum
978 3895 1174 3949 ﬁnibus
1211 3894 1465 3949 Dominus
1501 3892 1788 3952 exaltatur,
1824 3897 1877 3941 et
1903 3888 1957 3941 in

424 3990 660 4057 quolibet
693 4002 873 4042 eorum
909 3986 999 4054 qui
1041 3992 1255 4054 propter
1301 3980 1562 4037 malitiam
1612 3982 1830 4036 Christo
1866 3978 1961 4031 ini-

424 4079 549 4131 mici
595 4087 769 4142 erant,
821 4078 1076 4130 Dominus
1122 4075 1433 4136 extollitur,
1470 4071 1751 4126 inimicitia
1799 4069 1958 4122 linem

426 4165 666 4231 capiente
692 4204 706 4226 ,
735 4173 898 4231 atque
932 4164 1371 4237 reconciliatione
1418 4160 1766 4227 amicitiaque
1809 4170 1961 4211 exor-

426 4253 622 4309 diente.
659 4252 846 4307 Simile
873 4253 1000 4320 quid
1029 4253 1174 4307 dices
1207 4263 1264 4306 et
1293 4252 1358 4305 de
1389 4250 1623 4304 inimicis
1662 4249 1818 4318 justi.

499 4429 660 4482 V'Etts.
691 4427 742 4479 8.
776 4428 1030 4493 Exsurge,
1062 4426 1280 4480 Domine
1333 4427 1471 4478 Deus
1508 4440 1650 4477 meus
1673 4462 1690 4487 ,
1730 4424 1786 4476 in
1827 4440 1963 4491 pra:-

428 4525 572 4582 cepto
616 4513 750 4581 quod
785 4512 1066 4573 mandasti,
1108 4520 1157 4563 et
1195 4527 1457 4579 synagoga
1499 4509 1809 4579 populorum
1855 4512 1963 4563 cir-

430 4600 688 4656 cumdabit
719 4608 783 4658 te,
817 4606 920 4650 etc.
950 4597 1110 4660 Quasi
1154 4598 1315 4662 dicat,
1358 4600 1490 4652 Cum
1516 4608 1783 4668 pnecepto
1821 4600 1961 4668 quod

432 4690 712 4753 mandasti,
733 4700 983 4755 exsurge,
1004 4685 1286 4740 declarans
1309 4687 1436 4741 illud
1467 4691 1827 4755 potestatibus
1845 4704 1964 4757 quae

434 4780 747 4852 populorum
798 4787 1086 4846 synagoga!
1138 4782 1191 4827 te
1243 4776 1606 4834 circumdanti
1670 4779 1964 4848 adiutrices

435 4881 581 4928 sunt.

504 4964 662 5020 Vsus.
695 4959 750 5024 8,
781 4958 835 5013 9.
873 4955 942 5010 Et
966 4963 1174 5023 propter
1208 4954 1340 5008 hanc
1378 4956 1433 5007 in
1476 4957 1643 5012 altum
1674 4966 1965 5031 regredere.

438 5054 683 5106 Dominus
723 5049 933 5119 judicat
981 5045 1220 5115 populos,
1265 5053 1375 5097 etc.
1410 5044 1462 5096 In
1495 5048 1663 5102 altum
1708 5055 1851 5109 unde
1874 5056 1970 5108 de-

322 5156 345 5169 “
433 5140 705 5207 scendisti,
728 5136 1008 5208 regredere
1040 5145 1156 5204 post
1187 5135 1650 5190 resurrectionem.

498 5233 544 5265 ⁸³
567 5232 720 5287 Joan.
748 5248 788 5296 ι,
826 5229 914 5286 16.
986 5228 1032 5260 ⁸⁵
1063 5228 1201 5285 Psal.
1228 5241 1396 5289 van,
1423 5226 1514 5281 3t.
1583 5230 1628 5261 ⁸⁸
1652 5229 1771 5287 Job.
1808 5249 1892 5294 ιι..
1924 5232 2012 5289 16.

440 5321 790 5444 Βῶἓΐῇἒρὸς
826 5321 1281 5390 ἀμνησικακίαν,
1329 5327 1435 5374 etc.
1490 5317 1711 5377 Schedte
1758 5323 1966 5391 Grabii,

507 5454 709 5536 μηδὲ
729 5459 761 5507 ό
777 5456 1143 5536 ,παιδαγωγὸς
1172 5467 1374 5536 νόμος,
1404 5464 1508 5511 etc.
1531 5458 1736 5511 Eaedem
1763 5461 1971 5513 schedio.

444 5535 568 5571 mss.
594 5523 645 5572 et
674 5523 838 5575 Barba
847 5540 952 5578 rus.

515 5586 620 5653 (45)
654 5589 718 5640 Ἠ
743 5588 854 5657 ζωὴ
880 5594 1009 5660 τοῦ,
1044 5614 1142 5662 ac,
1177 5601 1391 5664 Emdcm
1423 5594 1648 5659 schedia,
1687 5594 1966 5650 Barbarus.

2041 1844 2256 1904 ἑαυτοῖς
2286 1841 2476 1911 θηρία,
2509 1839 2645 1911 περὶ
2675 1831 2759 1891 ῶν
2785 1835 3043 1907 εἴρηται
3062 1850 3078 1863 °
3140 1853 3166 1884 α
3223 1831 3620 1900 Ἐπιτίμησον
3655 1830 3757 1888 τοῖς

2040 1932 2251 2004 θηρίοις
2284 1932 2558 2002 καλάμου.
2602 1949 2622 1982 ι
2656 1928 2804 1993 Καὶ,
2845 1944 2868 1979 ι
2914 1927 2988 1979 '0
3022 1924 3339 1987 διάϐολος
3367 1922 3433 1976 δὲ
3472 1918 3629 1992 παρὰ
3658 1918 3754 1972 ﬁd-

2042 2040 2211 2094 πυρον
2235 2023 2521 2092 κοιμᾶται,
2549 2041 2567 2072 ι
2598 2019 2777 2090 φησὶν
2810 2019 2844 2071 ὁ
2885 2016 3058 2081 Ἰὼϐ,
3117 2034 3143 2066 ε
3198 2015 3317 2068 καὶ
3344 2013 3645 2084 βοΰτομον,
3673 2010 3756 2062 καὶ

2044 2111 2307 2180 κάλαμον.
2351 2128 2370 2161 ι
2419 2107 2613 2171 Ἀὐτὸς
2644 2107 2764 2177 γάρ
2818 2108 2954 2159 εστι
3006 2103 3330 2174 βασιλεὺς
3380 2100 3502 2155 τῶν
3555 2101 3613 2153 ὲν
3656 2098 3754 2161 τοῖς

2045 2201 2221 2255 ὕδασι.

2114 2276 2487 2354 Καταδιώξάι
2510 2288 2633 2355 ἄρα
2662 2290 2697 2341 d
2724 2285 2973 2354 ἐχθρὸς
3002 2284 3154 2353 τὴν
3191 2283 3447 2353 ψυχήν
3477 2298 3625 2353 μου,
3668 2279 3754 2333 καὶ

2046 2383 2391 2444 καταλάϐοι,
2447 2378 2551 2432 καὶ
2596 2375 3084 2443 καταπατῆσαι
3136 2378 3249 2441 εις
3303 2374 3443 2444 γῆν
3471 2372 3589 2439 τὴν
3614 2369 3762 2434 ζωήν

2040 2492 2182 2544 μου,
2206 2473 2305 2527 καὶ
2334 2470 2451 2538 τὴν
2475 2469 2675 2532 δόξαν
2702 2485 2835 2536 μου
2865 2470 2971 2533 εὶς
3016 2466 3215 2536 χοῦν
3250 2462 3755 2530 κατασκηντὶυαι,

2047 2582 2101 2617 κ.
2134 2582 2182 2617 τ.
2215 2565 2262 2616 ὲ.
2302 2563 2367 2613 Ἠ
2398 2560 2515 2629 ζωὴ
2556 2558 2672 2629 (45)
2719 2556 2825 2611 τοῦ
2861 2556 2958 2609 ἔτι
2991 2557 3118 2627 τὴν
3168 2556 3393 2610 εἰκόνα
3443 2554 3548 2607 τοῦ
3586 2552 3758 2623 χοϊκοῦ

2050 2653 2343 2725 φοροῦντος
2375 2649 2866 2717 καταπεπάτηται
2906 2647 3037 2700 ὑπὸ
3091 2646 3213 2700 τοῦ
3263 2645 3489 2717 ἐχθροῦ
3534 2646 3615 2701 εἰς
3644 2642 3757 2713 γῆν.

2051 2738 2219 2804 Οὗτος
2247 2741 2326 2803 δὲ,
2348 2739 2455 2793 κᾶν
2484 2735 2826 2803 δοξάζεσθαί
2869 2752 3030 2788 ποτε
3090 2736 3284 2807 δοκῇ,
3333 2736 3760 2803 κατεσκήνωσεν

2050 2829 2215 2885 αὐτοῦ
2240 2831 2274 2900 ἡ
2306 2827 2434 2893 δόξα
2468 2829 2549 2890 εἰς
2585 2824 2748 2894 χοῦν,
2777 2825 2865 2887 ὡς
2898 2824 3032 2877 τῶν
3074 2825 3435 2878 ποιούντων
3464 2842 3523 2876 τι
3563 2822 3650 2875 διὰ
3684 2821 3761 2874 δό-

2054 2922 2148 2986 ξαν
2177 2920 2271 2973 καὶ
2302 2919 2395 2971 τὸν
2435 2916 2591 2986 παρὰ
2626 2914 2860 2969 πολλῶν
2914 2914 3213 2980 ἔπαινον,
3256 2915 3298 2986 ἢ
3356 2914 3472 2985 τὴν
3508 2912 3641 2983 παρ’
3668 2911 3762 2965 αὑ-

2052 3005 2163 3059 τῶν
2186 3004 2483 3073 ἀποδοχήν.

2137 3092 2469 3158 Ἀνάστηθι,
2522 3091 2735 3158 Κύριε,
2773 3090 2856 3143 ἐν
2907 3090 3089 3159 ὀργῇ
3150 3105 3323 3155 σου,
3384 3089 3667 3159 ὑψώθητι
3698 3088 3764 3141 ἐν

2056 3181 2181 3247 τοῖς
2220 3180 2440 3248 πέρασι
2469 3178 2593 3232 τῶν
2631 3178 2887 3247 ἐχθρῶν
2926 3197 3102 3248 μου,
3148 3199 3213 3234 κ.
3256 3199 3320 3235 τ.
3372 3185 3427 3234 ἐ.
3471 3181 3551 3233 Οὐ
3589 3196 3762 3248 σωμα-

2056 3270 2222 3334 τικῶς
2252 3269 2362 3338 (46)
2387 3268 2614 3339 νοητέον
2634 3268 2719 3334 τὸ,
2735 3291 2756 3319 ι
2788 3270 3173 3341 ἀναστῆναι,
3203 3292 3225 3325 ι
3246 3272 3411 3327 ἀλλὰ
3434 3271 3501 3325 τὸ
3523 3286 3762 3342 τιμωρη-

2057 3361 2209 3415 τικὸν
2244 3360 2337 3412 καὶ
2357 3358 2725 3412 ἀναλωτικόν.

2137 3538 2248 3593 Τοῦ
2277 3537 2488 3592 aliter").
2518 3538 2585 3590 Et
2619 3540 2656 3608 ὴ
2675 3539 2828 3610 ὀργὴ
2850 3539 2984 3611 (47)
3011 3541 3123 3595 τοῦ
3155 3542 3324 3596 Θεοῦ
3354 3540 3618 3596 παιδεύει
3646 3541 3760 3601 τοὺς

2068 3629 2143 3700 μὴ
2172 3630 2317 3699 λόγῳ
2376 3627 2748 3697 παιδευθῆναι
2803 3628 3194 3700 θελήσαντας
3260 3634 3481 3699 αὐτοῦ,
3533 3634 3564 3687 ὀ
3602 3630 3763 3685 ταῦτα

2063 3720 2237 3787 λέγων
2290 3717 2655 3787 παιδευθῆναι
2711 3734 2883 3781 τινας
2951 3720 3234 3791 εὔχεται.
3285 3724 3484 3777 ’Ὀταν
3524 3723 3584 3776 δὲ
3622 3722 3761 3781 τέλος

2068 3809 2162 3861 καὶ
2189 3808 2362 3878 πέρας
2389 3807 2533 3879 λάϐῃ
2560 3809 2595 3876 ἡ
2642 3806 2853 3877 ἔχθρα,
2910 3810 3038 3863 τῶν
3081 3812 3333 3884 ἐχθρῶν
3378 3813 3491 3868 τοῦ
3536 3809 3760 3885 Χριστοῦ

2068 3898 2552 3969 καταργουμένων,
2595 3895 2846 3966 ὑψοῦται
2892 3900 2960 3951 ὲν
3001 3903 3222 3966 αὐτοῖς
3288 3906 3520 3975 πέρασι
3548 3904 3658 3957 τῶν
3681 3906 3761 3972 ὲχ-

2067 3987 2211 4058 θρῶν
2260 3989 2288 4040 ὁ
2340 3985 2567 4057 Κύριος,
2608 3987 2709 4038 καὶ
2747 3987 2884 4041 καθ’
2917 3988 3187 4045 ’ἑκαστον
3241 3994 3378 4048 τῶν
3435 3995 3531 4049 διὰ
3580 3994 3763 4056 κακίας

2068 4075 2277 4145 ἐχθρῶν
2308 4075 2548 4146 Χριστοῦ
2579 4075 2826 4144 ὑψοῦται
2869 4079 2901 4129 ὁ
2936 4079 3199 4148 Κύριος,
3245 4086 3455 4154 πέρας
3500 4084 3761 4153 λαϐούσης

2068 4166 2168 4234 τῆς
2195 4164 2416 4234 ἔχθρας,
2445 4164 2543 4217 καὶ
2571 4164 2758 4234 ἀρχὴν
2791 4166 3055 4238 ἐχούσης
3091 4171 3211 4240 τῆς
3259 4174 3649 4244 καταλλαγῆς
3676 4171 3763 4225 καὶ

2071 4251 2271 4320 φιλίας.
2296 4250 2371 4302 Τὸ
2398 4250 2457 4302 δὲ
2484 4250 2677 4319 ὅμοιον
2712 4252 2872 4321 ἐρεῖς
2908 4255 3017 4306 καὶ
3055 4258 3203 4328 περὶ
3246 4261 3382 4314 τῶν
3419 4262 3644 4333 ἐχθρῶν
3676 4259 3762 4311 τοῦ

1986 4358 2034 4411 ι)
2059 4341 2291 4400 δικαίου.

2150 4430 2537 4499 Ἑξεγέρθητι,
2590 4432 2782 4497 Κύριε
2815 4437 2852 4488 ό
2904 4439 3066 4503 Θεός
3121 4457 3297 4507 Jun),
3362 4444 3447 4496 ἐν
3507 4439 3766 4510 προστά-

2066 4539 2240 4592 γματι
2272 4514 2320 4586 ᾧ
2346 4520 2651 4583 ἐνετείλω,
2677 4523 2785 4575 καὶ
2821 4529 3181 4597 συναγωγὴ
3225 4531 3428 4584 λαῶν
3463 4531 3764 4586 κυκλώσει

2066 4626 2161 4673 σε,
2189 4630 2242 4664 κ.
2278 4628 2330 4662 τ.
2359 4612 2403 4662 ὲ.
2450 4610 2601 4662 Ἀντὶ
2647 4611 2775 4677 τοῦ,
2807 4615 2955 4668 Μεθ’
2986 4610 3052 4670 οῦ
3087 4617 3222 4689 (48)
3257 4623 3552 4677 ὲνετεὶλω
3600 4638 3762 4693 προσ-

2065 4701 2343 4770 τάγματος
2395 4698 2765 4771 ὲξεγέρθητι,
2818 4708 3215 4776 προστάσσων
3280 4713 3442 4766 αὐτὸ
3498 4714 3763 4783 δυνάμεσι

2070 4790 2462 4859 συνεργούσαις
2492 4792 2562 4861 τῇ
2597 4792 2893 4868 κυκλούσῃ
2939 4814 3001 4849 σε
3045 4807 3397 4876 συναγωγῇ
3436 4803 3619 4857 λαῶν.

2137 4964 2442 5066 Καλὺςτὲρ.
2463 4969 2696 5038 ταύτης
2720 4976 2812 5039 εὶς
2848 4975 3013 5043 ὕψος
3054 4976 3512 5051 ὲπίστρεψον.
3546 4985 3759 5051 Κύριος

2072 5056 2267 5122 κρινεῖ
2299 5056 2519 5124 λαοὺς,
2563 5076 2622 5112 κ.
2656 5078 2714 5115 τ.
2753 5064 2801 5116 ὲ.
2844 5063 2945 5129 Εἰς
2972 5066 3035 5119 τὸ
3079 5065 3233 5136 ῦψος
3270 5072 3406 5145 (49)
3431 5074 3570 5129 ὅθεν
3592 5089 3758 5127 καταο

2074 5144 2347 5216 ϐέϐηκας,
2383 5149 2733 5223 ὲπίστρεψον
2772 5156 2918 5227 μετὰ
2951 5158 3052 5230 τὴν
3078 5158 3449 5222 ἀνάστασιν.

2283 5333 2376 5411 03
2401 5337 2796 5411 σωματικῶς,
2825 5352 2935 5398 etc.
2971 5340 3200 5397 Scheda:
3224 5342 3478 5411 Grabii.

2151 5396 2267 5491 ε’ξῖὶ
2299 5396 3139 5491 $13912},.sﬁizcé'déﬁt's:

2076 5465 2268 5583 mihi
2299 5465 2473 5525 ‘Av‘il
2506 5465 2815 5536 ἱὸὔίΜεθ
2842 5477 2939 5545 οὗ,
2975 5490 3080 5534 etc.
3125 5477 3381 5534 δεδοοω
3424 5499 3574 5539 mss.
3612 5483 3748 5541 Cra-

2156 5598 2272 5669 (49)
2307 5607 2419 5675 Elc
2445 5612 2517 5667 τὸ
2554 5616 2748 5689 ὕψος,
2782 5632 2887 5677 etc.
2914 5619 3116 5673 Eaedem
3142 5579 3405 5672 scheme.
