3958 6230
221 307 418 396 υει

1313 319 1614 375 samera
1650 318 1714 372 IN
1749 296 2080 372 PSALMOS.
2120 345 2191 358 -
2222 313 2415 368 PSAL.
2456 312 2586 366 Vlll.

3385 302 3521 358 ΗΜ

349 424 486 484 Τόῦ
511 430 742 490 αὑτοῦ.
783 454 804 487 ι
855 439 1031 494 Ὅταν
1047 439 1259 509 ὑψωθῶ,
1283 440 1434 508 φησὶ,
1463 439 1664 498 πάντας
1683 435 1890 488 ἑλκύσω

2059 431 2329 500 Ejusdem.
2361 448 2382 483 ι
2419 430 2550 484 Cum
2573 425 2834 480 exaltatus
2864 419 3034 491 luero,
3062 421 3232 492 inquit
3253 421 3320 487 “,
3339 419 3516 474 omnia

273 518 436 587 πρὸς
470 516 750 587 ἐμαυτόν.
793 541 816 575 ι

376 609 872 678 Συντελεσθήτω
886 614 966 683 δὴ
999 616 1250 682 πονηρία
1269 612 1644 683 ἁμαρτωλῶν,
1671 631 1726 666 κ.
1760 630 1812 664 τ.
1841 613 1886 663 ὲ.

307 707 488 758 ὀταν
527 699 722 753 οὐκέτι
768 701 888 773 (50)
920 703 1205 773 ἁμαρτάνῃ
1230 719 1333 767 τις,
1367 700 1691 753 συντελεῖται
1726 697 1889 751 αὑτοῦ

319 799 366 866 ἡ
393 791 626 864 πονηρία
647 809 662 823 ·
700 792 737 864 ἢ
785 794 1028 865 πονηρία
1057 793 1162 848 τῶν
1209 791 1541 863 ἁμαρτωλῶν
1576 793 1604 842 6
1651 787 1890 849 διάϐολός

319 887 469 941 ἔστι.

412 966 556 1019 Ἐὰν
598 967 680 1034 μὴ
724 969 1150 1037 ἐπιστραφῆτε,
1176 966 1278 1029 ἕως
1317 965 1432 1029 τοῦ,
1471 963 1876 1029 καταϐήσεται,

309 1069 382 1108 κ.
416 1069 472 1108 τ.
523 1054 575 1108 ἑ.
633 1056 862 1122 Μήποτε
927 1055 1491 1125 παρασεσιωπημένως
1547 1051 1654 1121 (5|)
1709 1049 1881 1103 ταῦτα

310 1143 459 1213 περὶ
504 1143 603 1196 τοῦ
633 1143 880 1196 διαϐόλου
915 1143 1142 1212 εἴρηται.
1171 1137 1334 1206 Οὗτος
1366 1142 1472 1211 γάρ
1514 1140 1646 1211 πρὸς
1676 1139 1882 1200 τούτοις

309 1235 420 1288 καὶ
439 1233 714 1302 ὡδίνησεν
746 1233 958 1286 ἀδικίαν
1006 1233 1098 1286 καὶ
1129 1231 1194 1284 τὰ
1239 1232 1383 1300 ἑξῆς,
1417 1232 1549 1302 ὀργὴ
1585 1229 1880 1297 τυγχάνων.

328 1323 394 1376 Ὀ
423 1322 626 1392 Πατὴρ
658 1322 714 1373 δὲ
739 1322 832 1374 τοῦ
864 1321 1129 1384 εἰπόντος’
1171 1341 1188 1372 ι
1221 1321 1359 1388 Ἐγὼ
1382 1323 1494 1389 εἰμι
1519 1322 1552 1388 ἡ
1573 1319 1703 1387 ζωὴ,
1738 1335 1756 1368 ι
1789 1317 1884 1384 οὐχ

310 1409 616 1479 ἐτοιμάζει
643 1409 702 1460 ὲν
730 1407 809 1477 τῷ
837 1407 974 1477 τόξῳ
1005 1408 1166 1460 αὑτοῦ
1201 1407 1365 1475 σκεύη
1415 1406 1638 1459 θανάτου
1659 1420 1672 1433 ο
1707 1401 1884 1470 τίθησι

309 1498 453 1565 γοῦν
481 1497 550 1548 τὸ
577 1495 734 1559 τόξον
765 1495 927 1547 αὐτοῦ
964 1497 1020 1548 ὲν
1053 1498 1116 1564 τῇ
1147 1495 1359 1565 νεφέλῃ,
1405 1494 1490 1545 ἵνα
1525 1493 1596 1561 μὴ
1637 1490 1885 1559 ἐπαγάγῃ

312 1586 470 1654 ὕδωρ
508 1581 900 1650 κατακλυσμοῦ
942 1583 1032 1635 ἐπὶ
1064 1583 1160 1651 τὴν
1201 1582 1322 1650 γῆν.
1357 1581 1445 1632 Διὸ
1489 1577 1734 1650 περὶτοῦ
1775 1577 1886 1627 δια-

309 1671 482 1723 σόλου
538 1671 720 1723 ταῦτα
757 1669 1008 1738 λέγεσθαι
1040 1669 1332 1738 νομιστέον.
1377 1667 1486 1720 Καὶ
1527 1664 1884 1736 πεπυρωμένα

307 1761 410 1815 τοῦ
435 1761 694 1830 πονηροῦ
725 1761 890 1824 ἐστιν,
915 1758 950 1812 ἃ
974 1755 1319 1827 ἐξειργάσατο
1341 1759 1450 1818 τοῖς
1476 1755 1774 1824 καιομένοις
1797 1753 1887 1806 καὶ
1928 1747 1965 1802 Β

309 1869 500 1922 πυροῦ
512 1851 703 1920 μένοις
728 1849 832 1901 ὑπὸ
865 1848 1068 1901 παθῶν.

388 1941 510 1993 Τοῦ
541 1940 716 1994 αὐτοῦ
746 1942 825 2003 είς
857 1941 918 1993 τό
940 1957 953 1972 ’
989 1941 1096 1994 Καὶ
1120 1941 1188 1994 ὲν
1215 1938 1372 2004 αὑτῷ
1397 1938 1678 2006 ἡτοίμασε
1703 1937 1886 2002 σκεύη

309 2032 626 2095 θανάτου,
675 2048 732 2083 κ.
788 2047 839 2083 τ.
885 2031 931 2082 έ.
981 2019 1151 2099 Σκεύη
1188 2029 1412 2082 θανάτου
1449 2027 1555 2096 (52)
1589 2027 1722 2078 είσὶν
1758 2026 1891 2079 ἀκά-

310 2121 508 2190 θαρτα.
541 2119 765 2187 λογικὰ,
811 2119 844 2187 ἢ
879 2121 934 2171 αί
966 2119 1055 2170 τὸν
1087 2118 1309 2171 θάνατον
1346 2118 1560 2186 ἔχουσαι
1587 2115 1780 2184 ψυχαί·
1817 2114 1891 2176 ὡς

314 2212 500 2280 σκεύη
541 2209 694 2279 ζωῆς
726 2212 779 2262 αἱ
824 2209 920 2279 τὴν
950 2207 1090 2277 ζωὴν
1123 2207 1333 2278 ἔχουσαι
1375 2207 1557 2276 ψυχαί.
1602 2205 1752 2258 Οὕτω
1786 2205 1893 2274 γὰρ

310 2301 414 2353 καὶ
451 2297 684 2352 Παῦλον
713 2296 903 2358 σκεῦος
931 2296 1156 2365 ἐκλογῆς
1196 2296 1468 2364 ὠνόμασεν
1512 2296 1539 2346 6
1575 2295 1790 2362 Κύριος.

401 2387 570 2440 Ἰδοὺ
610 2387 911 2451 ὠδίνησεν
946 2383 1200 2446 ἀδικίαν,
1237 2381 1526 2434 συνέλαϐε
1559 2381 1763 2441 πόνον,
1797 2377 1892 2431 καὶ

309 2478 544 2530 ἔτεκεν
569 2474 849 2541 ἀνομίαν,
883 2489 936 2524 κ.
964 2488 1016 2524 τ.
1042 2471 1090 2522 ὲ.
1139 2470 1193 2522 '0
1228 2469 1301 2539 μὴ
1339 2467 1574 2536 φιλόθεος
1609 2467 1736 2536 (55),
1765 2465 1895 2520 ἀλλά

314 2567 649 2635 φιλήδονος,
673 2564 935 2630 ἀνάλογον
954 2557 1039 2624 αἷς
1066 2559 1297 2612 δουλεύει
1322 2561 1526 2629 ἡδοναῖς
1545 2557 1895 2626 συλλαμϐάνει

313 2655 499 2706 πόνον
543 2652 646 2704 ἕνα
672 2650 1036 2721 συνημμένον,
1079 2649 1170 2700 καὶ
1208 2647 1280 2718 μὴ
1321 2647 1507 2714 έχοντα
1555 2644 1750 2714 μεταξὺ
1782 2645 1895 2698 διά-

311 2752 573 2814 λειμμα,
613 2741 709 2794 καὶ
739 2740 916 2791 ὡδίνει
949 2738 1178 2798 ἀδικίαν,
1213 2735 1305 2788 καὶ
1343 2735 1509 2787 τίκτει
1545 2735 1786 2803 ἀνομίαν.
1809 2734 1900 2789 Ἐκ

310 2836 372 2887 δὲ
393 2835 524 2885 τῶν
547 2830 808 2883 ἐναντίων
830 2831 858 2881 6
889 2827 962 2898 μὴ
1007 2826 1296 2897 φιλήδονος,
1326 2825 1457 2878 ἀλλὰ
1487 2823 1741 2892 φιλόθεος,
1773 2823 1901 2879 ἀνά-

313 2930 492 2990 λογον
527 2915 617 2982 οἷς
641 2919 954 2987 ἀναδέχεται
981 2917 1049 2968 δι’
1077 2915 1273 2985 ἀρετὴν
1313 2915 1508 2976 πόνοις,
1545 2911 1900 2981 συλλαμῦάνει

313 3011 666 3072 εὐπάθειαν,
717 3007 816 3074 τὴν
857 3005 1052 3074 χαρὰν,
1095 3004 1221 3071 μίαν
1264 2999 1628 3070 συνημμένην,
1676 3000 1770 3054 καὶ
1826 3000 1898 3071 μὴ

313 3103 575 3172 ἔχουσαν
611 3095 813 3168 μεταξὺ
847 3094 1159 3161 διάλειμμα,
1189 3092 1282 3143 καὶ
1326 3090 1502 3143 ὠδίνει
1542 3089 1896 3158 διιαιοσύνην,

315 3189 420 3243 καὶ
451 3187 645 3239 τίκτει
676 3181 931 3251 εὐνομίαν
949 3197 962 3209 ο
992 3181 1082 3232 καὶ
1111 3177 1280 3242 οὕτως
1309 3178 1493 3232 τέκνον
1525 3177 1728 3245 γίνεται
1751 3178 1892 3230 εύνο·

317 3279 492 3348 μίας,
521 3272 761 3343 ἀνομίαν
795 3270 1029 3339 ἑκάστην
1057 3267 1244 3338 μισῶν.

1924 3051 1968 3108 C

394 3549 530 3606 Τοῦ
579 3545 773 3600 αὑτοῦ
818 3545 904 3608 εις
949 3542 1015 3596 τὸ
1061 3541 1225 3596 αὐτό.
1256 3539 1477 3592 Ἐτεκεν
1516 3537 1739 3606 ἀνομίαν
1769 3535 1900 3605 (54),

307 3638 528 3707 ἐπειδὴ
568 3633 832 3688 συνέλαϐε
866 3633 1044 3695 πόνον,
1079 3631 1171 3684 καὶ
1199 3629 1452 3696 ὠδίνησεν
1496 3626 1726 3679 ἀδικίαν.
1755 3623 1900 3692 Αὕτη

308 3731 430 3800 γάρ
496 3729 656 3778 ἐστιν
691 3722 978 3777 ἀκολουθία
1022 3720 1254 3788 φύσεως.
1299 3718 1567 3786 Ὠδίνησεν
1625 3714 1904 3784 Ἀχιτὸφελ

307 3821 415 3891 τὴν
444 3813 712 3884 πονηρὰν
743 3810 1168 3880 εἰσηγησάμενος
1191 3806 1434 3876 γνώμην.

377 3904 663 3962 Adsertor
694 3899 906 3966 ὤρυξε,
947 3897 1043 3949 καὶ
1084 3895 1431 3961 ἀνέσκαψεν
1456 3892 1658 3950 αὐτόν,
1683 3891 1778 3943 καὶ
1809 3891 1906 3959 ἐμ-

305 3991 618 4049 πεσεῖται
646 3992 734 4053 εὶς
760 3988 985 4053 ,βόθρον
1007 3985 1076 4038 ὃν
1093 3983 1422 4051 εἰργάσατο.
1471 3979 1844 4046 Ἐπιστρέψει
1873 3983 1904 4032 ὀ

303 4088 529 4146 πόνος
574 4079 766 4132 αὑτοῦ
798 4080 884 4142 εὶς
911 4075 1182 4142 κεφαλὴν
1215 4071 1421 4134 αὐτοῦ,
1455 4071 1554 4123 καὶ
1589 4071 1683 4122 ἐπὶ
1731 4087 1900 4136 κορυ-

303 4175 457 4242 φὴν
483 4166 687 4222 αὑτοῦ
724 4166 762 4231 ἡ
801 4163 1000 4217 ἀδικία
1040 4159 1220 4213 αὐτοῦ
1251 4155 1658 4222 καταϐήσεται,
1692 4172 1745 4206 κ.
1774 4171 1824 4207 τ.
1857 4155 1902 4206 ἐ.

303 4266 576 4333 Μήποτε
609 4258 638 4308 6
669 4255 872 4315 λάκκος
897 4252 1008 4323 (55)
1038 4250 1232 4319 χωρίον
1260 4246 1525 4309 κολάσεως
1549 4247 1713 4307 ἐστιν,
1740 4246 1816 4306 είς
1847 4243 1904 4295 ὃν

1992 522 2198 576 traham
2229 520 2296 574 ad
2325 534 2411 574 me
2437 520 2634 586 ipsum.
2668 534 2687 566 ι

2060 610 2220 680 582
2253 610 2411 663 Vens.
2454 607 2540 663 10.
2579 605 2977 660 Consummetur
3012 601 3237 669 nequitia
3283 606 3522 667 peccato-

1991 715 2128 764 rum,
2157 709 2264 753 etc.
2293 695 2516 761 Quando
2547 693 2739 762 aliquis
2773 690 2885 759 iam
2920 686 3147 753 amplius
3177 701 3281 739 non
3311 694 3520 754 peccat,

1992 798 2116 843 tunc
2133 787 2247 856 ejus
2286 785 2543 853 iniquitas
2568 786 3007 841 consummatur;
3032 775 3115 830 vel
3135 775 3298 830 etiam
3326 774 3523 844 iniqui-

1993 887 2072 932 tas
2094 884 2434 944 peccatorum
2464 871 2710 926 diabolus
2739 877 2839 922 est.

2059 965 2218 1018 Vsus.
2245 961 2433 1016 l5-l8.
2455 959 2576 1014 Nisi
2601 959 2830 1013 conversi
2850 955 3074 1026 fueritis,
3094 965 3262 1021 usque
3283 951 3350 1004 ad
3373 949 3521 1014 illud,

1992 1052 2281 1114 descendet,
2319 1059 2423 1106 etc.
2473 1050 2633 1104 Forte
2682 1047 2796 1100 haec
2847 1045 3004 1098 tacite
3048 1043 3112 1096 de
3139 1036 3350 1094 diabolo
3381 1036 3522 1090 dicta

1993 1150 2134 1196 sunt.
2166 1140 2262 1194 llic
2297 1144 2439 1193 enim
2485 1153 2604 1193 cum
2637 1137 2750 1204 ipsa
2775 1133 2855 1186 ira
2899 1133 2994 1196 sit,
3025 1129 3274 1198 parturiit
3306 1125 3520 1194 iniusti-

1996 1232 2147 1295 tiam,
2175 1239 2230 1285 et
2257 1239 2449 1285 caetera
2470 1241 2588 1296 qua:
2613 1232 2928 1293 sequuntur.
2961 1220 3121 1273 Pater
3167 1226 3344 1271 autem
3380 1214 3522 1269 illius

1994 1321 2082 1390 qui
2122 1320 2300 1374 dixit:
2335 1337 2353 1371 ι
2391 1318 2501 1385 Ego
2543 1330 2660 1369 sum
2707 1313 2835 1375 vita,
2879 1329 2898 1361 ι
2936 1324 3040 1363 non
3090 1315 3244 1377 parat
3289 1306 3342 1359 in
3393 1315 3523 1358 arcu

1995 1422 2096 1463 suo
2127 1422 2255 1462 vasa
2279 1408 2488 1468 mortis,
2517 1404 2606 1458 sed
2633 1402 2782 1471 ponit
2818 1412 3000 1452 arcum
3023 1411 3176 1451 suum
3207 1396 3259 1448 in
3285 1393 3442 1457 nube,
3467 1400 3526 1444 ut

1999 1512 2100 1552 non
2127 1497 2346 1551 inducat
2371 1508 2566 1562 aquam
2613 1489 2796 1544 diluvii
2845 1489 2896 1540 in
2940 1495 3158 1540 terram.
3191 1482 3529 1548 Quapropter

1999 1588 2112 1642 haec
2139 1588 2204 1642 de
2247 1585 2457 1640 diabolo
2489 1582 2595 1638 dici
2628 1577 3042 1636 existimandum
3067 1581 3170 1628 est.
3200 1571 3367 1640 lgnita
3403 1577 3528 1623 sunt

1998 1675 2214 1743 maligni
2253 1673 2432 1740 iacula
2485 1683 2604 1738 qua:
2636 1664 2955 1738 praeparavit
3005 1663 3070 1718 iis
3122 1673 3257 1730 quos
3307 1656 3530 1712 allectus

1995 1773 2156 1818 urunt
2185 1772 2237 1815 et
2265 1761 2574 1816 incendunt.

2068 1941 2229 1998 Vens.
2279 1939 2364 1993 ll.
2413 1937 2662 2005 Eiusdem
2719 1935 2770 1989 in
2819 1932 2946 1986 illud
2981 1930 3089 1986 :Et
3125 1929 3178 1982 in
3226 1943 3286 1982 eo
3327 1927 3531 1993 parauit

1996 2047 2117 2084 uasa
2165 2029 2384 2092 mortis,
2428 2037 2534 2080 etc.
2581 2024 2718 2077 Vasa
2767 2020 2957 2074 mortis
3010 2017 3238 2086 appellat
3293 2016 3533 2083 impurus

1998 2120 2223 2177 animas,
2265 2115 2404 2183 quod
2471 2120 2695 2166 mortem
2765 2108 3116 2168 contineant,
3180 2105 3527 2170 quemadmo-

1997 2207 2120 2259 dum
2168 2218 2292 2257 vasa
2337 2202 2460 2255 vitae
2512 2208 2635 2254 sunt
2683 2198 2878 2249 animae
2932 2209 3050 2263 qua:
3091 2194 3252 2246 vitam
3307 2190 3526 2244 habent.

1998 2293 2090 2348 Sic
2116 2292 2254 2346 enim
2283 2300 2333 2344 et
2355 2289 2577 2342 Paulum
2601 2300 2694 2339 vas
2722 2283 3001 2337 electionis
3022 2280 3230 2336 vocavit
3255 2279 3529 2332 Dominus.

2065 2383 2228 2438 Vnus.
2260 2382 2346 2436 15.
2380 2381 2514 2434 Ecce
2541 2377 2784 2447 parturiit
2813 2374 3148 2442 injustitiam,
3179 2371 3410 2438 concepit
3435 2371 3532 2424 do-

1997 2471 2155 2525 lorem
2195 2479 2240 2524 et
2287 2467 2494 2537 peperit.
2522 2464 2873 2532 iniquitatem,
2920 2471 3025 2515 etc.
3073 2458 3174 2525 Qui
3205 2473 3310 2512 non
3340 2458 3530 2521 Deum,

1999 2561 2090 2616 sed
2129 2560 2428 2627 voluptates
2453 2563 2619 2617 amat,
2669 2552 2720 2605 id
2764 2567 2831 2606 ex
2877 2551 2943 2604 iis
2973 2550 3166 2618 quibus
3193 2550 3359 2602 servit
3385 2547 3534 2601 volu-

1998 2649 2234 2720 ptatibus
2279 2643 2589 2712 assequitur
2617 2649 2674 2694 ut
2703 2638 2970 2706 concipiat
2999 2637 3234 2690 laborem
3270 2649 3375 2688 una
3401 2648 3533 2687 cono

1999 2751 2218 2800 nexum,
2269 2747 2368 2789 nec
2406 2731 2512 2784 ullo
2557 2725 2841 2782 intervallo
2893 2725 3237 2794 disiunctum,
3271 2722 3534 2788 simulque

1999 2825 2264 2896 parturiat
2308 2819 2624 2889 iniustitiam
2662 2830 2726 2871 ac
2761 2815 2936 2883 pariat
2971 2813 3330 2880 iniquitatem.
3358 2811 3534 2864 Econ-

2001 2913 2170 2967 trario
2214 2911 2305 2978 qui
2342 2923 2448 2963 non
2478 2905 2804 2972 voluptates,
2845 2903 2936 2956 sed
2983 2903 3145 2956 Deum
3187 2911 3350 2964 amat,
3382 2902 3433 2954 id
3465 2915 3536 2954 ea

2002 3003 2067 3056 iis
2093 3016 2228 3068 quos
2275 3008 2487 3067 propter
2512 2997 2764 3050 virtutem
2808 2991 3033 3059 suscipit
3060 2990 3355 3056 laboribus,
3388 3004 3536 3044 asse-

2001 3091 2204 3160 quitur,
2229 3098 2285 3141 ut
2311 3086 2577 3153 concipiat
2604 3085 2765 3138 animi
2794 3081 3254 3149 tranquillitatem,
3285 3078 3534 3146 gaudium

2007 3194 2110 3232 una
2159 3190 2477 3240 connexum,
2503 3189 2600 3228 nec
2628 3173 2735 3226 ullo
2770 3172 3052 3226 intervallo
3086 3169 3431 3235 disiunctum,
3461 3167 3535 3220 si-

2001 3266 2216 3331 mulque
2245 3265 2512 3334 parturiat
2543 3263 2803 3331 justitiam
2839 3271 2892 3315 et
2925 3260 3102 3328 pariat
3122 3258 3446 3326 aequitatem.
3471 3253 3538 3308 Et

2000 3354 2077 3406 sic
2125 3351 2266 3405 ﬁlius
2310 3349 2490 3404 evadit
2519 3349 2810 3416 aequitatis,
2839 3347 2963 3402 odio
3010 3348 3212 3400 habens
3245 3343 3539 3414 quamlibet

2002 3443 2362 3508 iniquitatem.

2069 3530 2342 3597 Ejusdem.
2377 3526 2590 3595 Peperit
2622 3525 2978 3593 iniquitatem,
3008 3523 3260 3591 quoniam
3293 3520 3538 3588 concepit

2002 3618 2239 3672 dolorem
2266 3626 2319 3671 et
2347 3616 2592 3685 parturiit
2627 3613 2968 3678 iniustitiam.
3005 3609 3128 3664 Haec
3152 3611 3294 3664 enim
3324 3617 3405 3661 est
3437 3622 3535 3660 na-

2004 3719 2134 3757 turae
2177 3704 2579 3770 consequentia.
2620 3700 2879 3754 Parturiit
2933 3699 3248 3767 Achitophcl
3293 3697 3538 3765 maling

2001 3802 2188 3847 auctor
2221 3793 2521 3846 sententiae.

2073 3880 2351 3944 Vens.16,
2384 3879 2471 3934 l7.
2523 3875 2715 3929 Lucum
2753 3875 2978 3943 aperuit,
3017 3884 3063 3927 et
3093 3872 3270 3940 e/fodit
3311 3885 3447 3935 eum,
3489 3880 3539 3924 et

2003 3969 2190 4022 incidet
2213 3969 2265 4019 in
2287 3966 2489 4033 foveam
2516 3981 2670 4032 quam
2714 3963 2857 4032 fecit.
2882 3961 3220 4016 Convertetur
3251 3959 3401 4012 dolor
3427 3957 3538 4028 ejus

2002 4060 2054 4110 in
2104 4066 2255 4125 caput
2301 4059 2434 4124 ejus,
2477 4066 2522 4108 et
2555 4057 2608 4108 in
2650 4054 2892 4108 uerticem
2929 4054 3092 4119 ipsius
3137 4051 3382 4119 iniquitas
3425 4049 3539 4117 ejits

2003 4146 2291 4208 descendet,
2338 4155 2443 4198 etc.
2479 4144 2642 4197 Forte
2688 4143 2833 4196 lacus
2865 4141 3108 4210 supplicii
3161 4141 3308 4194 locus
3351 4149 3437 4193 est
3485 4140 3539 4193 in

2003 4249 2160 4302 quem
2195 4234 2529 4301 providentia
2557 4232 2649 4286 Dei
2698 4230 2904 4284 incidet
2954 4232 3043 4300 qui
3097 4243 3218 4284 eum
3268 4227 3535 4282 effoderit.

305 4317 574 4420 προνοίᾳ
597 4343 732 4396 Θεοῦ
773 4317 932 4403 αὐτὸς
1179 4340 1513 4407 ἐμπεσεῖται.
1555 4333 1815 4394 Ἰσόπεδος
1845 4332 1893 4384 δὲ

2006 4324 2323 4392 Exaequatur
2353 4332 2528 4376 autem
2581 4337 2835 4376 cacumen
2885 4321 3000 4390 eius
3050 4321 3256 4388 reliquo
3306 4317 3540 4385 corpori.

301 4407 482 4495 ἐστιν
521 4407 701 4490 αὐτοῦ
723 4436 756 4502 ἡ
782 4407 1001 4502 κορυφὴ-
1018 4430 1093 4500 τῷ
1121 4427 1289 4496 λοιπῷ
1330 4426 1566 4495 σώματι·
1602 4423 1748 4475 οὐδὲν
1795 4422 1893 4491 γὰρ

2006 4411 2148 4466 Nihil
2179 4412 2319 4466 enim
2347 4421 2431 4464 est
2469 4425 2652 4480 supra.
2678 4411 3034 4476 Quamobrem
3071 4419 3124 4464 et
3150 4409 3310 4463 draco
3340 4407 3538 4460 alicubi

301 4527 501 4583 αὐτοῦ
545 4523 696 4576 ἄνωο
731 4520 810 4572 διὸ
859 4519 952 4571 καὶ
983 4517 1194 4586 δράκων
1249 4531 1350 4565 που
1403 4513 1633 4579 λέγεται.
1666 4510 1898 4571 Εἰκότως

301 4617 410 4674 οὖν
450 4619 490 4685 ὴ
531 4609 845 4680 ἐπαρθεῖσα
903 4608 995 4660 καὶ
1028 4605 1296 4673 ὑψωθεῖσα
1337 4601 1474 4654 κατά
1520 4599 1617 4668 τῆς
1655 4597 1901 4666 γνώσεως

298 4710 410 4765 τοῦ
441 4703 602 4759 Θεοῦ
625 4699 810 4753 ἀδικία
840 4697 1000 4752 αὑτοῦ
1044 4693 1445 4765 καθαιρουμένη
1492 4692 1584 4742 ἐπὶ
1615 4688 1708 4758 τὴν
1740 4703 1903 4757 κορυ-

300 4800 424 4869 φὴν
466 4791 654 4849 αὑτοῦ
689 4787 1074 4857 καταϐήσεται.

927 4962 1216 5014 ΨΑΛΜΟΣ
1253 4963 1334 5014 Η’.

362 5062 513 5123 Εἰς
576 5052 646 5106 τὸ
712 5052 886 5115 τέλος
931 5049 1084 5115 ὑπὲρ
1128 5049 1245 5101 τῶν
1297 5046 1498 5113 ,χηνῶν
1542 5043 1779 5113 pange;-
1818 5040 1896 5104 τῷ

250 5148 540 5214 gavia,
590 5160 644 5195 κ.
681 5160 732 5195 τ.
780 5143 824 5192 έ.
879 5141 989 5192 Καὶ⁸
1030 5141 1086 5190 ὲν
1127 5137 1202 5206 τῷ
1226 5138 1334 5205 (56)
1367 5143 1419 5187 π’
1447 5137 1538 5188 καὶ
1589 5143 1676 5202 πγ’
1704 5131 1899 5202 ψαλμῷ

356 5247 428 5280 ⁸⁸
467 5239 647 5293 Joan.
686 5249 782 5298 xu,
812 5232 900 5284 52.

399 5333 523 5389 50)
568 5328 746 5378 Ὅταν
776 5321 995 5379 οὐκέτι.
1030 5329 1138 5373 etc.
1168 5320 1473 5389 Corderius,
1501 5322 1788 5376 Barbarus.

399 5339 523 5389 5m
569 5339 746 5378 "Utar
776 5339 995 5379 οοκετι.
1030 5339 1138 5373 etc.
1168 5339 1473 5381 uoraenus,
1503 5339 1788 5376 barbarus.

576 5393 820 5458 Μήποτε
869 5387 1480 5456 παρασεσιωπημένως
1503 5429 1517 5450 ,
1573 5400 1674 5446 etc.
1722 5393 1897 5447 Codex

235 5470 570 5538 Coiﬁlin.

370 5519 522 5606 isi»
557 5531 754 5606 :an
789 5524 1076 5606 θαγᾴξουν
1110 5519 1689 5606 θέε-,εωιῖςδξθβτθδίίν

572 5601 632 5654 '0
658 5587 748 5670 μῆ
780 5594 1083 5665 φιλόθεος,
1129 5588 1298 5642 Codex
1340 5587 1556 5645 Coislitt.
1602 5605 1658 5649 ct
1699 5595 1888 5649 Cruda-

2003 4505 2219 4558 dicitur.
2267 4501 2456 4556 Merito
2506 4516 2634 4570 ergo
2689 4517 2808 4569 qua:
2864 4501 3122 4555 attollitur
3169 4510 3225 4554 et
3276 4497 3542 4553 exaltatur

2005 4603 2192 4646 contra
2230 4591 2322 4644 Dei
2359 4592 2718 4659 cognitionem
2764 4591 3020 4659 iniustitia
3069 4591 3202 4658 eius,
3238 4590 3543 4644 destruetur

2003 4693 2056 4737 et
2093 4685 2144 4736 in
2184 4681 2437 4735 verticem
2470 4681 2634 4748 ipsius
2663 4682 2969 4737 descendet.

2533 4947 2844 5003 PSALMUS
2875 4947 3005 5001 VIII.

2074 5043 2231 5113 583
2260 5043 2419 5099 Vens.
2459 5047 2509 5099 l.
2551 5045 2615 5098 In
2639 5047 2790 5112 ﬁnem
2811 5057 2904 5110 pro
2935 5039 3282 5091 torcularibus
3305 5036 3537 5098 psalmus

2006 5132 2195 5199 Dauid,
2225 5144 2330 5190 etc.
2368 5136 2428 5189 Et
2476 5137 2529 5188 in
2581 5135 2907 5202 octogesimo
2937 5144 3002 5182 ac
3034 5126 3354 5193 octogesimo
3385 5123 3540 5174 tertio

2001 5338 2181 5458 ml?”
2215 5393 2452 5442 Ἔτεκεν
2475 5386 2742 5458 ἀνομίαν,
2769 5389 2871 5458 etc.
2897 5377 3126 5458 S'cheilaa
3152 5371 3352 5458 (ἐι-εξδίξῖ

2467 5438 2757 5526 λάκκος,
2790 5456 2891 5526 etc.
2918 5443 3146 5526 Eaeilqm
3175 5438 3381 5526 schedia
3407 5452 3543 5526 mIss.

2077 5506 2535 5592 ἱάιὲῆτῷ.
2562 5531 2676 5592 etc.
2709 5506 3031 5575 Cortlcrius,
3068 5511 3353 5565 Barbarus.
3398 5506 3552 5559 scine.

2004 5596 2083 5648 lla:
2116 5588 2298 5648 Gonni).
2339 5600 2391 5644 ct
2415 5588 2614 5643 Grabii.
