3958 6266
294 300 451 357 “85

1284 297 1586 355 SELECTA
1623 295 1690 349 ΙΝ
1721 293 2052 349 PSALMOS.
2095 324 2161 334 —
2192 292 2384 349 PSAL.
2420 293 2510 350 IX.

3362 298 3499 356 “86

284 412 531 485 συνίησι
559 412 628 466 τὰ
663 412 761 483 τῆς
790 413 1004 478 νυκτὸς,
1039 414 1261 485 ὕστερον
1285 415 1339 466 δέ
1371 432 1497 468 ποτε
1524 415 1591 467 τὰ
1611 414 1706 484 τῆς
1731 413 1864 483 ἡμέ-

1976 410 2143 464 noctis
2177 421 2321 478 sunt,
2371 409 2639 478 intelligit,
2685 410 2879 465 deinde
2906 426 3023 482 qum
3053 412 3122 468 ad
3149 413 3289 470 diem
3333 418 3502 484 perti-

286 520 433 575 ρας.
600 536 603 537 ν

375 594 448 647 Τί
473 592 650 647 ἐστιν
668 590 996 658 ἅνθρωπος,
1016 592 1103 644 ὅτι
1119 592 1423 661 μιμνήσκῃ
1448 591 1629 647 αὐτοῦ
1646 609 1664 656 ;
1684 591 1721 659 ἢ
1742 592 1868 656 υἱὸς

283 683 652 749 ἀνθρώπου,
684 681 774 735 ὅτι
804 681 1132 749 ἐπισκέπτῃ
1159 683 1361 747 αὐτὸν,
1391 700 1443 736 κ.
1476 700 1525 734 τ.
1556 684 1601 735 ὲ.
1640 682 1701 735 El
1738 680 1867 734 θαυ-

289 773 506 842 μάζων
536 771 676 841 (61),
709 771 791 822 ὅτι
829 772 1185 840 μιμνήσκεται
1218 770 1417 841 Κύριος
1442 768 1532 821 τοῦ
1565 769 1866 839 ἀνθρώπου,

282 861 395 913 καὶ
422 862 515 912 ὅτι
547 857 936 910 ὲπισκέπτεται
987 858 1099 910 υἱὸν
1143 855 1446 926 ἀνθρώπου,
1496 854 1667 908 ταῦτα
1716 871 1866 925 φησι,

283 947 494 1016 δῆλον,
528 947 613 998 ὅτι
644 944 945 1013 εὐεργετῶν
975 944 1377 996 ὲπισκέπτεται.
1405 941 1571 994 Τοῦτο
1598 942 1654 994 δὲ
1680 958 1870 1011 σημει-

281 1037 420 1108 ὠσῃ
456 1035 557 1089 διὰ
581 1036 664 1099 τὸ,
703 1051 722 1084 ι
772 1032 1164 1104 Ἐπισκὲψομαι
1203 1033 1259 1084 ὲν
1313 1032 1488 1101 ῥάϐδῳ
1517 1031 1613 1094 τὰς
1649 1031 1871 1100 ἀνομίας

285 1126 519 1190 αὐτῶν,
555 1127 653 1179 καὶ
687 1126 744 1176 ἐν
779 1121 996 1194 μάστιξι
1029 1122 1126 1184 τὰς
1157 1123 1363 1185 ἀδικίας
1393 1122 1587 1187 αὐτῶν,
1624 1141 1642 1173 ι
1676 1122 1767 1176 καὶ
1786 1122 1871 1175 διὰ

285 1218 379 1277 τὸ,
424 1234 448 1265 ι
505 1216 626 1268 Οὐκ
680 1213 1041 1283 ἐπισκέψομαι
1088 1213 1178 1264 ἐπὶ
1206 1212 1302 1274 τὰς
1347 1212 1646 1282 θυγατέρας
1702 1210 1869 1279 ὑμῶν,

285 1305 435 1357 ὅταν
490 1302 828 1372 πορνεύωσι,
880 1301 973 1354 καὶ
1006 1301 1096 1353 ἐπὶ
1132 1300 1231 1363 τὰς
1276 1301 1485 1370 νύμφας
1526 1299 1698 1369 ὑμῶν,
1746 1299 1872 1352 ὅταν

290 1392 647 1464 μοιχεύωσι,
688 1409 707 1442 ι
748 1393 843 1444 καὶ
864 1392 933 1443 τὰ
957 1392 1140 1460 ῥμοια.

381 1481 783 1544 Ἠλάττωσας
819 1479 1005 1533 αὑτὸν
1046 1479 1243 1547 βραχύ
1286 1495 1340 1531 τι
1390 1478 1522 1546 παρ’
1562 1479 1869 1548 ἀγγέλους,

284 1588 346 1624 κ.
380 1587 439 1623 τ.
467 1571 520 1622 ὲ.
548 1570 661 1621 Καὶ
680 1568 838 1630 αὐτὸς
859 1566 966 1637 γάρ
989 1583 1078 1619 σου
1102 1565 1205 1635 (62)
1227 1567 1421 1634 γνῶσιν
1436 1566 1575 1636 ἔχειν
1601 1564 1871 1636 πεφυκὼς,

283 1660 399 1713 οὐκ
454 1658 822 1711 ἀπολείπεται
862 1657 999 1710 λίαν.
1036 1655 1338 1727 Ὀμοιοῦται
1363 1656 1469 1726 γάρ
1509 1672 1610 1717 σοι,
1647 1653 1786 1708 κατὰ
1815 1655 1874 1706 τὸ

282 1748 559 1810 δυνατὸν,
593 1745 879 1815 ἁγιότητος
899 1745 990 1798 καὶ
1017 1719 1209 1815 ἀρετῆς
1228 1719 1503 1813 ἀναλήψει.
1530 1743 1636 1796 Καὶ
1658 1743 1743 1796 διὰ
1776 1742 1872 1813 τὴν
1906 1719 1945 1772 Β

285 1837 497 1891 εἰκόνα
529 1836 631 1890 καὶ
656 1835 757 1905 τὴν
786 1833 1039 1903 ὁμοίωσιν
1062 1833 1157 1903 τὴν
1185 1832 1293 1885 τῶν
1317 1832 1520 1901 θνητῶν
1549 1830 1694 1901 αὐτῷ
1723 1830 1872 1895 ζώων

288 1924 661 1996 προστασίαν
700 1922 1021 1992 ἁπένειμας.
1066 1921 1276 1984 Ταύτας
1302 1921 1544 1991 εἰρῆσθαι
1574 1920 1700 1991 περὶ
1739 1923 1873 1992 Χρι-

288 2014 435 2068 στοῦ
461 2013 573 2076 τὰς
602 2012 777 2076 λέξεις
804 2013 832 2063 ὁ
860 2010 1065 2072 Παῦλος
1096 2010 1360 2080 Ἑϐραίοις
1390 2010 1539 2079 φησί.
1566 2009 1723 2077 Λέγει
1745 2010 1868 2078 γάρ·

291 2120 316 2154 s
348 2103 471 2155 Τδν
501 2102 563 2154 δὲ
598 2099 773 2170 βραχύ
802 2116 854 2151 τι
885 2099 1013 2170 παρ’
1057 2097 1317 2165 ἀγγέλους
1355 2098 1726 2167 ἠλαττωμένον
1754 2098 1873 2166 βλέ-

286 2208 490 2260 πομεν
532 2189 765 2259 Ἰησοῦν,
794 2187 883 2254 διὰ
912 2188 972 2239 τὸ
1003 2185 1230 2257 πάθημα
1254 2186 1346 2239 τοῦ
1376 2186 1601 2239 θανάτου
1629 2186 1750 2256 δόξῃ
1783 2187 1876 2240 καὶ

281 2283 436 2351 τιμῇ
468 2275 945 2347 ἐστεφανωμένον.
989 2294 1008 2325 ι

364 2541 545 2609 Δόξῃ
577 2538 677 2593 καὶ
708 2536 850 2606 τιμῇ
879 2534 1298 2604 ἐστεφάνωσας
1323 2533 1538 2586 αὐτόν’
1577 2531 1673 2586 καὶ
1708 2530 1876 2584 κατέ-

284 2647 559 2700 στησας
590 2627 779 2681 αὐτὸν
826 2625 923 2678 ἐπὶ
958 2624 1030 2678 τὰ
1069 2622 1211 2691 ἔργα
1247 2620 1364 2675 τῶν
1397 2617 1605 2689 χειρῶν
1643 2633 1778 2680 σου,
1820 2634 1872 2669 κ.

284 2740 342 2777 τ.
378 2722 434 2774 ἑ.
479 2718 603 2772 Καὶ
629 2716 659 2768 ὁ
700 2714 1019 2775 Ἀπόστολος
1058 2710 1166 2782 (65)
1192 2709 1436 2764 ἐντεῦθεν
1463 2709 1705 2777 ὠνόμασε
1733 2725 1752 2757 ι
1785 2704 1876 2758 τὸν

288 2811 639 2882 ἀμάραντον
661 2806 760 2876 τῆς
786 2802 942 2871 δόξης
982 2801 1254 2868 στέφανον,
1291 2820 1308 2850 ι
1337 2799 1445 2852 Kal.
1486 2797 1594 2849 ἔσθ’
1617 2798 1703 2848 ὅτε
1745 2796 1875 2864 τιμῇ

282 2894 772 2968 ἐστεφανωμένος
801 2908 885 2953 τις
906 2890 967 2941 οὐ
1002 2888 1336 2959 συνῆκεν,ιῖ›ς
1367 2889 1423 2939 ὲν
1451 2885 1529 2955 τῷ
1547 2902 1561 2917 ⁸
1594 2902 1612 2935 ι
1649 2883 1879 2953 Ἀνθρω-

1965 508 2111 556 nent.

2034 585 2194 640 Vsus.
2226 586 2278 640 5.
2307 585 2445 650 Quid
2470 594 2544 639 es!
2576 587 2727 637 homo
2760 585 2898 654 quod
2921 602 3117 640 memor
3144 604 3196 642 es
3223 588 3336 654 ejus
3355 591 3382 644 7
3411 597 3503 642 aut

1964 675 2107 742 ﬁlius
2143 675 2389 741 hominis,
2420 676 2663 744 quoniam
2703 675 2881 729 visitas
2922 692 3039 729 eum
3068 677 3092 729 .’
3129 686 3235 731 etc.
3273 677 3426 743 Quod
3456 678 3501 733 si

1968 765 2194 818 miratus
2241 764 2520 819 Dominum
2569 763 2802 818 hominis
2851 764 3163 819 meminisse
3206 775 3259 818 et
3286 766 3502 820 visitare

1971 853 2134 907 lilium
2175 853 2427 918 hominis,
2477 854 2592 907 haec
2619 853 2768 917 dicit,
2803 852 3005 907 clarum
3029 863 3109 907 est
3139 868 3259 907 eum
3286 854 3504 909 benefa-

1970 944 2159 997 ciendo
2190 942 2431 997 visitare.
2465 942 2578 998 Hoc
2625 951 2802 996 autem
2836 941 3147 998 observabis
3195 953 3410 1013 propter
3438 945 3503 998 il-

1969 1030 2057 1085 lud
2085 1031 2172 1084 ἰε
2211 1049 2230 1081 ι
2279 1032 2516 1085 Visitabo
2562 1031 2615 1085 in
2660 1032 2807 1101 virga
2857 1032 3171 1100 iniquitates
3214 1048 3423 1098 eorum,
3454 1044 3508 1091 et

1971 1119 2022 1173 in
2055 1120 2363 1175 verberibus
2388 1134 2610 1189 peccata
2643 1136 2849 1186 eorum,
2892 1141 2910 1173 ι
2943 1131 2997 1176 et
3023 1123 3406 1190 propteristud
3423 1124 3505 1175 9‘:

1976 1226 1994 1259 ι
2026 1209 2138 1263 Non
2175 1209 2403 1265 visitabo
2448 1226 2607 1280 super
2646 1212 2784 1266 lilias
2815 1220 3041 1277 vestras,
3069 1227 3188 1267 cum
3233 1212 3509 1266 fornicata:

1970 1299 2190 1361 fuerint,
2240 1309 2295 1354 et
2345 1315 2506 1368 super
2538 1315 2730 1355 uxores
2760 1311 2985 1365 vestras,
3015 1316 3134 1356 cum
3173 1301 3509 1356 adulterave-

1972 1389 2098 1451 rint,
2139 1409 2157 1440 ι
2195 1398 2249 1444 et
2282 1390 2497 1444 similia.

2044 1478 2203 1533 Vens.
2232 1477 2283 1535 6.
2314 1477 2554 1532 Minuisli
2580 1496 2694 1533 eum
2717 1481 3048 1548 paulominus
3070 1483 3133 1535 ab
3161 1483 3507 1552 angelis,etc.

1976 1569 2181 1624 Etenim
2213 1583 2331 1622 cum
2378 1569 2491 1636 ipse
2536 1578 2723 1623 natura
2770 1579 2926 1639 aptus
2956 1572 3025 1625 sit
3054 1573 3119 1625 ad
3150 1572 3224 1625 tui
3252 1575 3502 1629 notitiam

1975 1658 2428 1724 consequendam,
2464 1671 2566 1712 non
2594 1658 2880 1714 admodum
2912 1659 2978 1714 ab
3005 1659 3109 1714 illis
3151 1661 3333 1715 distat.
3362 1661 3510 1717 Assi-

1976 1745 2195 1798 milatur
2232 1746 2376 1799 enim
2429 1745 2545 1808 tibi,
2581 1746 2755 1812 quoad
2791 1744 2906 1799 fieri
2932 1755 3125 1814 potest,
3157 1763 3279 1802 cum
3310 1750 3512 1804 sancti-

1974 1840 2135 1886 tatem
2170 1841 2225 1886 et
2250 1831 2500 1887 virtutem
2523 1832 2624 1887 sibi
2649 1834 3000 1902 comparavit.
3028 1834 3095 1889 Et
3132 1847 3357 1905 propter
3377 1839 3511 1891 inia-

1972 1921 2147 1990 ginem
2203 1937 2265 1976 ac
2313 1923 2767 1988 similitudinem,
2819 1923 3102 1993 imperium
3153 1925 3253 1995 ipsi
3307 1937 3510 1981 morta-
3585 1952 3592 1959 ·

1972 2006 2100 2061 lium
2140 2009 2453 2062 animalium
2499 2011 2793 2065 tradidisti.
2837 2012 3011 2066 Verba
3040 2013 3151 2067 hmc
3177 2014 3242 2068 de
3293 2013 3512 2068 Christo

1973 2093 2083 2150 dici
2141 2092 2343 2152 Paulus
2401 2097 2456 2151 in
2526 2098 2768 2168 Epistola
2828 2100 2896 2154 ad
2948 2098 3201 2156 Hebraeos
3262 2101 3509 2155 aﬂirinat.

1973 2188 2063 2240 Ait
2110 2186 2254 2240 extim
2310 2187 2355 2218 ⁹⁶
2409 2206 2422 2240 :
2485 2203 2506 2237 ι
2559 2187 2694 2241 Eum
2736 2195 2915 2242 autem
2948 2190 3050 2256 -qui
3101 2189 3310 2243 modico
3352 2204 3510 2258 quam

1975 2278 2147 2347 angeli
2222 2277 2522 2331 minoratus
2584 2286 2707 2342 est,
2766 2278 3011 2356 videmus
3080 2276 3306 2342 Jesum,
3387 2294 3511 2347 pro-

1973 2375 2096 2434 pter
2139 2366 2441 2434 passionem
2490 2367 2701 2432 mortis,
2752 2365 2920 2436 gloria
2962 2375 3016 2420 et
3050 2366 3258 2421 honore
3288 2381 3515 2423 corona-

1976 2468 2108 2510 tum.
2147 2472 2165 2504 ι

2047 2541 2206 2596 Vsus.
2236 2542 2288 2607 6,
2319 2544 2369 2596 7.
2414 2543 2597 2597 Gloria
2635 2552 2684 2597 et
2731 2544 2924 2599 honore
2971 2547 3236 2600 coronasti
3275 2562 3413 2612 eum,
3465 2554 3516 2600 et

1975 2633 2288 2686 constituisti
2315 2649 2432 2686 eum
2473 2650 2630 2699 super
2664 2648 2816 2703 opera
2854 2650 3103 2687 manuum
3142 2644 3374 2701 tuarum,
3405 2644 3514 2690 etc.

1982 2721 2116 2776 llinc
2163 2724 2323 2775 etiam
2373 2720 2658 2791 Apostolus
2711 2738 2731 2772 ι
2788 2721 3289 2777 immarcescibilem
3333 2722 3517 2792 gloriae

1976 2825 2228 2865 coronam
2286 2830 2306 2864 ι
2361 2811 2657 2864 nominavit
2686 2811 2752 2865 ’⁷.
2807 2811 2893 2865 Fit
2929 2811 3092 2866 etiam
3126 2811 3415 2880 aliquando
3458 2819 3518 2865 ut

1977 2901 2095 2969 quis
2143 2914 2201 2954 se
2229 2899 2397 2971 gloria
2431 2907 2742 2954 coronatum
2789 2915 2894 2953 non
2947 2900 3228 2970 intelligat.
3261 2900 3417 2969 juxta
3452 2900 3518 2953 il-

283 3007 398 3054 πος
421 2992 496 3042 ὲν
530 2986 667 3054 τιμῇ
708 2984 782 3035 ὢν
819 2981 880 3033 οὐ
910 2979 1157 3048 συνῆκεν.
1200 2997 1217 3028 ι
1252 2976 1499 3029 ΟὑκἙπὶ
1513 2973 1580 3026 τὰ
1615 2974 1746 3042 ἔργα
1784 2988 1875 3025 σου

1980 2990 2068 3043 Iud
2096 2990 2142 3021 ’⁸
2175 3007 2189 3043 :
2228 3006 2247 3039 ι
2281 2987 2448 3042 llomo
2476 3003 2599 3042 cum
2638 2988 2690 3042 in
2722 2989 2926 3043 honore
2956 2998 3118 3053 esset,
3149 3003 3256 3043 non
3308 2989 3517 3044 intelle-

282 3084 349 3136 δὲ
395 3076 599 3139 εἶπεν,
628 3074 774 3144 ἅπερ
807 3068 958 3141 οἶμαι
994 3065 1131 3122 εἶναι
1162 3068 1228 3119 τὰ
1262 3067 1334 3137 μὴ
1358 3065 1673 3135 βλεπόμενα.
1724 3063 1877 3133 Πρῶ-

281 3188 378 3225 τοι
413 3169 532 3239 μὲν
568 3161 666 3218 οὖν
713 3164 772 3215 ὲν
820 3161 999 3231 ἔργοις
1032 3156 1196 3226 ἐσμὲν
1224 3155 1417 3226 χειρῶν
1451 3154 1605 3218 Θεοῦ,
1639 3153 1879 3206 τουτέστι

278 3265 410 3324 τοῖς
460 3256 547 3329 μὴ
584 3251 961 3325 βλεπομένοις.
995 3247 1180 3299 Ταῦτα
1206 3246 1259 3298 δὲ
1292 3245 1384 3298 καὶ
1417 3243 1555 3314 μετὰ
1594 3243 1688 3312 τὴν
1727 3245 1873 3329 ἐναν-

280 3350 612 3424 θρώπησιν
636 3344 841 3397 νοεῖται
870 3338 963 3392 τοῦ
984 3336 1116 3390 Θεοῦ
1145 3335 1238 3388 καὶ
1265 3334 1509 3403 Σωτῆρος
1543 3332 1729 3424 ἡμῶν·
1759 3328 1879 3401 δόξῃ

280 3423 408 3511 rip
444 3439 555 3492 καὶ
589 3435 724 3503 τιμῇ
759 3433 789 3483 ὁ
818 3429 1098 3499 ἄνθρωπος
1122 3424 1518 3492 ἐστεφάνωται·
1542 3440 1561 3472 ι
1593 3423 1879 3491 Συνήγειρε

276 3533 405 3602 γὰρ
435 3529 604 3598 ἡμᾶς
636 3524 733 3576 καὶ
761 3518 1106 3573 συνεκάθισεν
1130 3517 1185 3570 ὲν
1214 3518 1322 3577 τοῖς
1348 3511 1700 3583 ἐπουρανίοις,
1731 3529 1749 3561 ι
1786 3527 1882 3562 κα-

278 3622 409 3683 θώς
439 3630 624 3687 φησιν
652 3616 682 3666 ό
722 3609 1054 3671 ’Δπόστολος.

360 3789 601 3845 Πάντα
637 3782 942 3847 ὑπέταξας
965 3777 1241 3835 ὑποκάτω
1279 3774 1395 3829 τῶν
1436 3771 1634 3826 ποδῶν
1676 3771 1879 3833 αὐτοῦ,

275 3880 592 3950 πρόϐατα
635 3874 735 3927 καὶ
769 3871 924 3937 ,βόας
973 3868 1193 3932 πάσας,
1223 3865 1310 3918 ἔτι
1354 3862 1421 3917 δὲ
1465 3861 1563 3915 καὶ
1596 3860 1669 3914 τὰ
1695 3859 1880 3950 κτήνη

275 3949 407 4026 τοῦ
461 3966 712 4026 πεδίου,
756 3963 827 4016 τὰ
867 3958 1103 4013 πετεινὰ
1136 3955 1242 4009 τοῦ
1289 3952 1562 4020 οὐρανοῦ,
1603 3949 1701 4003 καὶ
1744 3949 1882 4013 τοὺς

272 4061 533 4130 ἰχθύας
560 4052 674 4119 τῆς
705 4049 1040 4114 θαλάσσης,
1070 4063 1125 4098 κ.
1156 4061 1206 4098 τ.
1255 4044 1301 4096 ὲ.
1330 4043 1499 4093 Ὅπου
1518 4129 1521 4130 ν
1540 4040 1638 4130 μὲν
1669 4038 1881 4130 καθαρὰ

273 4127 410 4223 (δαί)
454 4143 723 4215 πρόὸατα
748 4139 843 4192 καὶ
877 4137 1015 4223 βόες,
1047 4154 1065 4186 ι
1103 4132 1280 4223 πάντα
1308 4149 1326 4180 ι
1361 4128 1719 4223 ττροσέθηκεν·
1755 4127 1882 4223 ἔνθα

271 4212 341 4292 δὲ
386 4212 692 4300 ἐνδέχεται
742 4225 840 4278 καὶ
888 4222 1189 4291 ἀκάθαρτα,
1243 4216 1318 4279 ὡς
1364 4217 1454 4269 ἐπὶ
1506 4216 1611 4268 τῶν
1671 4212 1879 4283 κτηνῶν

1979 3079 2075 3131 xit.
2109 3097 2127 3129 ο
2166 3076 2281 3131 Non
2309 3077 2442 3131 dixit
2472 3086 2673 3142 autem,
2709 3076 2879 3146 Super
2907 3092 3066 3145 opera
3105 3086 3214 3145 tua,
3261 3093 3379 3147 quae
3406 3078 3518 3134 exi-

1981 3167 2138 3220 stimo
2166 3179 2283 3219 esse
2314 3181 2376 3219 ea
2413 3179 2535 3232 quae
2562 3180 2667 3218 non
2708 3166 2970 3220 videntur.
3002 3165 3111 3221 Nos
3147 3168 3308 3237 igitur
3358 3168 3516 3237 primi

1978 3270 2161 3309 sumus
2191 3255 2242 3307 in
2272 3254 2521 3322 operibus
2552 3270 2800 3308 manuum
2834 3255 2947 3320 Dei,
2980 3257 3032 3310 id
3062 3266 3145 3311 est
3172 3257 3238 3310 iis
3269 3271 3388 3326 quae
3410 3272 3515 3311 non

1980 3343 2247 3395 videntur.
2299 3339 2422 3395 llaec
2469 3340 2628 3395 etiam
2685 3351 2804 3410 post
2857 3343 3276 3397 incarnationem
3324 3345 3416 3400 Dei
3462 3354 3519 3400 et

1981 3429 2274 3484 Salvatoris
2308 3429 2496 3491 nostri,
2534 3430 2705 3485 locum
2739 3432 2938 3486 habere
2972 3432 3358 3501 intelliguntur.
3392 3448 3515 3486 nam

1979 3520 2143 3588 gloria
2173 3527 2225 3573 et
2257 3518 2457 3574 honore
2496 3528 2785 3575 coronatus
2810 3530 2891 3573 est
2920 3521 3081 3575 homo
3111 3539 3126 3574 :
3163 3538 3181 3570 ι
3223 3520 3518 3574 Conresus-

1979 3608 2164 3663 citavit
2203 3610 2343 3663 enim
2375 3625 2470 3664 nos
2503 3619 2557 3664 et
2579 3611 2867 3664 consedere
2895 3609 3023 3663 iecit
3050 3609 3103 3662 in
3136 3608 3461 3670 coelestibus,
3491 3626 3511 3659 s

1982 3706 2039 3751 ut
2069 3698 2143 3750 ait
2164 3698 2450 3766 Apostolus
2475 3700 2540 3754 9’.

2052 3786 2213 3838 Vsus.
2245 3786 2377 3850 8,9.
2425 3787 2615 3840 Omnia
2666 3786 2927 3855 subjecisti
2978 3788 3071 3840 sub
3115 3786 3331 3857 pedibus
3377 3784 3514 3853 ejus,

1982 3887 2093 3924 oves
2116 3882 2165 3925 et
2194 3872 2339 3926 boves
2367 3875 2653 3935 universas,
2684 3875 2893 3942 insuper
2918 3883 2965 3926 et
2997 3863 3185 3942 perora
3213 3871 3404 3940 campi,
3433 3887 3522 3924 oo-

1981 3960 2149 4014 lucres
2178 3963 2287 4015 caeli
2307 3973 2356 4015 el
2381 3963 2545 4032 pisces
2571 3963 2752 4027 maris,
2773 3972 2877 4016 etc.
2900 3962 3339 4030 Quandoquidem
3367 3974 3520 4014 mun-

1982 4050 2061 4103 da:
2088 4060 2212 4105 sunt
2248 4065 2374 4105 oves
2423 4061 2477 4106 et
2518 4053 2703 4118 boves,
2737 4051 2937 4105 addidit
2970 4069 2990 4104 ι
3020 4052 3330 4115 universas;
3369 4068 3388 4103 ι
3425 4049 3517 4105 ubi

1982 4152 2112 4191 vero
2152 4139 2423 4194 immunda
2451 4155 2571 4195 esse
2615 4140 2866 4193 animalia
2912 4149 3159 4209 possunt,
3189 4149 3249 4194 ut
3276 4140 3328 4192 in
3360 4154 3523 4208 peco-

1981 4226 2127 4280 ribus
2160 4229 2356 4295 campi,
2388 4243 2494 4281 non
2525 4228 2657 4281 dicit
2689 4228 2891 4282 omnia.
2921 4227 2997 4281 Ita
3033 4236 3087 4284 et
3119 4228 3171 4283 in
3209 4227 3522 4284 volucribus

267 4326 384 4381 τοῦ
421 4321 655 4381 πεδίου,
679 4317 781 4368 οὐκ
826 4314 1037 4382 εἴρηται
1085 4329 1103 4362 ι
1132 4311 1324 4363 πάντα.
1354 4328 1372 4359 ι
1412 4306 1638 4375 Ὁμοίως
1660 4305 1751 4355 καὶ
1788 4302 1875 4354 ἐπὶ

1984 4317 2107 4369 coeli
2140 4327 2193 4370 et
2233 4318 2470 4385 piscibus
2500 4320 2687 4372 maris.

269 4417 401 4470 τῶν
453 4406 737 4464 πετεινῶν
767 4400 862 4455 τοῦ
895 4400 1122 4471 οὐρανοῦ
1162 4399 1256 4451 καὶ
1305 4395 1498 4466 ἰχθύων
1531 4394 1628 4461 τῆς
1679 4392 1875 4445 θαλάσ-

270 4523 418 4578 σηςο

920 4664 1205 4719 ΨΑΛΜΟΣ
1228 4662 1303 4714 Θθ.

354 4772 487 4834 Εἰς
534 4765 604 4818 τὸ
632 4761 810 4824 τέλος
836 4756 986 4824 ὑπὲρ
1012 4754 1128 4807 τῶν
1154 4753 1416 4820 κρυφίων
1442 4751 1546 4804 τοῦ
1572 4750 1703 4803 υἱοῦ
1732 4753 1885 4818 ψαλ-

2538 4661 2848 4718 ΡδΑωιυε
2868 4661 2973 4716 ’1Χ.

2058 4748 2216 4820 585
2256 4752 2414 4807 Vsus.
2442 4753 2490 4805 Ι.
2537 4751 2599 4806 In
2631 4754 2783 4821 ﬁnem
2813 4769 2908 4820 pro
2936 4749 3149 4804 occultis
3173 4750 3270 4818 lilii
3291 4750 3523 4819 psalmus

267 4863 413 4934 μὸς
469 4854 562 4920 τῷ
606 4848 829 4911 Δαυῒδ,
858 4864 912 4898 κ.
955 4861 1004 4896 τ.
1037 4844 1082 4895 ἐ.
1124 4841 1499 4934 Κρύφιάλεστι
1541 4838 1657 4934 ((25).
1690 4839 1875 4934 γνῶσις

1991 4837 2188 4900 David,
2238 4847 2341 4893 etc.
2393 4839 2609 4894 Occulta
2669 4849 2750 4894 est
2811 4838 3092 4893 inellabilis
3141 4841 3520 4907 mysteriorum

270 4928 637 5019 ᾆπόρῤητος
668 4937 776 4991 τῶν
814 4933 941 5005 περὶ
963 4930 1193 5002 Χριστοῦ
1218 4928 1311 4982 τοῦ
1349 4928 1596 5000 ἀληθινοῦ
1623 4928 1754 4981 Θεοῦ
1789 4946 1886 4999 μυ-

273 5036 586 5109 στηρίων.

360 5151 421 5183 οδ
461 5141 625 5199 Psal.
673 5149 935 5196 Lsxxvut,
977 5132 1065 5185 35.

274 5223 331 5255 ον
362 5216 600 5287 Ephes.
630 5223 691 5271 η,
728 5206 784 5258 6.

365 5329 510 5397 (δι)
565 5325 641 5397 ει
685 5313 1014 5397 aevitasve
1042 5309 1528 5397 ,ειοέὲοιξέςείεξξι
1580 5308 1879 5368 Barbarus»

273 5377 543 5461 “$3322
576 5377 922 5461 coinliet'isii,
955 5379 1122 5461 codex
1147 5377 1520 5461 Baroccianu‘s.

1168 5131 1213 5163 "
1254 5130 1409 5185 Osee.
1461 5143 1545 5193 IV,
1597 5125 1683 5180 14.

359 5441 647 5536 Kal
682 5449 873 5513 αὐτὸς
903 5445 1012 5514 γάρ
1045 5459 1088 5496 0’
1088 5460 1178 5509 ου,
1204 5454 1305 5499 etc.
1341 5444 1656 5500 Corderius.
1687 5441 1885 5499 Barba-

272 5553 417 5596 I'US-

1782 5126 1827 5157 "
1866 5124 2025 5180 llebt'.
2078 5140 2152 5189 tl,
2201 5126 2254 5180 9.

1988 4926 2188 4981 Christi
2211 4929 2319 4981 veri
2354 4928 2444 4982 Dei
2476 4929 2725 4997 cognitio.

2356 5124 2614 5180 “lPetr.
2663 5140 2715 5190 v,
2745 5126 2799 5179 4.
2900 5125 2945 5155 ’⁸
2994 5122 3136 5175 Psal.
3184 5134 3380 5185 xum,
3431 5118 3517 5196 l3.

1988 5303 2314 5366 Comhelisii,
2344 5302 2524 5356 Daniel
2546 5268 2833 5354 Barbarus.
2954 5362 2971 5366 _
3030 5363 3042 5366 Α
3138 5362 3171 5366 _
3337 5362 3349 5366 Α

2058 5372 2167 5441 (64)
2192 5362 2377 5441 ’οπ’ου
2399 5368 2783 5441 μὲγᾼκαθσρά,
2803 5375 2906 5419 etc.
2935 5362 3113 5416 Codex
3135 5362 3498 5416 Baroccianus

1988 5434 2196 5494 sched'a:
2236 5434 2558 5498 Combelisii,
2589 5446 2641 5485 et
2668 5434 2947 5491 Barbarus.

2059 5502 2169 5577 (65)
2194 5506 2419 5574 Κρύφιά
2456 5494 2620 5564 ἐστι,
2666 5509 2768 5553 etc.
2805 5497 3026 5551 Scheda:
3061 5495 3282 5570 Grabii,
3320 5494 3522 5549 Dat-ha-

358 5573 501 5669 ῖόδ)
535 5589 655 5648 Καὶ
688 5589 721 5641 ό
755 5579 1153 5642 Ἀπόστολος,
1199 5586 1301 5633 etc.
1340 5577 1560 5636 Schedaa
1603 5573 1783 5635 Grabii
1831 5586 1886 5632 et
1989 5573 2101 5630 rus.
