3958 6234
314 268 491 323 1189

1341 269 1642 328 SELECTA
1674 273 1737 325 IN
1776 308 1793 326 .
1818 274 2102 331 SALMOS.
2135 309 2203 321 -
2241 279 2429 334 PSAL.
2460 281 2549 337 IX.

3408 285 3431 338 Ι
3451 286 3543 342 190

308 374 615 451 σημαίνει
656 377 985 432 κατάστασιν
1009 416 1024 441 ,
1078 378 1319 449 ἐξήλειψε
1364 381 1419 434 δὲ
1452 383 1511 435 τὸ
1535 382 1627 435 τοῦ
1657 385 1897 453 ἀμαρτω-

2021 385 2281 448 habitum,
2332 395 2386 440 et
2429 386 2621 440 delevit
2668 388 2964 454 peccatoris
2999 400 3212 453 nomen,
3245 389 3429 459 utique
3452 394 3543 446 de-

302 469 436 522 λοῦ
468 471 670 540 ὄνομα,
694 466 971 537 ἐξήλειψεν
1006 467 1112 537 ἄρα
1134 467 1231 537 τὴν
1262 468 1532 539 χειρίστην
1556 471 1716 523 αὐτοῦ
1744 473 1908 525 κατά-

304 569 567 611 πασιν.

404 646 537 698 Καὶ
578 643 1003 699 ἐλπισάτωσαν
1037 645 1135 697 ἐπὶ
1178 643 1252 697 σὲ
1309 648 1363 697 οὶ
1418 647 1802 713 γινώσκοντες
1842 648 1904 700 τὸ

301 732 541 803 ὄνομά
570 750 710 796 σου,
729 733 814 785 ὅτι
835 736 945 786 οὐκ
974 732 1353 800 ἐγκατέλιπες
1371 736 1507 800 τοὺς
1528 736 1908 803 ἐκῷιτοῦντάς

301 836 442 883 σε,
474 824 663 891 Κύριε
687 862 702 883 ,
726 839 780 874 κ.
809 839 860 874 τ.
901 823 946 873 ἐ.
973 823 1036 872 Οἱ
1064 821 1410 891 ἐκζητοῦντες
1438 825 1545 893 t9!)
1573 825 1661 877 τὸν
1688 824 1904 895 Κύριον,

300 912 432 965 καὶ
466 913 577 980 οὐχ
607 913 657 964 οἱ
692 910 1199 979 ἐγκαταλειφθέντες
1229 911 1318 964 ὑπ’
1349 912 1508 965 αὑτοῦ
1529 954 1544 979 ,
1584 913 1817 980 ἔγνωσαν
1848 913 1907 966 τὸ

300 1000 520 1070 ὄνομα
547 1000 738 1054 αὑτοῦ.

401 1090 669 1143 Ψάλατε
709 1087 789 1152 τῷ
818 1087 1008 1154 Κυρίῳ
1047 1087 1126 1150 τῷ
1152 1088 1514 1141 κατοικοῦντι
1542 1089 1611 1141 ἐν
1646 1090 1815 1151 Σιὼν,
1849 1108 1903 1143 κ.

296 1197 363 1233 τ.
412 1180 470 1232 ἔ.
525 1180 764 1239 Ἐκεῖνος
795 1176 984 1244 ψάλλει
1010 1176 1120 1246 (72)
1147 1178 1175 1229 ὁ
1206 1176 1338 1246 ἔχων
1369 1179 1425 1230 ἐν
1455 1178 1629 1247 ἐαυτῷ
1658 1178 1746 1230 τὸν
1778 1180 1906 1248 Χρι-

301 1271 485 1322 στόν.
529 1269 706 1321 Τοῦτο
749 1268 889 1320 κατά
926 1266 1024 1336 τὴν
1055 1266 1285 1319 παλαιὰν
1323 1267 1428 1318 τῶν
1472 1267 1729 1320 Ἰουδαίων
1752 1266 1904 1330 δόξαν

297 1356 493 1411 εἶπεν
520 1358 551 1409 ὁ
583 1357 893 1427 Προφήτης.
932 1356 1117 1423 Ὅμως
1155 1355 1267 1406 ἐστὶ
1305 1356 1397 1407 καὶ
1436 1354 1601 1425 νοητὴ
1626 1356 1718 1406 καὶ
1745 1356 1903 1407 ἐπου-

302 1448 530 1520 ράνιος
562 1445 724 1498 Σιιῖιν.
759 1445 866 1497 Καὶ
904 1445 961 1495 ἐν
989 1444 1134 1512 πάσῃ
1171 1443 1227 1495 δὲ
1260 1443 1400 1512 ψυχῇ
1430 1443 1559 1513 οὔσῃ
1588 1444 1752 1506 Σιὼν,
1787 1446 1904 1513 ήτις

296 1536 711 1610 ἑρμηνεύεται
763 1534 1147 1602 σκοπευτήριον
1174 1571 1188 1595 ,
1239 1533 1306 1585 τὰ
1349 1533 1464 1585 θεῖα
1495 1534 1750 1602 διηνεκῶς
1782 1550 1903 1586 σκο-

297 1625 522 1677 ποῦσα
545 1624 646 1675 καὶ
678 1618 1081 1690 φανταζομένη,
1125 1622 1261 1672 οίκεῖ
1293 1622 1320 1671 ὁ
1343 1621 1491 1683 Θεός.
1537 1620 1782 1689 Ἐκζητεῖ
1810 1624 1902 1674 καὶ

293 1711 384 1763 τὰ
429 1709 663 1779 αἵματα
700 1707 807 1758 τῶν
840 1705 1005 1758 ἐθνῶν
1027 1706 1133 1758 ἀπὸ
1157 1708 1263 1758 τῶν
1288 1706 1711 1760 ἀποκτεινάντων
1743 1708 1901 1771 αὗτά,
1936 1679 1976 1734 Β

297 1799 420 1854 καὶ
468 1798 853 1867 μιμνήσκεται
895 1792 1091 1856 αὐτῶν,
1131 1794 1346 1856 ἀνιστὰς
1381 1794 1532 1846 αὑτά.
1582 1796 1784 1849 Οὐκοῦν
1822 1797 1901 1859 τὸ,

304 1905 329 1936 e
357 1884 672 1938 ’Δπώλετο
692 1883 754 1934 τὸ
781 1880 1118 1950 μνημόσυνον
1140 1881 1301 1933 αὐτοῦ
1329 1883 1441 1951 μετ’
1466 1884 1616 1951 ήχου,
1645 1902 1664 1934 ι
1696 1885 1786 1936 ἐπὶ
1806 1885 1904 1947 τὰς

302 1974 628 2047 ῥομφαίας
660 1971 1122 2042 μετενεχθήσεται.
1163 1969 1411 2022 Ἔκείνων
1434 1970 1488 2023 δὲ
1515 1970 1797 2042 μέμνηται,
1829 1967 1902 2027 ὧν

298 2064 564 2132 ἐγένετο
599 2061 907 2128 καταφυγή.

401 2153 851 2221 Ἀναγγείλατε
878 2152 947 2203 ὲν
979 2150 1101 2214 τοῖς
1127 2151 1325 2203 ἔθνεσι
1362 2150 1431 2203 τὰ
1478 2151 1903 2220 ἐπιτηδεύματα

294 2243 558 2305 αὑτοῦ,
592 2260 644 2293 κ.
682 2258 731 2293 τ.
769 2243 814 2292 ἐ.
849 2241 980 2292 Ποῖα
1015 2239 1408 2310 ἐπιτηδεύματα
1447 2239 1597 2310 (75);
1652 2241 1825 2293 πάντα
1865 2240 1902 2295 ἀ

296 2331 580 2404 Χριστὸς
602 2333 713 2392 τοῖς
734 2329 1000 2399 μαθηταῖς
1028 2329 1269 2380 Ἰωάννου
1286 2328 1376 2380 τοῦ
1401 2329 1694 2381 Βαπτιστοῦ
1719 2329 1866 2397 ἔλεγε
1882 2346 1897 2361 ’

304 2440 326 2472 ι
375 2418 777 2490 Πορευθέντες
810 2417 998 2470 εἴπατε
1032 2416 1066 2470 ἂ
1114 2418 1246 2469 ἴδετε
1270 2434 1283 2447 ο
1315 2418 1498 2486 τυφλοὶ
1524 2419 1897 2483 ἀναϐλέπουσι,

297 2509 502 2580 χωλοὶ
534 2504 920 2577 περιπατοῦσι,
948 2506 1135 2575 λεπροὶ
1164 2504 1558 2575 καθαρίζονται,
1588 2508 1768 2576 νεκροὶ
1809 2509 1900 2561 ἀν-

300 2599 614 2651 ίστανται.
652 2614 672 2646 ι
723 2594 905 2646 Ταῦτα
933 2589 1025 2646 οὖν
1064 2596 1131 2646 τά
1169 2593 1435 2664 θεοπρεπῆ
1475 2596 1894 2665 ἐπιτηδεύματα’

296 2689 411 2743 καὶ
466 2689 525 2740 οἱ
576 2685 866 2738 ἀπόστολοι
906 2687 1017 2747 τοῖς
1059 2683 1263 2737 ἔθνεσιν
1294 2685 1612 2754 ἀνήγγειλαν
1635 2702 1651 2716 ·
1686 2688 1778 2739 καὶ
1816 2688 1899 2740 ὅτι

296 2776 400 2828 διὰ
428 2774 685 2827 Θανάτου
713 2770 1001 2831 ἀθανασία,
1030 2770 1116 2822 διὰ
1147 2771 1374 2839 σταυροῦ
1410 2774 1662 2842 σωτηρία,
1694 2775 1786 2827 καὶ
1815 2776 1901 2828 διὰ.

294 2866 512 2934 ταφῆς
558 2862 858 2925 ἀνάστασις
882 2899 898 2926 ,
945 2861 1037 2913 καὶ
1084 2860 1343 2929 νέκρωσις
1396 2860 1487 2913 τοῦ
1536 2862 1899 2933 νεκρώσαντος

297 2960 480 3031 ἡμᾶς
511 2955 791 3009 διαϐόλου.

391 3047 472 3096 '0
503 3041 691 3109 ὑψῶν
709 3058 786 3109 με
809 3041 878 3093 ἐκ
911 3039 1026 3093 τῶν
1053 3036 1261 3094 πυλῶν
1285 3042 1387 3094 τοῦ
1422 3041 1674 3095 θανάτου
1692 3081 1708 3107 ,
1741 3043 1897 3110 ὅπως

293 3133 387 3187 ἂν
424 3129 780 3198 (sesamum
814 3128 1014 3194 πάσας
1062 3129 1167 3194 τὰς
1216 3129 1472 3194 αὶνέσεις
1514 3145 1628 3183 σου
1668 3131 1735 3183 ἐν
1770 3133 1897 3198 ταῖς

295 3221 563 3280 πύλαις
590 3213 702 3279 τῆς
732 3216 1020 3283 θυγατρὸς
1057 3216 1206 3268 Σιὼν
1226 3253 1242 3275 ,
1281 3232 1334 3267 κ.
1372 3233 1421 3267 τ.
1451 3217 1495 3267 ἐ.
1538 3216 1706 3268 Πύλαι
1737 3217 1896 3270 θανά-

292 3325 406 3362 του
444 3305 660 3376 (74-):1!
695 3304 831 3375 πρὸς
863 3304 1086 3358 θάνατον
1119 3306 1375 3375 ἁμαρτίαι
1398 3342 1414 3365 ,
1446 3305 1537 3372 ἀφ’
1564 3297 1637 3357 ὧν
1676 3306 1896 3373 ὑψοῦται

293 3400 328 3451 ὁ
389 3395 559 3467 μηδὲ
603 3392 960 3463 λογισάμενος
1002 3394 1168 3456 αὑτὰς
1227 3395 1509 3463 ἁμαρτεῖν,
1564 3394 1622 3457 ὃς
1664 3398 1756 3448 καὶ
1801 3398 1896 3466 μό-

292 3503 398 3549 νος
460 3484 703 3536 δύναται
754 3482 1089 3549 ἐξαγγέλλειν
1143 3483 1317 3544 πάσας
1360 3482 1458 3544 τὰς
1514 3484 1741 3546 αἰνέσεις
1789 3487 1899 3537 Κυ-

298 3574 437 3645 ρίου
492 3572 560 3623 ἐν
592 3572 715 3632 ταῖς
748 3569 941 3632 πύλαις
986 3570 1085 3639 τῆς
1123 3568 1383 3638 θυγατρὸς
1428 3569 1595 3637 Σιὼν,
1624 3575 1741 3635 ταῖς
1768 3573 1897 3643 ἀρε-

291 3665 469 3725 ταῖς.

390 3747 847 3816 Ἐνεπάγησαν
893 3746 1033 3812 ἔθνη
1060 3746 1129 3798 ἐν
1167 3744 1448 3814 διαφθορᾷ
1497 3740 1538 3816 ᾗ
1587 3746 1893 3816 ἐποίησαν.

305 3840 422 3893 Ἑν
476 3835 694 3903 πατίδι
732 3835 914 3903 ταύτῃ
948 3829 988 3904 ᾖ
1018 3834 1289 3901 ἔκρυψαν
1317 3834 1662 3902 συνελήφθη
1693 3838 1726 3889 ό
1746 3837 1897 3903 ποῦς

291 3925 557 3982 αὐτῶν.
586 3924 952 3976 Γινώσκεται
973 3924 1183 3989 Κύριος
1209 3922 1455 3990 κρίματα
1478 3924 1679 3986 ποιῶν,
1700 3941 1753 3976 κ.
1776 3942 1823 3977 τ.
1846 3926 1891 3975 ἐ.

306 4011 734 4081 Ἐνεπάγησαν
763 4010 887 4079 ἔθνη
919 4010 1052 4077 (75),
1080 4008 1273 4079 δηλαδὴ
1301 4009 1374 4071 ὡς
1400 4011 1457 4062 ἐν
1483 4010 1654 4081 πηλῷ,
1685 4010 1762 4080 τῷ
1794 4010 1895 4063 σώ-

294 4121 457 4177 ματι
486 4142 503 4166 ,
556 4102 629 4154 δι’
658 4099 725 4170 ἢν
753 4099 1010 4169 ἐποίησαν
1039 4099 1329 4168 διαφθοράν
1348 4115 1362 4130 ο
1392 4099 1486 4151 καὶ
1532 4099 1834 4169 συνελήφθη
1866 4102 1895 4152 ὁ

292 4195 456 4259 ποῦς
489 4190 718 4252 αὐτῶν,
746 4193 775 4243 ὁ
797 4188 981 4258 νοητὸς
1010 4189 1264 4258 δηλονότι.
1295 4190 1402 4240 Καὶ
1435 4188 1752 4256 γινώσκεται
1784 4189 1895 4243 Κύ-

2008 470 2135 525 Ievit
2164 473 2453 541 pessimum
2482 474 2599 541 ejus
2639 474 2901 528 habitum.

2075 645 2235 701 Vsus.
2278 649 2366 704 Η.
2409 649 2473 702 Et
2511 659 2712 717 sperent
2752 653 2805 703 in
2855 661 2902 705 te
2949 655 3037 722 qui
3076 667 3321 710 noverunt
3360 674 3541 713 nomen

2004 742 2192 788 luunt:
2221 738 2464 803 quoniam
2506 752 2604 790 non
2647 739 2969 808 dereliquiin
2994 751 3278 809 querentes
3320 754 3388 807 te,
3433 745 3539 796 Do-

2003 824 2157 887 mine,
2210 835 2312 878 etc.
2373 824 2471 891 Qui
2530 828 2817 895 exquirunt
2882 827 3197 894 Dominum,
3256 847 3359 884 non
3412 846 3539 885 vero

2003 912 2056 966 hi
2091 914 2181 981 qui
2222 915 2288 968 ab
2315 914 2430 983 ipso
2453 915 2691 970 derelicti
2722 926 2868 982 sunt,
2891 929 3152 971 noverunt
3181 934 3370 973 nomen
3400 920 3534 988 eius.

2073 1089 2236 1144 Vsus.
2280 1089 2361 1142 12.
2405 1089 2623 1142 Psallite
2677 1089 2898 1143 Domino
2941 1090 3028 1158 qui
3065 1091 3259 1143 habitat
3299 1093 3351 1145 in
3389 1091 3541 1157 Sion,

2003 1172 2107 1234 etc.
2142 1176 2329 1232 Psallit
2376 1177 2420 1230 is
2464 1176 2553 1244 qui
2600 1176 2652 1229 in
2699 1190 2756 1229 se
2791 1176 2951 1229 habet
2982 1176 3273 1230 Christum.
3314 1175 3425 1230 Hoc
3454 1193 3540 1232 se-

2004 1266 2235 1319 cundum
2276 1273 2512 1319 veterem
2546 1263 2853 1319 Judaaorum
2901 1264 3199 1332 opinionem
3243 1266 3375 1319 dixit
3411 1269 3540 1322 Pro-

2002 1356 2181 1423 pheta.
2217 1352 2573 1406 Nihilominus
2612 1360 2695 1405 est
2725 1353 2979 1420 spiritalis
3021 1364 3072 1409 et
3114 1354 3348 1409 ctelestis
3390 1352 3539 1407 Sion.

2004 1440 2067 1494 Et
2091 1441 2144 1494 in
2177 1441 2320 1494 omni
2352 1440 2529 1492 anima
2558 1453 2677 1506 qua:
2714 1449 2796 1492 est
2828 1440 2972 1504 Sion,
2996 1457 3114 1511 quae
3160 1443 3544 1509 interpretatur

2002 1529 2250 1598 specula,
2306 1528 2357 1581 id
2405 1536 2487 1582 est
2528 1542 2647 1595 qua:
2691 1528 2865 1581 divina
2905 1544 3119 1599 semper
3148 1533 3453 1599 speculatur
3487 1539 3544 1583 et

2007 1618 2223 1686 cogitat,
2274 1618 2417 1670 Deus
2447 1617 2674 1670 habitat.
2732 1616 2975 1684 Exquirit
3017 1620 3176 1673 etiam
3230 1621 3538 1688 sanguinem

2005 1709 2238 1778 gentium
2271 1708 2337 1760 ah
2367 1708 2451 1760 his
2487 1707 2574 1773 qui
2614 1722 2706 1761 eas
2744 1708 3080 1772 occiderunt,
3121 1718 3176 1762 et
3223 1722 3429 1762 memor
3458 1719 3541 1763 est

2004 1812 2208 1860 earum,
2260 1796 2383 1849 dum
2433 1809 2524 1849 eas
2569 1796 2873 1849 resuscitat.
2901 1798 3084 1866 Itaque
3114 1798 3277 1861 istud,
3328 1816 3346 1849 ι
3377 1797 3543 1853 Periit

2003 1885 2257 1939 memoria
2292 1885 2406 1952 ejus
2432 1898 2557 1938 cum
2594 1886 2796 1948 sonitu.
2839 1905 2858 1938 ι
2901 1886 2968 1939 ad
3013 1886 3245 1940 frameas
3284 1887 3535 1941 reduceno

2003 1972 2125 2024 dum
2156 1972 2257 2025 e'st.
2288 1971 2500 2024 Illorum
2518 1982 2696 2026 autem
2727 1974 2988 2040 meminit,
3018 1990 3245 2043 quorum
3268 1977 3535 2042 refugium

2001 2058 2172 2113 factus
2197 2067 2299 2113 est.

2066 2146 2383 2198 Annuntiate
2414 2146 2548 2199 inter
2575 2158 2750 2216 gentes
2779 2150 2956 2202 studia
2994 2150 3130 2217 eius,
3160 2160 3264 2207 etc.
3287 2153 3536 2218 Quaenam

2000 2232 2219 2286 studia?
2261 2247 2321 2286 ea
2352 2235 2528 2287 omnia
2572 2250 2688 2302 quae
2735 2236 2982 2291 Christus
3020 2238 3242 2292 Joannis
3289 2239 3539 2307 Baptista:

2000 2319 2272 2388 discipulis
2322 2320 2536 2376 dicebat
2562 2322 2625 2377 δε
2658 2341 2676 2373 ι
2709 2321 2908 2379 Euntes
2946 2327 3249 2381 renuntiate
3296 2343 3416 2396 quae
3460 2330 3540 2382 vi-

2001 2411 2155 2465 distis
2188 2434 2200 2466 ;
2237 2412 2366 2466 ειεθί
2394 2412 2596 2478 vident,
2626 2412 2801 2467 claudi
2833 2414 3128 2480 ambulant,
3157 2417 3351 2485 leprosi
3379 2434 3535 2471 mun-

1998 2502 2215 2565 dantur,
2256 2502 2453 2556 mortui
2488 2513 2795 2571 resurgunt.
2835 2524 2853 2556 ι
2885 2504 3008 2560 llaec
3038 2506 3199 2573 igitur
3231 2505 3339 2561 Deo
3375 2508 3534 2578 digna

1998 2597 2121 2645 Sunt
2159 2590 2352 2656 studia,
2392 2598 2447 2644 et
2480 2589 2566 2642 illa
2598 2592 2821 2658 apostoli
2855 2592 3101 2662 gentibus
3130 2595 3536 2661 annuntiarunt,

1999 2679 2260 2748 simulque
2308 2695 2401 2747 per
2453 2691 2680 2736 mortem
2731 2695 2854 2735 esse
2892 2682 3387 2747 immortalitatem,
3442 2699 3539 2751 per

1999 2783 2210 2821 crucem
2249 2769 2494 2833 salutem,
2531 2784 2627 2838 per
2674 2774 2973 2839 sepulcrum
3008 2773 3456 2829 resurrectionem
3483 2782 3538 2830 et

2002 2866 2226 2910 mortem
2255 2857 2449 2911 diaboli
2481 2859 2571 2927 qui
2600 2873 2697 2914 nos
2724 2873 2894 2914 morte
2922 2860 3192 2915 all’ecerat.

1922 2986 1968 3047 ϐ
2071 3023 2235 3078 Vens.
2282 3024 2362 3078 l5.
2405 3023 2506 3089 Qui
2547 3025 2751 3079 exultas
2799 3043 2879 3080 me
2915 3027 2981 3080 de
3024 3028 3187 3095 portis
3234 3029 3435 3093 mortis,
3479 3038 3537 3081 ut

2008 3114 2311 3166 ennuntiem
2363 3130 2537 3168 omnes
2571 3116 2899 3168 laudationes
2934 3127 3052 3169 tuas
3091 3117 3147 3169 in
3199 3118 3363 3185 portis
3408 3118 3537 3185 [ilia

2001 3202 2152 3265 Sion,
2186 3213 2288 3256 etc.
2318 3201 2493 3256 Portze
2528 3203 2717 3257 mortis
2766 3213 2893 3257 sunt
2930 3212 3147 3271 peccata
3192 3206 3462 3270 mortalia,
3503 3220 3537 3260 ι

1999 3290 2189 3357 quibus
2219 3290 2487 3343 exaltatur
2514 3292 2603 3358 qui
2642 3307 2709 3345 ne
2739 3292 2935 3359 cogitat
2966 3292 3182 3360 quidem
3221 3292 3309 3347 illa
3349 3308 3539 3362 ρει-ρει

2000 3386 2180 3431 trare:
2230 3379 2324 3445 qui
2368 3379 2528 3432 etiam
2573 3380 2719 3434 solus
2771 3380 3093 3433 annuutiare
3125 3389 3302 3447 potest
3350 3397 3537 3437 omnes

2000 3466 2329 3521 laudationes
2379 3468 2588 3522 Domini
2642 3469 2695 3521 in
2740 3468 2911 3537 portis
2956 3467 3081 3523 lilia:
3125 3467 3279 3534 Sion,
3326 3470 3512 3525 hoces

1998 3555 2303 3610 virtutibus.

1984 3726 1995 3737 ’
2066 3751 2228 3805 Vsus.
2280 3751 2377 3814 l6,
2433 3751 2518 3804 l7.
2574 3750 2762 3818 lnﬁxc
2828 3760 2952 3804 sunt
3008 3760 3180 3821 gentes
3225 3752 3280 3805 in
3323 3752 3533 3806 interitu

1996 3855 2144 3909 quem
2171 3840 2420 3908 fecerunt.
2458 3838 2523 3891 In
2556 3838 2714 3908 587
2744 3839 2927 3908 laqueo
2974 3841 3077 3893 isto
3125 3855 3277 3933 quem
3310 3840 3532 3893 abscon-

1997 3929 2207 3991 derunt,
2236 3927 2629 3996 comprehensus
2674 3937 2749 3980 est
2800 3943 2888 3995 pes
2939 3926 3139 3980 eorum;
3186 3926 3527 3995 Cognoscetur

1998 4015 2253 4068 Dominus
2274 4014 2479 4083 judicia
2513 4014 2734 4081 faciens,
2764 4015 2867 4069 e'tc.
2918 4013 3097 4068 Inlixa:
3144 4021 3272 4068 sunt
3319 4024 3526 4082 gentes,

1997 4099 2202 4154 scilicet
2236 4109 2484 4167 tanquam
2539 4101 2590 4153 in
2638 4101 2771 4163 luto,
2819 4101 3055 4170 corpori,
3112 4114 3206 4169 per
3250 4101 3530 4155 interitum

1995 4202 2154 4256 quem
2188 4188 2450 4251 fecerunt,
2497 4197 2553 4242 et
2593 4187 3005 4256 comprehensus
3051 4196 3132 4241 est
3180 4202 3275 4257 pes
3321 4202 3528 4257 eorum,

295 4302 459 4357 ριος,
497 4280 633 4333 ἐπεὶ
660 4316 675 4341 ,
697 4279 824 4330 ὅταν
846 4278 1025 4339 αὐτοῖς
1057 4278 1116 4329 τὸ
1149 4279 1318 4347 κρῖμα
1347 4278 1724 4347 γενηθήσεται,
1758 4278 1893 4346 γνώ-

1997 4290 2184 4344 nempe
2213 4274 2487 4344 spiritalis.
2504 4275 2567 4329 Et
2592 4283 2947 4346 cognoscetur
2972 4274 3247 4337 Dominus,
3271 4278 3526 4344 quoniam

293 4386 517 4428 σονται
556 4367 655 4421 τὸν
680 4367 931 4436 κρίνοντα
956 4368 1013 4418 ἐν
1033 4365 1360 4437 δικαιοσύνῃ.

381 4540 999 4608 Ἀποστραςρήτωσαν
1027 4541 1081 4591 οι
1107 4539 1432 4606 ἁμαρτωλοί
1464 4540 1549 4602 εἰς
1578 4538 1682 4591 τὸν
1719 4538 1889 4605 ᾅδην,

291 4656 355 4693 κ.
397 4655 458 4690 τ.
499 4636 556 4687 ἐ.
596 4632 808 4699 ’Ὠσπερ
835 4630 864 4680 ὁ
888 4628 1209 4699 παράδεισος
1235 4628 1345 4697 (76)
1375 4628 1479 4679 τῶν
1501 4628 1716 4680 δικαίων
1747 4630 1891 4681 ἐστὶν

290 4725 676 4796 οἰκητήριον,
697 4717 865 4780 οὕτως
886 4718 1015 4787 ᾅδης
1034 4717 1140 4770 τῶν
1161 4716 1491 4786 ἁμαρτωλῶν
1522 4718 1884 4788 κολαστήριον.

304 4809 887 4878 ’Δποκλεισθήτωσαν
911 4845 927 4865 ,
971 4807 1134 4876 φησὶν
1157 4846 1172 4870 ,
1211 4806 1353 4869 ὅπως
1401 4805 1473 4877 μὴ
1509 4805 1683 4858 ἴδωσιν
1720 4806 1887 4877 Ἰησοῦ

288 4905 499 4975 ψυχὴν
535 4898 969 4953 καταϐαίνουσαν
1003 4895 1097 4947 καὶ
1141 4894 1523 4948 ἀναδαίνουσαν
1542 4933 1556 4957 ,
1607 4896 1750 4949 ἔνδον
1779 4898 1888 4950 άπ-

289 4989 723 5064 εστραμμένοι.
768 4988 830 5039 Oi
867 4985 975 5055 γάρ
1007 4983 1462 5053 προσδοκήσαντες
1492 4985 1653 5055 αὐτὴν
1680 4987 1892 5057 ὠσπερ-

290 5084 349 5135 ei.
410 5080 537 5144 ἔξω
609 5075 834 5127 ἔϐλεπον
908 5070 1285 5140 καθειργμένοι
1344 5074 1401 5125 ἐν
1466 5072 1622 5143 ᾅδου,
1678 5075 1886 5144 πρῶτον

373 5219 400 5252 ⁸
430 5212 642 5273 Matth.
679 5226 757 5276 ιι,
784 5210 839 5265 5.

372 5329 435 5395 (7
447 5326 506 5395 1)
529 5318 1025 5395 (ζιῄιίακζητοῦντες,-2
1058 5325 1180 5395 etc._
1194 5317 1502 5395 Co‘rderius.

376 5383 514 5463 (72')
563 5383 825 5463 ξβκξῒνος
850 5383 1103 5463 unger,
1132 5389 1235 5434 etc.
1264 5384 1487 5441 Scltedm
1507 5386 1714 5451 Grahii,
1757 5403 1881 5457 par-

294 5450 530 5525 tin‘tquie
555 5455 845 5525 tioﬂrtlerius
862 5450 929 5525 et
963 5450 1253 5525 parbarus.

368 5516 500 5599 (⁸7⁷5)
531 5522 681 5576 Ποῖα
703 5516 1157 5583 ἐπιτηδεύματα,
1190 5524 1294 5570 etc.
1326 5517 1550 5577 Scheda:
1578 5521 1777 5576 Grahii.

1995 4380 2116 4418 cum
2136 4364 2537 4432 iudicabuntur,
2579 4373 2901 4435 cognoscent
2950 4379 3070 4418 eum
3101 4364 3194 4432 qui
3222 4363 3431 4433 iudicat
3465 4369 3521 4422 in

1985 4453 2212 4521 iustitia.

2063 4543 2227 4597 Vens.
2267 4543 2352 4596 18.
2393 4541 2775 4596 Convertuntur
2807 4552 3097 4609 peccatores
3146 4543 3203 4596 in
3244 4544 3528 4613 infernum,

1993 4639 2097 4685 etc.
2135 4632 2283 4684 Sicut
2309 4630 2588 4697 paradisus
2608 4629 2871 4696 justorum
2904 4639 2987 4684 est
3025 4630 3409 4695 habitaculum,
3451 4632 3529 4686 sic

1994 4717 2233 4772 internus
2262 4726 2600 4785 peccatorum
2646 4725 2730 4771 est
2763 4716 2830 4769 ad
2872 4716 3088 4770 ferenda
3138 4716 3396 4784 supplicia
3424 4717 3523 4769 do-

1994 4810 2272 4863 micilium.
2301 4807 2728 4873 Concludantur,
2764 4805 2956 4873 inquit,
2992 4819 3059 4859 ne
3092 4804 3237 4859 intus
3284 4803 3525 4858 conversi

1993 4898 2205 4952 videant
2265 4896 2495 4949 animam
2553 4893 2679 4948 Jesu
2750 4893 3163 4947 descendentem
3220 4899 3273 4946 et
3334 4905 3524 4944 ascen-

1993 4988 2225 5039 dentem.
2270 4984 2367 5049 Qui
2398 4985 2540 5038 enitn
2588 4983 2729 5036 illam
2773 4987 3170 5050 exspectarunt,
3220 4979 3273 5032 in
3315 4977 3520 5029 inferno

1991 5076 2211 5137 detenti,
2250 5084 2500 5141 tanquam
2541 5079 2696 5125 extra
2729 5071 3010 5131 viderunt,
3048 5068 3274 5135 primum
3309 5064 3517 5155 quidem

2059 5321 2170 5389 (74)
2203 5319 2391 5389 Πύλαι
2400 5313 2695 5389 par-decu,
2708 5320 2814 5364 etc.
2838 5303 3342 5389 Cord‘eriusL-liarba
3355 5328 3466 5370 ωε,

2058 5372 2166 5456 ῐτέἳ
2197 5383 2608 5456 ῘΕνεπάγησαν
2630 5372 2791 5456 ξρνην
2818 5386 2935 5456 8‘0:
2946 5372 3250 5456 90'19'35‘3:

2056 5435 2167 5526 liii
2193 5435 2482 5526 ’ὃᾳπιερῖό
2503 5435 2854 5526 mde
2869 5447 3038 5526 2919:.
3054 5435 3289 5526 ξειξεὲας,
3318 5447 3526 5509 Gabii.

1991 5503 2395 5580 et‘Coittlt—elisii',
2423 5503 2596 5567 Bat‘ha'
2601 5529 2707 5577 rus,
2745 5503 3040 5577 partimque
3064 5503 3387 5569 (ἰοί-ἀρτίως),

3406 5620 3415 5625 υ
3442 5613 3563 5629 ν---ας
