3958 6226
337 274 476 332 "95
1340 295 1643 355 SELECTA
1674 298 1741 354 IN
1775 299 2102 358 PSALMOS.
2143 335 2209 355 -.—
2244 307 2433 365 PSAL.
2493 310 2555 365 x.
3392 318 3521 372 ttat

341 396 391 451 οἱ
409 393 471 503 δὲ
504 393 690 503 tingi}.
707 400 756 452 οἱ
786 402 844 456 δὲ
871 408 982 469 τοῖς
1013 405 1162 469 ἐκτός
1186 423 1199 437 °
1234 411 1327 464 καὶ
1350 415 1399 466 οἱ
1423 417 1519 486 μέν
1546 419 1648 470 εἱσι
1684 419 1852 489 πληγό

1954 424 2234 479 texternis
2277 426 2591 494 inferuntur,
2631 436 2683 483 et
2728 424 2849 481 alia:
2881 428 2931 482 in
2975 444 3131 485 causa
3172 438 3297 485 sunt
3338 432 3521 503 plaga-

340 483 436 537 καὶ
461 485 847 554 στρεϐλώσεων
867 493 960 545 καὶ
978 493 1224 562 διωγμῶν
1246 499 1339 551 καὶ
1367 483 1614 568 φυλακῶν
1630 483 1819 559 αἴτιοιλ
1845 527 1852 552 ι

2576 483 2590 494 ,
2989 483 2997 485 ,
3083 483 3114 485 ρ
3181 483 3192 485 ι
3281 483 3390 501 ντί
3428 483 3490 503 σε

1998 527 2150 576 rum,
2203 523 2628 579 tormentorum,
2685 519 3150 584 persecutionum,
3217 534 3515 575 carcerum.

335 573 397 626 δέ
439 577 575 628 εἰσιν
598 577 899 650 ἀκάθαρτοι
924 585 1166 653 λογισμοὶ
1193 589 1484 654 γεννῶντες
1507 594 1770 664 ἁμαρτίαν
1804 613 1852 649 κε

1992 601 2121 655 Alia:
2151 617 2277 657 vero
2309 605 2527 672 impura:
2550 615 2673 658 sunt
2701 605 3049 673 cogitationes
3076 624 3190 677 qnze
3221 621 3438 681 peccata
3463 625 3519 667 et

333 662 585 732 δόγματα
615 667 785 738 ψευδῆ
808 687 822 700 ο
847 672 897 723 οἱ
926 672 984 724 δὲ
1013 673 1210 743 ζημίας
1231 675 1407 747 ἔχουσι
1436 662 1744 752 χρημάτων,
1770 685 1852 736 ἁπι

1994 688 2121 743 falsa
2169 691 2414 759 dogmata
2458 704 2739 760 generant.
2784 693 3034 758 Qumdatn
3084 697 3275 752 damna
3336 718 3515 755 rerum

332 752 501 816 ϐολὰς
544 756 781 819 τέκνων,
815 761 910 812 καὶ
949 764 1215 829 γυναικῶν
1245 769 1585 840 ἀφαιρέσεις·
1620 774 1712 824 καὶ⁹
1741 773 1852 844 δῆλι

1992 777 2212 842 habent,
2239 779 2525 834 liberorum
2559 783 2921 847 amissionem,
2960 801 3186 841 uxorum
3225 789 3512 855 jacturam.

327 844 396 895 ὲκ
425 842 637 898 τούτων
656 886 671 909 ,
700 846 782 899 ὅτι
810 849 1090 920 ἐκυρίευσε
1117 856 1311 919 παντὸς
1340 859 1543 912 δικαίου
1575 865 1604 913 6
1632 842 1852 927 Σατανᾶς

1989 864 2306 932 Atqnehinc
2333 869 2505 934 palam
2556 877 2637 921 est
2679 872 2822 924 omni
2861 870 3004 937 justo
3053 842 3312 928 domin'ari
3360 875 3513 929 Sata-

326 931 391 983 Εῖ
433 933 550 1003 γὰρ
604 935 817 988 πάντων
854 939 961 990 τῶν
1000 941 1206 1013 ἐχθρῶν
1230 945 1391 998 αὑτοῦ
1430 954 1831 1022 κατακυριεύσει

1989 965 2145 1005 nam.
2174 952 2230 1006 Si
2257 956 2398 1007 enim
2422 955 2658 1009 omnium
2707 958 3041 1013 inimicorum
3087 976 3301 1015 suorum
3343 963 3513 1017 domi-

320 1018 602 1085 Σατανᾶς,
640 1025 734 1075 καὶ
761 1025 954 1079 δίκαιοι
984 1031 1177 1093 πάντες
1205 1034 1364 1086 αὐτοῦ
1387 1037 1565 1108 ἐχθροί
1593 1043 1715 1102 εἱσι,
1753 1043 1852 1095 πάν

1988 1042 2201 1096 nabitur
2239 1043 2487 1107 Satanas,
2513 1046 2712 1115 etjnsti
2747 1063 2930 1103 onmes
2970 1050 3083 1119 ejus
3129 1051 3328 1104 inimici
3363 1063 3509 1117 sunt,

314 1124 430 1160 των
463 1110 579 1180 ἄρα
626 1116 1060 1185 κατακυριεύσει.
1092 1120 1166 1171 Οὐ
1216 1121 1311 1189 μὲν
1360 1126 1518 1178 παντὶ
1554 1127 1610 1179 δὲ
1652 1128 1852 1198 δηλονόα

1986 1129 2227 1183 omnibus
2273 1145 2403 1198 ergo
2465 1132 2695 1188 Satanas
2743 1135 3125 1194 dominabitur.
3182 1141 3251 1193 At
3302 1158 3404 1195 non
3457 1144 3508 1196 in

316 1198 622 1266 πράγματι
649 1203 946 1271 κυριεύσει,
975 1206 1085 1258 ἀλλ’
1118 1207 1173 1259 ἐν
1200 1226 1302 1261 τινι
1326 1228 1339 1240 ·
1377 1213 1531 1280 μόνος
1553 1216 1657 1286 γὰρ
1698 1218 1726 1267 6
1756 1216 1852 1288 Χρι

1982 1213 2125 1264 omni
2168 1227 2225 1266 re
2252 1215 2629 1282 dominabitur,
2662 1220 2752 1272 sed
2793 1222 2842 1273 in
2881 1224 3131 1290 quadam.
3176 1222 3334 1281 Solus
3361 1229 3504 1282 enim

1980 1298 2226 1354 Christus
2265 1314 2538 1369 peccatum
2586 1323 2686 1360 non
2738 1308 2893 1373 fecit,
2930 1327 3026 1366 nec
3050 1322 3131 1367 est
3163 1316 3406 1371 inventus
3453 1319 3504 1372 in

1979 1398 2071 1438 ore
2097 1388 2210 1454 ejus
2226 1389 2396 1443 dolus.
2425 1392 2515 1444 Vel
2544 1393 2770 1449 fortasse
2801 1398 2974 1451 divina
3008 1400 3278 1468 Scriptura
3304 1406 3370 1456 ad
3391 1406 3504 1471 ejus

1980 1475 2210 1540 respexit
2269 1477 2587 1530 voluntatem
2647 1496 2765 1547 qua:
2818 1492 2899 1536 est
2950 1486 3013 1538 ad
3077 1487 3234 1541 ﬁnem
3306 1491 3502 1545 dueere

314 1287 440 1349 στὸς
469 1290 755 1359 ἁμαρτίαν
783 1295 881 1345 οὐκ
911 1297 1183 1367 εποίησεν,
1204 1300 1311 1365 οὐδ’
1341 1302 1532 1373 εὑρέθη
1560 1304 1705 1367 δόλος
1728 1308 1784 1358 ἐν
1807 1287 1883 1375 τῷ

313 1375 555 1442 στόματι
604 1380 791 1431 αὑτοῦ.
822 1384 891 1434 Ἦ
933 1385 1070 1453 τάχα
1116 1387 1174 1439 τὸ
1205 1387 1441 1459 βούλημα
1483 1393 1644 1445 αὐτοῦ
1677 1395 1882 1464 τίθησιν

308 1462 342 1531 ἡ
360 1463 487 1516 θεία
514 1466 732 1536 Γραφὴ,
761 1470 895 1540 ὅπερ
925 1473 1039 1525 ἐστι
1069 1477 1146 1537 είς
1168 1477 1334 1546 πέρας
1357 1480 1577 1547 ἀγαγεῖν
1602 1482 1662 1534 τὸ
1679 1462 1883 1535 οὐκήὲν-

303 1550 632 1621 δεχόμενον·
665 1557 803 1624 εἴγε
839 1578 857 1609 ι
891 1560 1249 1629 διελογίσαντο
1275 1566 1460 1633 βουλὰς
1497 1565 1582 1633 αἶς
1607 1573 1667 1623 οὐ
1699 1573 1773 1641 μὴ
1797 1573 1880 1625 δύ-

301 1655 512 1694 νωνται
555 1645 765 1713 στῆναι.
799 1666 817 1698 ι
858 1650 965 1701 Καὶ
1002 1650 1108 1721 γὰρ
1148 1654 1205 1705 ὲν
1236 1654 1310 1724 τῷ
1359 1657 1474 1709 Ἰὼϐ
1498 1659 1818 1730 ψευδόμενος
1848 1665 1876 1715 6

298 1727 558 1794 διάϐολός
595 1751 730 1802 φησι
750 1752 763 1765 ⁸
798 1754 816 1786 ι
846 1739 1145 1809 Περιελθὼν
1193 1744 1287 1815 τὴν
1320 1748 1417 1816 γῆν
1457 1725 1546 1801 καὶ
1572 1725 1874 1822 ἐμπεριπα-
1904 1725 1945 1778 Β

296 1820 480 1889 τήτας
511 1822 618 1890 τὴν
649 1824 739 1876 ὑπ’
767 1826 1008 1896 οὐρανὸν,
1036 1832 1281 1902 πάρειμι,
1314 1854 1330 1887 ι
1370 1837 1542 1890 καίτοι
1570 1820 1732 1910 μηδὲν
1758 1844 1874 1896 πεί-

298 1925 397 1971 σας
427 1911 520 1979 τῷ
560 1912 684 1964 ’1ὼό
717 1914 913 1967 ἄτοπον
947 1920 1295 1988 πεπραχέναι.

368 2000 500 2053 Τοῦ
539 2004 752 2055 αὐτοῦ.
789 2004 851 2056 Ei
890 2006 939 2056 οἱ
983 2009 1371 2077 προκόπτοντες
1403 2012 1511 2082 (84)
1542 2016 1680 2069 κατὰ
1715 2018 1872 2086 μείω-

294 2099 378 2140 σιν
419 2089 639 2150 κακίας
666 2090 1030 2158 προκόπτουσι
1049 2131 1063 2156 ,
1097 2095 1289 2149 δίκαιοι
1316 2097 1558 2164 λέγονται
1590 2103 1638 2153 οἱ
1668 2103 1870 2159 τελείαν

287 2174 407 2241 ιξιν
428 2178 541 2244 τῆς
567 2178 911 2249 δικαιοσύνης
937 2185 1277 2252 κτησάμενοι,
1298 2188 1385 2239 καὶ
1410 2190 1456 2240 oi
1479 2190 1870 2258 ἀνεμποδίστως

290 2264 733 2333 προκόπτοντες.
769 2284 787 2315 ι
810 2268 1026 2331 Δίκαιος
1063 2271 1189 2341 γὰρ,
1215 2276 1395 2342 φησὶν,
1427 2277 1611 2329 ἑαυτοῦ
1640 2282 1870 2349 κατήγο-

287 2367 380 2422 ρος
412 2355 482 2404 ἐν
506 2354 871 2427 πρωτολογία.
904 2377 923 2408 ι
952 2360 1055 2411 Καὶ
1087 2363 1134 2412 εί
1165 2360 1385 2425 δίκαιος,
1403 2365 1516 2427 πῶς
1536 2371 1862 2439 κατήγορος;

284 2441 401 2493 Καὶ
449 2443 506 2493 εί
531 2445 862 2514 κατήγορος,
899 2449 1112 2511 πάντως
1137 2450 1198 2501 οὐ
1230 2449 1431 2514 δίκαιος
1455 2454 1669 2518 τέλειος.
1705 2477 1724 2509 ι
1757 2461 1864 2512 Καὶ

282 2528 537 2597 γνὼριζε
558 2530 774 2601 δικαίῳ,
798 2535 891 2586 καὶ
916 2535 1208 2606 προσθήσει
1228 2538 1318 2590 τοῦ
1339 2540 1601 2608 δέχεσθαι.
1630 2563 1648 2595 ι
1673 2546 1863 2612 Καλῶς

279 2614 374 2672 οὗν
419 2619 654 2685 λέγεται
696 2624 725 2673 6
764 2622 1005 2685 διάϐολος
1054 2626 1265 2678 πάντων
1312 2627 1420 2680 τῶν
1457 2630 1661 2701 ἐχθρῶν
1700 2637 1861 2691 αὐτοῦ

280 2709 728 2777 κατακυριεύειν
751 2751 765 2773 ,
800 2711 860 2762 οὐ
889 2711 995 2763 τῶν
1036 2712 1249 2766 τελείων
1275 2714 1542 2784 δηλονότι,
1583 2720 1713 2773 ἀλλὰ
1753 2723 1860 2780 τῶν

282 2798 646 2850 σπευδόντων
678 2800 773 2851 ἐπὶ
805 2800 901 2869 τὴν
934 2800 1259 2872 τελειότητα.
1294 2805 1354 2857 Εἰ
1377 2806 1482 2875 γὰρ
1513 2810 1583 2878 μὴ
1612 2806 1678 2879 ἦν
1710 2814 1860 2881 μῖσος

277 2886 423 2955 πρὸς
452 2886 553 2940 τὸν
576 2887 820 2940 Σατανᾶν
850 2890 942 2941 καὶ
965 2890 1148 2953 ἀτελὲς
1172 2894 1263 2944 καὶ
1291 2894 1508 2958 τέλειον,
1533 2898 1629 2951 οὐκ
1656 2900 1721 2953 ἂν
1748 2900 1860 2954 ἔλε-

275 2988 373 3038 γεν
406 2975 440 3024 6
467 2973 640 3024 Δαυῖδ
660 2991 674 3003 ·
709 2991 727 3022 ι
761 2973 973 3025 Τέλειον
1001 2977 1153 3043 μῖσος
1177 2976 1390 3045 ἐμίσουν
1419 2980 1610 3045 αὐτούς
1629 2999 1642 3012 ·
1666 2985 1744 3047 εἰς
1769 2987 1856 3055 ἐχ-

275 3059 449 3131 θροὺς
490 3059 748 3128 ἐγένοντό
783 3076 888 3130 μοι.
927 3078 946 3111 ι

348 3227 442 3286 οὗ
474 3228 632 3296 ἀρᾶς
662 3227 727 3281 τὸ
751 3231 942 3296 στόμα
964 3229 1146 3283 αὐτοῦ
1172 3230 1347 3298 γέμει,
1374 3233 1468 3286 καὶ
1494 3236 1724 3301 πικρίας
1753 3239 1850 3291 καὶ

268 3321 509 3382 δόλου,
548 3335 605 3370 κ.
652 3334 705 3369 τ.
737 3318 783 3370 ἐ.
828 3316 932 3369 Τοῦ
974 3317 1202 3388 πονηροῦ
1245 3319 1303 3371 τὸ
1350 3322 1516 3391 στόμα
1556 3324 1665 3391 (85)
1703 3326 1848 3380 οὐδὲν

268 3409 597 3480 προσφέρει
629 3405 945 3474 εὔχρηστον,
980 3406 1092 3458 ἀλλ’
1119 3407 1219 3459 ὅσα
1250 3409 1406 3461 πόνον
1438 3412 1527 3462 κα)⁸
1566 3412 1728 3465 κόπον
1753 3416 1850 3483 ἐμ-

267 3502 428 3553 ποιεῖ
461 3501 581 3561 τοῖς
617 3498 944 3567 δεχομένοις.
974 3500 1081 3551 Καὶ
1125 3501 1194 3553 τὰ
1240 3499 1347 3552 τῶν
1374 3501 1570 3571 ἐτέρων
1610 3503 1847 3573 στόματα

265 3590 444 3658 γέμει
472 3589 619 3656 ἀρᾶς
647 3586 757 3638 τῶν
786 3587 1216 3655 κακολογοῦντων
1237 3589 1326 3642 τὸν
1352 3592 1684 3660 Δημιουργὸν
1701 3631 1715 3656 ,
1743 3592 1848 3644 λοι-

260 3674 468 3745 δορίας
489 3673 600 3726 τῶν
624 3673 896 3743 λοιδόρων,
919 3674 1136 3743 πικρίας
1163 3674 1269 3726 τῶν
1290 3674 1549 3745 θυμικῶν,
1582 3674 1673 3726 καὶ
1699 3673 1844 3726 δόλου

260 3762 382 3815 τῶν
418 3762 645 3816 δολίων.

345 3934 469 3989 Τοῦ
509 3933 723 3988 αὑτοῦ.
781 3935 840 3987 ’0
867 3936 966 4004 τῆς
1009 3937 1286 4006 ἁγιότητος
1312 3934 1554 3989 ἐκπεσὼν
1585 3936 1714 4007 (86),
1743 3937 1844 4007 τῆς

255 4024 545 4094 ἀληθείας
590 4023 686 4075 καὶ
719 4024 964 4091 εὐλογίας
1005 4026 1189 4095 πόρρω
1220 4024 1406 4077 ἑαυτὸν
1434 4025 1746 4091 ἀπαγαγὼν,
1783 4025 1841 4077 τὸ

254 4114 457 4182 στόμα
488 4113 923 4182 πεπληρωμένον
955 4112 1091 4182 ἀρᾶς
1119 4114 1251 4183 ἔχει,
1284 4113 1348 4165 δι’
1374 4107 1447 4166 ὧν
1475 4114 1615 4182 λέγει
1646 4114 1840 4185 πειρώ-

257 4218 440 4271 μενος
487 4201 600 4252 ὑπὸ
644 4201 861 4254 κόλασιν
895 4204 987 4254 και
1015 4202 1151 4273 ἀρὰν
1185 4205 1353 4255 ποιεῖν
1401 4204 1524 4266 τοὺς
1550 4204 1837 4274 ἀπατωμέ-

1978 1563 2117 1628 quod
2152 1578 2254 1616 non
2289 1574 2482 1631 potest,
2513 1567 2795 1634 siquidem
2832 1589 2850 1621 ι
2879 1575 3249 1640 cogitaverunt
3281 1580 3499 1632 consilia

1977 1665 2095 1717 qua:
2127 1667 2229 1705 non
2274 1663 2561 1721 potuerunt
2612 1657 2853 1713 stabilire
2879 1661 2940 1715 “.
2980 1680 2999 1711 ι
3036 1662 3162 1715 Nam
3199 1673 3252 1717 et
3301 1666 3351 1718 in
3401 1665 3500 1719 Job

1972 1741 2221 1808 deceptor
2259 1745 2499 1799 diabolus
2529 1748 2602 1801 ait
2629 1748 2671 1778 ¹³
2699 1766 2713 1800 :
2769 1766 2789 1799 ι
2822 1750 3052 1805 Circuivi
3092 1763 3311 1819 terram,
3335 1764 3389 1808 et
3419 1758 3500 1809 in-

1971 1826 2246 1881 ambulans
2278 1838 2440 1883 totam
2476 1848 2597 1900 qua:
2629 1835 2726 1888 sub
2752 1838 2889 1890 caelo
2923 1849 3023 1901 cst,
3045 1841 3249 1893 adsum.
3281 1860 3300 1893 ι
3338 1842 3495 1912 Atqui

1971 1911 2172 1968 cﬂicere
2201 1932 2304 1969 non
2335 1918 2508 1984 potuit
2543 1928 2597 1971 ut
2621 1919 2721 1974 Job
2749 1925 3036 1991 quidquam
3066 1939 3331 1994 peccaret.

2038 2002 2303 2069 Ejusdem.
2351 2003 2405 2058 Si
2444 2007 2531 2073 qui
2577 2007 2879 2075 proficiunt,
2945 2026 3039 2078 per
3098 2017 3492 2070 decrementqu

1970 2091 2184 2142 malitiae
2233 2092 2535 2169 proﬁciunt,
2574 2097 2706 2164 justi
2756 2099 3007 2153 dicuntur
3061 2104 3150 2169 qui
3199 2104 3489 2169 perfectum

1968 2178 2204 2230 habitum
2230 2166 2448 2247 justitite
2475 2185 2766 2247 possident,
2796 2196 2847 2240 et
2873 2189 2961 2255 qui
3005 2166 3211 2257 absque
3250 2193 3356 2245 ullo
3390 2193 3491 2245 int.

1966 2266 2267 2333 pedimento
2298 2270 2599 2336 proficiunt.
2656 2289 2675 2322 ι
2711 2272 2892 2329 Justus
2934 2278 3093 2341 enim,
3141 2280 3311 2347 inquit
3340 2281 3403 2346 “,
3435 2283 3485 2335 in

1965 2355 2225 2422 principio
2251 2359 2508 2411 sermonis
2544 2372 2821 2416 accusator
2843 2373 2923 2417 est
2950 2367 3051 2419 sui.
3082 2384 3102 2416 ι
3137 2367 3200 2420 Ει
3226 2369 3268 2421 si
3285 2369 3485 2434 justus,

1962 2446 2225 2513 quomodo
2272 2448 2607 2501 accusator?
2661 2451 2717 2504 Si
2776 2463 2951 2507 autem
3027 2467 3327 2520 accusator,
3384 2474 3489 2514 non

1962 2535 2117 2603 plane
2153 2537 2421 2603 perfectus
2450 2545 2530 2590 est
2556 2538 2747 2606 justus.
2780 2560 2797 2591 ι
2836 2542 2971 2596 Doce
2997 2544 3219 2612 justum,
3250 2557 3301 2601 et
3334 2549 3484 2603 festi-

1961 2623 2109 2676 nabit
2137 2626 2380 2693 accipere
2427 2625 2492 2677 ¹⁸.
2532 2645 2550 2679 ι
2604 2630 2767 2683 Recte
2815 2633 2977 2701 igitur
3006 2636 3246 2690 diabolus
3288 2638 3485 2693 dicitur

1960 2712 2194 2764 omnium
2228 2714 2564 2769 inimicorum
2611 2733 2828 2771 suorum
2873 2720 3155 2788 dominari,
3203 2740 3305 2779 non
3361 2744 3481 2796 per-

1960 2798 2216 2854 fectorum
2251 2803 2517 2868 videlicet,
2550 2807 2640 2859 sed
2664 2822 2846 2860 eorum
2875 2814 2963 2877 qui
2995 2812 3059 2864 ad
3100 2812 3478 2881 perfectionem

1960 2892 2199 2944 tendunt.
2220 2891 2349 2944 Nam
2375 2895 2417 2947 si
2439 2909 2541 2947 non
2563 2906 2705 2949 esset
2727 2896 2979 2952 adversus
3010 2900 3259 2955 Satanam
3278 2905 3478 2972 odium,

1957 2988 2010 3032 et
2037 2981 2401 3050 imperfectum
2429 2994 2483 3037 et
2516 2984 2832 3053 perfectum,
2881 3002 2984 3041 non
3038 2991 3224 3058 utique
3264 2993 3483 3047 dixisset

1958 3068 2123 3122 David
2149 3071 2190 3100 ³⁸
2222 3088 2237 3124 :
2281 3088 2300 3120 ι
2332 3071 2575 3126 Perfecto
2602 3075 2725 3129 odio
2751 3076 2968 3131 oderam
2998 3077 3137 3144 illos,
3183 3089 3235 3133 et
3277 3082 3476 3137 inimici

1953 3156 2076 3210 facti
2103 3168 2225 3212 sunt
2258 3160 2408 3215 mihi.
2441 3178 2460 3211 ι

2017 3245 2177 3301 Vsus.
2218 3247 2269 3300 7.
2306 3249 2469 3316 Cujus
2514 3252 2871 3307 maledictione
2911 3272 2965 3309 os
3019 3256 3223 3323 plenum
3268 3268 3365 3326 est,
3425 3272 3475 3314 et

1949 3336 2294 3389 amaritudine
2320 3347 2366 3390 et
2403 3339 2542 3404 dolo,
2573 3351 2677 3395 etc.
2712 3343 2788 3396 Ex
2809 3358 2903 3396 ore
2927 3347 3161 3412 perversi
3189 3349 3316 3401 nihil
3348 3351 3473 3404 boni

1947 3424 2148 3488 prodit,
2180 3425 2272 3478 sed
2299 3441 2625 3497 (timentique
2660 3430 2895 3484 dolorem
2947 3442 3000 3483 et
3044 3432 3278 3488 laborem
3312 3436 3474 3508 δερ

1948 3511 2363 3579 percipientibns
2412 3517 2643 3581 pariunt.
2707 3516 2946 3571 Aliorum
2997 3535 3228 3588 quoque,
3285 3540 3469 3577 eormn

1947 3611 2136 3666 nempe
2181 3601 2269 3668 qui
2314 3603 2382 3655 de
2429 3603 2685 3657 Creatore
2718 3605 2859 3658 male
2905 3606 3211 3675 loquuntur,
3249 3613 3470 3666 maledi~

1944 3684 2122 3738 ctione
2151 3703 2167 3751 ;
2192 3700 2373 3740 eorum
2401 3690 2487 3756 qui
2519 3691 2909 3758 conviciantur,
2926 3696 3181 3748 conviciis
3207 3713 3221 3759 ;
3257 3699 3468 3752 iracun-

1946 3770 2131 3825 dorum
2168 3774 2542 3837 amaritudine,
2575 3785 2628 3832 et
2670 3777 2969 3831 dolosormn
3011 3795 3071 3834 os
3109 3781 3229 3834 dolo
3254 3783 3464 3849 plenum

1942 3868 2047 3913 est.

2011 3949 2281 4017 Ejusdem.
2322 3950 2422 4017 Qui
2463 3967 2491 4005 a
2525 3955 2807 4010 sanctitate
2836 3956 3067 4021 excidit,
3097 3967 3149 4011 et
3179 3973 3209 4011 a
3242 3960 3465 4014 veritate

1942 4054 2006 4093 ac
2028 4040 2393 4095 benedictione
2422 4044 2765 4111 semetipsum
2807 4044 3045 4112 abduxit,
3075 4048 3119 4100 is
3148 4060 3209 4100 os
3247 4049 3456 4116 plenum

1938 4126 2099 4181 habet
2136 4128 2522 4193 maledictione,
2559 4145 2655 4198 per
2676 4147 2735 4185 ea
2763 4147 2879 4200 quae
2907 4134 3070 4197 dicit,
3102 4144 3310 4189 tentans
3335 4151 3458 4205 sup-

1936 4216 2096 4283 plicio
2142 4225 2196 4271 et
2245 4219 2600 4273 maledictioni
2650 4223 2898 4290 deceptos
2946 4223 3226 4290 subjicere.
3293 4224 3462 4281 liabet

252 4306 411 4351 νους.
458 4290 622 4357 Ἔχει
656 4290 712 4341 δὲ
739 4290 901 4343 αὐτοῦ
937 4293 965 4343 6
991 4291 1144 4358 λόγος
1181 4291 1276 4342 σὺν
1312 4290 1388 4360 τῷ
1423 4291 1618 4362 δολερῷ
1642 4291 1835 4362 πολλὴν

1954 4314 2111 4358 intem
2157 4320 2330 4360 sermo
2368 4308 2482 4375 eius
2525 4324 2625 4362 una
2661 4326 2778 4363 cum
2808 4310 3014 4365 fallacia
3047 4327 3285 4380 magnam
3326 4318 3462 4368 acri-

250 4378 590 4445 δεινότητα·
633 4377 714 4429 διὸ
739 4379 833 4430 σὺν
866 4382 930 4449 τῇ
963 4381 1070 4448 ὰρᾷ
1103 4380 1192 4431 καὶ
1234 4379 1454 4449 πικρίας
1500 4381 1590 4432 καὶ
1627 4379 1774 4432 δόλου
1807 4382 1835 4432 6

1954 4394 2193 4458 noniam,
2231 4396 2451 4464 ideoque
2490 4413 2665 4451 sermo
2708 4399 2823 4466 ejus
2862 4400 2997 4453 ultra
3032 4401 3458 4456 maledictionem

249 4466 424 4535 λόγος
451 4465 628 4517 αὑτοῦ
659 4467 1025 4536 πεπλήρωται.

341 4553 720 4622 Ἐγκάθηται
742 4554 951 4620 ἐνέδρα
975 4554 1123 4622 μετὰ
1159 4556 1467 4609 πλουσίων
1493 4557 1561 4608 ἐν
1587 4557 1835 4624 ἀποκρύ-

250 4660 423 4710 φοις,
466 4659 526 4694 κ.
572 4658 624 4692 τ.
680 4643 728 4694 ἑ.
795 4642 881 4693 Ἐν
933 4643 1029 4711 μὲν
1073 4645 1183 4705 τοῖς
1225 4643 1402 4712 ἔχουσι
1452 4643 1559 4713 (87)
1611 4644 1834 4698 πλοῦτον

249 4731 555 4800 ἀγνωσίας
589 4730 686 4781 καὶ
716 4728 925 4792 ἀδικίας
951 4732 979 4782 6
1016 4729 1252 4792 διάϐολος
1277 4730 1620 4798 ὲγκαθέζεται
1639 4749 1652 4763 ’
1692 4734 1749 4785 ὲν
1776 4733 1831 4786 δὲ

246 4822 368 4880 τοῖς
418 4812 796 4883 κεκτημένοις
824 4815 1022 4880 γνῶσιν
1056 4816 1147 4867 καὶ
1175 4817 1369 4887 ἀρετὴν
1399 4818 1453 4869 αἱ
1489 4816 1635 4884 ἅγιαι
1674 4819 1830 4871 δυνά-

249 4923 381 4975 μεις
410 4902 888 4963 ἐπαναπαύονται,
909 4895 982 4953 ὧν
1011 4901 1248 4969 σύμϐολα
1273 4905 1385 4956 ἐστι
1408 4905 1474 4958 τὰ
1500 4906 1713 4959 πετεινὰ
1738 4907 1831 4960 τοῦ

242 4993 501 5065 οὐρανοῦ
549 4988 995 5058 κατασκηνῶντα
1032 4992 1087 5041 ἐν
1126 4995 1234 5054 τοῖς
1282 4996 1490 5058 κλάδοις
1532 4998 1826 5061 σινάπεως·

240 5083 272 5134 6
302 5081 584 5152 σημαίνει
613 5079 712 5148 τὴν
740 5077 1141 5145 ἐνυπάρχουσαν
1167 5081 1296 5149 ἡμῖν
1329 5084 1465 5137 κατὰ
1486 5083 1708 5153 δύναμιν
1737 5085 1832 5155 βα-

240 5172 465 5223 σιλείαν
502 5169 568 5219 οὐ
577 5166 776 5237 ρανῶν.
1706 5190 1707 5193 η

1936 4482 2291 4537 amaritudine.
2324 4491 2378 4535 et
2400 4483 2518 4537 dolo
2541 4485 2726 4553 plenus
2754 4495 2855 4540 est.

2004 4570 2162 4624 Vsus.
2197 4572 2248 4625 8.
2290 4572 2444 4626 Sedet
2470 4575 2521 4625 in
2546 4574 2749 4627 insidiis
2794 4591 2907 4629 cum
2934 4577 3170 4630 divitibus
3205 4579 3257 4630 in
3286 4579 3459 4631 occul-

1931 4661 2014 4725 tis,
2045 4671 2148 4715 etc.
2190 4659 2244 4713 In
2271 4663 2350 4717 his
2386 4665 2473 4732 qui
2501 4679 2703 4718 summa
2753 4666 3048 4734 ignorantia
3091 4679 3145 4720 et
3199 4668 3455 4734 iujnstitia

1933 4749 2220 4813 abundant,
2253 4749 2447 4805 insidet
2471 4753 2707 4807 diabolus
2742 4772 2756 4808 :
2787 4755 2838 4808 in
2880 4757 2962 4809 his
3000 4772 3126 4810 vero
3165 4758 3252 4825 qui
3279 4761 3454 4811 scicn-

1931 4836 2059 4889 tiam
2089 4845 2141 4890 et
2169 4837 2413 4893 virtutem
2438 4841 2537 4895 sibi
2560 4852 2970 4911 compararunt,
2995 4855 3190 4900 sanctae
3220 4854 3452 4913 potesta-

1896 4933 2009 4980 .tes
2040 4927 2414 4995 requiescunt,
2469 4945 2692 4998 quorum
2762 4933 2996 5001 symbola
3036 4943 3159 4986 sunt
3210 4934 3452 4985 volucres

1930 5014 2047 5066 εαξη
2079 5016 2127 5067 iu
2174 5019 2337 5071 ramis
2388 5019 2556 5088 sinapi
2604 5022 2923 5074 habitantes.
2966 5021 3079 5084 Otto
3117 5021 3452 5088 significatur

1932 5114 2150 5169 reg-num
2181 5105 2460 5172 cmlorum,
2496 5108 2632 5175 quod
2663 5107 2857 5161 virtute
2889 5107 2940 5158 in
2973 5107 3123 5159 nobis
3145 5115 3243 5156 est.

312 5267 361 5296 η
397 5260 557 5315 Psal.
603 5273 695 5315 xx.
740 5255 826 5306 12.
901 5253 944 5283 ¹⁸
968 5252 1083 5307 Job.
1110 5270 1144 5318 ι,
1176 5258 1230 5310 7.
1320 5263 1363 5293 “
1388 5262 1546 5316 Prov.
1578 5278 1728 5325 xvm,
1764 5265 1852 5320 ‘l'l.

1954 5270 1967 5300 '
1995 5268 2149 5324 Prov.
2183 5287 2256 5335 ιι,
2287 5272 2337 5327 9.
2415 5275 2459 5306 ⁸⁸
2489 5273 2629 5327 Psal.
2663 5285 2915 5331 cxxxvm,
2942 5270 3033 5320 ΕΞ.

308 5354 437 5421 (84)
465 5351 545 5405 El
566 5352 621 5401 οἱ
644 5344 1094 5411 προκόπτοντες,
1119 5357 1219 5400 etc.
1272 5351 1489 5407 Eaedem
1524 5353 1736 5407 schedae
1767 5362 1820 5408 et

232 5425 594 5561 δί’ἇξὲὶἪῦ
620 5473 887 5561 arma?
909 5472 1328 5561 ξζξᾷμαβιρ.
1357 5486 1564 5541 Eaedem
1585 5487 1818 5557 schedaa,

225 5538 420 5612 Baiis—al
422 5564 550 5610 rus,
580 5538 886 5611 partimque
906 5538 1151 5598 Eusebius.

570 5631 838 5687 Ρλτιιοιι.
862 5622 966 5681 Gn.
996 5625 1119 5690 ΧΠ.

1993 5361 2101 5432 (86)
2148 5362 2199 5414 '0
2230 5363 2337 5430 τῆς
2364 5365 2665 5432 ἁγιότητος
2687 5357 2978 5419 ἐκπεσών,
3007 5367 3111 5412 etc.
3143 5354 3445 5412 Corderius.

1993 5448 2102 5518 (87)
2143 5451 2237 5502 Ἐν
2257 5450 2370 5518 μὲν
2386 5450 2505 5514 τοῖς
2530 5451 2756 5516 ἔχουσι,
2782 5453 2886 5498 etc.
2916 5444 3142 5500 Schedae
3166 5443 3367 5509 Grabii,
3394 5449 3450 5500 et

1922 5515 2208 5571 Barbarus.

3074 5641 3151 5702 38
