3958 6242
322 306 355 357 Ι
383 307 496 362 197
1373 316 1668 371 SELECTA
1705 316 1772 372 IN
1804 315 2134 374 PSALMOS.
2173 350 2238 362 -
2276 322 2465 378 PSAL.
2492 326 2557 379 Χ.
3391 333 3525 386 H98

314 396 487 450 ἀλλὰ
521 400 617 452 καὶ
659 402 707 453 οἱ
747 402 1059 466 ἀδικοῦντες
1102 407 1390 460 παύσονται
1415 409 1508 462 τοῦ
1543 409 1877 478 κακῶςδρᾷν

1959 424 2173 474 tagere,
2206 422 2256 464 et
2295 414 2328 465 ii
2372 415 2562 481 quibus
2609 415 2812 484 injuria:
2854 418 3178 502 inferuntur,
3232 422 3367 476 male
3415 425 3522 492 pati

315 485 443 537 καὶ
471 489 523 539 οἱ
553 489 897 559 ἀδικούμενοι
921 492 1013 546 τοῦ
1042 495 1282 564 πάσχειν.

777 507 897 544 ιενοι
921 492 1013 546 τοῦ
1042 495 1282 564 πάσχειν.
2005 499 2340 554 desisterent.

949 666 1230 720 ΨΑΛΜΟΣ
1266 672 1320 722 I'.

2553 680 2863 740 PSALMUS
2903 689 2963 739 X.

413 747 538 799 Ὅτι
567 749 699 802 ὶὸοὺ
729 755 783 803 οἱ
819 753 1147 821 ἁμαρτωλοὶ
1190 759 1484 813 ἐνέτειναν
1518 763 1711 826 τόξον,
1746 766 1899 832 ήτοί-

2070 767 2228 821 VERS.
2278 771 2330 823 5.
2373 769 2628 834 Quoniam
2677 789 2790 825 ecce
2842 786 3133 842 peccatores
3191 781 3517 837 intenderunt

298 849 549 898 μασαν
581 836 744 903 ,ϐέλη
782 841 867 902 εὶς
897 842 1207 908 φαρέτραν,
1237 846 1338 898 τοῦ
1375 851 1791 912 κατατοξεῦσαι
1831 853 1860 903 ἐ

1997 870 2195 918 arcum,
2243 868 2551 922 paraverunt
2610 862 2828 927 sagittas
2878 878 2999 914 suas
3051 864 3104 916 in
3153 867 3417 932 pharetra,
3462 880 3520 924 ut

303 924 695 992 σκοτομήνῃ
731 927 870 992 τοὺς
896 930 1086 994 εὐθεῖς
1114 932 1185 998 τῇ
1209 935 1432 1002 καρδίᾳ,
1465 955 1515 989 κ.
1545 956 1594 991 τ.
1623 941 1667 990 ἑ.
1691 941 1779 1008 Μὴ
1807 942 1866 1010 ἀρ

1992 943 2236 1008 sagiltent
2263 944 2317 996 in
2343 945 2556 1000 obscuro
2583 924 2744 1000 rectos
2766 951 2936 1013 corde,
2967 959 3072 1004 etc.
3112 951 3222 1005 Non
3255 957 3513 1017 contenti,

304 1010 624 1079 κούμενοι,
669 1017 822 1085 φησὶ,
871 1021 935 1088 τῇ
973 1020 1083 1088 (95)
1116 1023 1318 1075 ἑαυτῶν
1351 1026 1590 1097 ἀπωλείᾳ
1629 1030 1677 1080 οἱ
1723 1031 1867 1099 ἁμαρ

1993 1029 2186 1096 inquit,
2221 1041 2530 1096 peccatores
2573 1037 2773 1102 seipsos
2815 1051 2931 1091 esse
2969 1041 3238 1105 perditos,
3274 1043 3364 1094 sed
3397 1059 3517 1111 pec-

299 1099 519 1162 τωλοὶ,
570 1103 691 1154 ἀλλ’
731 1108 1092 1178 ἐπισπώμενοι
1133 1113 1230 1174 τὰς
1268 1115 1534 1184 ἁμαρτίας
1574 1119 1647 1179 ὡς
1680 1121 1862 1188 σχοινίι

1994 1125 2109 1169 cata
2159 1121 2308 1185 quasi
2357 1120 2477 1174 fune
2531 1124 2684 1191 longo
2733 1127 3080 1190 attrahentes,
3132 1128 3223 1180 Dei
3278 1130 3517 1186 homines

306 1190 562 1259 paxpo},
612 1195 725 1254 τοῖς
771 1195 862 1246 τοῦ
895 1195 1026 1248 Θεοῦ
1069 1199 1384 1269 πολεμοῦσιν
1429 1204 1744 1274 ἀνθρώποις,
1796 1211 1869 1260 κα

1993 1203 2279 1271 infestant,
2339 1221 2533 1276 eosque
2582 1190 2854 1268 venenatis
2908 1216 3122 1269 malitiae
3169 1231 3275 1270 sua:
3325 1217 3516 1285 iaculis

300 1279 727 1343 κατατοξεύειν
769 1285 961 1348 αὐτοὺς
994 1289 1280 1358 πειρῶνται
1317 1295 1426 1354 τοῖς
1455 1295 1550 1362 τῆς
1581 1294 1754 1347 αὐτῶν
1793 1314 1860 1348 κα

1990 1289 2266 1354 perfodere
2308 1295 2569 1359 nituntur,
2601 1307 2652 1349 et
2685 1311 2866 1351 eorum
2900 1302 3107 1354 eximiae
3133 1303 3347 1370 puritati
3383 1306 3516 1360 invi-

298 1367 455 1430 κίας
495 1371 622 1433 ἰοῖς,
659 1373 752 1423 καὶ
785 1373 861 1441 τῷ
894 1374 1197 1442 βασκαίνειν
1227 1381 1399 1433 αὐτῶν
1431 1385 1493 1451 τῇ
1524 1384 1754 1456 τοσαύτῃ
1792 1388 1861 1438 τοί

1990 1380 2192 1443 dentes,
2218 1384 2459 1436 tenebras
2485 1384 2610 1452 ipsis
2637 1385 2934 1452 oﬂundunt,
2965 1405 3070 1443 non
3095 1406 3247 1445 secus
3270 1408 3331 1446 ac
3354 1395 3514 1462 sepiae

298 1459 672 1527 ἡγεμονικοῦ
701 1463 1041 1533 καθαρότητι,
1068 1467 1126 1518 τὸ
1155 1468 1336 1531 σκότος
1369 1471 1745 1539 προϐάλλονται
1769 1492 1861 1527 κατ

1989 1475 2361 1522 atramentum.
2440 1473 2615 1538 Atque
2677 1475 2776 1528 hoc
2830 1477 3067 1541 faciunt,
3139 1482 3406 1536 naturales
3460 1493 3514 1537 et

294 1549 536 1612 αὐτῶν,
572 1550 654 1612 ὡς
692 1553 747 1604 αἱ
786 1553 971 1621 σηπίαι
1015 1556 1074 1605 τὸ
1122 1556 1308 1623 μέλαν.
1353 1559 1459 1611 Καὶ
1488 1560 1654 1613 ταῦτα
1698 1563 1857 1633 δρῶσι

1989 1557 2275 1610 secundum
2323 1567 2563 1613 naturam
2610 1574 2800 1628 rectas,
2846 1582 2977 1634 quas
3019 1567 3156 1621 Deus
3193 1570 3509 1636 inseruerat,

292 1635 418 1698 τὰς
443 1640 695 1704 φυσικὰς
722 1642 970 1695 καὶκατὰ
992 1643 1147 1710 φύσιν
1168 1644 1327 1714 ὀρθὰς
1350 1646 1658 1712 καθελόντες
1682 1652 1852 1704 ἐννοία

1384 1646 1658 1712 αθελόντες
1682 1652 1883 1714 ἑννοίας
1914 1671 1956 1724 Β
1987 1644 2332 1711 cogitationes
2357 1663 2420 1702 ex
2453 1652 2637 1719 seipsis
2673 1653 2947 1708 abolendo.

292 1724 372 1788 ἐξ
405 1727 658 1788 ἑαυτῶν,
691 1728 757 1791 ἃς
783 1730 846 1800 δὴ
888 1731 1016 1793 Θεὸς
1039 1733 1410 1802 κατηρτίσατο.

392 1813 518 1865 Τοῦ
572 1816 784 1868 αὑτοῦ.
839 1818 1000 1882 Τόξον
1063 1820 1206 1871 ἐστὶν
1244 1822 1542 1891 ἀκάθαρτος
1594 1826 1711 1888 νοῦς
1754 1828 1882 1897 (94).

2056 1815 2316 1881 Ejusdem.
2360 1821 2530 1875 Arcus
2582 1834 2918 1890 peccatorum
2961 1839 3042 1881 est
3080 1831 3282 1896 impura
3335 1848 3502 1889 mens.

308 1899 506 1967 Ἐγὼ,
542 1903 733 1971 φησὶν,
766 1904 857 1955 ἐπὶ
887 1905 962 1973 τῷ
996 1905 1181 1974 Κυρίῳ
1222 1909 1465 1962 πέποιθα.
1511 1913 1571 1963 Οἱ
1600 1913 1871 1983 πολεμοῦν·

1983 1901 2112 1971 Ego,
2177 1906 2368 1973 inquit,
2431 1910 2483 1962 in
2537 1911 2760 1966 Domino
2809 1915 3034 1970 confido.
3092 1917 3189 1982 Qui
3247 1931 3501 1988 pugnant,

292 2005 405 2050 τες
469 1990 818 2060 ἁμαρτωλοί.
857 1993 955 2055 Τίς
1001 1993 1064 2047 ἂν
1111 1991 1200 2048 οῦν
1247 1997 1394 2068 δείσῃ
1441 2001 1531 2051 καὶ
1586 2002 1725 2071 φύγῃ
1757 2003 1855 2055 Θεὸ

1982 2001 2284 2058 peccatores
2315 2006 2456 2050 sunt.
2492 1998 2618 2064 Quis
2654 2009 2827 2054 autem
2863 2003 3068 2057 timebit
3095 2018 3147 2059 et
3180 2008 3380 2076 fugiet,
3412 2011 3502 2078 qui

288 2073 461 2143 ἔχων
515 2076 736 2144 βοηθὸν,
774 2080 866 2130 καὶ
899 2080 1182 2148 πολεμίους
1218 2084 1588 2152 άμαρτωλούς;
1631 2106 1648 2137 ι
1711 2090 1851 2141 Ἠτοί

1981 2078 2324 2144 opitulantem
2353 2081 2538 2146 Deum,
2569 2093 2620 2139 et
2641 2099 2936 2155 pugnantes
2958 2091 3148 2146 habeat
3176 2073 3504 2162 peccatores?

294 2180 513 2232 μασαν
565 2165 695 2236 βέλη
729 2168 808 2230 εἰς
841 2168 1126 2238 φαρέτραν.
1187 2189 1205 2220 ι
1258 2171 1413 2234 Βέλος
1453 2175 1596 2227 ἐστὶν
1639 2178 1850 2245 ἐμπαθὴ

2046 2166 2375 2224 Paraverunt
2429 2174 2647 2241 sagittas
2693 2177 2743 2228 in
2786 2179 3054 2244 pharetra.
3086 2201 3104 2232 ι
3170 2183 3366 2250 Sagitta
3422 2197 3504 2239 est
3570 2204 3576 2208 '

288 2251 614 2321 λογισμὸς,
664 2256 906 2324 φαρέτρα
939 2257 993 2308 δὲ
1034 2256 1142 2320 ἕξις
1183 2259 1422 2328 χειρίστη
1456 2262 1721 2332 λογισμῶν
1749 2268 1851 2318 άκα

1980 2254 2139 2307 animi
2202 2255 2473 2313 affectibus
2533 2263 2838 2329 perturbata
2894 2268 3177 2335 cogitatio;
3253 2272 3502 2339 pharetra

290 2341 548 2411 θάρτων
603 2343 1024 2413 πεπληρωμένη.
1078 2346 1257 2398 Ταῦτα
1295 2348 1385 2399 ἐπὶ
1427 2349 1684 2420 δαιμόνων
1730 2355 1853 2406 πολε

1979 2343 2148 2398 malus
2196 2346 2405 2401 habitus
2439 2359 2518 2403 est
2560 2352 2779 2420 impuris
2829 2357 3234 2424 cogitationibus
3293 2361 3497 2428 plenus.

292 2427 580 2497 μούντων
633 2430 994 2499 λαμϐάνονται
1039 2432 1256 2500 νοητῶς.
1308 2435 1559 2504 Νοηθείεν
1604 2438 1742 2508 δ’νᾶν
1787 2457 1855 2493 κα

1979 2431 2100 2486 Hzec
2128 2435 2475 2501 spiritualiter
2515 2440 2581 2494 de
2617 2442 2938 2496 daemonibus
2971 2427 3323 2513 pugnantibus
3346 2449 3501 2502 intel-

289 2518 611 2588 αἰσθητῶς
654 2521 746 2572 ἐπὶ
777 2520 1044 2590 αἰσθητῶν
1071 2521 1290 2590 ἐχθρῶν.
1332 2543 1349 2574 ι
1387 2525 1470 2576 Ἐν
1495 2530 1812 2600 σκοτομήνῃ.

1978 2525 2228 2590 liguntur.
2260 2527 2454 2585 Verum
2496 2534 2539 2586 si
2578 2535 2642 2587 ad
2672 2549 2880 2588 sensum
2920 2538 3237 2604 referantur,
3277 2541 3499 2597 sensiles

288 2604 651 2674 Σκοτομήνη
701 2607 843 2657 ἐστὶν
887 2607 1074 2672 ἄγνοια
1120 2607 1291 2676 ψυχῆς
1339 2609 1572 2679 λογικῆς.
1628 2612 1712 2665 Ἐν
1759 2615 1851 2665 άσε

1975 2613 2152 2670 hostes
2182 2617 2421 2674 innuent.
2457 2641 2475 2674 (
2508 2622 2563 2676 In
2587 2625 2832 2678 obscuro.
2863 2645 2880 2677 ι
2907 2626 3058 2696 591
3082 2625 3385 2682 Obscurilas
3416 2639 3498 2684 est

291 2693 471 2761 λήνῳ
513 2694 676 2744 νυκτί
710 2711 870 2763 φησιν
914 2695 1105 2756 αὐτοὺς
1138 2696 1447 2765 ἐνεδρεύειν,
1491 2699 1658 2766 δηλῶν
1692 2701 1751 2753 τὸ
1781 2702 1854 2754 λα·

1976 2703 2276 2770 ignorantia
2310 2710 2577 2766 rationalis
2599 2714 2807 2768 animm.
2852 2714 2907 2767 In
2951 2717 3090 2769 illum
3126 2727 3280 2772 nocte
3310 2721 3382 2772 ait
3405 2734 3496 2774 eos

289 2781 514 2861 θρσιῖον
547 2782 655 2849 τῆς
691 2782 998 2852 ἐπιϐουλῆς.
1044 2781 1230 2845 Εὐθείς
1257 2783 1312 2834 δὲ
1351 2788 1414 2854 τῇ
1459 2787 1650 2856 καρδίᾳ
1690 2790 1852 2841 ἐαυτὸε

1974 2791 2238 2860 insidiari,
2273 2798 2577 2866 signiﬁcans
2599 2801 2821 2857 latentes
2847 2805 3085 2858 insidias.
3117 2805 3306 2862 Rectos
3335 2811 3497 2864 corde

284 2859 465 2937 λέγει
519 2871 620 2922 καὶ
659 2871 782 2932 τοὺς
815 2874 929 2940 μετ’
979 2871 1162 2935 αὐτοῦ,
1195 2873 1254 2924 οὐ
1291 2873 1602 2941 κομπάζων,
1636 2876 1748 2929 ἀλλ’
1777 2879 1846 2947 ἐμ

1975 2882 2118 2945 dicit,
2146 2892 2197 2936 et
2223 2899 2299 2949 se,
2337 2895 2389 2940 et
2417 2902 2511 2942 eos
2543 2892 2631 2958 qui
2661 2905 2835 2946 secum
2871 2903 3041 2958 erant,
3072 2909 3239 2962 neque
3269 2898 3317 2949 id
3347 2911 3495 2950 arro-

281 2960 526 3026 φαίνων
562 2960 666 3028 τὴν
711 2960 901 3011 ἐαυτοῦ
935 2960 1156 3022 ἔννοιαν,
1205 2962 1294 3013 καὶ
1339 2962 1498 3031 μηδὲν
1549 2966 1844 3034 ἐργάσασθα

1932 2960 1942 3012 ἶ
1975 2981 2164 3037 ganter
2189 2973 2348 3038 dicit,
2377 2977 2468 3031 sed
2499 2988 2556 3032 ut
2585 2990 2811 3035 mentem
2847 2996 2998 3034 suam
3032 2958 3308 3047 ostendat,
3357 2989 3495 3054 quod

279 3049 375 3108 εἰς
405 3044 634 3113 βλάϐην
664 3044 757 3096 τοῦ
790 3045 976 3096 Σαούλ.
1767 3094 1772 3102 ,

1767 3094 1772 3102 ι
1973 3063 2104 3115 nihil
2138 3079 2366 3132 unquam
2399 3067 2447 3120 in
2475 3067 2722 3122 damnum
2749 3071 2872 3124 Saul
2904 3075 3185 3140 paraverit.

363 3136 612 3200 Κύριος
637 3135 707 3185 ἐν
739 3133 862 3197 ναῷ
899 3135 1041 3203 ἁγίῳ
1074 3136 1276 3189 αὐτοῦ’
1303 3139 1530 3204 Κύριος,
1555 3139 1622 3190 ἐν
1645 3141 1874 3206 cupavo")

2041 3151 2200 3206 Vens.
2223 3153 2277 3206 5.
2317 3154 2564 3210 Dominus
2599 3159 2649 3210 in
2677 3159 2862 3226 templo
2887 3171 3062 3214 sancto
3082 3178 3199 3225 suo;
3226 3163 3491 3227 Dominus,

280 3227 321 3277 ό
358 3223 602 3289 θρόνος
642 3221 846 3273 αὐτοῦ.
887 3225 948 3273 Οἱ
991 3223 1275 3291 ὀφθαλμοὶ
1319 3225 1499 3278 αὑτοῦ
1527 3228 1610 3289 εὶς
1643 3226 1746 3278 τὸν
1772 3227 1843 3279 πέ

1969 3239 2022 3290 in
2061 3240 2182 3293 ctelo
2242 3244 2383 3296 sedes
2436 3246 2569 3312 ejus.
2603 3244 2752 3298 Oculi
2779 3221 2906 3312 'ejus
2939 3250 2990 3300 in
3018 3266 3291 3316 pauperem
3330 3254 3490 3313 respi-

277 3327 466 3378 rnta
511 3308 930 3363 ἀποϐλέπουσι
950 3348 964 3372 ,
1004 3311 1072 3362 τὰ
1104 3311 1376 3379 ,βλέφαρα
1408 3313 1587 3366 αὑτοῦ
1624 3313 1840 3377 ἐξετάζὲ

1968 3327 2129 3391 ciunt,
2183 3308 2593 3398 palpebrazveius
2640 3308 2955 3403 interrogant
3011 3336 3148 3402 ﬁlios
3209 3339 3487 3404 hominum,

274 3400 451 3465 τοὺς
478 3397 658 3461 υἱοὺς
686 3397 804 3450 τῶν
824 3397 1161 3465 ἀνθρώπων,
1194 3417 1245 3451 κ.
1274 3417 1322 3451 τ.
1353 3403 1398 3451 ἐ.
1436 3403 1585 3452 Οίκεί
1606 3401 1733 3461 θεὸς
1760 3403 1837 3470 (95

1967 3425 2069 3470 etc.
2111 3397 2324 3471 Habitat
2356 3397 2578 3474 Deusin
2609 3432 2789 3476 sancta
2831 3397 2883 3476 et
2910 3425 3111 3478 caelesti
3143 3428 3487 3494 cogitatione,

277 3494 345 3544 ἐν
381 3489 536 3556 ἁγίᾳ
566 3489 660 3539 καὶ
683 3487 916 3556 οὐρανίῳ
947 3489 1146 3556 νοήσει,
1172 3488 1433 3556 οὐρανίως
1461 3487 1749 3556 βασιλεύων
1776 3507 1840 3541 κα

1966 3502 2166 3556 caelesti
2210 3519 2272 3558 ac
2302 3505 2478 3560 divino
2511 3509 2666 3561 modo
2701 3525 2951 3578 regnans.
2994 3511 3333 3578 lnspectrices
3374 3517 3489 3583 ejus

275 3575 532 3638 θεῖκῶς.
583 3577 651 3627 Αἱ
692 3575 748 3627 δὲ
785 3576 1074 3627 ἐποπτικαὶ
1107 3575 1266 3628 αὐτοῦ
1298 3576 1546 3645 δυνάμεις
1582 3578 1838 3646 φρουροῦσ

1966 3591 2105 3645 vires
2137 3591 2420 3646 defendunt
2453 3575 2863 3662 panperemIAt
2907 3613 3032 3651 vero
3071 3575 3125 3652 ut
3154 3600 3344 3665 bonus,
3374 3575 3488 3668 pal-

276 3667 386 3720 τὸν
447 3664 687 3732 πένητα.
750 3664 836 3725 Ὠς
883 3663 1079 3730 ἀγαθὸς
1111 3664 1168 3715 δὲ
1215 3664 1494 3734 βλεφάροις
1535 3665 1768 3731 ἐξετάζει
1800 3683 1839 3718 τι

1964 3678 2160 3745 pebris,
2211 3695 2312 3733 non
2371 3681 2537 3734 oculis
2581 3685 2854 3736 examinat
2891 3697 2975 3737 res
3005 3693 3249 3748 nostras,
3296 3688 3487 3756 quippe

279 3754 426 3806 καθ’
469 3754 648 3822 ἡμᾶς,
688 3751 801 3804 ἀλλ’
834 3753 933 3803 οὐκ
971 3753 1279 3820 ὀφθαλμοῖς,
1313 3754 1385 3816 ὡς
1425 3753 1488 3807 ἂν
1522 3755 1593 3824 μὴ
1626 3773 1842 3826 παρατη⁴

1963 3767 2051 3832 qui
2099 3780 2202 3818 non
2249 3769 2422 3820 omnia
2451 3781 2632 3820 earum
2664 3769 2850 3822 delicta
2891 3770 3176 3824 observet:
3211 3772 3307 3824 hoc
3343 3775 3483 3825 enim

277 3840 583 3912 ροῦμενος
621 3839 800 3890 αὐτῶν
833 3839 1005 3893 πάντα
1049 3839 1115 3891 τὰ
1148 3840 1538 3910 ἁμαρτήματα·
1581 3841 1734 3894 τοῦτο
1761 3845 1840 3915 γάι

1963 3853 2258 3907 hominibus
2330 3855 2657 3910 intolerabile
2723 3857 2881 3911 foret.
2959 3857 3137 3912 Oculis
3203 3874 3484 3927 pauperem

272 3927 626 3999 ἀνθρώποις
667 3927 951 3995 ἀφόρητον.
1015 3928 1329 3997 Ὀφθαλμοῖς
1355 3929 1410 3980 δὲ
1442 3928 1621 3996 βλέπει
1652 3932 1740 3983 τὸν
1765 3933 1835 4016 Ϋπέ

1963 3943 2200 4010 respicit,
2233 3945 2445 3998 uberem
2469 3946 2872 4001 beneﬁcentiam
2899 3949 3174 4009 exhibens,
3205 3957 3485 4016 quantum-

271 4034 464 4088 νητα,
506 4015 708 4083 δαψιλῆ
755 4015 848 4083 τὴν
885 4015 1194 4084 εὐεργεσίαν
1231 4016 1562 4084 ποιούμενος,
1595 4018 1693 4070 κᾶν
1734 4015 1812 4080 εἷς

1960 4032 2039 4086 vis
2086 4033 2273 4086 unicus
2325 4035 2368 4086 is
2418 4048 2616 4101 pauper
2669 4034 2863 4098 fuerit;
2914 4035 3255 4102 plurimorum
3309 4047 3482 4091 autem

269 4107 479 4174 πένης
511 4104 769 4173 ὑπάρχῃ
807 4103 912 4157 τῶν
942 4104 998 4156 δὲ
1029 4104 1231 4176 πολλῶν
1255 4105 1350 4166 τὰς
1374 4105 1613 4170 κολάσεις
1645 4109 1831 4160 συστέλ

1958 4120 2213 4188 supplicia
2253 4121 2526 4186 cohibens,
2561 4137 2677 4189 quae
2709 4124 2865 4176 etiam
2903 4123 3056 4176 valde
3087 4123 3294 4177 occulta
3337 4134 3477 4179 sunt.

265 4194 424 4256 λων,
465 4191 528 4242 αἳ
562 4190 658 4242 καὶ
687 4190 820 4242 πολὺ
847 4191 906 4242 τὸ
935 4192 1303 4261 κεκρυμμένον
1332 4193 1555 4261 ἔχουσιν.
1600 4196 1684 4248 Ἐν
1711 4196 1766 4247 δέ
1791 4203 1828 4246 τί

1916 4254 1929 4276 ,
1958 4208 2217 4263 Caeterum
2247 4210 2298 4261 in
2337 4209 2514 4263 divino
2558 4211 2798 4264 examine
2834 4224 3021 4276 magna
3074 4211 3175 4262 erit
3222 4212 3479 4265 bonorum

266 4251 432 4335 Θεοῦ
495 4279 744 4342 ἐξετάσει
804 4251 1080 4350 παρρησία
1109 4251 1242 4333 ’τῶν
1297 4251 1512 4348 ἀγαθῶν
1571 4285 1826 4353 γινομένω

1961 4251 2217 4263 ...πωπω
2338 4251 2513 4263 .....,...
2559 4251 2797 4264 ..-.........,
2834 4251 3021 4276 .....,,....
3076 4251 3175 4262 ν...
3222 4251 3479 4265 ..νηνηημ

1916 4254 1930 4301 ι
1960 4298 2233 4353 securitas.
2269 4317 2288 4349 ι
2317 4297 2538 4352 Omnes:
2567 4300 2706 4352 enim
2743 4299 3092 4352 «manifestari
3131 4309 3336 4367 oportet
3358 4310 3479 4353 ante

266 4372 494 4440 πολλή.
543 4389 562 4419 ι
615 4369 706 4438 Τῷ
759 4369 957 4439 βήματι
1014 4389 1032 4420 r
1083 4372 1188 4440 γὰρ
1221 4389 1239 4422 ι
1287 4371 1445 4423 αὑτοῦ
1492 4374 1829 4442 φανερωθῆνα

1958 4390 2186 4443 tribunal
2228 4389 2359 4456 ejus,
2409 4399 2465 4442 ut
2496 4390 2688 4444 referat
2717 4391 3074 4459 unusquisque
3121 4393 3326 4458 propria
3360 4406 3477 4446 cor-

266 4464 516 4521 πάντας
550 4458 652 4522 δεῖ,
689 4459 774 4510 ἵνα
811 4458 1097 4528 κομίσηται
1140 4461 1362 4521 ἕκαστος
1403 4460 1469 4511 τὰ
1499 4461 1600 4512 ἴδια
1627 4461 1718 4512 τοῦ
1751 4462 1829 4513 σώ

1839 4493 1853 4502 ·
1955 4479 2118 4546 poris,
2145 4487 2300 4545 prout
2327 4480 2508 4547 gessit,
2536 4479 2646 4532 sive
2673 4479 2891 4544 bonum,
2927 4479 3037 4532 sive
3067 4479 3259 4531 malum
3290 4480 3352 4531 ⁸⁸.
3385 4497 3402 4530 ι

267 4567 495 4621 ματος,
523 4548 562 4601 ἃ
596 4548 851 4618 ἔπραξεν,
877 4550 983 4601 εἴτε
1007 4548 1204 4615 ἀγαθὸν
1226 4548 1332 4601 εἴτε
1357 4550 1536 4602 κακόν.
1583 4569 1600 4599 ›
2424 4625 2442 4646 ⁸

362 4641 496 4695 Τοῦ
541 4637 749 4689 αὐτοῦ.
786 4636 1069 4704 Γενὼμεθα
1109 4638 1332 4706 πένητες
1362 4636 1490 4704 (96),
1529 4637 1612 4689 ἵνα
1647 4637 1849 4716 βλέπω-

2020 4649 2286 4716 Eiusdem.
2341 4636 2555 4702 Fiamus
2579 4663 2834 4717 pauperes
2873 4660 2931 4703 ut
2974 4666 3070 4704 nos
3098 4651 3234 4705 oculi
3269 4652 3476 4705 Domini

264 4756 363 4791 σιν
403 4733 572 4804 ἡμᾶς
609 4731 656 4780 οἱ
693 4727 786 4778 τοῦ
815 4729 1017 4796 Κυρίου
1045 4725 1326 4796 ὀφθαλμοί.
1369 4727 1430 4776 Εἰ
1459 4725 1512 4778 δέ
1540 4728 1585 4777 οἱ
1619 4726 1827 4779 πλούσιο

1955 4736 2261 4804 respiciant.
2293 4735 2348 4789 Si
2371 4735 2560 4788 divites
2591 4750 2692 4786 non
2722 4743 2846 4788 sunt
2871 4749 3150 4803 pauperes,
3175 4749 3275 4788 non
3310 4734 3476 4801 respi-

259 4829 377 4881 οὐκ
429 4820 554 4875 εἰσὶ
599 4817 850 4885 πένητες,
882 4816 980 4868 οὐκ
1018 4815 1294 4868 ἐπιϐλέπει
1343 4815 1466 4874 τοὺς
1510 4814 1788 4876 πλουσίους

1953 4825 2024 4878 cit
2055 4824 2242 4878 divites
2270 4823 2540 4878 Dominus.
2572 4824 2752 4878 Oculis
2779 4837 3063 4891 pauperem
3106 4823 3318 4889 respicit
3345 4823 3474 4874 ube-

227 4917 526 4984 ‘KQPW?
565 4905 690 4966 Τοῖς
719 4903 1007 4973 ὁφθτιῑλμοῖς
1035 4903 1214 4972 βλέπει
1262 4903 1351 4953 τὸν
1397 4902 1618 4972 πένητα,
1663 4903 1790 4971 δαψι]

1953 4926 2063 4965 rem
2113 4911 2510 4965 beneﬁcentiam
2548 4911 2832 4976 exhibens,
2890 4913 3130 4981 quamvis
3178 4911 3360 4964 unicus
3405 4910 3473 4960 sit

259 5009 374 5076 τὴν
408 4996 740 5068 εὐεργεσίαν
774 4994 1104 5061 ποιούμενος,
1141 4992 1240 5044 κᾶν
1269 4988 1344 5052 εἷς
1366 4993 1393 5041 ό
1417 4992 1702 5060 πενόμενος
1727 5009 1851 5059 τυγ-
1952 5013 2166 5067 pauper.

261 5093 467 5161 χάνει.

347 5228 402 5261 ιε
444 5222 494 5276 ιι
538 5219 665 5296 ρον.
707 5232 760 5280 v,
796 5215 880 5269 l0.

338 5349 613 5428 (95)_Mh
643 5347 1008 5412 ἀρκούμενοι,
1054 5341 1225 5410 φησι,
1267 5339 1357 5407 τῇ,
1387 5349 1490 5395 etc.
1531 5343 1841 5408 Corderius,

2015 5343 2130 5408 (95)
2151 5340 2309 5428 01er
2341 5339 2499 5401 Θεός,
2530 5346 2631 5388 etc.
2671 5335 2844 5387 Codex
2870 5326 3240 5384 Coislinianus,
3271 5320 3469 5374 Corde-

259 5409 692 5483 et‘Ba'rbariis.‘
825 5409 838 5412 ⁷
1058 5409 1064 5410 ί
1265 5460 1270 5465 .
1365 5474 1390 5484 η

335 5491 480 5562 (9Q
526 5482 708 5562 Τόξεζι⁸
737 5478 903 5562 ἐστι-νς
923 5477 1242 5541 ἀκάθαρτος
1288 5489 1445 5539 γους,
1489 5484 1596 5533 etc.
1628 5475 1822 5532 Scheda

1948 5409 2485 5546 rilighfargfgﬁéoa
2523 5467 2786 5532 πένητες,
2842 5471 2944 5515 etc.
2996 5457 3215 5514 Scheda:
3263 5451 3469 5518 Grabii,

261 5544 507 5620 Gr‘abi'i,
542 5559 597 5605 et
635 5546 920 5599 Barbarus.

671 5546 920 5599 :arbarus.
1951 5544 2234 5597 Barbarus.
