3958 6264
357 290 537 347 19.05
1406 294 1706 349 SELECTA
1737 294 1803 348 IN
1832 294 1920 350 PS.

2006 296 2157 350 M08.
2185 327 2255 337 —
2288 298 2475 353 PSAL.
2506 298 2639 353 Xlll.
3439 297 3569 351 1208

345 426 524 477 γων·
561 429 581 461 ι
606 409 758 480 ’ᾼσω
797 408 874 480 τῷ
912 409 1099 480 Κυρίῳ
1143 408 1219 480 τῷ
1267 411 1673 482 εὐεργετήσαντι
1723 429 1811 483 με,
1848 430 1908 465 κα

2006 462 2008 474 ι
2040 415 2138 468 ait.
2172 414 2320 470 Unde
2346 416 2600 482 propheta
2634 413 2891 468 beneficio
2919 413 3141 468 allectus
3174 408 3412 464 victoria:
3442 425 3569 463 eau-

342 495 545 565 ψαλῶ
598 498 678 567 τῷ
725 498 944 567 ὀνόματι
993 497 1194 569 Κυρίου
1225 499 1316 552 τοῦ
1355 500 1594 568 ὑψίστου,
1632 519 1650 550 ι
1684 517 1905 571 πραγμα

2041 504 2198 557 ticum
2227 504 2372 557 canit
2402 504 2580 557 dicens
2613 520 2629 558 :
2667 520 2686 553 ι
2734 501 2970 558 Cantabo
3003 502 3251 565 Domino,
3292 499 3382 567 qui
3437 501 3571 555 bona

345 587 563 651 τικῶς
614 585 799 657 μαθὼν
837 588 898 640 τὸ
940 589 1073 660 πρὸς
1120 590 1244 652 τοὺς
1296 590 1611 659 εὐχομένους
1640 590 1813 653 καλῶς
1838 590 1908 642 ὑπ

2039 592 2221 645 tribuit
2249 592 2395 656 mihi,
2425 601 2478 646 et
2523 592 2739 660 psallam
2776 592 2972 645 nomini
3005 591 3214 645 Domini
3238 589 3503 645 altissimi.
3545 608 3563 642 ι

344 673 479 726 τοῦ
530 675 741 744 Κυρίου
780 675 1093 745 λεγόμενονσ
1154 694 1172 726 ι
1197 677 1315 728 Ἔτι
1368 692 1457 728 σου
1498 675 1774 738 λαλοῦντος
1812 676 1907 746 ὲριῖ

2038 680 2228 749 Beipsa
2262 680 2403 734 enim
2439 679 2695 733 didicerat
2714 687 2767 732 et
2802 686 3049 746 expertus
3081 686 3216 742 erat,
3253 675 3390 746 quod
3415 688 3444 726 a
3467 673 3572 727 Do-

367 761 534 815 Ἰδοὺ
567 764 823 834 πάρειμι.
863 783 881 815 ι
918 765 1082 832 Λέγει
1109 767 1219 828 τοῖς
1249 764 1490 819 συνοῦσιν
1528 765 1602 828 ὠς
1645 758 1718 818 ὧν
1756 766 1930 835 ἤθελεν

2038 770 2181 825 mino
2221 780 2364 824 recte
2412 764 2752 838 precantibus
2782 766 2977 819 dictum
3007 774 3087 819 est
3117 765 3198 817 ’δε
3235 784 3254 816 ι
3299 765 3487 819 Adhuc
3521 774 3571 817 te

346 847 584 918 ἔτυχεο
651 853 731 904 διὸ
779 854 869 905 καὶ
923 854 1098 922 ὑμνεῖ.
1157 854 1311 907 Οὕτω
1366 855 1444 907 δεῖ
1496 856 1586 907 καὶ
1636 856 1781 925 ἡμᾶς
1824 856 1909 909 καί

2039 861 2285 929 loquente
2314 859 2486 913 dicam
2518 875 2532 912 :
2560 857 2696 912 Ecce
2745 856 2949 909 adsum.
2983 873 3003 905 ι
3039 854 3239 909 Amicis
3283 861 3464 907 narrat
3510 866 3571 904 se

346 939 633 1009 ἑκάστην
664 941 807 1011 ᾄδειν
831 942 1143 1012 εὐεργεσίαν
1171 946 1235 1013 τῇ
1264 943 1481 1014 θεωρίᾳ,
1508 944 1598 997 καὶ
1627 944 1702 1014 τῷ
1726 944 1909 1014 ψάλλει

2040 948 2146 1001 voti
2198 955 2492 1016 compotem
2540 960 2677 1008 esse,
2716 960 2879 1013 quare
2912 953 2965 998 et
3004 944 3256 1012 hymnum
3284 943 3445 996 canit.
3494 938 3570 993 lta

348 1028 593 1097 πρᾶξιν
617 1030 942 1097 ἐπάγοντας.

2038 1054 2135 1092 nos
2161 1052 2367 1107 quoque
2413 1038 2567 1091 decet
2612 1035 2816 1105 singula
2864 1034 2954 1087 Dei
2988 1032 3242 1086 beneﬁcia
3292 1029 3572 1085 recoleudo

2040 1138 2214 1180 mente
2248 1140 2458 1189 canere,
2488 1133 2540 1178 et
2566 1138 2725 1192 opera
2762 1122 3060 1191 praestando
3090 1119 3335 1189 psallere.

453 1220 627 1291 Ἐγὼ
652 1222 720 1276 δὲ
742 1224 838 1276 ἐπὶ
866 1223 944 1289 τῷ
972 1226 1125 1279 ἐλέει
1159 1242 1274 1281 σου
1318 1227 1562 1294 ἤλπισα·
1585 1227 1940 1296 ἀγαλλιάσε-

2110 1216 2266 1268 VERS.
2294 1215 2346 1267 6.
2381 1214 2488 1283 Ego
2515 1222 2682 1265 autem
2723 1215 2774 1265 in
2816 1210 3171 1263 misericordia
3211 1218 3301 1261 tua
3335 1210 3572 1277 speravi;

344 1328 467 1366 tat
532 1314 579 1379 ἡ
627 1313 844 1380 καρδία
878 1333 995 1383 μου
1044 1316 1113 1368 ἐν
1145 1316 1224 1380 τῷ
1254 1319 1516 1383 σωτηρίῳ
1542 1333 1675 1381 σου,
1712 1335 1764 1369 κ.
1806 1335 1859 1369 τ.
1891 1318 1907 1369 ἐ

2039 1302 2309 1357 exsultabit
2343 1318 2430 1355 cor
2456 1316 2623 1353 meum
2659 1301 2711 1352 iu
2750 1299 2964 1351 salutari
2989 1308 3098 1361 tuo,
3124 1306 3227 1350 etc.
3257 1296 3330 1348 lili
3360 1296 3571 1364 quidem

362 1400 634 1453 Ἐκεῖνοι
667 1403 764 1470 μὲν
794 1404 1162 1473 ὲπιχαίροντες
1186 1404 1294 1473 (Η)
1325 1407 1390 1474 τῇ
1426 1404 1624 1457 πτώσει
1647 1423 1745 1475 μου
1780 1421 1925 1475 προσ-

2041 1396 2105 1448 de
2143 1391 2290 1459 lapsu
2336 1404 2454 1442 meo
2491 1390 2781 1457 gaudentes
2822 1395 3135 1455 exspectant
3166 1386 3278 1439 fore
3312 1393 3368 1438 ut
3398 1384 3574 1437 exsul-

342 1488 622 1544 δοκῶσιν
657 1492 1097 1562 ἀγαλλιασθῆναι⁸
1143 1492 1253 1561 ἐγὼ
1279 1493 1333 1546 δὲ
1361 1495 1451 1546 ἐπὶ
1483 1496 1562 1547 σοὶ
1586 1496 1676 1548 καὶ
1701 1494 1777 1564 τῷ
1804 1495 1905 1547 ὲλέε

2041 1492 2173 1546 teut,
2224 1496 2321 1552 ego
2354 1496 2479 1535 vero
2531 1481 2585 1533 in
2638 1489 2688 1533 le
2730 1488 2783 1532 et
2830 1483 2882 1531 in
2926 1475 3287 1531 misericordia
3329 1483 3418 1529 tua
3448 1487 3572 1542 spe-

343 1577 448 1647 τῷ
486 1578 579 1647 σῷ
604 1579 831 1649 ἡλπισα.

611 1579 831 1649 ἢλπισα.
2040 1575 2174 1628 ravi.

440 1668 630 1736 ’ᾼσω
652 1667 732 1732 τῷ
755 1669 947 1735 Κυρίῳ
969 1670 1048 1735 τῷ
1069 1670 1516 1740 εὐεργετήσαντι
1527 1687 1619 1739 με.
1646 1671 1742 1723 καὶ
1767 1667 1939 1736 ψαλῶ
1970 1722 2003 1740 η

2106 1662 2338 1716 Cantabo
2371 1659 2584 1713 Domino
2611 1657 2700 1726 qui
2731 1658 2859 1709 bona
2890 1655 3065 1708 tribuit
3101 1653 3246 1715 mihi,
3285 1663 3332 1706 et
3354 1652 3573 1721 psallam

341 1754 445 1819 τῷ
480 1722 743 1825 ἐνόμαὲι
772 1722 1678 1825 xta“...;.a.;.tz.;..,..f.1..
1709 1722 1904 1827 nisi...

2041 1750 2234 1805 nomini
2265 1747 2473 1801 Domini
2496 1722 2755 1807 altissimi,
2790 1752 2892 1796 etc.
2930 1740 3029 1806 Qui
3062 1740 3317 1795 beneﬂcio
3354 1739 3574 1793 allectus

342 1845 642 1915 γετηθεὶς
672 1846 783 1916 (15)
821 1847 989 1917 ᾀδέτω
1008 1886 1023 1910 ,
1053 1848 1145 1900 καὶ
1168 1849 1196 1899 ό
1222 1847 1465 1916 εὐθυμῶν
1508 1847 1766 1915 ψαλλέτω.
1790 1849 1905 1916 ’Φησ

2040 1848 2143 1901 est,
2182 1846 2361 1899 canat,
2394 1844 2447 1889 et
2482 1836 2569 1903 qui
2603 1850 2755 1902 atquo
2790 1831 2968 1885 animo
3000 1838 3099 1893 est,
3145 1830 3335 1897 psallat
3371 1828 3434 1883 ³³.
3488 1829 3576 1880 Ait

342 1936 503 2006 γάρ·
550 1956 570 1987 ι
608 1916 849 2007 Εὐθυμεῖ
872 1956 953 2002 τις
976 1941 1031 1990 ὲν
1068 1941 1231 2008 ἡμῖν;
1258 1939 1518 2008 ψαλλέτω.
1547 1958 1564 1989 ι
1583 1939 1725 2005 Ἔξω
1749 1940 1839 1991 καὶ
1859 1940 1904 1990 εί

2041 1927 2180 1981 enim
2211 1942 2222 1975 :
2261 1943 2281 1977 ι
2329 1924 2503 1992 [Equo
2534 1923 2656 1991 quis
2682 1921 2855 1974 animo
2887 1918 3001 1972 est?
3040 1918 3252 1987 psallat.
3292 1936 3310 1968 ι
3344 1916 3577 1970 Manebit

342 2004 456 2076 τὸν
511 2023 653 2094 ἑξῆς
703 2004 893 2094 χρόνον
929 2004 1283 2096 ἀνεπίληστον
1312 2028 1369 2079 ὲν
1397 2028 1461 2097 τῇ
1495 2026 1635 2095 ψυχῇ
1667 2027 1764 2095 τῆς
1793 2027 1905 2096 abs;

2042 2025 2097 2071 et
2133 2017 2183 2070 in
2210 2022 2477 2083 posterum
2515 2020 2721 2078 tempus
2753 2010 2806 2062 in
2850 2008 3022 2061 anima
3062 2021 3177 2059 mea
3216 2004 3576 2058 beneficentiae

344 2111 577 2179 γεσίας
608 2093 672 2164 τὸ
710 2093 934 2182 μέγεθος
1140 2093 1149 2096 ﬁ
1435 2093 1459 2097 γ
1721 2093 1730 2095 -
1885 2093 1896 2096 ’

2041 2114 2145 2160 tua:
2166 2101 2494 2173 magnitudo,
2518 2114 2675 2169 quam
2703 2098 2844 2153 nulla
2871 2110 3101 2165 unquam
3137 2095 3333 2149 delebit
3356 2093 3572 2148 oblivio.

935 2333 1221 2387 ΨΑΛΜΟΣ
1258 2334 1352 2387 11".
1982 2310 1985 2313 ’
2465 2324 2498 2394 5

1982 2310 1985 2313 ’
2465 2321 2623 2394 595
2661 2315 2975 2375 PSALMUS
3020 2313 3153 2369 xm.

433 2414 651 2474 Εἶπεν
674 2418 876 2487 ἄφρων
901 2420 972 2473 ἐν
1005 2422 1213 2490 καρδίᾳ
1242 2420 1444 2475 αὐτοῦ·
1477 2423 1595 2475 Οὐκ
1623 2421 1749 2475 ἔστι
1779 2424 1938 2491 Θεός.

2108 2420 2273 2475 Vens.
2322 2416 2373 2470 Ι.
2426 2414 2569 2468 Dixit
2609 2411 2853 2478 insipiens
2905 2409 2958 2459 in
2997 2405 3152 2459 corde
3179 2418 3273 2457 suo
3303 2418 3321 2454 :
3363 2402 3479 2456 Non
3503 2412 3578 2456 est

348 2510 407 2562 Ai
425 2506 807 2575 εφθὰρησαν
834 2508 931 2562 καὶ
950 2508 1394 2577 ἐϐδελύχθησαν
1418 2511 1487 2563 ὲν
1504 2510 1911 2579 ἐπιτηδεύμασι

2043 2513 2198 2568 Deus.
2212 2504 2454 2573 Corrupti
2474 2511 2649 2557 suntet
2666 2496 3030 2552 abominabiles
3052 2493 3177 2561 [acti
3194 2503 3307 2547 sunt
3330 2493 3381 2548 in
3394 2494 3575 2547 studiis

351 2610 415 2647 κ.
455 2610 519 2645 τ.
566 2593 615 2645 ἑ.
678 2592 741 2645 Εἰ
761 2594 819 2646 ἐν
843 2597 953 2656 τοῖς
983 2595 1367 2666 ἐπιτηδεύμασι
1394 2596 1500 2667 (16)
1526 2596 1914 2667 διαφθείρονται

2039 2601 2169 2663 suis,
2209 2605 2318 2651 etc.
2360 2592 2422 2647 Si
2448 2592 2501 2645 in
2534 2588 2726 2643 studiis
2758 2591 3196 2651 corrumpuntur,
3245 2596 3349 2635 non
3396 2581 3580 2648 utique

351 2684 469 2754 οὐχ
503 2683 547 2751 ἡ
572 2680 754 2750 φαύλη
778 2680 951 2735 ἔννοια
977 2682 1271 2753 διαφθείρει
1302 2666 1450 2746 τινὰ,
1484 2666 1625 2737 ἀλλά
1652 2683 1711 2735 τὸ
1742 2666 1908 2753 ταύτῃ

2041 2685 2180 2741 mala
2209 2679 2460 2751 cogitatio
2505 2674 2804 2742 corrumpit
2837 2671 3158 2739 quempiam,
3198 2669 3288 2723 sed
3317 2668 3431 2737 ejus
3455 2666 3579 2722 eﬂ‘e-

354 2769 746 2837 ἀποτέλεσμα
792 2770 825 2839 ἡ
871 2769 1055 2824 κακία.
1141 2771 1269 2823 Ἀπὸ
1315 2771 1597 2834 διαθέσεως
1653 2770 1917 2841 καρδιακῆι

2042 2783 2159 2832 ctus
2185 2770 2409 2825 malitia.
2461 2765 2595 2822 Cum
2634 2778 2700 2817 ex
2742 2760 2920 2816 cordis
2956 2760 3149 2812 aﬂectu
3185 2757 3441 2812 dixissent
3474 2770 3580 2809 non

353 2860 638 2920 είπόντες
662 2858 738 2927 μὴ
762 2853 900 2911 εἶναι
930 2860 1061 2913 Θεὸν
1080 2900 1094 2924 ,
1132 2861 1429 2924 ἀκολούθως
1472 2861 1652 2914 λοιπὸν
1693 2861 1767 2923 ὼς
1798 2860 1916 2913 ἄθεο

2041 2874 2158 2917 esse
2179 2861 2370 2921 Deum,
2399 2860 2784 2920 consequenter
2800 2847 3013 2902 utathei
3043 2846 3310 2910 vixerunt,
3332 2855 3387 2900 et
3415 2844 3578 2897 vitam

351 2942 648 3001 ἐϐίωσαν,
675 2942 769 2992 καὶ
794 2942 883 2994 τὸν
911 2940 1021 3010 βίον
1042 2942 1194 3011 ἔσχον
1217 2943 1599 3013 διεφθαρμένον
1634 2943 1726 2996 καὶ
1765 2943 1914 3014 πάση.

1912 2960 1938 3006 ς
1964 2942 2006 2998 C
2039 2959 2263 3021 egerunt
2289 2928 2607 3014 corruptam
2629 2951 2683 2996 et
2708 2940 2851 2995 omni
2879 2936 3215 2993 immunditia
3242 2935 3473 3004 plenam.

352 3030 732 3100 ἀκαθαρσίας
761 3030 1059 3083 ἀνάπλεων.

429 3120 692 3184 Πάντες
718 3118 1033 3182 ἐξέκλιναν
1051 3157 1065 3182 ,
1099 3118 1217 3187 ἅμα
1242 3117 1648 3186 ἡχρειὼθησαν
1665 3160 1679 3186 ,
1728 3139 1781 3174 κ.
1807 3139 1859 3175 τ.
1889 3122 1937 3175 ὲ.

2113 3123 2345 3179 Vsus!»
2379 3121 2568 3176 Omnes
2607 3116 3011 3179 declinaverunt,
3050 3112 3206 3166 simul
3245 3111 3455 3165 inutiles
3500 3111 3584 3177 fa-

352 3211 423 3264 Οί
452 3208 727 3274 λέγοντες
754 3207 885 3276 (17)⁶
908 3225 926 3258 ι
952 3207 1131 3259 Δοῦλοι
1153 3208 1354 3277 ἀχρεῖοί
1378 3209 1560 3276 ἐσμεν,
1582 3227 1601 3258 ι
1622 3209 1837 3279 δυνάμει
1857 3210 1913 3262 λέ

2040 3216 2107 3266 cti
2128 3220 2271 3275 sunt,
2298 3218 2402 3264 etc.
2433 3207 2531 3272 Qui
2554 3204 2770 3258 dicunt:
2798 3220 2815 3251 ι
2843 3199 2991 3254 Servi
3020 3199 3232 3255 inutiles
3259 3213 3445 3253 sumus
3466 3198 3532 3263 ⁸⁸,
3556 3216 3576 3250 s

354 3315 467 3366 γου
476 3315 597 3360 σιν,
645 3295 943 3366 Ἦχρειώθη
954 3313 1069 3365 μεν.

2040 3303 2233 3356 virtute
2258 3299 2462 3361 dicunt,
2494 3293 2712 3349 Inutiles
2734 3292 2860 3345 facti
2887 3305 3090 3345 sumus.

442 3387 516 3439 Τί
521 3405 558 3449 ς
595 3382 778 3435 δώσει
808 3384 875 3435 ἐκ
905 3380 1057 3435 Σὶὼν
1095 3384 1158 3435 τὸ
1203 3384 1494 3452 σωτήριον
1521 3386 1623 3439 τοῦ
1675 3387 1941 3453 Ἰσραή.ὶ;

2113 3390 2273 3442 Vitas.
2307 3388 2354 3440 7.
2384 3386 2510 3448 Quis
2536 3384 2679 3436 dabit
2705 3370 2775 3435 ea:
2806 3381 2935 3433 Sion
2978 3379 3208 3432 salutare
3236 3378 3406 3433 Israel
3426 3378 3452 3431 .’
3475 3386 3579 3432 etc.

358 3495 419 3530 κ.
456 3494 520 3529 τ.
565 3477 616 3527 ὲ.
680 3491 699 3522 ι
722 3472 877 3536 ’Ἥξει
907 3475 968 3525 ὲκ
997 3472 1132 3524 Σιὼν
1163 3473 1268 3543 (18)
1291 3476 1318 3526 ὁ
1342 3475 1628 3544 ῥυόμενος,
1682 3476 1774 3527 καὶ
1807 3477 1921 3528 ἀπο⁴

2050 3497 2064 3528 ι
2098 3475 2281 3529 Veniet
2305 3488 2368 3527 ex
2406 3473 2533 3526 Sion
2582 3470 2673 3539 qui
2716 3470 2930 3532 liberat,
2962 3477 3014 3520 et
3043 3475 3248 3520 avertet
3280 3466 3613 3534 impietates~

360 3562 620 3635 στρέψει
657 3561 910 3627 ἀσεϐείας
938 3561 1043 3612 ἀπὸ
1082 3560 1290 3614 Ἰακώϐ.
1323 3581 1340 3613 ι
1394 3564 1456 3614 Εἰ
1491 3562 1547 3614 δὲ
1588 3564 1651 3614 ὲκ
1684 3562 1816 3615 Σιὼν
1852 3564 1923 3633 ἕρ·

2043 3580 2071 3617 a
2103 3563 2264 3617 Jacob
2294 3562 2360 3618 ⁸⁷.
2397 3580 2415 3611 ι
2449 3560 2504 3613 Si
2549 3575 2614 3613 ex
2666 3558 2791 3612 Sion
2828 3557 2975 3612 venit
3005 3556 3272 3617 Salvator,
3305 3555 3421 3621 ipse
3457 3568 3582 3607 vero

356 3669 543 3724 χεται
578 3653 610 3703 ὁ
638 3651 859 3719 Σωτὴρ,
907 3649 1066 3711 αὐτὸς
1090 3649 1145 3702 δὲ
1178 3651 1239 3701 ὲκ
1281 3649 1372 3702 τοῦ
1405 3651 1611 3721 Πατρδς
1640 3651 1823 3722 ἐξῆλθε
1851 3670 1919 3704 κα

2043 3668 2107 3707 ex
2131 3652 2287 3708 Patre
2304 3650 2436 3705 exiit
2464 3657 2518 3702 et
2545 3648 2709 3712 venit,
2741 3645 2867 3700 Sion
2899 3645 2996 3700 hoc
3022 3646 3074 3697 in
3103 3644 3219 3698 loco
3242 3641 3415 3696 Patris
3439 3657 3582 3712 sym-

359 3741 518 3814 ἦκεν
542 3781 559 3803 ,
597 3742 635 3808 ὴ
679 3738 818 3791 Σιὼν
866 3738 959 3791 νῦν
996 3738 1256 3808 σύμϐολόν
1292 3741 1404 3792 ἐστι
1441 3740 1530 3792 τοῦ
1579 3741 1809 3811 Πατρός.
1870 3743 1922 3794 Οι

2044 3741 2219 3796 bolum
2244 3748 2346 3793 est.
2370 3737 2663 3790 Annuntiat
2694 3745 2868 3790 autem
2914 3732 3134 3787 salutem
3172 3746 3279 3785 non
3320 3731 3387 3784 iis
3411 3731 3581 3784 solum

359 3834 477 3902 τὴν
540 3828 845 3896 γενομένην
903 3829 1171 3899 σωτηρίαν
1218 3831 1329 3891 τοῖς
1372 3831 1463 3882 ἐπὶ
1512 3828 1746 3899 Ἐζεχίου
1791 3831 1922 3900 μόνοι

2045 3830 2135 3899 qui
2167 3838 2403 3896 tempore
2420 3826 2660 3880 Ezechiae
2688 3832 2863 3888 erant,
2891 3823 2984 3877 sed
3010 3831 3063 3877 et
3098 3829 3217 3890 post
3246 3819 3409 3874 multa
3444 3827 3581 3874 tem—

362 3916 828 3992 προσαγορεύει,
878 3917 1012 3969 ἀλλά
1040 3919 1132 3970 καὶ
1173 3918 1271 3986 τὴν
1317 3918 1525 3980 πολλοῖς
1567 3918 1788 3989 ὕστερον
1824 3920 1925 3989 χρό

2047 3932 2170 3986 pora
2216 3915 2339 3971 inde
2368 3916 2603 3969 futurum
2631 3915 2810 3968 multis
2841 3909 3446 3966 saiutaremSalvatoris
3487 3922 3584 3963 no-

361 4029 494 4074 νοις
533 4008 840 4077 γενομένην
871 4007 1074 4059 ἐκεῖθεν
1104 4006 1197 4059 τοῦ
1227 4008 1471 4076 Σωτῆρος
1497 4007 1649 4077 ἡμῶν
1682 4010 1924 4078 σωτήριοι

2046 4008 2141 4060 stri
2173 4006 2474 4060 adventum.
2511 4001 2642 4055 Nam
2682 4017 2805 4057 cum
2841 3998 3449 4060 omnesdeclinassent,
3488 4011 3584 4051 ne-

365 4101 738 4168 ὲπιφάνειαν.
803 4096 1022 4150 Πάντων
1059 4096 1166 4165 γὰρ
1216 4094 1603 4160 ἐκκλινάντων,
1642 4098 1928 4165 ἀναγκαίως

2048 4109 2196 4151 cesse
2219 4104 2335 4150 erat
2365 4103 2424 4148 ut
2448 4095 2660 4149 adesset
2696 4092 2783 4159 qui
2807 4100 3025 4160 peccata
3050 4089 3349 4143 dimitteret
3376 4095 3431 4141 et
3452 4086 3585 4141 libe-

366 4190 488 4243 ἔδει
528 4186 723 4238 λοιπὸν
771 4187 1022 4255 παρεῖναι
1062 4184 1149 4236 τὸν
1190 4184 1478 4253 δυνάμενον
1524 4185 1735 4253 ἀφεῖναι
1766 4187 1929 4258 ἀμαρ-

2050 4195 2213 4239 raret.
2260 4184 2460 4239 Dicitur
2487 4191 2703 4248 autem,
2728 4200 2747 4231 ι
2783 4197 2849 4236 ex
2890 4181 3041 4245 Sion,
3084 4199 3103 4231 ι
3136 4179 3261 4249 quia
3289 4192 3352 4232 ex
3378 4176 3586 4232 semine

544 4237 647 4327 καὶ
678 4237 867 4326 σῶσαιῖ
927 4290 945 4322 ι
969 4273 1061 4323 Ἐκ
1100 4270 1234 4323 Σιὼν
1265 4290 1282 4322 ι
1315 4237 1390 4333 δὲ,
1435 4272 1515 4323 ὅτι
1553 4237 1616 4323 ὲικ
1642 4237 1928 4342 σπέρματα

2052 4274 2238 4339 Israel,
2262 4284 2314 4327 et
2352 4274 2474 4341 quia
2505 4288 2571 4325 ex
2610 4272 2739 4326 Sion
2773 4272 2951 4325 veniet
2982 4270 3069 4338 qui
3098 4279 3355 4324 venturus
3380 4278 3483 4331 est,
3527 4275 3587 4320 ut

379 4361 660 4436 Ἰσραὴλ,
707 4361 798 4412 καὶ
832 4360 912 4411 ὅτι
951 4360 1014 4411 ἐκ
1049 4359 1181 4411 Σιὼν
1202 4358 1379 4428 ἦξειξὸ
1416 4358 1720 4428 ἐρχόμενος,
1751 4361 1825 4422 ὡς
1853 4361 1942 4428 γέ-

2047 4364 2306 4431 scriptum
2324 4370 2425 4416 est.
2457 4380 2474 4413 ι
2506 4361 2640 4417 Cum
2672 4360 2925 4417 averterit
2948 4359 3202 4413 Dominus
3222 4358 3582 4425 captivitatem

365 4467 661 4526 γραπται.
703 4467 722 4499 ι
760 4450 845 4501 Ἐν
875 4448 952 4518 τῷ
979 4447 1295 4518 ἐπιστρέψαι
1323 4447 1520 4517 Κύριον
1551 4448 1645 4518 τὴν
1676 4448 1928 4518 αίχμαλω

2049 4451 2216 4520 plebis
2245 4466 2373 4505 suae.
2404 4449 2738 4517 sCaptivitas
2761 4458 2844 4503 est
2875 4448 3198 4501 voluntarius
3224 4461 3252 4500 a
3282 4446 3507 4500 scientia
3533 4454 3587 4499 et

371 4543 510 4596 σίαν
560 4537 660 4591 τοῦ
708 4535 836 4588 λαοῦ
877 4535 1060 4589 αὐτοῦ.
1087 4554 1105 4587 ι
1155 4534 1505 4604 Αίχμαλωσία
1550 4536 1694 4587 ἐστὶν
1751 4538 1782 4606 ἡ
1841 4538 1934 4591 ἀπί

2048 4538 2345 4593 virtutead-
2361 4538 2714 4605 ignorantiam
2737 4546 2788 4590 et
2824 4537 3077 4591 malitiam
3107 4536 3380 4591 transitus.
3415 4554 3434 4586 ι
3479 4533 3587 4588 Ex-

369 4628 653 4698 γνώσεως
677 4624 770 4675 καὶ
793 4624 988 4693 ἀρετῆς
1012 4623 1101 4677 ἐπὶ
1129 4622 1396 4689 ἀγνωσίαν
1438 4622 1530 4674 καὶ
1566 4622 1755 4676 κακίαν
1792 4624 1932 4676 ἀκού-

2048 4624 2465 4691 sultabitJacob,
2495 4636 2549 4681 et
2581 4626 2845 4681 laetabitur
2875 4626 3060 4681 Israel.
3099 4646 3117 4679 ›
3157 4625 3457 4681 Exsultabit
3496 4623 3586 4692 qui

373 4736 502 4780 σιος
550 4714 877 4786 μετάϐασις.
933 4730 952 4763 ι
1005 4712 1407 4779 Ἀγαλλιάσεται
1457 4711 1645 4764 Ἰακὼϐ
1666 4751 1680 4775 ,
1730 4714 1822 4765 καὶ
1860 4715 1936 4766 εὑ-

2049 4716 2302 4769 actricem
2343 4716 2684 4770 all‘ectionum
2731 4717 3025 4771 carentiam
3079 4716 3330 4785 possidet,
3376 4714 3589 4768 lmtatur

370 4805 770 4878 φρανθήσεται
818 4801 1051 4870 Ἰσραήλ.
1077 4819 1096 4851 ι
1147 4800 1548 4868 Ἀγαλλιάσεται
1582 4800 1676 4869 μὲν
1718 4803 1746 4853 ὀ
1775 4818 1933 4872 πρατ-

2050 4812 2225 4857 autem
2266 4805 2353 4874 qui
2383 4806 2448 4859 ad
2472 4805 2825 4875 cognitionem
2849 4814 2901 4859 et
2930 4804 3437 4873 contemplationem
3470 4815 3591 4871 per-

371 4896 546 4965 τικὴν
580 4890 852 4946 ἀπάθειαν
876 4890 1241 4959 κτησάμενος·
1287 4889 1629 4960 εὐφραίνεται
1655 4890 1716 4943 δὲ
1747 4892 1775 4942 ὁ
1806 4906 1945 4958 γνω-
2045 4895 2212 4949 venit.

375 4984 587 5050 στικῆς
618 4980 850 5049 θεωρίας
874 4976 1242 5039 καταξιωθείς.

458 5072 583 5125 Τοῦ
621 5068 830 5121 αὐτοῦ.
866 5066 1092 5135 Μυρίων
1114 5067 1204 5117 ἐπὶ
1250 5067 1346 5138 τὴς
1377 5068 1694 5137 οἰκουμένης
1717 5068 1823 5139 (19)
1864 5087 1950 5121 κυ.

2125 5068 2392 5136 Ejusdem.
2437 5066 2666 5122 lnlinitis
2689 5074 2799 5122 toto
2823 5067 2955 5120 orbe
2993 5054 3385 5119 dominantibus
3414 5057 3603 5123 malis,

454 5164 507 5197 ”
549 5163 657 5215 lsa.
688 5174 841 5220 Lvttt,
865 5157 920 5211 9.
996 5157 1039 5188 ⁸⁸
1060 5156 1245 5212 Jacob.
1271 5174 1322 5223 ν,
1351 5162 1435 5215 15.
1511 5162 1554 5192 ³⁸
1583 5161 1709 5241 Luc.
1731 5177 1859 5226 xvu,
1884 5161 1968 5215 10.

913 5194 920 5209 .
996 5157 1039 5188 ⁸⁸
1060 5156 1245 5212 Jacob.
1271 5174 1322 5223 v,
1351 5162 1435 5215 l3.
1511 5162 1554 5192 ³⁸
1583 5161 1709 5241 Luc.
1731 5177 1859 5226 xvu,
1884 5161 1968 5215 10.
2043 5162 2086 5193 ³⁷
2118 5162 2223 5216 lsa.
2250 5179 2359 5224 th,
2387 5160 2476 5215 20.

646 5250 894 5303 Ἐκεῖνοι
947 5245 1062 5313 μὲν
1108 5246 1529 5315 ἐπιχαίροντες,
1575 5231 1679 5303 etc.
1731 5251 1953 5305 Scltcdte

2058 5320 2071 5333 .
2128 5252 2237 5321 (l8)
2290 5251 2447 5314 Ἥξει
2476 5250 2543 5302 ἐκ
2575 5249 2743 5312 Σιών,
2778 5256 2884 5303 etc.
2931 5240 3154 5299 Schedze
3211 5230 3419 5293 Grabii,
3463 5232 3615 5287 Bar-

381 5324 668 5462 ὼίῗὲίη
692 5383 1245 5462 εὐερτετγιθείςιεεπ-
1278 5383 1495 5438 scheme
1514 5385 1718 5462 9am}-
1750 5452 1782 5462 -

2071 5336 2237 5462 ’Ἢῖῗὶ
2281 5388 2514 5462 avster
2536 5385 2632 5462 se?!
2676 5382 2785 5462 τῆς
2828 5362 3634 5462 οεκευιιέζηξνςεῖίξ’...ῗὲ³ῗέὶίί¹ἓ¹

589 5433 659 5510 ΕΞ
771 5433 905 5519 ἷοῗς
928 5433 1490 5516 ἐὲειτήδεύμαδῦῖ
1511 5433 1729 5505 Stal-teda:
1744 5452 1946 5509 Graliii.

2071 5433 2261 5509 mitella:
2281 5433 2507 5513 ’ἇῖἶιῖιῇξ
2540 5433 2776 5519 Ῑείίίειιίὶῌέ
2792 5462 2914 5519 vero
2944 5433 3634 5519 [tractatgjgﬂﬂiggtﬁal:

456 5461 546 5519 (l6
589 5461 659 5510 Ei
686 5461 758 5505 ἐν
772 5461 905 5511 τοις
928 5461 1364 5516 επιτησεῡμασι,
1385 5463 1488 5506 etc.
1511 5461 1946 5509 Scheumurahii.

456 5528 499 5599 (Ι
519 5461 570 5597 τί
606 5527 673 5578 Ol
703 5517 1026 5584 λέγοντες,
1055 5526 1155 5569 etc.
1200 5520 1421 5575 Scheda:
1445 5520 1649 5585 Grabii,
1674 5533 1726 5573 et
1755 5522 1950 5577 Corde-

2078 5461 2261 5509 cheda:
2292 5461 2507 5513 Grabii;
2543 5461 2771 5502 Hilarius
2792 5462 2914 5500 vero
2944 5461 3185 5513 tractat}:
3217 5461 3267 5481 ιι·
3292 5461 3442 5480 ιιι-ιω
3469 5461 3635 5506 unau-

2403 5522 2460 5599 ,δο
2492 5520 2569 5599 δίει
2589 5499 3641 5599 vertit."bis.isf‘“.2tfi.i£‘isi‘2lﬁliltt

384 5560 566 5653 ἡδέσι]
788 5560 801 5584 Ι
1635 5560 1649 5585 ’
1757 5560 1926 5577 wn"
2054 5560 2600 5655 i33iié,'§i"ib{30'we
2632 5560 3047 5643 donti'uantibtrs,
3074 5560 3339 5625 conscius
3376 5560 3669 5626 Spiritus~
