3958 6266
291 311 321 363 1
333 313 455 368 209

1325 318 1630 377 SELECTA
1666 323 1731 378 IN
1763 323 2092 397 PSAL‘MOS.
2128 353 2197 365 -—
2232 323 2427 377 PSAL.
2466 323 2582 377 XV.

3370 326 3502 383 1210

389 431 501 485 Τοῦ
531 430 742 485 αὐτοῦ.
796 433 856 486 Ὀ
883 435 1022 487 κατὰ
1055 436 1145 489 τὸν
1179 434 1285 508 (24)
1320 438 1499 503 ἐντὸς,
1543 444 1736 513 φησιν,
1778 444 1849 497 ἄν·

2037 441 2303 511 Ejusdem.
2349 441 2473 507 Qui,
2520 438 2711 507 inquit,
2755 449 2809 493 et
2849 444 3139 498 secundum
3192 446 3499 504 interiorem

281 519 531 592 θρωπον
571 522 664 573 καὶ
713 522 855 575 κατὰ
891 523 981 576 τὸν
1027 524 1177 587 ἐκτὸς
1229 525 1635 598 ἀπηλλαγμένος
1690 532 1865 602 πάσης

280 610 512 674 κακίας
547 612 640 663 καὶ
671 610 862 681 μώμου
886 622 1107 676 παντος,
1135 615 1310 669 πᾶσαν
1342 615 1397 668 δὲ
1430 619 1860 691 ἀρετὴνμετιών.

382 867 493 931 ’ος
546 869 662 920 οὐκ
693 868 994 923 ἐδόλωσεν
1036 871 1105 923 ἐν
1164 869 1410 940 γλώσσῃ
1461 875 1672 940 αὐτοῦ,
1728 877 1867 930 οὐδὲ

272 953 566 1021 ἐποίησε
597 956 680 1020 τῷ
718 947 984 1024 πλησίον
1014 958 1198 1012 αὐτοῦ
1221 960 1436 1027 κακὸν,
1488 980 1540 1016 κ.
1570 981 1620 1016 τ.
1656 966 1700 1017 ὲ.
1780 966 1867 1028 Ὠς

272 1045 398 1096 καὶ
422 1048 473 1097 οἱ
503 1046 746 1099 διάκονοι
782 1048 890 1118 (25)
923 1049 1013 1102 τοῦ
1046 1051 1282 1119 Σατανᾶ,
1330 1055 1420 1107 ὅτε
1466 1056 1866 1125 μετασχηματίυ

272 1130 490 1194 ζονται
534 1134 615 1195 ὡς
661 1135 895 1188 διάκονοι
937 1137 1294 1210 δικαιοσύνης.
1342 1160 1361 1193 ι
1386 1143 1494 1194 Καὶ
1523 1144 1620 1194 οὐκ
1647 1143 1863 1212 ἐποίησε

267 1219 373 1289 τῷ
410 1221 652 1291 πλησίον
680 1223 841 1276 αὐτοῦ
876 1227 1061 1279 κακόν.
1095 1246 1114 1281 ι
1185 1229 1308 1282 Ἐὰν
1338 1230 1411 1300 μὴ
1436 1232 1629 1293 πάντες
1661 1230 1863 1300 ἄνθρω-

270 1327 392 1364 ποι
415 1307 526 1365 ὧσι
560 1314 807 1383 πλησίον,
839 1316 935 1368 οὐκ
967 1316 1292 1387 ἀπαγορεύει
1319 1321 1351 1388 ἡ
1381 1318 1522 1383 λέξις
1560 1322 1726 1372 ποιεῖν
1752 1323 1862 1382 τοῖς

275 1401 372 1470 μὴ
409 1401 652 1472 πλησίον
690 1404 873 1456 κακόν.
936 1405 1009 1457 Τὸ
1032 1405 1079 1457 δ’
1121 1406 1300 1476 ὅμοιον
1332 1408 1421 1459 καὶ
1452 1407 1542 1459 ἐπὶ
1572 1408 1663 1459 τοῦ
1682 1447 1696 1472 ,
1755 1427 1772 1459 ι
1805 1410 1862 1461 '0

267 1489 523 1559 ὀμνύων
574 1491 656 1561 τῷ
711 1492 931 1562 πλησίον
975 1493 1158 1558 αὐτοῦ,
1192 1496 1284 1548 καὶ
1333 1497 1430 1549 οὐκ
1471 1497 1692 1550 ἀθετῶν.
1754 1499 1862 1550 Καὶ

266 1577 611 1647 ὀνειδισμὸν
640 1580 740 1632 οὒκ
769 1580 954 1633 ἐλαϐεν
986 1583 1076 1633 ἐπὶ
1103 1584 1226 1645 τοὺς
1253 1583 1473 1651 ἔγγιστα
1500 1585 1683 1637 αὐτοῦ.
1712 1604 1730 1636 ι
1805 1586 1861 1638 Ὀ

265 1669 693 1738 ἀνεπιλήπτως
755 1670 902 1739 βιοὺς
951 1672 1277 1741 ὀνειδισμοὺς
1335 1674 1395 1726 οὐ
1451 1674 1708 1742 λαμϐάνει
1770 1677 1861 1727 ἐπὶ

1969 530 2232 584 hominem
2258 542 2310 580 et
2332 527 2619 582 secundum
2649 531 2989 594 exteriorem,
3022 532 3086 584 ab
3117 533 3261 585 omni
3298 534 3498 587 ntalitia

1965 626 2017 672 et
2041 619 2155 670 labe
2184 616 2390 668 alienus
2419 625 2593 679 est,et
2616 631 2826 669 omnem
2853 617 3098 671 virtutem
3132 630 3425 682 assecutus,
3454 621 3499 673 is

1965 705 2165 773 estqui
2215 704 2510 773 ingreditur
2545 703 2661 757 sine
2710 705 2918 758 macula
2959 715 3012 759 et
3047 715 3302 775 operatur
3347 708 3500 775 justi-

1967 794 2115 847 tiam.

2037 879 2195 932 \‘Etts.
2229 877 2281 931 3.
2314 877 2415 941 Qui
2439 893 2538 929 non
2585 877 2686 945 egit
2714 876 2890 928 dolum
2921 877 2975 930 in
3026 877 3201 945 lingua
3248 894 3365 938 sua,
3408 895 3497 931 nec

1965 966 2084 1033 fecit
2108 969 2342 1034 proximo
2363 981 2454 1018 suo
2481 965 2691 1028 ntalem,
2724 977 2828 1019 etc.
2859 965 3011 1019 Sicut
3035 968 3236 1019 faciunt
3267 967 3494 1021 ministri

1966 1055 2196 1116 Satanae,
2231 1055 2440 1121 quando
2469 1054 2917 1106 transformamur
2950 1054 3002 1107 in
3046 1056 3315 1110 ministros
3340 1057 3498 1122 justi-

1967 1144 2067 1195 tiar.
2104 1160 2123 1193 ι
2155 1141 2260 1195 Nec
2291 1142 2415 1195 fecit
2448 1142 2691 1209 proximo
2728 1157 2824 1194 suo
2852 1142 3068 1198 malum.
3112 1160 3130 1193 ι
3165 1143 3275 1195 Nisi
3311 1160 3496 1198 onmes

1963 1231 2203 1285 homines
2251 1231 2356 1284 sint
2396 1231 2647 1298 proximi,
2695 1245 2797 1283 non
2838 1240 2978 1283 vetat
3012 1232 3110 1286 hoc
3149 1233 3266 1286 loco
3297 1234 3494 1287 malum

1962 1320 2029 1373 iis
2050 1319 2161 1372 lieri
2189 1319 2279 1385 qui
2311 1334 2413 1370 non
2437 1325 2560 1369 sunt
2589 1318 2835 1385 proximi.
2870 1319 3010 1371 Idem
3043 1320 3320 1372 dicendum
3349 1331 3401 1373 et
3430 1323 3495 1374 de

1962 1409 2044 1462 bis
2082 1424 2094 1461 :
2131 1424 2149 1457 ι
2181 1407 2278 1471 Qui
2304 1405 2450 1472 jurat
2496 1406 2739 1474 proximo
2777 1421 2894 1471 suo,
2940 1414 2993 1459 et
3026 1422 3127 1460 nou
3161 1409 3376 1475 decipit.
3431 1411 3494 1465 Et

1961 1496 2301 1565 opprobrium
2337 1510 2438 1548 non
2469 1496 2671 1562 accepit
2696 1497 2950 1549 adversus
2982 1497 3253 1562 proximos
3283 1512 3423 1551 suos.
3468 1518 3487 1550 ι

1961 1586 2116 1655 597
2147 1586 2245 1650 Qui
2278 1585 2542 1651 inculpate
2570 1585 2717 1644 vivit,
2741 1586 3024 1652 opprobria
3057 1600 3157 1637 uon
3187 1584 3377 1653 accipit
3402 1588 3495 1640 ad-

1959 1690 2142 1730 versus
2199 1675 2469 1740 proximos
2523 1687 2667 1727 suos.
2699 1672 2795 1738 Qui
2828 1673 2878 1724 in
2929 1674 3154 1740 proximi
3192 1674 3492 1729 calamitate

263 1757 416 1818 τοὺς
471 1756 712 1825 ἔγγιστα
763 1757 963 1810 αὐτοῦ’
1014 1761 1043 1811 6
1094 1762 1150 1812 ὲν
1202 1764 1451 1832 συμφορᾷ
1494 1763 1585 1814 τοῦ
1637 1764 1849 1832 πλησίον

1956 1777 2058 1817 n0n
2082 1773 2381 1829 exasperat,
2409 1776 2506 1813 nec
2535 1761 2743 1813 Iretatur
2765 1762 2829 1812 de
2858 1761 3030 1813 alieno
3050 1761 3218 1828 lapsu,
3248 1763 3340 1813 sed
3363 1777 3493 1813 con-

268 1845 359 1914 μὴ
399 1847 886 1916 ἐπικερτομήσας,
945 1848 1077 1917 μηδὲ
1123 1850 1401 1919 ὲπιχαρεὶς
1433 1850 1677 1921 πτώματι
1711 1852 1861 1905 ἁλλο-

261 1933 445 2003 τρίῳ,
482 1935 629 1989 ἀλλὰ
662 1937 969 2005 συναλγῶν·
1002 1939 1035 2009 ἢ
1061 1940 1089 1991 6
1119 1937 1190 2009 μὴ
1215 1939 1473 2002 ὀνειδίσας
1499 1942 1587 1993 τὸν
1617 1941 1854 2009 ἔγγιστα,

260 2022 352 2084 ὡς
398 2025 429 2075 6
463 2025 768 2095 Φαρισαῖος
812 2026 901 2080 τὸν
928 2026 1180 2097 τελώνην,
1210 2026 1242 2095 ἢ
1276 2030 1303 2079 ὁ
1329 2028 1400 2098 μὴ
1427 2029 1731 2091 ὀνειδισθεὶς
1768 2029 1857 2080 ἐπὶ

256 2114 397 2172 τοῖς
448 2111 721 2178 ἔγγιστα,
766 2114 841 2175 ὡς
881 2115 909 2165 6
953 2114 1098 2168 Ἥλεὶ
1147 2118 1237 2168 ἐπὶ
1276 2119 1383 2179 τοῖς
1431 2116 1663 2179 τέκνοις,
1707 2115 1856 2187 ῆκαὶ

259 2199 480 2262 ἁπλῶς
517 2205 549 2253 ὀ
584 2202 964 2273 ἀνεπιλήπτως
995 2204 1158 2274 βιούς.

855 2379 1140 2430 ΨΛΛΜΟΣ
1181 2379 1282 2431 ΙΕ’.

341 2467 655 2530 Φύλαξὼο
676 2484 772 2534 με,
813 2469 1006 2534 Κύριε,
1043 2467 1129 2518 ὅτι
1162 2468 1257 2518 ἐπὶ
1287 2468 1381 2519 σοι
1428 2467 1676 2534 ἤλπισα.
1709 2463 1861 2519 Εῒπα

257 2555 353 2621 τῷ
374 2557 613 2623 Κυρίῳ·
632 2557 847 2624 Κύριός
856 2575 974 2625 μου
993 2556 1051 2611 εἷ
1064 2558 1165 2619 σὺ,
1190 2557 1274 2609 ὅτι
1290 2557 1405 2609 τῶν
1419 2556 1772 2625 ἀγαθῶνμου
1789 2558 1858 2609 οὐ

254 2647 505 2714 χρείαν
529 2646 715 2713 ἔχεις,
742 2663 796 2699 κ.
829 2663 879 2698 τ.
920 2649 965 2698 ὲ.
1014 2647 1100 2710 Ὦς
1140 2646 1408 2714 πολεμίων
1443 2645 1551 2715 (26)
1582 2643 1857 2712 ἐπικειμέ-

1955 1852 2112 1904 dolet.
2150 1850 2264 1913 Vel,
2300 1850 2388 1915 qui
2422 1865 2524 1903 non
2560 1850 2842 1915 exprobrat
2879 1850 3120 1916 proximo
3147 1852 3494 1916 quemadmo-

1953 1939 2075 1992 dum
2111 1940 2450 2007 exprobravit
2488 1938 2785 1993 Pharisaeus
2823 1937 3123 2002 publicano,
3164 1938 3243 1989 vel
3283 1939 3371 2006 qui
3419 1939 3490 1992 ob

1951 2029 2248 2096 proximum
2279 2042 2381 2082 non
2419 2028 2626 2094 accepit
2650 2026 3014 2094 opprobrium,
3042 2028 3481 2093 quemadmodum

1951 2115 2065 2168 Ileli
2104 2116 2171 2168 ob
2198 2114 2332 2168 lilios
2361 2129 2508 2178 suos,
2555 2114 2635 2167 vel
2660 2114 2818 2168 etiam
2842 2113 3181 2181 simpliciter,
3203 2113 3294 2181 qui
3322 2113 3499 2183 incol:

1951 2213 2071 2272 pate
2104 2204 2255 2256 vixit.

2486 2374 2798 2431 PSALMUS
2838 2374 2953 2429 XV.

2013 2465 2174 2519 Vsus.
2193 2466 2239 2528 I,
2253 2464 2307 2517 2.
2324 2464 2576 2518 Conserva
2595 2480 2691 2528 me,
2716 2462 2945 2525 Domine,
2965 2463 3204 2529 quoniam
3219 2465 3419 2527 speravi
3434 2466 3486 2519 in

1953 2567 2020 2608 te.
2043 2557 2158 2608 Dixi
2175 2555 2394 2609 Domino
2415 2571 2435 2610 :
2461 2555 2597 2608 Deus
2626 2571 2764 2607 meus
2789 2570 2840 2606 es
2873 2569 2950 2618 tu,
2968 2554 3209 2622 quoniam
3236 2554 3486 2609 bonorum

1950 2663 2176 2700 meorum
2202 2664 2304 2700 non
2321 2663 2455 2715 eges,
2479 2656 2581 2701 etc.
2608 2646 2879 2713 Tanquam
2910 2645 3137 2697 inimicis
3168 2644 3488 2699 instantibus

254 2750 379 2786 νων
414 2734 578 2801 λέγει,
597 2751 612 2764 ’
646 2753 663 2785 ι
690 2735 924 2799 Φύλαξόν
956 2753 1042 2806 με.
1069 2755 1089 2787 s
1128 2734 1331 2804 Ἰησοῦς
1344 2735 1400 2786 δὲ
1423 2736 1479 2785 ὲν
1503 2734 1581 2802 τῷ
1606 2734 1849 2804 προφήτῃ

1953 2736 2026 2788 ait
2064 2756 2078 2791 :
2117 2754 2137 2786 ι
2172 2735 2439 2789 Conserva
2473 2750 2575 2790 me.
2614 2753 2633 2786 ι
2669 2732 2824 2789 Jesus
2862 2744 3036 2786 autem
3080 2735 3217 2799 apud
3258 2736 3486 2801 prophe-

250 2824 454 2891 λέγει’
475 2825 539 2876 Ὁ
568 2826 664 2875 ἐπὶ
683 2823 761 2892 τῷ
787 2825 974 2895 Κυρίῳ
996 2826 1223 2889 ἐλπίζων
1247 2827 1339 2879 καὶ
1361 2824 1449 2875 ἐπὶ
1477 2823 1659 2893 μηδενὶ
1686 2822 1846 2891 ἄλλῳ,

255 2914 635 2983 φυλάσσεται
664 2916 756 2967 ὑπ’
786 2915 969 2968 αὐτοῦ.
1003 2917 1188 2979 Οὐδεὶς
1208 2917 1263 2968 δὲ
1294 2915 1613 2985 ἁμαρτάνων
1635 2913 1849 2965 δύναται

248 3004 665 3074 ἐπαληθεῦσαι
685 3007 752 3073 τῇ
784 3007 954 3073 φωνῇ.
981 3004 1172 3066 Δοῦλος
1190 3002 1298 3073 γὰρ
1319 3002 1392 3054 ῶν
1417 2998 1482 3072 ἧς
1508 3004 1649 3053 ποιεῖ
1678 3002 1851 3070 ἁμαρ-

245 3095 414 3157 τίας,
459 3095 525 3145 οὐ
566 3093 789 3145 δύναται
821 3092 1085 3145 δουλεύειν
1114 3092 1251 3161 Θεῷ.
1288 3094 1345 3145 Ὀ
1374 3093 1429 3144 δὲ
1460 3090 1536 3160 τῷ
1572 3088 1849 3159 πραττικῷ

246 3185 357 3234 καὶ
392 3183 679 3252 θεωρητῷ
729 3182 827 3251 βίῳ
872 3185 1075 3253 στήσας
1110 3182 1308 3252 στήλην
1361 3182 1482 3251 βοᾷ’
1542 3199 1560 3231 ι
1595 3178 1736 3233 Εἷπα
1772 3180 1849 3249 τῷ

244 3273 499 3342 Κυρίῳ·
523 3273 736 3342 Κύριός
763 3290 864 3341 μου
894 3270 943 3324 εἴ
974 3272 1059 3324 σύ’
1091 3293 1108 3323 ι
1135 3275 1227 3325 καὶ
1253 3275 1315 3324 ἐκ
1344 3271 1447 3323 τῶν
1477 3271 1581 3324 σῶν
1609 3271 1847 3340 δομάτων

248 3363 554 3430 προσάγω
589 3378 673 3414 σοι
720 3362 890 3431 δῶρα,
926 3363 1023 3430 οὐχ
1051 3362 1126 3424 ὡς
1163 3360 1345 3412 ἐνδεεῖ.
1393 3359 1576 3420 Οὐδεὶς
1605 3359 1710 3427 γὰρ
1741 3358 1847 3410 τῶν

246 3450 587 3519 αἱρετικῶν
618 3449 780 3502 τοῦτο
817 3451 990 3517 λέγων
1018 3450 1321 3520 ἀληθεύσει.
1354 3449 1426 3501 Οὐ
1470 3449 1623 3518 μόνον
1662 3448 1718 3499 δὲ
1756 3448 1847 3499 ἐπὶ

241 3536 366 3588 τῶν
396 3537 698 3606 αἰσθητῶς
721 3538 1161 3611 προσαγομένων,
1188 3536 1319 3588 ἀλλὰ
1338 3536 1430 3588 καὶ
1450 3534 1845 3604 πνευματικῶς,

242 3625 657 3695 πφσενεκτέα
691 3629 723 3693 ἡ
767 3627 939 3694 φωνή.
964 3625 1095 3689 Κᾶνῖ
1117 3624 1223 3694 γὰρ
1247 3624 1441 3694 ἀρετὰς
1462 3623 1841 3693 ίερουργῶμεψ

239 3717 357 3768 κᾶν
387 3716 468 3768 τὰ
516 3714 730 3767 ἑαυτῶν
773 3715 1000 3784 σώματα
1036 3714 1123 3767 διὰ
1157 3715 1446 3776 παντελοῦς
1476 3714 1842 3783 σωφροσύνης,

235 3802 450 3870 ἴσμεν,
495 3803 586 3853 ὅτι
621 3801 834 3869 δέχεται
870 3802 1025 3856 τοῦτο
1057 3805 1085 3856 6
1125 3804 1255 3865 Θεὸς
1289 3804 1385 3856 οὐκ
1420 3805 1496 3865 εἰς
1532 3803 1661 3855 ἰδίαν
1701 3804 1844 3870 ὠφέ-

234 3890 430 3955 λειαν,
467 3891 595 3943 ἀλλ’
630 3892 781 3953 ὅπως
822 3894 950 3960 ἡμῖν
979 3891 1054 3960 δῷ
1085 3891 1154 3944 τὰ
1199 3890 1258 3957 ἐξ
1294 3891 1518 3962 οὐρανοῦ
1550 3891 1725 3959 ἀγαθὰ
1764 3895 1846 3945 αἱ·-

231 3979 340 4032 τοῦ
348 3998 448 4033 σιν
477 3981 651 4032 αὐτὰ.

316 4151 447 4203 Τοῦ
486 4149 706 4203 αὐτοῦ.
742 4151 804 4201 El
835 4150 1015 4217 ἀγαθὰ
1062 4154 1232 4205 πᾶσαι
1265 4154 1451 4222 ἀρεταὶ
1482 4152 1611 4223 (27),
1658 4154 1843 4224 χρῄζει

228 4238 292 4290 δὲ
324 4243 361 4309 ἡ
396 4239 622 4307 γνῶσις
638 4238 748 4290 τῶν
771 4241 1003 4309 ἀρετῶν,
1024 4242 1243 4293 πάντων
1269 4243 1373 4312 ἄρα
1390 4243 1574 4313 χρῄζει
1596 4243 1701 4295 τῶν
1718 4246 1846 4311 ἀγαο

226 4328 348 4380 θῶν
371 4332 410 4399 ἡ
439 4328 676 4395 γνῶσις.
706 4329 811 4379 Καὶ
831 4331 1041 4398 μήποτε
1067 4331 1252 4396 ἀγαθὰ
1272 4334 1481 4401 εἴρηται
1497 4332 1565 4385 τὰ
1597 4334 1753 4402 μέσα,
1770 4330 1843 4388 ὧν

226 4416 263 4484 ἡ
298 4417 508 4470 δικαία
540 4416 737 4485 χρῆσις
768 4418 916 4485 ἡμᾶς
956 4418 1202 4483 ἀγαθοὺς
1230 4420 1322 4470 καὶ
1361 4420 1421 4470 οὐ
1456 4421 1544 4472 τὸν
1587 4421 1716 4474 θεὸν
1748 4423 1839 4490 sp-

222 4505 504 4569 γάξεται.
539 4523 558 4553 ‹
589 4504 654 4554 El
682 4523 699 4552 ι
732 4504 841 4573 γὰρ
874 4523 893 4553 ι
921 4504 992 4555 τὰ
1018 4505 1227 4570 ἀγαθὰ,
1259 4525 1276 4556 ι
1312 4509 1474 4574 φησὶν
1510 4508 1649 4573 Ἰὼϐ,
1685 4529 1703 4559 ι
1733 4511 1843 4563 gas-

224 4589 456 4658 ξάμεθα
490 4594 558 4643 ἐκ
585 4592 764 4660 χειρὸς
798 4592 1028 4660 Κυρίου,
1057 4594 1128 4645 τὰ
1158 4595 1305 4646 κακά
1332 4597 1428 4663 οὐχ
1452 4598 1740 4666 ὑποίσομεν
1765 4614 1780 4661 ;
1816 4617 1834 4650 ι

233 4673 526 4728 Ἐνταῦθα
557 4676 666 4745 γὰρ
696 4676 879 4741 ἀγαθὰ
910 4675 980 4728 τὰ
1007 4678 1323 4746 ὑπάρχοντα
1353 4682 1654 4750 ὠνόμασεν,
1700 4684 1839 4755 ἅπερ

217 4766 382 4832 παρὰ
417 4764 524 4833 τὴν
551 4765 748 4834 χρῆσιν
778 4763 1088 4833 τὴνηκαλὴν
1116 4767 1324 4831 γίνεται
1357 4770 1562 4836 ἀγαθά.

296 4852 439 4916 Τοῖς
466 4854 657 4920 ἁγίοις
699 4851 825 4915 τοῖς
850 4850 924 4901 ἐν
955 4850 1035 4916 τῇ
1074 4852 1157 4918 γῇ
1180 4856 1364 4909 αὐτοῦ
1399 4858 1836 4925 ἐθαυμάστωσε

212 4937 424 4991 πάντα
453 4940 526 4992 τὰ
564 4937 878 5004 θελήματα
902 4937 1100 4990 αὐτοῦ
1126 4940 1197 4991 ἐν
1233 4945 1449 5009 αὐτοῖς,
1503 4946 1837 5014 Ἐπληθύν-

213 5027 419 5091 θησαν
434 5032 495 5081 αἱ
515 5027 834 5081 ἀσθένειαι
863 5024 1098 5085 αὐτῶν,
1117 5030 1267 5091 μετὰ
1292 5033 1480 5085 ταῦτα
1501 5035 1831 5104 ἐτάχυναν,

206 5125 259 5161 κ.
303 5128 357 5163 τ.
407 5115 445 5168 ἐ.
500 5116 558 5167 Ὀ
604 5109 950 5181 ἁμαρτωλὸς
984 5110 1101 5178 (28)
1152 5112 1252 5176 ἔξω
1288 5118 1385 5184 τῆς
1423 5122 1532 5188 γῆς
1568 5124 1692 5174 ἐστι
1740 5127 1833 5179 τοῦ

273 5220 321 5252 ⁸³
348 5221 461 5279 Job.
504 5240 544 5276 ιι
572 5262 591 5286 ,
631 5222 724 5272 10.

263 5307 380 5437 (24)
419 5313 473 5363 '0
504 5309 668 5360 κατὰ
701 5304 841 5359 τόν,
875 5309 988 5352 etc.
1017 5302 1199 5355 Codex
1230 5307 1582 5374 Anglicanus.

285 5375 373 5435 25)
405 5379 501 5437 Ὡς
527 5373 633 5426 καὶ
662 5372 722 5420 οι
739 5366 1045 5437 διάκονοι,
1075 5379 1185 5437 8N:-
1213 5374 1382 5429 (ἷιηερι
1415 5382 1582 5433 Cniin

285 5369 373 5435 ‘25}
405 5379 501 5440 Ὡς
527 5373 633 5426 καὶ
662 5372 722 5420 οι
739 5369 1045 5440 διᾴκονοι,
1075 5379 1186 5440 ειῇ
1213 5369 1382 5429 Codex
1415 5382 1828 5439 Cnislinianus.

260 5434 369 5511 I96)
407 5434 508 5508 Ὦξ
568 5435 1090 5501 πολεμίων,.θιοο
1148 5434 1466 5510 Cordct-ius,
1525 5459 1587 5500 et
1645 5434 1828 5506 code;

186 5507 563 5562 Coisliniamts.
1096 5514 1106 5520 ‘

258 5546 691 5645 Quod
713 5563 919 5620 πᾶσαι
948 5565 1179 5636 ἀρεταί,
1206 5582 1309 5629 etc.
1334 5577 1563 5637 Sciteda:
1591 5581 1820 5643 Grabii.

1956 2835 2061 2878 tam
2086 2824 2214 2879 dicit
2249 2842 2263 2878 :
2298 2825 2395 2889 Qui
2432 2825 2483 2878 in
2525 2824 2765 2885 Domino,
2800 2838 2898 2877 nec
2938 2824 2990 2875 in
3026 2823 3131 2876 ullo
3156 2822 3258 2875 alio
3291 2831 3485 2891 sperat,

1954 2915 2249 2968 custoditur
2277 2915 2342 2967 ab
2369 2913 2479 2969 illo.
2511 2914 2579 2969 At
2606 2912 2780 2967 nullus
2808 2922 3052 2980 peccator
3074 2928 3199 2965 vere
3233 2914 3369 2966 hanc
3396 2928 3489 2968 vo-

1953 3019 2066 3058 cem
2109 3002 2455 3071 pronuntiare
2498 3011 2691 3070 potest.
2718 3001 2848 3055 Cum
2873 3001 3016 3053 enim
3057 3014 3244 3053 servus
3283 3001 3489 3068 sitejus

1953 3094 2089 3161 quod
2119 3094 2266 3156 facit,
2290 3092 2511 3161 peccati,
2538 3106 2642 3145 non
2670 3100 2839 3159 potest
2867 3091 2970 3143 Deo
2998 3092 3220 3145 servire.
3239 3090 3287 3144 Is
3309 3101 3486 3147 autem

1952 3181 2038 3248 qui
2072 3183 2320 3247 practieae
2353 3190 2405 3235 et
2435 3181 2858 3248 contemplativa:
2882 3181 3006 3234 vitae
3035 3178 3334 3232 columnam
3367 3196 3488 3235 ere-

1954 3271 2050 3333 xit,
2078 3271 2308 3323 clamat:
2346 3288 2366 3321 ι
2399 3270 2513 3322 Dixi
2547 3270 2810 3327 Dounino;
2844 3271 2978 3323 Deus
3007 3283 3155 3322 meus
3179 3284 3237 3322 es
3268 3278 3354 3332 tu;
3389 3287 3407 3319 ι
3437 3279 3489 3323 et

1953 3363 2017 3415 de
2049 3359 2202 3412 donis
2233 3360 2333 3413 tuis
2366 3372 2583 3412 munera
2614 3359 2704 3412 tibi
2739 3358 2902 3411 oll'ero
2924 3398 2939 3423 ,
2992 3374 3095 3412 non
3128 3368 3378 3425 tanquam
3410 3356 3489 3412 in-

1951 3448 2166 3515 digenti.
2200 3446 2363 3501 Nemo
2391 3449 2530 3500 enim
2556 3448 2923 3500 haereticorum
2952 3448 3051 3500 hoc
3082 3449 3278 3508 dicens,
3305 3464 3487 3502 verum

1950 3536 2202 3604 proferet.
2230 3535 2344 3589 Non
2370 3536 2538 3589 solum
2568 3548 2742 3589 autem
2776 3538 2873 3589 hoc
2906 3536 2970 3589 de
3003 3536 3364 3600 sensibilibus,
3395 3539 3486 3591 sed

1950 3629 2107 3682 etiam
2148 3629 2213 3682 de
2256 3627 2582 3695 Spiritalibus
2623 3627 2982 3681 oblationibus
3026 3627 3486 3695 pronuntiandum

1949 3726 2048 3771 est.
2078 3717 2206 3769 Nam
2242 3717 2362 3769 licet
2387 3715 2706 3769 sacriﬁcium
2734 3715 2986 3768 virtutum
3020 3715 3397 3774 obtuleritnus,
3423 3712 3486 3766 Ii-

1949 3816 2033 3860 cet
2071 3821 2293 3872 corpora
2330 3814 2508 3859 nostra
2557 3819 2650 3871 per
2695 3805 3050 3858 einnimmlam
3103 3804 3483 3863 continentiam

1948 3894 2448 3957 sacriﬁcaverimus,
2482 3895 2676 3946 scimus
2705 3894 2753 3945 id
2783 3908 2886 3945 non
2918 3905 3136 3961 propter
3159 3908 3308 3946 suam
3341 3891 3485 3944 utili.

1952 3992 2108 4035 tatem
2141 3982 2302 4036 Deum
2335 3984 2571 4043 accipere
2598 4022 2611 4046 ,
2639 3984 2730 4035 sed
2764 3992 2819 4036 ut
2856 3982 3007 4036 nobis
3034 3982 3341 4051 petentibus
3371 3994 3486 4034 cut-

1872 4090 1918 4146 ι)
1949 4070 2096 4124 lestia
2130 4071 2266 4124 bona
2291 4071 2549 4125 conferat.

2014 4160 2282 4227 Ejusdem.
2325 4160 2379 4213 Si
2415 4162 2555 4214 inter
2598 4161 2735 4214 bona
2777 4169 2904 4212 sunt
2928 4174 3112 4213 omnes
3143 4158 3383 4220 virtutes.
3428 4167 3487 4211 ct

1940 4251 2161 4304 scicntia
2195 4250 2394 4318 indiget
2422 4250 2727 4315 virtutibus,
2756 4250 3003 4304 munibus
3047 4258 3193 4303 Certe
3230 4249 3382 4301 bonis
3407 4248 3491 4300 iu-

1940 4339 2079 4406 diget
2106 4339 2348 4392 scientia.
2394 4340 2457 4393 Et
2487 4342 2604 4393 vide
2635 4355 2700 4393 ne
2738 4351 2881 4393 certe
2913 4340 2996 4392 bic
3027 4339 3170 4391 dicta
3209 4340 3315 4390 sint
3344 4339 3481 4390 bona

1943 4428 2111 4480 media
2158 4443 2383 4496 quorum
2427 4429 2577 4502 justa.
2613 4430 2878 4495 possessio
2922 4443 3018 4481 nos
3055 4426 3233 4493 justos
3274 4435 3327 4479 et
3376 4443 3481 4480 non

1942 4513 2329 4583 Deumjustum
2364 4518 2552 4573 reddit.
2586 4536 2604 4568 ι
2642 4518 2696 4571 Si
2727 4518 2866 4571 enim
2900 4519 3059 4580 bona,
3095 4516 3265 4585 inquit
3285 4514 3385 4569 Job
3413 4516 3487 4581 ⁸³,

1940 4607 2277 4674 suscepimus
2304 4609 2369 4661 de
2398 4623 2552 4660 manu
2600 4607 2829 4673 Domini,
2860 4608 2994 4661 mala
3043 4622 3147 4660 non
3197 4605 3483 4660 sustinebi-

1941 4698 2099 4748 mus?
2131 4715 2150 4746 ι
2185 4697 2270 4749 ubi
2309 4698 2565 4751 bonormn
2589 4698 2800 4751 nomine
2826 4698 3032 4751 vocavit
3060 4696 3339 4751 facultates
3367 4710 3485 4763 quae

1938 4799 1999 4835 ex
2035 4784 2170 4837 bono
2201 4800 2295 4837 usu
2327 4785 2460 4839 liunt
2489 4787 2659 4841 boum.

2010 4872 2165 4925 Vens.
2191 4875 2243 4937 ‘5,
2276 4874 2329 4926 4.
2368 4872 2575 4928 Sanctis
2601 4874 2690 4943 qui
2727 4882 2845 4926 sunt
2878 4875 2932 4928 in
2965 4886 3103 4927 terra
3149 4870 3264 4938 ejus
3294 4869 3486 4926 miri/i-

1938 4962 2067 5017 covit
2098 4977 2269 5014 omnes
2297 4962 2583 5017 voluntates
2613 4980 2736 5017 suos
2763 4965 2814 5015 in
2842 4964 2939 5016 eis.
2971 4960 3333 5023 Multiplicatw
3364 4964 3487 5007 sunt

1943 5048 2273 5115 inﬁrmitates
2305 5066 2476 5105 eorum
2496 5092 2510 5117 ,
2544 5062 2718 5119 postea
2744 5051 3183 5105 accelerat-erunt,
3216 5051 3319 5092 etc.
3354 5040 3491 5091 Pec-

1944 5147 2093 5191 cator
2116 5149 2195 5192 est
2223 5150 2376 5193 extra
2403 5150 2596 5194 terram
2629 5138 2742 5203 Dei,
2788 5147 2845 5189 ut
2884 5137 2967 5190 cui
3001 5148 3102 5186 non
3133 5126 3367 5181 ostendit
3397 5125 3497 5175 mi-

2012 5328 2120 5396 (28)
2163 5331 2214 5381 Ὀ
2242 5330 2573 5398 ἁμαρτωλός
2603 5366 2616 5398 ,
2666 5336 2783 5398 elc._
2816 5322 3024 5398 Initium
3059 5313 3247 5398 .llilllfi
3280 5307 3503 5398 Cgrll'e-

1942 5371 2054 5451 ritis
2077 5371 2243 5463 nisque
2274 5371 2668 5463 inlJlimcﬂvEriia
2707 5390 3003 5463 :HCnﬁﬁcfEl-C
3029 5385 3074 5434 εἶ

2068 5437 3071 5533 ιξὶιιιιῖιδ,
3102 5459 3223 5513 qua:
3248 5437 3507 5493 Eusebio

1940 5520 1992 5590 et
2015 5520 2295 5590 Theodoro
2322 5527 2536 5586 ascribit
2561 5524 2745 5581 Daniel
2769 5520 3057 5575 Barbarus.
