3958 6246
355 317 519 375 1215

1377 318 1676 373 SELECTA
1715 317 1781 372 IN
1813 318 2228 376 PSALMOS.-——
2249 314 2443 374 PSAL.
2486 308 2591 365 XV.

3430 320 3563 375 1214

337 429 519 498 μίαν
555 444 673 496 μου
723 424 875 495 ἐμοὶ,
938 445 993 480 κ.
1040 445 1090 481 τ.
1125 429 1171 482 ἑ.
1211 428 1555 500 κληρονομία
1581 430 1789 499 φύσεως
1828 430 1907 500 (ὅθ

2006 484 2011 490 .
2038 432 2328 488 Παιοόίιιιε
2372 434 2576 483 natura:
2600 426 2804 482 ratione
2843 432 3038 487 utentis
3064 441 3144 487 est
3168 429 3560 500 praeteritorum

347 513 608 582 λογικῆς
629 515 775 565 ἐστιν
807 515 841 583 ἡ
888 513 1089 583 θεωρία
1121 514 1227 568 τῶν
1256 518 1553 584 γεγονότων
1591 519 1682 570 καὶ
1714 517 1818 570 τῶν
1844 534 1933 585 γε·

346 604 693 673 νησομένων
713 601 926 654 αἰώνων
950 620 963 633 ’
996 603 1322 674 κληρονομία
1344 605 1400 658 δὲ
1422 606 1653 676 Χριστοῦ
1680 609 1712 676 ἡ
1739 607 1931 674 γνῶσις

344 692 459 746 τοῦ
504 690 671 745 Θεοῦ.
719 692 806 754 Ὧς
832 693 1118 763 ἀρχιερεὺς
1142 695 1313 746 ταῦτά
1343 712 1504 765 φησιν
1534 698 1562 747 6
1595 697 1842 765 Χριστὸς,
1870 692 1930 749 οῦ

349 783 542 853 μερὶς
582 782 806 852 Κύριος.
836 782 899 833 Εἰ
936 782 1088 851 μερὶς
1114 784 1367 853 ποτηρίου
1397 786 1614 856 Κύριος,
1654 787 1686 856 ἢ
1728 783 1930 850 οὗτινος

342 872 386 923 ὁ
417 870 666 940 Κύριος,
692 872 927 939 Χριστοῦ
959 871 1113 940 μερὶς
1148 872 1242 941 μὲν
1263 873 1362 941 τῆς
1386 873 1739 945 κληρονομίας
1765 879 1793 928 6
1821 877 1929 929 Πα-

338 960 491 1028 τὴρ,
527 963 563 1029 ἡ
602 960 831 1029 μείνασα
867 960 1043 1029 αὐτῷ·
1085 961 1263 1014 λοιπὸν
1292 962 1347 1014 δὲ
1385 964 1482 1032 τῆς
1511 964 1865 1034 κληρονομίας
1899 967 1928 1016 6

341 1047 889 1117 ἀποκαθιστάμενος
928 1049 1073 1119 αύτῷ
1114 1050 1237 1113 λαὸς
1272 1052 1378 1104 ἀπὸ
1400 1051 1489 1104 τοῦ
1515 1053 1666 1105 Θεοῦ.
1701 1054 1925 1107 Δύναται

339 1135 403 1187 δὲ
431 1152 515 1187 πε
524 1136 584 1205 pi.
613 1135 711 1189 τοῦ
751 1137 960 1206 Πατρὸς
987 1139 1267 1209 ἀμφότερα
1294 1141 1561 1208 λέγεσθαι,
1593 1143 1681 1194 καὶ
1709 1141 1766 1193 τὸ
1790 1140 1924 1195 εἶναι

340 1226 532 1278 αὑτὸν
563 1225 1006 1278 ἀποκαθιστάντα
1041 1227 1394 1298 κληρονομίαν
1441 1229 1611 1298 ἑαυτῷ
1648 1229 1784 1298 μετὰ
1826 1230 1922 1297 τὴν

342 1312 626 1364 κένωσιν.
682 1315 775 1365 Ἦ·
829 1314 1097 1384 Ὑπερϐἀς
1133 1314 1364 1368 διαθέσει
1411 1316 1499 1368 τὸν
1540 1316 1758 1385 κόσμον,
1804 1317 1922 1369 τίνα

340 1404 498 1471 σχῇς
549 1403 752 1472 μερίδα
784 1403 923 1472 πλὴν
954 1403 1045 1456 τοῦ
1076 1403 1308 1472 Κυρίου;
1340 1403 1443 1455 Τοῦ
1474 1404 1579 1475 γάρ
1607 1408 1766 1458 πᾶσιν
1793 1407 1921 1458 ἀπο.

336 1492 708 1560 τασσομένου
753 1492 814 1543 τὸ
854 1476 1047 1559 λέγειν’
1096 1511 1115 1542 ι
1152 1493 1323 1563 Μερίς
1367 1509 1466 1562 μου
1494 1494 1521 1543 6
1550 1493 1679 1555 Θεὸς
1719 1494 1796 1556 είς
1830 1494 1919 1546 τὸν

338 1579 556 1631 αἰῶνα.
605 1599 623 1629 ι
661 1580 871 1633 Γίνεται
901 1580 957 1632 δὲ
983 1583 1073 1633 καὶ
1100 1582 1257 1651 ἄρτος
1280 1581 1308 1632 6
1325 1580 1543 1650 Κύριος,
1569 1581 1818 1649 παρέχων
1844 1582 1920 1633 δι-

334 1669 685 1732 δασκαλίαν,
724 1671 818 1722 καὶ
847 1670 1110 1740 στηρίζων
1136 1669 1228 1722 τοῦ
1259 1669 1520 1731 ἐσθίοντος
1544 1669 1639 1738 τὴν
1673 1669 1911 1739 καρδίαν⁸

2029 529 2082 572 et
2125 518 2422 572 futurorum
2472 514 2780 568 saeculorum
2814 517 3230 586 contemplatio;
3273 516 3559 571 haereditas

2030 621 2152 661 vero
2182 606 2384 660 Christi
2416 610 2498 658 est
2527 602 2759 673 cognitio
2786 604 2898 657 Dei.
2926 604 3041 659 Hoc
3068 607 3194 659 dicit
3214 605 3456 660 Christus
3500 613 3560 658 ut

2027 709 2264 749 summus
2299 695 2569 758 sacerdos,
2604 695 2755 761 cujus
2782 708 2904 761 pars
2934 693 3186 748 Dominus
3217 703 3318 748 est.
3354 692 3409 747 Si
3435 708 3559 761 pars

2027 783 2207 838 calicis
2236 795 2316 839 est
2343 784 2619 848 Dominus,
2652 783 2733 835 vel
2766 783 2810 836 is
2840 780 2991 848 cujus
3025 790 3106 836 est
3136 782 3419 846 Dominus,
3450 783 3555 853 lue.

2028 870 2264 927 reditatis
2284 873 2493 942 quidem
2512 872 2707 927 Christi
2724 887 2846 941 pars
2870 884 2988 938 quae
3018 871 3083 924 ab
3116 871 3229 938 ipso
3263 870 3422 939 599
3451 885 3553 924 non

2024 959 2312 1023 divellitur,
2333 967 2412 1012 est
2441 958 2596 1011 Pater
2618 973 2632 1019 ;
2657 958 2868 1012 residua
2887 968 3062 1012 autem
3091 959 3413 1011 lizereditatis
3435 973 3555 1025 pars

2024 1056 2105 1101 est
2134 1048 2354 1115 populus
2374 1047 2462 1114 qui
2500 1047 2545 1100 ei
2575 1061 2604 1098 a
2634 1044 2799 1098 Patre
2820 1046 3136 1099 restituitur.
3166 1043 3345 1098 Potest
3376 1054 3555 1097 autem

2023 1138 2086 1191 de
2116 1136 2271 1189 Patre
2301 1144 2582 1202 utrumque
2610 1136 2737 1199 dici,
2765 1135 3043 1202 ipsumque
3069 1147 3189 1187 esse
3222 1134 3311 1200 qui
3340 1133 3438 1188 sibi
3470 1146 3555 1186 re-

2025 1226 2195 1279 stituit
2229 1225 2611 1290 hmreditatem,
2636 1234 2909 1292 postquam
2937 1224 3025 1276 illa
3057 1223 3312 1292 spoliatus
3332 1229 3430 1276 est.
3456 1220 3553 1275 Vel

2020 1317 2097 1368 sic
2121 1334 2133 1368 :
2164 1316 2293 1370 Cum
2323 1324 2373 1368 te
2398 1329 2558 1381 supra
2586 1315 2834 1367 mundum
2857 1312 3047 1366 aﬂ‘ectn
3068 1311 3340 1376 extuleris,
3367 1325 3554 1378 quam-

2019 1418 2138 1457 nam
2172 1403 2391 1457 habebis
2423 1412 2646 1470 partem,
2674 1403 2773 1456 nisi
2803 1402 3112 1455 Dominum?
3134 1401 3260 1468 Ejus
3292 1401 3429 1455 enim
3460 1400 3550 1468 qui

2017 1493 2261 1545 omnibus
2292 1482 2533 1545 nuntium
2574 1492 2808 1555 remisit,
2838 1501 2920 1545 est
2951 1492 3169 1544 dicere:
3207 1507 3226 1541 ι
3269 1490 3398 1544 Pars
3430 1504 3550 1544 mea

2019 1579 2156 1632 Deus
2185 1578 2237 1631 in
2264 1587 2539 1632 aeternum.
2573 1596 2591 1628 ι
2621 1576 2707 1630 Fit
2744 1586 2922 1630 autem
2973 1577 3132 1630 etiam
3174 1578 3324 1644 panis
3371 1576 3550 1629 Domi-

2017 1680 2143 1726 nus,
2174 1665 2428 1718 exhibens
2472 1664 2766 1717 doctrinam
2789 1702 2805 1728 ,
2838 1671 2893 1716 et
2927 1662 3251 1723 conﬁrmans
3279 1676 3371 1715 cor
3397 1675 3549 1714 man-

338 1759 627 1827 ποτήριον
650 1758 707 1809 δὲ
734 1758 873 1810 κατά
896 1732 1120 1829 θεωρίαν
1152 1758 1249 1827 τῆς
1277 1758 1544 1828 ἀληθείας,
1576 1732 1805 1826 τιαρέχον
1832 1758 1907 1808 εὑ-

2016 1753 2314 1817 dueantis;
2365 1752 2503 1805 calix
2549 1766 2677 1805 vero
2714 1752 3002 1806 secundum
3049 1750 3550 1818 contemplationem

337 1847 645 1917 φςοσύνην
694 1849 792 1916 τῆς
834 1847 1083 1915 γνώσεως
1122 1847 1197 1917 τῷ
1235 1848 1320 1900 διὰ
1351 1847 1788 1915 συγκαταθέσεως
1823 1846 1914 1897 πί-

334 1951 522 1988 νοντι.
572 1938 819 2005 Χορηγεῖ
844 1936 899 1988 δὲ
926 1934 1082 1988 τοῦτο
1121 1936 1356 2005 ἄμπελος
1395 1938 1427 2005 ἡ
1454 1935 1696 2004 ἀληθινὴ,
1723 1934 1794 1997 ὡς
1826 1936 1914 1987 τὸν

332 2024 552 2077 πιόντα
591 2025 774 2092 λέγειν
828 2026 1209 2096 χαριστηρίως·
1258 2045 1276 2077 ι
1316 2027 1554 2088 Ἔδωκας
1586 2025 1914 2097 εὐφροσύνην

329 2114 414 2175 είς
446 2114 560 2183 τὴν
594 2114 822 2184 καρδίαν
854 2132 974 2183 μου.
1002 2133 1020 2164 ι

404 2205 682 2270 Σχοινία
708 2204 1012 2256 ἐπέπεσάν
1034 2222 1135 2272 μοι
1166 2204 1235 2257 ἐν
1264 2205 1385 2269 τοῖς
1413 2206 1772 2269 καλλίστοις,
1814 2206 1911 2258 καὶ

328 2295 453 2360 γὰρ
490 2293 533 2359 ἡ
558 2294 933 2360 κληρονομία
949 2310 1065 2360 μου
1079 2294 1371 2359 καλλίστη
1382 2311 1481 2360 μοι
1499 2294 1685 2355 ἐστὶν,
1713 2311 1765 2345 κ.
1788 2311 1838 2345 τ.
1864 2295 1908 2344 ἐ.

326 2380 394 2431 Εἰ
434 2379 512 2432 τὸ
561 2380 795 2448 σχοινίον
830 2378 940 2449 (51)
974 2379 1165 2449 μέτρον
1204 2381 1336 2444 ἐστὶ,
1372 2379 1485 2442 πῶς
1528 2380 1826 2449 γέγραπται
1855 2382 1913 2432 ἐν

323 2466 410 2535 τῷ
449 2464 611 2519 κατὰ
647 2466 897 2535 Ἰωάννην
925 2466 1266 2535 Εὐαγγελίῳ·
1314 2486 1332 2517 ι
1363 2467 1434 2519 Ού
1463 2466 1569 2536 γὰρ
1612 2470 1675 2519 ἐκ
1717 2467 1910 2537 μέτρου

325 2555 574 2608 δίδωσιν
602 2557 631 2607 6
660 2555 792 2616 Θεὸς
817 2556 877 2606 τὸ
898 2555 1128 2624 πνεῦμαο
1161 2573 1179 2604 ›
1211 2556 1302 2608 καὶ
1324 2556 1401 2619 τὸ,
1427 2574 1445 2605 ι
1480 2556 1679 2625 Ἐκχεῶ
1697 2556 1802 2608 ἀπὸ
1818 2555 1910 2608 τοῦ

324 2643 671 2713 πνεύματός
706 2661 806 2712 μου
831 2661 846 2707 ;
881 2661 898 2693 ι
932 2645 1001 2695 Ἥ
1030 2644 1166 2712 τάχα
1193 2644 1252 2696 τὸ
1281 2644 1472 2714 μέτρον
1496 2646 1555 2695 οὐ
1582 2645 1715 2715 πρὸς
1743 2645 1910 2713 αὐτὴν

320 2734 436 2802 τὴν
460 2731 678 2799 γνῶσιν
706 2732 1042 2800 ὀνομάζεται,
1062 2732 1195 2784 ἀλλά
1219 2732 1366 2802 παρὰ
1388 2733 1476 2786 τὸν
1507 2734 1907 2804 ὑποδεχόμενον,

323 2821 416 2890 τῷ
448 2822 535 2890 μὴ
566 2816 707 2872 εἶναι
724 2820 885 2872 αὐτὸν
913 2820 1154 2888 μείζονος
1173 2820 1433 2872 δεκτικόν.
1452 2823 1558 2873 Καὶ
1576 2822 1680 2893 γὰρ
1704 2825 1732 2874 6
1759 2825 1909 2889 ὑετὸς

302 2910 512 2971 ἀὐτὸς
543 2909 648 2978 μὲν
681 2908 915 2977 ἀμετρός
947 2910 1080 2971 ἐστι,
1118 2910 1388 2977 μετρεῖται
1409 2909 1464 2961 δὲ
1501 2911 1557 2961 ὲν
1587 2912 1699 2973 τοῖς
1722 2912 1909 2964 ὑποδε-

2014 1842 2275 1906 veritatis,
2306 1830 2542 1910 praebens
2576 1840 2810 1893 lmtitiam
2837 1841 3078 1899 scientiae
3111 1840 3183 1893 illi
3216 1840 3304 1908 qui
3331 1854 3398 1892 ex
3425 1839 3552 1893 εσθ-

2014 1940 2099 1983 ctu
2134 1930 2285 1984 bibit.
2318 1926 2544 1982 Calicem
2574 1928 2715 1981 hunc
2751 1927 3000 1996 propinat
3029 1928 3154 1980 vitis
3178 1942 3337 1991 vera,
3372 1927 3548 1996 utqui

2013 2019 2165 2083 bibit,
2201 2033 2319 2072 cum
2353 2018 2644 2087 gratiarum
2675 2016 2886 2070 actione
2912 2016 3092 2069 dicat:
3131 2033 3149 2067 ι
3189 2016 3384 2076 Dedisti
3414 2016 3550 2070 laati-

2016 2106 2139 2158 tiam
2171 2106 2222 2158 in
2257 2105 2420 2159 corde
2452 2118 2584 2159 meo.
2618 2122 2637 2154 ι

2079 2194 2238 2247 Vsus.
2275 2194 2327 2247 6.
2364 2191 2539 2246 Funcs
2571 2192 2865 2245 ceciderunt
2902 2193 3025 2244 mihi
3069 2193 3121 2244 in
3146 2192 3429 2260 prarclaris,
3470 2201 3547 2245 et-

2010 2282 2141 2333 enim
2169 2281 2441 2334 hwredilas
2470 2296 2583 2333 mea
2605 2280 2859 2347 prwclarn
2898 2290 2971 2333 est
2998 2280 3141 2342 mihi,
3172 2290 3275 2334 etc.
3316 2280 3370 2333 Si
3402 2278 3542 2334 funis

2010 2387 2257 2425 mensura
2297 2381 2411 2437 est,
2454 2371 2716 2440 quomodo
2758 2370 3016 2437 scriptum
3055 2380 3138 2425 est
3171 2371 3221 2422 in
3255 2370 3542 2437 Evangelia

2010 2460 2295 2512 secundum
2321 2458 2580 2514 Joannem
2605 2458 2650 2490 “
2678 2475 2691 2510 :
2734 2473 2753 2504 ι
2779 2454 2890 2508 Non
2920 2457 3058 2510 enim
3090 2472 3155 2511 ex
3185 2470 3429 2510 mensura
3453 2457 3542 2509 dat

2011 2547 2146 2601 Deus
2183 2549 2449 2615 spiritum,
2483 2566 2503 2598 ι
2536 2555 2591 2601 et
2629 2546 2755 2600 illud
2777 2546 2859 2598 “:
2899 2565 2918 2597 ι
2956 2545 3232 2601 Effundam
3259 2545 3324 2598 de
3350 2545 3538 2613 spiritu

2010 2637 2159 2690 meo?
2189 2655 2208 2688 ι
2232 2637 2324 2691 Vel
2359 2637 2495 2690 forte
2528 2652 2772 2691 mensura
2798 2652 2898 2691 non
2931 2645 3144 2705 propter
3169 2637 3335 2703 ipsam
3365 2635 3539 2689 scien-

2009 2722 2133 2776 tiam
2165 2724 2498 2790 nominatur,
2530 2725 2622 2778 sed
2650 2735 2864 2796 propter
2887 2739 3006 2779 eum
3041 2725 3130 2792 qui
3175 2723 3319 2777 illam
3360 2723 3537 2777 susci-

2006 2812 2100 2879 pit,
2125 2814 2263 2880 quod
2287 2827 2477 2882 nempe
2501 2815 2717 2881 majoris
2747 2830 2851 2868 non
2878 2816 2948 2868 sit
2979 2828 3166 2881 capax.
3191 2813 3395 2866 Etenim
3422 2812 3535 2880 ipsa

2004 2902 2180 2968 pluvia
2230 2917 2532 2957 mensuram
2576 2906 2829 2970 excedit,
2879 2905 3171 2958 metiuntur
3214 2911 3385 2955 tamen
3414 2916 3532 2955 eam

319 2996 606 3066 χομένοις
633 2996 796 3047 αὐτὸν
827 2995 1084 3062 ἀγγείοις.
1127 2995 1539 3079 Ἰιῖκληροδοτήθη
1567 2997 1623 3049 δέ
1658 3016 1766 3067 μοι,
1800 3016 1904 3069 φη-

2007 3001 2132 3042 vasa
2196 2990 2246 3042 in
2307 2992 2499 3058 quibus
2553 2994 2824 3061 recipitur.
2877 2993 3002 3047 Mihi
3066 3002 3282 3054 autem,
3335 2991 3535 3059 inquit,

322 3083 445 3143 a'tv,
480 3079 683 3148 ὥσπερ
712 3083 775 3132 ὲκ
809 3081 1004 3150 μέτρου
1042 3081 1113 3149 γῆ
1158 3075 1323 3153 καὶ
1361 3083 1648 3154 ἀρκοῦμαι,
1691 3087 1782 3138 καὶ
1818 3087 1903 3140 διὰ

317 3170 447 3223 τῶν
493 3169 804 3222 καλλίστων
844 3186 968 3238 μου,
1005 3169 1095 3221 τοῦ
1136 3187 1194 3222 τε
1253 3171 1421 3240 Ἰησοῦ
1463 3174 1673 3227 καὶτοῦ
1706 3175 1899 3228 Χάλεϐ.

405 3338 535 3394 Τοῦ
576 3335 785 3389 αὐτοῦ.
820 3336 1005 3397 Οὕτως
1027 3335 1251 3406 ἐγενήθη
1274 3335 1382 3406 (52)
1408 3337 1688 3407 σχοίνισμα
1717 3340 1904 3410 κληρο-

316 3424 541 3494 νομίας
581 3421 747 3474 αὐτοῦ
805 3422 1037 3491 Ἰσραήλ.
1069 3422 1310 3475 Εὐδοκῶν
1342 3423 1397 3475 δὲ
1417 3426 1481 3493 τῇ
1513 3425 1615 3494 ἰδίᾳ
1654 3426 1904 3496 κληρονο-

323 3516 464 3587 μίᾳ,
498 3513 583 3574 ὡς
616 3510 905 3580 κρατίστῃ,
937 3509 1105 3563 ταῦτά
1134 3528 1283 3581 φησι.

401 3600 757 3669 Εὐλογήσω
779 3599 886 3651 τὸν
911 3600 1124 3666 Κύριον
1145 3599 1247 3652 τὸν
1266 3599 1663 3653 συνετίσαντά
1692 3619 1785 3669 με·
1813 3604 1899 3657 ἔτι

315 3691 397 3745 δὲ
430 3690 541 3743 καὶ
574 3689 688 3753 ἕως
712 3689 930 3752 νυκτὸς
965 3687 1325 3742 ἐπαίδευσάν
1354 3706 1430 3757 με
1453 3692 1506 3742 οἱ
1538 3692 1741 3758 νεφροί
1759 3710 1896 3758 μου,

317 3798 383 3832 κ.
410 3796 469 3832 τ.
503 3779 556 3829 ὲ.
588 3776 817 3843 Εὐλογεῖ
834 3792 919 3838 τις
944 3775 1034 3827 τὸν
1064 3775 1261 3845 Κύριον
1290 3775 1397 3844 (55)
1422 3778 1716 3843 φαντασίας
1747 3779 1901 3845 ὲγγε-

312 3867 580 3938 νομένης
613 3864 693 3934 τῷ
736 3864 831 3934 νῷ.
876 3864 1006 3917 Ἀπὸ
1039 3864 1326 3933 προσώπου
1363 3865 1469 3936 γὰρ
1501 3866 1662 3919 αὐτοῦ
1701 3868 1899 3935 γνῶσις

315 3958 429 4012 καὶ
462 3956 710 4016 σύνεσις.
744 3953 899 4006 Οῦτω
925 3954 1014 4006 τὸν
1037 3954 1134 4016 τὰς
1164 3953 1378 4016 ἐντολὰς
1405 3954 1669 4024 τηροῦντα
1697 3958 1896 4010 συνετί-

314 4050 412 4115 ζει
455 4051 487 4100 ὁ
540 4047 771 4116 Κύριος.
820 4047 954 4116 Περὶ
997 4046 1204 4116 νεφρῶν
1247 4046 1302 4098 δὲ
1346 4046 1511 4112 λέγει,
1545 4046 1651 4101 τῶν
1694 4048 1788 4100 σὺν
1829 4050 1894 4119 τῇ

311 4139 541 4210 καρδίᾳ
586 4135 996 4206 ὀνομαζομένων
1041 4137 1096 4187 ὲν
1151 4133 1257 4203 τῷο
1321 4154 1339 4185 ι
1399 4134 1629 4197 Ἐτάζων
1679 4136 1898 4207 καρδίας

310 4230 423 4283 καὶ
462 4226 705 4295 νεφροὺς
735 4226 763 4275 6
795 4224 943 4286 Θεός.
979 4241 998 4275 ι
1035 4214 1213 4287 Οὗτοι,
1263 4223 1631 4286 τελειωθέντες
1662 4225 1748 4277 διὰ
1774 4226 1895 4295 νοή-

2004 3090 2101 3130 ceu
2147 3078 2198 3131 in
2247 3092 2492 3134 mensura
2540 3082 2823 3137 haereditas
2866 3093 3055 3147 terrae,
3102 3098 3204 3149 qua
3255 3089 3536 3136 contentus

2002 3177 2140 3228 sum,
2180 3166 2301 3220 data
2340 3176 2421 3221 cst
2454 3170 2549 3237 per
2584 3171 2868 3239 praeclaros
2907 3185 3052 3224 meos
3083 3169 3267 3225 Jesum
3307 3177 3360 3225 et
3394 3169 3536 3224 Cha-

2002 3252 2106 3306 leb.

2071 3339 2338 3406 Ejusdem.
2364 3343 2453 3399 Sic
2468 3344 2640 3400 factus
2670 3346 3039 3402 est-funiculus
3068 3347 3396 3403 haereditatis
3418 3348 3534 3417 eius

2000 3429 2182 3484 Israel.
2216 3432 2328 3485 Sibi
2371 3443 2545 3487 autem
2576 3436 2911 3503 complacens
2958 3438 3012 3492 in
3055 3438 3272 3507 propria
3304 3438 3531 3493 haeredi-

2001 3527 2109 3572 tate
2138 3526 2194 3571 ut
2218 3521 2493 3586 praeclara,
2526 3522 2637 3576 haec
2664 3525 2755 3579 ait.

2077 3606 2237 3661 Vens.
2267 3608 2319 3662 7.
2344 3606 2648 3662 Benedicam
2674 3610 2948 3665 Dominum
2970 3614 3058 3681 qui
3087 3614 3267 3667 tribuit
3296 3614 3422 3667 mihi
3451 3616 3531 3668 in-

1998 3696 2252 3750 tellectum
2274 3711 2293 3749 :
2320 3698 2527 3767 insuper
2552 3707 2598 3751 et
2639 3715 2798 3768 usque
2839 3702 2907 3753 ad
2941 3713 3135 3756 noctem
3170 3705 3529 3771 increpuerunt

1997 3801 2077 3839 me
2105 3800 2247 3838 renes
2274 3787 2391 3851 mei,
2414 3795 2515 3841 etc.
2543 3774 2820 3842 Benedicit
2847 3790 3037 3859 aliquis
3069 3793 3370 3859 Dominum,
3403 3810 3524 3848 cum

1995 3869 2110 3938 ejus
2151 3874 2313 3926 menti
2367 3876 2570 3942 species
2604 3876 2886 3946 ingeritur.
2922 3879 2965 3931 A
3011 3881 3145 3935 facie
3185 3882 3324 3935 enim
3356 3884 3523 3951 ipsius

1994 3960 2217 4015 scientia
2252 3971 2306 4016 et
2338 3963 2661 4020 intellectus.
2699 3966 2790 4021 Sic
2822 3969 2868 4022 ei
2897 3970 2987 4037 qui
3012 3971 3243 4024 custodit
3271 3973 3522 4025 mandata

1993 4049 2109 4118 eius
2142 4050 2471 4107 intellectum
2496 4055 2680 4109 tribuit
2704 4056 2860 4111 Deus.
2895 4056 2968 4111 De
3005 4060 3219 4114 renibus
3243 4069 3417 4114 autem
3441 4060 3520 4113 lo-

1991 4138 2212 4206 quitur,
2251 4141 2342 4209 qui
2377 4156 2481 4195 una
2531 4156 2652 4197 cum
2687 4144 2845 4198 corde
2892 4147 3236 4201 nominantur
3276 4148 3359 4201 his
3397 4162 3520 4200 ver-

1990 4227 2075 4281 bis
2093 4226 2176 4280 ":
2213 4245 2233 4279 ι
2266 4228 2524 4284 Scrutans
2570 4234 2729 4287 corda
2768 4242 2822 4287 et
2859 4250 3012 4290 renes
3049 4236 3205 4290 Deus.
3246 4254 3265 4286 ι
3302 4235 3363 4289 lli
3393 4249 3514 4290 cum

307 4334 492 4379 σεως,
535 4312 850 4365 παιδεύουσι
882 4312 971 4364 τὸν
1001 4312 1369 4379 ὲφιστάνοντα,
1420 4311 1533 4378 φῶς
1565 4313 1891 4382 παρέχοντες

2006 4315 2211 4381 perfecti
2240 4316 2439 4371 fuerint
2467 4318 2838 4391 intelligentia,
2859 4324 3112 4379 erudiunt
3138 4327 3518 4388 attendentem,

303 4405 615 4476 γνώσεως,
651 4401 808 4471 μέχρι
841 4401 971 4471 λυθῇ
995 4402 1092 4470 τῆς
1117 4400 1333 4468 ἀγνοίας
1360 4402 1391 4470 ἠ
1421 4399 1534 4465 νύξ.
1567 4402 1629 4453 Εἰ
1660 4402 1716 4454 δὲ
1746 4402 1893 4472 δηλοῖ

303 4494 417 4550 καὶ
458 4491 538 4545 τὰ
577 4489 848 4560 βαθύτερα
887 4489 991 4543 τῶν
1036 4487 1318 4559 νοημάτων
1362 4491 1395 4557 ἡ
1428 4487 1541 4552 νὺξ,
1580 4488 1711 4541 καθὸ
1739 4489 1891 4556 λόγος

302 4586 550 4656 εἴρηται
586 4579 859 4641 σκοτεινὸς
881 4578 910 4629 6
944 4578 1216 4648 μυστικὸς,
1248 4577 1493 4648 φανερὸν,
1527 4578 1608 4629 ὅτι
1634 4578 1737 4640 ἕως
1761 4578 1890 4631 ταύ-

298 4692 419 4745 της
452 4669 783 4726 παιδεύουσι
810 4668 907 4736 τῆς
934 4668 1123 4730 νυκτὸς
1167 4669 1216 4718 οί
1251 4667 1454 4737 νεφροὶ,
1496 4666 1564 4719 τὰ
1602 4667 1889 4737 ἁπόκρυφα

299 4765 411 4818 καὶ
448 4756 834 4827 αἰνιγματώδη
870 4755 1269 4825 σαφηνίζοντες.
1303 4756 1664 4826 Μετείληπται
1692 4756 1748 4808 δὲ
1780 4757 1885 4810 ἀπὸ

296 4852 423 4907 τῶν
460 4847 710 4916 νεφρῶν,
745 4847 802 4898 ὲν
833 4840 914 4907 οἷς
941 4845 1094 4911 γοναὶ
1122 4844 1216 4895 καὶ
1244 4845 1607 4914 σπερματικαὶ
1634 4845 1884 4914 δυνάμεις

296 4938 702 4996 συνίστανται,
765 4935 876 4994 τοῖς
925 4934 1256 5001 γεννητικοῖς
1305 4931 1628 5003 χορηγοῦσαι
1678 4933 1877 5002 πόροις.

292 5028 440 5081 Κάν
475 5025 550 5092 τῇ
583 5022 728 5089 ψυχῇ
754 5020 931 5071 τοίνυν
959 5017 1075 5068 ἐστὶ
1099 5018 1339 5087 νοήματά
1360 5036 1477 5072 τινα
1504 5022 1613 5082 τοῖς
1639 5020 1881 5089 σπέρμα-

292 5134 394 5170 σιν
429 5111 708 5176 ἀνάλογα,
754 5107 894 5162 κατά
939 5106 1007 5157 τὰ
1039 5106 1180 5158 ἔνδον
1202 5108 1509 5177 γεννήματα
1541 5112 1596 5161 ὲν
1651 5109 1879 5175 ἀγαθαῖς

365 5253 428 5286 ⁸⁸
457 5247 626 5304 Joan.
653 5259 848 5309 xxxnt,
876 5240 967 5295 54.
1045 5239 1090 5270 ⁸⁸
1121 5237 1253 5294 Joel.
1282 5257 1340 5307 ιι,
1370 5243 1457 5298 28.
1535 5243 1577 5274 "
1608 5241 1746 5298 Psal.
1770 5259 1865 5310 vu,
1894 5245 1979 5300 10.

378 5387 509 5455 (an)
538 5381 927 5455 Κληρονρμία
962 5377 1215 5455 satiat-eme,
1273 5389 1378 5455 sic.
1425 5384 1641 5439 Schedze
1674 5383 1878 5451 Grabii,

294 5445 629 5531 meum"?
651 5445 1381 5531 Βυτδξπιιξεειὲἒῖνίίθξί¹¹ξο
1450 5519 1484 5531 -
1558 5520 1604 5531 ..

380 5525 500 5599 (3i)
532 5513 607 5580 Et
626 5521 694 5576 τὸ
719 5513 1036 5584 σχοινίον,
1065 5518 1165 5565 etc.
1194 5514 1413 5573 Scbedze
1446 5519 1653 5587 Grabii,
1687 5520 1879 5577 Barba-

289 5614 413 5656 [U50

1990 4410 2042 4455 et
2070 4402 2245 4457 lumen
2284 4406 2520 4460 scientia
2553 4411 2824 4477 prmbent,
2863 4413 3033 4468 donec
3070 4415 3378 4483 ignorantiae
3414 4429 3520 4468 nox

1988 4490 2327 4547 dissolvatur.
2354 4493 2502 4560 Quod
2528 4496 2570 4550 si
2600 4512 2696 4566 per
2727 4510 2937 4555 noctem
2964 4503 3125 4555 etiam
3153 4502 3519 4571 profundiores

1988 4580 2336 4645 cogitationes
2361 4584 2740 4652 designantur,
2777 4603 2876 4656 qua
2917 4590 3305 4659 signiﬁcatione
3333 4591 3521 4660 mysti-

1986 4680 2079 4720 cus
2110 4682 2282 4723 sermo
2307 4682 2531 4725 vocatur
2569 4675 2852 4742 obscurus,
2893 4678 3057 4746 liquet
3091 4679 3154 4731 ad
3188 4679 3326 4733 hanc
3352 4692 3518 4746 usque

1986 4764 2193 4808 noctem
2222 4772 2376 4814 renes
2406 4762 2636 4830 erudire,
2670 4778 2791 4818 cum
2823 4766 3032 4820 occulta
3057 4775 3112 4820 et
3136 4767 3313 4820 abdita
3339 4766 3517 4821 decla-

1987 4851 2126 4895 rant.
2158 4843 2461 4913 Metaphora
2494 4861 2668 4906 autem
2701 4853 2859 4908 ducta
2890 4863 2972 4908 est
3007 4868 3035 4906 a
3070 4854 3284 4908 renibus
3320 4854 3515 4921 quibus

1981 4932 2179 4985 semina
2209 4945 2262 4988 et
2283 4937 2567 4994 seminales
2590 4942 2732 4997 vires
2757 4943 2957 5010 insunt,
2981 4958 3100 5013 quae
3126 4945 3264 4996 vasis
3286 4956 3514 5009 genera-

1983 5021 2109 5075 tioni
2152 5024 2292 5090 aptis
2332 5027 2652 5086 inserviunt.
2690 5032 2827 5086 Sunt
2877 5034 3037 5100 igitur
3065 5031 3221 5084 etiam
3252 5031 3302 5081 in
3336 5029 3514 5081 anima

1982 5126 2171 5168 sensus
2201 5118 2411 5184 quidam
2442 5121 2532 5190 qui
2567 5123 2857 5176 seminibus
2883 5122 3112 5190 quadam
3139 5117 3342 5172 ratione
3366 5130 3518 5169 com-

2183 5392 2373 5458 Οῦτως
2407 5392 2673 5462 ἐγενήθη,
2698 5399 2800 5462 etc.
2826 5387 3129 5441 Corderins.

2060 5445 2170 5528 (33')
2197 5445 2689 5529 Ebjo’rsi'rtc'rrir'
2718 5456 2953 5521 Κύριον,
3000 5463 3107 5508 clc.
3150 5445 3324 5503 Codex
3380 5445 3526 5518 Rue,

1983 5528 2265 5583 Barbarus.
