3958 6234
220 267 406 337 vti!

1249 277 1549 335 SELECTA
1581 277 1647 334 IN
1679 276 2012 336 PSALMOS.
2050 311 2117 322 —
2154 281 2347 336 PSAL.
2383 284 2521 341 XVI.

3356 294 3491 350 1222

238 392 467 452 ἰζνδον
494 393 663 462 ὄντας
700 400 816 470 (49)
843 402 905 454 οὺ
935 401 1345 472 περικυκλοῦσιν
1370 409 1418 459 οἱ
1442 406 1640 476 ἐχθροὶ,
1669 408 1727 459 οὐ
1751 411 1839 480 γὰι

1956 424 2090 470 ram.
2134 415 2236 463 etc.
2277 408 2382 463 Eos
2411 411 2500 477 qui
2535 411 2680 464 intus
2705 416 2847 474 sunt,
2883 423 2983 466 non
3026 414 3352 470 circumdant
3389 419 3489 473 inl-

245 488 555 550 δύενανται,
602 487 722 542 ἀλλ’
749 492 882 545 ὅταν
928 493 1122 546 ἔσωθεν
1153 493 1467 551 ἐκϐάλωσιν.
1498 497 1606 549 Καὶ
1653 496 1849 561 ἔθεντο,

174 576 175 579 “
256 578 476 648 φησὶν,
506 578 715 634 ἑαυτῶν
756 582 887 645 τοὺς
931 582 1233 652 ὀφθαλμοὺς
1261 587 1340 647 είς
1370 585 1429 637 τὸ
1470 585 1569 654 ἐμὲ
1612 585 1850 638 ἐκκλῖναι

254 668 376 720 ἀπ’
405 666 650 737 οὐρανοῦ
674 669 732 720 ἐν
756 671 823 738 τῇ
849 672 940 739 γῇ,
974 670 1242 723 τουτέστιν
1269 672 1327 724 ἐν
1343 674 1406 742 τῇ
1431 672 1547 743 ὕλῃ.
1590 673 1709 726 Ἐπὶ
1731 673 1853 742 βλά-

256 757 338 831 ϐῃ
376 756 450 810 δὲ
486 758 905 829 περικυκλοῦσιν
938 760 1192 812 ἀπολέσαι
1233 763 1279 813 οἱ
1310 760 1589 829 ζητοῦντες
1624 763 1682 815 τὸ
1719 764 1851 832 πρὸς

252 845 380 914 γῆν
410 848 559 916 ὀρᾷν
584 846 675 897 καὶ
698 848 923 899 σκοπεῖν
951 847 1082 915 μόνα
1109 847 1178 899 τά
1203 848 1524 917 πρόσκαιρα,
1554 851 1849 904 ἐκκλίνουσι

247 933 315 985 δὲ
379 932 841 1004 παρανομοῦντες
889 935 987 1004 τὴν
1033 935 1243 987 εὐθεῖαν
1293 936 1407 990 ὁδὸν
1432 938 1523 989 καὶ
1562 938 1635 1007 μὴ
1668 938 1849 1007 βουλό-

254 1037 466 1091 μενοι.
638 1092 643 1097 η

338 1109 475 1163 Τοῦ
510 1110 718 1164 αὐτοῦ.
755 1111 954 1164 Τοῦτον
973 1110 1255 1165 κυκλοῦσιν
1280 1115 1329 1166 οἱ
1374 1113 1617 1182 δαίμονες
1646 1113 1755 1184 (50)
1789 1115 1847 1169 ὃν

247 1198 614 1251 ἐκϐάλλουσι
641 1199 739 1268 τῆς
765 1199 981 1269 ἀρετῆςο
1016 1199 1093 1251 διὸ
1125 1200 1301 1263 καλῶς
1333 1201 1541 1267 λέγεται
1559 1202 1636 1252 τό·
1673 1220 1691 1253 ι
1727 1202 1846 1255 Ἐὰν

246 1287 506 1356 πνεῦμα
547 1288 644 1340 τοῦ
692 1287 1086 1351 ἐξουσιάζοντος
1116 1288 1283 1358 ἀναϐῇ
1315 1289 1407 1340 ἐπὶ
1448 1288 1527 1352 σὲ,
1567 1290 1725 1343 τόπον
1753 1308 1844 1343 σου

251 1375 338 1445 μὴ
377 1377 563 1444 ἀφῇς·
607 1394 625 1427 ι
654 1376 747 1427 καὶ
778 1376 856 1427 τό·
893 1393 913 1425 ι
956 1376 1046 1445 Μὴ
1093 1374 1224 1427 δῶτε
1253 1377 1410 1429 τόπον
1435 1377 1512 1446 τῷ
1558 1376 1792 1447 πονηρῷ·
1820 1397 1838 1429 s

246 1464 403 1516 ὡσεὶ
457 1465 669 1531 ἔλεγεν·
729 1464 851 1516 Ἐἀν
897 1463 1107 1533 πνεῦμα
1141 1466 1389 1535 πορνείας
1413 1466 1578 1535 ἀναϐῇ
1616 1466 1708 1518 ἐπὶ
1764 1467 1840 1526 σὲ,

249 1550 648 1623 σωφροσύνην
676 1568 768 1603 σου
802 1551 874 1621 μὴ
906 1552 1064 1620 ἀφῇς
1093 1553 1185 1603 καλ⁸
1213 1552 1424 1621 πνεῦμα
1457 1552 1641 1620 μίσους
1672 1552 1839 1621 ἀναϐῇ

248 1641 354 1692 ἐπὶ
382 1642 475 1703 σὲ,
507 1641 734 1709 ἀγάπην
761 1657 851 1692 σου
877 1641 948 1709 μὴ
981 1642 1139 1710 ἀφῇς.
1162 1640 1307 1708 Πλὴν
1341 1642 1660 1710 προσεκτέον
1691 1641 1843 1692 πότε-

1952 494 2098 556 mici,
2132 509 2235 548 non
2261 497 2402 549 enim
2436 505 2676 565 possunt,
2702 496 2793 549 sed
2823 502 3034 565 quando
3070 513 3220 557 extra
3247 504 3484 572 ejiciunt.

1952 581 2019 635 Et
2041 592 2361 651 statuerunt,
2409 586 2602 654 inquit,
2633 584 2819 640 oculos
2847 601 2973 644 suos
3020 592 3072 644 in
3102 608 3186 647 me
3212 593 3485 651 declinare

1952 683 1981 721 a
2012 669 2149 723 caelo
2178 670 2229 723 in
2259 680 2471 737 terram,
2507 673 2608 726 hoc
2640 682 2723 726 est
2747 672 2797 726 in
2848 677 3146 731 materiam.
3183 680 3259 732 Ad
3288 696 3485 737 nocen-

1949 757 2071 808 dum
2101 765 2272 811 autem
2302 766 2355 811 et
2381 760 2703 827 perdendum
2735 761 3063 815 circumdant
3092 767 3182 832 qui
3215 768 3347 821 nihil
3379 769 3482 823 nisi

1952 851 2162 898 terrena
2206 854 2262 899 et
2309 854 2642 915 temporanea
2693 848 2868 903 videre
2911 860 3172 918 quaerunt,
3217 853 3483 910 declinant

1947 946 2075 987 vero
2122 934 2215 1000 qui
2265 943 2467 988 rectam
2518 935 2654 991 viam
2704 946 3031 1004 pervertunt,
3073 939 3231 993 etiam
3274 940 3479 1009 impru-

1948 1020 2157 1076 dentes.

2014 1109 2281 1178 Ejusdem.
2347 1113 2496 1168 Hune
2541 1115 2880 1169 circumdant
2933 1118 3199 1172 daemones
3241 1133 3399 1188 quem
3449 1135 3482 1175 e

1944 1198 2140 1252 virtute
2175 1201 2446 1269 dejiciunt.
2483 1204 2841 1268 Quamobrem
2895 1207 3111 1274 pulchre
3164 1210 3361 1264 dicitur
3382 1210 3427 1242 ⁸⁷
3461 1227 3476 1264 :

1953 1303 1973 1336 ι
2001 1284 2055 1339 Si
2085 1288 2303 1354 spiritus
2333 1299 2642 1356 potestatem
2673 1293 2921 1346 habentis
2967 1295 3271 1348 ascenderit
3320 1296 3371 1348 in
3402 1303 3477 1360 te,

1946 1374 2115 1428 locum
2170 1382 2314 1427 tuum
2369 1393 2437 1431 ne
2482 1379 2721 1434 deseras.
2762 1399 2780 1431 ι
2822 1379 2888 1433 Et
2934 1381 3061 1434 illud
3085 1382 3130 1414 ⁸⁸
3174 1397 3189 1436 :
3245 1401 3264 1433 ι
3305 1384 3479 1439 Nolite

1943 1464 2067 1517 dare
2091 1465 2260 1518 locum
2286 1464 2538 1531 maligno.
2563 1483 2582 1517 ι
2604 1467 2763 1531 Quasi
2789 1469 2984 1522 diceret
3007 1487 3021 1522 :
3049 1470 3103 1522 Si
3130 1471 3348 1538 spiritus
3372 1470 3480 1526 for-

1943 1549 2223 1605 uicationis
2246 1553 2542 1605 ascenderit
2564 1553 2617 1605 in
2643 1561 2711 1616 te,
2734 1554 3111 1609 continentiam
3137 1567 3279 1610 tuam
3300 1573 3368 1613 ne
3387 1560 3477 1613 de-

1943 1652 2108 1694 seras.
2131 1640 2196 1692 Et
2216 1641 2259 1694 s2
2285 1641 2499 1708 spiritus
2519 1643 2628 1695 odii
2654 1646 2955 1700 ascenderit
2984 1648 3035 1699 in
3069 1656 3138 1713 te,
3161 1647 3476 1703 charitatem

251 1744 356 1798 ρον
389 1729 425 1779 ὁ
458 1729 576 1780 ἀπὸ
609 1728 800 1782 πασῶν
828 1728 933 1780 τῶν
966 1728 1172 1798 ἀρετῶν
1205 1728 1445 1782 ἐκπεσὼν
1470 1729 1770 1792 κυκλοῦται,
1802 1731 1834 1800 ἢ

1942 1733 2080 1778 tuam
2113 1741 2179 1779 ne
2200 1729 2432 1781 deseras.
2449 1729 2705 1782 Cancrum
2729 1734 3164 1789 considerandum
3186 1745 3267 1788 est
3291 1752 3356 1789 an
3383 1736 3476 1805 qui

247 1816 372 1868 ἀπὸ
400 1815 653 1880 πολλῶν,
683 1816 715 1885 ἢ
746 1817 851 1870 ἀπὸ
888 1817 1032 1885 μιᾶς.
1057 1817 1166 1868 Καὶ¹
1192 1815 1283 1868 ἐὰν
1311 1817 1405 1885 μὲν
1426 1816 1840 1869 ἀντακολουθοῦ-

250 1919 346 1957 σιν
384 1903 665 1974 ἀλλήλαις
693 1906 748 1956 αἱ
772 1904 955 1957 κακίαι
983 1904 1164 1976 ὥσπερ
1187 1904 1275 1956 καὶ
1297 1904 1501 1975 ἀρεταὶ,
1535 1907 1562 1957 6
1593 1905 1698 1957 ἀπὸ
1715 1907 1839 1974 μιᾶς

246 1992 535 2046 ἐκπεσὼν
587 1994 790 2063 ἀρετῆς
832 1994 1135 2047 κυκλοῦται·
1186 1994 1279 2046 ἐὰν
1324 1993 1380 2045 δὲ
1411 1995 1483 2063 μὴ
1524 1994 1840 2048 ἀντακολου-

247 2082 462 2135 θοῦσιν
488 2082 754 2152 ἀλλήλαις
788 2085 842 2135 αί
875 2084 1079 2146 κακίαι,
1108 2084 1202 2152 οὐχ
1234 2085 1261 2134 6
1285 2083 1390 2135 ἀπὸ
1416 2085 1539 2152 μιᾶς
1565 2084 1841 2154 ἐκϐληθεὶς

248 2167 479 2236 ἀρετῆς
510 2166 828 2231 κυκλοῦται,
852 2168 963 2220 ἀλλ’
996 2171 1023 2221 6
1059 2170 1163 2221 ἀπὸ
1186 2168 1391 2223 πασῶν.
1428 2171 1497 2221 Ἢ
1525 2170 1665 2240 τάχα
1694 2167 1842 2243 ἧστι-

244 2256 348 2318 νός
370 2273 471 2318 τις
499 2256 704 2326 ἀρετῆς
737 2256 1008 2327 ἐκπίπτει,
1039 2258 1141 2310 ὑπὸ
1165 2258 1260 2327 τῆς
1287 2258 1658 2329 ἀντικειμένης
1670 2259 1835 2331 ταύτῃ

247 2346 476 2407 κακίας
511 2344 829 2398 κυκλοῦται.

336 2519 689 2573 ’Υπέλαϐόν
705 2537 781 2588 με
811 2519 951 2572 ὡσεὶ
973 2519 1127 2574 λέων
1143 2519 1368 2588 ἕτοιμος
1391 2523 1477 2586 είς
1500 2521 1706 2589 θήραν,
1740 2521 1835 2575 καὶ

245 2611 412 2665 ὡσεὶ
448 2610 732 2677 σκύμνος
756 2607 933 2661 οἰκῶν
966 2609 1036 2663 ἐν
1069 2609 1449 2677 ἀποκρύφοις,
1483 2627 1535 2662 κ.
1583 2629 1632 2663 τ.
1663 2611 1709 2666 ὲ.
1754 2612 1838 2665 Ἐν

246 2699 623 2771 ἀποκρύφοις
647 2699 756 2768 (51)
788 2698 896 2768 γὰρ
917 2700 1009 2752 καὶ
1037 2698 1387 2770 ἀπροοράτοις
1411 2701 1538 2769 ἡμῖν
1569 2698 1838 2753 ποιοῦνται

245 2787 355 2849 τὰς
386 2786 525 2842 καθ’
555 2787 589 2854 ἡ
598 2786 717 2854 μῶν
739 2785 956 2855 ἐνέδρας
974 2785 1047 2847 ὼς
1070 2785 1301 2855 σκύμνος
1322 2788 1372 2837 oi
1398 2786 1596 2856 ἐχθροί.

328 2873 460 2926 Τοῦ
516 2872 729 2926 αὐτοῦ.
787 2870 885 2924 Διά
941 2871 1032 2924 τοῦ
1078 2873 1378 2943 ἀκαθάρτου
1430 2873 1538 2944 (52)
1584 2873 1836 2945 λογισμοῦ

1941 1811 2008 1864 ab
2027 1813 2272 1867 omnibus
2300 1815 2583 1868 virtutibus
2607 1817 2817 1882 decidit,
2841 1820 3214 1885 circumdetur,
3234 1837 3298 1875 an
3323 1825 3409 1891 qui
3443 1839 3473 1877 a

1939 1900 2136 1964 multis,
2171 1916 2236 1954 an
2281 1902 2370 1969 qui
2399 1904 2465 1956 ab
2498 1919 2622 1956 una.
2678 1905 2735 1959 Si
2766 1921 2882 1961 sese
2911 1910 3135 1964 invicem
3180 1919 3475 1979 sequuntur

1939 1984 2177 2049 malitiae,
2201 1987 2641 2053 quemadmodum
2672 2000 2724 2043 et
2756 1992 2999 2059 virtutes,
3027 1996 3114 2063 qui
3150 1997 3216 2050 ab
3242 2011 3343 2051 una
3376 1999 3476 2051 vir-

1938 2077 2048 2124 tute
2077 2072 2290 2136 excidit,
2341 2067 2717 2129 circuindatur.
2778 2076 2834 2131 Si
2870 2090 3044 2133 autem
3078 2098 3199 2136 sese
3245 2084 3471 2138 invicem

1936 2172 2041 2211 non
2063 2169 2378 2228 sequuntur,
2407 2178 2510 2217 non
2540 2166 2629 2232 qui
2665 2167 2731 2219 ab
2753 2182 2855 2220 una
2884 2170 3079 2222 virtute
3109 2172 3328 2235 excidit,
3360 2175 3469 2225 cir-

1933 2248 2238 2314 cumdatur,
2276 2253 2365 2304 sed
2410 2254 2498 2320 qui
2530 2256 2597 2307 ab
2630 2256 2898 2309 omnibus.
2942 2259 3032 2311 Vel
3082 2259 3218 2314 forte
3261 2277 3290 2315 e
3332 2277 3470 2330 qua-

1935 2350 2141 2407 cunque
2180 2340 2389 2395 virtute-
2424 2345 2546 2411 quis
2579 2346 2797 2411 excidit,
2826 2349 2892 2401 ab
2921 2363 2980 2402 ea
3024 2366 3139 2418 qua:
3172 2352 3248 2405 illi
3281 2354 3469 2409 adver-

1934 2438 2105 2495 satur,
2137 2432 2337 2485 malitia
2365 2433 2744 2488 circumdatur.

2006 2516 2164 2572 Vsus.
2200 2519 2285 2574 l2.
2346 2520 2686 2589 Susceperunt
2733 2539 2813 2576 me
2859 2525 2988 2577 sicut
3029 2525 3106 2578 leo
3149 2535 3360 2593 paratus
3400 2528 3470 2581 ad

1932 2608 2163 2672 pradam
2192 2622 2211 2659 :
2239 2618 2284 2659 et
2306 2610 2439 2661 sicut
2471 2609 2673 2663 catulus
2704 2611 2865 2665 leonis
2898 2613 3134 2666 habitans
3174 2616 3228 2666 in
3260 2616 3468 2680 abditis,

1934 2703 2040 2750 etc.
2078 2695 2135 2749 In
2164 2695 2409 2751 obscuris
2439 2699 2585 2752 enim
2632 2708 2681 2753 et
2719 2700 2869 2755 nobis
2912 2702 3309 2770 inopinantibus
3335 2705 3466 2760 insi-

1933 2782 2151 2837 diantur
2182 2783 2383 2839 inimici
2418 2785 2557 2839 sicut
2579 2787 2787 2841 catulus
2812 2788 2997 2843 leonis.

2004 2871 2275 2939 Ejusdem.
2350 2872 2454 2927 Per
2503 2875 2805 2932 immundas
2853 2880 3201 2949 cogitationes
3245 2883 3470 2951 suscipit

246 2961 656 3031 ὑπολαμϐάνει
679 2960 770 3013 τὸν
783 2959 905 3013 νοῦν
927 2959 1078 3029 ήμῶν
1096 2963 1123 3013 6
1146 2961 1510 3030 ἀντικείμενος
1538 2963 1667 3031 ἡμῖν
1681 2962 1834 3016 λέων.

1942 2971 2172 3016 mentem
2208 2971 2445 3016 nostram
2492 2966 2829 3022 adversarius
2869 2977 3050 3023 noster
3093 2970 3194 3023 leo.
3246 2970 3467 3037 Abiecta

244 3053 326 3105 Τὸ
356 3050 600 3118 λογικὸν
636 3049 739 3117 τῆς
761 3049 972 3116 φύσεως
1007 3049 1400 3120 ἀπορρίψαντες
1424 3050 1587 3121 θηρία
1612 3052 1836 3121 μιμοῦν-

244 3158 342 3194 ται
378 3140 610 3211 στροφῆς
633 3137 914 3207 ἐφιέμενα,
945 3136 1039 3191 καλ⁵
1059 3137 1260 3207 ταύτην
1297 3142 1720 3208 περισκοποῦντα
1744 3144 1836 3196 καὶ

246 3230 542 3298 ἐξαπίνης
569 3227 847 3297 ὁρμῶντα.

337 3314 697 3379 Ἀνάστηθι,
719 3313 911 3379 Κύριε,
937 3314 1281 3380 πρόφθασον
1303 3313 1539 3379 αὐτοὺς,
1570 3316 1665 3367 καὶ
1691 3319 1837 3371 ὑπο-

247 3396 580 3460 σκέλισόν
604 3400 845 3465 αὐτοὺς
857 3400 1038 3467 ῥῦσαι
1058 3400 1169 3468 τὴν
1187 3401 1393 3469 ψυχήν
1412 3419 1529 3469 μου
1559 3403 1675 3455 ἀπὸ
1701 3406 1839 3459 ἀσε-

249 3492 440 3557 ϐοῦς,
497 3490 811 3557 ῥομφαίαν
871 3503 984 3541 σου
1041 3489 1156 3542 ἀπὸ
1208 3489 1432 3556 ἐχθρῶν
1490 3490 1598 3558 τῆς
1647 3495 1838 3560 χειρός

247 3596 409 3642 σου,
442 3595 504 3631 κ.
536 3594 590 3629 τ.
621 3578 671 3631 6.
702 3576 812 3646 Τὴν
838 3576 1106 3646 ῥομφαίαν
1132 3577 1239 3646 (55)
1267 3577 1359 3628 τοῦ
1388 3578 1519 3629 Θεοῦ
1543 3578 1651 3631 ἐσθ’
1675 3582 1761 3632 ὅτε
1790 3583 1837 3633 οἱ

249 3670 465 3741 ἐχθροὶ
502 3669 607 3739 τῆς
653 3667 835 3737 χειρὸς
869 3666 1030 3719 αὐτοῦ
1060 3666 1487 3736 ἀναλαμϐάνουσι
1513 3666 1631 3720 καθ’
1658 3670 1833 3737 ἡμῶν.

248 3761 499 3828 Ταύτην
528 3754 625 3811 οὖν
667 3755 927 3827 ῥυσθῆναι
965 3755 1060 3808 καὶ
1109 3755 1335 3825 ἀρθῆναι
1368 3755 1475 3808 ἀπὸ
1502 3756 1606 3809 τῶν
1634 3758 1838 3828 ἐχθρῶν

247 3847 497 3919 εὔχεται
527 3844 608 3914 τῷ
624 3843 762 3915 Θεῷ.

330 3933 464 3990 Τοῦ
495 3931 709 3985 αὐτοῦ.
748 3932 951 4000 Ὥσπερ
997 3929 1115 3982 Ἰὼϐ
1160 3929 1270 4000 (54)
1304 3930 1402 3999 τὴν
1444 3929 1721 4001 πλήξασαν
1753 3933 1839 3986 αὐ-

246 4026 351 4079 τὸν
391 4023 643 4090 δύναμιν
668 4022 824 4091 χεῖρα
848 4018 992 4085 λέγει
1031 4016 1184 4069 Θεοῦ*
1214 4034 1233 4067 ι
1271 4017 1361 4085 Μή
1399 4033 1464 4085 με
1493 4017 1779 4087 στροϐείτω
1813 4035 1832 4069 ι

247 4117 395 4186 γὰρ,
425 4112 624 4183 φησὶν,
670 4129 690 4160 ι
728 4111 762 4179 ἡ
796 4107 916 4178 χείρ
949 4124 1062 4160 σου·
1105 4127 1124 4158 s
1177 4105 1318 4158 οὕτω
1348 4107 1582 4169 καὶτοὺς
1618 4107 1837 4176 ἐχθροὺς

247 4198 357 4275 τεῆς
404 4200 771 4273 εὐεργετικῆς
802 4198 979 4268 χειρὸς
1018 4196 1108 4249 τοῦ
1135 4195 1285 4257 Θεοῦ,
1318 4197 1585 4265 ῥομφαίαν
1622 4198 1649 4249 6
1680 4196 1838 4250 Δαυῒδ

247 4292 431 4346 καλεῖ
451 4287 555 4342 τοῦ
580 4284 736 4337 Θεοῦ.
771 4283 1099 4354 Εὐεργετικὴ
1130 4282 1185 4334 δὲ
1214 4281 1331 4351 χεὶρ
1355 4284 1401 4333 oi
1428 4282 1569 4370 ἀγιοι
1599 4282 1831 4350 ἄγγελοι,
1867 4318 1907 4370 D

246 4380 323 4434 δι’
343 4371 431 4431 ὧν
461 4378 495 4429 ὁ
521 4374 659 4436 Θεὸς
699 4374 1000 4439 προνοεῖται
1030 4369 1122 4422 τοῦ
1160 4369 1379 4438 κόσμου,
1405 4364 1484 4431 οἷς
1514 4370 1835 4423 ἀντίκεινται

248 4468 554 4537 δαίμονες,
586 4463 635 4514 oi
671 4461 746 4531 μὴ
780 4459 1085 4529 βουλόμενοι
1118 4459 1291 4510 πάντα
1312 4457 1589 4526 ἄνθρωπον
1618 4460 1696 4519 εἰς
1721 4458 1837 4510 ἐπί-

258 4570 476 4623 γνωσιν
509 4549 768 4619 ἀληθείας
801 4547 990 4599 ἐλθεῖν.
1021 4546 1159 4615 Χεὶρ
1177 4544 1309 4598 Θεοῦ
1326 4548 1353 4598 6
1377 4546 1663 4615 μονογενὴς
1686 4545 1831 4609 Υἱός·

254 4643 529 4714 ῥομφαία
550 4641 611 4694 δὲ
642 4640 676 4708 ἡ
709 4639 879 4708 ἰσχὺς,
920 4638 953 4706 ἡ
994 4637 1233 4705 δύναμις,
1269 4638 1302 4705 ἡ
1336 4635 1566 4698 ἐξουσία.
1608 4635 1837 4705 Ἐκάστη

249 4735 417 4806 ψυχὴ
435 4730 627 4785 δικαία
647 4729 877 4780 ἕλκουσα
901 4728 1025 4787 τοὺς
1047 4725 1394 4795 ἁμαρτωλοὺς
1424 4724 1482 4787 ἐξ
1500 4725 1742 4788 ἀσεϐείας
1761 4728 1840 4787 είς

252 4822 616 4881 θεοσέϐειαν,
650 4816 890 4887 ῥομφαία
926 4815 1041 4865 ἐστὶ
1074 4814 1203 4866 Θεοῦ
1229 4813 1534 4883 ὴκονημένη
1564 4814 1702 4866 κατά
1728 4814 1833 4867 τῶν

255 4910 612 4980 πνευμάτων
640 4905 741 4974 τῆς
770 4904 1054 4973 πονηρίας.
1092 4902 1301 4971 Ταύτην
1335 4898 1426 4955 οῦν
1450 4902 1546 4969 τὴν
1570 4901 1835 4971 ῥομφαίαν

258 5016 363 5054 σου
399 5000 573 5070 ῥῦσαι
608 4997 716 5049 ἀπὸ
741 4994 952 5064 ἐχθρῶν
996 5007 1086 5042 σου
1115 4992 1219 5044 τῶν
1250 4991 1646 5060 ἀνθισταμένων
1669 4994 1732 5061 τῇ
1759 4994 1837 5053 εἰς

251 5089 357 5143 τὸν
388 5084 678 5153 Μονογενῆ
702 5084 903 5135 πίστει.

334 5247 388 5281 ετ
412 5244 598 5300 Eccle.
633 5258 688 5305 κ,
714 5240 768 5292 4.
842 5236 889 5268 ⁸⁸
916 5234 1108 5302 Ephes.
1130 5249 1205 5299 iv,
1226 5235 1316 5288 27.
1390 5235 1434 5266 "
1458 5232 1575 5287 Joh.
1600 5249 1675 5298 ιιι,
1699 5235 1784 5288 54.

334 5354 459 5427 (Ψ)
493 5350 706 5427 ’ἕνέον
731 5340 1459 5427 δντέὲἳῑξὲῖ-ίῖίὶί¹5κ,“9ῗὸ
1646 5407 1684 5427 ,.

336 5355 436 5427 (49
493 5354 706 5403 Ἕνδον
731 5354 934 5404 ὄντας.
962 5354 1066 5416 etc.
1098 5354 1276 5394 codex
1302 5354 1433 5393 ιιοθ.
1670 5407 1684 5423 ν

336 5354 459 5491 (5οζ
502 5418 725 5491 Tagum
757 5412 1089 5463 κυκλουσιν
1111 5410 1166 5461 ol
1195 5409 1485 5476 δαίμονες,
1510 5415 1614 5462 etc.
1645 5408 1827 5465 Lodex

257 5486 519 5549 Coit-dim,
550 5486 635 5538 10.

338 5541 452 5629 (Si)
482 5541 589 5607 V’Er
619 5541 1018 5608 ἀποκρύφοις,
1042 5548 1143 5595 elc.
1176 5544 1355 5600 Codex
1389 5543 1518 5596 Roe.

1936 3052 2162 3104 naturali
2210 3052 2418 3106 ratione
2468 3052 2615 3108 feras
2661 3056 2938 3110 imitantur
2968 3073 3084 3127 quae
3112 3058 3358 3113 alimenta
3395 3060 3467 3113 ita

1934 3149 2186 3209 appetunt
2234 3149 2292 3195 ut
2337 3143 2389 3195 in
2429 3157 2491 3197 ea
2526 3146 2691 3200 semel
2732 3156 3015 3215 conspecta
3063 3148 3238 3201 subito
3271 3150 3468 3217 impetu

1931 3229 2192 3283 ferantur.

2004 3317 2163 3371 Vnus.
2194 3318 2389 3381 15,“.
2447 3319 2699 3390 Exsurge,
2750 3321 2988 3387 Domine,
3032 3323 3256 3390 prteveni
3295 3338 3379 3376 eos
3419 3332 3467 3376 et
3570 3376 3577 3381 .

1934 3406 2205 3471 supplanta
2238 3420 2360 3468 eos;
2390 3409 2526 3475 eripe
2552 3408 2780 3459 animam
2829 3422 2993 3460 meant
3034 3410 3098 3461 ab
3131 3412 3303 3476 impio,
3356 3410 3469 3478 fra-

1935 3509 2099 3545 meam
2132 3502 2272 3547 tuam
2310 3498 2372 3550 ab
2411 3496 2634 3549 inimicis
2672 3511 2858 3547 manus
2907 3505 3029 3560 tuae,
3070 3507 3173 3551 etc.
3216 3498 3309 3550 Dei
3362 3498 3468 3551 fras

1936 3595 2103 3634 meam
2125 3583 2406 3651 aliquando
2430 3583 2626 3637 inimici
2641 3596 2828 3636 manus
2851 3582 2964 3650 eius
2990 3585 3467 3637 assumuntsdver-

1935 3685 2049 3724 sum
2077 3685 2194 3725 nos.
2232 3672 2276 3726 Α
2312 3673 2418 3727 Deo
2449 3672 2607 3740 igitur
2638 3671 2768 3739 petit
2806 3671 2944 3726 hanc
2975 3673 3042 3726 ab
3078 3671 3308 3726 inimicis
3330 3671 3465 3740 eripi

1934 3768 1988 3813 et
2014 3758 2233 3812 auferri.

2005 3933 2270 4002 Ejusdem.
2329 3932 2782 4000 Quemadmodum
2810 3932 2910 3987 Job
2942 3932 3049 3986 vim
3075 3933 3244 4002 ipsum
3282 3930 3462 3999 ﬂagel-

1935 4024 2128 4078 lantem
2165 4023 2254 4076 Dei
2300 4038 2511 4076 manum
2552 4023 2782 4091 appellat
2818 4041 2831 4075 :
2872 4041 2889 4073 ι
2925 4021 3037 4076 Νοη
3066 4036 3174 4087 me,
3201 4022 3372 4091 inquit
3392 4023 3461 4084 ⁸⁸,

1936 4119 2183 4180 torqueat
2209 4127 2393 4165 manus
2425 4121 2512 4163 tua
2532 4128 2548 4175 ;
2571 4129 2590 4162 s
2620 4111 2697 4164 sic
2719 4120 2774 4164 et
2810 4111 3052 4164 inimicos
3078 4110 3329 4164 beneﬁca:
3358 4124 3466 4162 ma-

1937 4215 2033 4254 nus
2057 4200 2170 4264 Dei,
2205 4199 2460 4253 frameam
2491 4200 2584 4252 Dei
2615 4211 2768 4253 vocat
2792 4200 2976 4253 David.
3014 4198 3259 4252 Benelica
3284 4206 3463 4252 autem

1937 4301 2124 4340 manus
2151 4287 2264 4351 Dei,
2291 4287 2459 4340 sancti
2489 4286 2661 4354 angeli
2692 4294 2836 4350 sunt,
2865 4300 2959 4353 per
2986 4300 3121 4354 quos
3151 4286 3287 4339 Deus
3320 4300 3467 4338 mun-

1935 4373 2002 4427 do
2034 4374 2295 4443 providet,
2332 4383 2386 4427 et
2430 4375 2626 4442 quibus
2658 4375 2924 4428 dmmones
2970 4375 3343 4438 adversantur,
3373 4373 3462 4440 qui

1937 4462 2125 4517 nolunt
2155 4477 2340 4516 omnes
2386 4464 2630 4518 homines
2663 4464 2730 4517 ad
2773 4462 3012 4517 veritatis
3046 4463 3289 4515 notitiam
3314 4475 3464 4515 acce-

1936 4552 2081 4606 dere.
2121 4550 2306 4606 Manus
2350 4551 2461 4614 Dei.
2513 4553 2819 4622 unigenitus
2864 4551 3030 4605 Filius
3078 4559 3187 4613 est;
3239 4549 3462 4612 framea,

1935 4640 2124 4704 virtus,
2167 4641 2249 4695 vis
2277 4649 2329 4694 et
2358 4649 2611 4709 potestas.
2667 4641 2926 4706 Qualibet
2968 4639 3141 4692 anima
3173 4637 3313 4704 iusta
3349 4651 3466 4702 qua:

1936 4739 2244 4798 peccatores
2291 4732 2456 4785 trahit
2498 4732 2564 4785 ab
2587 4731 2859 4799 impietate
2899 4729 2962 4781 ad
3009 4728 3278 4796 pietatem,
3305 4724 3467 4795 θοῇ

1934 4818 2133 4873 framea
2163 4819 2253 4872 Dei
2284 4829 2364 4873 est
2392 4826 2547 4872 acuta
2576 4827 2763 4872 contra
2793 4818 3011 4886 spiritus
3042 4814 3275 4868 malitiae.
3317 4812 3465 4863 Hane

1934 4905 2093 4974 igitur
2115 4905 2368 4960 frameam
2394 4913 2536 4959 tuam
2568 4907 2711 4973 eripe
2739 4905 2804 4959 ab
2831 4902 3058 4958 inimicis
3081 4900 3203 4961 tuis,
3226 4897 3314 4964 qui
3345 4895 3464 4948 lidei

1937 4995 1991 5047 in
2028 4992 2365 5064 Unigenitum
2394 4994 2764 5050 adversantur.

1995 5340 2108 5407 (5-2)
2135 5337 2233 5408 Διά
2252 5337 2355 5391 τοῦ
2383 5333 2730 5408 ἀκαθάρτου,
2754 5334 2857 5408 etc.
2880 5323 3055 5408 pedes
3075 5308 3477 5369 Coislinianus.

2005 5393 2114 5477 ἰδῖί)
2148 5407 2263 5472 Τὴν
2287 5393 2611 5477 ῥομξᾳὲατλι
2634 5393 3106 5477 θιείίὲίέἷίὲἒῖἷίέἓις

2150 5442 2869 5539 τέο-π’ἓὲμῧῶὲῖέιέίδοᾶὀχ
2895 5447 3245 5510 Coislinianus
3288 5442 3386 5510 ιο,
3428 5452 3493 5506 ες

1938 5544 2110 5599 Barba
2120 5558 2226 5596 rus.
