3958 6258
276 308 435 365 [29.3
1198 309 1497 363 SELECTA
1531 309 1594 362 IN
1634 308 1960 366 PSALMOS.
1998 342 2065 351 ——
2100 310 2291 368 PSAL
2325 308 2491 364 XVII.
3336 321 3467 376 1226

266 416 355 477 ὡς
385 420 575 486 τεῖχος
616 416 765 486 αὐτῷ
804 417 1085 486 γενόμενον
1113 434 1127 448 σ
1167 419 1396 489 ρύστην,
1431 421 1504 483 ὡς
1546 421 1632 472 ὑπ’
1676 421 1829 492 αύτοῦ

1903 436 2029 479 .rus
2067 426 2117 477 ei
2176 424 2369 491 fuerit;
2433 424 2807 493 liberatorem,
2862 439 2920 485 ut
2975 432 3041 486 ab
3097 431 3209 500 ipso
3262 435 3466 487 redem-

265 506 609 576 λυτρωθείς.

511 507 609 569 είς.
1936 519 2074 580 ptus.

352 597 478 648 Τοῦ
507 593 712 647 αὐτοῦ.
745 594 943 664 Βοηθδν
969 592 1086 649 εἷπε
1117 597 1223 666 (62)
1249 599 1337 651 τὸν
1358 599 1506 663 Θεδν,
1532 599 1605 663 ὼς
1628 602 1839 652 ἐπικου-

2004 598 2272 667 Ejusdeut.
2298 600 2604 669 Adjutorem
2644 605 2776 659 dixit
2823 608 3024 671 Deum,
3053 616 3234 677 utpote
3281 626 3308 662 a
3358 624 3462 679 quo

266 684 343 753 ρή
353 699 563 735 σαντα.

1937 687 2187 741 auxilium
2215 692 2494 758 acceperit.

349 771 477 823 Τοῦ
500 772 711 824 αὐτοῦ.
750 772 1182 844 ’Υπερασπιστὴν
1212 775 1311 846 ἔφη
1338 775 1445 846 (65)
1466 777 1554 829 τὸν
1586 776 1734 840 Θεὸν,
1763 775 1837 839 ὡς

2004 774 2274 845 Ejusdem.
2307 781 2669 835 Protectorem
2692 785 2828 836 dixit
2859 786 3048 850 Deum,
3084 800 3146 840 ac
3189 790 3231 840 si
3264 789 3463 843 diceret

260 858 607 927 πρόμαχον·
642 860 808 930 κέρας
838 862 1138 931 σωτηρίας,
1173 863 1248 925 ὡς
1283 864 1347 915 δι’
1380 866 1540 918 αὑτοῦ
1590 869 1712 929 τοὺς
1750 868 1823 934 ὲχ‹

1939 877 2419 933 propugnatorem;
2441 884 2607 924 cornu
2640 872 2860 935 salutis,
2895 883 2952 926 ut
2982 873 3130 940 cujus
3155 890 3255 943 ope
3285 878 3462 932 inimi-

260 945 447 1016 θροῦς
472 949 679 1018 τρόπον
722 951 843 1003 τινά
896 952 1200 1021 κερατίσας,
1240 955 1332 1005 καὶ
1362 958 1423 1024 τῇ
1474 955 1658 1008 τούτου
1702 973 1823 1027 προ·

1936 968 2028 1007 cos
2056 954 2442 1022 quodammodo
2467 972 2630 1012 cornu
2656 961 3007 1028 prostraverit
3029 999 3042 1025 ,
3068 971 3119 1016 et
3142 963 3255 1032 ejus
3285 966 3463 1032 provi-

264 1037 490 1109 μηθείς.
513 1038 820 1101 διασωθείς.
847 1041 1025 1110 Κέρας
1076 1044 1334 1112 σωτήριον
1380 1046 1472 1096 καὶ
1525 1046 1553 1095 ὁ
1584 1046 1827 1114 Χριστὸς,

1934 1043 2110 1096 tientia
2149 1044 2405 1099 liberatus
2458 1045 2635 1101 fuerit.
2678 1048 2850 1102 Cornu
2888 1051 3074 1105 salutis
3119 1061 3201 1106 est
3247 1062 3300 1108 et
3351 1056 3463 1122 ipse

259 1126 418 1179 κατά
445 1126 543 1179 τὸν
570 1129 842 1198 Ζαχαρίαν
863 1129 1102 1196 λέγοντα·
1134 1149 1151 1181 ι
1193 1130 1300 1184 Καὶ
1323 1132 1505 1200 ἤγειρε
1538 1134 1701 1202 κέρας
1732 1151 1822 1186 σω-

1933 1128 2364 1197 Christus,juxta
2396 1133 2705 1188 Zachariam
2747 1136 3007 1192 dicentem
3035 1140 3109 1195 “:
3156 1160 3174 1192 ι
3207 1140 3271 1195 Et
3289 1143 3461 1196 erexit

258 1212 479 1281 τηρίας
505 1215 662 1281 ἡμῖν.
695 1231 714 1264 ι
748 1215 928 1285 Κέρας
950 1216 1042 1267 καὶ
1078 1216 1110 1284 ἡ
1165 1216 1431 1285 βασιλεία,
1468 1220 1540 1282 ὠς
1571 1220 1648 1281 τό,
1709 1236 1728 1270 ι
1750 1221 1821 1272 ’Υι

1932 1227 2097 1266 cornu
2142 1216 2332 1270 salutis
2380 1219 2552 1274 nobis.
2587 1239 2606 1272 ι
2676 1222 2850 1276 Cornu
2909 1234 2990 1278 est
3013 1227 3173 1280 etiam
3215 1243 3458 1296 regnum,

258 1299 451 1368 ψὼσει
484 1302 659 1373 κέρας
689 1303 921 1373 Χριστοῦ
962 1304 1142 1358 αὐτοῦ.
1176 1324 1194 1355 ι

1927 1300 2076 1368 juxta
2111 1303 2238 1357 illud
2258 1306 2340 1360 ⁶²;
2382 1325 2402 1358 ι
2435 1307 2754 1365 Sublimabit
2783 1326 2950 1366 cornu
2983 1314 3178 1368 Christi
3206 1317 3310 1371 sui.
3347 1336 3365 1366 ι

323 1388 542 1442 Αινῶν
571 1389 1003 1458 ἐπικαλέσομαι
1025 1393 1253 1456 Κύριον,
1276 1392 1371 1444 καὶ
1392 1392 1458 1444 ἐκ
1483 1393 1596 1445 τῶν
1612 1393 1835 1460 ἐχθρῶν

1985 1388 2144 1443 Vens.
2165 1391 2220 1444 4.
2241 1391 2485 1448 Laudem
2504 1396 2748 1452 invocabo
2764 1399 3055 1468 Dominum,
3077 1413 3126 1455 et
3151 1407 3213 1457 ab
3235 1407 3457 1460 inimicis

252 1494 384 1545 μου
418 1478 801 1546 σωθήσομαι,
832 1494 885 1531 κ.
909 1495 959 1534 τ.
992 1481 1039 1532 ὲ.
1080 1478 1136 1531 Ὁ
1168 1480 1300 1548 μετά
1357 1480 1448 1533 τοῦ
1510 1483 1693 1551 ὑμνεῖν
1722 1482 1815 1552 (64,

1934 1478 2059 1530 meis
2080 1479 2253 1535 salvus
2274 1497 2382 1547 ero,
2405 1493 2510 1537 etc.
2544 1485 2780 1550 Quicum
2807 1490 3017 1558 hymnis
3043 1504 3311 1559 precatur,
3343 1496 3456 1548 latt-

261 1567 604 1636 εὐχόμενος,
632 1567 797 1619 αἰνῶν
821 1568 1151 1621 ἐπικαλεῖται
1185 1569 1274 1620 τὸν
1303 1568 1512 1640 Κύριον.
1550 1570 1734 1634 Οὐδεὶς
1775 1571 1824 1624 δὲ

1930 1563 2061 1617 dans
2095 1565 2303 1621 invocat
2339 1568 2638 1625 Dominum.
2673 1572 2860 1629 Nullus
2888 1587 3066 1632 autem
3090 1581 3180 1647 qui
3214 1596 3306 1644 ea,
3339 1597 3457 1650 qua:

259 1655 453 1719 οὕτως
509 1657 735 1727 εὕχεται
771 1660 882 1721 τοῖς
938 1660 1283 1727 συμϐαίνουσι
1327 1661 1822 1731 δυσαρεστούμενος.

1891 1721 1901 1738 ι
1931 1653 2200 1720 accidunt,
2223 1670 2361 1725 agre
2381 1658 2503 1724 fert,
2535 1661 2611 1715 sic
2629 1672 2895 1729 precatur.
2923 1666 3053 1720 Cum
3077 1682 3203 1738 ergo
3222 1669 3454 1725 circum-

259 1746 380 1799 Καὶ
430 1718 559 1799 τῶν
579 1718 835 1817 ’.ἐχθρῶν
862 1718 984 1800 *οὖν
1006 1718 1476 1818 ’περιεστηκότωνξ
1516 1718 1684 1812 οὕτως
1742 1752 1831 1803 εὐ-
1862 1718 1903 1773 Β
1932 1739 2057 1794 dam
2088 1741 2307 1809 ίηίίηίοίν
2334 1745 2407 1799 ita
2436 1753 2755 1815 ρι’θωιιᾱυιιι
2782 1761 2881 1805 esl.

261 1833 450 1888 κτέον.

335 1906 689 1989 Περιέσχοκ
706 1938 783 1989 με
833 1922 1035 1989 ὠδῖνες
1073 1924 1325 1978 θανάτου
1349 1963 1364 1987 ,
1402 1925 1499 1977 καὶ
1537 1927 1831 1994 χείμαρῤοι

2001 1907 2157 1967 Vens.
2189 1911 2244 1975 5,
2269 1911 2320 1967 6.
2353 1913 2808 1973 Circrtmdederuut
2832 1937 2910 1977 me
2935 1924 3133 1978 dolores
3161 1930 3366 1993 mortis,
3408 1942 3456 1983 et

257 2013 535 2081 ἀνομίας
594 2011 959 2079 ἐξετάραξάν
999 2029 1094 2081 με.
1132 2013 1348 2078 Ὡδῖνες
1391 2014 1534 2079 ᾅδου
1572 2017 1820 2082 περιεκύ-

1933 2004 2180 2052 torrentes
2206 2000 2494 2067 iniquitatis
2523 2008 2945 2064 conturbauerunt
2992 2029 3090 2071 me.
3127 2015 3339 2070 Dolores
3374 2023 3455 2072 iu-

259 2101 531 2155 xJwa’r
569 2118 652 2169 με
670 2117 685 2131 ο
734 2101 1118 2169 προέφθίισάν
1147 2119 1223 2171 με
1268 2103 1511 2172 παγιδες
1556 2104 1822 2167 θανάτου,

1931 2086 2065 2152 [erui
2099 2088 2539 2144 circumdederunt
2580 2109 2689 2158 me;
2739 2113 3211 2167 prworcupaverum
3258 2122 3335 2157 me
3370 2110 3453 2158 la-

257 2207 310 2242 κ.
330 2208 389 2244 τ.
417 2191 445 2243 ὲ
489 2191 553 2241 '0
578 2189 812 2260 Χριστὸς
834 2189 962 2258 (65),
979 2190 1157 2253 καθὼς
1178 2190 1473 2259 ἄνθρωπος,
1497 2190 1626 2259 φησὶ
1640 2189 1820 2243 ταῦτα.

1928 2176 2043 2244 quoi
2065 2177 2262 2239 mortis,
2295 2187 2399 2235 etc.
2433 2179 2699 2248 Christus,
2731 2196 2990 2252 quatenus
3020 2191 3177 2246 homo
3210 2204 3312 2260 est,
3340 2196 3454 2250 [nec

256 2278 458 2349 Τούτῳ
487 2278 606 2349 γὰρ
630 2281 659 2331 ὁ
682 2278 909 2342 θάνατος
956 2280 1147 2343 ὠδῖνας
1172 2279 1343 2341 ἔτεκε,
1384 2278 1475 2330 καὶ
1520 2280 1568 2331 οἱ
1604 2279 1819 2344 ἀνομίας

1931 2263 2076 2317 dicit.
2110 2263 2243 2319 Huic
2265 2267 2405 2323 enim
2437 2283 2581 2323 mors
2608 2272 2816 2327 dolores
2849 2278 3074 2345 peperit,
3104 2292 3157 2333 et
3188 2291 3451 2337 torrentes

254 2368 574 2439 χείμαρροι
601 2368 927 2438 ὲξετάραξαν
954 2369 1133 2431 αὑτὸν,
1170 2369 1256 2421 ὅτε
1294 2365 1442 2421 εἶπεν
1467 2385 1481 2399 ·
1518 2387 1537 2419 ι
1581 2371 1643 2420 Ἢ
1684 2367 1817 2437 ψυχή

1930 2350 2230 2420 iniquitatis
2259 2355 2429 2423 ipsum
2458 2362 3187 2435 conturbaverunt,-quando
3217 2372 3348 2425 dixit
3372 2374 3447 2404 ⁵³·

258 2475 364 2529 μου
403 2457 772 2527 τετάρακταιο
799 2477 816 2508 ι
845 2458 905 2510 οὐ
938 2460 1041 2528 μὴν
1063 2457 1320 2527 κατέσχον
1342 2457 1546 2512 τοῦτον.
1572 2459 1679 2512 Καὶ
1704 2458 1821 2511 ὠδῖ-

1934 2457 1953 2491 ι
1985 2441 2173 2498 Anima
2203 2460 2319 2499 mea
2349 2448 2555 2502 turbata
2580 2459 2695 2516 est;
2727 2470 2744 2502 ι
2777 2456 2867 2508 sed
2889 2455 3056 2522 ipsum
3081 2472 3182 2510 non
3210 2472 3453 2527 compre-

255 2528 348 2610 νες
364 2547 506 2617 ᾅδου
538 2545 1005 2615 περιεκύκλωσαν,
1027 2545 1293 2614 οἰηθέντες
1311 2546 1468 2600 αὐτὸν
1486 2546 1818 2611 καταλαϐεῖν,

1888 2536 1890 2545 '
1931 2528 2248 2586 henderunt.
2288 2533 2353 2586 Et
2395 2535 2602 2593 dolores
2648 2540 2838 2595 inferni
2882 2544 3050 2612 ipsum
3088 2549 3451 2607 circumdede-

254 2638 318 2690 οὐ
358 2638 475 2707 μὴν
508 2636 631 2698 υἱὸς
652 2634 781 2705 ᾇδου
810 2633 1021 2701 ἐγένετό
1054 2649 1207 2686 ποτε.
1262 2633 1596 2704 Προέφθανον
1638 2634 1694 2687 δὲ
1730 2633 1817 2686 αὐ-

1926 2628 2081 2685 runt,
2118 2629 2363 2688 putantes
2405 2624 2575 2693 ipsum
2607 2632 3035 2699 apprehendere,
3081 2652 3262 2693 verum
3310 2657 3449 2697 nun-

254 2728 371 2790 τὸν,
393 2728 579 2796 ἦγουν
600 2725 840 2795 προῆγον
861 2762 876 2787 ,
911 2724 1003 2776 καὶ
1030 2723 1087 2776 ai
1129 2722 1262 2793 πρὸς
1294 2722 1515 2778 θάνατον
1548 2723 1817 2793 ἁμαρτίαι,

1926 2720 2084 2774 quam
2114 2708 2254 2763 ﬁlius
2282 2711 2475 2767 inferni
2509 2717 2730 2770 exstitit.
2778 2716 3307 2792 Prmoccupaverunt,
3337 2729 3452 2784 sive

253 2813 519 2866 τουτέστι
554 2810 781 2878 παγίδες
800 2824 813 2839 ·
857 2809 968 2862 ἀλλ’
999 2808 1156 2862 αὐτὸν
1189 2809 1285 2878 οὐχ
1339 2809 1593 2865 ἑάλωσαν.
1623 2808 1816 2864 Οὐκοῦι

1927 2806 2298 2862 praevenerunt
2331 2800 2492 2853 etiam
2526 2802 2698 2869 ipsum
2736 2815 2959 2873 peccata
2999 2824 3114 2877 quae
3151 2813 3350 2867 ducunt
3385 2819 3450 2871 ad

255 2901 614 2971 χειμάρρους
643 2896 868 2967 ἀνομίας
898 2898 1041 2967 ἐρεῖς
1081 2896 1149 2948 τά
1187 2896 1426 2967 ῥεύματα
1470 2897 1570 2967 τῆς
1610 2898 1818 2965 κακίας¹

1926 2890 2185 2949 mortem,
2220 2885 2273 2939 id
2321 2897 2401 2940 est
2459 2888 2661 2957 laquei;
2710 2894 2800 2945 sed
2844 2908 2965 2948 eum
3025 2912 3127 2949 non
3175 2913 3447 2967 ceperunt.

255 2991 352 3044 καὶ
390 2988 643 3042 θανάτου
678 2986 912 3053 παγίδας
929 2985 1029 3048 τὰς
1059 2985 1359 3057 πρακτικὰς
1392 2986 1679 3056 ἁμαρτίας.

1887 2971 2109 3075 {Itaque
2156 2984 2421 3033 torrentes
2467 2981 2761 3048 iniquitatis
2811 2994 2958 3040 recte
3012 2988 3213 3044 dixeris
3256 2992 3450 3048 ﬂuenta

1926 3063 2172 3129 malitias;
2201 3075 2255 3121 et
2285 3069 2473 3124 mortis
2503 3070 2738 3138 laqueos,
2777 3077 3008 3141 practica
3040 3088 3276 3146 peccata.

326 3165 448 3217 Τοῦ
491 3161 710 3216 αὐτοῦ.
751 3160 942 3223 ὀδῖνες
962 3160 1187 3213 Θανάτου
1225 3160 1354 3230 (66),
1379 3162 1495 3232 ἦτοι
1524 3164 1578 3215 αἱ
1610 3166 1698 3218 τὸν
1731 3167 1827 3219 θά-

1992 3152 2263 3222 Ejusdem.
2342 3159 2558 3215 Dolores
2594 3163 2783 3217 inferni
2815 3176 2967 3232 sunt,
2996 3170 3076 3221 vel
3110 3171 3199 3239 qui
3228 3182 3448 3228 mortem

250 3270 417 3307 νατον
445 3251 815 3321 τίκτουσαι,ἢ
850 3251 904 3303 αί
936 3249 1345 3319 συνειλημμέναι
1377 3252 1440 3304 ἐκ
1463 3251 1554 3304 τοῦ
1577 3252 1813 3318 Θανάτου,

1923 3244 2155 3309 pariunt,
2188 3245 2267 3299 vel
2296 3247 2385 3314 qui
2411 3252 2649 3317 concepti
2679 3260 2798 3305 sunt
2820 3267 2883 3305 ex
2919 3264 3116 3322 morte,
3146 3259 3331 3315 ultimo
3359 3265 3450 3330 qui

247 3342 402 3404 ὅστις
428 3340 672 3409 ἔσχατος
702 3338 891 3409 ἐχθρὸς
918 3336 1454 3407 καταργηθησόμενος
1482 3341 1583 3392 ὑπὸ
1616 3342 1810 3394 Παύλοι

1393 3354 1454 3401 νος
1482 3341 1583 3392 ὑπὸ
1616 3342 1824 3394 Παύλου
1923 3329 2246 3396 destruetur,
2284 3335 2517 3398 inimico,
2552 3348 2607 3391 ut
2639 3339 2713 3393 ait
2741 3338 2956 3395 Paulus.

250 3431 391 3501 κεκή
401 3446 636 3501 ρυκται.

325 3519 449 3572 Τοῦ
486 3517 707 3570 αὐτοῦ.
746 3516 1045 3586 Χείμαρροι
1086 3516 1307 3585 ἀνομίας
1350 3514 1456 3584 (67)
1484 3515 1533 3567 oi
1592 3519 1823 3588 παράνο-

1995 3503 2266 3574 Ejusdem.
2317 3508 2603 3565 Torrentes
2650 3512 2947 3581 iniquitatis
3002 3525 3126 3571 sunt
3189 3533 3450 3587 perversa:

247 3624 345 3677 μοι
374 3607 667 3676 λογισμοὶ,
706 3606 900 3668 οἵτινες
948 3605 1131 3666 ὠδῖνες
1180 3604 1459 3657 καλοῦνται
1496 3606 1810 3675 χρονίζοντες

1923 3592 2356 3652 ratiocinationes
2387 3613 2505 3667 quae
2530 3610 2787 3655 vocantur
2828 3603 3037 3660 dolores
3074 3607 3124 3659 in
3168 3609 3320 3664 nobis
3358 3613 3448 3666 diu

242 3696 306 3748 ὲν
332 3699 506 3767 ἡμῖν,
565 3696 662 3748 καὶ
693 3694 853 3748 πάλιν
893 3693 1115 3760 παγίδες
1148 3692 1492 3755 θανατοῦντες
1532 3696 1677 3763 ἡμᾶς
1738 3696 1805 3748 διὲ

1922 3695 2327 3750 permanentes,
2365 3688 2489 3741 item
2529 3690 2702 3759 laquei
2735 3693 2823 3760 qui
2858 3703 3081 3748 mortem
3129 3697 3281 3751 nobis
3313 3699 3450 3753 infe-

240 3785 351 3855 τῆς
391 3787 533 3839 κατ’
559 3784 837 3853 ἐνέργειαν
870 3781 1156 3853 ἁμαρτίας.

1922 3780 2048 3825 runt
2080 3787 2171 3839 per
2196 3785 2470 3842 peccatum
2500 3790 2617 3832 actu
2647 3782 3008 3835 commissum.

315 3876 442 3930 Καὶ
506 3875 582 3927 ἐν
636 3872 716 3938 τῷ
760 3872 1065 3927 θλίϐεσθαι
1101 3888 1177 3939 με
1234 3868 1684 3938 ἐπεκαλεσιῂιηγ
1722 3871 1824 3923 τὸν

1996 3859 2149 3914 Vens.
2168 3860 2219 3914 7.
2248 3861 2314 3914 In
2338 3863 2671 3918 tribulatione
2697 3881 2809 3918 mea
2830 3866 3057 3920 invocavi
3076 3867 3346 3924 Dominum
3364 3911 3381 3936 ,
3400 3883 3449 3926 et

239 3966 510 4033 Κύριον,
539 3961 642 4014 καὶ
679 3960 827 4028 πρὸς
856 3961 960 4013 τὸν
993 3961 1138 4013 Θεόν
1152 3976 1269 4027 μου
1293 3958 1598 4025 ἐκέκραξα.
1623 3961 1802 4011 Ἢκου

1921 3948 1989 4000 ad
2005 3948 2163 4000 Deum
2183 3965 2350 4002 meum
2371 3952 2607 4009 clamavi.
2626 3952 2690 4007 Et
2711 3956 2969 4008 exaudivit
2984 3957 3046 4009 de
3071 3959 3256 4020 templo
3271 3974 3448 4014 sancto

239 4070 365 4108 σεν
384 4055 466 4106 ἐκ
494 4050 653 4105 ναοῦ
677 4050 847 4118 ἁγίου
878 4048 1060 4102 αὑτοῦ
1091 4046 1199 4114 τῆς
1230 4045 1428 4114 φωνῆς
1463 4064 1599 4113 μου,
1637 4047 1730 4100 καὶ
1782 4056 1802 4100 τ

1920 4054 2013 4091 suo
2043 4054 2206 4090 vocem
2239 4056 2405 4092 meam
2430 4080 2445 4104 ,
2476 4051 2522 4094 et
2556 4044 2752 4096 clamor
2779 4060 2915 4097 meus
2950 4046 3004 4097 in
3030 4059 3301 4112 conspectu
3334 4051 3445 4117 ejus

238 4141 498 4212 κραυγή
525 4157 646 4209 μου
697 4137 948 4191 ἐνώπιον
988 4136 1169 4189 αὐτοῦ
1211 4135 1607 4188 εἰσελεύσεται
1634 4137 1719 4199 εὶς
1754 4152 1801 4186 τι

1921 4125 2150 4178 introibit
2177 4128 2232 4180 iu
2261 4145 2413 4182 aures
2436 4130 2547 4198 ejus
2571 4170 2585 4193 ,
2625 4141 2732 4186 etc.
2762 4134 2815 4185 lu
2861 4134 3052 4187 mediis
3088 4136 3447 4192 tribulationi-

232 4228 366 4287 ὦτα
395 4229 629 4292 αὐτοῦ,
660 4245 712 4281 κ.
737 4244 788 4281 τ.
815 4228 863 4280 ὲ.
902 4227 986 4277 Ἐν
1005 4225 1195 4294 μέσαις
1220 4227 1337 4286 ταῖς
1367 4222 1571 4290 θλίψεσι
1602 4223 1707 4293 (68)
1733 4242 1795 4276 κα

1923 4213 2040 4276 bus,
2073 4215 2240 4282 iisque
2266 4218 2608 4284 ferventibus,
2641 4219 3141 4289 cocinvocaudus
3169 4232 3251 4277 est
3270 4225 3449 4279 Domi-

232 4316 649 4389 ἀκμαζούσαις
701 4314 907 4378 αὑταῖς,
954 4311 1261 4380 ἐπικλητὲον
1306 4311 1394 4363 τὸν
1451 4311 1648 4381 Κύριον
1673 4352 1687 4375 ,
1728 4328 1795 4365 κα

1887 4313 1894 4355 t
1924 4317 2056 4369 nus,
2090 4314 2144 4357 et
2165 4304 2502 4360 clamandum
2535 4319 2618 4362 est
2650 4310 2713 4361 ad
2741 4311 2922 4363 Deum.
2991 4310 3081 4363 Sic
3113 4313 3255 4364 enim
3284 4326 3450 4367 exau-

232 4407 534 4479 κρακτέον
560 4403 700 4473 πρὸς
744 4401 896 4455 Θεόν.
931 4399 1083 4453 Οὕτω
1114 4400 1220 4469 γάρ
1258 4397 1413 4469 ⁴ἡμῶν
1468 4399 1795 4453 ἐπακούσετα

1918 4390 2030 4445 diet
2071 4392 2231 4445 verba
2263 4401 2443 4448 nostra
2487 4396 2553 4449 de
2605 4396 2801 4461 templo
2828 4410 2955 4460 suo,
3002 4405 3058 4450 et
3090 4398 3157 4452 ab
3186 4400 3448 4467 ejusmodi

229 4474 301 4549 ἐκ
324 4495 432 4549 τοῦ
471 4492 614 4547 ναοῦ
651 4489 814 4545 αὐτοῦ
854 4488 1049 4555 λόγων·
1090 4489 1182 4540 καὶ
1235 4487 1340 4540 ἀπὸ
1369 4486 1615 4554 τοιαύτης
1647 4486 1792 4540 διαθέ

1919 4474 2110 4532 affectu
2138 4480 2377 4546 profecta
2400 4483 2572 4537 oratio
2596 4492 2778 4538 nostra
2806 4498 2924 4537 cum
2951 4483 3144 4538 ﬁducia
3178 4486 3447 4554 ingredie-

231 4598 386 4646 σεως
407 4580 587 4651 ἡμῶν
625 4580 660 4649 ή
693 4576 825 4647 εὐχὴ
861 4576 997 4646 μετά
1021 4575 1322 4645 παρρησίας
1343 4574 1718 4640 εἰσελεύσεται,
1743 4577 1794 4627 ὡς

1918 4573 2028 4630 tur,
2061 4565 2203 4620 velut
2236 4566 2289 4621 in
2324 4567 2497 4622 locum
2539 4574 2834 4639 proprium,
2865 4571 2915 4624 in
2943 4586 3099 4627 aures
3124 4571 3258 4639 ejus.
3289 4574 3447 4630 Forte

228 4674 318 4735 είς
344 4673 568 4725 οἰκεῖον
583 4668 772 4732 τόπον,
802 4666 872 4719 τὰ
896 4666 1156 4734 λεγόμενα
1178 4659 1288 4715 ὦτα
1313 4662 1493 4715 αὑτοῦ.
1522 4665 1741 4732 Μήποτε
1760 4664 1789 4716 δ

1917 4653 2077 4706 etiam
2115 4664 2301 4708 contra
2353 4657 2596 4711 inimicos
2643 4674 2951 4724 armamur,
2993 4672 3116 4714 cum
3159 4661 3441 4716 Dominum

227 4761 335 4811 καὶ
359 4754 718 4823 ὁπλιζόμεθα
756 4752 894 4806 κατὰ
928 4753 1031 4804 τῶν
1055 4750 1259 4822 ἐχθρῶν
1287 4753 1342 4803 ὲν
1370 4748 1516 4819 αὐτῷ
1544 4750 1619 4820 τῷ
1651 4752 1790 4803 alvei

1062 4750 1259 4822 ἐχθρῶν
1287 4753 1342 4803 ὲν
1370 4748 1516 4819 αὐτῷ
1544 4750 1619 4820 τῷ
1651 4752 1815 4803 αενεῑν
1917 4741 2192 4799 laudamus
2219 4755 2273 4800 et
2298 4747 2625 4803 invocamus.

230 4848 335 4900 καί
365 4842 770 4899 ἐπικαλεῖσθαι
801 4838 1022 4911 Κύριον.

311 4935 444 4989 Τοῦ
491 4930 705 4986 αὐτοῦ.
740 4928 886 4989 Ναὸς
905 4926 1035 4978 Θεοῦ
1076 4925 1184 4994 (69)
1215 4928 1243 4979 ὁ
1274 4923 1533 4996 Χριστὸς,
1579 4921 1812 4993 Χριστοῦ

1987 4919 2258 4990 Ejusdem.
2304 4924 2581 4996 Templum
2638 4927 2728 4981 Dei
2769 4928 3036 4995 Christus,
3063 4929 3260 4984 Christi
3291 4944 3446 4994 vero,

228 5025 293 5077 δὲ
328 5026 391 5077 αἱ
431 5021 628 5092 νοεραὶ
649 5018 743 5070 καὶ
778 5016 927 5082 ἅγιαι
952 5012 1217 5084 δυνάμεις.
1256 5015 1345 5066 Διὸ
1384 5014 1475 5066 καὶ
1518 5015 1546 5065 ὁ
1589 5012 1791 5083 Χριστὸς

1918 5010 2183 5077 spiritales
2212 5021 2265 5066 et
2304 5024 2502 5069 sancta;
2532 5024 2837 5082 potestates.
2886 5018 3062 5084 Quare
3092 5027 3147 5073 et
3176 5031 3315 5071 nunc
3358 5019 3443 5068 di-

305 5135 354 5165 “
397 5133 547 5186 Luc.
585 5145 628 5193 ι,
672 5125 763 5179 69.
842 5123 887 5154 ⁶’
919 5121 959 5176 l.
997 5122 1124 5191 Reg.
1149 5138 1210 5187 ιι,
1253 5121 1339 5175 10.
1407 5119 1450 5151 ⁸³
1481 5118 1672 5173 Joann.
1699 5132 1794 5183 xu,
1822 5115 1910 5169 27.

307 5247 441 5315 (62)
472 5241 715 5315 Βοηθὸν
736 5234 891 5297 εἶπε.
913 5244 1031 5315 _etc._
1060 5237 1283 5291 Schedze
1296 5235 1520 5315 _Grabii.
1599 5302 1613 5315 _
1688 5303 1698 5315 ⁸

1978 5229 2089 5315 ςξΖ)
2119 5228 2426 5315 fateare“
2455 5227 3104 5315 ἀνομίαενέεειεεειεεξη
3126 5220 3414 5315 ῖςέτεξῑέεηε

331 5289 438 5379 έξῖ
472 5289 979 5383 τίὲέρᾀσπιςέῂν
1001 5289 1519 5383 egomﬁetcéiiitedetrr
1539 5302 1768 5356 schedze.

1908 5365 1945 5383 η
2129 5289 2454 5365 Ἐτίμὲἇαις
2496 5289 2621 5359 ταῖς
2675 5289 2936 5362 dﬂigi-em,
2989 5302 3090 5346 etc.
3137 5289 3446 5350 Corderius,

331 5365 432 5450 ἀεὶὶ
478 5380 533 5450 Ϊο
554 5365 713 5450 έιὲτά
745 5370 858 5450 τρῦ
886 5365 1450 5450 ὑμνεξνζςᾳιολιξοειθξ
1483 5369 1649 5450 ιιοεε.Δ
1680 5435 1716 5450 η

1534 5384 1716 5450 oe'-..
1905 5365 2220 5450 Baltabna\rln.vs.l
2293 5430 2431 5450 nu:
2488 5435 2566 5450 -.η
2643 5426 2818 5450 ρωιη..
2871 5423 3097 5450 ρλε.ιι..ς

480 5423 533 5498 ’ὃ
554 5423 986 5520 ᾗιᾶτῆςτιβίς.
1017 5423 1187 5496 Codd.
1205 5423 1581 5516 thiislinianus
1603 5446 1656 5490 et
1680 5435 1808 5491 Roe.

1911 5430 2455 5520 m(69‘)-1‘thzu‘icn9f?‘57:,
2484 5426 2832 5520 etcé‘goldei
2871 5423 3265 5480 Coisliniauus,
3294 5431 3447 5473 num.

227 5493 540 5572 (ἰοῖ-ῙΙᾞί-ἰιῖε
559 5493 762 5561 autem
789 5493 948 5573 liabet
973 5493 1221 5573 tanquam
1241 5493 1522 5573 anottytni.
1595 5570 1603 5573 _
1907 5493 1994 5563 1οξ
2019 5493 2459 5557 εόΙιειΙωῸιίὠὶἱ,
2487 5502 2540 5546 et
2562 5493 2852 5547 Barbarus.

305 5567 429 5653 (66)
481 5577 713 5634 Ὠδῖνες
742 5567 1024 5635 θανάτου,
1051 5567 1154 5628 etc.
1187 5567 1409 5630 Scltedaé
1448 5570 1654 5627 Grabii.

554 5666 853 5722 ΡΑΤιοι.
898 5658 1018 5721 (in.
1066 5664 1201 5723 XII.

3072 5638 3148 5697 39
