3958 6240
379 233 523 289 1229

1328 252 1630 312 SELECTA
1663 255 1732 312 IN
1762 256 2091 316 PSALMOS.
2122 288 2192 304 --
2212 261 2400 318 PSAL.
2430 264 2591 320 XVII.

3423 270 3557 325 1230

377 345 851 418 άνακαλῦπτεται,
880 356 1003 425 ἥτις
1051 359 1125 422 ὡς
1174 363 1305 432 πρὸς
1338 364 1429 417 τὸν
1459 367 1806 432 γινώσκοντα,
1836 367 1911 420 κα¹

2034 370 2262 426 cultatur
2285 372 2577 441 ignorantia
2601 388 2718 442 quae
2743 375 2811 429 ad
2831 384 3253 446 cognoscentem,
3280 392 3384 431 non
3413 379 3478 431 ad
3500 379 3556 453 id

371 436 443 490 οὺ
467 440 693 510 πρδςτδ
719 446 1113 515 γινωσκόμενον
1149 450 1378 517 λέγεται.
1419 455 1626 527 Σκηνὴν
1664 456 1718 508 δὲ
1767 455 1927 510 αὐτοῦ

368 527 485 600 τὴν
517 531 700 602 σάρκα
721 533 1022 604 ὠνόμασεν,
1046 541 1103 591 ὲν
1185 543 1412 612 Χριστὸς
1436 545 1717 608 ἐκαθέζετο
1734 563 1746 575 ·
1766 546 1845 598 ἔτι
1870 545 1927 598 δὲ

370 619 479 671 καὶ
508 620 575 671 τὸ
601 623 762 690 φάναι
801 624 1003 698 σκηνὴν
1029 628 1115 682 διὰ
1143 631 1203 683 τὸ
1235 633 1556 702 πρόσκαιρον
1599 636 1695 705 τῆς
1728 634 1930 704 σαρκώ-

370 707 548 772 ᾱεως.
603 728 623 761 ι
658 712 720 764 Εἰ
766 714 873 785 γὰρ
917 715 1252 784 ἐγνώκαμεν,
1304 724 1466 790 φησὶ,
1513 725 1738 793 Χριστὸν
1789 724 1926 777 κατὰ

368 794 591 866 σάρκα,
629 798 762 853 ἀλλὰ
783 801 875 853 νῦν
903 805 1083 859 οὐκέτι
1115 808 1463 879 γινώσκομεν.
1492 830 1510 861 ι
1546 814 1615 864 Ἢ
1645 812 1781 881 τάχα
1804 829 1928 883 σκη-

364 884 477 952 νὴν
505 886 574 938 τὸ
598 889 760 958 σῶμα
789 891 1035 961 ὠνόμασε
1070 895 1156 949 διὰ
1175 897 1271 965 τὴν
1297 897 1536 966 ἄμπελον
1577 901 1642 969 ἢν
1673 900 1731 966 ἐξ
1761 901 1925 968 Αίγύ-

364 986 519 1023 πτου
546 976 807 1046 μετῆρεν,
837 980 921 1032 ἶνα
945 982 1147 1055 φυλάξῃ
1174 985 1362 1055 αὐτὴν,
1404 987 1556 1059 ἄχρις
1584 982 1643 1042 οῦ
1681 991 1922 1062 πεπανθῇ

358 1061 394 1111 δ
421 1060 657 1131 βότρυς,
692 1066 784 1118 καὶ
826 1069 898 1138 μὴ
926 1069 1243 1141 λυμαίνηται
1275 1076 1440 1145 αὐτὴν
1485 1071 1548 1139 ὗς
1573 1079 1637 1131 ὲκ
1695 1060 1920 1149 δρυμοῦ.

361 1150 619 1205 Δύναται
638 1154 697 1206 δὲ
725 1157 922 1226 σκηνὴν
939 1157 1113 1225 λέγειν
1137 1165 1228 1215 καὶ
1274 1163 1369 1233 τὴν
1394 1168 1700 1237 σωματικὴν
1744 1169 1921 1235 φύσιν,

359 1239 425 1291 ἐν
524 1241 667 1306 Θεὸς
695 1245 784 1299 διά
822 1245 914 1298 τοῦ
934 1247 1105 1316 Λόγου
1131 1252 1338 1319 ὁρᾶται,
1379 1254 1431 1306 εἴ
1454 1271 1516 1320 γε
1568 1256 1630 1307 ἐκ
1659 1235 1925 1327 καλλονῆς

358 1330 700 1399 κτισμάτων
734 1338 763 1388 ὁ
794 1340 1162 1408 γενεσιουργδς
1207 1340 1500 1410 θεωρεῖται,
1551 1345 1644 1396 καὶ
1679 1347 1765 1399 διὰ
1813 1349 1920 1401 τῶν

359 1434 505 1490 ποι-η
511 1421 710 1491 μάτων
731 1425 848 1477 νοού
856 1443 1013 1493 μενος
1035 1430 1344 1498 καθορᾶται.

430 1591 560 1645 Καὶ
619 1592 1006 1657 ἐξαπέστειλε
1048 1598 1222 1666 βέλη,
1276 1601 1372 1653 καὶ
1412 1603 1766 1670 ἐσκόρπισεν
1811 1609 1917 1660 αὺ-

355 1681 516 1745 τούς
540 1697 556 1711 °
587 1682 690 1734 καὶ
722 1683 1028 1766 ᾀστραπὰς
1048 1686 1362 1753 ἐπλήθυνε,
1396 1691 1488 1743 καὶ
1520 1665 1919 1761 έυνετάραξεν
1948 1665 1988 1718 Β

354 1772 623 1836 αὐτούς.
639 1772 752 1825 Καὶ
778 1772 1063 1842 ὤφθησαν
1087 1778 1145 1827 al
1169 1779 1346 1845 πηγαὶ
1376 1777 1490 1831 τῶν
1536 1780 1781 1844 ὑδάτων,
1822 1783 1921 1837 και

352 1861 767 1928 «inmaan
808 1861 880 1914 τὰ
936 1864 1171 1929 θεμέλια
1222 1866 1331 1932 τῆς
1375 1869 1744 1937 οἰκουμένης’
1802 1874 1919 1927 ἀπὸ

350 1948 777 2017 ἐπιτιμήσεώς
801 1965 938 2014 σου,
965 1953 1156 2018 Κύριε,
1182 1954 1296 2007 ἀπὸ
1339 1956 1709 2024 ἕμπνεύσεως
1736 1962 1916 2013 πνεύ-

346 2052 556 2103 ματος
590 2036 779 2105 ὀργῆς
830 2053 966 2101 σου,
1022 2056 1076 2093 κ.
1116 2058 1164 2092 τ.
1192 2042 1239 2093 ἑ.
1298 2042 1427 2095 Ὄλα
1462 2045 1637 2097 ἐκεῖνα
1688 2047 1796 2116 (75)
1849 2047 1917 2101 τά

354 2124 681 2195 σκύθρωπα
706 2125 796 2177 διὰ
822 2125 976 2182 τοῦτο
1002 2127 1062 2179 τὸ
1093 2129 1340 2199 χρηστόν.
1372 2132 1621 2202 Ἐπιτιμᾷ
1657 2130 1746 2185 οὖν
1766 2172 1782 2196 ,
1822 2134 1917 2187 καὶ

349 2215 572 2283 ὲμπνεῖ
603 2212 820 2282 πνεῦμα
845 2215 1028 2284 ὀργῆς,
1070 2217 1154 2270 ἵνα
1185 2217 1414 2285 ὀφθῶσιν
1469 2222 1523 2272 αἱ
1587 2222 1751 2291 πηγαὶ
1811 2223 1916 2276 τῶν

350 2303 606 2367 ὑδάτων,
637 2302 734 2355 καὶ
772 2303 1182 2372 ἀνακαλυφθῶσι
1213 2306 1281 2358 τὰ
1334 2307 1553 2376 θεμέλια
1603 2311 1697 2380 τῆς
1740 2314 1917 2365 οἰκου-

351 2391 565 2460 μένης.
601 2391 667 2442 Εί
705 2390 905 2457 ἀγαθὸν
929 2391 988 2442 τὸ
1012 2391 1237 2461 ὀφθῆναι
1264 2397 1354 2448 καὶ
1394 2398 1762 2467 φανερωθῆναι
1815 2400 1913 2462 τὰς

348 2478 559 2548 πηγὰς
579 2477 691 2532 τῶν
714 2480 919 2533 ὑδάτων
955 2476 1028 2534 ὧν
1065 2484 1271 2551 ήγεῖται
1302 2485 1332 2537 δ
1362 2486 1546 2538 εἰπών·
1601 2507 1620 2538 ι
1654 2490 1779 2558 Ἐμὲ
1818 2491 1911 2558 ἐγ-

344 2568 696 2621 κατελίπετε
728 2570 906 2640 πηγὴν
938 2570 1124 2634 ὓδατος
1154 2572 1381 2637 ζῶντος·
1421 2594 1440 2627 ι
1489 2578 1686 2644 ἀγαθὸν
1731 2579 1788 2631 δὲ
1819 2580 1912 2632 καὶ

343 2658 420 2708 τὸ
455 2658 914 2729 ἀποκαλυφθῆναι
947 2661 1014 2713 τά
1046 2662 1265 2731 θεμέλια
1315 2663 1413 2732 τῆς
1457 2666 1791 2736 οἰκουμένης,
1825 2668 1911 2720 ἵνα

346 2744 621 2816 θεωρηθῇ
682 2747 716 2816 ἡ
743 2747 872 2813 ἁγία
900 2747 1082 2817 Τριὰς,
1115 2749 1232 2818 ἥτις
1262 2750 1481 2818 ἄρχεται
1518 2751 1622 2803 τῶν
1681 2754 1911 2822 κτισμά-

348 2849 490 2887 των*
530 2833 657 2896 πῶς
678 2834 751 2886 τὰ
778 2835 980 2889 τούτων
1006 2836 1275 2907 ποιητικὰ,
1305 2838 1406 2891 κᾶν
1445 2839 1732 2909 σκυθρωπὰ
1771 2839 1923 2913 εἶναι,

2032 461 2173 527 quod
2201 461 2536 530 cognoscitur
2557 463 2804 531 pertinet.
2837 463 3182 520 Tabernaculi
3201 467 3414 521 nomine
3436 482 3554 520 car-

2034 563 2153 601 nem
2183 549 2407 611 vocavit,
2440 550 2494 602 in
2519 565 2621 617 qua
2651 549 2896 606 Christus
2922 554 3155 608 sedebat.
3184 555 3443 608 Praeterea
3472 565 3556 609 ta-

2031 637 2372 691 bernaculum
2394 639 2585 693 dicitur
2605 649 2821 708 pr0pter
2839 643 3206 709 temporariam
3225 644 3340 713 ejus
3358 644 3412 697 in
3432 659 3552 698 car-

2030 740 2099 780 ne
2121 726 2583 794 dispensationem.
2615 747 2633 778 ι
2659 727 2769 781 Etsi
2800 729 3011 793 renim,
3031 730 3199 797 inquit
3217 733 3280 795 “,
3310 751 3328 782 ι
3357 746 3556 801 cogno-

2033 812 2202 868 vimus
2214 814 2480 869 Christum
2501 817 2790 874 secundum
2809 832 3042 880 carnem,
3059 819 3152 871 sed
3171 822 3432 887 nuncjam
3446 836 3553 875 non

2031 904 2290 959 novimus.
2322 924 2340 954 ι
2364 905 2459 960 Vel
2478 905 2611 960 forte
2630 907 3021 960 tabernaculum
3043 922 3233 975 corpus
3251 910 3549 976 appellavit,

2029 991 2098 1045 oh
2118 993 2324 1046 vineam
2348 1010 2506 1062 quam
2529 994 2595 1047 de
2623 995 2844 1064 rbigypto
2871 995 3137 1048 transtulit
3158 996 3222 1059 “,
3246 1005 3304 1048 ut
3326 997 3554 1050 custodi-

2028 1089 2110 1133 ret
2134 1081 2271 1133 illam
2296 1082 2466 1135 donec
2489 1082 2554 1134 ad
2578 1082 2932 1134 maturitatem
2968 1074 3267 1149 perveniret
3289 1096 3550 1148 racemus,

2028 1177 2081 1222 et
2103 1184 2170 1222 ne
2193 1170 2564 1222 exterminaret
2586 1183 2701 1222 eam
2726 1184 2851 1238 aper
2875 1170 2941 1222 de
2968 1170 3122 1226 silva.
3142 1170 3320 1222 Potest
3339 1185 3551 1239 quoque

2029 1258 2422 1311 tabernaculum
2471 1259 2646 1312 dicere
2692 1273 3000 1326 corpoream
3043 1267 3286 1311 naturam
3337 1259 3392 1311 in
3444 1274 3548 1327 qua

2024 1344 2164 1396 Deus
2192 1360 2286 1412 per
2310 1345 2534 1399 Verbum
2578 1346 2928 1413 conspicitur,
2962 1346 3217 1414 siquidem
3247 1362 3309 1400 ex
3338 1357 3550 1401 creatu-

2025 1446 2201 1484 rarum
2235 1434 2625 1500 putchritudine
2669 1442 2874 1487 creator
2917 1434 3237 1503 agnoscitur,
3268 1444 3322 1489 et
3352 1451 3448 1504 per
3484 1451 3547 1511 ea

2021 1534 2139 1589 quae
2166 1520 2303 1574 facta
2330 1530 2476 1585 sunt,
2499 1521 2797 1575 intellectus
2826 1522 3166 1588 conspicitur.

2088 1605 2245 1661 Vens.
2280 1608 2365 1673 15,
2405 1610 2486 1664 16.
2517 1611 2589 1664 Et
2630 1614 2765 1666 misit
2811 1617 3022 1685 sagittas
3049 1634 3169 1671 suos
3192 1656 3207 1683 ,
3236 1628 3283 1672 et
3315 1620 3532 1688 dissipa-

2014 1695 2081 1748 vit
2111 1712 2194 1750 eos
2216 1713 2235 1750 :
2259 1699 2469 1767 fulgura
2494 1703 2886 1773 multiplicauit,
2908 1719 2954 1762 et
2988 1712 3303 1765 conturbavit
3328 1730 3434 1770 eos.
3465 1714 3536 1767 Et

2015 1799 2362 1851 apparuerunt
2407 1789 2569 1855 {antes
2600 1807 2870 1861 aquarum,
2888 1806 2937 1850 et
2986 1800 3204 1853 revelata
3249 1812 3370 1855 sunt
3412 1804 3533 1870 fun-

2014 1872 2252 1925 damenta
2268 1875 2402 1928 orbis
2416 1886 2669 1931 terrarum
2687 1896 2705 1934 :
2722 1882 2784 1932 ab
2802 1882 3148 1950 increpatione
3165 1897 3281 1953 tua,
3300 1889 3534 1954 Domine.

2013 1960 2077 2010 ab
2123 1962 2457 2028 inspiratione
2510 1969 2718 2032 spiritus
2763 1971 2859 2023 ira
2908 1983 3038 2037 tute.
3074 1984 3180 2030 etc.
3209 1975 3397 2033 Omnia
3430 1981 3529 2034 ista

2016 2048 2270 2103 terribilia
2297 2062 2420 2106 sunt
2440 2056 2507 2108 ob
2531 2055 2692 2110 hocce
2721 2060 2935 2116 bonum.
2970 2061 3212 2131 Increpat
3246 2066 3403 2134 igitur
3423 2108 3440 2130 ,
3475 2076 3530 2120 et

2013 2136 2237 2204 inspirat
2275 2139 2368 2193 ira:
2409 2142 2684 2209 spiritum,
2724 2159 2780 2200 ut
2817 2159 3108 2217 appareant
3140 2152 3312 2207 t‘ontes
3358 2169 3525 2222 aqua-

2012 2240 2168 2292 rum,
2216 2230 2268 2280 et
2315 2231 2614 2286 revelentur
2662 2233 3005 2292 fundamenta
3053 2240 3201 2301 orbis
3243 2251 3526 2298 terrarum.

2012 2311 2068 2366 Si
2096 2313 2289 2368 bonum
2318 2325 2398 2372 est
2422 2333 2674 2386 apparere
2703 2331 2759 2375 et
2788 2323 3010 2378 revelari
3051 2325 3224 2382 fontes
3269 2344 3524 2397 aquarum

2010 2402 2203 2488 quibus
2244 2406 2491 2472 praesidet
2536 2409 2582 2462 is
2607 2410 2696 2478 qui
2726 2411 2957 2466 dixit":
3006 2432 3024 2466 ι
3058 2414 3140 2470 Me
3172 2418 3531 2488 dereliquistis

2009 2485 2206 2542 fontem
2254 2506 2403 2559 aqua:
2453 2494 2615 2561 vivae;
2658 2515 2677 2548 ι
2710 2497 3010 2570 bonumque
3052 2513 3134 2557 est
3171 2506 3330 2560 etiam
3355 2485 3532 2564 seve-

2010 2572 2106 2628 lari
2140 2575 2480 2634 fundamenta
2526 2585 2673 2639 orbis
2715 2596 3006 2653 terrarum,
3041 2600 3098 2644 ut
3134 2602 3316 2648 sancta
3348 2594 3528 2650 Trini-

2009 2672 2089 2718 tas
2115 2667 2504 2735 conspiciatur,
2540 2686 2657 2741 qua:
2685 2674 2909 2742 imperat
2944 2683 3242 2736 creaturis:
3266 2687 3530 2750 quomodo

2007 2751 2095 2805 illa
2123 2767 2239 2821 qua:
2267 2755 2378 2810 haec
2410 2757 2647 2826 faciunt,
2681 2766 2886 2818 tametsi
2918 2768 3191 2822 horribilia
3224 2771 3526 2840 videantur,

2009 2854 2262 2897 accusare
2306 2845 2452 2912 juste
2498 2850 2619 2916 quis
2667 2852 2870 2918 possit?
2913 2858 3256 2923 grandinem,
3289 2860 3527 2928 inquam,

345 2923 517 2992 δοκῇ,
556 2923 796 2990 εὐλόγως
851 2940 934 2986 τις
984 2925 1309 2989 αἱτιάσεται;
1342 2915 1438 2995 τὴν
1500 2927 1752 2995 χάλαζαν,
1814 2930 1907 2982 καὶ

2011 2943 2059 2989 et
2086 2939 2344 2993 carbones
2372 2915 2543 3008 ignis,
2578 2951 2632 2995 et
2667 2915 2969 3012 sagittas,et
2996 2948 3200 3014 fulgura
3226 2988 3243 3015 ,
3273 2958 3325 3004 et
3356 2952 3525 3008 incre-

346 3012 488 3073 τοὺς
513 3011 799 3082 ἄνθρακας
823 3011 1010 3082 πυρὸς,
1040 3012 1136 3065 καὶ
1157 3012 1223 3065 τὰ
1249 3013 1396 3085 βέλη,
1425 3016 1518 3067 καὶ
1556 3016 1657 3077 τὰς
1702 3018 1905 3088 ἀστρα-

2011 3027 2247 3091 pationes
2272 3028 2401 3094 Dei,
2435 3039 2490 3083 et
2534 3011 2936 3100 inspirationem
2981 3011 3197 3104 spiritus
3227 3011 3340 3094 ira;
3390 3043 3525 3109 ejus.

356 3104 494 3166 πὰς,
530 3104 631 3156 καὶ
662 3104 1003 3172 ἐπιτιμήσεις
1027 3102 1120 3153 τοῦ
1159 3103 1310 3166 Θεοῦ,
1349 3105 1442 3156 καὶ
1470 3105 1564 3175 τὴν
1616 3105 1904 3174 ἐμπνευσιν

350 3192 454 3245 τοῦ
480 3191 799 3260 πνεύματος
828 3190 926 3258 τῆς
953 3190 1119 3260 ὀργῆς
1139 3191 1473 3261 αὑτοῦ.“Αμα
1495 3195 1551 3247 δὲ
1572 3197 1744 3266 τήρει,
1764 3198 1843 3250 ὅτι
1869 3200 1902 3268 ή

352 3280 684 3348 ἐπιτίμησις
733 3277 993 3349 θεραπεία
1038 3279 1121 3341 τίς
1176 3281 1288 3333 ἐστι
1339 3280 1431 3333 τοῦ
1488 3284 1899 3354 ὲπιτιμιυμένου,

354 3367 834 3437 ὲπιπλησσομένου
867 3368 952 3420 ἵνα
986 3368 1254 3439 παύσηται
1283 3370 1514 3440 ἐνεργῶν
1571 3372 1638 3424 τὰ
1670 3374 1900 3443 χείρονα.

360 3456 523 3510 Ὅθεν
543 3456 784 3524 πυρετὸν
806 3454 1157 3525 καὶάνέμους
1198 3459 1287 3510 καὶ
1339 3458 1604 3512 θάλασσαν
1647 3462 1903 3532 ἐπιτιμώ-

358 3562 497 3615 μενα
534 3546 646 3598 ὑπὸ
681 3544 854 3614 Ἰησοῦ
882 3545 1110 3609 ἀκούων,
1131 3548 1236 3599 νόει
1260 3547 1419 3612 ἀξίως
1436 3550 1530 3619 τῆς
1571 3552 1736 3622 Ἰησοῦ
1766 3570 1899 3624 χρη-

353 3635 639 3706 στότητος.
667 3638 738 3687 Ἢ
768 3634 956 3698 οὕτως’
988 3637 1315 3706 Οἰκουμένην
1338 3641 1609 3711 συνίστησι
1643 3645 1898 3714 νοήματα,

344 3725 445 3777 καὶ
476 3723 658 3789 λόγοι,
689 3723 783 3774 καὶ
808 3722 1051 3792 πράξεις,
1077 3725 1563 3797 ἐποικοδομούμενα
1607 3733 1724 3792 ταῖς
1758 3732 1900 3797 ἕξεσι

333 3830 403 3865 τε
436 3814 541 3865 καὶ
571 3811 898 3864 διαθέσεσιν.
939 3813 1102 3864 Ὅταν
1130 3809 1240 3876 οὖν,
1271 3817 1562 3885 σκορπίδας
1593 3820 1716 3882 τοὺς
1762 3821 1898 3889 φαύ-

332 3901 470 3963 λους
503 3901 627 3962 τοῖς
653 3900 848 3969 βέλεσι,
882 3901 1178 3972 συνταράξῃ
1201 3905 1292 3955 καὶ
1316 3908 1430 3967 ταῖς
1451 3906 1764 3976 ἀστραπαῖς,
1793 3910 1899 3964 τῶν

331 3988 620 4060 κρυπτῶν
647 3987 755 4040 τῶν
791 3989 1086 4058 ἀνθρώπων
1114 3996 1519 4065 φανερουμένων
1537 4038 1555 4066 ,
1585 4001 1899 4066 φωτίζοντος

329 4077 434 4131 τοῦ
458 4075 609 4130 Θεοῦ
656 4075 726 4128 τὰ
749 4076 963 4146 κρυπτὰ
987 4078 1077 4131 τοῦ
1105 4081 1341 4144 σκότους,
1399 4087 1489 4137 καὶ
1541 4086 1758 4157 θεμέλια
1800 4090 1899 4159 τῆς

326 4167 683 4237 οἰκουμένης
708 4167 1057 4236 άνακαλύψει,
1081 4172 1204 4232 τοὺς
1248 4173 1455 4236 ἀσεϐεῖς
1492 4174 1575 4227 διὰ
1632 4178 1898 4233 κολάσεων

2008 3113 2173 3167 Simul
2197 3124 2371 3171 autem
2404 3118 2628 3173 observa
2657 3121 3064 3190 increpationem
3093 3141 3214 3182 esse
3245 3132 3528 3197 quamdam

2005 3203 2332 3256 curationem
2373 3203 2485 3271 ejus
2531 3208 2623 3275 qui
2660 3208 2994 3276 increpatur,
3031 3212 3159 3266 dum
3214 3216 3526 3287 increpatur

2005 3297 2112 3342 uta
2147 3292 2322 3358 pravis
2347 3293 2598 3360 operibus
2635 3296 2875 3352 desistat.
2913 3298 3064 3355 Unde
3100 3317 3221 3356 cum
3250 3304 3438 3360 febrim
3471 3315 3529 3362 et

2004 3387 2195 3433 ventos
2215 3388 2269 3433 et
2296 3394 2443 3446 mare
2476 3397 2506 3435 a
2527 3381 2649 3437 Iesu
2694 3385 2958 3453 increpari
2993 3390 3182 3456 audis,
3216 3393 3329 3448 haec
3378 3395 3527 3450 intel-

2005 3461 2107 3528 lige
2147 3470 2304 3528 prout
2356 3463 2482 3518 Jesu
2512 3465 2801 3523 bonitatem
2826 3472 2997 3525 decet.
3046 3474 3138 3529 Vel
3184 3477 3262 3531 sic
3290 3499 3302 3532 :
3330 3477 3525 3536 Orbem

2009 3554 2275 3600 terrarum
2324 3552 2653 3605 constituunt
2693 3555 3084 3625 cogitationes,
3130 3572 3184 3616 et
3224 3566 3419 3631 verba,
3470 3579 3527 3624 et

2003 3646 2167 3701 Opera
2205 3650 2323 3703 qua:
2351 3637 2619 3693 habitihns
2645 3651 2698 3694 et
2735 3641 3010 3699 atl‘ectibus
3054 3658 3519 3715 superstruuntur.

2002 3720 2224 3785 Quando
2260 3725 2418 3792 igitur
2448 3727 2786 3795 dissipaverit
2834 3733 3103 3801 improbos
3130 3740 3338 3808 sagittis
3361 3780 3377 3806 ,
3403 3757 3524 3799 eos-

2002 3823 2106 3876 que
2133 3814 2528 3868 conturbaverit
2573 3816 2817 3886 fulgetris
2841 3860 2855 3884 ,
2881 3824 3103 3879 occultis
3130 3826 3401 3882 hominum
3438 3847 3523 3900 pa-

2003 3895 2246 3963 tefactis,
2294 3900 2401 3953 Deo
2454 3901 2762 3957 abscondita
2813 3909 3147 3963 tenebrarum
3197 3895 3520 3982 illustrante,

1999 3983 2339 4041 fundamenta
2386 3988 2550 4059 608
2572 3991 2735 4047 etiam
2761 3996 2906 4049 orbis
2949 4007 3210 4053 terrarum
3245 4003 3522 4069 revelabit,

2001 4073 2190 4142 impios
2242 4077 2516 4145 suppliciis
2554 4080 2898 4149 increpando.
2950 4085 3310 4145 Fundamenta
3358 4094 3521 4150 etiam

1978 4163 2143 4217 'orbis
2168 4174 2291 4218 sunt
2321 4166 2558 4222 homines
2580 4168 2671 4223 Dei
2696 4180 2911 4238 propter
2936 4175 3257 4231 soliditatem
3273 4217 3289 4244 ,
3330 4181 3522 4248 quibus

325 4256 646 4327 ἐπιτιμῶν.
681 4255 914 4324 Θεμέλια
936 4257 991 4310 δὲ
1022 4260 1340 4331 οίκουμένης
1397 4265 1487 4314 καὶ
1536 4265 1722 4336 ἄνδρες
1767 4268 1895 4323 θεῖοι

2011 4254 2487 4320 superandiftcantur
2513 4259 2562 4311 hi
2595 4260 2684 4326 qui
2706 4262 2994 4316 secundum
3019 4265 3285 4320 Christum
3313 4270 3519 4325 vivunt.

324 4351 423 4404 διὰ
476 4349 549 4402 τὸ
597 4346 844 4409 εὔτονον,
895 4348 978 4414 ἐφ’
1030 4344 1110 4410 οἷς
1162 4350 1628 4420 ὲποικοδομοῦνται
1668 4359 1715 4408 oi
1757 4359 1895 4411 κατὰ

325 4436 584 4508 Χριστὸν
623 4434 1041 4503 πολιτευόμενοι.
1075 4438 1185 4489 Καὶ
1212 4429 1356 4489 οὗτοι
1400 4440 1456 4492 δὲ
1502 4442 1893 4499 ἀνακαλύπτον-

321 4544 444 4591 ται,
488 4525 868 4592 ἐπιτιμήσεως
894 4526 1176 4594 γινομένης
1198 4527 1337 4580 κατὰ
1362 4529 1467 4580 τῶν
1499 4535 1763 4603 πονηρῶν,
1794 4553 1893 4607 μη-

320 4615 529 4685 δαμῶς
558 4612 872 4681 ἁπτομένης
906 4613 1079 4665 αὐτῶν
1105 4615 1202 4683 τῆς
1227 4616 1509 4679 κολάσεως.
1536 4622 1611 4672 οὐ
1630 4625 1892 4694 παραυτί-

319 4722 404 4757 κα
429 4704 493 4756 δὲ
532 4702 753 4763 κολάζει
789 4703 818 4753 δ
858 4701 989 4763 Θεὸς
1018 4705 1140 4764 τοὺς
1195 4704 1626 4774 ἁμαρτάνοντας,
1662 4729 1893 4781 προανα.

322 4795 512 4862 φωνεῖ
541 4791 603 4843 δὲ
628 4791 728 4859 τῆς
751 4790 919 4859 ὀργῆς
946 4791 1043 4853 τὰς
1073 4793 1337 4856 κολάσεις,
1371 4795 1461 4846 καὶ
1493 4797 1649 4851 τοῦτό
1688 4803 1801 4856 ἐστι
1834 4807 1893 4856 τὸ

321 4880 601 4953 ἐμπνέειν
623 4879 785 4933 αὐτὸν
818 4880 1027 4949 πνεῦμα
1056 4881 1154 4950 τῆς
1185 4883 1354 4952 ὀργῆς
1384 4884 1565 4940 αὐτοῦ.

406 4968 527 5024 Τοῦ
551 4967 763 5021 αὐτοῦ.
811 4969 937 5020 Ὅτε
961 4970 1027 5023 τὰ
1066 4969 1401 5039 πνευματικά
1431 4971 1540 5041 (76)
1602 4992 1891 5048 πνευματι-

320 5064 448 5122 κοῖς
486 5058 874 5128 συγκρίνομεν,
895 5059 1013 5111 τότε
1041 5060 1296 5127 ποιοῦμεν
1326 5057 1421 5119 τὰς
1444 5061 1755 5131 ἀστραπὰς,
1793 5068 1889 5140 τὴν

321 5153 423 5205 ἀπ’
444 5149 636 5203 αὐτῶν
668 5150 865 5217 γνῶσιν
902 5149 1263 5220 ἐμφαίνοντες.
1320 5149 1546 5218 Νοήσεις
1600 5155 1889 5226 ἀστραπὰς

399 5309 449 5340 ιι
470 5306 517 5359 ιι
574 5305 694 5359 σον,
725 5320 775 5368 ν,
806 5305 891 5358 16.
966 5306 1006 5337 ⁸⁸
1027 5305 1319 5364 Ρείιικιι,
1353 5303 1399 5357 9.
1448 5307 1489 5339 ⁷ο
1513 5306 1735 5364 Jerem.
1763 5328 1825 5379 tt,
1862 5319 1950 5375 l5.

394 5452 517 5517 (75)
553 5430 701 5501 "0.1a
723 5443 935 5517 ἐκεῖνα,
961 5451 1054 5495 etc.
1075 5439 1379 5517 Gorderius.

1997 4341 2133 4406 Quin
2158 4353 2211 4397 et
2235 4344 2287 4396 hi
2319 4346 2649 4413 revelantur,
2685 4349 2877 4418 quippe
2904 4366 3039 4419 quos
3064 4368 3221 4423 plena
3243 4372 3363 4411 .non
3401 4369 3521 4414 tan-

1995 4427 2070 4494 git
2098 4428 2221 4481 dum
2264 4430 2329 4483 de
2372 4432 2626 4499 improbis
2673 4435 2930 4503 supplicia
2971 4451 3276 4498 sumuntur.
3323 4442 3520 4498 Verum

1993 4530 2096 4569 non
2133 4518 2311 4572 statim
2333 4520 2477 4575 Deus
2496 4527 2645 4590 punit
2664 4537 2998 4594 peccatores,
3033 4532 3127 4585 sed
3155 4546 3365 4602 pmnam
3398 4546 3520 4592 ante

1992 4605 2123 4658 iram
2150 4606 2459 4676 denuntiat,
2489 4621 2544 4666 et
2563 4613 2664 4666 hoc
2684 4623 2763 4668 est
2786 4615 2957 4684 ipsum
2987 4618 3249 4688 inspirare
3274 4624 3518 4691 spiritum

1995 4695 2087 4749 irae
2116 4709 2243 4749 suae.

2062 4986 2331 5055 Ejusdem.
2371 4991 2596 5056 Quando
2638 4997 2895 5067 spiritalia
2945 5001 3273 5070 spiritalibus
3303 5017 3519 5073 compa-

1992 5092 2175 5137 ramus
2199 5121 2215 5148 ,
2261 5092 2387 5140 tunc
2426 5085 2637 5155 fulgura
2670 5065 2990 5156 mittimus,
3035 5065 3390 5159 cognitioan
3429 5065 3520 5147 'ah

1991 5169 2068 5224 eis
2108 5175 2503 5239 provenientetn
2555 5177 2979 5237 manifestantes.
3029 5178 3238 5234 Poteris
3297 5192 3519 5250 quoque

389 5504 510 5591 (⁸16)
536 5517 673 5571 Ὅτε
695 5515 765 5569 τὰ
790 5504 1148 5574 πνευματικά,
1185 5512 1293 5558 etc.
1326 5508 1557 5570 Schedte
1583 5515 1809 5589 Grabil,
1834 5534 1890 5582 et

2011 5528 2217 5597 'barusr
