3958 6216
298 286 446 340 1935
1309 301 1608 357 SELECTA
1647 303 1709 356 IN
1748 303 2069 361 PSALMOS.
2108 339 2175 347 -
2213 310 2403 365 PSAL.
2444 312 2599 366 xv".
3361 313 3493 370 test

294 400 398 456 τοῦ
419 399 737 473 ἀνθρώπου.
779 409 1195 482 Καθαρειότητα
1238 416 1434 485 χειρῶν
1459 416 1555 480 τὰς
1596 435 1839 489 προφητι·

1961 432 2118 475 tatem
2149 438 2418 486 manuum,
2448 425 2822 492 prophetarum
2846 434 2999 480 vocat
3027 434 3265 480 actiones
3289 439 3405 494 quae
3428 434 3494 479 ab

290 494 405 585 κάς
444 510 606 585 φησιν
632 497 919 568 ἐνεργείας
944 503 1267 585 ἀμολύντους
1293 505 1453 570 οῦσας
1490 508 1596 561 ἀπὸ
1619 509 1715 578 τῆς
1748 510 1836 578 βελ

1960 515 2159 582 optimo
2189 514 2373 568 habitu
2403 518 2609 568 munda:
2633 523 2685 567 et
2706 515 3121 585 incoinquinatze
3147 506 3316 570 erant.

290 581 499 652 ’κίστης
530 581 723 647 ἕξεως.
978 582 987 587 “

367 672 487 725 Kal
521 671 735 741 ἔσομαι
763 675 1000 746 ἄμωμος
1021 680 1145 747 μετ’
1172 682 1376 746 αὐτοῦ,
1399 684 1497 736 καὶ
1532 684 1863 754 φυλάξομαι

285 758 424 813 ἀπὸ
449 761 564 829 τῆς
582 763 834 830 ἀνομίας
860 784 999 835 μου,
1030 786 1082 821 κ.
1100 786 1151 823 τ.
1185 771 1231 823 ὲ.
1262 771 1441 841 Χωρὶς
1470 772 1599 825 Θεοῦ
1633 772 1739 844 (85)
1765 775 1863 827 οὐκ
1904 789 1920 800 ’

290 848 459 902 ἔστιν
508 847 647 905 εῖναι
699 853 957 925 ἄμωμον⁸
1013 859 1128 927 μετ’
1155 858 1308 927 ὀλίγα
1353 857 1445 913 οὖν
1489 879 1650 931 φησιο
1686 882 1704 914 ι
1754 865 1862 916 Καὶ

287 933 463 990 ἔθετο
501 939 733 1007 ἄμωμον
755 941 854 1010 τὴν
889 942 1003 995 ὁδόν
1025 960 1144 1013 μου.
1180 963 1199 995 ι
1233 947 1344 999 Οὐκ
1380 947 1491 1001 ἔστι
1522 948 1578 1001 δὲ
1602 950 1740 1003 κατά
1771 951 1861 1003 τὸν

285 1022 542 1092 λέγοντα
595 1029 676 1093 τό,
718 1048 739 1081 ι
778 1030 1163 1086 Ἀνταποδώσει
1217 1053 1304 1106 μοι
1345 1038 1543 1108 Κύριος
1582 1041 1719 1093 κατά
1766 1041 1861 1111 τὴν

280 1112 657 1187 δικαιοσύνην
689 1134 816 1187 μου,
848 1138 866 1170 ι
900 1121 992 1173 καὶ
1018 1123 1078 1175 τὸ
1117 1124 1261 1193 ἑξῆς,
1290 1125 1432 1194 ἔχειν
1468 1128 1713 1198 ἀνομίαν.
1753 1130 1839 1182 κα

1956 1112 2080 1199 dum
2101 1112 2365 1215 justitiam
2398 1162 2590 1212 meam,
2625 1165 2641 1198 ι
2674 1157 2819 1209 etc.,
2857 1154 2913 1199 ut
2959 1145 3119 1200 ullam
3156 1146 3351 1200 habeat
3384 1146 3488 1199 ini-

280 1203 375 1265 τό,
409 1223 430 1254 ι
466 1206 786 1277 Φυλάξομαι
815 1210 922 1262 ἀπὸ
942 1211 1042 1280 τῆς
1070 1213 1291 1284 ἀνομίας
1319 1233 1469 1285 pou,»
1499 1217 1713 1272 δύναται
1741 1220 1839 1272 ἀνα

1955 1203 2236 1303 (ιιιίιθίεω.
2278 1237 2341 1289 Ει
2377 1236 2503 1291 illud
2537 1203 2606 1291 ι’(
2632 1203 2939 1291 Observabo
2971 1252 3057 1291 me
3094 1235 3161 1289 ab
3205 1235 3489 1304 iniquitate

283 1291 577 1393 (pi-Speciem
611 1296 705 1393 ent
735 1296 797 1348 τὸ
839 1297 1121 1369 λεγόμενον
1146 1303 1206 1356 τὸ
1243 1306 1299 1356 ὲν
1329 1306 1457 1374 ἡμῖν
1483 1307 1688 1371 σκότος,
1720 1306 1839 1360 κατε

1952 1291 2092 1388 ιὶιοει,
2136 1344 2154 1376 ι
2192 1324 2382 1379 referri
2429 1336 2601 1393 potest
2634 1328 2698 1380 ad
2741 1328 2869 1380 nqu
2902 1327 3042 1393 quod
3072 1326 3123 1378 in
3154 1291 3489 1380 nobis-voca-

282 1377 354 1483 τύ
367 1395 384 1409 α
431 1400 450 1430 ι
493 1382 564 1434 El
595 1379 691 1436 οῦν
715 1383 777 1436 τὸ
811 1386 925 1454 φῶς
943 1388 1005 1440 τὸ
1032 1390 1089 1443 ὲν
1113 1392 1193 1443 σοὶ
1216 1392 1401 1457 σκότος
1421 1395 1558 1458 ἐστι,
1585 1396 1647 1448 τὸ
1671 1396 1839 1458 σκότος

1954 1420 2039 1464 tur
2079 1377 2338 1476 tenebrae,
2378 1377 2526 1482 ju'xta
2562 1414 2689 1467 illud
2713 1415 2759 1446 ⁷⁸
2788 1432 2802 1467 :
2833 1431 2852 1465 ι
2884 1377 2939 1467 Si
2976 1427 3107 1483 ergo
3138 1414 3312 1468 lumen
3347 1415 3486 1482 quod

278 1465 505 1533 πόσον;
548 1488 567 1520 ³
1718 1557 1729 1562 ⁸
1956 1500 2005 1552 in
2063 1509 2112 1554 te
2162 1509 2280 1563 est,
2335 1503 2566 1555 tenehra:
2616 1504 2744 1565 sint,
2807 1503 2933 1571 ipsa:
2985 1503 3220 1557 tenebras
3274 1510 3487 1571 quanta:

1950 1587 2138 1639 erunt?
2170 1607 2188 1638 ι

518 1661 734 1751 αὐτοῦ.
772 1664 1030 1735 Ἀμωμός
1053 1668 1195 1723 ἐστιν
1222 1670 1328 1743 (84)
1366 1675 1393 1727 ὁ
1422 1674 1557 1744 ἔχων
1586 1678 1642 1730 ἐν
1680 1680 1839 1751 ὲαυτιξ

2019 1672 2293 1744 Ejusdem.
2344 1675 2717 1732 lmmaculatus
2766 1688 2850 1732 est
2879 1678 2966 1733 ille
2995 1680 3084 1747 qui
3115 1680 3253 1733 viam
3305 1681 3394 1734 Dei
3432 1681 3484 1733 in

279 1746 386 1816 τὴν
417 1749 548 1802 ὁδὸν
576 1750 671 1803 τοῦ
709 1751 864 1815 Θεοῦ,
892 1755 984 1807 τὸν
1017 1757 1265 1828 Χριστόν.
1294 1780 1312 1811 ι
1351 1762 1485 1830 Ἐγὼ
1516 1764 1642 1834 γὰρ,
1667 1746 1839 1837 φησὶνξ

1949 1778 2007 1817 se
2039 1764 2219 1829 habet,
2247 1765 2520 1819 Christum
2554 1768 2781 1824 scilicet.
2825 1787 2842 1817 ι
2864 1768 2972 1837 Ego
2994 1746 3157 1831 enim,
3193 1768 3367 1837 inquit
3396 1769 3440 1801 "
3463 1806 3480 1832 ,

278 1837 407 1926 eiul.
459 1839 508 1926 '1)-
554 1838 697 1926 ὁδόςῖ
749 1858 776 1926 ἰ
822 1843 1078 1914 Ἀμωμον
1122 1846 1179 1898 δὲ
1216 1849 1415 1919 ταύτην
1465 1853 1561 1922 τὴν
1603 1854 1717 1906 ὁδὸν
1756 1858 1839 1908 καὶ

1947 1869 2061 1907 sum
2089 1856 2194 1907 viu.
2220 1873 2237 1905 ι
2288 1855 2683 1909 lmmacnlatam
2729 1857 2865 1909 hunc
2910 1858 3053 1911 viam
3082 1868 3135 1910 et
3168 1859 3279 1926 ipse
3316 1858 3480 1912 David

276 1919 459 2012 αῦτὸς
482 1920 515 1971 ὁ
539 1922 705 1976 Δαυῖὁ
735 1922 835 1995 ἔφη
870 1926 1043 1994 λέγων
1067 1947 1080 1961 ⁸
1123 1952 1141 1983 t
1186 1932 1242 1986 '0
1265 1934 1395 1999 Θεός
1418 1919 1536 2006 μου)
1566 1939 1788 2009 ἄμωμος
1814 1943 1839 2012 ἡ

1949 1941 2179 2009 appellat
2211 1943 2389 1995 dicens
2418 1942 2503 1997 ἠε
2544 1960 2561 1992 t
2594 1944 2732 1998 Deus
2789 1957 2955 2007 meus,
3002 1919 3338 1999 immaculata
3393 1946 3481 1999 via

275 2005 410 2068 ὁδός
446 2023 635 2059 σου.»
1423 2005 1426 2006 ν
1608 2005 1617 2008 ’
1695 2005 1705 2009 “
1836 2005 1839 2012 1

1949 2005 2058 2081 tua.
2093 2048 2114 2081 ι

348 2098 472 2150 Καὶ
511 2097 930 2155 ἀνταποδώσω
961 2123 1061 2173 μοι
1102 2110 1316 2176 Κύριος
1337 2113 1482 2167 κατὰ
1510 2115 1621 2182 τὴν
1637 2116 1839 2172 δικαιο-

2025 2115 2177 2169 Vnas.
2217 2116 2306 2170 25.
2361 2116 2423 2170 Et
2471 2120 2714 2173 retribuet
2753 2121 2878 2173 mihi
2918 2121 3172 2175 Dominus
3200 2123 3481 2175 secundum

274 2186 499 2277 σύνην
522 2204 667 2254 μου,
700 2205 754 2243 κ.
787 2206 838 2243 τ.
869 2192 916 2244 ἐ.
956 2212 975 2244 ι
1027 2195 1112 2247 Ἐν
1210 2199 1387 2270 μέτρῳ
1427 2202 1536 2272 (85)
1586 2212 1839 2277 μετρεῖτε1

1940 2203 2201 2271 justitiam
2230 2220 2417 2269 meam,
2452 2214 2555 2260 etc.
2593 2225 2611 2257 ι
2643 2206 2755 2272 Qua
2802 2222 3048 2261 mensura
3098 2210 3266 2262 mensi
3316 2207 3478 2262 iueri-

273 2275 826 2367 ἀντιμετρηθήσεται
860 2281 1004 2349 ὑμῖν.
1058 2303 1076 2334 ι
1118 2286 1309 2354 Ἀγίων
1348 2290 1405 2342 δὲ
1456 2291 1592 2363 αὕτη
1624 2297 1656 2365 ἡ
1689 2275 1839 2367 ήφωνὴ

1948 2294 2039 2356 tis,
2073 2296 2381 2350 remetietur
2412 2304 2466 2351 et
2495 2297 2648 2351 vobis
2682 2298 2745 2351 π.
2772 2316 2790 2349 ι
2823 2297 3138 2352 Sanctorum
3168 2307 3345 2352 autem
3369 2298 3481 2354 haec

270 2360 392 2410 τῶν
421 2359 513 2413 διὰ
544 2362 748 2432 πολλὴν
774 2368 1079 2437 παρρησίαν
1097 2371 1398 2443 δυναμένων
1420 2359 1615 2447 λέγειν’
1699 2359 1839 2437 {Aves

1944 2396 2046 2435 vox
2083 2384 2285 2453 εει,ᾳυί
2340 2398 2446 2451 prae
2500 2384 2695 2453 ingenti
2746 2385 2934 2439 ﬁducia
2986 2384 3161 2439 dicere
3210 2394 3472 2453 possunt:

2031 706 2194 759 Vsus.
2230 703 2318 757 ει.
2356 703 2425 757 Et
2461 720 2548 760 ero
2579 705 2944 758 immaculata:
2981 720 3096 758 cum
3128 722 3207 768 eo,
3239 718 3285 758 et
3310 707 3489 759 obser-

1959 796 2082 848 vabo
2113 811 2192 848 me
2222 796 2283 847 ab
2315 795 2582 864 iniquitate
2625 808 2759 857 mea,
2795 803 2899 847 etc.
2940 793 3155 862 Absque
3189 795 3295 847 Deo
3335 808 3487 849 nemo

1958 874 2132 951 potest
2162 896 2281 936 esse
2310 883 2701 936 immaculatus.
2731 879 2841 947 Qua
2854 895 2908 933 re
2935 880 3090 949 paulo
3116 891 3233 948 post
3264 883 3407 935 πειτα
3426 882 3490 935 Et

1957 973 2130 1041 posuit
2174 972 2565 1025 immaculatam
2601 973 2739 1025 viam
2792 985 2984 1023 meam.
3010 988 3028 1022 ι
3076 969 3191 1023 Non
3237 972 3488 1026 convenit

1956 1067 2133 1113 autem
2162 1059 2233 1113 illi
2257 1060 2345 1127 qui
2370 1060 2484 1114 ait:
2515 1077 2534 1110 ι
2568 1058 2844 1112 Retrihuet
2870 1057 2996 1111 mihi
3027 1057 3280 1111 Dominus
3298 1071 3490 1111 secun-

272 2448 490 2542 απόδος
530 2450 613 2519 τῷ
647 2452 815 2523 δούλῳ
850 2472 962 2509 σου.
1016 2475 1034 2508 ι
1070 2461 1414 2535 Δικαιοσύνην
1450 2467 1593 2535 λέγει
1649 2471 1744 2542 τὴν
1785 2476 1848 2527 ἐκ

271 2535 535 2600 πίστεως
570 2540 745 2610 Ἰησοῦ
797 2545 1044 2614 Χριστοῦ,
1067 2548 1186 2616 ἥτις
1212 2555 1578 2625 πεφανέρωται
1610 2535 1847 2623 είς-πάν-

271 2642 384 2688 τας
416 2628 549 2690 τοὺς
595 2629 975 2696 πιστεύοντας·
1008 2639 1119 2699 τοῖς
1148 2640 1254 2710 γὰρ
1298 2642 1468 2714 ὀρθῶς
1508 2650 1846 2707 πιστεύουσιν

271 2715 308 2785 ἡ
339 2714 540 2778 πίστις
564 2719 649 2779 είς
675 2718 1013 2792 δικαιοσύνην
1043 2726 1326 2794 λογίζεται.

343 2805 523 2890 arata
543 2805 720 2857 ὁσίου
748 2808 1069 2879 ὁσιωθήσῃ.
1100 2815 1194 2866 καὶ
1218 2819 1367 2883 μετὰ
1397 2820 1611 2890 ἀνδρὸς
1655 2826 1843 2882 ἀθώου

271 2888 481 2983 ἀθῷος
525 2890 670 2983 ean,
714 2894 812 2946 καὶ
854 2896 1004 2962 μετὰ
1054 2899 1334 2958 ἐκλεκτοῦ
1384 2888 1663 2977 ἐκλεκτὸς
1701 2914 1840 2983 ἔσῃ,

1949 2488 1968 2521 t
1999 2471 2252 2526 Retribne
2283 2487 2438 2527 servo
2473 2482 2562 2528 tuo
2590 2474 2656 2527 ⁸ο.
2680 2492 2698 2526 ι
2730 2474 2995 2529 Justitiam
3026 2490 3155 2531 vero
3176 2490 3293 2531 eam
3325 2474 3474 2539 dicit,

1942 2575 2059 2630 qua:
2092 2572 2173 2616 est
2199 2577 2265 2616 ex
2298 2564 2402 2618 ﬁde
2437 2563 2560 2619 Jesu
2602 2564 2826 2630 Christi,
2876 2581 2994 2635 qua:
3022 2567 3358 2622 manifestata
3393 2575 3479 2623 est

1945 2650 1996 2703 in
2039 2666 2222 2705 omnes
2273 2654 2554 2708 credentes
2588 2671 2600 2707 :
2634 2669 2754 2708 nam
2806 2655 2870 2709 iis
2909 2658 2997 2724 qui
3032 2665 3179 2711 recte
3210 2658 3473 2721 credunt,

1942 2740 2074 2794 fides
2099 2744 2163 2794 ad
2183 2741 2443 2810 justitiam
2474 2751 2766 2811 reputatur.

2011 2828 2170 2884 Vens.
2200 2830 2291 2895 26,
2320 2831 2411 2885 27.
2435 2831 2562 2884 Cum
2586 2840 2765 2885 sancto
2790 2843 2994 2886 sanctus
3015 2850 3138 2899 eris,
3160 2844 3206 2887 et
3226 2849 3342 2888 cum
3366 2834 3474 2888 viro

1940 2915 2208 2971 innocente
2242 2923 2481 2973 innocens
2511 2922 2644 2984 eris;
2686 2930 2735 2973 et
2767 2938 2882 2973 cum
2920 2922 3077 2976 electo
3122 2924 3313 2977 electus
3346 2924 3473 2986 eris,

271 2979 380 3032 καὶ
399 2980 565 3047 μετὰ
598 2984 891 3049 στρεϐλοῦ
935 2986 1322 3059 διαστρέψεις,
1360 3013 1411 3048 κ.
1441 3015 1491 3050 τ.
1525 3001 1568 3052 ὲ.
1616 3003 1698 3066 Ὦς
1721 2979 1839 3058 ἔσο-

1941 3013 1990 3058 et
2028 3021 2139 3058 cum
2177 3023 2409 3073 perverso
2472 3010 2805 3075 perverteris,
2851 3019 2953 3064 etc.
3017 3011 3472 3076 Quemadmodum

275 3087 382 3138 μαι
421 3069 543 3140 (86)
578 3070 809 3143 ἄμωμος
836 3077 951 3144 μετ’
976 3077 1137 3133 αὐτοῦ
1159 3081 1252 3133 τοῦ
1283 3084 1435 3151 Θεοῦ,
1460 3088 1627 3153 οὕτως
1657 3094 1685 3143 ὁ
1710 3095 1839 3159 Θεὸς

1939 3094 2311 3148 immaculatus
2351 3108 2444 3148 ero
2496 3110 2615 3149 cum
2664 3097 2777 3163 ipso
2823 3097 2961 3164 Deo,
3007 3099 3087 3153 sic
3128 3101 3291 3155 etiam
3333 3102 3473 3158 Deus

272 3159 427 3227 μετὰ
481 3159 635 3212 ὁσίου
687 3163 1066 3235 ὁσιωΘήσεται,
1118 3170 1211 3222 καὶ
1257 3172 1391 3240 μετά
1445 3174 1616 3229 ἀθώου
1669 3180 1839 3245 ἀθῶος

270 3245 458 3309 ἔσται,
477 3246 579 3299 καὶ
607 3247 744 3315 μετά
771 3250 1021 3305 ἐκλεκτοῦ
1048 3255 1294 3319 ἐκλεκτὸς
1312 3257 1461 3312 ἔσται
1489 3262 1663 3326 αὐτός.
1688 3267 1838 3323 Μετὰ

271 3332 552 3402 στρεϐλοῦ
582 3334 639 3387 δὲ
660 3334 778 3405 οὐχ).
818 3339 1065 3407 στρεϐλὸς
1090 3342 1235 3394 ἔσται
1263 3345 1399 3412 (οὐδὲ
1443 3346 1548 3418 γὰρ
1580 3349 1835 3425 θεμιτὸν),

268 3419 417 3474 ἀλλὰ
440 3420 813 3492 διαστρέψεις,
840 3424 915 3487 ὡς
948 3428 1084 3495 μετά
1109 3430 1322 3500 Φαραώ.

347 3510 470 3562 Τοῦ
511 3511 724 3563 αὐτοῦ.
768 3513 857 3566 Ἐν
906 3515 1002 3582 μὲν
1032 3519 1140 3579 τοῖς
1169 3519 1333 3583 ὁσίοις
1363 3520 1474 3590 (87)
1516 3525 1659 3588 ὅσιός
1690 3530 1835 3581 ἐστιν

264 3598 297 3649 ὁ
321 3598 489 3661 Θεὸς,
526 3598 587 3650 ἐν
617 3598 675 3651 δὲ
704 3603 815 3663 τοῖς
842 3601 1037 3666 ἀθώοις
1050 3604 1239 3670 ἀθῶος,
1267 3609 1323 3661 ὲν
1352 3610 1408 3664 δὲ
1434 3615 1544 3676 τοῖς
1572 3615 1834 3681 ⁷ἐκλεκτοῖς

268 3688 566 3752 ἐκλεκτὸς,
607 3689 667 3742 ὲν
714 3689 772 3741 δὲ
809 3694 922 3751 τοῖς
961 3694 1233 3762 στρεϐλοῖς
1280 3698 1340 3749 οὐ
1390 3701 1656 3770 στρεϐλὸς,
1700 3704 1832 3758 ἀλλά

267 3776 790 3846 συστρεϐλούμενος
823 3778 1004 3840 αὐτοῖς
1039 3780 1126 3832 διὰ
1164 3781 1225 3833 τὸ
1270 3783 1526 3855 εὔφημον.
1575 3790 1832 3857 Στρεϐλὸν

262 3863 381 3935 γὰρ
407 3866 507 3917 τὸν
529 3865 666 3917 Θεὸν
688 3868 858 3919 εἰπεῖν
882 3867 1194 3936 ἐφυλάξατο.
1219 3872 1447 3936 Τούτους
1472 3877 1596 3939 τοὺς
1624 3880 1833 3948 στίχους

262 3955 316 4007 oi
345 3953 722 4023 ἀπλούστεροι
752 3955 842 4007 ἐπὶ
879 3955 985 4009 τῶν
1021 3956 1316 4027 ἀνθρώπων
1345 3961 1597 4027 πολλάκις
1627 3965 1832 4036 λαμϐά-

259 4060 481 4097 νουσιν.
514 4040 676 4095 Οῦτω
701 4043 758 4094 δὲ
778 4040 1185 4114 ωπρεὸλοῦται
1207 4047 1355 4110 Θεὸς,
1371 4049 1443 4112 ὡς
1470 4051 1527 4104 ὲν
1546 4052 1622 4121 τῷ
1647 4056 1832 4108 Δευτε-

263 4133 519 4202 ρονομίῳ
551 4131 734 4199 λέγει·
789 4151 807 4183 t
841 4132 963 4185 Ἐὰν
1001 4134 1369 4205 είσελεύοησθε
1413 4140 1547 4209 πρὸς
1580 4142 1646 4210 μὲ
1694 4145 1830 4199 πλά-

259 4235 398 4287 γιοι,
424 4216 809 4285 εἰσελεύσομαι
824 4218 977 4286 κάγὼ
1000 4221 1132 4290 πρὸς
1150 4223 1288 4291 ὑμᾶς
1318 4224 1373 4277 ἐν
1390 4224 1540 4295 θυμῷ
1565 4228 1789 4301 πλαγίῳ.
1804 4250 1822 4283 ι

337 4308 459 4362 Τοῦ
489 4305 704 4359 αὐτοῦ.
725 4305 868 4376 Πρὸς
895 4308 995 4371 τὰς
1016 4308 1233 4379 γνώμας
1262 4311 1368 4382 (88)
1403 4314 1507 4367 τῶν
1534 4317 1826 4387 ἀνθρώπων

256 4399 572 4469 ἀρμάττεις
603 4398 702 4461 τὰς
726 4399 1035 4464 ἀντιδόσεις,
1067 4396 1112 4454 ὦ
1138 4403 1393 4457 Δέσποτα.
1424 4385 1687 4477 Παρέχεήις
1716 4412 1823 4483 γὰρ
1856 4385 1897 4438 D

256 4492 378 4552 τοῖς
412 4488 595 4549 ὁσίοις
626 4487 697 4541 τὰ
723 4490 993 4561 ὁσιότητος
1035 4490 1177 4556 ἀξια,
1226 4495 1335 4555 τοῖς
1381 4495 1683 4561 ἀνευθύνοις
1729 4504 1821 4554 καὶ

256 4577 506 4639 δικαίοις
537 4575 610 4628 τὰ
633 4577 931 4647 πρόσφορα,
960 4579 1052 4630 καὶ
1073 4582 1183 4641 τοῖς
1202 4579 1468 4644 ἐκλεκτοῖς
1491 4584 1581 4635 καὶ
1604 4586 1823 4651 τελείοις

256 4663 333 4716 τὰ
363 4664 588 4716 τέλειαο
622 4665 736 4725 τοῖς
770 4663 827 4715 δὲ
869 4666 1182 4734 ἐκτραπεῖσι
1224 4669 1314 4720 καὶ
1349 4667 1444 4738 τὴν
1488 4672 1729 4726 ἐναντίαν
1766 4679 1821 4729 ὁ-

1937 3197 2056 3236 cum
2103 3195 2288 3236 sancto
2323 3183 2780 3249 sanctiﬁcahitur,
2827 3196 2879 3238 et
2924 3202 3043 3240 cum
3077 3189 3362 3244 innocente
3385 3189 3470 3242 in-

1935 3283 2130 3323 nocens
2183 3271 2304 3332 erit,
2352 3279 2406 3324 et
2457 3286 2576 3326 cum
2627 3271 2797 3327 electo
2841 3274 3060 3329 electus.
3108 3276 3301 3332 Verum
3347 3294 3472 3337 cum

1936 3371 2192 3424 perverso
2225 3373 2555 3426 nequaquam
2586 3376 2868 3428 perversus
2915 3365 3017 3417 erit
3051 3365 3176 3432 (hoc
3199 3368 3340 3422 enim
3371 3382 3468 3424 ne-

1938 3442 2060 3510 fas),
2089 3445 2178 3496 sed
2208 3449 2550 3512 perverteris,
2576 3456 2770 3502 utcum
2805 3448 3099 3507 Pharaone.
3250 3434 3283 3461 ‘

2003 3529 2272 3600 Ejusdem.
2327 3534 2380 3587 in
2410 3538 2609 3589 sanctis
2640 3547 2855 3592 sanctus
2892 3550 2973 3593 est
3010 3540 3173 3606 Deus,
3220 3543 3276 3596 in
3309 3545 3463 3601 inno-

1933 3622 2180 3675 centibus
2229 3622 2483 3678 innocens
2503 3662 2519 3689 ,
2552 3626 2603 3677 in
2646 3626 2826 3680 electis
2856 3627 3081 3693 electus,
3118 3630 3167 3682 in
3198 3636 3464 3700 perversis

1933 3727 2037 3764 nun
2067 3725 2372 3778 perversus,
2403 3715 2493 3766 sed
2522 3715 2678 3768 simul
2704 3727 2959 3782 mutatus,
2980 3719 3137 3786 idque
3153 3723 3462 3777 reverentia:

1930 3814 2091 3853 causa
2122 3800 2335 3853 dicitur.
2370 3801 2685 3857 Perversum
2712 3806 2874 3875 610
2919 3810 3059 3861 enim
3099 3809 3261 3864 Deum
3295 3825 3362 3867 ne
3385 3813 3465 3867 di-

1930 3898 2096 3954 ceret,
2133 3891 2293 3944 cavit.
2338 3890 2444 3944 Hos
2478 3906 2662 3948 versus
2719 3897 3074 3965 simpliciores
3128 3900 3195 3954 de
3229 3901 3463 3955 homini-

1929 3976 2025 4033 bus
2053 3993 2193 4047 saepe
2228 3980 2514 4047 accipiunt.
2541 3983 2676 4038 Deus
2704 3994 2879 4038 autem
2904 3989 3253 4054 convertitur,
3277 4004 3461 4058 quein-

1928 4068 2209 4122 admodum
2245 4070 2295 4124 in
2328 4071 2738 4128 Deuteronomio
2779 4076 2909 4129 dicit
2940 4076 2984 4107 ⁸¹
3019 4094 3033 4130 :
3068 4096 3088 4130 ι
3124 4077 3181 4133 Si
3230 4080 3459 4150 ingressi

1929 4157 2136 4213 fueritis
2167 4161 2232 4213 ad
2265 4178 2350 4215 me
2381 4164 2639 4231 perversi,
2669 4166 2938 4236 ingrediar
2969 4178 3022 4222 et
3051 4183 3150 4240 ego
3179 4171 3243 4225 ad
3277 4186 3371 4226 vos
3404 4173 3457 4226 in

1927 4250 2005 4300 ira
2043 4261 2313 4315 perversa.
2349 4268 2367 4300 ι

1996 4335 2261 4405 Ejusdem.
2295 4339 2398 4393 Pro
2425 4340 2616 4394 mentis
2639 4342 2827 4396 aﬂ‘ectu
2860 4343 3163 4403 nominibus
3195 4363 3338 4404 vices
3368 4363 3459 4404 re-

1926 4427 2132 4493 pendis,
2166 4443 2198 4480 o
2234 4428 2471 4485 Domine.
2506 4431 2639 4485 Nam
2690 4435 2892 4489 sanctis
2936 4451 3055 4504 quas
3110 4441 3456 4496 sanctitatem

1926 4514 2133 4579 decent,
2165 4519 2538 4575 innocentibus
2567 4532 2620 4576 et
2642 4521 2800 4592 justis
2827 4528 3231 4595 convenientia,
3271 4529 3459 4586 electis

1925 4612 1977 4656 et
2032 4604 2282 4673 perfectis
2319 4606 2553 4674 perfecta
2590 4610 2818 4675 tribuis;
2854 4613 2918 4666 iis
2947 4622 3125 4669 autem
3160 4617 3249 4686 qui
3284 4617 3452 4672 decli-

1924 4703 2051 4745 nant
2079 4708 2106 4746 ιι
2138 4693 2218 4747 via
2244 4734 2258 4758 ,
2303 4706 2357 4750 et
2392 4702 2722 4754 contrarium
2785 4702 2886 4756 iter
2947 4707 3261 4773 ambulant,
3322 4724 3453 4765 con-

255 4753 487 4806 δεύουσι
549 4751 881 4827 κατάλληλον
932 4756 1357 4824 παρασκευάζεις
1413 4758 1512 4827 τῆς
1587 4761 1702 4814 ὁδοῦ
1760 4766 1820 4818 τὸ

2244 4751 2256 4758 ,
2408 4751 2411 4752 ν
2442 4751 2445 4752 ν
2786 4751 2876 4756 η--
2948 4751 3261 4773 _----_._...,
3323 4751 3422 4765 ν-..

1937 4796 2109 4846 gruum
2140 4785 2263 4838 vitae
2299 4787 2456 4842 linem
2487 4794 2876 4849 accommodas.
2917 4792 3019 4849 Sed
3050 4811 3154 4864 qua
3193 4798 3402 4853 ratione
3426 4797 3453 4853 ι

256 4850 437 4913 τέλος.
473 4818 590 4903 καὶ
639 4818 1027 4920 τίναντρόπονξ
1070 4871 1088 4903 ι
1132 4818 1261 4905 Ὅτι
1295 4818 1358 4905 ab
1407 4818 1530 4906 10th
1574 4855 1819 4908 ταπεινὸν

259 4937 488 4999 σώσεις.
524 4954 545 4986 ι

330 5067 383 5098 ⁷⁸
421 5065 623 5133 Matth.
654 5065 820 5129 v1.23.
909 5068 954 5099 "
983 5066 1137 5121 Joan.
1161 5082 1269 5133 xlv,
1292 5068 1345 5124 ϐ.

255 5149 416 5196 xxvn,
458 5132 649 5195 27,28.

329 5269 453 5337 (83)
482 5267 677 5337 Χῳρὶς
705 5266 871 5337 Geni},
895 5275 1003 5321 etc.
1032 5266 1204 5322 Codex
1225 5269 1355 5325 Roe.
1379 5270 1664 5326 Corderius
1688 5290 1815 5333 vero

251 5334 529 5402 tanquam
566 5336 756 5388 incerti
787 5334 967 5402 habet.

327 5400 450 5472 (84)
487 5404 753 5469 Ἄμωμός
783 5400 975 5465 ἐστιν,
1023 5409 1126 5453 etc.
1181 5401 1400 5459 Scheda:
1446 5403 1651 5473 Grabii,
1683 5408 1811 5466 Bar-

246 5473 451 5607 “(3.58)
495 5539 599 5591 Ἐν
622 5537 670 5598 ᾧ
686 5534 897 5599 μέτρῳ,
923 5542 1028 5586 etc.
1058 5531 1270 5590 Schcdze
1299 5537 1497 5605 Grabii,
1518 5540 1805 5602 Barbarus.

1451 5071 1498 5103 ⁷³
1520 5071 1604 5124 Ps.
1626 5086 1755 5138 xvn,
1780 5074 1867 5131 31.

1923 4888 1942 4920 ι
1976 4870 2232 4936 Quoniam
2266 4885 2322 4929 tu
2354 4879 2601 4947 Impulum
2636 4883 2888 4939 humilem
2929 4887 3130 4943 salvum
3158 4888 3344 4944 facies.
3374 4906 3394 4939 ι

1977 5079 2021 5111 ⁷⁸
2040 5079 2233 5136 Matth.
2273 5097 2364 5143 vn.
2408 5084 2460 5139 2.
2569 5087 2614 5118 ⁸ο
2645 5086 2730 5142 Ps.
2778 5102 2962 5154 cum,
3013 5088 3096 5141 l7.
3206 5085 3440 5142 “Levit.

2132 5285 2233 5364 _'£_2c
2259 5288 2488 5364 ἔσομαί,
2516 5288 2976 5364 etc._Corderius._
3030 5359 3044 5364 _
3165 5355 3209 5364 __

2011 5285 2076 5337 86
2138 5285 2233 5351 Ὠς
2259 5288 2488 5358 ἔσομαι,
2516 5300 2621 5343 etc.
2649 5288 2957 5342 Corderius.

1985 5284 2098 5421 (87)
2132 5354 2233 5408 Ἐν
2250 5356 2507 5424 μὲν-τοῖς
2541 5357 2746 5417 ὁσίοις,
2792 5365 2896 5409 etc.
2935 5357 3112 5412 Codex
3155 5355 3441 5415 Cbislinla-

1914 5434 2013 5473 nus
2045 5423 2127 5475 10.

1981 5488 2089 5558 (88)
2120 5492 2271 5556 Πρὸς
2298 5493 2399 5554 τὰς
2428 5487 2671 5557 γνώμας,
2707 5495 2806 5541 etc.
2845 5486 3067 5547 Scheda‘.
3094 5492 3297 5549 Grabii.

3862 3558 3863 3579 1

3862 3594 3863 3639 1

3861 3642 3863 3681 1

3862 3804 3863 3831 1

3862 3862 3863 3891 1

3862 3906 3863 3929 1

3862 3980 3863 4001 1

3862 4008 3863 4033 1
