3958 6234
339 233 488 290 1257

1299 239 1604 295 SELECTA
1633 238 1705 294 IN
1729 237 2054 294 PSALMOS.
2093 268 2162 279 —
2196 237 2386 293 PSAL.
2418 238 2575 294 XVII.

3389 240 3523 296 £258

331 343 446 413 τῆς
480 344 741 416 θεωρίας.
798 348 948 402 Διότι
1000 352 1034 422 ἡ
1066 351 1255 421 ἔλαφος
1297 353 1507 425 ἀναιρεῖ
1561 354 1685 416 τοὺς
1727 354 1886 421 ὄφεις.

1994 351 2298 422 plationem.
2360 352 2714 417 Quamobrem
2771 365 2960 409 cervus
3010 361 3196 409 enecat
3227 364 3521 421 serpentes.

407 438 735 495 Διδάσκων
776 443 984 511 χεῖράς
1017 463 1137 515 μου
1176 449 1262 511 εις
1293 449 1576 516 πόλεμονυ
1614 448 1710 501 καὶ
1761 449 1896 500 ἔθου

330 528 529 592 τόξον
563 532 836 599 χαλκοῦν
874 538 1016 599 τοὺς
1040 536 1532 605 βραχίονάςμου,
1567 555 1620 590 κ.
1658 554 1707 589 τ.
1753 536 1801 589 ἐ.
1837 536 1895 587 '0

328 620 544 688 χαλκὸς
579 619 846 689 σύμϐολόν
900 623 1016 675 ἐστι
1047 624 1156 695 (94)
1200 626 1519 695 πρακτικῆς.
1559 644 1577 677 ι
1623 624 1895 695 Διέφθειρε

337 714 446 777 γὰρ
486 709 588 761 τὸν
616 709 817 779 χαλκόν
848 727 964 774 σου,
1004 730 1023 763 ι
1057 713 1219 782 φησὶν
1248 713 1498 784 Ἰεζεχιὴλ
1519 713 1651 785 πρὸς
1668 715 1763 783 τὴν
1800 714 1897 766 Ἰε-

330 797 653 867 ρουσαλήμ.
695 798 911 869 Ἐπειδὴ
941 795 1034 852 οὖν
1073 802 1123 853 οἱ
1165 800 1412 871 ἡμέτεροι
1442 801 1721 871 βραχίονες
1755 800 1893 871 πέμ-

324 900 506 936 πουσι
546 884 620 937 τὰ
647 882 799 955 βέλη,
827 885 1011 954 φησὶν,
1039 888 1139 951 ὅτι,
1169 887 1582 958 Παρεσκεύασας
1611 889 1733 951 τοὺς
1765 888 1894 957 βρα-

322 971 527 1040 χίονάς
557 989 663 1043 μου
713 973 887 1038 τόξον,
917 975 1010 1027 καὶ
1058 974 1370 1044 προστίθησι
1405 994 1422 1025 ι
1450 974 1698 1044 χαλκοῦν,
1738 993 1756 1025 ι
1792 978 1882 1044 ἐμι-

324 1060 554 1127 φαίνων
607 1061 672 1114 τὸ
702 1061 920 1116 εὔτονον
950 1062 1046 1115 καὶ
1088 1061 1404 1133 ἄθραυστον,
1452 1063 1544 1115 καὶ
1586 1063 1753 1131 λέγων
1790 1063 1891 1124 ὅτι,

336 1148 653 1219 ’Δήττητόν
687 1166 757 1219 με
802 1151 1104 1219 πεποίηκας
1139 1151 1197 1203 ἐν
1236 1153 1343 1213 τοῖς
1384 1150 1521 1204 κατὰ
1556 1150 1662 1204 τῶν
1688 1150 1891 1220 ἐχθρῶν

323 1237 543 1305 ἀγῶσι.

396 1348 521 1403 Kal
559 1348 792 1415 ἔδωκάς
817 1363 921 1418 μοι
954 1349 1405 1419 ὑπερασπισμὸν
1428 1349 1720 1415 σωτηρίας
1740 1364 1855 1415 μου
1873 1363 1887 1377 ·

322 1436 431 1489 καὶ
469 1439 514 1505 ἠ
547 1437 724 1502 δεξιά
753 1452 870 1492 σου
895 1438 1253 1493 ἀντελάϐετό
1269 1455 1409 1507 μου,
1452 1438 1547 1491 καὶ
1576 1438 1615 1504 ἡ
1661 1436 1893 1488 παιδεία

320 1538 452 1579 σου
495 1525 822 1594 ἀνώρθωσέ
847 1543 923 1595 με
959 1529 1042 1603 εζς
1070 1526 1260 1589 τέλος,
1301 1526 1398 1578 καὶ
1432 1527 1467 1591 ἡ
1506 1523 1736 1577 παιδεία
1778 1538 1891 1575 σου

318 1613 489 1679 αὐτή
514 1629 598 1680 με
621 1613 869 1679 διδάξει,
901 1631 955 1667 κ.
991 1632 1039 1667 τ.
1056 1616 1102 1667 ὲ.
1120 1614 1176 1669 Ὀ
1202 1616 1260 1667 ἐν
1288 1613 1435 1683 δεξιᾷ
1461 1613 1756 1682 καθήμενος
1776 1611 1887 1680 (95)

316 1701 417 1755 τοῦ
452 1703 704 1772 Πατρὸς,
735 1698 887 1766 οὗτος
923 1703 1160 1756 καλεῖται
1209 1703 1370 1767 δεξιά.
1402 1705 1509 1756 Καὶ
1550 1703 1636 1755 διὰ
1669 1703 1764 1772 μὲν
1795 1704 1891 1773 τῆς
1922 1685 1965 1739 Β

317 1788 619 1858 προτέρας
652 1789 899 1853 παιδείας
931 1809 949 1843 ι
981 1793 1127 1860 ἡμᾶς
1166 1809 1184 1841 ι
1219 1791 1449 1861 ἀνορθοῖ,
1476 1790 1559 1842 διά
1578 1791 1633 1843 δὲ
1658 1791 1753 1859 τῆς
1776 1790 1892 1842 δευ-

316 1877 499 1947 τέροις
528 1878 797 1931 διδάσκει.
828 1879 1079 1933 Πολιτεία
1120 1879 1227 1951 γὰρ
1255 1879 1385 1950 ὀρθὴ
1419 1879 1664 1948 ἀνίστησι
1692 1878 1886 1948 ψυχὴν,

316 1967 541 2033 γνῶσις
569 1967 627 2019 δὲ
655 1965 859 2035 ἀληθὴς
883 1965 1131 2018 πλατύνει
1160 1966 1345 2033 αὐτήν.
1379 1965 1532 2030 Δεξιὰ
1560 1968 1588 2018 ό
1621 1964 1689 2017 τὰ
1718 1965 1889 2019 πάντα

314 2057 752 2128 δημιουργήσας
790 2057 938 2120 Υἱὸς,
977 2058 1103 2127 περὶ
1145 2049 1205 2107 οὗ
1243 2056 1337 2108 καὶ
1378 2055 1602 2123 ἀλλαχοῦ
1644 2055 1885 2124 είρηταισ

320 2167 343 2202 s
377 2148 564 2213 Δεξιά
594 2148 803 2217 Κυρίου
836 2147 1054 2216 ἐποίησε
1077 2145 1476 2216 δύναμιν,δεξιὰ
1490 2145 1690 2215 Κυρίου
1710 2144 1888 2213 sq.ch

315 2254 490 2305 με.»

398 2325 801 2390 Ὲπλάτυνας
844 2323 916 2377 τὰ
944 2322 1270 2392 διαϐήματά
1304 2340 1420 2391 μου
1446 2321 1717 2376 ὑποκάτω
1746 2339 1884 2390 μου,

311 2416 419 2469 καὶ
479 2418 596 2470 οὐκ
617 2414 973 2482 ἠσθένησαν
1007 2412 1081 2466 τὰ
1114 2412 1250 2479 ἴχνη
1292 2429 1431 2480 μου,
1464 2428 1517 2463 κ.
1550 2428 1600 2463 τ.
1636 2412 1681 2463 ἐ.
1714 2412 1887 2480 Εὐφό-

312 2523 439 2579 ρως
476 2504 843 2572 ὑπομένοντος
880 2502 988 2571 (96)
1011 2500 1213 2569 θλίψεις
1246 2503 1279 2570 ἠ
1308 2499 1454 2570 φωνὴ
1482 2499 1566 2552 διὰ
1588 2501 1676 2552 τὸν
1701 2501 1888 2569 ἐμποι-

308 2595 501 2650 οῦντα
528 2594 692 2661 λόγον
715 2592 809 2645 καὶ
838 2593 896 2644 ὲν
920 2592 1030 2653 τοῖς
1053 2589 1307 2648 τοιούτοις
1329 2589 1424 2659 τὴν
1443 2590 1500 2640 εύ
1509 2588 1793 2658 ρυχωρίαν,
1814 2588 1888 2650 ὡς

312 2683 472 2755 μηδὲ
494 2683 600 2755 τὴν
628 2682 894 2751 τυχοῦσαν
925 2679 1203 2734 ἀσθένειαν
1232 2680 1290 2731 ἐν
1329 2681 1437 2742 τοῖς
1470 2679 1663 2748 ίχνεσιν
1690 2678 1885 2748 ἐμφαί-

311 2773 543 2827 νεσθαι.

387 2858 769 2923 Καταδιώξω
792 2857 933 2923 τοὺς
969 2856 1217 2924 ἐχθρούς
1256 2871 1395 2923 μου,
1425 2854 1522 2906 καὶ
1551 2854 1886 2921 καταλήψο-

304 2968 424 3022 μαι
480 2949 739 3013 αὐτοὺς,
774 2948 873 3000 καὶ
911 2948 1021 2999 οὐκ
1072 2942 1623 3010 ἀποστροφήσομαι,
1660 2942 1767 3006 ἕως
1811 2942 1887 2995 ἂν

309 3039 725 3096 ἐκλείπωσιν.
760 3035 1049 3102 Ἑκθλίψω
1078 3032 1314 3097 αὐτοὺς,
1343 3032 1437 3084 καὶ
1465 3033 1534 3084 οὐ
1555 3032 1639 3099 μὴ
1662 3030 1886 3083 δύνων-

313 3146 417 3185 ται
447 3127 692 3194 στῆναι
710 3140 724 3154 ο
757 3124 1081 3178 πεσοῦνται
1115 3120 1232 3176 ὑπὸ
1270 3120 1424 3185 τοὺς·
1452 3120 1634 3186 πόδας
1664 3137 1803 3188 μου,
1828 3137 1879 3174 κ.

309 3237 366 3276 τ.
399 3220 454 3273 ἐ.
506 3217 571 3270 '0
599 3213 884 3276 ίκανωθεὶς
916 3212 1025 3282 (97)
1046 3210 1149 3263 ὑπὸ
1175 3209 1306 3263 Θεοῦ
1325 3210 1563 3272 διάκονος
1590 3204 1727 3262 εῖναι
1759 3210 1883 3261 Διαο

310 3310 508 3379 θήκης
522 3302 738 3373 Καινῆς
766 3303 842 3365 ὡς
872 3301 979 3353 πᾶν
1000 3298 1330 3368 ἐπαγόμενον
1359 3298 1559 3366 ὕψωμα
1603 3297 1744 3350 κατά
1783 3298 1880 3367 τῆς

309 3394 595 3463 γνώσεως
655 3390 749 3443 τοῦ
808 3388 945 3442 Θεοῦ
1001 3386 1312 3457 καθαιρεῖν,
1369 3384 1695 3450 καταδιώξας
1760 3386 1885 3449 τοὺς

306 3482 562 3555 ἐχθροὺς
589 3482 659 3549 τῇ
694 3478 801 3532 ἀπὸ
838 3476 971 3530 Θεοῦ
1001 3476 1238 3548 σωτηρίᾳ
1272 3475 1476 3542 λόγους,
1511 3473 1884 3538 καταδιώξεται

307 3573 558 3635 αὐτοὺς,
583 3570 683 3623 καὶ
722 3568 783 3621 οὐ
811 3568 1069 3637 πρότερον
1098 3565 1191 3618 τοῦ
1233 3565 1469 3617 ἐκλιπεῖν
1510 3564 1724 3627 αὐτοὺς,
1752 3566 1884 3618 ἀπο-

306 3661 718 3734 στραφήσεται
746 3655 993 3726 πολεμῶν
1017 3656 1217 3716 αὐτοῖς.
1236 3654 1429 3722 Στῆναι
1459 3653 1514 3705 δὲ
1542 3653 1765 3708 ἐνώπιον
1793 3656 1885 3709 τοῦ

305 3747 703 3807 ἱκανωθέντος
727 3743 832 3795 ὑπὸ
859 3741 993 3795 Θεοῦ
1019 3741 1079 3793 οὐ
1116 3739 1422 3810 δυνήσονται
1449 3740 1807 3810 ἐκθλιὸόμενοι
1837 3744 1883 3795 οἱ

300 3841 517 3915 ἐχθροὶ
541 3836 647 3906 τῆς
681 3832 935 3902 ἀληθείας
969 3832 1133 3899 λόγοι.

390 3927 523 3984 Τοῦ
564 3922 776 3977 αὑτοῦ.
816 3915 981 3982 Οὗτος
1007 3918 1324 3972 καταδιώκει
1353 3918 1458 3989 (98)
1488 3920 1610 3984 τοὺς
1640 3919 1882 3990 ἐχθροὺς,

299 4023 336 4074 ὁ
377 4017 467 4090 μὴ
521 4013 635 4067 ἐῶν
669 4010 932 4081 ἐμπαθεῖς
962 4010 1020 4061 ἐν
1065 4006 1240 4077 ἑαυτῷ
1284 4007 1525 4075 γίνεσθαι
1566 4009 1881 4080 λογισμούςο

299 4109 429 4166 ἀπὸ
457 4105 585 4175 γὰρ
611 4101 815 4155 τούτων
846 4098 1317 4167 ἐπιωμὸαίνουσιν
1344 4100 1474 4167 ἡμῖν
1513 4100 1567 4152 αί
1604 4099 1875 4169 ἁμαρτίαι.

388 4194 521 4251 Τοῦ
561 4190 772 4246 αὑτοῦ.
805 4188 1078 4256 Ἐκλειψιν
1105 4185 1309 4257 ἐχθρῶν
1353 4185 1460 4255 (99)
1504 4186 1734 4255 ἀπάθεια
1759 4205 1885 4242 κατ-

299 4284 653 4361 εργάξεται.

390 4374 525 4431 Τοῦ
556 4369 768 4426 αὐτοῦ.
799 4369 861 4422 Ol
910 4367 1162 4428 πεσόντες
1200 4363 1276 4433 (1)
1328 4363 1434 4416 ἀπὸ
1479 4364 1576 4434 τῆς
1617 4365 1673 4417 ἐν
1704 4364 1887 4436 φαύλῳ

2071 439 2229 495 Vens.
2256 439 2344 493 55.
2376 438 2477 504 Qui
2499 441 2646 492 docet
2677 454 2862 493 manus
2908 452 3048 495 meas
3077 444 3146 495 ad
3171 441 3427 509 pretium,
3475 452 3523 496 et

1997 529 2216 596 posuisti
2244 536 2301 581 ut
2333 542 2511 580 arcum
2540 543 2730 581 (ereum
2756 528 2969 581 brachia
2992 544 3124 594 mea,
3144 539 3249 584 etc.
3276 530 3522 583 Actionis

1997 614 2292 685 symbolum
2322 624 2402 671 est
2430 631 2522 670 tes.
2576 635 2594 667 ι
2625 615 2874 684 Corrupit
2918 623 3060 671 enim
3103 633 3175 672 ars
3224 628 3370 673 tuum
3396 618 3462 681 “,
3498 636 3518 670 ι

1998 706 2129 759 dicit
2157 705 2400 760 Ezechiel
2423 706 2489 759 ad
2521 704 2835 759 Jerusalem.
2873 705 3130 771 Quoniam
3154 708 3312 777 igitur
3338 716 3521 763 nostra

1997 794 2212 850 brachia
2245 795 2457 849 mittunt
2484 795 2735 863 sagittas,
2769 794 2842 848 ait
2895 811 2909 848 :
2955 793 3271 863 Prmparasti
3304 794 3520 848 brachia

1997 897 2113 937 mea
2159 884 2296 938 sicut
2344 898 2551 947 arcum,
2598 894 2649 937 et
2701 884 2845 937 addit
2873 902 2893 935 ι
2921 897 3115 936 aereum
3136 922 3151 949 ,
3184 901 3204 934 ι
3234 883 3523 937 ostendens

1997 969 2144 1023 illum
2188 971 2444 1024 intentum
2493 980 2546 1025 et
2589 969 2869 1026 infractum
2900 985 3059 1037 esse,
3088 985 3153 1024 ac
3190 971 3372 1025 dicens
3413 987 3429 1025 :
3462 969 3519 1023 lu

1997 1057 2194 1124 prailiis
2221 1058 2478 1113 adversus
2507 1061 2687 1114 hostes
2720 1058 3134 1128 insuperabilem
3166 1073 3250 1113 me
3277 1058 3474 1113 fecisti.

2074 1351 2229 1408 Vens.
2276 1353 2364 1408 56.
2411 1354 2478 1407 Et
2516 1356 2704 1410 dedisti
2753 1359 2882 1411 mihi
2928 1360 3292 1425 protectionem
3335 1358 3519 1413 salutis

1996 1456 2151 1507 mete,
2198 1450 2246 1495 et
2274 1443 2485 1494 dextera
2519 1451 2608 1495 tua
2640 1447 2860 1512 suscepit
2892 1462 2991 1509 me,
3033 1456 3080 1499 et
3121 1446 3391 1514 disciplina
3432 1458 3522 1500 tua

1994 1528 2217 1580 correxit
2251 1544 2331 1581 me
2359 1530 2412 1581 in
2443 1529 2620 1595 ﬁnem,
2648 1540 2695 1584 et
2718 1532 2992 1599 disciplina
3028 1542 3117 1586 tua
3156 1534 3271 1601 ipsa
3309 1549 3388 1586 me
3435 1536 3524 1586 do-

1994 1618 2143 1681 cebit,
2173 1626 2275 1671 etc.
2306 1618 2405 1684 Qui
2439 1620 2491 1671 in
2516 1621 2727 1674 dextera
2764 1620 2939 1675 Patris
2981 1623 3143 1684 sedet,
3188 1625 3275 1677 hic
3301 1636 3522 1677 vocatur

1994 1706 2233 1761 dextera.
2279 1707 2341 1760 Et
2371 1710 2532 1776 priori
2563 1711 2773 1777 quidem
2820 1712 3098 1780 disciplina
3137 1728 3235 1766 nos
3274 1714 3518 1783 corrigit,

1992 1797 2223 1851 secunda
2249 1812 2378 1850 vero
2409 1813 2505 1853 nos
2535 1798 2709 1853 docet.
2750 1798 2881 1853 Nam
2922 1810 3064 1854 recta
3108 1800 3370 1855 institutio
3405 1802 3522 1854 ani-

1994 1899 2132 1937 mam
2162 1886 2339 1954 erigit,
2365 1887 2599 1952 eugnitio
2645 1897 2821 1941 autem
2861 1903 2982 1942 vera
3032 1889 3084 1941 in
3118 1889 3516 1958 amplitudinem

1993 1975 2156 2028 ducit.
2189 1975 2412 2029 Dextera
2445 1987 2523 2028 cs'.
2552 1978 2785 2031 nuntium
2821 1979 2995 2046 opifex
3014 1978 3200 2041 Filius,
3233 1980 3297 2033 de
3328 1994 3433 2047 quo
3462 1990 3518 2032 et

1992 2061 2115 2113 alibi
2148 2063 2344 2115 dictum
2375 2073 2458 2115 est
2482 2065 2524 2094 ⁸⁷
2554 2078 2568 2117 :
2603 2082 2622 2115 ι
2662 2066 2885 2117 Dextera
2916 2065 3122 2119 Domini
3174 2066 3296 2119 fecit
3346 2067 3514 2118 virtu-

1994 2158 2121 2215 tem,
2161 2152 2379 2206 dextera
2408 2153 2616 2206 Domini
2642 2154 2892 2207 exultavit
2932 2168 3033 2207 me.
3056 2173 3076 2205 ι

2060 2320 2224 2375 Vens.
2248 2322 2336 2377 57.
2361 2322 2605 2376 Ditatasti
2625 2340 2825 2392 gressus
2846 2341 2981 2378 meos
3004 2326 3184 2379 subtus
3213 2341 3313 2389 me,
3337 2334 3387 2379 et
3412 2341 3516 2380 non

1990 2418 2107 2461 sunt
2133 2410 2398 2464 infirmata
2421 2413 2629 2479 vestigia
2660 2429 2794 2475 mea,
2822 2424 2927 2467 etc.
2966 2414 3087 2469 Haec
3125 2429 3227 2468 vox
3267 2414 3408 2469 illius
3435 2424 3518 2468 cst

1990 2499 2074 2552 cui
2107 2499 2473 2557 tribulationes
2508 2504 2730 2558 toleratu
2758 2504 2944 2559 faciles
2989 2516 3112 2559 sunt
3140 2510 3356 2573 propter
3395 2518 3516 2559 eam

1988 2602 2147 2655 quam
2196 2603 2226 2641 a
2272 2591 2439 2645 verbo
2469 2594 2673 2660 accepit
2721 2594 3113 2657 dilatationem,
3140 2608 3242 2662 qua
3274 2593 3332 2646 lit
3360 2602 3419 2646 ut
3450 2606 3517 2646 ne

1989 2674 2097 2729 ulla
2126 2678 2339 2744 quidem
2376 2678 2428 2732 in
2465 2680 2579 2749 ejus
2604 2682 2842 2752 vestigiis
2867 2681 3202 2737 imbecillitas
3237 2689 3510 2750 appareat.

2058 2847 2217 2905 Vsus.
2259 2850 2352 2911 58.
2386 2852 2473 2909 59.
2520 2853 2804 2926 Persequar
2856 2856 3085 2910 inimicos
3123 2872 3259 2910 meos
3294 2866 3341 2911 et
3375 2872 3516 2911 com-

1988 2940 2298 3008 prehendam
2348 2943 2497 3008 illos,
2536 2956 2582 2999 et
2615 2961 2717 2998 non
2754 2956 3019 2999 convertar
3053 2947 3213 2999 donec
3248 2946 3513 3013 deﬁciant.

1988 3027 2325 3100 Confringam
2350 3032 2488 3098 illos,
2518 3050 2607 3088 nec
2636 3043 2876 3102 poterunt
2912 3045 3049 3089 stare
3078 3051 3095 3090 :
3122 3038 3302 3090 cadent
3332 3036 3514 3090 subtus

1985 3118 2136 3184 pedes
2159 3136 2318 3184 meos,
2347 3132 2453 3177 etc.
2478 3122 2641 3188 Quem
2664 3123 2802 3177 Deus
2829 3124 3074 3178 idonequ
3103 3125 3277 3179 effecit
3298 3133 3355 3179 ut
3374 3108 3517 3180 esset

1989 3206 2227 3261 minister
2254 3207 2383 3263 Novi
2423 3208 2769 3274 Testamenti,
2818 3221 2872 3264 et
2923 3225 3131 3266 omnem
3182 3212 3515 3267 altitudinem

1989 3297 2244 3349 adversus
2267 3297 2541 3353 scientiam
2574 3300 2665 3354 Dei
2699 3313 2818 3353 sese
2849 3302 3188 3355 extollentem
3217 3301 3438 3366 deleret,
3465 3302 3513 3358 is

1987 3385 2230 3440 inimicos
2257 3384 2441 3451 saluti,
2473 3402 2591 3455 quae
2622 3403 2652 3442 a
2684 3389 2793 3445 Deo
2814 3400 2917 3455 est,
2961 3405 3234 3444 sermones
3265 3403 3515 3458 persecu-

1988 3480 2093 3538 tus,
2126 3475 2241 3529 illos
2268 3490 2331 3530 eo
2357 3493 2522 3546 usque
2546 3487 2891 3547 persequetur
2922 3480 3090 3535 donec
3124 3480 3332 3549 penitus
3360 3479 3512 3534 defe-

1987 3562 2177 3617 cerint.
2218 3563 2371 3619 Stare
2399 3576 2569 3620 autem
2615 3568 2670 3621 in
2696 3578 2976 3637 conspectu
3008 3568 3142 3635 ejus,
3174 3581 3329 3635 quem
3375 3569 3515 3625 Deus

1986 3652 2066 3706 sic
2098 3652 2340 3706 idoneum
2382 3653 2578 3719 ell'ecit,
2607 3670 2713 3709 non
2743 3665 2989 3723 poterunt
3017 3658 3082 3712 ad
3124 3656 3394 3726 angustius
3428 3671 3515 3712 ro-

1988 3742 2131 3797 dacti
2166 3744 2457 3799 adversarii
2482 3746 2722 3803 veritatis
2748 3761 3020 3803 sermones

2054 3915 2213 3985 612
2258 3915 2524 3986 Ejusdem.
2573 3917 2672 3975 llic
2718 3922 3054 3989 persequitur
3104 3922 3368 3988 inimicos,
3420 3923 3513 3992 qui

1988 4008 2312 4075 perturbatis
2347 4008 2761 4077 cogitationibus
2792 4009 2992 4063 nullum
3021 4009 3075 4063 in
3105 4023 3163 4064 se
3194 4009 3367 4065 locum
3397 4010 3510 4066 dat.

1987 4096 2067 4149 Ab
2096 4096 2162 4149 iis
2194 4097 2336 4150 enim
2369 4098 2421 4151 in
2454 4112 2549 4152 nos
2585 4098 2800 4152 veniunt
2823 4107 3057 4168 peccata.

2056 4183 2327 4253 Ejusdem.
2358 4187 2655 4243 Aﬂectuum
2701 4187 2939 4242 carentia
2981 4188 3248 4245 detectum
3278 4189 3514 4247 hostium

1916 4302 1960 4358 ι)
1986 4278 2144 4345 parit.

2058 4364 2324 4434 Ejusdem.
2373 4368 2472 4434 Qui
2514 4382 2544 4421 a
2593 4367 2731 4423 malo
2774 4376 2913 4425 statu
2956 4367 3512 4432 cadunt,beneﬁcium

299 4466 583 4523 στάσεως
617 4455 1046 4527 εὐεργετοῦνται.
1095 4453 1232 4506 Ἀλλ’
1262 4452 1380 4506 οὐδὲ
1421 4454 1468 4504 oi.
1499 4454 1596 4522 τῆς
1635 4453 1886 4523 ἀληθείας

1990 4462 2408 4519 consequuntur.
2439 4453 2547 4510 Sed
2576 4469 2746 4524 neque
2775 4453 2987 4509 veritati
3033 4455 3376 4509 adversantes
3398 4469 3514 4509 ser-

293 4551 518 4624 ἐχθροὶ
546 4547 700 4614 >όγοι
725 4545 1040 4614 δυνήσονται
1090 4542 1274 4611 στῆναι
1304 4539 1526 4593 ἐνώπιον
1569 4542 1660 4594 τοῦ
1703 4544 1885 4597 ἱκανοῦ

296 4642 497 4714 χειρὶ,
531 4640 676 4706 ὅπερ
704 4638 735 4689 ό
767 4633 926 4687 Δαυῒδ
956 4631 1327 4702 ἑρμηνεύεται.

378 4728 513 4784 καὶ
557 4725 704 4789 τοὺς
737 4721 986 4790 ἐχθρούς
1004 4737 1120 4787 μου
1157 4719 1381 4785 ἔδωκάς
1418 4737 1517 4788 μοι
1543 4719 1749 4782 νῶτον,
1786 4720 1883 4775 καὶ

290 4817 469 4882 τοὺς
492 4808 837 4883 gemat-2ng
862 4822 939 4874 με
969 4804 1429 4871 ἐξωλόθρευσας,
1458 4821 1511 4858 κ.
1541 4822 1592 4860 τ.
1621 4806 1668 4858 ἐ.
1700 4806 1882 4859 Νῶτον

419 4978 478 5011 ⁸⁸
503 4973 711 5029 Ezech.
756 4985 870 5033 xvr,
902 4965 992 5020 '56.
1065 4966 1108 4997 ⁸⁷
1143 4965 1283 5020 Psal.
1310 4964 1573 5033 cxvn,16.

380 5162 514 5234 (94)
547 5159 614 5234 ιο
887 5151 1375 5234 ,σύμσοξὶόηέσῖιλ
1387 5160 1489 5234 etc.
1513 5151 1731 5206 δεὴεόω
1752 5151 1879 5207 Gra—

297 5218 421 5296 bii‘,
462 5218 1308 5296 codex}Zoisliniantts.'llarbari
1337 5220 1555 5296 Catena.

382 5284 513 5369 (95)
544 5293 712 5369 ςυιγ
737 5284 911 5369 δεξιᾷ
937 5284 1410 5369 ξαρ-ἠμεζρςιειεξ.
1431 5287 1654 5341 εοιιειιεε
1673 5286 1877 5353 Grabii,

296 5352 508 5425 codex,
534 5358 922 5425 Coislittiauus,
951 5352 1147 5425 Catena
1176 5352 1414 5406 Barbari.

384 5416 510 5502 (96)
534 5416 1281 5502 εὐφόρωςηύξεοιιείξιοζτος,
1304 5428 1408 5502 ett).
1434 5420 1652 5477 Schedm
1675 5420 1876 5478 Grabii.

384 5433 489 5502 (96
534 5430 827 5494 Εὐφόρως
864 5430 1281 5483 ὑπομένοντος,
1304 5430 1408 5477 etc.
1434 5430 1468 5474 δ

381 5430 510 5563 (97)
553 5499 607 5548 '0
636 5485 973 5547 ἱκανωθείς,
995 5494 1098 5538 etc.
1125 5485 1300 5540 Codex
1336 5487 1468 5544 Bue.

1984 4554 2168 4594 mones
2198 4550 2342 4595 stare
2367 4551 2615 4610 poterunt
2645 4543 2695 4597 in
2733 4550 3020 4611 conspectu
3053 4544 3280 4612 potentis
3332 4559 3511 4609 manu,

1978 4630 2123 4698 quod
2164 4630 2540 4697 interpretatur
2566 4631 2754 4686 David.

2054 4715 2216 4771 Vens.
2250 4717 2337 4770 41.
2378 4717 2445 4771 Et
2475 4719 2711 4773 inimicos
2742 4735 2879 4773 meos
2910 4718 3097 4772 dedisti
3128 4718 3253 4772 milii
3279 4719 3511 4783 dorsum,

1984 4816 2033 4860 et
2058 4807 2284 4861 odientcs
2310 4824 2389 4862 me
2417 4809 2790 4879 disperdidisti,
2815 4817 2921 4865 etc.
2939 4808 3165 4879 Tergum
3184 4808 3312 4863 dant
3330 4806 3513 4863 hostes

2051 5151 2160 5221 (98)
2197 5147 2401 5221 οὗτος
2418 5149 2902 5221 καταδιώκειηεῑο.
2927 5146 3106 5201 Codex
3130 5142 3506 5205 Coisliniantto,

1983 5214 2190 5277 scliedie
2224 5214 2428 5283 Grabii,
2453 5219 2651 5273 Catena
2680 5214 2925 5269 Barbari.
3016 5278 3045 5283 _
3084 5278 3097 5283 _
3169 5277 3184 5283 _
3287 5275 3321 5283 _
3390 5271 3440 5283 η

2052 5270 2505 5357 (ssi-ause»
2538 5270 2808 5351 ἐχθρῶν,
2859 5290 2960 5334 etc.
3012 5277 3231 5334 Schedae
3282 5270 3462 5331 Grabil
3483 5308 3507 5339 ,

1982 5353 2558 5496 83:11))331tsstwdrrec,
2597 5426 2701 5474 etc.
2729 5413 2946 5470 Sclteds:
2980 5411 3186 5478 Grabii,
3215 5411 3508 5465 Barbarus.
