3958 6274
386 272 551 327 1211

1354 293 1660 355 SELECTA
1698 302 1763 356 IN
1796 302 2128 366 PSALMOS.
2166 342 2233 352 -—
2270 314 2454 370 PSAL.
2494 321 2672 379 XVIII.

3447 346 3584 405 1212

376 468 501 535 κὸς
529 472 893 544 διηγήσασθαι
929 479 1144 537 δύναται
1175 468 1327 553 δόξαν
1351 468 1504 546 Θεοῦ.
1531 513 1552 548 ι
1593 497 1647 550 '0
1673 468 1784 570 γὰρ
1804 500 1903 554 aut

376 556 502 613 τῆς
535 562 646 613 γῆς
674 564 738 613 ἐκ
793 567 894 613 τῆς
926 571 1029 613 γῆς
1053 572 1201 613 λαλεῖ
1261 596 1278 613 ι
1306 580 1451 613 νιν...-
1482 584 1535 613 si.
1592 589 1801 613 _.~.-_-.-z
1827 593 1903 613 Α-

1996 468 2032 489 τ,
2128 468 2396 490 Ἵππη..
2423 468 2613 501 ..μίαν
2647 468 2789 490 eum.
2824 468 2987 508 tum,
3008 468 3181 515 neque
3209 468 3444 510 tre-terra
3476 468 3579 513 ter-

2054 525 2212 568 renus
2239 529 2493 573 enarrare
2526 532 2699 588 potest
2728 525 2949 595 gloriam
2996 532 3111 589 Dei.
3163 537 3293 597 Nam
3329 561 3347 594 ι
3386 548 3475 613 qui
3511 564 3579 605 ex

367 556 502 628 τῆς
535 562 646 632 γῆς
674 564 738 617 ἐκ
793 567 894 636 τῆς
926 571 1029 639 γῆς
1052 572 1218 628 λαλεῖ.

369 646 436 700 οἱ
474 650 584 702 τοῦ
613 654 863 724 οὐρανίου
894 659 990 729 τὴν
1025 665 1204 720 εἰκόνα

362 912 500 966 τῶν
566 917 811 987 οὐρανῶν
847 923 1113 993 κείμενον,
1159 931 1221 984 τὸ
1246 932 1302 985 δὲ
1348 912 1688 1007 ἀναγγέλλέιν
1736 945 1826 997 ἐπὶ
1855 946 1945 999 τοῦ

365 1001 780 1072 στερεώματος
813 1009 1117 1080 εἰρημένον.

466 1090 703 1158 Ἰἷμέρα
750 1094 827 1162 τῇ
877 1098 1064 1166 ἡμέρᾳ
1117 1103 1408 1174 ἐρεύγεται
1444 1110 1627 1180 ῥῆμα,
1678 1114 1774 1167 καί
1829 1117 1943 1182 νὺξ
2032 1097 2039 1103 ἱ

356 1179 564 1232 νυκτὶ
605 1181 961 1252 ἀναγγέλλει
985 1189 1223 1257 γνῶσιν,
1271 1211 1325 1246 κ.
1356 1214 1405 1251 τ.
1458 1179 1531 1251 ὲ.
1566 1200 1720 1254 Ἀλ)ἀ
1755 1206 1845 1257 καὶ
1891 1179 1941 1259 οἰ

352 1266 464 1318 τὸν
504 1266 628 1336 (15)
662 1269 932 1341 θεωρητὺν
962 1276 1319 1348 ἀσπαζόμενοι
1373 1284 1483 1353 βίον
1533 1286 1939 1360 θησαυρίζουσιν

352 1352 421 1407 ἐν
449 1356 706 1426 οὐρανῷ,
734 1361 892 1413 κάκεῖ
919 1364 1015 1433 τὴν
1056 1369 1280 1437 καρδίαν
1320 1352 1550 1441 ἔχοντες,
1585 1352 1801 1446 οὐρανοί
1830 1383 1935 1435 εἰσι

347 1437 729 1510 διηγούμενοι
749 1447 846 1515 τὴν
869 1453 1262 1522 προειρημένην
1277 1437 1407 1508 Θεοῦ
1427 1458 1580 1521 δόξαν
1598 1437 1684 1514 διά
1706 1463 1935 1536 θεωρίας

346 1525 466 1597 τῆς
498 1532 641 1600 περί¹
673 1533 879 1602 νοητῶν
911 1540 1265 1608 πραγμάτων.
1320 1546 1381 1597 Οἱ
1415 1552 1701 1614 πρακτικοὶ
1731 1552 1785 1605 δὲ
1814 1525 1936 1607 ore;

347 1616 571 1687 ρέωμά
597 1624 755 1682 εἰσιν,
791 1624 985 1694 ἑδραῖοι
1013 1631 1381 1698 τυγχάνοντες,
1417 1636 1508 1688 καὶ⁵
1539 1637 1930 1707 ἀπαγγέλλουσι

340 1707 457 1777 τὴν
484 1709 719 1778 ποίησιν
771 1713 880 1767 τῶν
927 1716 1019 1768 τοῦ
1047 1716 1179 1771 Θεοῦ
1211 1723 1423 1792 χειρῶν,
1474 1727 1819 1798 ἐργαζόμενοι
1858 1736 1926 1788 τὰ
1955 1732 1997 1786 Β

340 1797 447 1850 τοῦ
493 1799 664 1864 Θεοῦ,
696 1802 789 1855 καὶ
820 1805 1008 1858 τούτου
1040 1810 1391 1878 τυγχάνοντες
1420 1813 1572 1884 ἔργα.
1608 1797 1715 1872 Καὶ
1747 1822 1779 1889 ἡ
1808 1839 1921 1889 φω-

335 1886 511 1959 nivi;
546 1890 606 1942 δὲ
639 1890 823 1961 νόησις
855 1894 1062 1966 ἡμέρας
1087 1895 1238 1961 οὖσα,
1295 1901 1455 1972 ἑτέρᾳ
1486 1909 1710 1976 φωτεινῇ
1745 1886 1920 1979 νοήσει

337 1974 664 2044 σύμφωνος
687 1975 839 2044 οὖσα,
864 1983 1141 2052 ἐρεύγεται
1164 1987 1328 2057 ρῆμω
1354 1990 1429 2052 ὼς
1449 1993 1480 2060 ἡ
1504 1974 1710 2047 Παλαιά
1733 1974 1917 2070 Γραφὴ

331 2064 456 2119 τῶν
503 2071 893 2137 πνευματικῶν
921 2073 1261 2146 πληρωθεῖσα
1289 2080 1516 2148 τροφῶν,
1539 2083 1645 2137 ἀπὸ
1664 2086 1756 2138 τοῦ
1776 2064 1920 2160 ⁷πλίηλ

392 2151 409 2170 ο

332 2159 621 2224 ρώματος
653 2159 1003 2230 ἑρευγομένη,
1029 2164 1386 2234 προσφέρεται
1411 2169 1624 2239 ῥήματα
1641 2175 1705 2243 τῇ
1742 2159 1911 2248 Καινῇ

327 2241 626 2315 Διαθήκῃ.
702 2245 767 2298 Ἥ
816 2247 873 2300 δὲ
901 2248 1016 2313 νὺξ,
1072 2252 1103 2321 ἡ
1176 2252 1442 2327 βαθυτάτη
1480 2258 1587 2313 τῶν
1642 2241 1913 2330 μυστικῶν

328 2331 705 2399 πραγμάτων
752 2333 1018 2405 διάληψις,
1060 2341 1196 2410 πρὸς
1237 2342 1425 2413 ἑτέραν
1465 2348 1611 2416 ἡμᾶς
1651 2351 1913 2420 ἀσάφειαν

324 2416 556 2487 ὁδηγεῖ,
616 2423 796 2493 ἥνπερ
826 2424 1073 2495 διάληψιν
1099 2428 1278 2483 δίδωσι
1308 2433 1367 2484 τὺ
1391 2434 1482 2486 τοῦ
1526 2436 1659 2489 Θεοῦ
1691 2416 1910 2513 Πνεῦμα

323 2508 447 2569 τοῖς
471 2507 701 2576 ἔχουσιν
727 2512 886 2565 αὐτόο
920 2513 980 2566 τὸ
1000 2516 1093 2568 καὶ
1114 2516 1182 2570 τά
1213 2518 1347 2591 βάθη
1375 2522 1604 2593 ἐρευνῶν
1633 2528 1723 2581 τοῦ
1752 2507 1903 2587 Θεοῦ.

340 2595 412 2647 Ἦ
442 2596 624 2650 λαλιά
652 2599 705 2651 δὲ
740 2607 1077 2670 προποιεΐται
1108 2609 1220 2669 τοῖς
1250 2608 1455 2679 λόγοις,
1484 2617 1531 2666 oi
1557 2616 1612 2669 δὲ
1637 2616 1781 2686 λόγοι
1806 2623 1905 2694 τὴν

320 2685 664 2759 ἐπιστήμην
716 2691 977 2759 ἐπάγουσι
1001 2734 1015 2758 ,
1065 2697 1163 2760 τὰς
1211 2700 1507 2767 ἀποδείξεις
1559 2685 1898 2778 παρέχοντες.

333 2777 673 2849 Ἀμφότερα
697 2780 755 2832 δὲ
796 2781 884 2834 διὰ
909 2782 1064 2837 τοῦτο
1107 2787 1255 2857 παρά
1284 2789 1416 2843 Θεοῦ
1448 2777 1728 2862 λέλεκται,
1756 2802 1901 2866 ὅπως

316 2865 389 2918 ἂν
443 2867 800 2921 ἀκουσθῶσν
871 2870 950 2924 διὸ
999 2874 1229 2939 καὶτοῖς
1269 2879 1579 2939 ἀπειθοῦσιν
1629 2865 1897 2945 οὐκέστιν

314 2955 630 3023 ἀπολογία.
657 2959 908 3030 Χωροῦσι
956 2962 1013 3014 δὲ
1051 2964 1143 3016 τὸν
1175 2966 1404 3037 φθόγγον
1436 2972 1547 3026 δσοι
1573 2978 1892 3047 τυγχάνουσι

313 3045 392 3114 γῆ
418 3046 575 3116 πρὸς
639 3048 837 3119 σπόρον
868 3051 1164 3121 ἐπιτηδεία,
1213 3056 1309 3126 τὴν
1341 3059 1480 3125 λέξιν
1508 3063 1603 3134 τὴν
1640 3045 1777 3121 κατὰ
1833 3070 1892 3123 τὸ

311 3131 598 3202 αἰσθητὸν
622 3135 721 3205 τῆς
748 3137 988 3206 Γραφῆς.
1022 3141 1084 3192 Oi.
1116 3141 1171 3194 δὲ
1198 3146 1414 3209 τούτους
1443 3131 1885 3225 ὑπερϐεϐηκότες,

310 3222 412 3273 καὶ
444 3221 675 3292 πέρατα
696 3228 1139 3295 χρηματίζοντες,
1188 3233 1427 3303 δέχονται
1460 3239 1528 3290 τά
1555 3221 1767 3311 ῥήματα
1797 3263 1889 3298 σα-

309 3309 438 3377 φῶς
464 3310 879 3382 παιδευόμενοι·
915 3317 974 3369 οὐ
1008 3318 1238 3386 φθόγγου
1269 3322 1374 3394 γάρ
1402 3309 1662 3380 ἀκούωνμό
1686 3330 1886 3402 Πέτρος

306 3397 475 3465 ἔλεγε
503 3413 524 3430 ⁶
558 3416 581 3449 σ
623 3400 869 3471 Ῥήματα
917 3402 1057 3475 ζωῆς
1090 3409 1304 3462 αἰωνίου
1329 3410 1486 3480 ἔχεις.
1528 3433 1545 3465 ι
1580 3418 1687 3470 Καὶ
1713 3421 1741 3471 ὁ
1783 3397 1887 3475 ἑω-

302 3485 416 3556 τὴρ
469 3484 624 3555 ἔφη·
658 3503 678 3536 ι
737 3488 816 3541 Τά
873 3491 1086 3560 ῥήματα
1127 3492 1163 3546 ἀ
1199 3495 1430 3567 ἐλάλησα
1474 3500 1883 3578 ὐμῖν,“πνεῦμά

302 3575 489 3626 ἔστιν.
533 3592 554 3625 ι
606 3575 949 3642 Ἀποστόλοις
980 3582 1084 3652 γὰρ
1106 3582 1274 3651 ἔλεγε,
1293 3587 1500 3658 πέρατα
1530 3575 1879 3661 τυγχάνουσιν

300 3663 672 3734 οἰκουμένης.

379 3756 518 3806 Οὐκ
555 3753 678 3807 εἰσί
707 3757 911 3810 ltum!
945 3758 1084 3812 οὐδὲ
1111 3762 1297 3831 λόγοι,
1340 3759 1426 3818 ὧν
1469 3769 1602 3837 οὐχὶ
1630 3769 1878 3825 auctiora

298 3858 400 3895 ται
427 3846 497 3896 αἱ
529 3843 724 3911 φωναὶ
755 3845 969 3910 αὐτῶν,
996 3866 1049 3902 κ.
1085 3867 1136 3904 τ.
1176 3852 1223 3905 ἑ.
1253 3854 1325 3906 Οὐ
1352 3858 1542 3911 ταυτὸν
1561 3860 1715 3918 λαλιά
1763 3866 1872 3936 (14)

301 3933 404 3984 καὶ
456 3932 645 3999 λόγος,
699 3934 822 3989 ἐπεὶ
864 3937 985 3991 οὐδὲ
1039 3942 1228 3995 ταυτδν
1254 3946 1283 3996 ι
1314 3945 1469 4010 λάλος
1503 3950 1580 4020 τῷ
1601 3952 1762 4026 λογίῳ
1773 3932 1791 3987 ὀ
1837 3932 1870 4028 ἢ

297 4022 454 4091 τάχα
490 4020 694 4075 λαλιῶν
724 4025 822 4094 μὲν
847 4026 876 4077 ὁ
900 4026 1150 4097 φθόγγος,
1177 4031 1346 4101 λόγων
1383 4036 1439 4090 δὲ
1470 4039 1538 4092 τά
1568 4020 1799 4113 ῥήματα.

382 4196 500 4252 ἐν
525 4194 612 4259 τῷ
646 4196 798 4264 ἡλίῳ
826 4197 991 4254 ἔθετο
1017 4202 1083 4256 τὸ
1109 4205 1392 4275 σκήνωμα
1418 4212 1627 4279 αὐτοῦ,
1657 4232 1710 4268 κ.
1741 4234 1792 4272 τ.
1817 4221 1864 4273 ὲ.

302 4283 368 4338 ’0
404 4283 626 4354 Κύριος
652 4285 808 4355 ἡμῶν
838 4287 944 4358 (15)
978 4292 1170 4361 όῆλιος
1197 4296 1297 4365 τῆς
1325 4298 1661 4373 δικαιοσύνης
1692 4307 1858 4372 ἐστὶν,

289 4372 353 4426 ὲν
379 4373 544 4442 αὐτῷ
580 4372 641 4425 δὲ
672 4383 999 4448 κατασκηνοϊ
1036 4383 1065 4432 ὁ
1111 4384 1315 4456 Πατὴρ,
1349 4389 1488 4443 κατά
1538 4372 1630 4445 τόέ
1664 4414 1683 4445 ‹
1725 4397 1862 4465 Ἐγὼ

286 4465 349 4519 ἑν
393 4463 483 4534 τῷ
532 4463 733 4533 Πατρὶ,
779 4466 873 4518 καὶ
909 4470 938 4521 ό
981 4471 1166 4542 Πατὴρ
1198 4475 1254 4527 ὲν
1282 4478 1421 4545 ὲμοί.
1464 4498 1482 4530 ι
1520 4482 1629 4536 Καὶ
1658 4463 1818 4540 πάλιν
1844 4504 1862 4521 ο

291 4565 314 4600 ι
362 4550 429 4602 '0
462 4549 665 4620 Πατὴρ
715 4552 771 4603 ὲν
808 4553 930 4621 ἐμοὶ
978 4558 1151 4625 μένων
1177 4562 1337 4625 αὐτὸς
1378 4570 1520 4618 ποιεῖ
1547 4569 1614 4622 τά
1647 4570 1798 4642 ἔργα.
1836 4595 1855 4627 ι

284 4639 407 4691 Καὶ
434 4637 470 4689 ό
510 4636 868 4702 Ἀπόστολος·
909 4660 928 4693 ι
958 4644 1090 4709 Θεὸς
1113 4643 1181 4717 ἦν
1208 4650 1267 4702 ὲν
1297 4651 1373 4722 τῷ
1401 4654 1617 4728 Χριστῷ
1658 4636 1858 4732 κόσμον

284 4725 692 4781 καταλλάσσων
717 4727 909 4799 ἑαυτῷ.
944 4750 964 4783 ι
1589 4725 1598 4728 ’
1632 4748 1635 4751 ·

346 5241 399 5273 ’³
416 5240 583 5295 Joan.
612 5257 716 5308 xu,
743 5243 837 5296 5t.
910 5246 1122 5309 “lCor.
1147 5268 1203 5319 ιι,
1229 5258 1313 5312 10.
1386 5259 1431 5292 ⁸⁸
1451 5259 1600 5319 Joan.
1628 5282 1701 5334 vr,
1725 5270 1812 5328 69.

375 5350 644 5423 1995??
663 5336 792 5423 ,νᾶρ
811 5350 915 5423 ανῆ.
944 5364 1044 5410 etc.
1080 5358 1384 5423 Corderius.

375 5353 444 5403 19
485 5353 644 5402 Οὔτε
673 5353 792 5417 γὰρ
820 5353 915 5419 γῆ,
944 5364 1044 5410 etc.
1080 5358 1384 5423 Corderius.

1118 5438 1224 5489 etc.
1268 5435 1555 5496 Corderius
1590 5442 1828 5519 Origeui,

265 5481 552 5537 Barbarus
580 5485 823 5551 Didme
846 5488 1041 5541 tribuit.

339 5551 452 5620 (14)
488 5553 578 5604 Οὐ
612 5549 848 5602 ταύτὸν
877 5556 1067 5620 λαλιά,
1098 5573 1201 5618 etc.
1240 5567 1455 5628 Sclietla:
1486 5576 1687 5637 Grabii.

1258 596 1278 629 ι
1306 580 1454 651 Τάχα
1481 584 1536 638 δὲ
1590 589 1801 658 οὐρανοί
1822 593 1955 646 εἰσιν
2054 608 2194 654 terra
2238 613 2340 671 est,
2391 606 2459 662 de
2502 580 2640 665 terra
2685 580 3017 683 loquitur};

1257 673 1562 742 φοροῦντες,
1610 679 1802 744 οἵτινες
1836 682 1954 755 διη-
2049 700 2190 755 sunt,
2231 695 2318 761 qui

364 734 630 802 γοῦνται
653 740 809 806 δόξαν
833 744 986 799 Θεοῦ.
1023 751 1141 804 Εἰσὶ
1168 753 1223 806 δὲ
1256 734 1347 810 καί
1374 734 1587 828 οὐρανοὶ
1605 734 1811 835 ποίημά
1842 734 1953 837 χεὶ-

369 823 509 893 ρῶν
542 826 704 886 Θεοῦ.
734 831 901 902 Τήρει
928 836 984 888 δὲ
1011 837 1286 911 διαφορὰν,
1314 846 1374 898 τὸ
1406 823 1503 917 μεν
1525 823 1821 923 διηγεῖσθαι
1842 823 1950 911 ἐπὶ

3053 641 3072 674 ι
3097 624 3257 683 Forte
3286 646 3416 688 vero
3455 640 3577 694 coeli

2362 710 2551 765 gerunt
2599 703 2882 774 imaginem
2921 716 3172 775 ctelestis.
3216 722 3281 777 Hi
3325 739 3577 786 enarrant

2047 778 2268 847 gloriam
2308 784 2419 842 Dei.
2449 789 2586 845 Sunt
2613 806 2790 850 autem
2824 801 2984 856 etiam
3007 808 3127 861 cteli
3155 824 3287 879 opus
3322 830 3571 874 manuum

2047 866 2157 922 Dei.
2183 870 2413 930 Observa
2437 878 2720 938 discrimen
2746 902 2761 938 :
2783 888 2903 942 caeli
2928 866 3573 969 dicuntur

2043 970 2180 1022 rare,
2215 961 2600 1025 ﬁrmamentum
2634 990 2759 1032 vero
2787 984 3125 1041 annuntiare.

2109 1133 2270 1192 Vens.
2306 1141 2359 1195 ὅ.
2407 1143 2528 1199 Dies
2575 1149 2681 1204 dici
2721 1162 2920 1208 eructat
2963 1157 3189 1225 verbum,
3214 1170 3263 1216 et
3293 1180 3399 1218 ηοω
3432 1170 3569 1223 nocti

2036 1222 2234 1279 indicat
2275 1231 2560 1301 scientiam,
2591 1247 2698 1293 etc.
2732 1240 2838 1296 Sed
2876 1252 2932 1299 et
2974 1246 3027 1300 hi
3058 1249 3146 1316 qui
3173 1222 3570 1324 contemplatri-

2035 1323 2150 1365 cem
2183 1315 2344 1371 vitam
2376 1322 2780 1389 amplectuntur.
2822 1329 2874 1384 in
2919 1315 3476 1406 cmloitbesaurizant,
3510 1357 3575 1401 et'

2032 1412 2151 1453 cum
2187 1402 2258 1457 ibi
2292 1419 2387 1459 cor
2421 1408 2668 1479 habeant,
2703 1418 2821 1470 caeli
2855 1429 2981 1474 sunt
3020 1425 3110 1490 qui
3141 1429 3442 1488 praedictam
3465 1402 3561 1490 Dei

2028 1489 2247 1558 gloriam
2280 1508 2531 1552 enarrant
2577 1516 2671 1568 per
2706 1489 3063 1574 spiritualium
3104 1529 3281 1570 rerum
3321 1528 3560 1575 contem-

2027 1581 2330 1647 plationem.
2378 1588 2475 1652 Qui
2519 1599 2692 1647 autem
2738 1599 2988 1653 actricem
3018 1602 3179 1658 vitam
3206 1618 3388 1677 agunt,
3414 1612 3448 1666 ii
3492 1614 3560 1669 ob

2027 1670 2345 1728 soliditatem
2375 1687 2494 1732 sunt
2531 1682 2942 1755 ﬁrmamentum,
2969 1703 3023 1746 et
3051 1700 3363 1753 annuntiant
3401 1715 3557 1769 opera

2017 2025 2458 2089 quemadmodum
2490 2030 2765 2102 Scriptura
2798 2039 2959 2097 Vetus
2989 2048 3318 2115 spiritalibus
3352 2054 3548 2111 referta

2015 2109 2165 2171 cibis,
2210 2113 2274 2166 de
2316 2118 2639 2182 plenitudine
2692 2141 2786 2179 sua
2829 2109 3097 2200 eructans,
3143 2141 3339 2205 praebet
3386 2144 3544 2198 verba

2013 2195 2159 2252 Novo
2189 2199 2544 2260 Testamento.
2589 2208 2702 2267 Nox
2744 2229 2888 2279 vero,
2920 2233 3036 2286 qute
3080 2233 3161 2276 est
3197 2226 3545 2291 profundissi-

2011 2299 2094 2337 ma
2124 2300 2300 2341 rerum
2334 2306 2642 2349 arcanarum
2679 2305 3108 2373 comprehensio,
3145 2311 3211 2364 ad
3257 2314 3414 2369 aliam
3447 2333 3544 2374 nos

2009 2370 2385 2431 obscuritatem
2422 2383 2652 2438 adducit.
2697 2387 2843 2444 Hanc
2885 2397 3408 2462 comprehcnsrouem
3448 2404 3539 2460 Dei

2007 2456 2236 2529 Spiritus
2285 2468 2468 2522 tribuit
2516 2471 2581 2526 iis
2613 2476 2701 2542 qui
2754 2477 2924 2546 ipsum
2975 2456 3188 2538 habent.
3228 2487 3324 2542 Hic
3374 2456 3536 2547 etiam

2002 2549 2262 2618 profunda
2292 2554 2384 2610 Dei
2412 2571 2678 2616 scrutatur
2702 2565 2768 2619 ³³.
2805 2567 3064 2626 Caeterum
3096 2573 3301 2642 loquela
3328 2593 3536 2637 sermo-

2003 2637 2157 2694 nibus
2182 2646 2541 2713 pramittitur,
2566 2666 2842 2710 sermones
2863 2668 3040 2714 autem
3067 2637 3343 2719 scientiam
3369 2671 3536 2723 addu-

2001 2738 2156 2796 cunt,
2206 2736 2331 2788 dum
2380 2740 2635 2796 exhibent
2681 2745 3180 2808 demonstrationes.
3242 2753 3535 2828 Utrumque

1997 2827 2172 2872 autem
2209 2836 2238 2875 a
2271 2823 2380 2880 Deo
2411 2827 2609 2883 dictum
2643 2843 2723 2887 est
2764 2845 2823 2889 ut
2866 2839 3167 2898 audiantur.
3203 2823 3535 2914 Quapropter

1994 2996 2296 3067 quicunque
2333 3013 2456 3058 sunt
2488 3018 2627 3061 terra
2664 3012 2853 3066 semini
2897 3025 3039 3084 apta,
3089 3018 3142 3072 id
3186 3031 3269 3076 est
3314 3025 3528 3082 litterali

1992 3082 2278 3153 Scriptura:
2311 3095 2507 3150 sensui.
2561 3096 2660 3162 Qui
2684 3112 2809 3156 vero
2840 3103 2924 3157 his
2966 3110 3270 3174 superiores
3300 3124 3440 3179 sunt,
3473 3127 3529 3172 et

1990 3171 2121 3228 lines
2144 3179 2492 3247 appellantur,
2516 3196 2700 3253 aperte
2724 3188 2760 3242 ii
2786 3194 2978 3248 eruditi
3008 3171 3300 3266 suscipiunt
3323 3205 3483 3259 verba
3506 3220 3524 3261 :

1980 3439 2047 3493 Et
2080 3439 2325 3499 Salvator
2349 3450 2424 3502 ait
2447 3452 2493 3483 ”
2520 3470 2536 3507 :
2567 3471 2586 3505 ι
2623 3456 2792 3511 Verba
2815 3474 2936 3528 quae
2965 3462 3174 3519 locutus
3204 3482 3319 3521 sum
3348 3473 3519 3540 vobis,

1979 3529 2197 3597 spiritus
2220 3546 2362 3590 sunt.
2394 3558 2413 3590 ι
2440 3540 2657 3597 Dicebat
2679 3548 2820 3601 enim
2845 3550 2946 3605 hoc
2973 3556 3222 3621 apostolis
3244 3561 3332 3627 qui
3362 3572 3519 3619 erant

1981 3616 2112 3673 ﬁnes
2143 3624 2291 3677 orbis
2321 3635 2607 3683 terrarum.

2043 3788 2269 3844 VnnsJ.
2293 3792 2413 3848 Non
2439 3810 2558 3852 sunt
2584 3800 2801 3870 loquela
2829 3823 2989 3879 neque
3010 3828 3266 3870 sermones
3293 3835 3512 3887 quorum

1974 3892 2072 3929 non
2089 3880 2372 3935 audiantur
2387 3900 2527 3940 voces
2546 3905 2741 3958 eorum,
2771 3904 2872 3950 etc.
2894 3898 3005 3953 Non
3036 3902 3174 3957 idem
3199 3916 3280 3960 est
3303 3908 3508 3977 loquela

1972 3972 2131 4031 atque
2155 3982 2352 4036 sermo,
2382 3977 2632 4041 quoniam
2665 3996 2768 4035 non
2796 3984 2937 4040 idem
2977 4000 3060 4044 est
3104 3991 3294 4062 loquax
3331 3972 3396 4053 ac
3422 4002 3506 4055 di-

1969 4064 2161 4111 sertus.
2194 4058 2287 4113 Vel
2318 4061 2453 4119 forte
2483 4080 2649 4125 sonus
2696 4073 2761 4129 ad
2808 4075 3061 4146 loquelas,
3088 4058 3245 4138 verba
3280 4089 3347 4143 ad
3383 4105 3504 4146 ser-

1969 4156 2151 4199 mones
2172 4150 2460 4214 pertinent.

2035 4229 2196 4289 Vsns.
2225 4235 2276 4290 6.
2309 4238 2375 4294 In
2416 4243 2524 4297 sole
2549 4259 2717 4312 posuit
2758 4256 3146 4311 tabernaculum
3196 4276 3368 4327 suum,
3395 4273 3497 4321 etc.

1894 4357 1937 4412 υ
1968 4317 2217 4379 Dominus
2245 4339 2428 4383 noster
2447 4333 2666 4400 justitize
2693 4341 2770 4394 sol
2800 4352 2901 4408 est,
2942 4345 3124 4415 inquo
3166 4349 3322 4406 Pater
3345 4354 3500 4409 habi-

1965 4414 2058 4471 tat,
2077 4408 2230 4475 juxta
2260 4413 2386 4471 illud
2411 4420 2454 4451 ’⁷
2481 4435 2496 4473 :
2522 4441 2541 4473 ι
2574 4422 2685 4494 Ego
2713 4427 2763 4482 in
2787 4428 2965 4500 Patre,
2996 4408 3050 4488 et
3073 4434 3231 4492 Pater
3251 4439 3305 4493 in
3334 4408 3492 4498 me.»

1960 4494 2026 4549 Et
2053 4512 2233 4554 rursus
2247 4504 2318 4556 ’3:
2349 4525 2367 4556 ι
2397 4506 2552 4565 Pater
2572 4512 2624 4567 in
2652 4531 2737 4571 me
2756 4494 2976 4576 manens
2997 4523 3110 4592 ipse
3128 4526 3252 4583 facit
3275 4545 3491 4598 opera.»

1958 4583 2025 4639 Et
2053 4588 2337 4656 Apostolus
2371 4598 2415 4629 ”
2450 4616 2465 4653 :
2493 4617 2511 4649 ι
2546 4603 2683 4660 Deus
2723 4618 2837 4662 erat
2896 4612 2951 4665 in
2984 4583 3195 4672 Christo
3242 4583 3495 4674 mundum

1958 4680 2307 4738 reconcilians
2337 4685 2463 4741 sibi.
2500 4706 2519 4741 ι

1883 5277 1929 5310 ⁸⁸
1951 5278 2080 5334 ibid.
2099 5282 2186 5337 65.
2259 5286 2437 5342 "ibid.
2466 5306 2575 5354 xiv,
2601 5294 2683 5348 l0.
2758 5295 2802 5329 ⁸⁸
2830 5297 2954 5351 ibid.
3034 5298 3082 5329 ”
3114 5294 3156 5347 ΙΙ
3177 5293 3384 5356 (ἴον-ν»
3419 5300 3517 5371 19,

2011 5391 2118 5462 ('5)
2159 5394 2222 5448 ὀ
2245 5398 2457 5464 Κύριος
2482 5402 2667 5470 ἡμῶν,
2695 5413 2799 5458 etc.
2839 5407 3066 5461 Scheda:
3112 5400 3335 5463 Grabii,
3376 5404 3527 5462 lla-r-

1935 5462 2116 5515 barus.

2002 5527 2110 5603 (l6)
2142 5530 2325 5603 Exstat
2382 5534 2482 5586 hoc
2522 5536 2877 5603 fragmentum
2928 5544 2977 5597 in
3019 5532 3286 5603 Apologia
3347 5533 3540 5593 Pam-

1936 5594 2061 5661 phili
2092 5594 2337 5665 martyris
2375 5615 2469 5665 pro
2507 5594 2743 5671 Originis.
