3958 6222
335 274 483 330 1245
1329 279 1632 342 SELECTA
1662 283 1730 340 IN
1762 287 2092 348 PSALMOS.
2127 321 2196 331 -—
2234 283 2431 343 PSAL.
2467 275 2606 344 XIX.
3401 284 3538 341 1246

416 383 530 488 To?)
550 387 760 488 ait-toﬁ.
791 411 812 444 s
853 393 914 448 Ὀ
942 397 1101 466 φόϐος
1125 397 1324 468 Κυρίου
1344 397 1522 466 ἁγνὸς,
1539 396 1800 468 διαμένων
1830 404 1897 466 εἰς

2077 405 2345 472 Ejusdem.
2382 415 2401 447 ι
2445 388 2627 488 Timor
2657 401 2860 456 Domini
2906 411 3102 466 castus,
3131 411 3446 470 permanens
3477 397 3529 450 in

335 475 523 528 αἰῶνα
554 477 771 542 αἰῶνος.
822 501 842 532 ι
901 484 1113 552 Ἀγνεία
1159 488 1300 539 ἐστὶν
1343 487 1452 556 (20)
1504 486 1897 558 ἁμαρτημάτων

1999 491 2247 545 saeculum
2302 483 2502 540 saeculi.
2538 505 2557 538 ι
2585 489 2812 543 Castitas
2862 501 2942 544 est
2997 487 3308 544 abstinentia
3339 499 3369 538 a
3403 499 3530 552 pec-

333 565 552 635 ἀποχὴ,
573 569 668 620 καὶ
689 569 718 619 ὁ
740 569 904 636 φόϐος
927 573 1105 639 ἁγνὸς,
1129 575 1202 636 ὡς
1231 576 1421 641 ἁγνοὺς
1453 573 1616 627 ποιῶν
1636 591 1649 604 ⁶
1704 576 1779 645 τῷ
1799 576 1897 646 γὰρ

2001 580 2152 642 catis,
2187 590 2240 633 et
2259 579 2422 632 timor
2441 588 2642 643 castus,
2674 579 2869 646 quippe
2893 580 2981 646 qui
3008 588 3182 632 castos
3212 575 3374 629 facit:
3407 588 3528 626 nam

333 656 504 724 φόϐῳ
533 657 735 725 Κυρίου
765 659 1001 713 ἐκκλίνει
1027 665 1132 724 πᾶς
1153 664 1257 716 ἀπὸ
1283 663 1473 717 κακοῦ.
1509 665 1728 728 Αἰώνιος
1752 667 1807 718 δὲ
1829 667 1897 720 ὢν

1999 669 2206 723 Domini
2247 670 2437 723 timore
2469 669 2691 736 quilibet
2743 683 2772 720 a
2821 669 2958 721 malo
2987 667 3232 720 declinat.
3275 664 3530 718 Aﬁternus

327 745 364 796 ὁ
409 744 604 811 φόϐος,
639 747 732 798 καὶ
751 749 999 811 αἰωνίους
1029 746 1108 812 οἷς
1131 750 1194 803 ἂν
1219 752 1434 822 γένηται
1461 755 1618 806 ποιεῖ.
1645 754 1897 806 Εύλάϐεια

2001 767 2178 810 autem
2218 773 2336 811 cunt
2375 756 2444 809 sit
2484 757 2661 820 timor,
2709 765 2935 808 adernos
2981 767 3190 820 quoque
3222 753 3389 820 ipsum
3433 751 3532 804 ba-

329 834 442 885 καὶ
486 836 518 885 ὁ
549 835 640 886 τοῦ
663 835 796 887 Θεοῦ
838 838 999 902 φόϐος
1029 841 1132 891 τῶν
1159 842 1385 893 αἰωνίων
1408 842 1622 908 ἀγαθῶν
1665 842 1897 913 προξενεί

2000 846 2184 899 bentes
2229 845 2404 900 eilicit.
2445 845 2756 900 Reverentia
2807 853 2859 897 et
2909 843 3000 895 Dei
3057 843 3215 894 timor
3269 842 3528 893 bonorum

326 923 444 991 τὴν
469 924 792 978 ἀπόλαυσιν.
816 927 1051 989 Εἰκότως
1076 928 1131 980 δὲ
1154 929 1181 978 ὁ
1200 927 1290 980 τοῦ
1315 929 1446 981 Θεοῦ
1468 929 1627 998 φόϐος
1651 931 1809 996 ἁγνός
1825 943 1840 960 ⁶
1875 934 1897 984 tl

2000 944 2321 989 aeternorum
2352 935 2582 988 fructum
2614 935 2770 1002 parit.
2805 933 2992 985 Merito
3028 939 3200 983 autem
3249 929 3342 982 Dei
3372 930 3530 981 timor

324 1011 457 1080 γὰρ
489 1013 834 1085 ἀνθρώπινος
873 1015 1115 1084 ψέγεται,
1149 1018 1240 1070 καὶ
1265 1018 1459 1081 δειλίας
1489 1019 1597 1088 ἔχει
1634 1037 1897 1090 προσηγο-

2000 1033 2177 1079 castus
2217 1034 2339 1078 est:
2377 1025 2637 1078 humanus
2687 1023 2826 1077 enim
2874 1021 3177 1083 damnatur,
3233 1027 3287 1071 et
3336 1016 3529 1070 timidi-

328 1099 476 1168 ρίαν
493 1141 510 1154 .
1714 1119 1718 1124 -

2004 1113 2126 1164 tatis
2167 1113 2420 1165 vocabulo
2450 1113 2765 1165 nominatur.

413 1190 537 1242 Kal
568 1190 680 1259 γὰρ
715 1193 748 1244 ὁ
767 1191 984 1257 δοῦλός
1009 1209 1122 1246 σου
1154 1194 1449 1261 φυλάσσει
1476 1195 1642 1260 αὐτὰ,
1699 1213 1751 1247 κ.
1773 1213 1821 1247 τ.
1854 1198 1897 1250 ἐ.

2071 1199 2230 1253 Vens.
2263 1200 2348 1252 ιε.
2380 1199 2583 1252 Etenim
2614 1215 2785 1252 servus
2813 1208 2933 1250 tuus
2967 1198 3186 1250 custodit
3213 1212 3293 1260 ea,
3327 1205 3432 1250 etc.
3469 1193 3527 1248 Si

323 1278 405 1329 Εἰ
438 1279 470 1329 ὁ
505 1278 698 1342 δοῦλος
718 1279 826 1349 (2|)
851 1281 1127 1348 φυλάσσει,
1161 1285 1188 1335 ό
1213 1283 1284 1352 μὴ
1312 1284 1594 1351 φυλάσσων
1616 1285 1674 1336 ού
1701 1283 1897 1347 δοῦλος.

2000 1302 2180 1342 servus
2206 1291 2453 1352 custodit,
2487 1289 2574 1356 qui
2624 1304 2726 1340 non
2770 1289 3018 1352 custodit,
3061 1301 3168 1340 non
3199 1293 3281 1338 est
3317 1299 3525 1339 servus.

324 1366 628 1419 Φυλάσσει
657 1368 713 1419 δὲ
741 1369 808 1420 τὰ
835 1369 1141 1440 ἐπιθυμητὰ
1166 1371 1256 1422 τοῦ
1283 1371 1414 1422 Θεοῦ
1441 1374 1469 1424 ὁ
1508 1372 1784 1442 ἐπιθυμῶν
1805 1373 1897 1424 ούκ

1998 1376 2234 1431 Custodit
2281 1389 2454 1430 autem
2503 1376 2870 1430 desiderabilia
2916 1375 3030 1439 Dei,
3075 1374 3165 1442 qui
3211 1371 3341 1425 nihil
3387 1369 3528 1424 aliud

323 1452 476 1504 ἄλλο
512 1471 566 1506 τι
601 1455 636 1524 ἢ
683 1455 841 1508 αὐτά.
895 1457 983 1509 Διὸ
1034 1457 1142 1526 ἔχει
1187 1459 1526 1511 ἀνταπόδοσιν
1573 1461 1745 1528 τυχεῖν
1796 1459 1897 1510 τῶν

1999 1465 2256 1518 desiderat
2289 1474 2476 1531 praster
2525 1466 2661 1532 ipsa.
2716 1464 2912 1517 Idcirco
2963 1476 3058 1528 pro
3105 1459 3529 1514 remuneratione

322 1540 827 1612 ἐπιθυμουμένων.
857 1547 900 1598 Τ
902 1545 937 1598 ἀ
960 1547 1162 1618 φανερά
1183 1548 1239 1600 δὲ
1267 1548 1625 1617 κατορθώσας,
1643 1550 1768 1618 περὶ
1797 1548 1897 1601 τῶν

1997 1553 2196 1608 obtinet
2241 1567 2303 1607 ea
2359 1567 2474 1620 qua:
2534 1554 2874 1608 desideravit.
2935 1551 3034 1617 Qui
3080 1559 3254 1604 autem
3302 1563 3362 1602 ea
3411 1563 3528 1616 quas

323 1629 602 1697 κρυφίων
625 1629 860 1699 εὔχεται.

1998 1650 2177 1707 aperta
2207 1647 2350 1703 sunt,
2382 1650 2522 1694 recte
2564 1643 2743 1707 gessit,
2790 1655 2886 1708 pro
2925 1638 3145 1692 occultis
3193 1638 3523 1704 deprecatur.

425 1715 582 1768 Ἐὰν
629 1718 716 1786 μή
761 1737 879 1787 μου
933 1723 1448 1788 κατακυριεύσωσι,
1509 1725 1637 1776 τότε
1670 1722 1897 1794 ἄμωμος

2031 1701 2048 1707 -
2071 1727 2225 1781 Vens.
2250 1701 2343 1780 M.
2361 1727 2422 1781 Si
2445 1729 2540 1781 mei
2566 1701 2667 1779 itan
2694 1701 2882 1794 fuerint
2903 1727 3174 1789 dominati,
3199 1701 3319 1776 tunc
3343 1725 3528 1776 imma-

320 1805 589 1873 ἔσομαι,
627 1824 681 1860 κ.
713 1825 763 1860 τ.
798 1809 844 1860 ἐ.
885 1809 1006 1864 Ἐὰν
1035 1811 1083 1862 oi
1115 1811 1374 1880 ἀλλότριοι
1407 1811 1515 1882 (22)
1561 1812 1633 1881 μὴ
1663 1829 1897 1864 κατακυ-

1997 1815 2199 1868 culatus
2223 1831 2328 1878 ero,
2367 1826 2472 1868 etc.
2511 1813 2565 1866 Si
2598 1814 2751 1868 alieni
2793 1830 2892 1865 non
2937 1815 3128 1866 fuerint
3161 1813 3311 1866 nobis
3353 1812 3523 1863 domi-

321 1893 644 1964 ριεύσωσιν
671 1896 845 1966 ἡμῶν,
867 1897 982 1950 τότε
1007 1899 1222 1968 ἄμωμοι
1265 1900 1512 1968 ἐσόμεθα,
1556 1903 1614 1952 ού
1643 1901 1899 1970 πρότερον

316 1985 584 2038 τοιοῦτοι
608 1986 778 2048 ὄντες.
807 1988 1054 2056 Ἀμωμοι
1073 1988 1128 2040 δὲ
1158 1989 1382 2057 ἐσόμεθα
1406 1989 1777 2058 καθαιρόμενοι
1809 1992 1900 2042 ita).

317 2071 452 2124 ἀπδ
491 2070 760 2142 μεγίστης
789 2073 1074 2143 ἁμαρτίας.
1109 2075 1216 2127 Καὶ
1247 2077 1336 2128 τοῦ
1385 2078 1478 2144 μὲν
1531 2077 1690 2146 μηδὲν
1745 2078 1900 2143 ἁγνὸν

320 2161 765 2230 προφερομένου
799 2163 862 2213 ἐκ
905 2162 995 2214 τοῦ
1031 2163 1160 2214 ἰδίου
1195 2163 1453 2232 στόματος
1481 2164 1545 2216 τὰ
1576 2165 1725 2231 λόγια
1756 2165 1899 2216 ἔσον-

1999 1905 2127 1966 nati,
2159 1913 2279 1956 tunc
2309 1903 2625 1955 immaculati
2668 1903 2884 1964 erimus,
2917 1916 3036 1953 cum
3085 1900 3230 1966 prius
3265 1897 3395 1950 tales
3421 1911 3522 1948 non

1998 2006 2252 2046 essemus.
2302 1991 2628 2044 ltnmaculati
2664 2002 2838 2043 autem
2893 1991 3091 2042 erimus
3131 1997 3184 2041 et
3225 2002 3254 2039 a
3298 1987 3526 2038 maximo

1998 2089 2215 2147 peccato
2265 2080 2480 2146 expiati.
2516 2081 2683 2145 Atque
2732 2077 2846 2145 ejus
2890 2078 3099 2144 quidem
3143 2077 3228 2142 qui
3267 2074 3394 2126 nihil
3427 2073 3524 2126 uisi

1998 2176 2198 2221 castum
2223 2183 2286 2221 ex
2309 2182 2402 2220 ore
2435 2182 2532 2220 suo
2555 2166 2777 2234 profert,
2802 2165 3004 2232 eloquia
3034 2172 3186 2216 erunt
3211 2173 3265 2214 ut
3296 2161 3524 2227 compla-

1997 2266 2165 2317 ceant,
2194 2257 2387 2324 quippe
2408 2255 2496 2322 qui
2528 2270 2630 2307 non
2657 2255 2858 2322 aperiat
2879 2269 2939 2306 os
2967 2253 3065 2304 nisi
3089 2251 3186 2305 soli
3215 2250 3373 2304 verbo
3412 2250 3524 2304 Dei.

1996 2340 2162 2408 Hujus
2193 2352 2366 2396 autem
2398 2341 2667 2396 meditatio
2697 2342 2876 2395 cordis
2913 2341 2963 2392 in
2998 2347 3279 2406 conspectu
3318 2337 3408 2390 Dei
3447 2349 3529 2393 est

1996 2446 2226 2498 semper.
2250 2429 2452 2484 Nullius
2487 2441 2662 2483 autem
2699 2431 2785 2496 qui
2831 2429 3092 2480 remiserit
3130 2427 3524 2478 meditationem

2000 2517 2178 2572 cordis
2203 2516 2285 2570 sui
2317 2526 2374 2570 et
2403 2526 2678 2585 propterea
2707 2516 2967 2584 perversis
3009 2513 3410 2580 cogitationibus
3443 2513 3522 2566 in-

323 2621 434 2673 την
457 2603 571 2671 τῆς
607 2603 796 2655 ἑαυτοῦ
823 2603 1062 2672 καρδίας,
1101 2603 1192 2656 καὶ
1215 2603 1300 2655 διὰ
1338 2604 1492 2656 τοῦτο
1545 2603 1896 2674 μολυνομένου

1999 2606 2247 2674 quinatus
2274 2605 2454 2668 fuerit,
2487 2613 2661 2674 potest
2695 2605 2968 2660 meditatio
3001 2605 3175 2658 cordis
3219 2603 3271 2656 in
3302 2616 3520 2670 conspe-

321 2690 720 2760 διαλογισμοῖς
749 2692 1019 2760 πονηροῖς,
1069 2689 1282 2742 δύναται
1323 2691 1515 2761 μελέτη
1539 2693 1634 2762 τῆς
1678 2692 1896 2763 καρδίας

2000 2705 2086 2748 ctu
2114 2694 2206 2749 Dei
2233 2709 2349 2749 esse
2375 2709 2602 2764 semper.

325 2779 478 2835 εἶναι
511 2781 608 2835 διὰ
639 2782 837 2843 παντὸς
869 2779 1094 2834 ἐνώπιον
1115 2779 1207 2833 τοῦ
1232 2779 1382 2834 Θεοῦ.

320 2265 420 2300 ται
459 2250 551 2310 εἰς
585 2247 849 2312 εὐδοκίαν,
873 2249 964 2300 ἆτε
990 2250 1288 2316 ἀνοίγοντος
1317 2251 1377 2301 τὸ
1397 2250 1564 2318 στόμα
1595 2251 1735 2319 μόνῳ
1759 2252 1899 2320 λόγῳ

320 2336 478 2390 Θεοῦ
510 2353 525 2367 ο
553 2334 651 2388 τοῦ
693 2337 749 2388 δέ
770 2337 1006 2403 τοιούτου
1033 2340 1065 2406 ἡ
1109 2338 1300 2408 μελέτη
1323 2338 1422 2406 τῆς
1451 2338 1666 2406 καρδίας
1693 2338 1777 2390 διὰ
1802 2341 1899 2408 τὴν

321 2425 664 2495 παρρησίαν
689 2424 911 2479 ἐνώπιόν
943 2427 1056 2477 ἐστι
1077 2426 1167 2478 τοῦ
1199 2426 1349 2488 Θεοῦ,
1379 2427 1439 2478 οὐ
1465 2427 1590 2478 ποτέ
1614 2427 1730 2495 μὲν,
1773 2427 1899 2478 ποτέ

322 2516 387 2568 δὲ
416 2513 516 2576 οῦ,
549 2513 689 2566 ἀλλά
708 2513 795 2565 διὰ
814 2514 1028 2575 παντός.
1054 2514 1271 2576 Οὐδενὸς
1293 2515 1349 2566 δὲ
1372 2515 1602 2577 ἀνιέντος
1624 2515 1718 2585 τὴν
1745 2517 1898 2584 μελέ-

2507 3079 2820 3136 PSALMUS
2873 3078 3008 3132 XIX.

2071 3170 2233 3241 616
2254 3169 2512 3228 Vana.25
2559 3169 2826 3222 Exaudiat
2861 3180 2908 3220 te
2943 3168 3189 3221 Dominus
3223 3167 3277 3220 in
3314 3167 3396 3220 die
3426 3167 3524 3218 tri-

1997 3266 2271 3319 bulationis
2293 3302 2310 3328 ,
2338 3269 2567 3330 protegat
2593 3269 2638 3312 te
2667 3275 2845 3311 nomen
2875 3259 2968 3310 Dei
2991 3259 3152 3310 ,Ιαιοὺ
3181 3275 3201 3322 ;
3239 3259 3404 3310 mittat
3432 3258 3524 3310 tibi

1995 3354 2244 3407 auxilium
2283 3351 2346 3403 de
2378 3357 2577 3409 sancto.
2609 3356 2656 3400 et
2689 3349 2752 3400 de
2791 3347 2921 3401 Sion
2961 3356 3166 3399 tueatur
3192 3357 3260 3412 te,
3287 3357 3390 3400 etc.
3423 3347 3524 3412 Qui

1996 3444 2048 3496 in
2079 3449 2300 3511 angusta
2331 3449 2386 3494 et
2431 3447 2578 3492 arcta
2611 3439 2693 3489 via
2741 3447 2844 3500 est,
2882 3451 2998 3503 qua;
3039 3437 3183 3489 ducit
3223 3437 3288 3490 ad
3341 3438 3522 3499 vitam,

1995 3531 2210 3586 omnino
2240 3538 2330 3583 aut
2355 3529 2406 3582 in
2435 3527 2682 3582 omnibus
2714 3525 3014 3588 tribulatur,
3043 3534 3096 3577 et
3128 3535 3206 3578 est
3233 3526 3283 3578 in
3313 3525 3396 3577 die
3426 3525 3523 3576 tri-

1995 3619 2315 3676 bulationis:
2347 3627 2665 3686 quapropter
2704 3615 3275 3668 obtinetexauditionis
3306 3614 3524 3666 benedi»

1997 3711 2221 3764 ctionem
2247 3724 2345 3776 qua
2377 3707 2660 3760 frustratur
2687 3705 2733 3757 is
2760 3705 2847 3771 qui
2877 3705 2928 3755 in
2959 3702 3064 3754 lata
3096 3703 3178 3754 via
3207 3712 3306 3756 est.
3335 3701 3527 3766 Quam-

1995 3800 2174 3854 obrem
2204 3799 2376 3866 potius
2400 3795 2618 3849 velimus
2643 3806 2760 3846 esse
2790 3793 2841 3844 in
2868 3791 2950 3844 die
2977 3791 3329 3844 tribulationis
3355 3807 3371 3846 :
3400 3807 3524 3858 pro-

1997 3895 2137 3954 teget
2170 3887 2310 3940 enim
2343 3900 2440 3939 nos
2484 3897 2672 3938 nomen
2720 3882 2806 3933 Dei
2851 3879 3032 3944 Jacob,
3070 3880 3113 3934 si
3151 3879 3316 3932 induti
3352 3894 3526 3932 arma-

1997 3983 2166 4028 turam
2209 3973 2342 4041 ejus,
2374 3971 2575 4024 artihus
2607 3968 2798 4021 diaboli
2848 3969 3171 4020 resistamus.
3213 3967 3527 4023 Omuimodo

1996 4063 2155 4132 igitur
2199 4063 2250 4115 iu
2295 4062 2378 4114 die
2425 4060 2776 4113 tribulationis
2807 4071 3035 4120 oremus,
3068 4065 3124 4108 ut
3161 4058 3521 4124 exaudiamur,

1995 4161 2048 4206 et
2095 4152 2387 4220 angelicum
2436 4151 2516 4204 vel
2573 4151 2710 4204 aliud
2765 4151 3020 4215 eiusmodi
3067 4149 3318 4202 auxilium
3372 4151 3525 4211 nobis

1997 4243 2262 4307 mittatur,
2287 4241 2370 4295 vel
2396 4240 2644 4294 auxilium
2673 4239 2891 4294 Christi.

922 3080 1208 3135 ΨΑΑΜοΣ
1232 3079 1328 3133 te.
1920 3091 1968 3153 ο

413 3173 797 3229 Ἐποκούσαι
855 3185 970 3224 σου
1010 3171 1219 3236 Κύριος
1267 3171 1336 3222 ἐν
1385 3170 1570 3238 ἡμέρᾳ
1621 3173 1895 3241 θλίψεως,

323 3263 767 3334 ὑπερασπίσαι
794 3273 908 3313 σου
934 3258 998 3311 τὸ
1027 3259 1206 3326 ὄνομα
1231 3257 1334 3312 τοῦ
1358 3259 1502 3312 Θεοῦ
1537 3261 1735 3314 Ἰακώϐ
1748 3279 1763 3293 ο
1806 3265 1899 3326 ἐξ-

325 3331 710 3409 αποστεῖλαι
741 3363 838 3402 σοι
860 3347 1145 3411 ,ϐοήθειαν
1172 3347 1240 3410 ἐξ
1263 3346 1451 3414 ἁγίου,
1507 3348 1602 3400 καὶ
1633 3349 1701 3400 ἐκ
1749 3350 1900 3402 Σιὼν

324 3438 729 3498 ἁντιλάϐοιτό
782 3450 916 3497 σου,
967 3452 1020 3488 κ.
1075 3452 1124 3486 τ.
1179 3437 1224 3488 ἐ.
1279 3434 1338 3486 '0
1390 3437 1445 3487 ἐν
1473 3439 1626 3506 στενῇ
1661 3436 1769 3506 (25)
1807 3439 1899 3490 καὶ

325 3527 687 3598 τεθλιμμένη
715 3524 990 3592 τυγχάνων
1021 3522 1142 3591 ὁδῷ,
1169 3521 1442 3594 ἐπαγούσῃ
1476 3523 1566 3576 ἐπὶ
1605 3523 1702 3593 τὴν
1733 3525 1896 3596 ζωὴν,

325 3621 570 3679 πάντως
616 3615 650 3684 ἢ
708 3617 767 3666 ἐν
821 3613 983 3665 παντὶ
1023 3610 1274 3673 θλίϐεται,
1324 3611 1416 3664 καὶ
1465 3613 1521 3664 ἐν
1566 3612 1742 3682 ἡμέρᾳ
1786 3614 1899 3665 ἐστὶ

290 3772 298 3778 ,
325 3709 585 3777 θλίψεως
605 3721 621 3736 ο
656 3704 737 3755 διὸ
767 3702 1019 3770 τυγχάνει
1049 3701 1145 3770 τῆς
1188 3701 1244 3752 ἐν
1267 3699 1343 3767 τῷ
1379 3700 1728 3752 ἐπακούεσθαι
1755 3701 1898 3753 εὐλο-

323 3796 491 3862 γίας,
523 3788 598 3862 ἧς
641 3787 998 3856 ἀποτυγχάνει
1029 3789 1055 3839 ὁ
1105 3789 1160 3837 ἐν
1189 3785 1412 3854 πλατείᾳ
1438 3785 1530 3840 ὢν.
1581 3786 1670 3838 Διὸ
1705 3787 1898 3855 μᾶλλον

323 3887 386 3938 ἐν
412 3883 621 3953 ἡμέρᾳ
641 3878 870 3946 θλίψεως
892 3873 1030 3929 εἶναι
1054 3875 1358 3944 θελήσωμεν
1375 3891 1389 3905 ⁸
1416 3876 1767 3944 ύπερασπίσει
1792 3877 1896 3947 γὰρ

323 3978 360 4045 ἡ
371 3975 499 4045 μῶν
525 3971 596 4022 τὸ
631 3969 800 4038 ὄνομα
819 3966 911 4018 τοῦ
945 3964 1076 4017 Θεοῦ
1119 3964 1325 4025 Ἰακὼϐ,
1353 3964 1398 4015 εἰ
1423 3965 1760 4033 ἐνδυσάμενοι
1803 3965 1897 4034 τὴν

327 4059 658 4118 πανοπλίαν
701 4057 864 4110 αὑτοῦ
914 4057 1170 4124 σταίημεν
1202 4053 1333 4123 πρὸς
1361 4053 1458 4115 τὰς
1509 4053 1777 4122 μεθοδείας
1805 4053 1896 4106 τοῦ

324 4151 622 4208 διαϐόλου.
681 4144 976 4214 Εύχώμεθα
1011 4139 1101 4194 οὖν
1132 4141 1343 4202 πάντως
1370 4142 1423 4192 ἐν
1451 4141 1628 4210 ἡμέρᾳ
1651 4141 1895 4210 θλίψεως.

326 4245 422 4296 ἵνα
449 4234 912 4304 ἐπακουσθῶμεν,
955 4231 1244 4299 ἀγγελικῆς
1276 4231 1310 4300 ἡ
1341 4248 1481 4293 τινος
1523 4231 1768 4301 τοιαύτης
1812 4233 1898 4296 ἐξ-

322 4323 822 4394 αποστελλομένης
845 4323 972 4393 ἡμῖν
1003 4321 1100 4389 τῆς
1151 4319 1416 4389 βοηθείας,
1465 4320 1498 4390 ἢ
1539 4319 1780 4390 βοηθείας
1804 4321 1895 4374 τοῦ

323 4415 612 4491 Χριστοῦ.
1927 4399 1968 4453 D

408 4507 534 4562 Τοῦ
575 4501 782 4556 αὐτοῦ.
841 4499 898 4550 Ὀ
930 4498 1026 4567 τὴν
1059 4495 1243 4566 στενὴν
1273 4495 1382 4565 (24)
1407 4496 1500 4548 καὶ
1541 4495 1894 4566 τεθλιμμένην

323 4594 548 4650 ὁδεύων
573 4591 692 4643 ὁδὸν
723 4588 809 4641 ἀεί
831 4589 972 4638 ἐστιν
1003 4587 1061 4638 ἐν
1086 4585 1308 4652 θλίψεσι,
1337 4585 1428 4637 καὶ
1479 4584 1757 4653 εὐχόμενος
1787 4588 1896 4638 εἰσ-

325 4683 610 4740 ακούεται
627 4694 643 4709 ο
697 4679 726 4729 ὁ
778 4676 1032 4728 πλατεῖαν
1063 4673 1182 4727 οὗτε
1207 4672 1458 4734 θλίϐεται,
1479 4671 1599 4724 οὔτε
1622 4672 1889 4726 ἀκούεται.

325 4768 656 4843 Εὺχὼμεθα
687 4761 779 4819 οὖν
813 4765 871 4818 ἐν
910 4764 1163 4832 θλίψεσιν,
1199 4763 1283 4814 ἵνα
1305 4759 1755 4828 εἰσακουσώμεθα.
1788 4762 1895 4813 Καὶ¹

339 4859 613 4927 Ἐζεκίας
640 4855 749 4925 γὰρ
775 4854 872 4924 τὴν
897 4853 1174 4921 ἐπιστολὴν
1205 4849 1379 4903 λαϐὼν
1407 4849 1760 4919 Σεναχηρεὶμ,
1804 4850 1896 4902 καὶ

326 4951 392 5003 ἐν
446 4947 536 5016 τῷ
589 4942 704 5012 ναῷ
750 4941 951 5008 ταύτην
998 4938 1072 5006 τῷ
1115 4937 1230 5006 Θεῷ
1281 4937 1596 4998 ἐπιδεικνὺς,
1643 4936 1734 4989 τοῦ
1767 4937 1895 4992 λαοῦ

327 5037 486 5105 ὑπὲρ
516 5030 688 5085 αὐτοῦ
722 5027 1008 5098 εὐχομένου
1040 5025 1379 5094 εἰσηκούσθη.

405 5119 732 5188 Μνησθείη
777 5116 978 5182 πάσης
1003 5115 1212 5179 θυσίας
1241 5129 1374 5176 σου,
1423 5127 1520 5163 και
1553 5110 1619 5163 τὸ
1649 5114 1896 5167 ὁλοκαύ-

410 5311 538 5381 (20)
580 5307 806 5378 ’Δγνεία
853 5304 1044 5370 ἐστίν,
1093 5311 1200 5356 etc.
1247 5297 1464 5354 Schedte
1496 5296 1676 5352 Grabii
1700 5337 1717 5364 ,
1769 5300 1904 5354 Bar-

331 5383 544 5513 mg:
565 5444 632 5495 El
666 5445 699 5498 ό
723 5440 964 5503 δοῦλος,
988 5444 1093 5492 etc.
1115 5433 1420 5500 Corderius,
1453 5431 1654 5489 schedae
1683 5431 1899 5504 Grabii,

334 5515 531 5568 Barba
540 5526 650 5566 rus.

2073 4496 2334 4564 Ejusdem.
2370 4495 2468 4561 Qui
2506 4509 2600 4562 per
2643 4500 2922 4561 angustam
2966 4499 3018 4545 et
3059 4501 3259 4546 arctam
3294 4493 3526 4550 ambulat

1997 4600 2160 4648 vtam,
2183 4599 2386 4652 semper
2412 4593 2492 4638 est
2545 4585 2595 4636 in
2638 4581 3079 4644 tribulationibus,
3109 4592 3162 4634 et
3190 4596 3308 4634 cum
3338 4595 3522 4650 preca-

1999 4681 2103 4736 tur,
2133 4674 2447 4735 exauditur;
2481 4673 2568 4739 qui
2598 4681 2772 4725 autetn
2800 4672 2959 4724 latam
2989 4678 3134 4722 tenet
3165 4669 3322 4733 viam,
3355 4683 3524 4737 neque

1999 4762 2300 4825 tribulatur,
2331 4777 2500 4829 neque
2530 4759 2826 4814 exauditur.
2858 4760 3080 4814 Oremus
3112 4773 3238 4827 ergo
3272 4759 3323 4811 in
3355 4759 3521 4811 tribu-

1997 4849 2276 4904 lationibus
2308 4859 2365 4904 ut
2396 4851 2758 4904 exaudiamur.
2804 4849 3054 4902 Ezechias
3084 4861 3201 4900 eum
3246 4847 3519 4914 epistolam

1997 4951 2027 4989 a
2072 4937 2432 4993 Senuacherib
2479 4941 2786 5008 accepisset,
2823 4945 2876 4990 et
2917 4951 3032 4989 eam
3088 4936 3194 4987 Deo
3229 4934 3278 4987 in
3326 4939 3522 4999 templo

1997 5027 2335 5092 ostendisset,
2363 5029 2554 5096 populo
2587 5045 2680 5096 pro
2710 5041 2772 5080 eo
2807 5033 2992 5078 orante
3017 5024 3290 5076 exauditus
3315 5028 3414 5074 est.

2067 5115 2224 5168 Vnus.
2254 5115 2307 5167 4.
2336 5114 2532 5168 Mentor
2569 5115 2632 5164 sit
2672 5112 2835 5164 omnis
2881 5107 3120 5166 sacriﬁcii
3159 5105 3256 5168 tui,
3289 5113 3336 5154 et
3371 5100 3523 5154 Ιιοίο.

2069 5305 2178 5432 $22)
2203 5305 2341 5392 ’βὰν
2367 5307 2420 5356 οἱ
2444 5302 2759 5378 alienatos,
2788 5304 2890 5348 etc.
2913 5294 3213 5375 Cprderius.

2090 5373 2181 5432 23)
2229 5377 2270 5424 0
2301 5373 2368 5423 ἐν
2397 5384 2597 5432 aream.
2623 5377 2724 5417 etc.
2752 5363 3094 5432 Co_rdertus._
3165 5425 3177 5432 _
3201 5423 3213 5432 _

2090 5373 2181 5442 23)
2216 5375 2270 5442 ,Ὀ
2301 5373 2368 5442 ἐν
2397 5366 2600 5442 στενῇῑ
2623 5377 2730 5442 etc.
2752 5363 3094 5442 Conrderius;
3201 5422 3232 5442 ῃ

2066 5425 2177 5510 (Si;
2211 5441 2264 5492 Ὀ
2293 5439 2404 5506 τὴν
2425 5425 2662 5496 ass-Mr,
2685 5440 2788 5483 etc.
2814 5428 3034 5483 Schedae
3055 5425 3257 5480 Grabii.
