3958 6254
298 279 459 334 1253
1263 288 1568 348 summa
1596 275 1662 348 in
1692 295 2020 354 PSALMOS.
2062 329 2130 340 .-
2164 299 2358 358 PSAL.
2391 301 2526 358 xxr.
3362 298 3496 355 125%

288 401 392 477 τις
415 389 666 477 θεωρῶν,
695 392 790 446 κα)⁸
818 394 1005 463 ψάλλει
1044 399 1160 450 κατ’
1190 399 1382 471 ἀρετὴν
1427 403 1676 473 ἐνεργῶν.
1706 405 1831 456 Δεῖὶ

1972 408 2178 473 quando
2201 408 2609 476 contemplatur;
2643 417 2696 462 et
2726 408 2922 477 psallit,
2952 423 3072 464 cum
3098 407 3346 463 virtutem
3371 423 3498 476 ope-

287 475 404 527 rati
447 474 679 546 θεωρεῖν
704 479 804 542 τὰς
830 481 1139 546 δυναστείας
1165 486 1346 550 αὑτοῦ,
1379 489 1470 541 καὶ
1497 490 1634 543 κατὰ
1669 492 1831 542 ταύτα

1969 504 2139 551 ratur.
2182 474 2445 551 Caeterum
2479 497 2705 552 virtutes
2727 474 2858 565 Vejus
2887 499 3304 570 contemplandas
3345 474 3492 562 sunt.

284 564 602 636 πράττειν.

1971 593 2025 640 et
2057 587 2122 640 ad
2149 586 2266 641 illas
2289 587 2396 641 vita
2426 587 2706 655 exigenda.

863 743 1150 796 ΨΑΛΜΟΣ
1185 747 1314 800 KA'.

2485 762 2800 817 PSALMUS
2835 764 2973 818 XXI.

384 822 444 875 Ὀ
479 824 646 891 Θεὸς,
676 827 710 879 ὀ
731 829 872 893 Θεός
886 847 1023 896 μου,
1047 833 1306 898 πρόσχες
1331 849 1450 900 μοι’
1479 835 1578 888 ἵνα
1606 838 1662 890 τί
1690 838 1831 906 erata

2037 847 2197 901 Vsus.
2237 847 2289 902 2.
2329 849 2482 916 Deus,
2514 852 2648 905 Deus
2679 869 2842 916 meus,
2871 854 3063 921 respice
3091 855 3144 908 in
3185 871 3305 910 me:
3332 871 3490 924 quare

281 911 553 1007 Ξέλιπές
581 932 685 1007 με,
717 935 772 970 κ.
795 935 846 972 τ.
870 922 914 971 ὲ.
955 920 1097 992 Αῦτη
1148 926 1179 992 ἡ
1221 927 1368 999 φωνὴ
1394 926 1501 997 (49)
1537 930 1627 981 τοῦ
1660 933 1831 1001 Κυρίοι

1963 951 2042 988 me
2071 937 2412 1007 dereliquisti,
2445 949 2549 992 etc.
2577 939 2699 994 llam
2725 949 2807 994 est
2846 941 3051 994 Domini
3095 942 3292 995 Christi
3327 911 3502 996 cruci-

281 1001 572 1071 Χριστοῦ,
619 1005 697 1074 τῷ
744 1009 955 1078 σταυρῷ
985 1013 1416 1084 προσηλωμένου,
1471 1019 1561 1070 καὶ
1604 1019 1772 1082 ἄλλως
1802 1023 1830 1073 δ

1964 1024 2052 1076 llxi
2085 1038 2207 1086 vox,
2243 1001 2368 1093 quae
2407 1024 2623 1080 aliunde
2659 1028 2852 1094 ligurat
2902 1030 3043 1097 quod
3074 1029 3229 1083 nobis
3280 1031 3490 1086 accidit.

281 1097 468 1144 τυποῖ
493 1094 554 1146 τὺ
582 1096 847 1168 ἡμέτερον
876 1100 1062 1164 πάθος.
1107 1103 1290 1172 Ἡμεῖς
1311 1106 1415 1175 γὰρ
1440 1102 1578 1176 ἦμεν
1619 1111 1666 1161 οἱ
1699 1111 1831 1177 ἐγκα

1964 1109 2068 1164 Nos
2105 1112 2242 1164 enim
2266 1127 2480 1166 eramus
2506 1115 2653 1182 prius
2684 1094 3006 1169 derelictiet
3032 1117 3289 1185 despecti,
3351 1133 3490 1172 nunc

280 1181 722 1253 ταλελειμμένοι
751 1188 844 1240 καὶ
869 1193 1274 1262 παρεωραμένοι
1302 1195 1584 1265 πρότερον·
1623 1193 1737 1250 εἶτα
1767 1199 1827 1250 νῦ

1963 1214 2090 1254 vero
2122 1203 2452 1268 postmodum
2479 1181 2732 1274 assumpti
2763 1214 2816 1258 et
2839 1206 2968 1259 salvi
3005 1207 3131 1260 facti
3155 1209 3489 1276 passionibus

278 1272 778 1341 προσειλημμένοι
819 1278 911 1329 καὶ
963 1281 1286 1348 σεσωσμένοι
1327 1284 1437 1345 τοῖς
1487 1284 1579 1336 τοῦ
1621 1286 1826 1339 ἀπαθοῦ

1961 1289 2075 1357 ejus
2101 1290 2190 1357 qui
2219 1305 2322 1342 non
2345 1300 2457 1342 erat
2480 1272 2818 1358 passionibus
2841 1295 3122 1359 obnoxius,
3149 1297 3486 1362 quemadmo-

278 1359 558 1421 πάθεσιν,
595 1361 782 1432 ὥσπερ
830 1365 926 1434 τὴν
969 1367 1268 1438 ἀφροσύνην
1293 1371 1444 1439 ήμῶν
1471 1373 1561 1424 καὶ
1603 1373 1663 1424 τὸ
1684 1374 1831 1444 πλημ

1961 1377 2084 1429 dum
2129 1379 2485 1445 insipientiam
2532 1389 2770 1434 nostram
2817 1391 2870 1435 et
2915 1359 3179 1436 ἀοιίοιυιιί
3204 1384 3304 1438 sibi
3329 1384 3489 1454 620

282 1447 465 1515 μελὲς
491 1449 878 1520 οἰκειούμενος,
925 1453 1010 1505 διὰ
1038 1454 1144 1507 τῶν
1176 1457 1298 1525 ἑξῆς
1325 1457 1414 1510 τοῦ
1451 1459 1660 1527 ψαλμοῦ
1692 1479 1819 1531 φησι

1960 1469 2387 1534 accommodans,
2440 1470 2717 1536 sequentia
2766 1471 2951 1538 psalmi
3005 1473 3164 1527 verba
3217 1475 3421 1541 profert
3469 1487 3487 1528 :

285 1552 310 1586 ε
333 1536 590 1606 Μακρὰν
618 1539 727 1590 ἀπὸ
751 1539 850 1609 τῆς
877 1542 1141 1612 σωτηρίας
1173 1561 1271 1612 μου
1304 1548 1350 1598 οἱ
1379 1546 1522 1614 λόγοι
1545 1549 1650 1601 τῶν
1682 1567 1830 1621 παρα

1965 1573 1984 1607 ι
2021 1556 2199 1628 Longe
2223 1575 2250 1612 a
2281 1560 2450 1614 salute
2480 1577 2598 1614 mea
2628 1567 2788 1615 verba
2829 1563 3138 1618 delictorum
3171 1581 3430 1622 meorum.
3462 1583 3483 1616 ι

277 1625 620 1693 πτωμάτων
650 1645 769 1696 μου.
791 1647 810 1678 ι
858 1630 944 1693 Ὠς
980 1631 1130 1699 ἔλεγε
1152 1633 1294 1703 (50)·
1320 1635 1548 1707 Μακράν
1584 1655 1649 1708 με
1679 1640 1830 1693 ποιοῦ

1957 1643 2114 1709 Quasi
2142 1625 2341 1701 diceret
2369 1667 2382 1702 :
2418 1649 2660 1703 Procula
2684 1651 2855 1705 salute
2902 1667 2986 1706 me
3012 1663 3229 1722 peccata
3264 1654 3484 1710 faciunt.

276 1727 341 1762 σι
371 1712 479 1780 τῆς
511 1715 787 1783 σωτηρίας
819 1717 872 1770 αἱ
902 1718 1178 1788 ἁμαρτίαι.

359 1822 452 1875 Σὺ
507 1823 580 1876 δὲ
623 1825 694 1877 ἐν
733 1826 876 1894 ἁγιῳ
918 1831 1202 1896 κατοικεῖς
1246 1835 1279 1886 ό
1326 1835 1564 1903 ἔπαινος
1599 1838 1703 1891 τοῦ
1753 1839 1831 1892 ’Ῑσ

2025 1820 2189 1875 Vens.
2223 1821 2279 1875 4.
2312 1822 2388 1876 Τιι
2416 1835 2584 1877 autem
2615 1826 2670 1878 in
2705 1836 2883 1879 sancto
2914 1826 3118 1880 habitas
3144 1827 3260 1881 laus
3291 1827 3482 1894 Israel,

266 1910 478 1978 ραὴλ,
512 1930 570 1967 κ.
599 1930 650 1966 τ.
679 1914 726 1966 ἐ.
792 1916 1066 1971 Ἐντεῦθεν
1108 1921 1438 1992 μανθάνομεν
1468 1924 1598 1995 (51),
1641 1929 1719 1980 ὄτι
1762 1928 1831 1980 αύι

1953 1919 2060 1962 etc.
2086 1907 2224 1962 Hinc
2261 1910 2514 1964 discimus
2563 1911 2841 1968 Dominum
2889 1929 3007 1970 esse
3056 1916 3262 1971 laudem
3294 1919 3482 1986 ipsam,

271 2001 589 2064 τοέπαινός
626 2002 772 2055 ἐστιν
813 2005 1082 2077 όΚύριος,
1123 2009 1214 2061 καὶ⁹
1254 2011 1466 2075 ἔπαινος
1494 2013 1721 2084 Μακράν
1762 2017 1831 2068 τοί

1954 2010 2007 2056 et
2036 2003 2263 2057 maxime
2287 2002 2494 2058 laudem
2520 2004 2699 2058 lsrael.

287 2088 553 2147 Ἰσραήλ.
2980 2146 2983 2147 ν

368 2105 375 2132 τ
417 2107 456 2140 α
500 2090 553 2141 λ.

548 2179 618 2231 δέ
637 2182 752 2246 ειμι
779 2182 1023 2249 σκώληξ
1046 2186 1142 2238 καὶ
1170 2187 1276 2239 οὐκ
1308 2186 1627 2255 ἄνθρωπος,
1658 2209 1709 2243 κ.
1733 2211 1780 2245 τ.
1804 2194 1830 2244 ὲ

2021 2171 2182 2225 Vsus.
2217 2173 2269 2227 7.
2323 2173 2434 2242 Ego
2487 2183 2659 2226 autent
2704 2189 2816 2226 sum
2848 2176 3032 2227 vermis
3081 2183 3131 2227 et
3183 2192 3284 2229 non
3309 2177 3480 2242 homo,

284 2266 352 2318 Ὀ
387 2266 622 2336 σκώληξ
653 2269 763 2336 (52)
811 2272 908 2322 οὐκ
945 2274 1009 2324 ἐκ
1059 2275 1391 2344 συνδυασμοῦ
1433 2281 1700 2345 γεννᾶται,
1742 2281 1831 2332 ἀλλ

1952 2264 2056 2310 etc.
2088 2257 2200 2310 Non
2227 2259 2395 2312 oritur
2421 2260 2618 2313 vermis
2657 2273 2722 2314 ex
2753 2261 2961 2328 capula,
2999 2264 3090 2315 sed
3124 2276 3188 2316 ex
3239 2262 3403 2332 ligno,
3427 2272 3482 2318 et

267 2355 393 2409 ἀπὸ
444 2355 633 2419 ξύλου,
687 2359 781 2410 καὶ
828 2361 1094 2413 κατεσθίει
1136 2363 1281 2428 ξύλα,
1328 2366 1532 2435 χόρτον,
1587 2369 1830 2438 καλάμην

1953 2346 2090 2398 rodit
2141 2347 2303 2416 ligna,
2356 2348 2576 2411 fanum,
2619 2349 2893 2418 stipulam.
2955 2350 3203 2405 Fortasse
3256 2361 3310 2405 et
3341 2354 3481 2409 Deus

267 2445 447 2513 Τάχα,
502 2446 600 2497 καὶ
628 2448 657 2498 6
693 2447 822 2509 Θεὸς
848 2451 878 2516 ἡ
890 2447 1002 2517 μῶν
1031 2449 1139 2520 πῦρ
1185 2453 1297 2504 ἐστι
1340 2435 1738 2509 καταναλίσκον*

1951 2444 2132 2487 noster
2162 2435 2300 2500 ignis
2326 2446 2407 2489 est
2432 2451 2751 2491 consumens
2784 2453 3002 2506 pravam
3035 2448 3088 2492 et
3135 2441 3482 2496 combustibi-

1952 2524 2052 2576 lem
2082 2525 2378 2578 materiam.
2415 2524 2564 2589 Quod
2591 2527 2633 2580 si
2665 2527 2926 2594 lignorum
2961 2529 3215 2584 vocabulo
3245 2531 3478 2585 rationa-

269 2535 585 2605 μοχθηρὰν
630 2537 723 2588 καὶ
754 2535 1055 2607 εὔπρηστον
1104 2537 1251 2610 ὓλην.
1302 2543 1363 2593 Et
1406 2543 1460 2594 δὲ
1507 2543 1639 2609 ξύλα·
1676 2546 1768 2598 καὶ
1795 2565 1827 2598 α

269 2625 513 2682 λογικαὶ
534 2624 891 2682 ὀνομάζονται
913 2627 1124 2682 φύσεις·
1164 2630 1286 2680 «Σὲ»
1320 2632 1444 2682 γὰρ.
1472 2633 1651 2682 φησὶν.
1685 2654 1701 2682 ι
1729 2635 1831 2682 ea.

1952 2535 2052 2576 lem
2082 2535 2378 2578 materiam.
2415 2535 2564 2589 Quod
2591 2535 2633 2580 si
2665 2535 2926 2594 lignorum
2961 2535 3215 2584 vocabulo
3245 2535 3478 2585 rationa-

1953 2611 2082 2665 biles
2106 2625 2312 2679 quoque
2339 2621 2539 2668 natura
2567 2613 2899 2681 appellantur
2929 2629 2943 2665 :
2979 2631 2998 2663 ι
3033 2615 3108 2668 Te
3151 2635 3170 2667 ι
3205 2617 3368 2682 enim,
3399 2618 3481 2672 in-

264 2625 513 2693 λογικαὶ
534 2624 891 2693 ὀνομάζονται
913 2627 1124 2694 φύσεις·
1164 2630 1286 2680 «Σὲ»
1320 2632 1444 2701 γὰρ,
1472 2633 1651 2702 φησὶν,
1685 2654 1701 2683 ι
1729 2635 1852 2704 ἐζή-

264 2714 471 2767 λωσαν
512 2714 694 2768 πάντα
740 2715 806 2767 τὰ
839 2715 968 2778 ξύλα
1000 2717 1092 2768 τοῦ
1131 2699 1474 2787 παραδείσου,
1502 2739 1521 2772 ι
1559 2723 1615 2774 ἐν
1645 2723 1698 2774 δὲ
1726 2724 1831 2775 ταύ

1949 2699 2064 2767 quit
2093 2699 2156 2761 “,
2186 2715 2205 2749 ι
2251 2700 2494 2752 aemulata
2542 2709 2665 2753 sunt
2690 2702 2866 2754 omnia
2899 2701 3040 2769 ligna
3073 2704 3328 2768 paradisi,
3370 2723 3390 2755 ι
3424 2705 3480 2758 in

261 2818 399 2863 ταις
433 2801 654 2868 πέφυκε
678 2802 963 2868 γεννᾶσθαι
987 2786 1219 2874 Χριστὸς
1237 2807 1310 2867 ὡς
1338 2807 1513 2876 σοφία,
1547 2809 1636 2861 καὶ
1657 2811 1831 2863 δικαιο

1951 2788 2032 2840 his
2054 2797 2228 2840 autem
2259 2786 2388 2839 solet
2417 2787 2559 2839 nasci
2587 2787 2846 2852 Christus,
2871 2797 2931 2840 ut
2951 2790 3207 2854 sapientia
3242 2800 3296 2844 et
3320 2790 3480 2859 justi-

265 2890 416 2956 σύνη
443 2907 460 2920 ’
502 2891 691 2952 καλῶς
729 2893 758 2943 6
784 2892 1014 2962 Χριστὸς
1038 2869 1353 2963 όνομάζεται
1391 2869 1602 2967 σκώληξ
1642 2899 1698 2949 ἐν
1740 2902 1831 2959 τοῖς

1950 2875 2040 2939 tia,
2072 2875 2294 2942 pulchre
2343 2873 2587 2928 Christus
2628 2875 2824 2929 dicitur
2868 2877 3064 2929 vermis
3108 2879 3162 2930 in
3218 2879 3474 2944 ejusmodi

1951 2961 2103 3030 lignis
2131 2971 2306 3015 natus.
2352 2960 2456 3016 Sed
2500 2971 2556 3015 et
2606 2971 2854 3030 tanquam
2907 2964 3108 3017 vermis
3145 2977 3270 3018 esca
3301 2965 3478 3021 factus

1948 3060 2028 3105 est
2062 3052 2268 3106 diabolo
2295 3061 2347 3105 et
2381 3051 2578 3119 angelis
2624 3051 2759 3118 ejus.
2796 3050 3036 3119 Sapienti
3087 3053 3303 3120 insuper
3330 3054 3480 3108 inve-

1948 3140 2094 3193 nitur
2147 3149 2344 3204 rectus,
2374 3141 2644 3208 insipienti
2701 3156 2830 3194 vero
2885 3140 3150 3208 obliquus.
3197 3142 3282 3194 Fit
3315 3143 3474 3197 etiam

260 2979 558 3041 τοιούτοις
588 2978 766 3044 ξύλοις
792 2981 1089 3049 γενόμενος.
1132 2983 1285 3037 Ἀλλὰ
1314 2985 1406 3037 καὶ
1430 2986 1503 3048 ὡς
1536 2987 1745 3058 σκώληξ
1769 2990 1852 3042 δέ-

259 3067 411 3138 λεαρ
448 3067 651 3134 γέγονε
681 3067 759 3136 τῷ
803 3068 1026 3137 διαϐόλῳ
1075 3071 1165 3122 καὶ
1205 3075 1314 3130 τοῖς
1359 3075 1605 3141 ἀγγέλοις
1650 3077 1846 3130 αύτοῦο

259 3160 368 3212 καὶ
405 3159 740 3227 εὑρίσκεται
790 3158 885 3226 μὲν
924 3157 1001 3226 τῷ
1048 3159 1192 3229 σοφῷ
1235 3162 1410 3225 εὐθὺς,
1455 3165 1530 3233 τῷ
1559 3165 1615 3217 δὲ
1659 3166 1848 3234 ἄφρονι

261 3245 524 3306 σκολιός.
578 3243 870 3296 Γίνεταιδέ
900 3244 992 3296 καὶ
1041 3247 1172 3316 ἡμῖν
1221 3247 1583 3318 ἁμαρτάνουσι
1615 3252 1844 3323 σκώληξ,

257 3334 366 3402 τὴν
403 3331 725 3400 συνείδησιν
755 3330 912 3400 ἡμῶν
939 3332 1218 3403 διελέγχων
1252 3337 1342 3388 καὶ
1371 3339 1748 3408 κατατρώγων.

337 3424 490 3475 Ὅτι
523 3421 609 3474 σὺ
653 3423 710 3474 εἷ
745 3424 778 3474 ό
807 3421 1121 3489 ἐπισπάσας
1146 3443 1222 3493 με
1267 3427 1334 3479 ἐκ
1380 3431 1651 3496 γαστρὸς,
1692 3432 1728 3498 ἡ
1754 3432 1831 3484 ἑλ

2012 3425 2172 3479 Vens.
2201 3422 2291 3479 lO.
2337 3423 2594 3488 Quoniam
2642 3434 2696 3475 tu
2748 3439 2799 3476 es
2832 3424 2920 3492 qui
2966 3426 3238 3479 extruxisti
3286 3443 3365 3480 me
3405 3430 3469 3481 de

256 3515 370 3578 πις
417 3530 554 3580 μου
602 3511 720 3564 ἀπὸ
747 3511 991 3578 μαστῶν
1039 3513 1146 3580 τῆς
1180 3517 1402 3583 μητρός
1433 3534 1570 3585 μου,
1615 3536 1666 3571 κ.
1707 3537 1753 3572 τ.
1797 3523 1831 3572 ἐ.

1949 3524 2132 3574 ventre,
2157 3529 2269 3579 spes
2302 3529 2414 3566 mea
2454 3513 2515 3564 ab
2541 3512 2779 3564 uberibus
2830 3515 3010 3564 matris
3037 3531 3183 3578 mete,
3210 3524 3316 3570 etc.
3364 3516 3471 3570 Na-

255 3603 407 3655 Θεδν
452 3600 569 3670 γὰρ
611 3600 897 3668 γενόμενον
943 3601 1051 3672 ('53)
1094 3603 1122 3654 6
1153 3600 1338 3674 Πατὴρ
1384 3605 1736 3673 ἐμαιεύσατο·
1771 3607 1831 3662 οῖ-

1949 3603 2112 3657 scenti
2139 3603 2246 3655 Deo
2285 3601 2442 3655 Pater
2465 3601 2844 3654 obstetricatus
2877 3611 2978 3664 est,
3008 3603 3161 3669 eique
3192 3603 3314 3666 soli,
3348 3606 3470 3672 opi-

258 3711 367 3763 μαι
405 3693 474 3744 δὲ
510 3691 610 3743 καὶ
644 3690 802 3759 μόνον
829 3689 934 3742 τῶν
965 3692 1044 3753 είς
1082 3691 1290 3758 γένεσιν
1333 3694 1676 3763 ἐληλυθότων,
1725 3699 1831 3750 ἐπε)

1949 3705 2060 3750 nor,
2095 3690 2214 3758 quia
2263 3689 2410 3743 solus
2453 3690 2518 3742 de
2562 3687 2762 3756 Spiritu
2793 3701 2980 3742 sancto
3019 3701 3154 3743 erat.
3206 3689 3469 3754 Quoniam

251 3786 358 3836 καὶ
399 3781 580 3850 μόνος
630 3779 689 3845 ἐξ
739 3780 890 3847 ἁγίου
936 3781 1242 3851 Πνεύματος
1279 3778 1365 3852 ἦν.
1417 3785 1478 3836 El
1522 3785 1578 3837 δὲ
1610 3787 1831 3850 ἐλπίζειν

1949 3787 2114 3832 autem
2168 3791 2383 3846 sperare
2427 3790 2668 3843 noverat,
2716 3793 2832 3830 cum
2878 3780 3050 3832 adhuc
3128 3782 3468 3847 perfectionis

249 3875 383 3944 ᾔδει
419 3873 511 3925 ἔτι
536 3869 1086 3939 γαλακτοδοτούμενος
1106 3870 1413 3941 τελειότητι,
1443 3873 1575 3942 πρὸς
1596 3875 1678 3936 τὸ,
1714 3892 1732 3925 t
1756 3877 1831 3928 ἐκ.

1949 3868 2076 3921 lacte
2105 3869 2417 3931 nutriretur,
2462 3869 2526 3922 ad
2583 3868 2709 3922 illud
2744 3882 2764 3916 ι
2797 3868 3071 3919 extruxisti
3102 3883 3203 3932 me,
3240 3887 3258 3920 ι
3289 3869 3470 3922 dicen-

251 3966 500 4024 σπάσας
534 3978 626 4030 με,
653 3979 669 4010 ι
716 3959 928 4028 λεχθείη
962 3960 1047 4023 ἂν,
1079 3959 1158 4012 ὅτι
1193 3962 1282 4012 καὶ
1312 3960 1401 4013 ἴνα
1432 3962 1504 4030 μὴ
1536 3963 1722 4034 ἐξέλθῃ
1747 3964 1831 4034 τῆς

1949 3958 2066 4009 llum
2105 3958 2227 4019 erit,
2253 3958 2442 4024 ipsum,
2474 3958 2761 4025 quominus
2783 3958 2952 4012 exiret
2973 3958 3036 4009 de
3065 3965 3268 4021 ventre,
3304 3956 3468 4010 fuisse

249 4051 541 4122 γαστρὸς,
579 4047 962 4100 ἐπεϐουλεύετο
986 4049 1076 4099 καὶ
1107 4047 1386 4110 ἐκωλύετο,
1421 4047 1495 4110 ὡς
1519 4049 1716 4101 δεῖσθαι
1748 4050 1831 4101 τοῦ

1949 4043 2266 4112 impeditum,
2299 4045 2452 4110 eique
2493 4043 2712 4097 insidias
2763 4042 2964 4114 positas
3017 4042 3200 4104 fuisse,
3249 4044 3380 4096 adeo
3409 4053 3466 4097 ut

247 4136 401 4189 Θεοῦ
445 4132 764 4193 ἐκσπῶντος
814 4131 972 4183 αὐτὸν
1012 4132 1118 4184 ἀπὸ
1171 4133 1418 4203 γαστρός.
1468 4135 1616 4203 Τάχα
1646 4136 1700 4187 δὲ
1745 4139 1831 4188 καὶ

1949 4149 2070 4200 opus
2103 4135 2349 4187 habuerit
2378 4133 2485 4187 Deo
2517 4134 2606 4202 qui
2635 4133 2778 4186 illum
2828 4133 3135 4186 extraheret
3161 4132 3229 4186 de
3258 4140 3462 4186 ventre.

248 4229 458 4281 πάντα,
490 4222 586 4274 τὸν
629 4219 960 4289 γεννώμενον
1003 4221 1227 4290 ἀόρατός
1268 4240 1348 4284 τις
1396 4223 1617 4293 δύναμις
1661 4227 1831 4296 ὲκσπᾷ

1949 4223 2100 4276 Forte
2142 4231 2316 4276 autem
2365 4231 2418 4274 et
2472 4221 2762 4289 quemlibet
2826 4229 3132 4274 nascentem
3187 4221 3466 4275 invisibilis

245 4317 364 4370 ἀπὺ
414 4315 528 4384 τῆς
561 4311 831 4380 γαστρός⁶
884 4310 1012 4378 ἁγία
1042 4312 1158 4380 μὲν,
1185 4311 1259 4374 ὡς
1302 4312 1390 4365 τὸν
1417 4313 1624 4365 Παῦλον
1647 4315 1831 4384 ἀφορι-

1949 4310 2176 4378 quaedam
2215 4311 2385 4363 virtus
2406 4309 2642 4364 extrahit
2665 4309 2729 4363 de
2753 4317 2972 4370 ventre;
3009 4316 3192 4363 sancta
3226 4309 3461 4376 quidem,

247 4405 502 4476 ξάμενον
527 4404 595 4453 ἐκ
620 4399 824 4461 κοιλίας
847 4400 1046 4468 μητρός
1065 4417 1078 4430 ο
1111 4400 1303 4470 χείρων
1328 4401 1402 4464 δὲ,
1431 4403 1504 4464 ὡς
1522 4404 1644 4464 τοὺς
1669 4404 1831 4474 ἀπηλ.

1949 4398 2106 4467 qualis
2138 4397 2237 4450 fuit
2263 4411 2324 4451 ea
2353 4412 2469 4465 qnze
2500 4396 2734 4450 extraxit
2769 4396 2989 4450 Paulum
3028 4407 3358 4466 segregatum
3396 4416 3461 4454 ex

244 4489 681 4563 λοτριωμένους
712 4485 818 4539 ἀπὸ
846 4487 1053 4556 μήτρας
1074 4489 1438 4556 ἁμαρτωλούς.
1473 4493 1647 4543 Μόνον
1670 4491 1725 4542 δὲ
1744 4491 1831 4544 τὸν

1949 4498 2087 4542 utero
2113 4487 2327 4550 matris;
2381 4487 2518 4541 mala
2567 4501 2850 4554 vero,quaz
2897 4487 3124 4540 extrahit
3151 4499 3460 4555 peccatores

243 4581 505 4648 Σωτῆρα
539 4573 703 4634 αὐτὸς
730 4571 1020 4637 ἐξέσπασεν
1045 4572 1073 4624 6
1101 4573 1288 4643 Πατὴρ
1323 4576 1428 4628 ἀπὸ
1456 4577 1552 4647 τῆς
1582 4578 1830 4648 γαστρὸς,

1949 4577 2026 4645 qui
2073 4575 2285 4629 alienati
2323 4583 2447 4628 sunt
2488 4589 2516 4627 ο
2564 4575 2741 4630 vulva.
2790 4576 2860 4629 At
2901 4575 3070 4629 solum
3126 4575 3458 4630 Salvatoretn

242 4666 399 4720 ὥστε
439 4661 613 4716 αὑτὸν
658 4657 752 4710 τοῦ
805 4658 1080 4727 ἐξαιρέτου
1131 4658 1510 4729 αἰσθανόμενον
1559 4665 1829 4734 εἰρηκέναι

1955 4682 2045 4732 pse
2081 4666 2312 4721 extraxit
2351 4665 2509 4718 Pater
2547 4665 2612 4718 de
2659 4674 2866 4729 ventre,
2910 4666 3044 4718 adeo
3073 4674 3130 4717 ut
3177 4666 3460 4734 singularis

237 4757 326 4818 τό,
367 4755 545 4804 «Ὅτι
591 4749 657 4800 σὺ
703 4743 754 4799 εἴ
795 4750 822 4800 6
850 4749 1128 4808 ἐκσπάσας
1173 4764 1238 4814 με
1273 4749 1337 4800 ἐκ
1379 4753 1636 4820 γαστρός·
1666 4772 1685 4804 ι
1721 4754 1828 4806 τῶν

1949 4758 2174 4811 tenelicii
2204 4756 2449 4810 conscius
2485 4755 2653 4808 Filius
2689 4755 2887 4808 dixerit
2919 4767 2934 4805 :
2967 4770 2986 4804 ι
3025 4753 3284 4820 Quoniam
3315 4764 3366 4808 tu
3400 4771 3458 4808 es

238 4846 435 4898 ἄλλων
474 4837 780 4908 ἀνθρώπων
819 4838 914 4889 οὐκ
953 4837 1363 4903 ἐκσπασμένων,
1409 4839 1521 4892 ἀλλ’
1545 4841 1826 4912 ἐξερχομέ-

1949 4848 2021 4914 ιιιί
2076 4845 2355 4899 οχιταιίδιί
2389 4858 2473 4898 me
2524 4845 2589 4898 de
2633 4853 2840 4908 ventre,
2875 4861 2894 4894 ι
2934 4857 3053 4896 cum
3085 4842 3174 4895 alii
3214 4842 3454 4895 homines

234 4951 348 4986 νων
372 4949 390 4963 .
456 4946 477 4979 ι
501 4924 725 4993 Ἐξῆλθε
747 4943 766 4974 ι
808 4924 930 4994 γὰρ,
975 4922 1166 4991 φησὶν,
1211 4941 1228 4972 ι
1269 4926 1297 4976 ό
1342 4927 1506 4979 Ἠσαῦ
1537 4931 1663 4984 ὡσεὶ
1698 4933 1827 5003 δορά

1949 4952 2034 4990 ton
2059 4934 2428 4997 extrahantur,
2458 4932 2548 4986 sed
2579 4933 2954 5001 egrediantur:
2987 4948 3006 4980 ι
3038 4931 3293 4998 Egressus
3319 4936 3400 4981 est
3428 4944 3451 4978 ι

234 5020 441 5083 δασύς.
479 5035 500 5067 ι
549 5014 648 5066 Διὰ
693 5013 844 5064 τοῦτο
873 5013 927 5064 δὲ
961 5011 1126 5080 μόνος
1173 5011 1229 5060 οὐ
1264 5013 1485 5078 γέγονεν
1517 5019 1572 5071 ἐν
1617 5023 1681 5090 τῇ
1719 5022 1827 5075 τῶν

1949 5025 2090 5090 :nim,
2118 5023 2354 5091 inquit",
2378 5040 2397 5075 ι
2421 5022 2556 5076 Esau
2573 5022 2711 5076 sicut
2735 5020 2886 5089 pellis
2909 5018 3128 5087 pilosus.
3158 5035 3177 5068 ι
3201 5015 3451 5081 Propter-

1949 3231 2100 3283 nobis
2131 3230 2498 3296 peccatoribus
2529 3230 2746 3294 vermis,
2792 3230 3178 3285 conscientiam
3234 3240 3474 3287 nostram

1945 3331 2173 3387 arguens
2203 3325 2254 3371 et
2287 3319 2501 3371 rodens.

307 5153 356 5185 ιι
393 5146 610 5205 Ειεειι.
648 5144 852 5208 xxxt,9.
927 5141 971 5172 ¹⁵
1016 5139 1159 5192 (τεη.
1206 5156 1334 5208 xxv,
1380 5145 1470 5198 25.

299 5284 432 5352 (49)
468 5277 628 5344 Αὕτη
664 5273 898 5397 memmi
921 5309 936 5332 ,
970 5278 1077 5323 etc.
1113 5268 1414 5348 Corderius
1438 5311 1454 5335 ,
1478 5273 1590 5353 "qui
1637 5282 1694 5353 et
1740 5275 1814 5328 si.

308 5357 384 5397 lia
453 5349 567 5397 fere
620 5347 684 5397 ha
724 5353 776 5396 et
821 5341 919 5393 sub
975 5349 1197 5390 nomine
1246 5339 1514 5397 Gre-norit
1568 5339 1813 5394 Nazian-

1991 5276 2101 5342 (51)
2142 5275 2445 5330 Ἐντεῦθεν
2503 5278 2849 5342 ararim/rer,
2867 5283 2969 5327 etc.
3001 5273 3216 5327 Schedm
3243 5271 3450 5325 Grahii.

1992 5345 2103 5397 (52)
2144 5347 2202 5396 Ὁ
2245 5295 2516 5397 σκώληξ.
2561 5353 2664 5397 etc.
2707 5342 2880 5394 Codex
2919 5340 3135 5394 Coisliu.
3167 5349 3218 5390 et
3243 5339 3450 5390 schedaa

230 5339 424 5406 milia'
453 5349 567 5401 fere
613 5339 776 5399 habet
821 5341 919 5393 sub
975 5339 1197 5390 nomine
1246 5339 1532 5408 Gregorii
1568 5339 1813 5394 Naaian-
1926 5411 1961 5424 η
2144 5347 2202 5424 'Q
2245 5339 2516 5424 σκώληξ,
2561 5353 2664 5397 etc.
2707 5339 2880 5394 Codex
2919 5340 3135 5404 Coisliu.
3167 5349 3218 5390 et
3243 5339 3456 5390 schedaa

226 5435 425 5558 ηῗέὸ)
458 5483 560 5558 ’Ὡς
583 5482 764 5546 ἔλεγε,
797 5485 900 5528 etc.
929 5467 1120 5522 Codex
1152 5470 1553 5538 Coislinianus,
1582 5481 1636 5528 et
1663 5439 1818 5531 sche-

1949 5411 2131 5473 ira'bii,
2163 5412 2446 5463 Barbarus.
3389 5471 3422 5483 η

1993 5479 2099 5558 (5:5)
2127 5478 2280 5558 Θεὸς
2312 5477 2769 5558 γᾲρνχενόμενον
2790 5507 2805 5535 ,
2839 5479 2943 5526 etc.
2978 5473 3199 5526 Scheate
3242 5469 3454 5533 Gt'abn,

227 5544 311 5610 da?
327 5544 547 5610 Grabt't'.
687 5544 693 5546 ⁷
1923 5544 2218 5612 partimque
2243 5544 2549 5596 Cordcrius.
3103 5594 3114 5599 ,
