3958 6248
289 203 319 255 1
333 202 449 258 257

1312 205 1614 262 SELECTA
1652 202 1717 257 IN
1757 202 2081 259 PSALMOS.
2122 234 2187 245 —
2218 205 2405 259 PSAL.
2444 206 2582 260 XXI.

3379 221 3512 281 1258
3564 254 3569 259 -

390 312 554 365 Ὡσεί
589 313 742 382 ὕδωρ
767 315 1081 387 ἐξεχύθην,
1111 320 1206 373 καὶ
1234 320 1650 387 διεσκορπίσθη
1681 318 1862 370 πάντα

2041 315 2195 370 Vens.
2230 317 2311 370 15.
2349 317 2492 371 Sicut
2524 334 2656 387 aqua
2684 320 2878 386 e/Tusus
2908 337 3020 375 tum
3044 329 3094 377 et
3118 322 3351 390 dispersa
3377 336 3496 381 sunt

284 405 380 456 τὰ
405 403 567 459 ὀστᾶ
589 422 728 473 μου,
758 425 809 460 κ.
844 425 894 463 τ.
926 411 971 462 ἐ.
1006 412 1165 463 ὐστᾶ
1194 410 1289 479 τῆς
1321 410 1505 478 σοφίας
1527 408 1632 479 (59)
1655 409 1721 461 τὰ
1746 409 1871 476 ἅγια

281 491 563 562 δόγματα
596 494 694 564 τῆς
733 496 1053 567 Ἐκκλησίας
1097 500 1261 562 ἐστὶν,
1303 499 1443 567 ἆπερ
1482 501 1539 550 ὲν
1583 496 1660 566 τῷ
1688 498 1871 566 Πάσχα

280 584 418 644 τοῖς
443 583 726 647 Ἰουδαίοις
748 586 821 655 μὴ
840 589 1137 658 συντρίϐειν
1152 589 1573 659 νενομοθέτηταιο
1586 604 1605 637 r
1625 585 1869 640 Ὀστοῦν»

282 670 438 741 γὰρ,
498 672 694 742 φησὶν,
728 692 747 726 t
768 674 829 727 οὐ
855 677 1165 746 συντρίψετε
1217 678 1397 730 αὐτοῦ.
1439 697 1457 728 ι
1499 678 1759 745 Ἐκχεῖται
1813 676 1870 728 δὲ

277 757 437 808 ὡσεὶ
464 757 615 829 ὕδωρ
656 760 811 827 λόγος
837 763 942 815 ὑπὸ
984 764 1089 815 τῶν
1121 764 1517 834 πρεσϐευόντων
1558 765 1717 817 αὑτὸν
1746 765 1868 817 ὑδα-

283 847 437 915 ρῶς,
470 850 570 901 καὶ
597 850 701 902 ὑπὸ
726 851 836 904 τῶν
864 854 943 915 είς
971 853 1068 906 ούκ
1096 855 1366 925 ἐπιτήδεια
1391 854 1553 923 σκεύη
1578 854 1869 908 λαλούντων

274 937 495 1000 αὐτὸν,
528 942 625 992 καὶ
667 941 990 1011 ἐκχεόντων·
1026 943 1456 1015 διασκορπίζεται
1503 946 1557 997 δὲ
1595 945 1769 999 πάντα
1801 945 1869 998 τὰ

274 1028 436 1080 ὀστᾶ
460 1028 559 1081 τοῦ
584 1030 745 1097 λόγου
778 1032 883 1084 ὑπὸ
904 1032 1008 1084 τῶν
1040 1032 1111 1102 μὴ
1144 1033 1415 1096 σωζόντων
1443 1032 1603 1085 αὐτοῦ
1628 1032 1686 1085 τὸ
1717 1032 1865 1101 ὕψος,

274 1114 436 1168 ἀλλὰ
458 1117 565 1185 τὴν
594 1119 652 1169 ὲν
670 1122 788 1180 ταῖς
810 1120 1046 1189 Γραφαῖς
1067 1120 1322 1189 ἁρμονίαν
1351 1119 1511 1171 αὐτοῦ
1536 1121 1865 1189 διαλυόντων,

272 1201 442 1254 ὥστε
489 1199 636 1256 εἶναι
682 1203 833 1273 παρὰ
876 1206 972 1274 μὲν
1007 1204 1140 1273 τῷδέ
1170 1221 1272 1257 τινι
1311 1204 1427 1256 τόδε
1472 1204 1651 1256 ὁστέον
1684 1205 1864 1268 αὐτοῦ,

275 1293 455 1362 παρὰ
506 1291 648 1362 τῷδὲ
695 1308 803 1345 τινι
834 1294 1037 1363 ἕτερον,
1079 1294 1171 1347 καὶ
1200 1294 1381 1363 ἕτερον
1428 1296 1554 1365 παρ’
1583 1294 1767 1363 ἑτέρῳ.
1810 1295 1866 1346 '0

271 1379 345 1432 δὲ
394 1382 457 1431 ἐν
509 1380 592 1449 τῷ
611 1379 800 1449 τελείῳ
845 1381 974 1443 Θεὸς
1012 1381 1227 1448 συνάγει
1272 1381 1458 1433 ὀστοῦν
1495 1381 1628 1450 πρὸς
1657 1380 1863 1444 ὀστοῦν,

274 1471 390 1522 καὶ
426 1471 707 1540 ἁρμονίαν
756 1471 889 1541 πρὸς
924 1470 1183 1541 ἁρμονίαν
1231 1474 1294 1524 ἐκ
1329 1471 1420 1523 τοῦ
1452 1471 1598 1533 ὄντος
1640 1470 1862 1541 Ἰσραήλ.

286 1559 374 1609 ’Ἠ
403 1559 561 1611 κατὰ
595 1560 676 1621 τὸ,
712 1579 732 1610 ι
781 1559 1026 1628 Ἐλέησόν
1055 1576 1141 1627 με,
1174 1558 1362 1629 Κύριε,
1392 1560 1472 1611 ὅτι
1504 1558 1772 1629 ἐταράχθη
1799 1558 1867 1611 τὰ

275 1647 435 1701 ὀστᾶ
467 1666 602 1718 μου,
645 1667 665 1701 ι
707 1650 825 1701 ἐστί
861 1666 977 1702 τινα
1006 1650 1105 1718 τῆς
1128 1650 1301 1718 ψυχῆς
1328 1649 1487 1719 νοητὰ
1513 1650 1661 1702 ὀστᾶ.

357 1738 479 1791 Καὶ
519 1741 614 1803 εις
661 1737 817 1804 χοῦν
857 1737 1109 1792 θανάτου
1154 1736 1475 1804 κατήτατές
1515 1753 1612 1804 με,
1640 1753 1694 1790 κ.
1728 1753 1777 1788 τ.
1812 1737 1859 1788 ἑ.

273 1827 407 1897 Οὐκ
430 1829 520 1889 είς
552 1827 783 1879 θάνατον
810 1826 940 1897 (60),
970 1827 1080 1880 ἁλλ’
1109 1828 1189 1889 είς
1213 1825 1337 1895 χοῦν
1367 1826 1592 1879 θανάτου
1620 1824 1861 1893 κατήχθη

269 1896 327 1970 δ’
349 1917 641 1987 Χριστός·
673 1916 735 1968 οὐ
769 1896 876 1987 γὰρ
917 1919 950 1987 ἡ
990 1916 1133 1986 ψυχὴ
1175 1914 1334 1967 αὐτοῦ
1366 1916 1443 1976 είς
1480 1913 1608 1984 ᾅδου
1636 1913 1862 1982 κατελή-

271 2007 425 2077 φθη,
454 2006 560 2059 καὶ
585 2007 621 2076 ἡ
649 2005 785 2076 σὰρξ
805 2005 966 2058 αὑτοῦ
995 2006 1093 2058 οὐκ
1114 2001 1217 2057 οἶδε
1245 2002 1553 2073 διαφθοράν.

351 2184 795 2251 Διεμερίσαντο
836 2182 908 2235 τὰ
939 2182 1134 2250 ἱμάτιά
1173 2200 1290 2251 μου
1328 2183 1576 2249 ἑαυτοῖς,
1615 2184 1712 2237 καὶ
1767 2184 1864 2237 ἐπὶ

269 2274 396 2327 τὸν
417 2274 753 2343 ἱματισμόν
767 2289 885 2341 μου
904 2273 1121 2326 ἔϐαλον
1141 2273 1382 2340 κλῆρον,
1399 2291 1453 2329 κ.
1482 2292 1533 2329 τ.
1556 2276 1603 2327 ὲ.
1630 2274 1863 2328 Ἰουδαῖοι

273 2365 389 2434 μὲν
418 2362 512 2432 (ϐί
525 2373 543 2427 )
569 2360 662 2412 τὸν
685 2360 926 2430 γραπτὸν
949 2361 1108 2429 νόμον
1127 2358 1412 2429 τηροῦντες
1431 2361 1523 2414 κα).
1547 2361 1614 2414 τὰ
1638 2360 1865 2432 αἰσθητὰ

269 2454 495 2523 ἱμάτια
524 2449 623 2502 τοῦ
646 2450 818 2515 Λόγου
838 2448 1264 2519 διαμερίζονται-
1296 2450 1451 2519 ἡμεῖς
1480 2448 1536 2501 δὲ
1562 2450 1622 2502 τὸ
1655 2449 1864 2521 πνεῦμα

268 2540 379 2594 τοῦ
407 2539 586 2606 λόγου
615 2536 994 2604 φυλάσσοντες,
1019 2535 1086 2587 τὰ
1112 2534 1274 2603 νοητὰ
1298 2534 1484 2603 ἱμάτια
1503 2533 1593 2585 τοῦ
1619 2535 1865 2603 Σωτῆρος

266 2628 451 2700 ἡμῶν
493 2624 945 2697 διαμεριζόμεθα,
974 2624 1052 2687 είς
1087 2622 1315 2693 Χριστὸν
1346 2620 1741 2691 βαπτιζόμενοι,
1772 2622 1866 2674 καὶ

269 2717 459 2770 αὐτὸν
486 2715 800 2785 ἐνδυόμενοι
821 2713 895 2776 ὡς
922 2712 1112 2781 σοφίαν
1140 2713 1231 2765 καὶ
1266 2712 1514 2782 ἀλήθειαν
1546 2710 1637 2764 καὶ
1667 2710 1866 2765 amato-

270 2807 488 2875 σύνην.

356 2894 587 2947 Ῥῢσαι
615 2890 736 2946 ἀπὸ
752 2891 1047 2958 ῥομφαίας
1081 2889 1190 2957 τὴν
1214 2892 1420 2958 ψυχήν
1442 2909 1577 2960 μου,
1617 2911 1669 2947 κ.
1718 2907 1768 2946 τ.
1809 2895 1856 2946 ἐ.

279 2984 354 3037 Ἡ
388 2980 683 3051 δυναμένη
715 2982 814 3050 τὴν
843 2980 1015 3049 ψυχὴν
1046 2979 1153 3049 (62)
1185 2979 1376 3049 πλῆξαι
1423 2980 1657 3049 ῥομφαία
1698 2982 1857 3051 νοητὴ

265 3077 388 3145 ἄρα
418 3071 573 3132 ἐστὶ,
603 3070 732 3141 περὶ
767 3065 837 3140 ἧς
866 3071 1101 3140 εἴρηται⁸
1143 3088 1161 3121 ι
1195 3071 1302 3121 Καὶ
1346 3071 1436 3123 σοῦ
1478 3070 1532 3123 δὲ
1570 3072 1737 3141 αὐτῆς
1761 3072 1858 3142 τὴν

264 3165 474 3234 ψυχὴν
523 3160 863 3214 διελεύσεται
901 3159 1157 3229 ῥομφαία.
1185 3178 1203 3209 ι
1240 3160 1503 3227 Ῥομφαία
1544 3160 1717 3212 τοίνυν
1747 3162 1859 3213 ἐστὶ

263 3253 468 3325 ψεκτὴ
501 3249 812 3320 πειρασμὸς
836 3249 915 3310 είς
940 3247 1191 3300 ἀπιστίαν
1232 3246 1361 3299 Θεοῦ
1401 3247 1859 3317 προσκαλούμενος

265 3342 376 3412 τὴν
420 3338 637 3408 ψυχὴν,
676 3336 710 3405 ἢ
740 3336 939 3402 γνῶσις
982 3334 1400 3404 ψευδώνυμος,ῆ
1444 3334 1692 3402 λογισμὸς
1729 3335 1861 3387 ἁκά-

267 3430 495 3500 (raptor;
539 3427 622 3488 είς
672 3423 944 3494 ἁμαρτίαν
976 3423 1324 3493 ἐφελκόμενος
1362 3422 1457 3493 τὴν
1489 3423 1687 3492 ψυχήψ
1726 3424 1859 3493 ὅπερ

269 3516 592 3589 συμϐαίνει
636 3517 749 3575 τοῖς
791 3513 885 3582 τὴν
932 3512 1231 3582 πρακτικὴν
1278 3511 1567 3581 κατορθοῦν
1609 3510 1859 3580 βουλομέ-

268 3626 420 3670 νοις.

341 3695 476 3752 Kal
507 3693 580 3746 ἐκ
614 3692 815 3759 χειρὸς
838 3689 1019 3755 κυνὸς
1042 3687 1154 3755 τὴν
1177 3688 1467 3756 μονογενῆ
1487 3705 1623 3756 μου,
1653 3705 1706 3742 κ.
1733 3706 1781 3741 τ.
1812 3690 1855 3741 ὲ.

265 3790 357 3842 Τὰ
394 3790 472 3839 ἐκ
498 3783 695 3836 τούτου
722 3780 829 3850 (65)
858 3779 952 3832 τοῦ
973 3778 1129 3841 κυνὸς
1153 3777 1458 3845 γεννώμενα
1493 3778 1585 3829 κα)⁵
1608 3778 1744 3830 αὐτὰ
1769 3796 1861 3830 κυ-

266 3880 456 3948 νάρια.
483 3869 836 3942 ὀνομάζεται,
860 3869 985 3939 περὶ
1011 3864 1083 3921 ὧν
1108 3869 1346 3937 εἴρηται·
1376 3885 1393 3917 ι
1424 3867 1534 3919 Οὐκ
1562 3867 1675 3919 ἔστι
1702 3868 1860 3919 καλὸν

265 3967 479 4021 λαϐεῖν
508 3962 607 4014 τὸν
634 3961 796 4028 ἄρτον
822 3956 929 4010 τῶν
966 3956 1189 4021 τέκνων,
1220 3955 1312 4007 καὶ
1344 3954 1521 4023 βαλεῖν
1550 3956 1661 4017 τοῖς
1702 3970 1861 4007 κυνα-

313 4057 455 4117 ἔοις.

271 4074 744 4211 ρῗξῗῆγήσομαι
770 4136 835 4190 τὸ
869 4134 1053 4204 ὄνομά
1098 4148 1212 4187 σου
1248 4131 1367 4197 τοῖς
1407 4132 1685 4201 ἀδελφοῖς
1721 4150 1857 4201 μου,

1971 407 2142 458 omnia
2172 421 2289 458 ossa
2337 422 2469 469 mea,
2498 416 2600 460 etc.
2636 407 2767 462 Ossa
2799 411 3087 477 sapientiae,
3119 412 3365 481 dogmata
3398 412 3499 466 Ec-

1970 494 2142 547 clesim
2182 504 2365 548 sancta
2395 504 2542 559 sunt,
2589 510 2705 562 quae
2744 496 2795 550 in
2829 498 3088 555 Paschate
3130 516 3234 555 non
3267 502 3484 557 commio

1970 583 2176 636 nuenda
2220 598 2338 638 esse
2366 582 2449 636 lex
2492 582 2685 638 Judaais
2716 586 3084 654 pracipiebat:
3116 607 3135 637 ο
3160 590 3234 644 Os
3272 609 3292 640 ι
3323 589 3490 652 enim,

1971 670 2218 738 inquit“,
2242 687 2260 721 ι
2290 682 2390 723 non
2417 669 2783 724 comminuetis
2807 686 2873 724 ex
2894 686 3010 726 eo.»
3040 672 3336 728 Eﬂ‘unditur
3359 674 3499 729 sicut

1970 772 2105 825 aqua
2136 758 2353 810 verbum
2383 757 2452 811 ab
2483 758 2548 810 iis
2575 758 2664 825 qui
2698 772 2803 813 non
2848 761 3056 815 sincere
3086 765 3257 829 ipsum
3291 777 3497 816 annun-

1972 847 2122 911 tiant,
2164 854 2217 900 et
2248 846 2314 899 ab
2348 847 2415 901 iis
2443 848 2534 915 qui
2575 849 2626 901 in
2658 850 2844 904 idonea
2876 864 2999 905 vasa
3030 866 3133 904 nou
3180 852 3306 905 illud
3336 854 3495 907 emit-

1968 942 2122 1001 tunt;
2173 937 2550 1008 disperguntur
2590 958 2715 998 vero
2753 943 2927 997 omnia
2975 957 3096 999 ossa
3142 946 3287 999 verbi
3324 947 3390 1001 ab
3431 946 3497 1001 iis

1967 1025 2056 1093 qui
2103 1025 2218 1093 ejus
2264 1028 2641 1086 sublimitatem
2673 1046 2776 1088 non
2814 1043 3058 1099 servant,
3098 1034 3189 1089 sed
3227 1049 3344 1090 eam
3378 1050 3496 1104 qua:

1971 1112 2022 1167 in
2059 1112 2349 1183 Scripturis
2385 1126 2484 1185 est,
2518 1120 2848 1174 harmoniam
2877 1122 3193 1187 dissolvunt,
3227 1124 3301 1177 ita
3348 1132 3407 1178 ut
3433 1139 3498 1179 os

1966 1204 2079 1272 ejus
2109 1204 2249 1259 aliud
2296 1221 2456 1275 penes
2495 1210 2635 1262 hunc
2671 1210 2779 1273 sit,
2825 1210 2965 1265 aliud
3015 1225 3181 1278 penes
3222 1212 3402 1276 illum,
3441 1223 3498 1267 et

1966 1294 2105 1347 aliud
2137 1310 2296 1362 penes
2327 1296 2570 1350 alterum.
2600 1297 2703 1363 Qui
2742 1310 2921 1354 autem
2962 1301 3121 1370 622
3163 1300 3216 1354 iu
3256 1301 3496 1369 perfecto

1966 1384 2169 1439 habitat
2202 1386 2360 1450 Deus,
2388 1402 2448 1441 os
2478 1388 2543 1440 ad
2570 1403 2631 1442 os
2666 1389 2958 1457 conjungit,
2985 1398 3038 1443 et
3068 1389 3398 1443 harmoniam
3429 1391 3496 1445 ad

1968 1471 2298 1526 harmoniam
2346 1490 2409 1528 ex
2443 1474 2623 1545 Israel.
2671 1476 2766 1530 Vel
2793 1475 2942 1543 juxta
2998 1477 3128 1532 illud
3154 1480 3199 1510 ¹²
3228 1494 3242 1530 :
3284 1495 3303 1530 ι
3331 1478 3494 1533 Mise-

1968 1572 2086 1613 rere
2131 1560 2250 1621 mei,
2288 1561 2525 1625 Domine,
2568 1562 2820 1631 quoniam
2857 1565 3173 1620 conturbata
3210 1574 3338 1621 sunt
3373 1581 3494 1622 ossa

1895 1645 1938 1698 B
1967 1662 2103 1712 mea,
2137 1667 2155 1698 ι
2200 1651 2434 1716 quzcdam
2469 1659 2592 1704 sunt
2628 1650 3003 1706 intellectualia
3032 1655 3220 1709 anima:
3244 1670 3387 1710 ossa.

2033 1741 2191 1796 Vnus.
2216 1744 2298 1796 16.
2325 1742 2393 1796 Et
2418 1747 2471 1797 in
2498 1745 2758 1812 puluerem
2782 1748 2960 1799 mortis
2979 1746 3239 1800 deduxisti
3260 1763 3360 1811 me,
3384 1755 3490 1801 etc.

1960 1829 2073 1884 Non
2113 1831 2164 1883 in
2197 1839 2441 1895 mortem,
2466 1834 2564 1887 sed
2596 1834 2648 1886 in
2694 1832 2967 1901 pulverem
3015 1835 3201 1888 mortis
3234 1836 3494 1889 deductus

1960 1927 2042 1973 est
2085 1918 2361 1974 Christus:
2399 1936 2504 1975 non
2532 1923 2672 1975 enim
2702 1922 2874 1975 anima
2902 1923 3017 1988 ejus
3063 1924 3115 1977 in
3153 1922 3361 1978 inferno
3402 1923 3494 1977 de-

1962 2005 2143 2060 relicta
2171 2014 2284 2073 est,
2325 2022 2497 2078 neque
2533 2023 2658 2062 caro
2686 2008 2799 2077 ejus
2835 2018 3050 2078 experta
3077 2018 3159 2064 est
3196 2009 3496 2079 corruptio—

1960 2110 2101 2147 nem.

2032 2182 2190 2238 Vens.
2234 2186 2317 2239 l9.
2379 2184 2673 2239 Diviseruut
2736 2188 2835 2241 sibi
2894 2188 3193 2240 uestimenta
3248 2203 3397 2252 mea,
3443 2197 3494 2241 et

1960 2287 2113 2339 super
2160 2281 2345 2326 vestem
2382 2288 2547 2326 meam
2603 2275 2851 2327 miserunt
2901 2286 3119 2336 sortem,
3163 2282 3269 2329 etc.
3324 2273 3494 2328 Judmi

1961 2359 2176 2425 quidem
2232 2360 2354 2413 dum
2404 2359 2573 2424 legem
2625 2361 2875 2427 scriptam
2927 2370 3175 2427 serunt,
3222 2362 3494 2417 sensibilia

1961 2446 2118 2501 Verbi
2135 2449 2446 2504 vestimenta
2489 2447 2749 2513 dividunt,
2781 2465 2874 2504 nos
2903 2465 3031 2504 vero
3062 2452 3307 2519 spiritum
3343 2454 3493 2507 verbi

1960 2532 2338 2597 custodientes,
2370 2534 2739 2588 intellectualia
2772 2537 3075 2591 Servatoris
3107 2540 3276 2593 nostri
3315 2540 3484 2594 vesti-

1963 2629 2141 2674 menta
2171 2621 2472 2686 dividimus,
2502 2622 2554 2675 in
2587 2623 2861 2676 Christum
2910 2623 3192 2692 baptizati,
3234 2635 3287 2679 et
3319 2624 3492 2693 ipsum

1964 2719 2217 2778 tanquam
2280 2711 2629 2778 sapientiam,
2676 2712 2957 2766 veritatem
3007 2722 3061 2767 et
3102 2713 3362 2783 justitiam
3413 2716 3491 2767 in-

1962 2800 2095 2851 dltti.

2051 2884 2210 2943 Vxns.
2270 2887 2358 2940 21.
2414 2887 2556 2941 Erue
2619 2904 2650 2940 a
2711 2888 2951 2954 framea,
3018 2888 3194 2951 Deus,
3267 2891 3495 2943 animum

1960 2990 2142 3039 meam,
2175 2984 2277 3029 etc.
2321 2975 2540 3030 Framea
2570 2992 2687 3045 quae
2716 2980 2944 3030 animum
2977 2977 3137 3032 ferire
3163 2979 3351 3049 possit,
3389 2982 3497 3034 uti-

1956 3078 2057 3130 que
2082 3065 2333 3132 spiritalis
2360 3077 2462 3131 est,
2504 3065 2570 3120 de
2601 3081 2706 3135 qua
2734 3065 2932 3120 dictum
2960 3077 3040 3121 est
3064 3066 3148 3122 "z
3184 3086 3203 3119 ι
3234 3068 3299 3123 Et
3346 3078 3489 3126 tuam

1957 3153 2121 3220 ipsius
2159 3155 2390 3208 animam
2428 3155 2771 3223 pertransibit
2817 3154 3044 3224 gladius.
3072 3175 3090 3208 ι
3134 3157 3498 3227 Reprehensi-

1959 3242 2079 3295 bilis
2109 3244 2287 3310 itaque
2323 3244 2525 3297 framea
2552 3253 2633 3298 est
2659 3245 2880 3298 tcntatio
2903 3244 2991 3297 illa
3017 3259 3136 3312 qua
3156 3247 3221 3300 ad
3248 3247 3496 3301 incredu-

1958 3329 2161 3383 litatetn
2194 3332 2283 3384 Dei
2332 3334 2561 3384 animum
2592 3333 2810 3398 inducit,
2845 3332 2927 3386 vel
2959 3334 3192 3402 cognitio
3226 3333 3380 3401 falsa,
3410 3340 3494 3389 vel

1959 3418 2208 3484 cogitatio
2242 3420 2444 3487 impura
2482 3434 2599 3487 qua:
2631 3423 2682 3473 in
2716 3430 2991 3489 peccatum
3023 3422 3255 3477 animam
3288 3426 3489 3479 trahit:

1959 3508 2096 3574 quod
2126 3510 2346 3576 contigit
2371 3509 2455 3564 his
2483 3510 2571 3578 qui
2600 3520 2748 3564 recte
2773 3526 2930 3580 agere
2963 3512 3163 3566 volunt.

2031 3684 2097 3737 Et
2147 3688 2209 3740 de
2258 3704 2416 3741 manu
2464 3690 2607 3741 canis
2662 3689 2870 3743 unicam
2921 3705 3117 3751 meum,
3166 3698 3272 3744 etc.
3324 3689 3491 3756 Hujus

1961 3774 2108 3827 canis
2140 3773 2282 3829 fetus
2306 3785 2358 3829 et
2400 3776 2499 3844 ipsi
2530 3777 2707 3832 catelli
2734 3787 3013 3840 vocantur,
3060 3780 3125 3833 de
3169 3780 3363 3846 quibus
3409 3780 3494 3834 di-

1958 3872 2099 3915 ctum
2134 3872 2216 3916 est
2234 3863 2320 3917 ’δε
2354 3882 2374 3915 ι
2400 3863 2513 3917 Non
2541 3873 2624 3918 est
2653 3866 2849 3920 bonum
2885 3880 3096 3921 sumere
3132 3882 3320 3938 panem
3355 3868 3492 3923 illio—

1963 3966 2080 4003 rum
2105 3960 2159 4004 et
2188 3951 2318 4007 dare
2341 3953 2565 4007 catellis.
2586 3973 2606 4005 ι

2030 4130 2187 4183 Vens.
2208 4130 2296 4185 25.
2320 4130 2563 4184 Narrabo
2579 4147 2759 4185 nomen
2783 4142 2927 4184 tuum
2948 4132 3197 4199 fratribus
3222 4134 3366 4200 meis,
3384 4142 3490 4190 etc.

266 4256 325 4291 κ.
361 4253 425 4287 τ.
466 4235 518 4286 ὲ.
552 4228 740 4283 Ταῦτα
774 4227 932 4280 οἱονεὶ
961 4225 1067 4295 (64)
1100 4225 1421 4285 ἀναστάντος
1448 4224 1511 4275 ὲκ
1536 4222 1739 4292 νεκρῶν
1769 4224 1859 4274 ὑπ’

1962 4221 2084 4275 Ηωο
2108 4222 2175 4275 ab
2214 4222 2327 4291 ipso
2358 4222 2497 4276 dicta
2525 4232 2648 4277 sunt
2675 4225 2827 4292 quasi
2850 4223 2959 4291 jam
2992 4239 3021 4278 a
3054 4226 3278 4280 mortuis
3315 4241 3495 4281 resur-

266 4321 456 4379 αὑτοῦ
508 4317 756 4384 λέγεται,
790 4314 884 4367 καὶ
926 4310 1344 4373 ὲπακουσθέντος
1385 4308 1470 4376 ἐφ’
1504 4303 1585 4371 οἷς
1625 4308 1859 4379 προσηύ-

269 4430 536 4567 agape
563 4493 683 4550 σοῦ
713 4495 746 4547 ό
770 4492 1010 4556 ἔπαινός
1025 4507 1141 4558 μου
1164 4489 1233 4541 ἐν
1263 4488 1586 4555 Ἐκκλησία
1607 4486 1856 4556 μεγάλῃ,

268 4611 327 4648 κ.
372 4608 436 4643 τ.
486 4588 540 4640 ὲ.
576 4604 596 4636 ι
636 4584 727 4636 Ἐν
755 4581 832 4651 τῷ
862 4582 1050 4651 Κυρίῳ
1076 4579 1184 4650 (65)
1218 4578 1624 4647 ἐπαινεθήσεται
1653 4580 1685 4645 ἡ
1715 4577 1855 4648 ψυχή

273 4699 415 4751 μου,
453 4697 474 4728 s
505 4671 793 4727 τουτέστιν
814 4672 912 4722 οὐκ
936 4672 992 4722 ὲν
1021 4669 1261 4737 εὐγενείᾳ
1282 4667 1389 4719 οὐδ’
1415 4668 1472 4719 ὲν
1499 4665 1725 4735 πλούτῳ,
1744 4665 1856 4719 ἀλλ’

267 4773 330 4822 ἐν
368 4763 556 4831 σοφίᾳ
590 4760 686 4812 καὶ
715 4756 1040 4826 δικαιοσύνῃ.

344 4854 672 4923 (uiror-tat
714 4846 966 4913 πένητες
1004 4846 1100 4898 καὶ
1156 4841 1670 4912 ἐμπλησθήσονται
1694 4880 1708 4904 ,
1760 4840 1859 4894 καὶ

1963 4312 2211 4377 rexisset,
2248 4321 2301 4365 et
2337 4315 2619 4366 exauditus
2656 4323 2797 4369 esset
2828 4329 2923 4382 pro
2954 4316 3019 4369 iis
3048 4330 3273 4383 quorum
3321 4317 3495 4386 gratia

1958 4413 2225 4455 oraverat.

2029 4489 2190 4544 Vens.
2230 4489 2318 4544 26.
2372 4489 2519 4556 Apud
2569 4497 2617 4542 te
2670 4488 2785 4543 laus
2829 4505 2943 4544 mea
2988 4492 3042 4543 in
3093 4490 3330 4545 Ecclesia
3375 4509 3492 4546 ma-

1960 4594 2081 4647 gna,
2119 4588 2222 4633 etc.
2252 4597 2273 4630 t
2297 4580 2350 4633 In
2398 4580 2619 4635 Domino
2665 4581 2972 4635 laudabitur
3004 4583 3181 4635 anima
3231 4597 3345 4637 mea
3373 4583 3439 4647 ⁸⁸,
3469 4602 3488 4633 ι

1961 4668 2062 4721 hoc
2083 4677 2186 4735 est,
2218 4684 2319 4723 non
2352 4671 2402 4723 in
2436 4671 2644 4739 generis
2668 4670 2961 4736 nobilitate,
2990 4685 3162 4740 neque
3189 4672 3241 4725 in
3270 4671 3494 4735 divitiis,

1963 4754 2053 4805 sed
2086 4754 2136 4805 in
2169 4755 2434 4822 sapientia
2461 4766 2514 4809 et
2540 4756 2769 4823 iustitia.

2033 4840 2197 4895 Vens.
2223 4843 2313 4897 27.
2349 4843 2512 4898 Edent
2540 4862 2786 4914 pauperes
2811 4853 2862 4899 et
2888 4847 3287 4913 saturabuntttr,
3313 4855 3359 4899 et
3386 4842 3498 4897 Iau-

406 4987 460 5018 ²¹
503 4982 671 5036 Joan.
704 4995 819 5042 xrx,
851 4977 939 5031 50.
1030 4976 1074 5007 ’⁸
1112 4973 1329 5035 Psal.vt,
1356 4974 1409 5026 5.
1483 4972 1527 5003 ³³
1562 4971 1693 5025 Luc.
1721 4987 1793 5036 ll,
1818 4973 1862 5026 5.‘

1981 4972 2027 5005 “
2063 4972 2245 5027 Matth.
2272 4990 2357 5037 xv,
2383 4975 2470 5029 26.
2557 4977 2602 5008 ⁸⁵
2644 4948 2983 5041 Psauxxm,
3019 4977 3073 5029 5.

350 5102 486 5164 (59)
539 5091 723 5147 Ὀστᾶ
763 5090 875 5158 τῆς
916 5089 1166 5155 σοφίας,
1214 5094 1317 5141 etc.
1367 5086 1574 5140 Eaedem
1618 5086 1862 5155 schedae,

277 5172 652 5304 Ba(igba)r‘3:;x
683 5231 771 5304 εἰς
799 5225 1090 5285 θάνατον,
1131 5232 1234 5279 etc.
1272 5220 1448 5275 Codex
1483 5218 1862 5287 Coislinianus,

282 5297 530 5362 schelius
563 5297 770 5351 Grabii.

355 5354 488 5439 (61)
530 5363 812 5439 Ἰουδαῖοί
999 5366 1102 5410 etc.
1129 5358 1306 5412 Codex
1335 5354 1709 5417 Coislinianus,
1735 5354 1867 5411 Bar-

276 5425 491 5500 na‘ri-s'.
527 5434 744 5504 εςιιειιέιε
773 5425 982 5504 ⁶έ³¹3ίίο
1078 5492 1089 5504 .
1213 5494 1227 5504 .
1338 5490 1350 5504 ,
1523 5497 1534 5504 .
1640 5488 1672 5504 ..

355 5489 510 5579 (δέ)
572 5501 637 5552 Ἠ
679 5491 986 5559 δυναμένη
1036 5492 1145 5556 τὴν
1189 5490 1430 5557 ψυχήν,
1486 5497 1594 5543 etc.
1640 5489 1863 5545 Schedie

588 5592 873 5651 Ριτιιοι.
905 5579 1020 5637 Gtt.
1052 5580 1190 5640 XII.

1957 5088 2177 5152 Grabii,
2222 5090 2521 5158 partimque
2551 5090 2836 5145 Corderius
2861 5129 2875 5153 ,
2918 5098 2972 5142 et
3003 5089 3172 5142 codex
3216 5086 3496 5140 Coislinia-

1960 5173 2137 5294 M533)
2194 5225 2270 5294 Τὰ
2307 5225 2376 5294 ἐκ
2415 5226 2664 5287 τούτου,
2712 5233 2812 5276 etc.
2864 5222 3038 5274 Codex
3100 5218 3496 5282 Coislinlanus,

1959 5294 2171 5347 schedia
2198 5293 2402 5347 Grabii.

2028 5362 2138 5431 (6i)
2172 5360 2590 5431 Ταῦτα-οἱονεί,
2619 5367 2727 5408 etc.
2760 5352 3062 5431 (ἰσχύοι-ἰαί.
3092 5418 3104 5429 .
3143 5419 3174 5431 η
3219 5417 3233 5430 ο

2027 5419 2138 5498 (65)
2181 5429 2281 5482 Ἐν
2310 5426 2387 5490 τῷ
2422 5419 2629 5490 Κυρίῳ,
2664 5436 2769 5476 etc.
2804 5421 2981 5475 Codex
3009 5419 3395 5471 Coisliuianus.

3172 5569 3250 5628 ltO
