3958 6248
347 226 485 280 1261

1331 230 1628 323 ΘΕΒΕῼΤΑ
1663 229 1729 284 ΙΝ
1758 230 2083 286 PSALMOS.
2114 261 2182 270 —
2218 231 2406 286 PSAL.
2447 232 2605 287 XXII.

3391 234 3529 293 £262

345 307 640 412 μαστίγων
691 345 784 399 καὶ
840 346 947 399 τῶν
990 348 1255 401 κολάσεων
1303 312 1532 417 εἴρηται,
1582 349 1902 418 μαρτυρήσει

2007 346 2158 401 testis
2201 347 2302 400 erit
2333 346 2627 416 Scriptura,
2672 363 2790 416 qua:
2818 348 3047 404 dicit“:
3082 367 3101 400 ι
3132 348 3188 402 Si
3232 348 3531 419 derelique-

338 433 487 501 αὑτὴ
544 436 579 503 ἡ
649 435 836 506 Γραφὴ
901 437 1153 504 λέγουσα·
1213 456 1230 487 ι
1280 438 1398 491 Ἐὰν
1462 437 1902 505 ἐγκαταλείπωσιν

2009 435 2115 486 rint
2143 433 2234 485 lilii
2272 434 2371 486 mei
2409 434 2576 502 legem
2607 449 2799 499 meam,
2822 443 2875 489 et
2902 436 2954 489 in
2991 435 3207 504 iudiciis
3253 434 3385 490 meis
3425 451 3529 491 non
3564 458 3567 463 ⁴

338 523 391 573 oi
427 522 541 574 υἱοί
577 540 680 593 μου
707 524 796 577 τὸν
827 524 987 595 νόμον
1023 543 1141 595 μου,
1178 527 1267 578 καὶ
1314 530 1421 589 τοῖς
1453 527 1674 597 κρίμασι
1704 543 1799 595 μου
1838 525 1909 594 μὴ

342 610 733 679 πορευθῶσινο
778 613 871 664 ἐὰν
923 613 988 665 τά
1035 613 1371 683 δικαιώματά
1410 630 1506 683 μου
1549 612 1906 683 βεϐηλώσωσι,

337 700 443 751 καὶ
475 699 582 761 τὰς
612 702 832 764 ἐντολάς
868 718 966 771 μου
1015 703 1088 772 μὴ
1126 703 1440 770 φυλάξωσιν,
1469 703 1821 772 ἐπισκέψομαι
1852 704 1907 753 ἐν

338 789 536 859 ῥάϐδῳ
563 790 665 853 τὰς
690 792 914 860 ἀνομίας
940 793 1135 855 αὐτῶν,
1171 792 1260 844 καὶ
1289 795 1344 844 ἐν
1375 792 1585 861 μάστιξι
1616 794 1711 854 τὰς
1736 794 1910 862 ἁμαρ-

333 877 467 939 τίας
502 879 707 941 αὐτῶν,
738 880 798 931 τὸ
832 881 888 931 δὲ
935 879 1077 942 ἔλεός
1108 896 1205 948 μου
1235 880 1294 932 οὒ
1336 881 1407 948 μὴ
1453 881 1777 933 διασκεδάσω
1814 879 1905 930 ἀπ’

334 964 563 1016 αὐτῶν·
600 985 620 1017 ι
648 965 788 1017 ὥστε
817 968 865 1018 εί
893 967 1132 1037 ἥμαρτες
1171 966 1262 1019 καὶ
1304 966 1512 1034 βλέπεις
1551 966 1737 1035 ῥάϐδον
1775 964 1905 1016 Θεοῦ

334 1053 715 1124 ἐπικειμένην
742 1071 842 1119 σοι,
880 1055 1006 1116 ῐσθι,
1039 1039 1117 1106 ὅτι
1154 1054 1215 1105 τὸ
1243 1054 1382 1115 ἔλεος
1424 1054 1515 1106 τοῦ
1547 1054 1678 1108 Θεοῦ
1710 1054 1769 1105 οὐ
1798 1054 1904 1105 διε-

334 1140 646 1193 σκέδασται
676 1142 784 1194 άπὸ
812 1142 925 1194 σοῦ.
956 1144 1019 1194 Εί
1052 1142 1107 1194 δέ
1137 1143 1394 1211 ἥμαρτες,
1441 1144 1531 1194 καὶ
1556 1142 1783 1210 οὐδαμοῦ
1810 1141 1905 1209 ῥά-

332 1232 490 1294 ϐδος,
529 1232 655 1284 οὐδὲ
693 1231 905 1301 μάστιξ,
937 1231 1098 1299 φοϐοῦ
1122 1248 1134 1262 ·
1163 1233 1220 1283 οὐ
1254 1229 1605 1299 παραδέχεται
1637 1247 1694 1281 σε
1726 1232 1753 1281 6
1776 1229 1905 1292 Θεὸς

336 1338 357 1370 ι
403 1323 435 1372 6
467 1321 758 1390 μαστιγῶν
788 1321 963 1373 πάντα
993 1322 1105 1373 υίὸν
1135 1321 1192 1374 δν
1218 1321 1588 1391 παραδέχεται.
1630 1339 1648 1370 ι
1677 1318 1906 1371 Τοιαῦτα

329 1411 563 1477 λέγεται
595 1410 726 1480 περὶ
756 1410 862 1463 τῶν
899 1409 1248 1479 ἁμαρτωλῶν,
1280 1410 1365 1461 ὅτε
1396 1410 1454 1460 οὐ
1491 1408 1898 1477 μαστιγοῦνται·

334 1518 357 1549 ι
409 1498 589 1568 Ἐμοῦ
624 1498 683 1551 δὲ
715 1498 863 1567 παρὰ
898 1497 1085 1567 μικρὸν
1114 1495 1468 1564 ἐσαλεύθησαν
1498 1496 1545 1547 οἱ
1580 1496 1750 1556 πόδες,
1777 1497 1903 1565 παρ’

325 1587 524 1655 ὀλίγον
555 1586 786 1656 ἐξεχύθη
820 1586 885 1637 τὰ
907 1585 1205 1654 διαϐήματά
1234 1601 1352 1652 μου,
1384 1584 1463 1635 ὅτι
1488 1585 1584 1635 οὐκ
1611 1582 1750 1634 ἔστιν
1772 1583 1901 1657 ἀνά-

2007 522 2425 587 ambulaverint;
2469 523 2513 575 si
2554 520 2791 588 justitias
2834 538 2977 578 meas
3019 523 3437 592 profanaveris»,
3477 535 3533 578 et

2006 609 2253 663 mandata
2298 623 2412 662 mea
2457 623 2564 663 non
2615 611 2991 673 custodierint,
3026 611 3254 667 visitabo
3282 613 3337 666 in
3389 614 3532 682 :irga

2007 698 2318 765 iniquitates
2355 711 2557 764 eorum,
2584 705 2638 749 et
2668 696 2720 749 in
2746 697 3051 751 verberibus
3078 709 3291 765 peccata
3320 713 3529 762 eorum,

2008 785 2420 839 misericordiam
2446 793 2620 838 autem
2648 798 2813 837 meam
2847 798 2948 837 non
2978 783 3275 854 dispergam
3308 786 3374 840 ab
3396 786 3524 841 eis.»
3608 794 3617 807 '

2007 873 2358 939 Quamobrem
2390 873 2435 926 si
2466 872 2728 942 peccasti,
2773 882 2827 925 et
2875 873 3022 927 vides
3051 874 3253 935 virgam
3298 873 3391 927 Dei
3434 874 3528 928 tibi

2007 966 2303 1027 imminere,
2329 964 2489 1034 624
2518 964 2653 1018 scito
2695 965 3111 1019 misericordiam
3146 965 3238 1018 Dei
3285 978 3387 1018 non
3422 966 3531 1019 dis-

2005 1070 2211 1123 persam
2262 1071 2378 1109 esse
2412 1071 2439 1107 a
2482 1064 2552 1107 te.
2605 1054 2659 1107 Si
2711 1062 2885 1106 autem
2939 1054 3204 1121 peccasti,
3248 1068 3347 1107 nec
3382 1054 3529 1123 virga

2004 1161 2100 1198 nec
2130 1144 2391 1213 ﬂagellum
2423 1142 2693 1197 ullomodo
2720 1142 2978 1204 imminet,
3009 1144 3135 1196 time
3161 1160 3176 1195 :
3211 1158 3315 1196 non
3341 1143 3531 1210 recipit

2007 1243 2055 1285 te
2096 1233 2232 1287 Deus
2275 1233 2362 1299 qui
2400 1251 2419 1283 ι
2449 1231 2681 1300 ﬂagellat
2725 1247 2934 1288 omnem
2986 1231 3151 1286 ﬁlium
3193 1247 3348 1299 quem
3394 1234 3530 1286 reci-

2002 1322 2080 1387 pit
2105 1320 2172 1373 ".
2196 1338 2213 1370 ι
2249 1318 2381 1372 Nam
2411 1320 2476 1372 de
2515 1322 2885 1387 peccatoribus
2931 1335 3066 1388 quos
3116 1335 3219 1374 non
3267 1321 3527 1389 castigat,

2002 1410 2193 1463 dicitur
2212 1409 2293 1461 ³²ε
2330 1426 2351 1459 ι
2380 1396 2480 1461 Mei
2510 1417 2682 1462 autem
2712 1423 2844 1476 pene
2872 1409 3000 1463 moti
3033 1418 3158 1463 sunt
3184 1409 3366 1476 pedes,
3393 1423 3530 1476 pene

2004 1497 2154 1552 cﬂusi
2186 1508 2310 1552 sunt
2344 1513 2557 1568 gressus
2600 1499 2724 1560 mei,
2767 1499 2890 1566 quia
2917 1510 3019 1551 non
3058 1506 3142 1552 est
3172 1506 3440 1566 respectus
3470 1498 3524 1551 in

2003 1595 2170 1640 morte
2201 1587 2456 1654 ipsorum,
2497 1596 2547 1639 et
2582 1585 2970 1639 ﬁrmamentum
3014 1586 3068 1638 in
3117 1585 3268 1653 plaga
3316 1599 3523 1638 eorum.

325 1692 531 1737 νευσις
569 1678 631 1727 ἐν
673 1673 750 1743 τῷ
795 1672 1005 1740 θανάτῳ
1047 1671 1238 1736 αὐτῶν,
1286 1671 1376 1723 καὶ
1419 1670 1697 1739 στερέωμα
1740 1670 1795 1721 ἐν
1836 1671 1900 1737 τῇ

2003 1674 2054 1725 In
2084 1674 2355 1729 laboribus
2382 1676 2651 1728 hominum
2686 1689 2788 1727 non
2822 1683 2965 1737 sunt,
2999 1684 3194 1726 etcum
3226 1673 3527 1727 hominibus

330 1765 577 1834 μάστιγι
629 1761 827 1815 αὐτῶν.
872 1762 956 1813 Ἐν
989 1761 1173 1822 κόποις
1212 1757 1501 1828 ἀνθρώπων
1538 1759 1634 1809 οὐκ
1672 1757 1901 1818 claimed

329 1850 483 1921 μετὰ
542 1847 850 1918 ἀνθρώπων
901 1849 960 1899 οὐ
1023 1845 1529 1916 μαστιγωθήσονται.
1592 1843 1688 1895 Διὰ
1750 1843 1902 1895 τοῦτο

323 1939 655 2008 ἐκράτησεν
687 1936 879 1997 αὐτοὺς
910 1937 943 2005 ἡ
973 1933 1338 2004 ὑπερηφανίαο
1377 1932 1747 2003 περιεϐάλοντο
1786 1932 1901 1984 ἀδι-

2003 1776 2104 1816 non
2131 1761 2558 1831 ﬂagellabuntur.
2585 1763 2705 1816 Ideo
2734 1762 2901 1814 tenuit
2926 1752 3018 1816 eos
3047 1763 3314 1829 superbia.
3342 1760 3524 1830 Operti

2001 1859 2127 1903 sunt
2159 1850 2442 1918 iniquitate
2467 1858 2522 1903 et
2560 1850 2832 1918 impietate
2872 1864 2989 1903 sua.
3021 1848 3181 1917 Virga
3218 1859 3303 1904 tua
3332 1858 3387 1904 et
3432 1850 3528 1903 ba-

2001 1938 2317 2020 culustuus.
2343 1956 2361 1988 ι
2397 1934 2599 1991 Suﬂicit
2627 1938 2773 2003 virga
2803 1952 2817 1989 :
2848 1938 2971 2004 quid
3003 1951 3136 2005 opus
3176 1945 3259 1991 est
3301 1938 3526 1991 baculo?
3566 1992 3578 2009 ο

228 3364 241 3374 ⁸
314 3358 469 3421 τὶας
503 3355 629 3407 τῶν
655 3355 976 3408 θλιϐόντων
990 3371 1084 3421 με,
1111 3370 1164 3406 κ.
1191 3371 1238 3406 τ.
1265 3355 1309 3405 ἐ.
1337 3355 1399 3404 Τί
1423 3352 1661 3421 βούλεται
1692 3354 1796 3423 (75)
1819 3355 1898 3415 τὸ,

320 2025 463 2077 κίαν
491 2025 590 2076 καὶ
619 2023 868 2077 ἀσέϐειαν
896 2022 1088 2075 αὐτῶν.
1121 2024 1184 2074 Ἦ
1208 2022 1391 2093 ῥάϐδος
1416 2038 1506 2073 σου
1539 2022 1628 2073 καὶ
1651 2022 1683 2090 ἡ
1709 2019 1904 2089 βακτη-

324 2111 426 2182 ρία
476 2128 599 2163 σου.
634 2129 655 2162 ι
694 2110 876 2179 Ἀρκεί
924 2108 1140 2178 ῥάϐδος·
1184 2109 1234 2160 τί
1278 2111 1419 2161 ποιεῖ
1467 2107 1761 2177 βακτηρία;
1809 2106 1900 2159 ἐὰν

318 2196 398 2272 ᾗς
447 2198 731 2269 πρόϐατον
787 2197 1131 2268 ἁμαρτωλὸν,
1174 2195 1345 2266 ῥάϐδῳ
1393 2197 1664 2266 πληγήσῃ·
1708 2194 1800 2246 ἐὰν
1833 2191 1900 2266 ᾖς

319 2288 637 2357 ἄνθρωπος
667 2286 1003 2357 ἁμαρτωλὸς,
1039 2284 1324 2355 βακτηρίᾳ’
1355 2285 1440 2338 διὰ
1474 2284 1624 2337 τοῦτο
1659 2285 1749 2336 ἐπὶ
1778 2283 1897 2335 τού-

319 2395 444 2430 των
477 2377 543 2429 οὐ
577 2377 789 2446 ῥάϐδος,
820 2376 952 2429 ἀλλὰ
995 2375 1256 2445 βακτηρία
1300 2373 1580 2442 ὠνομάσθη
1636 2372 1782 2444 παρὰ
1824 2371 1898 2441 τῷ

318 2465 656 2534 Σολομῶντι
688 2467 746 2517 ἐν
771 2468 889 2527 ταῖς
912 2466 1276 2531 Παροιμίαιςο
1317 2482 1334 2514 ι
1378 2465 1433 2515 '0
1463 2462 1761 2531 φειδόμενος
1800 2463 1900 2531 τῆς

2003 2479 2308 2532 persuasum
2338 2464 2462 2523 sita
2493 2463 2598 2517 Deo
2624 2477 2835 2517 omnem
2885 2463 3048 2517 lilium
3079 2479 3232 2532 quem
3275 2464 3524 2533 suscipit,

322 2553 655 2623 βακτηρίας
688 2557 835 2622 μισεῖ
856 2554 945 2606 τὸν
973 2551 1162 2606 ἐαυτοῦ
1188 2553 1313 2605 υἱόν.
1348 2573 1363 2604 ι
1393 2553 1572 2605 Ταῦτα
1603 2548 1691 2605 οὖν
1722 2570 1897 2623 παρα-
2003 2552 2274 2620 ﬂagellari.

319 2642 499 2695 καλεῖ
525 2642 619 2694 τὸν
638 2643 966 2706 τυπτόμενον
991 2643 1081 2694 καὶ
1104 2643 1190 2694 τὸν
1214 2639 1579 2709 κολαζόμενον,
1611 2641 1981 2708 πεπεισμένον,
2009 2643 2088 2694 ὅτι
2117 2643 2362 2712 μαστιγοῖ
2391 2645 2419 2695 6
2445 2643 2572 2707 Θεὸς
2600 2644 2771 2699 πάντα
2804 2643 2915 2695 υίὸν
2940 2643 2998 2695 δν
3024 2643 3394 2715 παραδέχεται.

406 2733 535 2788 Τοῦ
581 2733 787 2787 αὐτοῦ.
831 2735 1034 2803 Ὠσπερ
1092 2734 1278 2803 ῥάϐδος
1309 2734 1414 2803 (74)
1450 2732 1717 2796 παιδεύει,
1764 2734 1901 2786 οὕτω

2072 2736 2343 2803 Ejusdem.
2373 2737 2822 2801 Quemadmodum
2854 2738 3000 2807 virga
3029 2738 3222 2801 erudit,
3265 2738 3343 2791 sic
3389 2737 3528 2791 actio

319 2821 629 2894 πρακτικὴ
664 2820 1019 2890 μετροπαθεῖν
1045 2821 1366 2873 ἐκδιδάσκει·
1396 2822 1485 2874 καὶ
1507 2821 1690 2891 ὥσπερ
1716 2821 1902 2891 βακτη-

2003 2826 2214 2878 modum
2262 2827 2313 2878 in
2348 2824 2625 2881 affectibus
2669 2827 2952 2880 tenendum
2995 2828 3210 2888 edocet;
3241 2836 3295 2879 et
3332 2832 3547 2895 quem-‘

322 2914 426 2985 ρία
457 2910 762 2973 ἀναπαύει,
786 2909 924 2962 οὕτω
956 2911 1047 2962 καὶ
1072 2910 1264 2976 γνῶσις
1306 2912 1598 2981 εὐφραίνει.
1631 2910 1902 2981 Βακτηρία

2003 2914 2287 2968 admodum
2314 2915 2528 2968 baculus
2562 2917 2648 2968 dat
2679 2917 2932 2984 quietem,
2971 2916 3051 2968 sic
3085 2924 3138 2968 et
3169 2914 3388 2969 scientia
3430 2916 3524 2970 lte-

314 2999 387 3052 τί
428 2997 686 3068 ἔτχυρόν.
708 2996 961 3048 Βούλεται
984 2992 1072 3048 οὖν
1103 2999 1288 3063 εἰπεῖν,
1321 2999 1420 3061 ὅτι,
1455 2999 1519 3050 Ἦ
1544 2998 1782 3067 βασιλεία
1810 3015 1899 3050 σου

2003 3000 2191 3054 titiam.
2242 3000 2467 3055 Baculus
2491 3012 2572 3057 est
2620 3003 2745 3071 quid
2781 3003 2935 3055 forte.
2978 3001 3086 3055 lloc
3130 3017 3256 3070 ergo
3298 3003 3409 3056 vult
3446 3004 3529 3057 dl-

318 3092 356 3159 ή
392 3086 654 3157 κραταιὰ
691 3086 791 3156 τῆς
830 3084 1216 3155 παρακλήσεώς
1249 3104 1336 3155 μοι
1365 3087 1560 3157 ταύτης
1584 3086 1791 3154 ἐγένετο
1817 3104 1902 3158 χο-

317 3178 785 3334 ρηἕοίμαονας
816 3265 1069 3318 ἐνώπιόν
1102 3282 1218 3333 μου
1260 3263 1569 3331 τράπεζαν,
1623 3267 1691 3329 ἐξ
1731 3268 1902 3320 ἐναν-

2002 2026 2046 2078 si
2083 2026 2246 2079 fueris
2274 2026 2389 2078 ovis
2417 2040 2625 2089 errans,
2652 2025 2830 2091 virga;
2860 2025 2904 2077 si
2947 2025 3108 2079 fueris
3136 2026 3295 2079 homo
3332 2039 3520 2092 pecca-

2006 2122 2106 2177 tor,
2155 2112 2344 2166 baculo
2382 2112 2670 2180 vapulabis.
2720 2112 2842 2165 Ideo
2892 2112 2943 2163 in
2977 2112 3061 2166 bis
3099 2127 3204 2165 non
3242 2113 3411 2179 virga,
3431 2114 3525 2165 sed

2001 2201 2219 2255 baculus
2261 2202 2312 2254 in
2364 2199 2655 2253 Proverbiis
2703 2216 2731 2252 a
2777 2201 3059 2255 Salomone
3105 2200 3399 2267 appellatur
3433 2199 3523 2254 ”:

2007 2308 2025 2338 ι
2053 2288 2150 2353 Qui
2193 2288 2360 2357 parcit
2390 2288 2597 2353 baculo,
2625 2287 2736 2340 odit
2769 2287 2935 2341 lilium
2967 2302 3137 2341 suum.
3166 2305 3185 2339 ι
3232 2287 3355 2341 Haec
3395 2302 3528 2341 con-

2001 2376 2237 2429 solantur
2283 2390 2403 2429 eum
2450 2375 2539 2443 qui
2572 2372 2784 2441 vapulat
2824 2383 2877 2428 et
2919 2375 3155 2442 punitur,
3204 2375 3400 2443 quippe
3438 2375 3526 2427 cui

2000 3103 2157 3141 cere:
2192 3089 2426 3157 Regnum
2474 3100 2618 3144 tuum
2659 3091 2890 3144 validum
2936 3092 3074 3146 lianc
3115 3092 3523 3148 consolationem

2000 3176 2125 3228 mihi
2160 3179 2400 3242 praabuit.

2074 3264 2229 3318 Vrsas.
2257 3266 2310 3318 5.
2356 3266 2566 3319 Parasti
2610 3269 2667 3320 in
2710 3278 2978 3335 conspectu
3018 3284 3126 3321 meo
3155 3284 3382 3322 mensam
3422 3272 3551 3323 ad;

2000 3368 2170 3405 versus
2216 3369 2299 3406 eos
2344 3356 2429 3422 qui
2478 3356 2724 3409 tribulam
2773 3372 2882 3420 me,
2929 3368 3033 3410 etc.
3084 3356 3219 3422 Quid
3275 3359 3375 3411 sibi
3413 3360 3525 3411 vult

1999 3441 2158 3506 istud,
2196 3459 2214 3490 ι
2241 3442 2496 3495 adversus
2523 3458 2616 3497 eos
2656 3443 2744 3511 qui
2784 3443 3049 3496 'tribulant
3093 3445 3214 3497 me?
3242 3463 3260 3495 ι
3310 3445 3555 3512 Αιῑιιιιίιιν

1999 3529 2236 3596 mysterii
2285 3531 2540 3591 continet.
2584 3540 2639 3583 ut
2688 3540 2933 3597 precetur
2962 3532 3081 3598 quis
3127 3533 3387 3585 tribulari.
3423 3533 3525 3587 Co»

1998 3617 2106 3685 gita
2142 3617 2269 3669 mihi
2313 3618 2756 3686 quemadmodum
2791 3619 2845 3672 in
2876 3620 3080 3688 magnis
3119 3621 3522 3685 certaminibus,

1999 3703 2210 3758 cuilibet
2232 3706 2487 3772 palaestrae
2508 3716 2651 3760 certa
2676 3708 2943 3774 proposita
2965 3717 3087 3761 sunt
3109 3710 3345 3776 praemia,
3371 3710 3448 3764 sic
3469 3711 3521 3764 in

1998 3793 2232 3858 qualibet
2256 3793 2611 3858 tribulatione,
2627 3796 2835 3863 quando
2864 3796 2915 3850 id
2935 3797 3073 3864 quod
3099 3797 3333 3863 tribttlat,
3351 3800 3519 3862 adest,

320 3465 345 3497 ι
390 3445 463 3509 ἐξ
497 3444 749 3506 ἐναντίας
787 3443 892 3495 τῶν
921 3443 1202 3495 θλιϐόντων
1245 3458 1342 3511 με;
1391 3461 1408 3492 ι
1442 3444 1589 3510 Ἔχει
1620 3460 1669 3494 τι
1700 3444 1900 3511 μυστή-

317 3550 453 3604 ριον
493 3531 828 3601 άπόρῥητον,
859 3530 944 3582 ἵνα
985 3547 1067 3591 τις
1099 3529 1317 3598 εὔχηται
1343 3527 1626 3580 θλίϐεσθαι.
1674 3531 1899 3582 Ἐπινόει

317 3634 425 3687 μοι
458 3613 662 3683 ὥσπερ
712 3615 804 3666 ἐπὶ
848 3613 953 3666 τῶν
1001 3615 1219 3682 ἀγώνων
1272 3614 1374 3666 τῶν
1419 3613 1660 3682 μεγάλων
1713 3615 1901 3678 ἄθλους

313 3704 730 3773 ἐπικειμένους
780 3703 899 3755 καθ’
954 3703 1175 3755 ἕκαστον
1226 3702 1522 3769 ἀγώνισμα,
1578 3702 1745 3764 οὕτως
1780 3704 1897 3755 καθ’

312 3797 589 3865 ἑκάστην
614 3793 815 3861 θλίψιν,
839 3792 997 3862 ἡνίκα
1021 3793 1084 3845 ἂν
1114 3793 1171 3844 τὸ
1192 3792 1366 3844 θλίϐον
1394 3794 1560 3860 παρῇ,
1594 3793 1684 3843 καὶ
1709 3793 1763 3845 αἱ
1792 3791 1900 3843 θλί-

314 3888 539 3939 ϐουσαι
573 3884 830 3951 δυνάμεις
861 3884 914 3934 αί
956 3881 1337 3949 άντικείμεναι,
1364 3881 1471 3932 νόει
1507 3881 1897 3950 ἡτοιμασμένην

2003 3889 2052 3933 et
2104 3881 2495 3935 tribulationem
2548 3882 2783 3937 inferunt
2830 3882 3146 3938 adversaria:
3202 3894 3520 3953 potestates,

311 3973 627 4048 τράπεζαν
664 3971 1032 4041 πνευματικὴν
1072 3971 1163 4022 καὶ
1201 3970 1409 4039 νοητὴν,
1447 3968 1532 4022 διὰ
1564 3970 1760 4040 ταύτην
1801 3970 1898 4039 τὴν

2003 3984 2235 4023 mensam
2263 3970 2587 4038 spiritualem
2617 3980 2671 4024 et
2699 3972 3104 4027 intellectualem
3133 3987 3251 4028 esse
3287 3985 3522 4042 paratam

314 4067 547 4136 θλίψιν.
591 4063 810 4123 Ὁσάκις
830 4061 956 4128 γοῦν
991 4060 1083 4111 ἐὰν
1111 4059 1283 4128 θλιϐᾕ,
1309 4059 1625 4118 τοσαυτάκις
1653 4061 1744 4111 καὶ
1772 4060 1900 4130 τρά-

2003 4068 2216 4126 propter
2247 4060 2383 4112 banc
2435 4058 2841 4114 tribulationem.
2885 4060 3310 4129 Quotiescunque
3362 4063 3525 4131 igitur

314 4155 487 4218 πεζά
522 4170 608 4206 σοι
642 4150 994 4220 παρατίθεται
1023 4148 1376 4217 πνευματική.
1400 4147 1570 4199 Μόνον
1592 4147 1678 4217 ἔχε
1709 4148 1902 4216 ὀφθαλ-

2003 4147 2161 4201 l'ueris
2207 4148 2506 4212 tribulatus,
2538 4148 2693 4202 toties
2739 4150 2833 4204 tibi
2881 4165 3061 4203 mensa
3108 4151 3365 4217 spiritalis
3397 4155 3522 4219 pro-

315 4249 480 4319 μοὺς
508 4244 643 4303 τοὺς
668 4240 964 4308 βλέποντας
1004 4236 1277 4308 τραπέζας
1315 4253 1433 4306 μου,
1464 4237 1528 4289 ἵν’
1573 4238 1899 4307 εὐχαριστῶν

2003 4235 2228 4304 ponitur.
2260 4236 2366 4290 Fac
2405 4237 2586 4290 oculos
2616 4236 2813 4292 habeas
2844 4237 3012 4291 solum
3044 4238 3107 4291 ad
3138 4253 3282 4293 meas
3310 4254 3524 4295 mensas

312 4338 523 4405 λέγοις
574 4330 713 4401 μετὰ
762 4328 855 4381 τοῦ
892 4326 1234 4380 ’Δποστόλουο
1274 4344 1292 4376 ι
1332 4327 1405 4378 Οὐ
1445 4325 1597 4393 μόνον
1640 4325 1718 4391 δὲ,
1767 4327 1899 4380 ἀλλὰ

2003 4333 2247 4389 attentos,
2286 4333 2342 4377 ut
2379 4325 2575 4393 gratias
2623 4340 2783 4393 agens
2828 4328 2974 4379 dicas
3013 4341 3131 4379 cum
3164 4327 3413 4396 Apostolo
3434 4329 3520 4382 ’δι

311 4427 429 4481 καὶ
462 4418 813 4489 καυχώμενοι
837 4417 892 4468 ἐν
920 4418 1036 4476 ταῖς
1067 4414 1318 4482 θλίψεσιν.
1352 4431 1370 4463 ι
1405 4413 1489 4466 Ἐν
1535 4413 1721 4483 ἀρχαῖς
1751 4413 1805 4465 δὲ
1843 4416 1897 4465 ὲ..

2007 4432 2025 4464 ι
2055 4412 2167 4467 Non
2196 4414 2363 4468 solum
2391 4424 2589 4477 autem,
2620 4416 2711 4469 sed
2745 4424 2797 4469 et
2824 4415 3113 4482 gloriamur
3141 4417 3194 4470 in
3224 4417 3525 4472 tribulatio-

315 4518 634 4586 φάσκομεν
654 4508 747 4558 τὸν
772 4506 834 4557 ἐκ
863 4504 1136 4574 προκοπῆς
1166 4502 1289 4555 ὄντα
1314 4499 1676 4569 κατασκηνοῦν
1705 4502 1782 4562 είς
1811 4502 1898 4553 τό-

2003 4502 2209 4557 nibus.»
2242 4502 2398 4557 initio
2427 4504 2728 4557 dicebamus
2755 4514 2874 4556 eum
2905 4505 2992 4572 qui
3026 4506 3253 4573 prolicit,
3279 4507 3519 4561 habitare

315 4620 435 4659 πον
463 4599 658 4670 χλόης.
705 4594 854 4646 Ἐπεὶ
882 4588 972 4644 οῦν
1011 4594 1039 4643 ό
1068 4591 1378 4661 προκόπτων
1416 4588 1513 4641 κᾶν
1540 4589 1628 4640 ἐπὶ
1659 4589 1718 4640 τὸ
1749 4589 1894 4651 τέλος

2003 4590 2051 4643 in
2083 4591 2196 4646 loco
2223 4607 2449 4659 pascuae.
2498 4591 2600 4646 Sed
2628 4608 2745 4646 cum
2782 4594 2826 4646 is
2865 4594 2951 4660 qui
2992 4594 3222 4661 prolicit,
3262 4595 3328 4648 ad
3361 4596 3518 4648 linem

313 4694 629 4764 φθάσειεν,
660 4684 842 4737 οὐκέτι
874 4682 1057 4751 μείνας
1084 4678 1366 4749 πρόϐατον,
1386 4677 1517 4729 ἀλλὰ
1541 4677 1747 4744 λογικὸς
1776 4679 1896 4731 ἁνα-

2003 4678 2327 4743 pervenerit,
2377 4687 2499 4730 tunc
2546 4693 2666 4731 cum
2706 4692 2808 4730 non
2856 4679 3080 4747 amplius
3128 4687 3339 4733 maneat
3384 4682 3521 4743 ovis,

312 4779 602 4852 δαχθεὶς,
645 4772 918 4843 τράπεζαν
966 4766 1190 4835 λογικῶν
1232 4764 1441 4836 τροφῶν
1471 4765 1894 4835 ηὐτρεπισμένην

2003 4764 2089 4820 sed
2124 4772 2264 4818 totus
2310 4764 2586 4819 rationalis
2620 4764 2918 4819 declaratus
2949 4765 3036 4833 sit,
3082 4780 3315 4819 mensam
3363 4767 3523 4820 ratio-

314 4850 451 4943 ἔχει
485 4865 599 4920 ὑπὸ
622 4862 849 4931 Κυρίου.
884 4858 971 4926 Τῷ
997 4856 1103 4926 γὰρ
1128 4855 1312 4926 Κυρίῳ
1339 4854 1648 4943 τυγχάνοντι
1734 4853 1895 4943 σοφία

2003 4850 2259 4908 nabilibus
2301 4852 2431 4906 cibis
2474 4867 2502 4905 a
2548 4853 2655 4906 Deo
2711 4854 3026 4906 instructam
3079 4854 3253 4906 habet.
3297 4852 3524 4906 Domino

314 4937 634 5028 ὲῖοιμάσει
660 4953 762 5021 τὴν
781 4947 978 5016 ἑαυτῆς
992 4943 1284 5015 τράπεζαν,
1300 4946 1381 5011 ἐφ’
1399 4939 1465 5014 ἦς
1479 4942 1545 4994 τὰ
1563 4941 1664 4993 ιδια
1684 4941 1896 5010 θύματα

2003 4942 2137 4993 enim
2177 4941 2428 5008 sapientia
2475 4940 2792 5009 praeparabit
2833 4954 3070 4993 mensam
3119 4951 3267 4992 suam
3312 4937 3364 4985 in
3413 4950 3519 5000 qua

314 5023 672 5122 παρέχεται.
714 5036 1058 5107 Εὐχαριστῶν
1098 5030 1188 5086 οὖν
1214 5049 1367 5102 φησι·
1402 5050 1420 5082 ι
1456 5029 1778 5098 Ἠτοίμασας
1813 5030 1895 5082 ἐν-

2003 5029 2239 5083 victimas
2281 5043 2403 5083 suas
2434 5028 2706 5098 proponit.
2729 5028 3078 5094 Quamobrem
3119 5023 3316 5093 gratias
3354 5035 3524 5088 agens

2555 5205 2599 5235 ⁸³
2635 5203 2793 5256 Prov.
2816 5215 2930 5261 xm,
2957 5199 3045 5251 24.
3117 5193 3164 5224 ³⁸
3204 5189 3354 5240 Rom.
3383 5201 3442 5250 ν.
3473 5191 3530 5243 5.

401 5227 626 5279 “Psal.
648 5233 908 5282 Lxxxvm,
927 5217 987 5269 3i
1016 5222 1069 5267 et
1094 5228 1206 5281 seq.
1280 5210 1490 5264 "Hebr.
1513 5224 1618 5276 xu,
1648 5210 1701 5264 6.
1775 5211 1819 5243 "
1852 5210 2180 5273 Psal.t.xxu,
2210 5207 2247 5260 2
2275 5215 2328 5259 et
2370 5220 2481 5273 seq.

2070 5346 2178 5417 (75)
2208 5346 2267 5417 η
2295 5344 2595 5417 βρύᾼεται,
2634 5347 2737 5392 etc.
2766 5333 2941 5389 Codex
2973 5331 3338 5384 Baroccmnus
3356 5355 3373 5383 ,
3401 5334 3545 5388 par.

403 5358 558 5434 (74)
596 5357 822 5433 Ὠσπερ
851 5351 1101 5419 ῥάϐδος,
1148 5356 1249 5404 etc.
1292 5345 1464 5403 Codex
1502 5341 1894 5414 Coislinianus,

403 5431 564 5483 bedre
589 5423 796 5479 Grabn.

2070 5346 2178 5417 (75)
2208 5346 2267 5398 Τί
2295 5344 2519 5407 ,βούλει-ι

2003 5416 2197 5483 tim‘que
2221 5412 2519 5467 Corderius.

316 5422 564 5493 sclledaé
589 5422 796 5479 Grabii.
