3958 6244
320 398 496 456 1265
1305 405 1602 461 SELECTA
1635 404 1702 460 IN
1737 405 2062 462 PSALMOS.
2100 439 2169 449 —
2202 407 2392 463 PSAL.
2434 409 2621 464 XXIII.
3368 414 3506 470 ιεδο

315 518 563 589 ημέραι
608 519 664 572 δὲ
710 519 853 592 ζωῆς
907 519 1168 590 φωτισμώ
1201 522 1306 574 εἰσι
1351 525 1589 595 διάφοροι
1634 526 1730 595 τῆς
1781 525 1878 595 ἀλη

2010 528 2282 596 temporis,
2302 528 2408 582 imo
2438 535 2493 582 et
2525 528 2667 590 vitm,
2696 526 2747 580 in
2767 526 2978 582 dextera
3004 539 3085 584 est
3109 529 3409 599 sapientia»:
3431 532 3544 587 dies

314 604 523 671 Θείας.
2014 626 2191 670 autem
2218 617 2338 671 vita:
2358 627 2481 671 sunt
2503 616 2726 671 diversae
2751 615 3129 674 illustrationes
3156 620 3418 675 veritatis.

838 816 845 821 -
928 788 1212 841 ‘I'AAMOE
1248 790 1369 843 ΚΓ.

2413 791 2576 862 326
2604 789 2915 846 PSALMUS
2946 789 3130 844 xxnt.

415 873 547 928 Τοῦ
588 876 811 943 Kvplov
844 878 881 944 ἠ
935 877 1009 946 γῆ
1056 878 1151 930 καὶ
1202 879 1266 931 τὸ
1298 880 1580 948 πλήρωμα
1622 879 1825 947 αὐτῆς,
1873 882 1911 947 ἡ

2079 879 2241 933 Vens.
2274 881 2323 933 Ι.
2354 879 2562 933 Domini
2590 890 2662 933 est
2695 893 2834 932 terra
2857 889 2904 932 et
2944 880 3209 947 plenitudo
3232 880 3365 948 ejus,
3404 881 3543 933 orbis

313 964 683 1031 οἰκουμένη
704 1004 718 1027 ,
763 965 860 1018 καί
890 965 1105 1030 πάντες
1132 970 1185 1019 οἱ
1214 969 1620 1033 κατοικοῦντες
1642 970 1711 1022 ἐν
1739 969 1876 1035 αὑτῂ

2010 976 2286 1028 terrarum,
2324 976 2373 1020 et
2420 969 2643 1021 universi
2680 968 2766 1037 qui
2815 968 3048 1020 habitant
3078 969 3131 1019 in
3162 982 3239 1033 eo,
3272 976 3374 1021 etc.
3413 967 3545 1021 Vide

314 1064 380 1099 κ.
421 1065 486 1103 τ.
529 1051 576 1101 ἑ.
613 1052 755 1121 Ὅρα
804 1051 859 1104 δὲ
887 1056 978 1105 καὶ
1018 1054 1185 1117 οὕτως
1219 1056 1350 1124 (78),
1391 1058 1437 1108 εί
1477 1057 1548 1127 μὴ
1587 1058 1777 1120 πάντες
1822 1058 1877 1110 ἄν

2009 1059 2166 1111 etiam
2197 1058 2271 1109 sic
2306 1071 2483 1111 annon
2507 1057 2742 1111 universi
2766 1058 3007 1110 homines
3022 1071 3144 1124 pars
3173 1056 3279 1109 sint
3309 1056 3542 1120 Domini,

314 1135 351 1188 θ
363 1154 569 1207 ρωποι
608 1141 765 1210 μερὶς
792 1143 1017 1211 Κυρίου,
1052 1143 1142 1195 καὶ
1172 1145 1267 1213 οὐχ
1289 1144 1469 1212 ἁπλῶς
1502 1146 1783 1198 ἀκουστέον
1818 1163 1875 1199 το

2010 1156 2105 1194 nec
2137 1142 2449 1211 simpliciter
2474 1144 2837 1211 accipiendum
2880 1143 2949 1198 sit
2980 1158 3168 1198 omnes
3190 1143 3335 1198 orbis
3365 1152 3539 1196 terra-

314 1226 568 1288 πάντας
610 1230 736 1291 τοὺς
770 1230 1148 1293 κατοικοῦντας
1182 1232 1276 1301 τὴν
1307 1234 1619 1303 οἰκουμένην
1651 1230 1785 1287 εἶναι
1817 1253 1874 1287 το

2008 1244 2123 1281 rum
2154 1230 2484 1285 habitatores
2512 1246 2630 1286 esse
2662 1231 2895 1295 Domini,
2934 1233 3279 1300 nisi-propter
3303 1230 3542 1285 vocatio-

313 1316 587 1387 Κυρίου,
615 1320 663 1369 εί
711 1320 783 1387 μὴ
815 1319 921 1390 ἄρα
949 1320 1032 1373 διὰ
1073 1322 1170 1390 τὴν
1204 1322 1389 1391 κλῆσιν
1420 1323 1516 1391 τὴν
1548 1324 1652 1375 ἀπὸ
1696 1324 1876 1385 πάντω

2005 1331 2125 1370 nem
2166 1333 2282 1387 quae
2321 1333 2387 1373 ex
2431 1322 2678 1376 omnibus
2706 1322 2952 1391 gentibus
2985 1320 3121 1375 facta
3148 1329 3253 1384 est,
3281 1320 3381 1373 hoc
3404 1318 3542 1375 vati-

312 1404 451 1457 τῶν
483 1406 660 1458 ἐθνῶν
686 1408 841 1461 τοῦτο
876 1411 1285 1479 προφητεῦεται.
2008 1406 2236 1460 cinetllr.

406 1496 539 1549 Τοῦ
598 1497 803 1549 αὐτοῦ.
857 1499 970 1568 Πρὸ
1012 1500 1108 1569 τῆς
1167 1501 1395 1570 Χριστοῦ
1455 1501 1561 1571 (79)
1616 1505 1903 1573 ἐπιδημίας

2073 1494 2342 1562 Ejusdem.
2370 1494 2507 1547 Ante
2542 1494 2740 1549 Christi
2768 1497 3051 1550 adventum
3088 1506 3245 1550 notus
3276 1493 3446 1549 solum
3483 1493 3535 1545 in

312 1585 597 1653 γνωστὸς
634 1588 691 1639 ἐν
729 1590 793 1656 τῇ
838 1589 1061 1659 Ἰουδαίᾳ
1106 1591 1259 1659 μόνον
1291 1588 1356 1661 ῆν
1391 1595 1418 1645 6
1448 1593 1605 1655 Θεός’
1641 1594 1697 1659 ἐξ
1743 1588 1802 1647 οὗ
1844 1595 1875 1648 δ

2003 1581 2180 1635 Judma
2228 1582 2365 1636 Deus
2407 1581 2540 1646 fuit;
2590 1598 2653 1637 ex
2688 1597 2791 1650 quo
2822 1592 2995 1637 autem
3026 1584 3272 1638 Christus
3299 1580 3532 1643 advenit,

310 1675 588 1743 Χριστὸς
638 1675 965 1745 ἐπεδήμησε,
998 1677 1090 1729 τοῦ
1138 1680 1337 1749 Κυρίου
1388 1684 1533 1734 πᾶσα
1573 1683 1605 1752 ἡ
1656 1684 1742 1752 γῆ.
1791 1687 1873 1737 Κα

2006 1670 2213 1723 ltomini
2250 1680 2330 1725 est
2376 1671 2621 1725 universa
2665 1679 2828 1723 terra.
2857 1673 2921 1725 Et
2952 1673 3258 1741 priusquam
3290 1671 3535 1727 Christus

313 1760 475 1830 πρὶν
524 1761 628 1831 μὲν
676 1763 774 1832 τῆς
805 1764 1036 1834 Χριστοῦ
1076 1767 1360 1837 ἐπιδημίας
1397 1769 1494 1820 οὐκ
1523 1765 1588 1839 ἦν
1631 1772 1803 1841 εὑρεῖν
1846 1775 1876 1824 ἐκ

1969 1765 1970 1770 ‘
2001 1760 2298 1823 adveniret,
2330 1774 2437 1813 non
2475 1769 2588 1813 erat
2626 1760 2676 1812 in
2707 1760 2949 1815 universa
2977 1771 3116 1815 terra
3149 1762 3532 1829 plenitudinem

311 1851 497 1921 πάσῃ
534 1853 604 1920 τῇ
635 1853 705 1920 γῇ
742 1851 1031 1923 πλήρωμα,
1072 1854 1183 1907 ἀλλ’
1220 1852 1286 1924 ἦν
1314 1856 1378 1907 τὰ
1405 1858 1625 1911 πλεῖστα
1654 1860 1750 1928 τῆς
1778 1861 1874 1928 γῆς

2003 1846 2260 1912 invenire,
2285 1849 2377 1900 sed
2417 1855 2533 1900 erat
2563 1846 2789 1899 maxima
2830 1863 2951 1916 pars
2994 1849 3246 1913 terraz,si
3289 1849 3367 1903 sic
3389 1847 3533 1916 loqui

311 1939 368 1990 εί
402 1937 504 1990 δεῖ
540 1939 717 2002 οὕτως
752 1942 943 2005 εἰπεῖν,
980 1942 1223 2012 κενότης’
1254 1946 1339 1997 ὅτε
1368 1945 1421 1997 δὲ
1452 1947 1679 2016 Χριστὸς
1711 1948 1871 2018 ὲπεδή

2002 1933 2081 1985 las
2123 1944 2225 1995 est.
2276 1936 2548 2000 vacuitas;
2581 1940 2795 2005 quando
2824 1947 2998 1991 autem
3027 1938 3272 1991 Christus
3298 1936 3531 1998 advenit,

366 2045 510 2097 ησε,
553 2028 735 2082 πολλοὶ
780 2030 976 2083 εἴποιεν
1008 2031 1071 2085 ἂν
1114 2033 1218 2085 τῶν
1250 2037 1672 2090 πεπιστευκότων
1709 2040 1771 2090 ἐκ
1797 2038 1899 2090 τῶν

2001 2022 2211 2089 plurimi
2265 2022 2448 2077 ﬁdeles
2482 2040 2546 2078 ex
2599 2025 2846 2094 gentibus
2875 2026 3053 2079 dicere
3081 2024 3379 2093 possint”:
3413 2041 3432 2073 ‹
3462 2022 3534 2077 De

308 2118 553 2171 ὲθνῶνο
596 2138 613 2169 ι
656 2120 751 2171 Ἐκ
782 2120 875 2172 τοῦ
907 2121 1260 2190 πληρώματος
1308 2124 1466 2176 αὐτοῦ
1506 2126 1697 2189 πάντες
1743 2130 1871 2197 ἡμεί

1999 2110 2325 2176 plenitudine
2359 2110 2472 2178 ejus
2516 2126 2610 2165 nos
2666 2126 2855 2165 omnes
2901 2113 3237 2179 accepimus;
3274 2131 3292 2163 ι
3328 2121 3383 2166 et
3414 2125 3534 2179 pro-

313 2209 619 2279 ἐλάϐομεν
648 2227 661 2241 ·
692 2230 710 2262 ι
749 2212 843 2264 καὶ
881 2210 967 2263 διὰ
1012 2212 1167 2264 τοῦτο
1213 2213 1372 2266 αὐτοῦ
1426 2210 1560 2267 εἶναι
1612 2215 1875 2287 πλήρωμα

1999 2208 2177 2264 pterea
2225 2214 2283 2252 se
2326 2213 2445 2251 esse
2491 2199 2607 2267 ejus
2647 2198 3053 2268 plenitudinem.
3106 2198 3221 2253 Non
3253 2198 3396 2253 enim
3441 2198 3530 2265 qui

311 2298 399 2350 Οὐ
446 2298 575 2366 γὰρ
607 2299 656 2349 οἱ
691 2298 836 2350 κενοὶ
867 2298 967 2368 τῆς
1000 2300 1137 2352 κατὰ
1167 2301 1226 2353 τὸ
1260 2302 1582 2369 Εὐαγγέλιον
1631 2285 1874 2358 πολιτείαι

1997 2287 2298 2355 evangelica
2335 2287 2661 2341 institutione
2682 2288 2834 2342 vacui
2857 2297 3002 2351 sunt,
3029 2285 3300 2356 plenitudo
3330 2286 3530 2342 Christi

314 2381 627 2452 πλήρωμα
678 2379 788 2435 εἷεν
820 2382 1070 2453 Χριστοῦ.
1116 2386 1187 2437 Οὐ
1241 2386 1396 2455 μόνον
1423 2387 1478 2439 δὲ
1526 2391 1557 2457 ἡ
1593 2390 1663 2458 γῆ
1711 2393 1803 2443 καὶ
1837 2393 1877 2443 τί

1996 2388 2112 2427 esse
2147 2382 2386 2443 possunt.
2422 2372 2535 2427 Non
2570 2374 2737 2428 solum
2790 2385 2965 2428 autem
3004 2385 3146 2430 terra
3176 2386 3228 2428 et
3261 2375 3533 2444 plenitudo

315 2470 627 2541 πλήρωμα
657 2472 844 2540 αὐτῆς,
879 2471 1010 2524 ἀλλὰ
1045 2474 1135 2526 καὶ
1180 2476 1212 2543 ἡ
1246 2476 1547 2545 οἰκουμένη.
1591 2477 1676 2529 Ἐν
1709 2479 1878 2551 ἐρήμη

1996 2462 2131 2529 ejus,
2172 2463 2262 2515 sed
2316 2472 2369 2516 et
2421 2463 2566 2516 orbis
2611 2473 2873 2518 terrarum
2919 2464 3087 2532 ipsius
3138 2472 3242 2517 est.
3272 2463 3532 2519 Peccator

315 2561 597 2612 κατοικεῖ
638 2562 666 2612 6
696 2561 1040 2629 ἁμαρτωλὸς,
1086 2564 1113 2613 ὁ
1144 2561 1198 2613 δὲ
1231 2564 1286 2615 ὲν
1328 2565 1393 2632 τῇ
1435 2548 1878 2638 Ἑκκλησίᾳίτυγἰ

1996 2548 2198 2601 habitat
2240 2550 2295 2601 in
2339 2550 2578 2615 deserto;
2610 2550 2699 2617 qui
2742 2564 2866 2604 vero
2897 2550 2949 2602 in
2979 2550 3233 2615 Ecclesia,
3255 2566 3373 2620 qua:
3410 2566 3532 2605 san-

312 2649 524 2718 χάνων
576 2650 642 2717 τῇ
678 2650 1076 2720 πεπληρωμένη
1111 2650 1213 2718 τῆς
1261 2652 1415 2718 ἁγίας
1454 2636 1706 2724 Τριάδος,
1744 2650 1875 2719 οὗτος

1995 2636 2241 2690 ctissimre
2271 2636 2545 2691 Trinitatis
2577 2639 2730 2705 plena
2760 2650 2864 2706 est,
2900 2651 3283 2703 commoratur,
3307 2640 3396 2693 hic
3438 2654 3529 2694 or-

316 2742 596 2793 κατοικεῑ
624 2740 724 2809 τὴν
773 2741 1110 2809 οἰκουμένην,
1159 2742 1277 2809 ῆτις
1323 2743 1530 2812 ὲστὶνὴ
1576 2745 1879 2814 Ἐκκλησίατ

1995 2726 2111 2779 bcm
2163 2736 2421 2780 terrarum
2468 2728 2749 2795 inhabitat,
2780 2745 2898 2797 qua:
2956 2740 3038 2784 est
3094 2729 3327 2784 Ecclesia
3371 2744 3531 2798 super

314 2827 422 2879 ἐπὶ
479 2825 772 2878 θαλασσῶν
811 2825 915 2877 τῶν
979 2829 1287 2897 πειρασμῶν
1329 2831 1431 2882 ὑπὸ
1477 2832 1675 2902 Κυρίου
1732 2833 1877 2904 θεμε·

1997 2817 2163 2870 maria
2216 2817 2561 2871 tentationum
2605 2832 2633 2870 a
2691 2818 2911 2873 Domino
2945 2820 3160 2875 fundata
3216 2828 3267 2874 et
3305 2819 3358 2873 in
3400 2821 3530 2888 ipsis

314 2911 629 2984 λωυμένη,
661 2915 752 2967 καὶ
779 2916 834 2967 ὲν
862 2916 1037 2978 αὐτοῖς
1058 2917 1279 2980 νικῶσα,
1303 2919 1386 2971 ἵνα
1414 2919 1547 2989 μετὰ
1572 2919 1725 2975 τοῦτο
1753 2940 1877 2978 ποτι·

1994 2918 2273 2974 superans,
2330 2915 2387 2960 ut
2437 2908 2771 2975 postmodum
2814 2918 2995 2977 potata
3053 2909 3107 2963 in
3146 2907 3361 2965 ﬂumine
3394 2924 3532 2980 pra:-

316 3001 547 3072 ζομένη
576 3004 670 3054 ἐπὶ
705 3002 945 3072 ποταμοῦ
978 3005 1285 3076 ἑτοιμασθῇ.
1915 3044 1959 3100 c
1996 3003 2175 3100 paiitla
2203 2995 2294 3100 sit.

402 3092 516 3155 Τίς
566 3089 928 3156 ἀναϐήσεται
955 3095 1041 3156 εὶς
1072 3092 1137 3143 τὸ
1186 3093 1319 3159 ὄρος
1362 3096 1466 3149 τοῦ
1504 3099 1748 3164 Κυρίου,
1796 3081 1959 3156 italu

2062 3081 2221 3136 Vens.
2252 3084 2305 3137 3.
2340 3085 2469 3149 Quis
2508 3087 2744 3140 ascendet
2785 3088 2837 3141 in
2893 3097 3117 3142 montem
3166 3088 3400 3154 Domini,
3436 3097 3530 3142 aut

313 3182 417 3246 τίς
453 3179 759 3245 στήσεται
799 3181 867 3232 ἐν
896 3183 1053 3247 τόπῳ
1081 3180 1224 3249 ἁγιῳ
1261 3184 1475 3247 αὐτοῦς
1518 3203 1570 3239 κ.
1596 3205 1643 3239 τ.
1676 3190 1722 3240 ἐ.
1759 3190 1876 3257 Σύγ.

1989 3172 2101 3238 quis
2132 3174 2283 3224 stabit
2307 3174 2359 3225 in
2387 3174 2497 3227 loco
2526 3184 2703 3229 sanna
2731 3177 2883 3245 ejus?
2907 3190 3013 3232 etc.
3052 3178 3247 3233 Confer
3269 3179 3381 3233 hmc
3408 3193 3529 3232 cum

315 3286 527 3343 κρινον
561 3269 619 3320 δὲ
646 3268 819 3321 ταῦτα
850 3268 956 3339 (80)
985 3270 1081 3339 τῷ,
1117 3288 1135 3319 t
1164 3271 1351 3342 Κύριε,
1383 3272 1465 3335 τίς
1493 3278 1806 3347 παροικήσει
1837 3282 1878 3333 ὲκ

1993 3262 2112 3316 istis
2137 3262 2177 3293 “
2225 3281 2237 3317 :
2288 3281 2306 3313 ι
2336 3263 2576 3329 Domine,
2635 3266 2755 3333 quis
2800 3266 3059 3321 habitabit
3093 3270 3143 3321 in
3181 3268 3527 3323 tabernaculo

311 3359 401 3429 τῷ
440 3358 773 3428 σκηνώματι
806 3362 1057 3423 σουμκαὶ
1085 3360 1151 3412 τὰ
1188 3360 1345 3429 ἑξῆς
1382 3362 1472 3414 καὶ
1504 3364 1623 3433 ὅρα,
1657 3365 1738 3416 ὅτι
1782 3368 1870 3419 ὲκε

1995 3352 2124 3404 tuo?
2153 3370 2172 3402 ι
2205 3362 2341 3416 etc.;
2375 3361 2429 3406 et
2471 3354 2590 3407 vide
2622 3355 2761 3407 hunc
2789 3356 3001 3421 quidem
3049 3358 3116 3411 ibi
3149 3358 3297 3424 prius
3321 3359 3527 3411 habita-

315 3449 428 3517 μὲν
488 3447 756 3518 πρότερον
803 3451 1119 3519 παροικήσει
1166 3451 1222 3502 ἐν
1276 3449 1582 3521 σκηνώματι
1621 3454 1821 3522 Κυρίου
1865 3458 1878 3508 ί

1994 3452 2169 3494 turum
2222 3442 2271 3493 in
2323 3442 2664 3496 tabernaculo
2715 3444 2944 3508 Domini,
2992 3445 3184 3499 deinde
3236 3454 3414 3500 autem
3469 3447 3522 3499 in

310 3535 567 3598 τοιόσδε,
616 3535 809 3589 ἔπειτα
848 3538 1248 3608 κατασκηνώσει
1283 3539 1338 3590 ὲν
1371 3540 1483 3612 ὄρει
1532 3541 1666 3611 ἁγίῳ
1698 3544 1856 3596 αὐτοῦ

1990 3538 2172 3583 monte
2193 3539 2377 3583 sancto
2407 3530 2521 3598 ejus
2553 3548 2565 3583 :
2594 3532 2678 3585 hic
2702 3546 2831 3585 vero
2858 3532 3005 3598 prius
3035 3547 3381 3587 ascensurum
3405 3548 3525 3588 esse

311 3622 526 3676 ἐνθάδε
556 3622 615 3675 δὲ
668 3624 927 3695 πρότερον
975 3626 1298 3695 ἀναϐήσεται
1328 3628 1405 3689 εἰς
1453 3628 1577 3699 ὅρος
1621 3631 1821 3701 Κυρίου
1863 3637 1874 3684 ε

1991 3618 2043 3670 in
2081 3626 2311 3670 montem
2349 3619 2575 3684 Domini,
2638 3630 2695 3674 ut
2731 3620 2920 3675 deinde
2962 3632 3068 3675 stet
3112 3624 3163 3675 in
3197 3622 3311 3676 loco
3337 3634 3524 3678 sancto

309 3712 567 3774 τοιόσδε,
598 3711 848 3782 δεύτερον
880 3713 935 3765 δὲ
967 3715 1214 3783 στήσεται
1254 3717 1311 3767 ὲν
1339 3715 1414 3785 τῷ
1445 3718 1588 3787 τόπῳ
1625 3719 1762 3789 ἁγίῳ
1799 3723 1872 3773 αὖ.

1990 3705 2123 3772 ejus.
2172 3706 2237 3759 Et
2294 3716 2522 3760 montem
2567 3708 2782 3776 quidem
2834 3709 3042 3763 Domini
3092 3711 3219 3765 dicit
3257 3726 3526 3766 summum

310 3802 441 3856 τοῦ.
500 3802 615 3853 Καὶ
661 3801 786 3870 ὄρος
830 3801 926 3869 μέν
960 3818 1089 3871 φησι
1121 3802 1321 3872 Κυρίου
1352 3804 1410 3856 τὸ
1440 3805 1645 3859 τελικὸν
1694 3808 1873 3875 ἀγαθὸπ

1992 3796 2208 3857 bonum,
2241 3805 2292 3849 et
2322 3796 2487 3849 Deum
2518 3795 2753 3852 Verbum
2785 3812 2799 3850 :
2835 3813 2987 3853 rarus
3011 3802 3153 3854 enim
3185 3809 3267 3856 est
3305 3802 3393 3871 qui
3435 3804 3524 3872 ju-

310 3892 418 3945 καὶ
452 3891 550 3943 τὸν
582 3888 718 3942 Θεὸν
751 3890 918 3957 Λόγον
937 3906 949 3918 ·
985 3891 1201 3952 σπάνιος
1234 3890 1338 3961 γὰρ
1369 3894 1397 3944 6
1424 3894 1555 3963 πρὸς
1595 3895 1690 3965 τὴν
1716 3898 1873 3966 ἀκρώ

1990 3883 2126 3951 giter
2170 3884 2490 3951 proliciendo
2532 3886 2600 3939 ad
2648 3887 2762 3954 ejus
2799 3888 3057 3942 verticem
3089 3891 3392 3960 pertingere
3429 3904 3525 3945 va—

316 3996 487 4052 ρειαν
515 3978 683 4031 αὐτοῦ
725 3977 811 4031 διὰ
840 3979 1113 4049 προκοπῆς
1147 3978 1401 4048 ἀναϐῆναι
1436 3981 1753 4053 δυνάμενος·
1784 3988 1812 4038 6
1835 3986 1879 4037 δὲ

1989 3971 2115 4023 leat.
2155 3971 2255 4033 Qui
2302 3988 2426 4028 vero
2477 3974 2748 4042 perlectus
2780 3984 2882 4042 est,
2923 3991 3045 4030 cum
3080 3991 3190 4030 non
3219 3978 3386 4044 possit
3415 3989 3523 4034 ten-

311 4066 680 4127 τελειωθεὶς,
731 4065 923 4134 μηκέτι
976 4066 1277 4135 περαιτέρω
1320 4072 1512 4139 χωρεῖν
1551 4065 1657 4133 οἷός
1691 4088 1748 4123 τε
1795 4071 1874 4124 ῶν,

1988 4062 2115 4115 dere
2159 4062 2403 4128 ulterius,
2455 4071 2563 4117 stat
2617 4064 2819 4127 llrmus,
2859 4074 2914 4118 et
2954 4072 3172 4118 vocatur
3215 4066 3364 4121 locus
3399 4081 3522 4121 san-

313 4156 554 4208 ῖσταται
586 4153 802 4221 βέϐαιος
847 4153 939 4204 καὶ
981 4152 1327 4222 χρηματίζων
1360 4157 1509 4221 ἆγιος
1540 4157 1699 4220 τόπος
1732 4158 1876 4211 Θεοῦ.

1988 4156 2107 4201 ctus
2146 4146 2262 4202 Dei.
2305 4147 2435 4203 Nam
2483 4151 2571 4217 qui
2621 4150 2901 4204 Dominum
2940 4153 3203 4221 sequitur,
3252 4154 3519 4221 ascendit,

327 4242 555 4293 Ὀπίσω
614 4238 725 4309 γὰρ
754 4239 955 4307 Κυρίου
992 4240 1344 4309 πορευόμενος
1398 4241 1699 4307 ἀναϐαίνει,
1734 4262 1751 4293 t
1784 4244 1887 4297 τῶν

1995 4253 2012 4286 ι
2042 4250 2157 4302 qua:
2191 4244 2335 4291 retro
2377 4246 2502 4292 sunt
2542 4238 2885 4305 obliviscens,
2913 4239 2978 4292 ad
3010 4255 3071 4293 ea
3098 4255 3224 4295 vero
3252 4255 3370 4310 quae
3397 4250 3528 4296 sunt

311 4328 561 4381 ὄπισθεν
611 4326 1122 4396 ἐπιλανθανόμενος,
1166 4331 1274 4391 τοῖς
1318 4329 1373 4380 δὲ
1421 4329 1721 4401 ἔμπροσθεν
1790 4335 1874 4387 ἐπ-

1962 4325 2164 4392 ‘priora
2216 4326 2505 4380 extendens
2541 4327 2616 4379 δ’»
2671 4315 2927 4395 scipsum,
2972 4328 3129 4383 linem
3181 4330 3380 4386 habens
3426 4331 3525 4386 bo-

310 4418 731 4485 εκτεινόμενος,
756 4434 774 4465 ι
796 4415 943 4478 τέλος
964 4416 1098 4485 ἔχων
1113 4416 1307 4484 ἀγαθὸν
1329 4418 1389 4470 τὸ
1411 4419 1589 4488 στῆναι
1610 4420 1742 4489 μετὰ
1758 4421 1884 4475 Θεὸν
1991 4428 2135 4476 num:
2166 4423 2223 4466 ιη
2254 4424 2360 4468 δίει
2385 4425 2503 4481 PDSl
2539 4416 2703 4470 Deum
2738 4418 2790 4471 ίη
2817 4418 2933 4472 ίοοο
2977 4428 3165 4473 διιππειο
3208 4420 3344 4487 είιιευ
3372 4421 3525 4487 θυοδ

313 4507 380 4557 ὲν
415 4506 575 4573 τόπῳ
605 4504 748 4571 ἁγίῳ
787 4503 967 4556 αὐτοῦ.
1011 4504 1073 4555 El
1119 4503 1365 4572 βούλεσθε
1411 4506 1748 4575 παράδειγμα
1795 4509 1876 4561 λα-

1989 4502 2032 4554 si
2075 4501 2233 4555 vultis
2279 4516 2344 4554 ex
2393 4505 2561 4557 sacris
2600 4503 2895 4574 Seripturis
2938 4508 3241 4576 exemplum
3286 4523 3521 4570 sumere.

312 4592 443 4644 δεῖν
488 4591 604 4644 ἀπὸ
652 4589 758 4641 τῶν
803 4590 957 4659 ἱερῶν
1001 4591 1353 4661 γραμμάτων,
1389 4593 1620 4662 Μωῦσῆς
1655 4593 1779 4664 ἔστη
1828 4597 1875 4646 ἐκ

1989 4590 2137 4644 Stetit
2179 4591 2231 4644 in
2283 4592 2406 4646 loco
2438 4594 2880 4650 sanctiﬁcationis
2911 4596 3003 4650 Dei
3036 4596 3241 4665 Moyses
3269 4598 3333 4650 ad
3364 4613 3523 4667 quem

310 4682 482 4751 τόπῳ
539 4678 882 4748 ἀγιὰσματσς
912 4680 1002 4731 τοῦ
1035 4681 1196 4732 Θεοῦ⁸
1232 4681 1363 4750 πρὸς
1394 4680 1450 4732 ὃν
1478 4678 1624 4734 εἶπεν
1656 4685 1684 4734 6
1715 4684 1841 4746 Θεός
1867 4701 1873 4714 ε

1976 4678 2118 4732 .dixit
2143 4679 2222 4733 ⁸³ε
2250 4698 2268 4729 ι
2295 4681 2372 4735 Tu
2407 4697 2531 4736 vero
2560 4684 2666 4737 illic
2696 4694 2779 4738 sta
2809 4699 3038 4739 mecum.
3063 4704 3081 4737 ι
3116 4686 3218 4740 Sed
3244 4688 3368 4754 quia
3398 4702 3522 4741 san-

319 4790 340 4821 ο
375 4772 457 4823 ΣΞ)
491 4769 551 4821 δὲ
597 4767 763 4822 αὐτοῦ
815 4768 968 4836 στῆθι
1015 4770 1128 4837 μετ’
1173 4769 1363 4838 ἐμοῦ.»
1410 4769 1545 4823 Ἀλλ’
1586 4771 1665 4823 ὅτι
1708 4770 1882 4843 ζητεῖς

1990 4767 2366 4823 ctilicationem
2427 4771 2517 4824 Dei
2550 4776 2746 4841 quieris
2789 4774 2878 4827 ubi
2915 4782 3061 4829 stare
3109 4784 3371 4844 oporteat,
3406 4791 3526 4844 pro-

310 4860 585 4927 ἀγίασμα
639 4856 732 4909 τοῦ
761 4856 913 4919 Θεοῦ,
943 4858 1075 4909 ὅπου
1104 4857 1180 4908 δεῖ
1213 4860 1422 4927 στῆναι·
1479 4878 1495 4909 σ
1526 4860 1634 4912 Καὶ
1660 4861 1873 4932 ἕστησει

1988 4858 2159 4925 pheta:
2203 4858 2389 4915 dicunt
2432 4881 2446 4915 :
2496 4864 2599 4917 «Et
2647 4865 2833 4918 statuit
2892 4879 3053 4933 super
3115 4875 3321 4934 petram
3361 4865 3526 4931 pedes

310 4950 418 5003 ἐπὶ
454 4949 668 5017 πέτραν
694 4948 820 5009 τοὺς
861 4946 1023 5007 πόδας
1054 4962 1174 5014 μου,
1198 4965 1214 4995 ι
1244 4948 1486 5016 λέγουσιν
1516 4950 1564 5002 οί
1594 4953 1873 5020 προφῆται,

1991 4961 2134 5001 meos
2148 4947 2213 5014 “,
2240 4968 2258 5000 ι
2291 4954 2541 5018 quoniam
2571 4972 2589 5004 ι
2611 4962 2761 5022 petra
2789 4962 2909 5008 erat
2929 4954 3176 5008 Christus
3196 4953 3291 5005 ".t
3328 4951 3520 5003 Disca-

313 5042 453 5091 ἐπεὶ
496 5058 514 5089 ε
548 5038 724 5106 πέτρα
760 5032 828 5105 ἦν
851 5037 879 5087 6
912 5034 1157 5101 Χριστός.
1185 5053 1202 5083 ι
1240 5037 1510 5106 Μάοωμεν
1546 5038 1602 5091 δὲ
1627 5039 1707 5102 τίς
1741 5042 1876 5093 ἐστιν

1990 5052 2105 5090 mus
2137 5049 2314 5093 autem
2346 5042 2591 5107 quisnam
2624 5044 2809 5112 sitqui
2841 5044 3221 5113 promissiones
3248 5036 3528 5102 huiusmo-

311 5131 344 5183 6
373 5131 492 5182 τῶν
515 5125 859 5193 ἐπαγγελιῶν
880 5121 1080 5173 τούτων
1104 5122 1433 5191 τευξόμενος.

880 5121 1080 5173 τούτων
1104 5122 1433 5191 τευξόμενος.
1989 5127 2037 5178 di
2065 5136 2436 5196 consequatur.

408 5214 621 5277 Ἀθῶος
672 5210 843 5279 χερσὶ
892 5208 990 5262 καὶ
1022 5209 1276 5275 καθαρὸς
1314 5210 1388 5278 τῇ
1419 5213 1644 5280 καρδίᾳ,
1686 5231 1738 5267 κ.
1758 5231 1806 5267 τ.
1833 5218 1879 5270 ἑ.

2054 5213 2215 5283 627
2249 5213 2404 5270 Vsus.
2433 5217 2485 5271 4.
2518 5216 2771 5271 Innocem
2797 5218 3032 5272 manibus
3051 5227 3101 5272 et
3122 5211 3316 5268 mundo
3345 5212 3530 5274 corde,

388 5369 443 5403 κ
470 5366 631 5422 Joan.
663 5364 795 5428 ι,ίϐ.
871 5361 912 5393 δ’
947 5359 1085 5412 Psal-
1116 5375 1229 5428 XIV,
1264 5367 1316 5421 1.
1391 5369 1434 5401 ⁸³
1466 5368 1688 5438 Philipp.
1722 5386 1802 5435 Ill,
1832 5373 1916 5427 15.

1989 5371 2033 5403 ⁸³
2063 5374 2230 5427 Exod.
2256 5390 2433 5427 xxxrv.
2510 5374 2554 5405 “
2579 5374 2716 5429 Psal.
2750 5389 2935 5440 sunt,
2959 5372 3011 5427 3.
3096 5373 3141 5405 "
3172 5364 3340 5423 ICOI‘o
3383 5379 3446 5428 ι,
3484 5367 3539 5425 4.

414 5519 485 5573 ‘78
547 5521 687 5585 Ὅρα
716 5516 784 5593 (ξέ
805 5514 900 5566 καὶ
933 5513 1123 5589 οὔταές,
1152 5528 1278 5575 etc.
1311 5525 1526 5583 Schedm
1554 5529 1756 5591 Grahii,
1776 5531 2060 5590 Barbarus.

387 5520 508 5657 $75!;
534 5586 652 5657 Πρὸ
687 5600 798 5645 της
838 5583 1099 5657 Χξιρτος,
1138 5595 1267 5640 etc.
1323 5594 1637 5657 Corderius.
1681 5597 1963 5654 Barbarus.

414 5583 503 5657 ἶς’)
534 5583 652 5657 Πρὸ
687 5583 798 5645 τῆς
838 5583 1099 5657 Χξιρτοᾷ,
1138 5595 1267 5640 cie.
1323 5594 1637 5657 Corderius.
1681 5583 1963 5654 Barbarus.

391 5644 505 5724 (80)
530 5644 865 5719 Σῧγκριπον
888 5644 955 5695 δὲ
982 5645 1178 5713 ταῦτα»

1270 5644 1963 5735 ,εξρξιῐῖῑίίῖῐιὸιῖιὲὲίὗέξὲἰ
1995 5668 2199 5721 εοιιρριεε
2224 5670 2425 5734 Grabii,
2467 5667 2525 5721 ac
2552 5669 2833 5725 Barbarus.
