3958 6222
260 343 441 403 ’1275
1263 351 1563 407 SELECTA
1594 350 1661 406 ιΝ
1692 349 1896 406 PSALN

1998 376 2021 405 ι.
2059 379 2129 390 —
2162 349 2351 405 PSAL.
2386 349 2548 404 XXV.
3302 340 3315 351 ’
3367 348 3502 402 1275

359 466 427 515 Μ
435 462 472 529 ὴ
495 464 1023 531 καταισχυνθείην,
1046 464 1134 516 ὅτι
1160 463 1386 532 ῆλπισιι
1410 465 1506 517 ἐπὶ
1535 465 1625 528 σὲ,
1664 481 1717 518 κ.
1750 482 1800 517 τ.
1820 466 1864 519 ἑ.

2036 463 2196 517 Vens.
2241 461 2329 514 20.
2395 460 2515 514 Non
2561 460 2873 528 erubescam,
2903 461 3143 530 quoniam
3190 458 3388 526 speravi
3431 459 3483 512 in

294 550 369 602 'H
417 550 596 615 eam,
634 538 741 620 (98-)
786 553 847 604 οὐ
901 551 1260 620 καταισχύνει.
1308 553 1558 623 Θυγάτηρ
1602 554 1705 624 γάρ
1752 554 1865 606 ἐστι

1998 570 2039 618 e,
2072 562 2175 607 etc.
2209 551 2344 619 Spes
2376 565 2481 603 non
2514 549 2809 606 confundit.
2838 551 2967 604 Filia
3001 552 3141 605 enim
3176 548 3504 619 probationis

282 637 578 706 δοκιμῆς,
611 637 831 705 ἔκγονος
884 639 940 692 δὲ
979 638 1250 707 ὑπομονῆς
1288 639 1499 709 δοκιμίγ
1534 642 1771 709 ὑπομονὴ
1810 642 1865 694 δὲ

1998 651 2074 704 st,
2109 640 2375 710 patientia.-
2416 649 2593 692 autem
2631 638 2769 692 fetus
2815 649 2897 693 est
2943 639 3205 707 probatio,
3247 637 3502 707 patientia

283 726 356 776 be
391 724 646 791 θλίψεων
676 725 905 791 γίνεται,
936 719 1011 779 ὧν
1047 724 1290 795 πρόξενοι
1313 726 1369 778 ai
1401 727 1590 796 ἀρεταὶ
1620 723 1707 791 αἷς
1739 729 1865 780 ἒπε-

1998 744 2099 784 ero
2128 730 2368 783 nascitur
2388 744 2451 782 ex
2482 728 2909 780 tribulationibus
2937 742 3067 795 quas
3098 728 3327 795 hospitio
3353 725 3501 779 exci-

287 832 386 869 ιται
436 815 644 882 (vam;
674 815 833 870 Θεοῦ.
1076 847 1080 851 <

1998 820 2127 872 ιῑιιηι
2151 821 2377 874 virtutes
2409 820 2601 887 quibus
2625 826 2928 872 assectatur
2958 816 3189 885 cognitio
3217 814 3330 868 Dei.

880 989 1164 1044 ΨᾹΔΜΟΣ
1200 993 1327 1045 KE'.

368 1078 683 1141 Πύρωσον
720 1077 862 1141 τοὺς
911 1080 1162 1146 νεφρούς
1201 1096 1337 1146 μου,
1379 1097 1432 1132 κ.
1474 1096 1523 1132 τ.
1570 1082 1615 1132 ὲ.
1659 1080 1862 1150 Νεφροὶ

2472 995 2784 1052 PSALMUS
2854 994 3020 1048 XXV.

2043 1085 2202 1139 Vens.
2238 1084 2291 1137 Ξ.
2342 1083 2445 1137 Ure
2489 1099 2630 1137 renes
2662 1066 2825 1145 meos,
2860 1092 2964 1135 etc.
3003 1080 3180 1133 Renes
3215 1079 3508 1149 symbolum

304 1166 409 1234 μὲν
443 1164 567 1235 (99)
609 1165 1006 1235 σύμϐολόνοείσι
1053 1166 1145 1219 τοῦ
1186 1167 1479 1236 παθητικοῦ
1532 1168 1724 1237 μέρους
1774 1169 1870 1237 τῆς

1998 1182 2098 1226 :unt
2144 1172 2285 1225 illius
2339 1172 2507 1239 partis
2561 1171 2750 1224 animae
2800 1184 2919 1238 qum
2964 1167 3240 1222 ail‘ectibus
3282 1169 3510 1222 obnoxia

296 1254 514 1323 ψυχῆς,
543 1256 795 1309 τουτέστι
822 1255 990 1325 θυμοῦ
1019 1257 1112 1309 καὶ
1137 1256 1442 1324 ἐπιθυμίας·
1478 1257 1667 1326 καρδία
1698 1258 1754 1310 δὲ
1776 1257 1868 1309 τοῦ

1998 1269 2072 1321 :st,
2110 1259 2207 1311 boc
2249 1268 2329 1311 est
2361 1259 2646 1311 iracundia:
2673 1265 2727 1309 et
2753 1256 3232 1323 concupiscentiae;
3268 1269 3362 1309 cor
3409 1270 3512 1308 au-

300 1343 656 1411 λογιστικοῦ.
1978 1354 2080 1399 tem
2113 1344 2411 1413 symbolum
2457 1353 2538 1398 est
2568 1344 2708 1398 illius
2736 1358 2854 1411 quae
2880 1343 3234 1397 ratiocinandi
3263 1342 3515 1397 facultate

1978 1434 2196 1503 praedita
2227 1443 2326 1488 est.

383 1520 523 1572 Ὅτι
557 1523 593 1572 ό
614 1518 788 1583 ἔλεός
814 1534 926 1571 σου
946 1518 1249 1572 κατέναντι
1273 1518 1388 1571 τῶν
1418 1517 1734 1585 ὀφθαλμῶν
1757 1535 1874 1585 μου

2046 1524 2210 1577 Vens.
2241 1524 2296 1578 5.
2331 1523 2590 1588 Quoniam
2637 1523 2994 1575 misericordia
3036 1532 3126 1574 tua
3174 1529 3294 1574 ante
3340 1519 3515 1574 oculos

308 1609 469 1671 ἐστὶ,
508 1608 617 1660 καὶ
657 1608 1116 1674 εὺηρέστησαέν
1140 1606 1212 1673 τῇ
1238 1608 1478 1674 ἀληθείᾳ
1503 1621 1636 1670 σου,
1670 1624 1722 1658 κ.
1751 1624 1798 1659 τ.
1827 1607 1871 1657 ὲ.

1998 1629 2115 1667 neos
2142 1622 2238 1676 est,
2269 1625 2314 1667 et
2343 1614 2628 1681 complacui
2659 1613 2712 1665 in
2742 1612 2950 1664 veritate
2978 1619 3091 1676 tua,
3117 1619 3222 1663 etc.
3253 1609 3352 1674 Qui
3385 1623 3515 1662 con-

324 1696 384 1748 '0
420 1694 567 1748 νοῶν
600 1694 680 1764 (1)
723 1695 790 1748 τὰ
821 1695 947 1764 περὶ
979 1695 1157 1757 ἐλέους
1183 1696 1352 1747 ταῦτα
1377 1696 1507 1764 ἐρεῖ,
1541 1694 1879 1764 μεμνημένος

1998 1701 2175 1755 siderat
2205 1700 2649 1763 misericordiam,
2678 1713 2884 1752 memor
2911 1700 3379 1767 contemplationis
3406 1697 3519 1765 ejus

313 1785 417 1853 τῆς
464 1785 602 1853 περὶ
637 1784 820 1846 ἐλέους
857 1784 1104 1854 θεωρίας
1146 1785 1202 1837 ’0
1247 1784 1392 1846 ἔλεός
1434 1801 1526 1836 σου
1556 1786 1584 1836 ὁ
1614 1784 1875 1856 τεθεωρη-

2001 1802 2093 1841 nec
2127 1789 2312 1841 dicet:
2346 1787 2708 1841 Misericordia
2759 1796 2845 1837 tua
2888 1800 3006 1852 quae
3058 1786 3187 1837 mihi
3239 1792 3513 1853 perspecta

319 1874 486 1944 μένος
521 1890 642 1942 μοι,
684 1873 764 1942 τῷ
794 1874 1073 1927 κατέναντι
1114 1873 1220 1925 τῶν
1267 1872 1550 1941 ὀφθαλμῶν
1595 1887 1693 1940 μου
1722 1866 1878 1933 εἶναι,

1998 1887 2081 1939 εει,
2127 1892 2190 1930 eo
2220 1877 2360 1944 quod
2404 1876 2573 1930 oculis
2617 1875 2752 1927 meis
2795 1875 3127 1934 obversetur,
3167 1873 3317 1941 juvat
3349 1886 3433 1925 me
3462 1880 3521 1923 ut

320 1966 583 2033 συνεργεῖ
617 1962 755 2033 πρὸς
794 1962 855 2014 τδ
890 1963 1240 2031 εὐαρεστῆσαι
1281 1963 1339 2013 ἐν
1382 1963 1446 2030 τῇ
1494 1959 1717 2029 ἀληθείᾳ
1765 1976 1877 2013 σου.

1998 1966 2337 2034 :omplaceam
2371 1967 2423 2018 in
2456 1966 2684 2018 veritate
2730 1972 2839 2017 tua.
2881 1963 2948 2017 Ut
2978 1964 3098 2031 quis
3125 1963 3267 2016 enim
3312 1976 3438 2015 vere
3468 1970 3521 2015 et

320 2054 459 2103 Κατ’
493 2050 761 2121 ἀλήθειαν
797 2050 905 2120 γὰρ
942 2051 1038 2104 καὶ
1068 2052 1165 2102 οὐκ
1205 2049 1545 2112 ὲπιπλάστως
1577 2051 1883 2121 εὐαρεστεῖν

323 2145 469 2194 ποιεῖ
510 2141 574 2193 τὸ
610 2141 704 2194 τοῦ
734 2139 865 2193 Θεοῦ
896 2140 1058 2202 ἔλεος.
1091 2139 1257 2208 Σοφοῦ
1297 2139 1404 2209 γὰρ
1435 2141 1526 2192 καὶ
1561 2139 1885 2209 θεωροῦντος

321 2232 420 2299 τὴν
461 2230 732 2299 ἀλήθειαν
776 2233 809 2300 η
846 2230 1014 2297 φωνή.
1064 2226 1193 2281 Εἶτα
1227 2229 1325 2297 τῆς
1364 2230 1766 2299 εὐαρεστήσεως
1818 2226 1885 2278 τὰ

326 2319 441 2388 εἴδη
468 2319 747 2382 διέξεισιν.

403 2408 515 2459 Τοῦ
548 2406 762 2459 αὐτοῦ.
790 2406 852 2457 Ei
880 2406 913 2475 ἡ
941 2403 1164 2473 ἀλήθειά
1191 2404 1264 2472 (2)
1293 2405 1404 2455 ἐστι
1447 2402 1675 2471 Χριστὸς
1701 2404 1728 2453 ὁ
1758 2401 1888 2463 Θεὸς

327 2497 507 2566 ἡμῶν,
541 2496 626 2558 ὡς
672 2492 842 2548 εἶπεν
879 2489 901 2544 ί
934 2492 1070 2559 Ἐγώ
1096 2494 1207 2560 είμι
1252 2493 1284 2561 ἡ
1316 2492 1589 2561 ἁλήθεια·»
1626 2492 1684 2543 ὲν
1726 2491 1779 2542 δὲ
1822 2494 1887 2561 τῇ

331 2576 559 2653 ἀληθείᾳ.
611 2583 947 2652 εὐηρέστησε
996 2579 1153 2634 Δαυῖδ
1180 2579 1258 2649 τῷ
1301 2579 1437 2648 Θεῷ,
1466 2582 1524 2631 ὲν
1555 2579 1632 2649 τῷ
1657 2578 1773 2648 Θεῷ
1802 2580 1888 2631 εύ-

331 2674 684 2745 ηρέστειᾶρα
701 2675 731 2725 ὁ
748 2670 908 2723 Δαυῖδ
917 2669 995 2738 τῷ
1013 2668 1147 2738 Θεῷ.
1164 2667 1259 2721 Διά
1279 2668 1449 2731 τοῦτο,
1462 2668 1645 2737 φησιν,
1658 2667 1892 2719 ἔσπευσα

323 2764 733 2835 ,εὐαρεστεῖντῇ
750 2759 972 2829 ἀληθείᾳ
1001 2775 1113 2819 σου,
1138 2759 1254 2810 ἀντὶ
1274 2756 1387 2821 τοῦ,
1412 2756 1512 2809 σοί.
1536 2758 1894 2827 Περιφραστι-

336 2855 445 2916 κῶς
465 2852 580 2922 γὰρ
603 2852 707 2921 τὴν
725 2849 976 2919 ἀλήθειαν
1001 2846 1090 2899 τοῦ
1117 2846 1249 2898 Θεοῦ
1280 2846 1438 2899 αὐτὸν
1466 2846 1618 2899 καλεῖ
1632 2846 1721 2897 τὸν
1740 2845 1891 2899 Θεόν.

308 3002 317 3012 ,
408 2946 531 2997 Οὐκ
569 2939 831 2995 ἐκάθισα
842 2939 989 3006 μετὰ
1012 2936 1326 3003 συνεδρίου
1353 2937 1756 3004 ματαιότητος,
1790 2936 1887 2987 καὶ

1983 2071 2086 2108 non
2134 2056 2255 2109 ﬂete
2301 2056 2647 2121 complaceat,
2682 2054 2808 2107 facit
2854 2054 2944 2106 Dei
2982 2053 3369 2105 misericordia.
3396 2049 3521 2105 Haec

1982 2146 2122 2198 enim
2150 2159 2247 2197 vox
2277 2154 2358 2196 est
2384 2143 2640 2211 sapientis
2669 2152 2724 2196 et
2754 2144 3034 2196 veritatem
3085 2141 3518 2209 contemplantis.

1982 2231 2183 2285 Deinde
2216 2238 2458 2284 recenset
2489 2229 2696 2298 species
2728 2229 3148 2297 complacentiat.

2053 2403 2326 2473 Ejusdem.
2367 2405 2420 2459 Si
2468 2404 2670 2459 veritas
2703 2415 2785 2458 est
2839 2405 3083 2458 Christus
3133 2405 3267 2457 Deus
3313 2412 3521 2469 noster,

1985 2493 2429 2560 quemadmodum
2468 2493 2656 2545 dixit”
2684 2512 2697 2545 :
2730 2512 2747 2544 ι
2772 2493 2881 2561 Ego
2918 2508 3031 2545 sum
3058 2492 3275 2557 veritas,
3307 2509 3326 2542 ι
3356 2494 3408 2545 in
3434 2508 3527 2545 ve-

1990 2582 2144 2635 ritate
2170 2591 2347 2635 autem
2377 2583 2700 2649 complacuit
2728 2582 2890 2635 David
2944 2584 3071 2648 Deo,
3111 2582 3162 2635 in
3195 2582 3300 2636 Deo
3343 2582 3527 2649 utique

1992 2668 2153 2723 David
2196 2670 2517 2737 complacuit
2562 2670 2688 2725 Deo.
2742 2671 3054 2740 Propterea,
3103 2670 3299 2739 inquit,
3348 2670 3528 2724 studui

1989 2760 2202 2828 placere
2234 2760 2447 2814 veritati
2475 2769 2598 2822 tuae,
2629 2760 2678 2812 id
2712 2769 2793 2813 est
2823 2760 2942 2813 tibi.
2973 2759 3104 2813 Nam
3132 2772 3196 2813 ex
3231 2758 3528 2828 periphrasi

1993 2848 2273 2901 veritatem
2305 2848 2419 2911 Dei,
2448 2851 2622 2917 ipsum
2650 2858 2806 2901 vocat
2834 2850 3020 2902 Deum.

2070 2935 2230 2991 Vtilis.
2258 2938 2310 2989 4.
2340 2937 2461 2990 Non
2491 2939 2601 2990 sedi
2629 2955 2743 2990 cum
2786 2938 3002 2990 consilio
3030 2937 3290 3000 vanitatis,
3326 2945 3372 2990 et
3414 2951 3530 2990 cum

335 3032 481 3103 μετὰ
512 3004 1020 3099 παρανομούντων
1068 3028 1139 3078 οὐ
1180 3024 1264 3093 μὴ
1298 3023 1561 3086 είσέλθω.
1602 3026 1895 3092 Ἐμίσησα

1998 3025 2168 3093 iniqua
2198 3024 2487 3093 gerentibus
2518 3041 2619 3078 non
2646 3026 2890 3078 introibo.
2917 3024 3072 3078 Odit-1'
3123 3025 3391 3077 ecclesiam
3416 3039 3533 3076 ma-

339 3122 682 3189 ὲλικλησίαν
733 3118 1239 3185 πονηρευομένων,
1282 3118 1375 3169 καὶ
1399 3116 1545 3183 μετὰ
1571 3115 1803 3169 ἀσεϐῶν
1823 3120 1893 3171 οὐ

338 3212 421 3282 μὴ
458 3211 716 3270 καθίσω,
745 3225 798 3260 κ.
823 3224 873 3260 τ.
900 3208 945 3258 ὲ.
970 3206 1246 3275 Συνέδρων
1280 3205 1628 3275 ματαιότητος
1656 3204 1730 3274 (ὅ)
1766 3221 1897 3275 πρε-

342 3300 595 3370 σϐύτεροι
628 3295 915 3368 αἱρετικοί⁸
939 3293 1370 3363 παρανομοῦντες
1384 3292 1558 3344 λαῖκοὶ
1573 3290 1893 3362 παράνομοι.

355 3393 656 3462 Ἐκκλησία
704 3388 1142 3460 πονηρευομένων
1187 3388 1428 3458 αἱρετικὴ
1479 3386 1753 3453 σύνταξις,
1807 3388 1898 3440 καὶ

342 3483 559 3545 ἀσεϐεῖς
614 3479 976 3550 πρεσϐύτεροι
1016 3476 1292 3548 αίρετικοί.
1338 3475 1572 3538 Τούτοις,
1616 3475 1793 3545 φησὶν,
1837 3475 1899 3528 ού

349 3571 632 3641 συνῆλθον,
667 3569 783 3621 ἀλλ’
808 3567 927 3619 οὐδὲ
959 3568 1068 3629 τοῖς
1099 3567 1187 3619 τὸν
1225 3565 1362 3617 θεῖον
1400 3563 1785 3635 παραϐαίνουσι
1816 3563 1903 3617 νό-

349 3676 446 3730 μον
475 3658 879 3727 συνεςρυρόμην.
906 3655 1149 3710 Μάλιστα
1169 3655 1222 3706 δὲ
1255 3654 1464 3707 πάντων
1490 3653 1901 3723 ἀπεστρεφόμην

346 3750 470 3810 τοὺς
502 3750 569 3813 τὴ
586 3736 733 3800 θεῖον
765 3742 1138 3814 ἐνυϐρίζοντας
1171 3741 1329 3803 σέϐας
1346 3742 1402 3793 ὲν
1432 3741 1720 3811 Ἐκκλησία
1745 3740 1901 3810 δῆθεν

348 3853 657 3908 συγκροτου
665 3834 875 3904 μένους·
899 3833 992 3886 καὶ
1012 3832 1144 3902 πρὸς
1164 3830 1367 3893 τούτοις
1390 3829 1488 3899 τὴν
1507 3830 1610 3881 τῶν
1630 3828 1904 3883 είδωλολα-

346 3926 623 3995 τρούντων
650 3920 923 3985 ἀσέϐειαν,
955 3916 1035 3983 οἷς
1062 3919 1155 3972 καὶ
1184 3918 1244 3972 τὸ
1270 3916 1630 3987 συγχρονίζειν
1659 3916 1903 3987 ἡγούμην

348 4013 673 4082 ἐπισφαλές.

424 4102 537 4157 Τοῦ
565 4100 776 4156 αὐτοῦ.
807 4098 989 4152 Ταῦτα
1019 4096 1205 4167 ῥητέον
1232 4094 1309 4166 (4)
1338 4094 1611 4163 φιλίπποις
1634 4095 1731 4146 καὶ
1760 4096 1903 4163 αἱρε-

346 4196 535 4256 τικοίς.
574 4190 765 4245 Ταῦτα
809 4190 983 4242 πάντα
1014 4187 1241 4250 τέθεικε,
1276 4184 1587 4254 βουλόμενος
1612 4183 1795 4246 δεῖξαι,
1825 4184 1905 4235 ὅτι

1994 3114 2383 3181 lignautium,et
2413 3130 2527 3167 cum
2557 3115 2727 3181 impiis
2760 3131 2858 3167 non
2885 3114 3089 3178 sedebo,
3115 3123 3215 3169 etc.
3243 3114 3530 3168 Consilium

1991 3202 2246 3256 vanitatis
2284 3211 2410 3257 sunt
2438 3204 2730 3271 presbyteri
2768 3203 3034 3266 haeretici;
3076 3203 3255 3270 iniqua
3288 3213 3529 3272 agentes,

1995 3300 2121 3349 sunt
2163 3292 2285 3346 laici
2330 3291 2765 3360 praevaricantes.
2816 3290 3047 3344 Ecclesia
3099 3292 3529 3358 malignantium,

1996 3391 2077 3435 est
2106 3392 2274 3435 cretus
2314 3381 2708 3444 lucretieorum,
2742 3390 2795 3433 et
2830 3380 2974 3447 impii
3027 3380 3322 3449 presbyteri
3363 3381 3534 3434 haereo

2000 3469 2109 3524 tici.
2146 3468 2278 3522 Cum
2317 3468 2487 3532 bis-ce,
2536 3469 2724 3536 inquit,
2765 3482 2867 3520 non
2922 3482 3238 3537 congressus
3267 3482 3404 3531 sum,
3438 3482 3535 3523 nec

1997 3571 2119 3610 cum
2142 3558 2336 3611 divinae
2367 3557 2500 3624 legis
2533 3556 3028 3623 prazvaricatoribus
3059 3556 3367 3609 commistus
3396 3570 3534 3609 sum.

1999 3646 2226 3700 Maxime
2262 3647 2499 3699 omnimu
2536 3645 2640 3715 fugi
2672 3646 2866 3697 divina:
2902 3644 3161 3711 majestati
3194 3642 3416 3709 injurias
3443 3645 3536 3711 qui

2002 3737 2052 3788 in
2080 3735 2315 3789 Ecclesia
2342 3736 2827 3805 congregabantur,
2855 3745 2911 3787 et
2941 3735 3108 3787 multo
3143 3735 3309 3803 magis
3346 3733 3537 3801 impios

2003 3825 2329 3889 idololatras,
2370 3825 2684 3892 quibuscum
2732 3825 3049 3878 commorari
3098 3824 3318 3877 minime
3363 3832 3536 3877 tutum

2002 3930 2120 3969 esse
2152 3916 2473 3969 existimavi.

2076 4090 2343 4163 Ejusdem.
2376 4095 2499 4150 llaec
2528 4109 2787 4165 equorum
2830 4094 3160 4148 amatoribus
3189 4104 3241 4149 et
3274 4096 3539 4153 haereticis

2005 4185 2223 4239 dicenda
2240 4186 2513 4239 sunt.Ha3c
2525 4187 2701 4239 omnia
2720 4185 2910 4253 posuit,
2928 4195 2982 4238 ut
2996 4185 3149 4255 631
3170 4189 3469 4241 ostenderet
3483 4201 3543 4242 se

347 4284 470 4339 οὐδὲ
496 4285 623 4345 ταῖς
653 4284 860 4352 ἑορταῖς
890 4279 996 4332 τῶν
1025 4277 1251 4330 εἰδώλων
1277 4274 1593 4344 ἐκοινώνησέ
1620 4291 1765 4336 ποτε,
1787 4273 1896 4326 οὐδὲ

2008 4290 2277 4344 nunquam
2313 4276 2572 4330 idolorum
2608 4276 2760 4331 festis
2794 4276 3122 4339 interfuisse,
3151 4292 3322 4346 neque
3362 4278 3542 4348 splen-

349 4372 416 4424 τὰ
457 4371 695 4442 λαμπρὰ
746 4367 852 4421 τῶν
893 4367 1100 4420 ἀσεϐῶν
1142 4367 1440 4435 ἠγάπησεν,
1471 4366 1588 4418 οὐδὲ
1618 4365 1904 4435 ἐξέπληξεν

349 4463 513 4517 αὐτὸν
543 4466 573 4516 ὁ
602 4462 704 4531 τῆς
745 4459 1082 4522 Βαϐυλωνίας
1127 4458 1368 4521 πλοῦτος,
1410 4456 1521 4508 ἀλλ’
1548 4452 1615 4525 ἢν
1659 4456 1806 4526 αὐτῷ
1848 4459 1905 4510 ὲν

350 4552 701 4622 ἐπετηδεύσει
733 4553 767 4620 ἡ
795 4549 1043 4602 εὐσέϐεια
1071 4550 1163 4600 καὶ
1192 4550 1224 4616 ἡ
1264 4545 1742 4616 ταπεινοφροσύνη.

420 4643 688 4709 Νίψομαι
708 4641 777 4693 ἐν
792 4638 1000 4704 ἀθώοις
1018 4643 1123 4703 τὰς
1144 4636 1341 4705 χεῖράς
1363 4653 1479 4704 μου
1500 4634 1598 4688 καὶ
1621 4636 1904 4688 κυκλώσω

352 4729 417 4782 τὸ
464 4729 901 4796 θυσιαστήριόν
924 4742 1057 4790 σου,
1089 4728 1281 4792 Κύριε,
1317 4743 1369 4778 κ.
1397 4743 1445 4777 τ.
1473 4726 1517 4777 ὲ.
1552 4724 1777 4791 Λογικὸν
1809 4725 1903 4776 θυ-

356 4818 675 4886 σιαστήριον
697 4815 773 4885 (5)
797 4814 929 4868 Θεοῦ
959 4815 988 4866 ὁ
1015 4813 1135 4876 νοῦς
1161 4812 1312 4883 ἡμῶν
1350 4813 1514 4874 ἐστιν,
1546 4812 1627 4877 ἐφ’
1664 4804 1723 4863 οὗ
1758 4811 1905 4864 καίο-

358 4920 458 4971 μεν
485 4904 564 4973 τῷ
597 4905 749 4975 παρὰ
779 4903 873 4957 τοῦ
910 4904 1118 4975 Πατρὸς
1152 4904 1230 4964 είς
1254 4902 1351 4971 τὴν
1378 4901 1477 4969 γῆν
1506 4898 1745 4968 βληθέντι
1773 4901 1905 4975 mp).

359 4971 545 5043 πάνταέ
584 4971 838 5061 λογισμὸν
886 4971 1073 5057 ἄλογον
1123 4987 1523 5059 ἅποσκιρτῶντα
1564 4986 1662 5055 τῆς
1711 4971 1933 5057 ἀγέλης,

356 5078 453 5130 τοῦ
484 5078 769 5133 δεσπότου.
794 5080 916 5131 Ὅτε
932 5076 1106 5130 τοίνυν
1136 5076 1330 5147 ἡψυχὴ
1350 5076 1447 5127 οὐκ
1474 5072 1577 5135 ἔξω
1598 5074 1759 5138 νεύει,
1780 5075 1911 5129 ἀλλὰ

434 5171 482 5202 ⁸⁵
509 5170 669 5224 Joan.
709 5186 823 5238 xn’,
854 5171 909 5225 6.

432 5261 545 5325 (98)
589 5261 658 5313 'H
685 5260 893 5323 ἐλπίς,
942 5267 1042 5312 etc.
1101 5256 1321 5313 Scitea'm
1368 5251 1583 5318 Grabii,
1632 5263 1685 5309 et
1736 5260 1902 5313 codex

366 5326 742 5379 Coisliniattus.

438 5393 551 5461 (99)
573 5394 793 5461 Νεερρρὶ
818 5391 949 5459 μέν,
978 5401 1079 5461 etc.
1103 5394 1280 5448 Codex
1304 5388 1680 5444 Coislinianus.

440 5459 538 5524 (ιγ
560 5462 624 5512 '0
647 5459 827 5519 νοῶν,
853 5470 955 5511 etc.
979 5459 1271 5514 Corderius.

439 5522 603 5610 (ἓξ
691 5524 1085 5610 (atquein-tcto.
1115 5527 1288 5582 Codex
1328 5522 1702 5595 Coislinianus,
1741 5530 1905 5587 selte-

366 5599 443 5652 d.e
475 5592 678 5661 Grabii,
715 5592 1000 5646 Barbarus.

2009 4366 2191 4417 durem
2224 4365 2509 4434 impiorum
2539 4378 2767 4431 amasse,
2804 4379 2977 4433 neque
3024 4365 3430 4435 Babyloniorum
3458 4367 3544 4421 di-

2010 4454 2152 4506 vitiis
2182 4467 2239 4506 se
2272 4469 2389 4510 esse
2416 4456 2744 4523 perculsum,
2770 4456 2864 4509 sed
2896 4470 3005 4523 prae
3044 4455 3291 4510 omnibus
3318 4455 3550 4513 coluisse

2011 4545 2261 4612 pietatem
2292 4555 2343 4599 et
2380 4546 2754 4600 humilitatem.

2081 4634 2238 4689 Vens.
2269 4635 2321 4689 6.
2358 4635 2562 4689 Lavabo
2588 4638 2721 4689 inter
2740 4636 3034 4689 innocentes
3072 4651 3255 4688 manus
3285 4650 3423 4688 meas
3443 4675 3458 4701 ,
3497 4644 3547 4689 ει

2008 4727 2338 4779 circumdabo
2371 4727 2534 4781 altare
2568 4737 2744 4794 tuum,
2777 4728 3024 4789 Domine,
3051 4735 3154 4779 etc.
3191 4724 3335 4778 Mens
3365 4734 3546 4778 nostra

2010 4815 2323 4869 rationabile
2373 4815 2462 4869 Dei
2510 4818 2678 4871 altare
2717 4828 2817 4883 est,
2861 4819 2912 4872 in
2948 4834 3054 4887 quo
3097 4817 3217 4886 igne
3256 4831 3282 4867 a
3306 4814 3462 4867 Patre
3495 4815 3547 4865 in

2010 4911 2205 4955 terram
2259 4905 2421 4958 misso
2473 4905 2831 4959 comburimus
2879 4918 3088 4958 onmem
3133 4899 3546 4956 irrationabilum

2004 4990 2379 5058 cogitationem
2418 5008 2535 5061 qua:
2586 5008 2650 5046 ex
2705 5000 2945 5045 armento
2989 4990 3256 5042 dominico
3304 4996 3551 5051 proteive

2008 5082 2208 5135 exsilit.
2251 5081 2474 5146 Quando
2514 5082 2681 5151 igitur.
2704 5080 2879 5133 anima
2913 5093 3014 5131 non
3049 5086 3233 5138 extra,
3270 5073 3362 5125 sed
3396 5073 3461 5121 ad
3495 5088 3552 5123 se

2041 5232 2044 5235 Ι
2079 5261 2153 5329 (5)
2182 5259 2494 5329 Συνέδρων
2510 5256 2914 5329 ματαιότητος,
2939 5258 3044 5329 etc.
3078 5246 3385 5329 Eortieritts:

2172 5311 2605 5400 inerupndw
2623 5361 2636 5384 ,
2656 5311 2800 5400 etc;
2814 5311 3046 5400 scirequi
3059 5314 3262 5400 Erabii
3285 5349 3300 5375 ,
3347 5311 3552 5365 Barba-

2011 5382 2121 5451 rus.
2139 5382 2367 5451 [Similia
2389 5382 2549 5446 habet
2570 5382 2735 5442 codex
2762 5382 3139 5451 Coislinianus.

2011 5444 2023 5449 ’
2043 5444 2439 5533 ’ἶὲῗιῖὅὲᾖιάδν
2456 5452 2879 5518 θυσιαστήριον
2897 5488 2912 5514 ,
2950 5457 3051 5503 etc.
3094 5448 3318 5504 Sclicth
3340 5444 3553 5514 Grabii.

2010 5537 2176 5587 codex
2207 5529 2423 5585 Conslin.
