3958 6250
216 235 388 293 1281

1195 242 1498 300 SELECTA
1530 246 1592 299 IN
1625 245 1953 303 PSALMUS.
1982 276 2050 289 -—
2076 252 2260 304 PSAL.
2295 250 2477 304 XXVI.

3284 262 3307 309 1
3316 261 3417 313 ΞΩ

204 355 301 408 ἐν
341 350 392 423 ᾧ
430 354 532 410 καὶ
586 356 995 426 κατεσκήνωσεν
1052 354 1080 403 6
1120 354 1281 419 Θεός·
1329 378 1344 409 ι
1382 362 1468 413 Ἐν
1499 360 1576 431 τῷ
1613 361 1744 431 ἡλίῳ
1780 382 1796 411 ι

1897 368 2066 421 vocat,
2096 361 2151 412 in
2179 375 2283 428 quo
2310 362 2449 413 Deus
2476 361 2751 414 habitavit.
2787 378 2805 411 ι
2838 362 2898 414 In
2937 364 3050 417 Sole
3083 381 3102 415 ›
3136 365 3273 418 enim
3292 406 3305 429 ,
3335 368 3418 421 in-

202 445 384 516 γὰρ,
419 446 606 515 φησὶν,
654 464 672 495 ι
697 443 850 497 ἔθετο
877 446 935 497 τὸ
968 446 1226 515 σκήνωμα
1271 450 1450 503 αὐτοῦ.
1482 469 1500 500 ι
1534 451 1713 514 Ἥλιος
1751 451 1806 503 δὲ

204 532 604 603 δικαιοσύνης
641 534 670 585 6
714 532 936 604 Κύριος.
969 534 1075 586 Καὶ
1102 534 1209 605 γὰρ
1242 538 1306 589 ἐκ
1346 538 1438 590 τοῦ
1486 539 1611 592 ναοῦ
1654 557 1804 609 φησι.

206 621 474 692 Ταύτην
506 623 635 693 γὰρ,
667 622 835 690 λέγει,
895 624 1092 695 σκηνὴν
1149 625 1300 695 ἔσχον
1350 628 1446 697 τὴν
1486 628 1688 697 σκέπην
1716 632 1808 682 καὶ⁹

203 711 348 782 τὴν
399 712 676 782 βοήθειαν.
713 713 925 783 Ἐπειδὴ
958 716 1014 766 ἐν
1044 718 1109 785 τῇ
1141 715 1232 767 τοῦ
1265 716 1396 769 Θεοῦ
1430 720 1595 786 σκηνῇ
1646 736 1808 788 προσ-

204 798 551 869 ευξάμενος
572 841 587 865 ,
627 802 719 853 καὶ
749 804 846 873 τὴν
876 803 979 856 ἀπὸ
1001 803 1105 856 τῶν
1137 806 1310 875 ἄρτων
1343 805 1517 858 λαῆὼν
1537 807 1804 874 εὐλογίαν,

202 888 345 951 τὰς
382 893 583 960 χεῖρας
613 890 725 955 τῶν
772 892 1142 961 πολεμούντων
1171 895 1415 963 διέφυγεν
1440 934 1455 959 ,
1499 897 1655 950 ὁπότε
1715 901 1807 952 καὶ

201 979 408 1049 Δωὴκ
438 980 543 1042 τὰς
575 980 855 1049 βασιλικὰς
891 982 1140 1051 ἡμιόνους
1179 985 1354 1054 νέμων
1388 987 1484 1056 τὴν
1513 986 1675 1039 αὑτοῦ
1710 1004 1808 1055 φυ-

204 1070 346 1140 γὴν
374 1071 460 1140 τῷ
488 1071 663 1124 Σαοὺλ
692 1073 1079 1141 κατεμήνυσεν.
1119 1092 1136 1123 ι
1178 1075 1473 1128 Ἐσκέπασέ
1504 1092 1569 1145 με
1597 1078 1653 1129 ὲν
1676 1077 1807 1129 ἀπο-

202 1157 447 1229 κρύφῳ
497 1158 599 1228 τῆς
649 1160 854 1229 σκηνῆς
898 1160 1081 1213 αὐτοῦ.
1106 1180 1124 1211 ι
1176 1161 1314 1214 ’Δντὶ
1338 1162 1452 1225 τοῦ,
1484 1164 1558 1226 ὡς
1584 1166 1641 1217 ὲν
1674 1166 1806 1217 ἀπο-

206 1246 468 1316 κρύφῳ.
505 1246 683 1308 Οῦτω,
718 1248 871 1316 φησὶ,
905 1248 1071 1301 πολλὰ
1099 1250 1422 1320 ζητήσαντες
1447 1252 1573 1321 περὶ
1604 1251 1735 1321 ἐμοῦ
1755 1254 1804 1305 οἱ

204 1334 502 1403 πολέμιοι
535 1335 637 1404 οὐχ
679 1329 836 1407 εὗρόν
885 1352 971 1406 με,
1013 1337 1105 1390 τοῦ
1133 1338 1264 1391 Θεοῦ
1306 1355 1372 1409 με
1427 1340 1801 1403 σκεπάζοντος.

206 1424 352 1476 Καὶ
387 1420 542 1475 οὕτω
568 1424 650 1485 τὸ,
684 1426 962 1496 «Ἐκρυψέ
986 1444 1104 1497 με.»
1624 1410 1627 1413 Ι

300 1512 427 1565 Καὶ
454 1514 578 1566 νῦν
607 1513 736 1567 ἰδοὺ
766 1515 973 1581 ὕψωσεν
1005 1513 1118 1580 τὴν
1157 1516 1425 1585 κεφαλήν
1446 1535 1563 1586 μου
1590 1518 1682 1570 ἐπ’
1708 1520 1805 1587 ἑχ-

208 1602 431 1669 θρούς
452 1618 596 1670 μου·
632 1603 947 1657 ἑκύκλωσα
968 1607 1061 1658 καί
1081 1606 1267 1660 ἔθυσα
1296 1607 1365 1659 ἐν
1393 1606 1465 1674 τῇ
1489 1607 1690 1675 σκηνῇ
1708 1611 1806 1661 αὑ-

1894 448 2008 515 quit
2035 448 2098 512 ⁸⁸,
2128 467 2146 498 ι
2186 450 2362 516 posuit
2402 449 2795 502 tabernaculum
2839 465 3011 507 suum.
3049 472 3066 505 ›
3109 453 3196 508 Sol
3238 466 3413 511 autem

1890 533 2106 600 justitiae
2136 534 2390 588 Dominus
2425 543 2523 588 est.
2561 536 2769 589 Etenim
2808 537 2872 590 de
2899 541 3093 608 templo
3121 543 3265 596 dicit.
3304 544 3417 599 Hoc

1894 626 2034 677 enim
2054 662 2068 687 ,
2094 623 2283 691 inquit,
2315 625 2705 677 tabernaculum
2734 630 3046 694 protemioni
3072 631 3201 683 mibi
3228 641 3279 686 et
3318 649 3415 686 au-

1894 716 2017 767 xilio
2043 714 2160 768 fuit.
2204 715 2334 767 Nam
2363 728 2484 766 cum
2516 723 2716 767 orasset
2746 715 2799 766 in
2841 717 3177 772 tabernaculo
3215 721 3328 785 Dei,
3361 731 3416 776 et

1895 817 2059 870 panes
2098 803 2481 857 benedictionis
2526 804 2831 871 accepisset,
2863 819 3049 857 manus
3078 806 3303 859 hostium
3334 809 3414 861 ef-

1892 889 2045 960 fugit,
2069 893 2279 959 quando
2311 892 2451 960 Doeg
2476 892 2732 960 regiarum
2758 892 3017 944 mularum
3043 902 3222 961 pastor
3249 896 3415 962 ipsius

1892 980 2066 1049 fugam
2092 981 2234 1033 Sauli
2262 981 2630 1034 manifestavit.
2667 999 2685 1030 ι
2721 981 2951 1034 Protexit
2988 997 3073 1035 me
3106 984 3160 1035 in
3188 983 3415 1037 abscon-

1903 1070 2015 1124 dito
2041 1071 2365 1125 tabernaculi
2388 1071 2489 1125 sui.
2524 1089 2543 1123 ι
2581 1071 2720 1126 Loco
2744 1072 2902 1134 illius,
2939 1081 3188 1141 tanquam
3227 1076 3276 1128 iu
3309 1077 3433 1130 abs-

1903 1159 2137 1213 condito.
2198 1159 2288 1213 Sic
2309 1199 2324 1223 ,
2366 1146 2555 1225 inquit,
2586 1175 2706 1213 cum
2738 1159 2954 1212 multum
2987 1174 3070 1213 me
3103 1162 3437 1228 quresiissent

1903 1245 2123 1308 inimici,
2157 1261 2263 1300 non
2288 1247 2602 1301 invenerunt
2631 1263 2731 1311 me,
2757 1249 2947 1316 quippe
2973 1264 3128 1317 quem
3160 1251 3294 1303 Deus
3315 1267 3438 1319 pro-

1903 1333 2131 1400 tegebat.
2161 1333 2357 1400 Sicque
2389 1334 2757 1401 aecipiendum
2788 1343 2868 1389 est
2902 1335 3065 1389 illud:
3102 1354 3119 1385 r
3145 1337 3436 1391 Abscondit

1903 1435 2005 1473 nte.
2034 1440 2052 1471 ι

1974 1511 2133 1564 Vens.
2163 1508 2215 1563 6.
2249 1508 2315 1562 Et
2347 1526 2483 1563 nunc
2511 1510 2753 1564 exultavit
2782 1520 2933 1578 caput
2968 1528 3132 1565 meum
3164 1529 3317 1580 super
3343 1515 3436 1568 ini-

1904 1600 2063 1651 micos
2089 1614 2224 1651 meos
2244 1614 2263 1650 :
2288 1599 2499 1651 circuiri
2526 1609 2571 1651 et
2600 1600 2857 1651 immolavi
2884 1601 2935 1651 in
2965 1600 3292 1653 tabernaculo
3322 1603 3433 1661 eius

204 1688 348 1741 τοῦ
382 1689 616 1741 θυσίαν
644 1690 1011 1758 ἀλαλαγμοῦ,
1030 1709 1082 1743 κ.
1106 1709 1156 1745 τ.
1180 1694 1225 1745 ι.
1247 1694 1308 1744 Et
1335 1696 1364 1745 6
1386 1671 1798 1762 κύάλώσάξμε)

1901 1686 2119 1737 hostiam
2148 1684 2555 1750 vociferationis.
2576 1693 2682 1746 etc.
2713 1683 2767 1737 Si
2796 1688 2885 1754 qui
2910 1687 3118 1751 circuit,
3143 1689 3428 1753 sacrificat,

204 1774 375 1828 θύει·
414 1775 584 1828 θυσία
627 1777 684 1829 δέ
718 1780 834 1829 ἐστι
880 1779 1088 1849 πνεῦμα
1132 1782 1595 1851 συντετριμμένον·
1627 1783 1655 1833 6
1683 1799 1805 1834 συν-

203 1865 440 1936 τρίψας
479 1866 582 1935 τὴν
635 1866 825 1919 ἑαυτοῦ
874 1867 1047 1937 ψυχὴν
1098 1869 1276 1939 κύκλῳ
1326 1870 1492 1940 αὐτὴν
1543 1870 1801 1940 πεποίηκε

206 1956 430 2025 σχῆμα
463 1954 670 2022 γωνίας
698 1954 771 2026 μὴ
806 1956 1025 2025 ἔχουσαν
1060 1958 1438 2027 ὲπιδεχομένην
1466 1958 1685 2027 φθορὰν,
1713 1960 1803 2011 καὶ

205 2044 330 2112 τὴν
361 2043 687 2114 ἀφροσύνην
719 2045 886 2115 αὐτὴν
907 2085 921 2109 ,
952 2047 986 2115 ἡ
1007 2088 1020 2110 ,
1063 2048 1193 2115 φησὶ
1221 2047 1483 2117 Σολομὼν,
1519 2066 1538 2097 ι
1567 2051 1684 2110 ταῖς
1704 2064 1804 2115 γω-

204 2133 380 2195 νίαις
418 2133 770 2203 παρεδρεύει·
800 2153 819 2185 ι
867 2137 1064 2200 καὶτὸ,
1094 2155 1112 2186 ι
1138 2137 1401 2190 Κατελθὸν
1442 2138 1497 2189 δὲ
1548 2139 1638 2190 ἐπὶ
1680 2139 1803 2199 τοὺς

208 2217 438 2280 παῖδας
486 2216 608 2269 Ἰὼϐ
650 2217 761 2287 πῦρ
807 2219 913 2273 τῶν
946 2222 1219 2292 τεσσάρων
1266 2224 1439 2293 ἥψατο
1461 2223 1666 2291 γωνιῶν
1707 2225 1800 2277 τοῦ

206 2306 416 2360 οῐκου.
453 2326 474 2357 ι
1406 2354 1417 2359 _

290 2399 409 2452 Σοὶ
443 2395 621 2452 εἶπεν
644 2399 681 2465 ἠ
712 2398 919 2465 καρδιά
948 2413 1084 2465 μου
1125 2397 1477 2467 Ἔξεζήτησα
1511 2400 1574 2453 τὸ
1613 2403 1801 2469 πρόσ-

206 2487 400 2539 ωπόν
415 2486 645 2544 σου.τὸ
658 2489 977 2553 πρόσωπόν
1000 2503 1133 2547 σου,
1157 2488 1347 2553 Κύριε,
1358 2488 1607 2555 ζητήσω,
1621 2506 1736 2543 κ.τ.
1751 2492 1797 2542 ὲ.

213 2572 411 2627 ὀταν
446 2573 511 2625 τὸ
552 2573 841 2643 πρόσωπόν
869 2590 1010 2636 τινος
1043 2574 1150 2643 (16)
1176 2575 1236 2626 τὸ
1263 2575 1543 2643 πρόσωπον
1572 2573 1663 2629 τοῦ
1691 2578 1802 2629 Κυ-

213 2661 351 2732 ρίου
390 2662 649 2731 ζητήσει,
701 2661 820 2713 τότε
853 2662 1375 2731 ἀνακεκαλυμμένως
1394 2664 1489 2733 τὴν
1508 2663 1661 2729 δόξαν
1686 2667 1800 2718 Κυ-

213 2749 350 2820 ρίου
400 2750 852 2820 κατοπτρίζεται,
887 2752 981 2803 καὶ
1015 2751 1300 2819 γενόμενος
1349 2751 1658 2818 ίσάγγελος,
1713 2751 1799 2805 διὰ

210 2834 441 2898 παντὸς
470 2835 665 2904 ὄψεται
693 2836 753 2888 τὸ
791 2836 1072 2907 πρόσωπον
1100 2836 1191 2889 τοῦ
1219 2838 1276 2889 ὲν
1296 2837 1538 2906 οὐρανοῖς
1570 2839 1797 2910 Πατρός.

298 2927 423 2982 Τοῦ
450 2926 665 2979 αὐτοῦ.
698 2928 777 2979 Δι’
808 2921 882 2979 ὧν
918 2926 1164 2994 καθαίρει
1193 2943 1274 2988 τις
1312 2925 1420 2995 (17)
1461 2925 1667 2991 ἑαυτὸν,
1694 2927 1799 2980 δεί-

211 3032 392 3069 κνυσι
454 3014 642 3084 ζητῶν
678 3015 739 3068 τὸ
765 3017 1048 3086 πρόσωπον
1080 3014 1173 3067 τοῦ
1217 3015 1372 3079 Θεοῦ,
1406 3017 1540 3086 ὅπερ
1562 3018 1612 3068 οἱ
1639 3016 1800 3085 ἄγγε-

212 3104 305 3157 λοι
350 3105 451 3157 διὰ
483 3103 688 3166 παντὸς
710 3103 953 3172 λέγονται
981 3104 1211 3173 βλέπειν.

291 3194 439 3247 Ὅτι
476 3196 511 3246 ό
543 3193 738 3261 πατήρ
761 3211 879 3261 μου
916 3196 1011 3247 καὶ
1049 3198 1087 3262 ἡ
1124 3196 1317 3263 μήτηρ
1355 3214 1472 3264 μου
1503 3199 1797 3268 ἐγκατέλι-

211 3286 347 3336 πόν
385 3300 503 3352 με,
538 3299 595 3335 κ.
627 3295 683 3334 τ.
732 3284 777 3335 ὲ.
829 3284 1109 3352 Μακάριος
1148 3286 1176 3337 6
1215 3286 1650 3354 ἐγκαταλειφθεὶς
1690 3291 1796 3358 (18)
1838 3333 1847 3349 ,

211 3372 331 3425 ὑπὸ
360 3370 470 3424 τοῦ
501 3370 752 3423 διαΰόλου
792 3372 884 3424 καὶ
908 3372 1008 3439 τῆς
1035 3371 1263 3439 συζύγου
1309 3373 1469 3425 αὑτοῦ
1496 3376 1707 3439 κακίας,
1742 3376 1797 3441 ἐξ

210 3460 287 3533 ἧς
346 3462 539 3515 τίκτει
580 3462 707 3524 τοὺς
757 3461 1099 3530 παρανόμους
1157 3463 1339 3514 τούτου
1378 3462 1539 3525 υἱούς.
1594 3465 1797 3534 Ὠσπερ

210 3552 451 3614 Παῦλος
488 3550 579 3603 διὰ
609 3550 704 3602 τοῦ
743 3550 1069 3616 Εὑαγγελίου
1094 3550 1255 3619 γεννᾷ
1277 3550 1399 3611 τοὺς
1428 3549 1687 3613 Γαλάτας,
1710 3550 1799 3602 οὓς

209 3658 296 3693 τω
326 3641 434 3694 καὶ
464 3638 556 3691 διὰ
593 3637 693 3707 τῆς
720 3637 917 3700 κακίας
955 3639 984 3689 6
1016 3637 1251 3699 διάϐολος
1288 3640 1449 3708 γεννᾷ
1475 3640 1598 3701 τοὺς
1635 3655 1798 3709 πονη-

211 3732 377 3799 ρούς.
423 3727 543 3796 Τῆς
579 3727 881 3795 συμφορᾶς,
906 3725 1066 3795 φησὶν
1085 3764 1099 3786 ,
1131 3726 1421 3795 ἐπιστάσης
1462 3743 1547 3795 μοι
1570 3727 1683 3791 νῦν,
1706 3730 1798 3781 καὶ

207 3819 317 3887 τῆς
350 3815 641 3870 τοσούτων
679 3813 951 3883 πολεμίων
994 3815 1205 3882 ἐφόδου,
1254 3816 1371 3867 οὐδὲ
1414 3817 1590 3887 πατὴρ
1621 3820 1683 3872 ἄν
1730 3837 1795 3889 με

207 3903 534 3973 ὠφέλησαν
584 3901 707 3953 οὐδὲ
731 3902 932 3970 μήτηρ,
962 3901 1122 3962 αὐτὸς
1142 3900 1196 3952 δὲ
1222 3902 1341 3953 ἀντὶ
1374 3903 1585 3956 πάντων
1616 3904 1797 3976 ὤφθης

212 4009 313 4061 μοι
343 3991 576 4062 βοηθός.

284 4077 733 4147 Νομοθέτησόν
747 4093 842 4145 με,
872 4077 1065 4142 Κύριε,
1096 4076 1207 4144 τὴν
1226 4078 1368 4131 ὀδόν
1387 4096 1520 4144 σου,
1543 4082 1637 4134 καὶ
1661 4081 1796 4148 όδή-

206 4171 429 4236 τησόν
465 4184 549 4235 με
587 4167 660 4220 ἐν
691 4168 863 4233 τρίϐῳ
895 4167 1113 4231 εὐθείᾳ,
1164 4183 1217 4219 κ.
1261 4184 1312 4219 τ.
1354 4170 1400 4219 ὲ.
1446 4171 1582 4241 Ὅρα
1617 4171 1705 4222 τὸν
1739 4173 1794 4223 ὲν

1901 1773 2223 1827 sacrificium
2253 1785 2428 1827 autem
2480 1783 2561 1826 est
2598 1773 2817 1840 spiritus
2846 1777 3143 1829 contritus:
3176 1776 3263 1842 qui
3297 1791 3431 1829 con-o

1903 1864 2026 1916 terit
2054 1864 2286 1916 animam
2315 1876 2487 1923 suam,
2523 1864 2780 1917 circulum
2820 1879 2935 1916 eam
2968 1864 3093 1918 facit
3122 1865 3215 1933 qui
3243 1865 3308 1918 ab
3336 1881 3434 1917 an-

1898 1952 2065 2018 gulari
2113 1951 2281 2021 ﬁgura
2325 1952 2655 2019 corruptibili
2699 1954 2881 2021 procul
2913 1955 3086 2015 abest,
3123 1969 3324 2007 necnon
3363 1956 3429 2009 ab

1900 2041 2011 2108 ipsa
2035 2040 2357 2109 insipientia,
2382 2056 2539 2108 quam
2563 2042 2812 2096 Salomon
2844 2059 2863 2092 ι
2883 2044 2935 2094 in
2965 2042 3171 2109 angulis
3193 2044 3376 2097 sedere
3407 2062 3427 2094 ι

1898 2130 2059 2185 dicit:
2091 2134 2230 2198 quod
2261 2131 2421 2184 etiam
2451 2134 2799 2185 contirmatur
2826 2147 2889 2184 ex
2922 2133 3019 2184 hoc
3047 2133 3119 2185 “z
3154 2150 3173 2182 ι
3203 2132 3433 2188 Descen-

1899 2222 2028 2276 dens
2064 2236 2190 2275 vero
2224 2222 2359 2289 ignis
2389 2235 2548 2291 super
2579 2220 2716 2275 lilios
2745 2220 2844 2275 Job
2877 2221 3039 2290 tetigit
3078 2231 3309 2290 quatuor
3333 2239 3429 2275 an-

1895 2309 2049 2380 gulos
2080 2310 2287 2364 domus.
2318 2328 2335 2360 ι

1968 2397 2127 2451 Vens.
2174 2400 2225 2452 8.
2277 2397 2391 2450 Tibi
2425 2397 2558 2450 dixit
2600 2413 2690 2450 cor
2735 2398 3204 2467 meum,Exquisivi
3247 2399 3431 2468 {aciem

1895 2498 2057 2551 tuam,
2082 2486 2241 2557 635
2261 2487 2444 2554 faciem
2479 2498 2639 2551 tuam,
2693 2487 2934 2554 Domine,
2971 2488 3227 2557 requiram
3259 2528 3273 2551 ,
3321 2499 3427 2543 etc.

1897 2574 2120 2640 Quando
2148 2575 2309 2628 facies
2332 2575 2554 2643 alicujus
2576 2574 2764 2629 faciem
2801 2575 3006 2629 Domini
3037 2577 3278 2643 requirit,
3306 2587 3429 2632 tunc

1894 2662 2010 2715 sine
2048 2660 2164 2714 velo
2195 2661 2414 2730 gloriam
2449 2662 2655 2715 Domini
2690 2663 2947 2725 intuetur,
2986 2672 3039 2716 et
3071 2664 3289 2731 aequalis
3332 2680 3428 2716 an-

1896 2751 2028 2816 gelis
2058 2750 2276 2805 effertus
2304 2792 2319 2817 ,
2367 2765 2578 2820 semper
2608 2751 2751 2805 videt
2795 2752 2985 2806 faciem
3025 2753 3197 2809 Patris
3229 2756 3318 2823 qui
3374 2757 3430 2809 in

1894 2840 2045 2893 caelis
2073 2849 2175 2893 est.
2988 2895 2995 2905 ,

1965 2925 2234 2995 Ejusdem.
2269 2926 2371 2981 Per
2397 2941 2515 2995 qua:
2566 2928 2796 2995 seipsum
2827 2928 3087 2998 quispiam
3130 2939 3424 2997 expurgat,

1851 3011 1866 3031 ‘
1897 3017 2124 3071 ostendit
2152 3032 2211 3070 se
2238 3031 2475 3084 quaerere
2506 3016 2596 3070 Dei
2652 3016 2837 3072 faciem
2866 3057 2881 3083 ,
2911 3034 3070 3087 quam
3105 3034 3313 3088 semper
3346 3021 3429 3074 in-

1866 3124 1869 3129 ·
1899 3107 2030 3159 tueri
2059 3105 2230 3172 angeli
2268 3106 2535 3159 dicuntur.

1971 3195 2130 3248 Vsus.
2172 3194 2260 3247 10.
2296 3192 2554 3257 Quoniam
2587 3204 2734 3259 pater
2758 3211 2898 3249 meus
2928 3206 2975 3249 et
3006 3208 3172 3252 mater
3206 3217 3316 3253 mea
3347 3202 3431 3255 de-

1896 3284 2207 3351 reliquerunt
2242 3299 2318 3335 me
2340 3321 2355 3345 ,
2391 3293 2497 3335 etc.
2528 3280 2721 3335 Beatus
2748 3275 2828 3336 est
2854 3283 2943 3351 qui
2972 3300 3000 3336 a
3033 3285 3242 3340 diabolo
3278 3289 3429 3342 dere-

1895 3373 2152 3440 linquitur
2188 3382 2242 3426 et
2273 3371 2496 3438 conjuge
2526 3371 2640 3438 ejus
2675 3370 2901 3434 malitia,
2933 3386 2997 3425 ex
3030 3386 3131 3440 qua
3157 3373 3296 3429 filios
3325 3377 3430 3430 ini-

1895 3461 2115 3530 quitatis
2143 3460 2303 3527 parit.
2334 3459 2786 3524 Quemadmodum
2814 3456 3012 3512 Paulus
3055 3476 3149 3527 per
3188 3462 3429 3534 Evange-

1895 3550 2019 3602 lium
2047 3547 2264 3602 Galatas
2296 3549 2499 3616 genuit,
2541 3548 2619 3601 sic
2656 3560 2751 3613 per
2784 3547 3036 3601 malitiam
3071 3550 3305 3605 diabolus
3338 3566 3430 3620 ge-

1895 3646 2047 3691 nerat
2072 3636 2257 3690 malos.
2288 3636 2344 3690 lu
2376 3639 2505 3701 hac,
2541 3636 2744 3703 inquit,
2774 3635 3052 3703 ingruente
3088 3637 3137 3690 iu
3171 3654 3253 3691 me
3284 3640 3428 3692 cala-

1896 3727 2111 3789 mitate,
2142 3733 2196 3778 et
2235 3724 2432 3792 impetu
2469 3724 2803 3777 inimicorum
2824 3761 2839 3787 ,
2881 3740 3052 3793 neque
3082 3736 3232 3794 pater
3259 3742 3428 3795 neque

1895 3824 2065 3867 mater
2105 3813 2233 3866 mihi
2263 3822 2453 3880 praesto
2501 3811 2764 3876 fuissent,
2813 3814 2903 3868 sed
2950 3823 3002 3867 tu
3041 3813 3155 3869 loco
3187 3815 3423 3870 omnium

1896 3905 2024 3958 mihi
2053 3903 2339 3957 auxiliator
2365 3902 2530 3956 fuisti.

1962 4076 2121 4130 Vsus.
2158 4076 2243 4129 il.
2288 4075 2464 4144 Legem
2494 4092 2623 4142 pone
2657 4075 2799 4139 mihi,
2831 4074 3069 4137 Domine,
3108 4092 3161 4129 m
3194 4076 3274 4130 via
3311 4090 3422 4141 tua,

1892 4177 1938 4219 et
1972 4167 2134 4234 dirige
2165 4182 2243 4217 me
2277 4167 2331 4218 in
2362 4176 2595 4219 semitam
2634 4179 2844 4227 recram,
2877 4174 2980 4218 etc.
3016 4165 3147 4219 Vide
3184 4179 3301 4219 eum
3332 4167 3423 4234 qui

206 4258 295 4325 τῷ
324 4259 494 4327 νόμῳ
530 4256 643 4324 (19)
671 4255 945 4318 Μωῦσέως
982 4257 1074 4307 κα)⁸
1100 4257 1397 4325 γράμματι,
1430 4258 1504 4320 ὡς
1535 4261 1633 4311 οὐκ
1668 4261 1793 4313 ὄντα

1897 4256 1948 4308 in
1984 4256 2098 4323 lege
2124 4253 2318 4323 Moysis
2349 4264 2403 4307 et
2433 4255 2484 4306 in
2520 4254 2696 4307 littera
2725 4262 2825 4316 est,
2855 4267 2918 4306 ac
2945 4252 2989 4305 si
3022 4268 3124 4305 non
3157 4255 3226 4307 sit
3257 4254 3307 4307 in
3339 4255 3423 4308 via

209 4345 274 4395 ὲν
307 4344 427 4414 ὀδῷ
454 4343 689 4413 Κυρίου,
711 4343 1129 4413 νομοθετηθῆναι
1175 4344 1458 4414 εὐχόμενον
1482 4350 1547 4417 τῇ
1573 4348 1675 4418 6δῷ
1700 4350 1792 4403 τοῦ

207 4434 467 4505 Κυρίου.

300 4519 626 4587 Ἀνδρίζου
646 4559 661 4583 ,
711 4521 811 4573 καί
856 4523 1257 4588 κραταιούσθω
1295 4526 1334 4591 ἡ
1373 4525 1581 4592 καρδία
1630 4541 1745 4580 σου
1772 4575 1786 4598 ,

206 4623 269 4661 κ.
296 4627 353 4662 τ.
392 4612 446 4662 ἑ.
476 4607 758 4678 ’Δνδρίξου
790 4608 924 4677 (20),
960 4608 1229 4662 τουτέστιν
1267 4610 1509 4679 ἀνδρείαν
1540 4611 1789 4677 ἀνάλασε,

213 4699 295 4766 μὴ
345 4699 483 4752 κατ’
527 4698 680 4764 ίσχὺν
730 4695 999 4765 σώματος,
1052 4695 1184 4747 ἀλλὰ
1224 4699 1648 4769 κραταιουμένης
1698 4701 1793 4768 τῆς

210 4787 464 4856 καρδίας
506 4801 625 4837 σου’
661 4784 803 4837 οὕτω
828 4783 936 4852 γὰρ
964 4785 1246 4853 ὑπομεῖναι
1282 4786 1372 4838 τὸν
1399 4786 1599 4857 Κύριον
1638 4789 1793 4858 δυνη-

217 4873 396 4944 θήσῃ.

445 4958 661 5011 αὐτοῦ.
699 4954 939 5025 ’Δνδρεία
964 4953 1159 5020 καρδία
1192 4956 1303 5026 (21)
1333 4959 1426 5012 καὶ
1462 4959 1602 5032 ψυχή
1644 4964 1788 5017 ἐστιν

291 5050 342 5083 ⁸⁵
379 5051 535 5107 Psal.
568 5066 723 5113 mu,
754 5049 809 5102 6.
884 5048 930 5079 “
956 5044 1081 5101 Job.
1112 5061 1150 5108 ι,
1178 5047 1266 5101 19.

285 5163 410 5231 (15)
451 5166 527 5218 El
558 5165 592 5214 ό
623 5158 967 5227 κυκλώσας,
998 5166 1101 5211 etc.
1150 5159 1374 5216 Scliedte
1418 5163 1621 5232 Grabii,
1651 5169 1784 5222 Bar-

449 5298 631 5349 Ὄταν
686 5293 752 5346 τὸ
811 5289 1130 5357 πρόσωπόν
1176 5308 1372 5359 τινος,
1430 5308 1531 5350 etc.
1581 5299 1783 5355 Corde-

223 5374 402 5496 “uab
442 5432 525 5483 Δι’
549 5422 642 5496 ὧν
671 5424 940 5496 καθαίρει
971 5438 1076 5485 τις.
1104 5435 1206 5496 etc.
1249 5429 1474 5482 Scholia:
1506 5429 1713 5486 Grabii.

290 5489 400 5566 ('18)
439 5494 752 5561 Μακάριος
793 5492 828 5540 ό
874 5489 1382 5564 ἐγκαταλειφθείς,
1425 5504 1529 5551 etc.
1576 5498 1785 5556 Eaedem

1897 4344 2127 4407 Domini,
2153 4358 2311 4397 orare
2343 4351 2401 4396 ut
2430 4342 2513 4397 lex
2545 4342 2643 4396 sibi
2675 4352 2906 4410 ponatur
2934 4343 2986 4397 in
3014 4343 3099 4397 via
3125 4345 3355 4400 Domini.

1972 4519 2123 4572 Vens.
2164 4517 2249 4570 14.
2290 4514 2521 4570 Viriliter
2556 4533 2677 4585 age,
2699 4524 2749 4569 et
2796 4517 3110 4585 ronforletur
3142 4532 3233 4570 cor
3255 4526 3420 4582 tuum,

1897 4618 2003 4663 etc.
2036 4607 2274 4660 Viriliter
2300 4620 2419 4674 age,
2457 4606 2507 4658 id
2535 4614 2638 4671 est,
2669 4606 2875 4660 virilem
2904 4606 3138 4659 animum
3169 4620 3421 4670 assume,

1900 4711 2004 4750 non
2029 4697 2315 4750 secundum
2352 4695 2515 4749 robur
2542 4695 2802 4763 corporis,
2836 4695 2929 4748 sed
2963 4694 3254 4749 secundum
3284 4695 3427 4748 vires

1899 4785 2075 4839 cordis
2105 4785 2217 4838 tui:
2247 4784 2330 4838 sic
2359 4783 2501 4838 enim
2536 4783 2814 4837 Dominum
2843 4784 3042 4853 poteris
3071 4785 3352 4837 sustinere.
3438 4843 3442 4848 ,

1963 4960 2233 5029 Ejusdem.
2265 4959 2372 5014 Cor
2409 4959 2560 5013 virile
2596 4960 2756 5014 etiam
2785 4960 2957 5013 anima
2989 4967 3067 5012 est
3106 4970 3221 5021 quise
3253 4955 3427 5022 impu~

1885 5168 2093 5223 schedia
2118 5180 2179 5217 ac
2207 5163 2492 5216 Barbarus.
2551 5228 2569 5230 _
2671 5227 2679 5230 Α
2968 5223 2994 5230 _
3034 5220 3047 5230 ,
3122 5218 3134 5230 _
3186 5213 3287 5230 ,ηη
3332 5212 3405 5230 υ,

1956 5213 2376 5302 ῐῐᾷῖσόῥᾶᾖὸν
2403 5213 2580 5293 ἐκήτῷ
2609 5227 2786 5293 νόμῳ,
2813 5234 2916 5279 etc.
2961 5214 3189 5278 Scaeuae"
3211 5213 3437 5282 Grabii,

1886 5299 2196 5360 Corderius,
2228 5299 2509 5350 Barbarus.
3348 5337 3355 5343 ,

1974 5370 2065 5431 20)
2114 5360 2884 5431 Ἀνδρίζου,ειιξηοοτιίοτὶρς.
2956 5421 2970 5431 _
3066 5411 3253 5431 num

1974 5371 2065 5431 20)
2114 5371 2417 5429 Ἀνδρίζου,
2448 5372 2549 5414 etc.
2580 5371 2884 5413 UOI'del‘HIS.
3219 5411 3253 5423 η

1954 5371 2073 5506 (21),
2115 5431 2367 5506 ᾎῙδρείιι
2398 5427 2624 5506 κᾳρὸζα,
2654 5438 2760 5480 etc.
2797 5421 3019 5477 Schedae
3064 5411 3295 5477 Grabu,
3348 5427 3450 5467 ee-

1889 5493 1989 5559 dei
2036 5493 2408 5557 Coislinianus,
2447 5493 2726 5546 Barbarus.
