3958 6254
246 225 414 282 ηδε

1217 228 1519 286 SELECTA
1551 229 1617 284 IN
1648 228 1978 287 PSALMOS.
2013 261 2081 274 —
2112 223 2306 289 P'SAL.
2330 232 2546 288 .XXVII.

3335 238 3471 294 £286

237 345 354 396 καὶ
394 343 665 416 κηρύσσει
703 347 886 411 αὐτοῖς
919 348 1124 415 ἄφεσιν.
1172 366 1189 399 ι
1226 350 1443 419 Πνεῦμα
1480 350 1585 421 γὰρ
1627 350 1825 420 Κυρίου
1856 349 1941 401 ἐπ’
1976 351 2095 420 ἐμὲ,
2144 343 2203 403 οὐ
2245 350 2427 403 ἕνεκεν
2480 350 2658 421 ἔχρισέ
2709 369 2795 421 με,
2846 351 3292 421 εὐαγγελίσασθαι
3320 370 3465 408 πτω-

236 436 379 504 χοῖς
405 436 720 489 ἀπέσταλκέ
752 454 842 519 με,
873 438 1100 507 κηρύξαι
1128 437 1485 507 αἰχμαλώτοις
1514 440 1704 507 ἄφεσιν
1732 440 1824 491 καὶ
1858 439 2073 507 τυφλοῖς
2104 439 2414 507 ἀνάϐλεψιν.
2459 459 2477 491 ι

319 524 752 589 Εισάκουσον,
798 528 999 593 Κύριε,
1041 525 1148 593 τῆς
1188 527 1444 593 δεήσεως
1477 547 1593 597 μου
1634 530 1704 581 ἐν
1750 527 1823 592 τῷ

1997 528 2157 583 Vens.
2198 529 2251 581 2.
2298 528 2541 593 Exaudi,
2577 529 2827 594 Domine,
2881 548 3048 587 vocem
3081 533 3464 600 deprecationis

236 611 517 667 δέεσθαι
547 630 625 681 με
656 614 810 680 πρὸς
843 614 936 677 σὲ,
970 614 1040 667 ἐν
1072 613 1153 678 τῷ
1179 615 1366 682 αἴρειν
1399 633 1472 684 με
1503 615 1698 683 χεῖράς
1712 633 1829 684 μου

234 702 415 767 πρὸς
444 703 604 755 ναὸν
635 702 805 771 ἅγιόν
831 720 965 767 σου,
986 721 1063 757 .κ.
1116 722 1164 757 τ.
1203 706 1249 757 ὲ.
1293 706 1354 756 Εί
1386 707 1509 768 ναός
1539 707 1681 758 ἐστιν
1721 706 1828 777 (‘25)

232 791 266 842 ὁ
300 790 464 860 ἔχων
502 792 657 857 Θεὸν,
687 794 715 845 6
746 793 877 855 Θεὸς
900 793 956 845 δὲ
998 789 1064 863 ἦν
1099 797 1156 846 ὲν
1178 794 1393 863 Χριστῷ
1423 795 1618 866 κόσμον
1648 797 1832 849 καταλ-

233 881 484 935 λάσσων
543 882 758 952 ἑαυτῷ,
811 885 937 947 ναὸς
993 885 1099 956 ἄρα
1131 887 1275 939 ἐστὶν
1310 887 1460 954 ἅγιος
1488 892 1517 941 6
1546 888 1778 957 Χριστὸς
1809 928 1826 952 ,

233 971 399 1042 πρὸς
434 972 499 1024 ὃν
523 973 670 1042 αῖρει
700 990 785 1035 τις
807 975 900 1025 καὶ
932 975 1053 1042 ὐῲοί
1072 974 1168 1044 τὴν
1200 975 1391 1028 ἑαυτοῦ
1422 976 1593 1047 ψυχὴν
1612 976 1697 1028 διὰ
1721 976 1827 1028 τῶν

236 1061 503 1132 ἀρετῶν.

322 1152 453 1206 Τοῦ
486 1152 701 1207 αὐτοῦ.
747 1154 899 1223 Ἐμοὶ
933 1155 1077 1208 δοκεῖ
1103 1157 1370 1227 διαφέρειν
1403 1157 1512 1226 (24)
1547 1156 1677 1225 εὐχὴ
1705 1156 1826 1225 δεή-

236 1257 424 1303 σεως,
463 1240 565 1293 καί¹
617 1240 764 1294 δοκεῖ
798 1259 885 1311 μοι
923 1240 950 1290 6
995 1242 1307 1305 ’Δπόστολος
1352 1243 1564 1295 πλείονα
1594 1243 1827 1310 ὀνόματα

233 1331 329 1392 εἰς
382 1329 609 1398 ταύτην
656 1329 754 1399 τὴν
786 1329 1042 1399 διαφορὰν
1065 1330 1334 1384 διαθέσθαι
1371 1330 1559 1398 λέγων·
1599 1349 1616 1381 ι
1646 1332 1826 1400 Παρα-

234 1417 408 1471 καλῶ
441 1417 669 1485 πρῶτον
698 1416 912 1470 πάντων
956 1417 1218 1471 ποιεῖσθαι
1248 1418 1472 1487 δεήσεις,
1504 1417 1820 1487 προσευχὰς,

233 1506 560 1572 ἐντεύξεις,
594 1507 963 1577 εὐχαριστίας,
990 1527 1008 1558 ι
1032 1508 1245 1577 μείζονα
1263 1507 1429 1576 λέγων
1449 1506 1523 1569 ὼς
1548 1507 1668 1577 ἐμοὶ
1683 1508 1827 1560 δοκεῖ

232 1598 345 1666 τῆς
397 1598 652 1667 δεήσεως
696 1596 793 1667 τὴν
822 1597 1138 1668 προσευχὴν,
1169 1599 1258 1650 καί
1290 1598 1487 1650 τούτων
1522 1599 1617 1668 τὴν
1648 1597 1824 1650 ἔντευ-

235 1687 349 1751 ξιν,
396 1688 631 1740 πάντων
668 1686 726 1739 δὲ
751 1687 845 1758 τὴν
873 1688 1232 1757 εὐχαριστίαν.
1270 1688 1482 1757 Εἲποιμ⁹
1513 1686 1576 1740 ἂν
1603 1683 1713 1751 οὖν,
1745 1688 1823 1740 ὅτι

233 1776 336 1829 τοῦ
384 1776 478 1828 ἔτι
507 1775 745 1838 ἐνδεοῦς,
781 1777 874 1829 καὶ
903 1770 982 1838 οἷς
1012 1775 1090 1827 ἔτι
1122 1777 1259 1828 ἐνδεῖ
1288 1793 1424 1836 τινα,
1460 1776 1659 1828 τούτων
1680 1776 1823 1827 ἐστὶν

231 1867 268 1934 ἡ
299 1864 529 1934 δέησις.
569 1866 700 1918 Ὅτε
738 1864 794 1916 δὲ
823 1864 883 1917 τὸ
922 1864 1134 1934 ἀξίωμα
1179 1863 1270 1917 τοῦ
1315 1864 1446 1917 Θεοῦ
1472 1866 1664 1935 νοήσας
1691 1864 1824 1917 αἰτῶ

234 1971 291 2007 τι
327 1953 499 2024 παρὰ
536 1953 632 2006 τοῦ
665 1953 821 2018 Θεοῦ,
863 1954 981 2005 τότε
1025 1954 1404 2025 προσεύχομαιο
1435 1956 1560 2007 ὅταν
1592 1955 1647 2006 δὲ
1678 1955 1824 2023 φίλος

232 2043 335 2094 ἐπὶ
379 2042 581 2096 πλεῖον
610 2044 873 2113 γένωμαι,
912 2044 1029 2096 τότε
1078 2044 1373 2114 εὐχαριστῶ
1413 2044 1489 2114 τῷ
1517 2045 1651 2113 Θεῷ.
1679 2065 1696 2096 ι
1738 2047 1825 2098 Ἐν

233 2131 319 2201 τῷ
345 2133 544 2202 αἴρειν
577 2150 645 2203 με
671 2137 858 2203 χεῖρας
887 2133 1020 2203 πρὸς
1053 2134 1176 2186 ναὸν
1204 2134 1353 2202 ἅγιόν
1373 2151 1483 2186 σου.
1517 2152 1535 2184 ι
1567 2135 1825 2197 Πολλάκις

234 2219 528 2288 ἐλέγομεν
562 2221 690 2288 περὶ
722 2220 820 2289 τῆς
851 2219 1131 2289 ὲπάρσεως
1193 2220 1297 2273 τῶν
1340 2221 1555 2291 χειρῶν.
1624 2222 1821 2291 Ἐπῆρε

234 2310 507 2378 Μωῦσῆς
531 2307 632 2371 τὰς
666 2310 970 2377 χεῖρας,καὶ
991 2308 1310 2377 κατίσχυσεν
1338 2311 1366 2360 6
1403 2308 1632 2379 Ἰσραήλ·
1653 2310 1738 2361 ὅτε
1768 2309 1823 2360 δὲ

235 2397 475 2466 καθῆκε
525 2397 627 2458 τὰς
671 2398 879 2466 χεῖρας,
918 2396 1234 2466 κατίσχυσεν
1269 2399 1297 2449 6
1360 2396 1633 2467 Ἀμαλήκ·
1689 2398 1820 2459 καὶ,

241 2505 262 2536 ι
316 2484 689 2555 Ἐπαίροντες
712 2485 892 2547 ὁσίους
919 2487 1105 2554 χεῖρας
1156 2486 1321 2556 χωρὶς
1340 2486 1504 2556 ὀργῆς
1532 2486 1621 2538 καὶ
1652 2486 1824 2539 διαλο-

184 2618 187 2621 ,
233 2572 485 2643 γισμοῦ·
520 2591 541 2624 ι
591 2571 706 2634 καὶ,
755 2572 1062 2642 «Ἔπαρσις
1105 2572 1212 2624 τῶν
1256 2572 1451 2642 χειρῶν
1511 2589 1609 2642 μου
1669 2573 1823 2625 θυσία

236 2662 547 2732 ἑσπερινή.
578 2679 597 2711 ι
624 2660 844 2730 Εἴποιμι
872 2659 936 2712 ἂν
964 2656 1074 2723 οῦν,
1108 2661 1186 2712 ὅτι
1223 2661 1278 2712 αί
1311 2664 1484 2732 χεῖρες
1511 2661 1664 2730 ήμῶν
1692 2663 1823 2714 εἰσιν

237 2756 296 2807 αξ
332 2751 495 2806 κατὰ
527 2749 837 2802 θεοσέϐειαν
878 2749 1118 2819 πράξεις.
1160 2749 1282 2802 Ἐὰν
1316 2750 1721 2820 θησαυρίζωμεν
1768 2753 1824 2802 ἐν

236 2841 513 2913 οὐρανοῖς
539 2876 555 2899 ,
600 2837 795 2906 ἔχομεν
838 2837 935 2899 τὰς
975 2838 1159 2907 χεῖρας
1213 2837 1519 2906 ὲπηρμένας
1561 2836 1692 2908 πρὸς
1735 2837 1824 2890 τὸν

234 2928 405 2993 Θεὸν,
448 2925 548 2979 xa‘.
576 2924 816 2994 νικῶμεν
837 2925 926 2976 τὸν
953 2923 1157 2992 ἐχθρόν·
1184 2923 1307 2977 ὅταν
1334 2923 1389 2975 δὲ
1415 2922 1567 2992 ἡμῶν
1583 2925 1636 2975 αἱ
1653 2925 1825 2995 χεῖρες

237 3017 404 3071 κάτω
440 3017 738 3084 γένωνται,
787 3015 998 3083 ἀνάγκη
1034 3014 1176 3082 ἡμᾶς
1225 3012 1493 3068 νικᾶσθαι.
1531 3015 1696 3067 Ὅταν
1733 3010 1824 3066 οὖν

234 3107 475 3177 ὲπαίρω
508 3103 610 3167 τὰς
633 3099 821 3173 χεῖρὰς
852 3119 954 3171 μου
987 3100 1120 3170 πρὸς
1151 3101 1240 3153 τὸν
1268 3100 1418 3163 Θεὸν,
1452 3101 1544 3154 καὶ
1587 3100 1675 3154 διὰ
1718 3100 1823 3153 τῶν

237 3197 463 3268 χειρῶν
495 3195 601 3263 τῆς
644 3193 822 3262 ψυχῆς
850 3191 1069 3261 ὐψῶμαι
1098 3190 1232 3260 πρὸς
1270 3189 1447 3253 αὐτὸν,
1492 3191 1701 3243 νικᾶται
1732 3191 1820 3243 ὐπ’

234 3286 383 3357 ἐμοῦ
424 3286 461 3336 ὁ
520 3282 808 3352 Ἀμαλὴκ,
862 3280 955 3333 καὶ
1000 3278 1229 3347 οὐδαμοῦ
1269 3279 1429 3329 ἐστιν.
1488 3278 1694 3330 Οὐκοῦν
1745 3278 1824 3331 δεῖ

233 3376 510 3444 ιπαίρειν
553 3374 743 3441 χεῖρας
782 3369 916 3439 πρὸς
952 3367 1075 3421 ναὸν
1107 3368 1257 3435 ἆγιον
1289 3365 1380 3419 τοῦ
1408 3366 1560 3419 Θεοῦ.
1607 3368 1664 3419 '0
1702 3366 1823 3429 ναὸς

234 3466 295 3519 δὲ
326 3463 436 3518 τοῦ
469 3460 610 3514 Θεοῦ
639 3458 765 3525 δόξα
798 3459 914 3509 ἐστὶ
940 3457 1028 3510 τοῦ
1058 3455 1211 3509 Θεοῦ.

308 3636 421 3704 Μὴ
450 3633 854 3701 συνελκύσῃς
882 3647 959 3699 με
978 3631 1125 3699 μετὰ
1151 3627 1525 3697 ἁμαρτωλῶν,
1560 3626 1655 3681 καὶ
1674 3628 1824 3696 μετὰ

233 3724 666 3798 ἐργαζομένων
696 3722 933 3776 ἀδικίαν
952 3720 1036 3788 μὴ
1065 3719 1491 3787 συναπολέσῃς
1506 3737 1602 3787 με,
1622 3738 1673 3775 κ.
1704 3738 1753 3772 τ.
1776 3721 1820 3771 ὲ.

235 3822 305 3873 Εἰ
342 3820 442 3887 ἐφ’
479 3819 619 3887 ἡμῖν
645 3814 757 3883 (25)
804 3813 1077 3883 ἑκάτερον,
1114 3811 1165 3863 τί
1193 3810 1299 3863 τῶν
1336 3810 1550 3877 ἀγαθῶν
1579 3810 1693 3880 Θεῷ
1729 3811 1824 3879 τὴν

236 3912 441 3966 αίτίαν
472 3906 742 3976 ἀνέθηκεν
756 3888 776 3969 ν;
831 3904 966 3956 Ἀλλ’
998 3905 1076 3955 ὅτι
1111 3904 1196 3955 ὅτε
1244 3901 1483 3954 συνέλκει
1525 3902 1657 3972 πρὸς
1702 3902 1824 3963 τοὺς

238 3999 543 4060 τοιούτους
574 3995 708 4055 Θεὸς
741 3995 831 4047 τὸν
854 3992 1022 4045 σῶσαι
1046 3992 1364 4063 δυνάμενον;
1409 3990 1700 4060 Τοιγαροῦν
1736 4009 1824 4043 τε-

237 4092 446 4145 λωνῶν
489 4087 649 4158 φίλος
703 4087 931 4156 ἤκουσεν
979 4084 1006 4136 6
1056 4082 1258 4151 Σωτὴρ,
1312 4080 1472 4151 μηδὲν
1520 4081 1577 4144 ἐξ
1610 4082 1826 4133 ἐκείνων

240 4182 664 4254 βλαπτόμενος.
719 4175 983 4244 Τοιαύτην
1033 4170 1123 4227 οὖν
1185 4171 1293 4235 ἕξιν
1346 4170 1626 4224 ἀναλαϐεῖν
1667 4172 1821 4223 αἰτεῖ.

238 4277 414 4337 Ἴσως
450 4272 514 4324 δὲ
538 4269 670 4330 τοὺς
690 4268 832 4320 πάνυ
863 4263 1210 4335 ἁμαρτωλοὺς
1240 4263 1593 4330 παραιτεῖται,
1615 4260 1825 4323 ὁποίους

232 4364 453 4432 ἐπάγει
500 4360 634 4421 τοὺς
670 4358 700 4409 ὃ
746 4356 820 4425 μὴ
868 4353 1120 4424 φρονοῦσι
1150 4350 1452 4411 λαλοῦντας.
1484 4350 1545 4400 El
1577 4349 1682 4419 γὰρ
1736 4350 1825 4401 καὶ

1928 632 2055 669 mea:
2090 618 2212 668 dum
2256 632 2344 668 oro
2389 617 2458 668 ad
2490 625 2571 669 te:
2614 619 2738 671 dum
2780 621 2970 672 extollo
3016 637 3199 674 manus
3226 637 3365 674 meas
3397 624 3466 672 ad

1928 703 2168 772 templum
2197 714 2432 758 sanctum
2481 715 2625 758 tuum
2655 746 2670 762 .
2718 716 2821 760 etc.
2871 705 2925 759 Si
2961 709 3211 775 templum
3250 718 3333 762 est
3365 710 3460 776 qui

1926 793 2086 848 habet
2115 794 2276 847 Deum
2306 833 2320 859 ,
2350 794 2490 850 Deus
2527 805 2704 849 autem
2738 807 2850 849 erat
2878 796 2929 848 in
2966 797 3179 849 Christo
3211 800 3462 850 mundum

1929 882 2277 937 reconcilians
2331 884 2475 948 sibi,
2529 894 2769 939 sanetum
2839 885 3021 952 utique
3074 886 3324 953 templum
3381 895 3464 941 est

1926 968 2171 1024 Christus
2215 971 2282 1024 ad
2324 986 2479 1039 quem
2523 973 2697 1027 elevat
2729 982 2784 1027 et
2815 973 3019 1028 extollit
3061 974 3181 1042 quis
3229 974 3460 1029 animam

1926 1072 2076 1112 suam
2105 1073 2199 1126 per
2229 1061 2473 1114 virtutes.

1994 1146 2269 1215 Ejusdem.
2312 1149 2575 1204 Dill'crunt
2625 1151 2766 1206 inter
2804 1166 2901 1216 se,
2937 1162 2994 1206 ut
3050 1152 3178 1207 mihi
3214 1152 3460 1217 videtur,

1924 1241 2097 1292 oratio
2122 1248 2175 1293 et
2209 1240 2536 1309 deprecatio.
2585 1240 2759 1309 Atque
2791 1244 2949 1296 etiam
2990 1242 3278 1309 Apostolus
3310 1241 3462 1311 plura

1926 1326 2081 1379 simul
2130 1329 2342 1381 nomina
2374 1328 2475 1381 hoc
2518 1329 2827 1383 discrimine
2854 1331 3095 1397 posuisse
3135 1330 3348 1383 videtur
3376 1329 3461 1383 di-

1924 1428 2050 1469 cens
2078 1416 2153 1469 ἠε
2200 1435 2218 1467 ι
2247 1417 2483 1471 Obsecro
2520 1418 2743 1485 primum
2780 1422 3015 1472 omnium
3054 1418 3165 1471 ﬁeri
3207 1418 3461 1473 obsecra-

1926 1501 2129 1568 tiones,
2168 1504 2438 1557 orationes
2463 1543 2479 1567 ,
2523 1504 2908 1572 postulationes
2937 1544 2950 1568 ,
2980 1505 3139 1573 637
3169 1504 3460 1574 gratiarum

1924 1591 2196 1653 actiones,
2234 1611 2253 1642 ι
2294 1590 2666 1646 obsecratione
2689 1634 2703 1659 ,
2753 1603 2809 1645 ut
2856 1593 3086 1647 arbitror
3123 1593 3415 1646 orationem
3442 1631 3461 1657 ,

1923 1681 2168 1734 oratione
2214 1682 2627 1749 postulationem
2657 1720 2672 1745 ,
2707 1681 2791 1734 his
2816 1696 2942 1734 vero
2968 1681 3213 1735 omnibus
3261 1681 3459 1750 gratia-

1925 1785 2039 1822 rum
2070 1769 2333 1823 actionem
2363 1770 2617 1837 majorem
2649 1770 3002 1843 constituens.
3038 1769 3267 1822 Dixerim
3296 1769 3461 1836 igitur

1924 1860 2206 1928 indigentis
2235 1868 2288 1913 et
2317 1874 2500 1914 eorum
2535 1860 2729 1927 quibus
2763 1859 2937 1928 aliqua
2973 1860 3184 1924 desunt,
3219 1873 3337 1940 esse
3362 1860 3460 1913 ob-

1922 1950 2304 2004 secrationem.
2332 1948 2460 2003 Cum
2497 1965 2623 2004 vero
2653 1950 2917 2004 intellecta
2943 1951 3053 2019 jam
3087 1950 3175 2005 Dei
3204 1948 3460 2018 dignitate

1922 2039 2124 2107 aliquid
2156 2046 2282 2107 peto
2323 2053 2351 2091 a
2383 2039 2509 2102 Deo,
2549 2048 2674 2093 tune
2705 2054 2821 2094 oro.
2855 2041 2925 2093 At
2954 2054 3075 2094 cum
3114 2037 3370 2105 mcipsum
3401 2037 3459 2090 in

1923 2127 2064 2181 illius
2091 2128 2379 2180 amicitiam
2411 2143 2634 2196 prorsus
2663 2129 3025 2191 insinuavero,
3060 2138 3169 2181 tum
3204 2129 3311 2181 Deo
3336 2142 3459 2194 gra-

1926 2218 2026 2270 tias
2059 2231 2178 2286 ago.
2234 2234 2252 2266 ι
2286 2216 2416 2270 Dum
2453 2217 2654 2272 extollo
2693 2232 2884 2271 manus
2919 2233 3066 2271 meas
3110 2217 3175 2270 ad
3205 2216 3458 2285 templum

1922 2313 2161 2358 sanctum
2192 2317 2360 2359 tuum.
2395 2323 2414 2356 ›
2445 2305 2596 2374 Saepe
2616 2309 2680 2361 de
2708 2321 2959 2361 manuum
2985 2306 3278 2360 elevatione
3298 2304 3459 2360 verba

1922 2389 2166 2447 fecimus.
2215 2394 2426 2463 Moyses
2480 2411 2667 2450 manus
2700 2398 2929 2462 extulit,
2970 2406 3022 2450 et
3078 2397 3238 2451 lsrael
3286 2397 3461 2452 victor

1922 2483 2110 2537 evasit.
2142 2482 2275 2538 Cum
2310 2500 2438 2540 vero
2471 2501 2661 2541 manus
2689 2488 2954 2556 deposuit,
2989 2488 3267 2556 praevaluit
3293 2487 3460 2542 Ama-

1923 2573 2004 2628 lec
2020 2573 2089 2626 "'.
2121 2574 2220 2627 Et:
2250 2592 2268 2624 ι
2295 2574 2557 2629 Levantes
2587 2591 2748 2644 puras
2798 2591 2987 2630 manus
3018 2578 3136 2631 sine
3164 2577 3241 2630 ira
3270 2586 3324 2630 et
3352 2576 3460 2630 dis-

1922 2665 2220 2734 ceptatione
2262 2665 2326 2718 7‘.
2369 2683 2388 2716 ι
2447 2666 2510 2719 Et
2555 2665 2682 2718 illud
2722 2665 2766 2697 ⁷⁷
2804 2681 2819 2719 :
2863 2683 2881 2715 ‹
2914 2665 3154 2719 Elevatio
3206 2680 3459 2720 manuum

1923 2770 2161 2809 mearum
2192 2755 2511 2809 sacriﬁcium
2549 2753 2933 2822 vespertinum.
2966 2773 2984 2805 ι
3023 2753 3257 2808 Dixerim
3298 2754 3460 2822 igitur

1923 2860 2112 2900 manus
2150 2855 2362 2899 nostras
2408 2858 2530 2899 esse
2566 2853 2778 2898 nostras
2827 2843 3042 2912 pietatis
3096 2844 3353 2897 actiones.
3397 2839 3457 2896 Si

1924 2938 2226 2991 thesaurum
2258 2935 2309 2987 in
2337 2935 2486 2989 ctelis
2503 2948 2906 3002 eongregemus,
2937 2932 3171 2987 sublatas
3197 2934 3263 2988 ad
3290 2936 3457 2989 Deum

1923 3039 2111 3080 manus
2147 3024 2439 3088 habemus,
2483 3032 2533 3076 et
2578 3022 2785 3076 hostem
2818 3037 3151 3090 superamus.
3188 3023 3243 3076 Si
3281 3032 3458 3077 autem

1924 3126 2112 3167 manus
2150 3120 2346 3166 nostra:
2376 3111 2618 3165 demissae
2650 3109 2847 3163 fuerint
2875 3149 2889 3173 ,
2927 3109 3066 3163 vinci
3114 3124 3212 3164 nos
3243 3124 3460 3164 necesse

1921 3212 2020 3257 est.
2049 3202 2181 3257 Cum
2211 3202 2371 3270 igitur
2398 3202 2463 3253 ad
2493 3202 2655 3254 Deum
2683 3186 2958 3252 elevavero
2986 3214 3175 3253 manus
3209 3214 3376 3261 meas,
3406 3209 3461 3253 et

1921 3305 2014 3358 per
2033 3304 2226 3344 manus
2257 3290 2448 3342 anima:
2475 3289 2539 3341 ad
2566 3289 2736 3357 ipsum
2768 3288 3008 3342 sublatus
3037 3287 3209 3353 fuero,
3235 3288 3457 3344 Amalec

1921 3395 1952 3433 a
1986 3394 2070 3433 me
2094 3379 2361 3442 vincitur,
2393 3387 2447 3431 et
2475 3378 2659 3431 nullibi
2700 3377 2981 3446 reperitur.
3030 3374 3214 3447 Itaque
3248 3378 3459 3433 elevare

1922 3484 2111 3523 manus
2157 3476 2370 3536 oportet
2414 3470 2480 3520 ad
2524 3467 2776 3535 templum
2830 3476 3075 3520 sanctum
3125 3467 3240 3519 Dei.
3285 3465 3458 3522 Porro

1923 3556 2173 3623 templum
2208 3557 2320 3619 Dei,
2352 3556 2520 3625 gloria
2555 3556 2673 3623 ejus
2706 3564 2804 3608 est.

1991 3639 2150 3693 Vens.
2185 3640 2237 3692 5.
2269 3638 2349 3693 Ne
2370 3639 2534 3692 ‘simul
2555 3641 2732 3694 trahas
2765 3657 2842 3693 me
2862 3657 2977 3692 cum
3002 3642 3376 3709 peccatoribus,
3407 3653 3456 3696 et

1923 3744 2035 3783 cum
2064 3729 2391 3795 operantibus
2421 3729 2741 3796 iniquitatem
2766 3745 2826 3783 ne
2858 3732 3044 3793 perdas
3075 3746 3177 3795 me,
3231 3742 3338 3785 etc.
3399 3732 3457 3787 Si

1925 3817 1977 3870 in
2009 3817 2159 3870 nobis
2212 3817 2314 3870 hoc
2355 3826 2637 3885 utrumque
2690 3818 2849 3870 situm
2886 3827 2986 3882 est,
3041 3834 3138 3872 cur
3198 3820 3459 3873 bonorum

1924 3905 2031 3958 Deo
2054 3919 2265 3958 causam
2304 3903 2524 3957 tribuit?
2561 3905 2638 3956 An
2679 3903 2821 3972 quod
2869 3905 3131 3958 interdum
3192 3905 3257 3958 ad
3315 3905 3457 3974 ejus-

1925 3992 2063 4045 modi
2091 3992 2331 4045 homines
2373 3990 2530 4043 simul
2566 3991 2729 4044 trahit
2761 3990 2901 4046 Deus
2925 4007 3044 4045 eum
3073 4008 3229 4062 quem
3254 3993 3460 4049 salvare

1923 4082 2139 4149 potest?
2168 4081 2500 4148 Quapropter
2526 4082 2923 4149 publicanorum
2951 4082 3155 4136 amicus
3181 4083 3352 4137 dictus
3378 4092 3461 4138 est

1926 4173 2189 4236 Salvator,
2215 4187 2332 4225 cum
2358 4173 2588 4241 alioquin
2613 4173 2744 4227 nihil
2772 4177 2837 4227 ab
2870 4174 2975 4227 illis
3017 4175 3317 4227 detrimenti
3366 4190 3458 4229 ca-

1923 4270 2089 4330 peret.
2124 4261 2274 4316 llunc
2330 4263 2491 4331 igitur
2550 4261 2788 4315 habitum
2843 4271 2899 4314 ut
2960 4262 3143 4315 induat
3192 4264 3456 4329 exposcit.

1925 4348 2172 4402 Fortasse
2204 4363 2330 4403 vero
2374 4363 2685 4415 magnorum
2733 4358 3093 4416 peccatorum,
3153 4351 3330 4419 quales
3381 4351 3462 4403 in-

237 4454 390 4524 μετὰ
414 4451 636 4521 πόρνης
659 4445 877 4513 γέγονεν
902 4446 929 4496 6
949 4442 1152 4512 Σωτὴρ,
1187 4440 1298 4494 ἀλλ’
1329 4438 1552 4510 ᾀδούσης
1579 4439 1822 4509 εἰρηνικὰ

1927 4438 2073 4491 ducit
2094 4452 2182 4492 eos
2209 4439 2322 4508 qui,
2348 4454 2463 4507 qua:
2480 4455 2583 4493 non
2606 4443 2861 4506 sentiunt,
2889 4440 3197 4508 loquuntur,
3237 4455 3459 4494 consor-

233 4544 337 4598 καὶ
370 4536 653 4594 τάναντία
675 4530 1044 4601 λογιζομένης.

315 4718 441 4774 Τοῦ
466 4712 683 4769 αὐτοῦ.
716 4709 813 4771 Τίς
843 4708 998 4778 χρεία
1037 4706 1209 4760 ταῦτα
1244 4704 1490 4771 λέγεσθαι
1523 4703 1664 4773 (26);
1704 4705 1820 4774 ἦτοι

231 4813 352 4882 γὰρ
377 4808 569 4866 ποιεῖς
583 4803 684 4872 τὴν
705 4799 951 4869 ἀνομίαν,
984 4797 1077 4851 καὶ¹
1106 4795 1453 4849 συναπολλύει
1483 4811 1560 4860 σε,
1598 4795 1689 4847 καὶ
1722 4795 1824 4866 μάσ-

231 4920 340 4973 την
382 4898 578 4963 λέγεις
618 4890 790 4944 ταῦτα
825 4887 956 4957 πρὸς
986 4886 1133 4939 Θεόν’
1233 4884 1379 4973 οὐδὲν
1407 4886 1574 4973 ποιεῖς
1606 4885 1820 4954 ἄνομον,

229 4971 333 5044 κάκ
360 4988 475 5041 οὐκ
505 4979 816 5036 ἀπολλύειὸ
841 4976 987 5038 Θεός.
1027 4976 1085 5026 Ὀ
1106 4972 1236 5033 Θεὸς
1265 4971 1371 5040 γὰρ
1397 4974 1493 5041 οὐχ
1519 4972 1687 5036 οὕτως
1713 4974 1823 5026 ἄδι-

229 5082 330 5142 κάς
364 5081 519 5131 ἐστι.
557 5068 855 5138 Τολμῶμεν
882 5062 973 5118 οὖν
997 5064 1103 5116 ἀπὸ
1122 5060 1216 5113 τοῦ
1249 5061 1593 5130 Εὐαγγελίου,
1626 5065 1717 5116 καὶ¹
1746 5062 1826 5115 λέ-

1928 4528 2057 4579 tium
2083 4527 2419 4601 deprecatur.
2449 4529 2577 4583 Nam
2609 4530 2731 4584 licet
2758 4530 3004 4584 Salvator
3030 4546 3147 4584 cum
3186 4532 3462 4586 meretrice

1927 4615 2108 4679 fuerit,
2135 4626 2189 4668 at
2223 4616 2308 4668 illa
2332 4617 2551 4684 paciﬁca
2580 4628 2634 4672 et
2664 4619 2933 4673 contraria
2961 4617 3253 4686 cogitabat.

1995 4703 2266 4770 Ejusdem.
2303 4704 2438 4769 Quid
2490 4720 2623 4773 opus
2651 4716 2734 4760 est
2768 4708 2878 4761 haec
2912 4707 3128 4761 dicere?
3182 4706 3264 4761 vel
3316 4708 3460 4763 enim

1933 4796 2064 4850 facis
2106 4796 2463 4863 iniquitatem,
2488 4806 2542 4851 et
2594 4798 2750 4852 simul
2789 4799 2900 4851 htec
2961 4798 3135 4865 perdit
3180 4807 3250 4861 te,
3304 4808 3461 4863 atque

1929 4888 2041 4941 haec
2081 4886 2277 4939 frustra
2311 4886 2416 4940 Deo
2448 4886 2618 4952 dicis;
2646 4886 2724 4939 vel
2757 4886 2888 4939 nihil
2929 4885 3216 4939 committis
3268 4885 3458 4951 iniqui,

1925 4984 1979 5027 et
2001 4988 2329 5042 nequaquam
2360 4973 2533 5041 perdit
2556 4986 2606 5027 te
2626 4974 2782 5027 Deus.
2812 4971 2991 5041 Neque
3012 4975 3153 5027 enim
3182 4971 3321 5023 Deus
3353 4981 3455 5022 tam

1927 5062 2154 5132 injustas
2180 5070 2279 5116 est.
2312 5064 2589 5116 Audemus
2617 5062 2798 5129 itaque
2819 5075 2882 5113 ex
2910 5057 3199 5126 Evangelia
3230 5064 3283 5110 et
3321 5055 3455 5109 dici-

351 5220 405 5252 τι
442 5211 643 5268 ιΤίιη,
678 5223 739 5271 ιι,
772 5208 822 5260 ι,
894 5206 939 5236 τε
975 5200 1141 5256 Exod.
1178 5211 1304 5260 xm,
1332 5199 1418 5251 M.
1491 5198 1579 5250 "l
1607 5201 1746 5253 Tim.
1772 5217 1823 5263 tt,

1979 5200 2021 5232 "
2042 5199 2184 5255 Psal.
2211 5214 2335 5263 cn,
2363 5200 2417 5253 2.

313 5338 444 5403 (25)
473 5330 563 5403 ἘΙ
587 5326 735 5390 ναός
755 5325 940 5387 ἐστιν,
956 5328 1061 5373 etc.
1091 5315 1311 5369 Schedae
1336 5314 1547 5380 Grabii,
1568 5324 1621 5372 et
1652 5322 1819 5372 codex

233 5400 662 5538 mg'tii'iié‘ﬁg
691 5457 854 5538 δοκεῖ
878 5452 1198 5521 διαφέρειν,
1227 5459 1327 5505 etc.
1364 5448 1546 5505 Codex
1594 5441 1818 5509 Baroce.

233 5553 295 5596 et
318 5528 572 5595 “Catena
592 5528 842 5582 Barbari.

1986 5316 2097 5388 (25)
2136 5318 2207 5370 El
2229 5317 2319 5384 ἐφ’
2343 5316 2504 5384 ἡμῖν.
2535 5324 2638 5369 etc.
2667 5311 2841 5366 Codex
2872 5307 3213 5375 Anglicanus,
3246 5303 3452 5357 Catena

1916 5385 2162 5440 Barbari.

1988 5454 2100 5522 (‘26)
2145 5453 2236 5518 Τίς
2286 5451 2453 5519 χρεία
2501 5448 2683 5502 ταῦτα
2736 5442 3047 5510 λέγεσθαι,
3093 5447 3196 5496 etc.
3256 5442 3458 5499 Corde.

1919 5521 1963 5574 ri
1972 5521 2053 5577 us.
