3958 6228
235 336 406 426 499⁷
1325 363 1622 419 SELECTA
1659 362 1726 417 1N
1761 360 2088 417 ussuros.
2122 391 2170 404 -
2219 361 2404 414 PSAL.
2445 357 2606 414 xxx.
3357 355 3490 411 nos

260 451 373 528 «τοῦ
401 453 642 548 αἵματος
673 464 854 523 αὐτοῦ
893 476 1072 548 μάτην
1109 478 1446 547 γεγενῆσθαι.
1490 475 1790 546 Διαφθορὰν
1821 501 1823 516 ι

1926 475 2146 536 Ldetur.
2175 473 2578 542 Corruptionem
2610 480 2789 528 autem
2823 480 2976 526 vocat
3019 480 3262 527 naturam
3311 473 3489 525 carnis

283 553 440 622 ’λέγει
465 547 571 621 τὴν
600 554 774 622 φύσιν
807 561 912 630 τῆς
942 564 1161 635 σαρκὸς,
1192 564 1260 632 ἢν
1290 565 1572 626 ἐνδέδυται,
1601 564 1636 634 ἢ
1664 565 1753 617 τὸν
1781 565 1846 618 θὰ

1972 577 2126 632 quam
2182 562 2372 626 induit,
2405 562 2487 616 vel
2515 570 2765 623 mortem,
2807 573 2964 627 quam
2999 560 3249 628 suscepit.
3295 557 3487 612 Verum

302 657 461 701 νατον
499 641 580 704 εἰς
609 640 670 695 δν
693 644 958 714 ἔφθασεν.
1004 650 1176 720 Ἐρεῖς
1216 651 1304 714 δὲ,
1336 653 1415 704 ὅτι
1437 651 1636 720 κατέϐη
1672 651 1766 720 μὲν
1793 652 1865 714 εἰς

1971 652 2115 705 dices
2161 649 2496 704 descendisse
2544 663 2664 701 eum
2692 647 2904 715 quidem
2957 647 3011 701 in
3052 648 3498 715 corruptionem,-

303 731 628 806 διαφθορὰν,
669 734 774 787 οὐκ
827 737 989 791 ἐλαὸε
1038 739 1095 792 δὲ
1128 740 1232 792 ἀπὸ
1278 740 1368 792 τοῦ
1411 739 1545 792 Θεοῦ
1585 740 1706 792 ἰδεῖν
1757 738 1866 792 δια-

1970 736 2128 807 643
2160 748 2215 791 at
2243 753 2345 791 non
2367 737 2635 797 accepisse
2661 749 2690 788 a
2726 735 2833 788 Deo
2852 735 3034 788 videre
3075 734 3485 800 corruptionem.

306 825 543 896 φθοράν.
600 841 620 876 ι
666 825 762 895 Μὴ
811 827 1258 898 ἐξομολογήσεται
1299 845 1380 882 σοι
1424 829 1592 898 χοῦ;;
1635 831 1669 898 ἢ
1713 829 1869 895 ἀναγ-

1974 843 1994 876 ι
2024 823 2272 891 Nunquid
2297 821 2639 876 conﬁtebitur
2687 821 2781 877 tibi
2816 821 3009 890 pulvis,
3046 829 3136 873 aut
3156 819 3489 874 annuntiab‘A

303 914 464 981 γελεῖ
485 913 588 984 τὴν
614 913 870 984 ἀλήθειάν
898 931 989 967 σου
1017 933 1031 979 ;
1066 935 1085 967 ι
1127 916 1184 968 '0
1206 916 1291 968 διὰ
1317 915 1408 968 τοῦ
1435 917 1502 969 τὰ
1525 916 1680 969 ύλικὰ
1705 916 1866 986 πράτ-

1969 911 2244 964 veritatem
2269 909 2452 963 tuam?
2479 927 2499 962 ο
2533 909 2632 974 Qui
2659 921 2723 962 eo
2754 911 2894 974 quod
2929 905 3222 960 materialia
3257 913 3487 969 tractet,

296 1018 447 1063 τειν,
477 1004 579 1056 καὶ
610 1005 820 1071 φρονεῖν
842 1002 912 1055 τὰ
934 1004 1164 1071 ἐπίγεια,
1193 1005 1320 1073 χοῦς
1347 1003 1599 1071 γεγονὼς,
1630 1002 1722 1055 καὶ
1751 1004 1859 1054 ἐπι-

1967 1009 2024 1056 et
2057 1011 2261 1054 terrena
2287 1001 2476 1066 sapiat,
2508 997 2679 1066 pulvis
2706 997 2924 1052 eﬁ‘ectus
2944 1005 3054 1062 est,
3083 1004 3136 1050 et
3190 997 3240 1050 in
3271 1005 3488 1063 peccato

306 1088 505 1157 μένων
537 1091 605 1159 τῇ
633 1088 877 1159 ἁμαρτίᾳ
895 1127 912 1151 ,
941 1091 1046 1142 οὐδ’
1079 1090 1519 1160 ἐξομολογήσεται
1547 1091 1624 1160 τῷ
1662 1087 1809 1156 Θεῷ,
1836 1089 1869 1158 ἢ

1969 1096 2260 1152 permanet,
2289 1089 2333 1140 is
2361 1099 2532 1153 neque
2570 1085 2904 1139 conﬁtebitur
2924 1083 3052 1147 Dco,
3083 1097 3253 1152 neque
3282 1098 3486 1136 annun-

299 1174 616 1242 ἀναγγελεῖ
643 1175 739 1244 τὴν
760 1175 1012 1243 ἀλήθειαν
1034 1175 1215 1238 αὑτοῦ,
1239 1176 1331 1227 καὶ
1356 1175 1420 1226 δι’
1445 1174 1588 1242 ἠθῶν
1619 1174 1709 1225 καὶ
1735 1169 1862 1239 γνώ‹

1970 1173 2119 1226 tiabit
2147 1172 2424 1227 veritatem
2463 1172 2603 1241 ejus,
2628 1181 2811 1241 utpote
2839 1172 3074 1226 moribus
3099 1180 3153 1226 et
3189 1169 3489 1238 cognitione

302 1277 452 1324 σεως
490 1262 850 1331 ἐσφαλμένος.
885 1263 943 1315 '0
973 1263 1079 1332 γὰρ
1117 1263 1252 1331 ἔχων
1279 1263 1374 1331 τὴν
1415 1263 1594 1315 εἰκόνα
1635 1262 1725 1313 τοῦ
1758 1265 1865 1330 χοῖ-

1969 1261 2246 1314 aberrans.
2281 1259 2379 1324 Qui
2410 1261 2550 1314 enim
2599 1260 2650 1314 in
2685 1274 2846 1314 carne
2881 1271 2936 1314 et
2962 1274 3066 1313 non
3090 1260 3141 1312 in
3165 1259 3351 1328 spiritu
3378 1273 3489 1312 ant-

294 1346 431 1409 κοῦ,
470 1346 556 1416 τῷ
586 1345 725 1400 εἶναι
759 1351 815 1400 ἐν
840 1351 1022 1419 σαρκὶ,
1054 1350 1242 1420 καὶμὴ
1273 1351 1558 1418 πνεύματι,
1585 1349 1708 1417 χοῦς
1735 1351 1857 1412 ἐστι,

1969 1348 2200 1402 bulando
2233 1349 2427 1403 terreni
2459 1349 2739 1417 imaginem
2763 1349 2919 1416 gerit,
2953 1349 2997 1401 is
3021 1346 3210 1416 pulvis,
3236 1357 3290 1401 et
3319 1347 3370 1401 in
3403 1349 3488 1401 in-

295 1436 397 1486 καὶ
425 1437 495 1489 ὲν
527 1436 635 1510 ᾄδῃ
660 1439 808 1490 ἐστι·
839 1439 918 1490 διὸ
943 1419 1064 1490 οὐδέ
1079 1419 1514 1508 ἐξομολογήσεται
1541 1437 1618 1507 τῷ
1639 1438 1774 1505 Θεῷ.
1814 1438 1858 1490 Ὃ

1971 1429 2119 1489 ferno
2145 1443 2257 1499 est;
2300 1435 2638 1502 quamobrem
2673 1450 2776 1488 non
2819 1435 3158 1490 confitebitur
3203 1434 3330 1490 Deo.
3387 1436 3485 1500 Qui

293 1523 350 1574 δὲ
403 1524 772 1592 ἀναγγέλλων
812 1526 908 1595 τὴν
944 1525 1193 1594 ἀλήθειαν
1220 1525 1314 1577 τοῦ
1341 1525 1495 1588 Θεοῦ,
1527 1525 1742 1594 ταχθεὶς
1781 1526 1855 1576 ὑπ

1967 1531 2139 1574 autem
2177 1523 2456 1574 annuntiat
2480 1521 2757 1575 veritatem
2789 1522 2903 1585 Dei,
2935 1530 3227 1590 praeceptor
3273 1523 3341 1576 ab
3375 1525 3489 1589 ipso

297 1611 483 1664 αὐτοῦ
519 1612 859 1676 διδάσκαλος,
888 1614 986 1666 οὐκ
1017 1615 1082 1666 ἂν
1109 1613 1192 1682 εἴη
1233 1613 1386 1682 χοῦς·
1419 1613 1745 1682 κολλώμενος
1767 1614 1860 1684 γὰρ

1967 1608 2304 1673 constitutus,
2339 1609 2384 1663 is
2423 1623 2524 1662 non
2552 1618 2635 1662 est
2663 1609 2859 1676 pulvis.
2899 1609 3190 1663 Adhaerens
3226 1611 3365 1662 enim
3390 1607 3490 1662 Do-

299 1699 371 1769 τῷ
415 1702 650 1769 Κυρίῳ,
676 1701 735 1753 ἓν
768 1702 982 1770 πνεῦμά
1019 1705 1182 1754 ἐστιν.
1235 1701 1391 1753 Ἀλλὰ
1416 1703 1517 1754 κᾶν
1554 1701 1680 1770 χοῦς
1705 1717 1788 1762 τις
1813 1697 1862 1773 ᾖ,

1969 1699 2133 1763 mino,
2165 1713 2300 1751 unus
2344 1712 2462 1750 cum
2489 1710 2553 1751 eo
2582 1698 2799 1764 Spiritus
2829 1706 2931 1750 est.
2971 1697 3039 1749 At
3087 1696 3133 1750 si
3179 1698 3298 1764 quis
3333 1696 3490 1750 fuerit

300 1789 393 1840 καὶ
450 1787 648 1858 φορῶν
688 1789 786 1858 τὴν
833 1789 1017 1842 εἰκόνα
1055 1785 1148 1842 τοῦ
1195 1785 1408 1857 χοϊκοῦ,
1439 1789 1540 1841 οὐκ
1569 1789 1634 1842 ἂν
1664 1789 1863 1842 δύναιτο

1926 1781 1939 1830 ι
1969 1785 2156 1854 pulvis,
2194 1793 2251 1837 et
2272 1782 2553 1852 imaginem
2583 1783 2777 1836 terreni
2811 1783 3137 1850 portaverit,
3171 1782 3216 1836 is
3255 1797 3361 1837 non
3389 1799 3489 1850 po-

291 1875 674 1942 ἁναγγέλλειν
700 1876 798 1946 τὴν
826 1876 1077 1947 ἀλήθειαν
1098 1875 1190 1928 τοῦ
1217 1872 1371 1929 Θεοῦ.

1315 1872 1371 1929 ῦ.
1970 1875 2089 1927 terit
2111 1874 2432 1927 aununtiare
2456 1871 2731 1925 veritatem
2766 1870 2878 1922 Dei.

384 1961 520 2016 Τοῦ
563 1963 771 2017 αὐτοῦ.
820 1965 894 2016 Οὐ
948 1964 1153 2029 δοξάσει
1193 1964 1332 2032 (52)
1378 1961 1572 2032 χοϊκός.
1632 1961 1872 2032 Ἀλήθεια

2037 1961 2304 2030 Ejusdem.
2337 1959 2449 2013 Non
2476 1958 2792 2027 gioriﬁcabit
2818 1967 3081 2012 terrenus.
3110 1957 3313 2014 Veritas
3334 1960 3491 2014 Citri-

288 2051 317 2103 ό
352 2052 658 2122 Χριστόςο
701 2052 736 2123 ἢ
778 2055 915 2122 τάχα
955 2053 1053 2123 τὴν
1106 2054 1166 2106 ἐν
1213 2053 1494 2124 πράγμασι
1551 2055 1696 2122 λέγει
1745 2054 1851 2125 ἀλήη

1967 2063 2080 2104 stus
2118 2060 2229 2115 est;
2257 2048 2338 2103 vel
2358 2048 2492 2102 forte
2519 2061 2635 2099 eam
2657 2059 2772 2112 quae
2802 2046 2854 2097 iu
2881 2046 3035 2098 rebus
3066 2055 3168 2110 cst,
3209 2049 3486 2102 veritatem

292 2138 346 2190 θε
357 2157 492 2190 ιαν.
1512 2145 1514 2148 ’

1512 2145 1514 2148 ’
1969 2140 2115 2192 dicit.

363 2230 657 2282 Ἤκουσε
695 2227 937 2294 Κύριος,
982 2225 1078 2279 καὶ
1121 2228 1345 2295 ἠλέησέ
1374 2246 1468 2297 με.
1514 2230 1722 2297 Κύριος
1751 2231 1873 2297 ἐγε-

2043 2223 2198 2276 Vnus.
2225 2224 2309 2276 Η.
2339 2223 2549 2276 Audiuit
2589 2221 2840 2274 Dominus
2887 2229 2934 2272 et
2973 2219 3213 2274 misertus
3259 2231 3332 2272 est
3366 2223 3485 2275 mei.

287 2315 468 2381 νήθη
506 2314 743 2380 βοηθός
767 2332 916 2380 μου,
950 2331 1004 2367 κ.
1039 2333 1087 2367 τ.
1119 2317 1164 2369 ἐ.
1204 2317 1361 2383 Λέγοι
1397 2317 1440 2369 δ’
1473 2319 1537 2370 ἂν
1565 2320 1734 2371 ταῦτα
1762 2319 1849 2387 (55

1971 2312 2218 2364 Dominus
2247 2311 2413 2378 factus
2453 2321 2525 2362 est
2569 2311 2781 2376 adjutor
2820 2324 2981 2371 meus,
3013 2318 3116 2361 etc.
3147 2306 3266 2361 Haec
3294 2308 3487 2362 dixerit

289 2404 392 2454 καὶ
436 2404 476 2455 ὁ
507 2401 706 2470 Σωτὴρ
743 2402 1109 2464 εἰσακουσθεὶς
1146 2405 1270 2472 περί⁹
1310 2404 1413 2456 τῶν
1447 2405 1766 2458 κοινωνικῶν
1799 2405 1852 2465 ὡς

1969 2403 2126 2454 etiam
2165 2400 2408 2455 Salvator
2430 2400 2717 2453 exauditus
2760 2413 2856 2466 pro
2893 2397 3051 2452 sociis
3080 2398 3167 2465 qui
3199 2411 3294 2464 per
3321 2399 3485 2466 ipsum

285 2487 351 2540 δι’
382 2487 578 2542 αὐτοῦ
615 2489 910 2556 μελλόντων
941 2489 1365 2558 ἐξομολογεῖσθαι
1397 2492 1472 2561 τῷ
1503 2493 1648 2561 Θεῷ,
1681 2495 1763 2559 ἐφ’
1795 2489 1848 2544 οἶ

1970 2489 2168 2554 gratias
2217 2489 2386 2542 acturi
2433 2497 2584 2542 erant
2630 2487 2758 2550 Deo,
2808 2501 2912 2553 qua
2951 2488 3017 2538 de
3042 2500 3097 2538 rc
3127 2485 3326 2539 laetatus
3364 2487 3481 2544 ait:

289 2576 746 2648 εὐφραινόμενός
765 2592 922 2645 φησιν
945 2592 960 2608 ⁸
994 2577 1066 2629 Ού
1098 2579 1170 2647 μὴ
1197 2578 1435 2647 λυπηθῶ,
1456 2579 1626 2649 (τοῦτο
1658 2579 1765 2649 γὰρ
1791 2579 1850 2632 τὸ

1970 2575 2081 2628 Non
2110 2590 2273 2643 angar
2290 2576 2414 2644 (hoc
2439 2575 2579 2628 enim
2606 2574 2705 2628 sibi
2736 2573 2865 2638 vult,
2895 2589 2914 2624 ι
2935 2573 3051 2627 Non
3076 2587 3398 2642 compuugar
3419 2573 3485 2643 ι),

294 2683 310 2715 ι
345 2664 442 2717 Οὐ
489 2663 573 2733 μὴ
608 2663 925 2731 κατανυγῶ·
960 2664 1006 2732 s)
1045 2664 1141 2734 τὴν
1190 2667 1324 2735 ἐμὴν
1371 2667 1526 2730 δόξαν
1573 2666 1857 2720 ἀπολαϐών.

1970 2679 2088 2716 cum
2124 2678 2294 2717 meam
2320 2663 2538 2731 gloriam
2568 2677 2838 2729 recepero.
2885 2661 3151 2716 Misertum
3184 2671 3362 2715 autem
3403 2663 3487 2717 sui

299 2749 626 2819 Ἡλεῆσθαι
677 2749 734 2802 δὲ
783 2749 928 2816 λέγει
979 2749 1216 2819 ἐλεηθεὶς
1275 2751 1382 2804 τῶν
1432 2752 1584 2822 ἡμῶν
1607 2792 1622 2815 ,
1671 2754 1763 2806 καὶ
1812 2752 1862 2805 τὸ

1970 2752 2132 2804 Deum
2161 2765 2279 2805 esse
2314 2752 2446 2805 dicit
2473 2751 2685 2819 quando
2737 2751 2847 2818 ipse
2890 2751 3138 2804 misertus
3185 2759 3266 2804 est
3292 2751 3487 2813 nostri,

291 2840 438 2909 περὶ
471 2836 639 2906 ἡμῶν
671 2837 862 2900 πένθος
911 2839 1005 2890 καὶ⁴
1045 2839 1268 2891 κοπετὸν
1299 2841 1378 2900 εἰς
1417 2840 1745 2910 εὐφροσύνην
1778 2857 1854 2909 με·

1969 2851 2023 2892 et
2043 2840 2236 2894 luctum
2267 2847 2321 2893 et
2367 2839 2638 2905 planctum
2669 2852 2821 2891 suum
2851 2851 2946 2906 pro
2983 2838 3138 2892 nobis
3168 2838 3218 2892 in
3244 2837 3487 2906 gaudium

289 2925 591 2980 τιϐαλών.
632 2925 742 2977 Καὶ
771 2924 864 2977 ἐπὶ
900 2927 964 2994 τῇ
1008 2925 1116 2978 τῶν
1149 2927 1462 2996 σωζομένων
1507 2930 1744 2999 σωτηρίᾳ
1771 2947 1852 2999 φης

1970 2927 2254 2983 convertit.
2283 2926 2418 2992 Quin
2443 2937 2496 2980 et
2519 2927 2588 2982 ob
2623 2937 2810 2980 eorum
2836 2929 2926 2996 qui
2962 2927 3235 2982 salvantur
3259 2927 3485 2982 salutem

291 3015 380 3068 σίν
406 3029 428 3046 ⁸
484 3031 508 3064 ι
550 3012 726 3084 Κύριε
754 3013 784 3065 ό
811 3013 942 3076 Θεός
971 3029 1102 3083 μου,
1129 3015 1207 3076 εἰς
1237 3015 1326 3069 τὸν
1362 3015 1526 3070 αἰῶνα
1557 3016 1854 3086 ἐξομολογή⁴

1926 3063 1938 3081 ,
1973 3017 2046 3067 ait
2073 3013 2244 3083 (νινε.
2273 3015 2360 3085 15)
2394 3034 2408 3070 :
2449 3032 2468 3066 ι
2498 3015 2720 3069 Domine
2753 3016 2890 3070 Deus
2918 3029 3089 3080 meus,
3131 3017 3184 3069 in
3234 3025 3489 3071 aeternum

294 3099 484 3172 σομαί
529 3117 637 3153 σοι.
659 3119 681 3153 s

1899 3099 1940 3118 υ
1971 3105 2265 3156 conﬁtebor
2297 3105 2408 3157 tibi.
2443 3122 2461 3156 ι

369 3192 747 3255 Ἐστρεψας
791 3189 896 3242 τὸν
935 3192 1186 3242 κοπετόν
1219 3206 1336 3257 μου
1375 3192 1460 3255 εἰς
1502 3191 1690 3258 χαρὰν
1725 3191 1870 3258 ἐμοὶ,

2047 3190 2201 3244 Vsus.
2221 3192 2307 3246 l2.
2339 3190 2645 3244 Convertisti
2660 3191 2923 3258 planctum
2956 3209 3121 3248 meum
3162 3197 3217 3248 in
3244 3196 3490 3264 gaudium

292 3295 344 3330 κ.
383 3293 448 3330 τ.
488 3277 542 3328 ἑ.
578 3277 788 3344 Ὥσπερ
810 3280 900 3327 τὸν
942 3277 1106 3328 κόπον
1129 3276 1238 3344 (54)
1285 3277 1492 3346 δέχεται
1533 3279 1706 3348 χαρὰ,
1736 3279 1855 3332 οὖτα

1971 3277 2115 3341 mihi,
2144 3289 2247 3330 etc.
2286 3278 2738 3342 Quemadmodum
2762 3283 3031 3349 planctum
3062 3285 3258 3350 excipit
3285 3284 3488 3348 laetitia,

293 3366 398 3419 καὶ
424 3365 540 3434 τὴν
563 3364 873 3433 πρακτικὴν
901 3363 1096 3433 γνῶσις
1126 3364 1279 3417 Θεοῦ.

1188 3364 1279 3417 εοῦ.
1971 3366 2043 3418 ita
2069 3368 2328 3419 actionem
2365 3370 2601 3435 cognitio
2634 3370 2751 3424 Dei.

917 3580 1202 3633 ΨΑΛΜΟΣ
1230 3580 1309 3634 Λ’.

2489 3585 2606 3638 PSA
2616 3583 2700 3636 LM
2713 3584 2794 3638 US
2829 3581 2997 3637 XXX.

383 3673 539 3732 Ἐπὶ
570 3676 714 3736 σοὶ,
744 3670 951 3736 Κύριε,
985 3669 1242 3736 ἤλπισα,
1267 3669 1353 3736 μὴ
1380 3671 1873 3737 καταισχυνθείην

2041 3678 2202 3731 VERs.
2231 3678 2283 3730 Ξ.
2317 3675 2381 3728 1η
2414 3685 2480 3729 te.
2517 3674 2748 3734 Domine,
2778 3675 2999 3737 speravi,
3053 3685 3151 3721 non
3200 3669 3488 3735 confundor

293 3770 388 3832 εἰς
418 3765 542 3818 τὸν
581 3760 800 3816 αἰῶνα.
835 3757 904 3810 ἐν
937 3755 1010 3824 τῇ
1041 3757 1387 3821 δικαιοσύνῃ
1431 3770 1544 3808 σου
1575 3758 1759 3821 ῥῦσαί
1797 3777 1856 3828 με

1970 3765 2022 3817 in
2051 3776 2313 3826 wternum,
2353 3765 2405 3814 in
2441 3762 2652 3829 justitia
2689 3770 2780 3812 tua
2817 3760 2976 3810 libera
3009 3773 3087 3809 me
3125 3768 3171 3809 et
3213 3757 3351 3821 eripe
3379 3772 3484 3822 me,

297 3856 411 3910 καὶ
433 3847 667 3915 ἐξελοῦ
689 3863 788 3916 με,
809 3863 864 3899 κ.
887 3864 938 3899 τ.
971 3847 1018 3898 ὲ.
1061 3845 1202 3897 Ὠσεὶ
1231 3845 1379 3910 ἔλεγε
1405 3843 1514 3912 (55)
1531 3860 1544 3872 ’
1580 3845 1754 3912 Μηδὲν
1779 3847 1860 3898 τοῐ

1970 3863 2076 3905 etc.
2130 3849 2289 3915 Quasi
2342 3851 2523 3902 dicat:
2557 3846 2708 3900 Nulla
2741 3845 2922 3900 saeculi
2964 3855 3117 3912 parte
3163 3845 3485 3910 confundar,

296 3943 518 4003 αἰῶνος
551 3938 717 4008 μέρος
745 3932 1217 4002 καταισχυνθείην,
1249 3932 1360 3984 ἀλλ’
1394 3935 1476 3998 ἐφ’
1506 3934 1622 3986 ὅλον
1649 3933 1859 3986 ἀνεπαί-

1971 3938 2062 3991 sed
2088 3937 2304 3988 omnino
2342 3949 2530 4003 expers
2565 3934 2664 3986 sim
2709 3931 3030 4000 ignominiae.
3076 3930 3298 3995 Quidam
3345 3931 3487 3984 enim

300 4042 555 4101 σχυντος
587 4023 845 4092 γενοίμην
865 4038 879 4052 ⁸
924 4021 1063 4083 τινὲς
1093 4021 1198 4090 γὰρ
1252 4019 1349 4088 μὲν
1376 4019 1756 4088 ἀναστήσονται
1792 4023 1863 4082 εἰς

1971 4028 2249 4085 resurgent
2285 4019 2349 4071 ad
2407 4017 2749 4086 opprobrium
2800 4026 2853 4070 et
2903 4015 3281 4068 confusionem.
3336 4014 3487 4080 Quod

298 4111 631 4181 ὀνειδισμὸν
676 4111 772 4163 καὶ
813 4108 1086 4178 αἰσχύνην.
1143 4107 1214 4158 Τὸ
1270 4105 1327 4157 δὲ
1385 4106 1512 4174 ἑξῆς
1563 4107 1861 4170 πεποιθότος

1970 4116 2144 4160 autem
2175 4106 2437 4174 sequitur,
2464 4119 2564 4157 vox
2592 4113 2674 4157 est
2701 4104 2802 4157 sibi
2835 4103 3168 4157 conﬁdentia.
3203 4103 3314 4158 Non
3346 4105 3487 4158 enim

299 4205 468 4258 ἐστὶν
509 4199 694 4269 ἐαυτῷ
731 4200 764 4268 ἠ
795 4199 942 4266 φωνή
967 4213 980 4228 ·
1005 4196 1065 4248 οὐ
1097 4196 1202 4264 γὰρ
1231 4194 1421 4247 ταυτόν
1447 4196 1587 4246 ἐστιν
1618 4195 1748 4264 ἐλέῳ
1777 4199 1862 4262 ῥυ-

1917 4185 1944 4241 D
1972 4195 2110 4248 idem
2158 4203 2242 4245 est
2289 4194 2656 4247 misericordia
2713 4192 2948 4253 liberari,
2977 4204 3039 4243 ac
3069 4207 3090 4241 ‹
3119 4192 3171 4244 in
3196 4191 3432 4258 iustitia;
3459 4212 3480 4246 ο

297 4294 518 4361 σθῆναι
551 4288 634 4357 τῷ
671 4306 690 4338 ι
727 4288 784 4338 ἐν
821 4283 1122 4351 δικαιοσύνη
1149 4299 1162 4314 ο
1203 4300 1222 4334 ι
1265 4282 1324 4334 τὸ
1362 4282 1456 4349 μὲν
1487 4282 1590 4352 γὰρ
1626 4283 1860 4351 ἐμφαίνει

1973 4297 2093 4335 nam
2113 4282 2209 4334 hoc
2231 4281 2426 4334 indicat
2453 4279 2845 4342 conﬁdentiam,
2873 4277 2998 4332 illud
3023 4291 3148 4332 vero
3173 4292 3278 4332 non
3296 4293 3487 4347 secun-

303 4376 640 4449 παῤῥησίαν
663 4412 680 4438 ,
719 4373 780 4425 τὸ
805 4373 862 4425 δὲ
891 4373 952 4425 οὐ
984 4371 1122 4424 κατὰ
1156 4363 1252 4438 τὴν
1279 4368 1451 4431 ἀξίαν.
1496 4369 1590 4431 Τίς
1619 4369 1672 4421 δὲ
1709 4372 1814 4439 ἄρα
1843 4373 1866 4422 ό

1970 4369 2096 4422 dum
2132 4369 2380 4422 meritum
2413 4368 2487 4421 ﬁt.
2529 4367 2660 4432 Quis
2707 4366 2889 4434 itaque
2923 4365 3084 4419 Deum
3111 4367 3177 4419 ad
3214 4380 3488 4422 sermones

300 4466 546 4537 θαρρῶν
578 4463 666 4515 ἐπ’
703 4462 960 4531 ἀκρόασιν
989 4460 1096 4512 τῶν
1133 4458 1319 4511 ἑαυτοῦ
1344 4457 1512 4524 λόγων
1542 4458 1750 4509 καλέσει
1782 4459 1863 4512 τὸν

1970 4469 2094 4510 suos
2131 4456 2425 4508 audiendos
2456 4468 2646 4507 vocare
2673 4455 2887 4520 audeat,
2909 4464 2967 4507 ut
2995 4455 3038 4508 is
3068 4453 3158 4519 qui
3191 4454 3302 4508 hzec
3325 4455 3487 4508 dicit?

301 4557 475 4613 Θεὸν,
501 4553 581 4614 ὡς
619 4553 650 4602 ό
688 4549 859 4603 ταῦτα
880 4549 1084 4614 λέγωνς
1119 4549 1228 4614 Οὐχ
1256 4545 1422 4606 οὕτως
1446 4546 1550 4598 ἀπὸ
1576 4547 1768 4606 πόνων,
1795 4546 1864 4607 ὡς

1971 4542 2084 4595 Non
2119 4542 2197 4594 sic
2231 4556 2259 4593 a
2303 4541 2591 4606 laboribus,
2620 4540 2759 4594 sicut
2787 4556 2817 4594 a
2859 4541 3058 4595 malitia
3087 4543 3364 4596 celerrime
3392 4556 3484 4607 pe-

299 4641 426 4696 ἁπὸ
465 4637 673 4700 κακίας
722 4634 994 4703 ταχύτατα
1034 4632 1307 4700 αἰτητὼν,
1355 4631 1436 4682 ἴνα
1473 4629 1599 4692 Θεὸς
1630 4631 1862 4698 ἐξέληται

1972 4626 2187 4682 tendum
2228 4637 2310 4680 est
2337 4637 2394 4680 ut
2422 4627 2560 4680 Deus
2587 4641 2685 4682 nos
2706 4627 2919 4696 eripiat,
2955 4638 3238 4698 antequam
3263 4629 3483 4683 altiusin

302 4730 469 4798 ἡμᾶς
525 4725 625 4779 ἀπ’
658 4722 862 4792 αὐτῆς,
900 4721 1026 4788 πρὶν
1071 4721 1162 4772 ἐπὶ
1198 4719 1374 4772 πλεῖον
1422 4719 1478 4770 ἐν
1513 4717 1662 4786 αὐτῇ·
1685 4718 1865 4787 paea,-

931 4721 1026 4788 :plv
1071 4721 1162 4772 ἐπὶ
1198 4719 1374 4772 πλεῖον
1422 4719 1478 4770 ἐν
1513 4717 1865 4787 αὐτῇ-βαφῶ-
1969 4732 2081 4770 eam
2105 4717 2494 4784 iu‘tmcrgamur.

388 4831 444 4865 ν.

307 4831 510 4954 μ’Ξῖοῦ
537 4895 746 4949 αὐτοῦ.
770 4893 845 4946 υύ
879 4892 1034 4961 μόνον
1057 4892 1164 4963 (56)
1192 4892 1248 4942 ἐν
1274 4891 1338 4960 τῇ
1365 4889 1669 4962 δικαιοσύνη
1695 4891 1870 4960 ῥύεται

2043 4887 2310 4954 Ejusdem.
2362 4888 2474 4942 Non
2523 4890 2572 4943 in
2625 4889 2834 4956 justitia
2885 4899 3092 4944 tantum
3141 4891 3338 4946 liberat
3388 4905 3483 4945 nos

303 4990 474 5058 ἡμᾶς
513 4987 547 5036 ό
574 4982 741 5045 Θεὸς,
771 4979 907 5033 ἀλλὰ
947 4979 1052 5049 γὰρ
1098 4982 1190 5032 καὶ
1218 4982 1276 5035 ὲν
1320 4979 1634 5051 σωφροσύνῃ
1661 4981 1752 5033 καὶ
1786 4981 1866 5031 ἀν-

1969 4979 2126 5041 Deus,
2178 4981 2272 5033 sed
2297 4991 2350 5033 et
2383 4981 2432 5033 iu
2480 4983 2852 5047 temperantia,
2881 4981 2932 5034 in
2967 4981 3296 5040 fortitudine,
3323 4979 3482 5049 655.

306 5080 483 5149 ὀρείᾳ
522 5077 620 5128 καὶ
649 5073 862 5141 ἀγάπῃ.
906 5070 1017 5122 Νῦν
1057 5071 1113 5123 δὲ
1148 5073 1355 5126 τέθεικε
1392 5073 1488 5140 τὴν
1519 5072 1869 5140 δικαιοσύνην,

1969 5067 2019 5120 in
2064 5069 2344 5122 cbaritatc.
2381 5068 2527 5123 Nunc
2567 5081 2745 5124 autem
2775 5072 3032 5138 justitiam
3061 5071 3258 5138 posuit,
3287 5069 3479 5136 quippe

309 5167 518 5237 ἐπειδὴ
559 5159 882 5234 περιεκτική
907 5159 1021 5210 ἐστι
1042 5161 1356 5214 πασῶνοτῶν
1386 5161 1608 5229 ἀρετῶν.
1641 5162 1711 5212 Ἣ
1738 5161 1872 5228 τάχα

1966 5170 2084 5224 qua:
2108 5171 2290 5212 omnes
2323 5157 2546 5212 virtutes
2568 5159 2924 5225 amplectitur.
2964 5158 3070 5210 Aut
3109 5153 3480 5220 fortejustitia

379 5355 496 5426 (5-2)
525 5353 612 5426 ρῤ
641 5343 1057 5426 δοξάσειν-ξιτ.
1087 5344 1307 5402 Schedae
1327 5344 1530 5410 Grabii,
1570 5347 1865 5416 partimque

1775 5361 1865 5416 {ne
2036 5351 2144 5426 (ξιξ)
2174 5352 2389 5426 ξᾨσεξερ
2407 5350 2510 5426 τὸν
2532 5352 2861 5426 κόπονλοιο.
2900 5347 3114 5426 Sghedm
3137 5345 3338 5426 Qrabii.

292 5414 895 5486 coriex'coisiiniitnus
918 5417 1086 5486 vetus.
1314 5477 1345 5486 Δ
1381 5478 1395 5486 ι
1467 5479 1482 5486 ⁵

1661 5481 1673 5486 _
1696 5481 1727 5486 η
1781 5414 1833 5486 '__
2034 5414 2142 5486 (55}
2178 5414 2542 5486 Ὠσεὶίὲλεγε,
2575 5427 2674 5469 etc.
2716 5414 3188 5486 gale_na-Corderii.

361 5473 480 5564 3'53)
509 5473 916 5564 λέγυείξῖἐξ
927 5476 1275 5564 ξαὲῖειιριςο.
1297 5477 1537 5564 ,ξςιιεειεε
1552 5479 1752 5564 σφωε.
1783 5481 1862 5537 εί.

1969 5554 1982 5564 _
2169 5487 2248 5564 ρὺ
2266 5473 2479 5551 μόνονί
2508 5473 2682 5537 Codex
2714 5481 3081 5547 Coisliniauus,
3115 5479 3320 5535 schedia
3343 5480 3450 5536 Gra

257 5540 642 5623 ξηῄζέάῖειὶι
674 5540 976 5608 quidpiam
1005 5540 1164 5596 habet
1186 5543 1381 5598 Catena
1407 5545 1648 5602 Barbari.
1969 5540 2062 5617 bii;
2091 5540 2373 5604 Βξη-δαιῖυε,
