3958 6222
268 335 453 392 1301

1262 334 1565 390 SELECTA
1594 332 1660 387 IN
1694 330 2024 388 PSALMOS.
2060 358 2128 372 -—
2166 329 2355 384 PSAL.
2394 324 2583 381 XXXI.

3354 323 3491 376 1508

383 446 732 514 Ἐταράχθη
760 445 829 498 ἐν
864 444 1025 512 θυμῷ
1069 447 1101 499 ὀ
1137 447 1432 515 ὀφθαλμός
1462 464 1604 515 μου,
1645 464 1696 498 κ.
1734 464 1782 498 τ.
1806 447 1849 496 ὲ.

2021 444 2182 497 Vens.
2230 441 2317 495 10.
2353 437 2513 511 645
2573 434 2916 490 Conturbatus
2970 441 3042 488 est
3084 435 3141 487 in
3187 434 3265 485 ira
3306 432 3486 485 oculus

270 534 487 588 Οὐδὲν
536 537 680 587 οὕτω
720 534 829 593 (64)
880 536 1060 587 σκοτεϊ
1106 535 1337 589 διανοιαν
1371 536 1444 598 ὡς
1470 535 1636 603 θυμὸς
1666 551 1860 604 ταρατ-

270 629 348 674 τό
358 640 566 691 μενος.

378 712 495 762 Ἐν
517 711 650 775 ταῖς
679 710 854 777 χερσί
880 724 993 763 σου
1019 713 1071 762 οι
1091 709 1297 775 κλῆροι
1321 726 1456 777 μου,
1483 710 1667 776 ῥῦσαί
1691 726 1764 776 με
1791 711 1859 763 ὲκ

269 806 513 872 χειρὸς
536 804 767 873 ἐχθρῶν
778 822 918 872 μου,
942 804 1037 856 καὶ
1056 804 1122 855 ἐκ
1144 802 1260 855 τῶν
1277 802 1745 856 καταδιωκόντων
1764 819 1858 869 με,

272 907 341 941 κ.
385 908 449 942 τ.
491 891 541 942 ἐ.
593 890 801 959 Κλῆροι
838 889 944 941 τῶν
986 889 1204 940 δικαίων
1250 886 1355 954 (65)
1391 884 1684 955 ἀνθρώπων
1727 885 1861 936 εἰσὶν

269 980 341 1030 αἱ
379 979 504 1029 ὑπὸ
537 979 648 1032 τῶν
672 978 842 1044 ἁγίων
866 976 1109 1044 ἀγγέλων
1136 975 1527 1043 γινωσκόμεναι
1553 973 1790 1042 θεωρίαι.

372 1067 503 1119 Τοῦ
537 1067 746 1120 αὐτοῦ.
780 1085 798 1117 ι
828 1066 1056 1133 Φεύγετε
1083 1064 1177 1133 τὴν
1210 1063 1457 1131 πορνείαν
1486 1061 1614 1127 (66),
1651 1080 1669 1111 ι
1701 1060 1861 1129 φησὶν

270 1152 308 1204 ὁ
344 1155 609 1217 Παῦλος.
662 1155 725 1205 Et
752 1154 809 1206 δὲ
844 1152 1023 1214 διώκει
1053 1154 1085 1221 ἠ
1119 1151 1371 1220 πορνεία,
1419 1149 1652 1216 δηλονότι
1687 1149 1780 1200 καὶ
1828 1149 1860 1215 ἡ

279 1244 556 1312 μοιχεία,
585 1244 682 1295 καὶ
714 1244 748 1310 ἠ
776 1240 1067 1306 πλεονεξία,
1098 1240 1189 1293 καὶ
1219 1238 1403 1308 θυμὸς,
1432 1239 1522 1289 καὶ
1551 1235 1684 1306 ὀργὴ
1704 1272 1719 1297 ,
1771 1236 1863 1286 καὶ

273 1330 360 1383 τὰ
404 1330 604 1382 λοιπά.
1330 1356 1333 1359 -

367 1419 623 1471 "Mala
662 1415 960 1486 γενηθήτω
988 1414 1061 1466 τὰ
1093 1414 1261 1481 χείλη
1306 1413 1375 1465 τὰ
1410 1411 1576 1464 δόλια
1598 1449 1613 1473 ,
1666 1410 1736 1463 τὰ
1761 1413 1864 1462 λα-

276 1506 548 1558 λοῦντα
576 1505 726 1557 κατὰ
754 1504 856 1557 τοῦ
879 1503 1106 1555 δικαίου
1134 1500 1381 1568 ἀνομίαν
1402 1500 1470 1551 ἐν
1495 1499 1865 1566 ὑπερηφανίᾳ

280 1593 398 1644 καὶ
444 1592 869 1656 ἐξουδενώσει,
903 1609 956 1644 κ.
990 1608 1037 1642 τ.
1074 1592 1117 1642 ἑ.
1173 1590 1544 1658 Εὑεργετεῖται
1583 1587 1687 1655 (67)
1714 1589 1742 1637 ὁ
1767 1586 1862 1637 λα-

281 1679 411 1731 λῶν
437 1680 781 1748 δολιότητας,
812 1680 904 1732 ἐὰν
931 1680 1146 1747 γένηται
1178 1678 1367 1739 ἀλαλος
1386 1695 1398 1707 ο
1441 1675 1725 1728 ἀποϐάλλει
1754 1674 1862 1741 γὰρ

280 1767 565 1837 δηλονότι
592 1770 688 1837 τὴν
717 1767 1011 1835 δολιότητα.

367 1857 808 1922 Κατακρύψεις
851 1853 1066 1917 αὐτοὺς
1099 1853 1167 1905 ἐν
1207 1851 1525 1918 ἀποκρύφῳ
1553 1848 1656 1902 τοῦ
1684 1861 1866 1913 προσ-

282 1943 476 1996 ώπου
504 1956 662 2003 σου,
700 1959 753 1995 κ.
800 1959 849 1994 τ.
894 1944 939 1994 ὲ.
969 1944 1171 2009 Ὥσπερ
1211 1940 1270 1991 τὸ
1301 1939 1582 2007 πρόσωπον
1629 1934 1736 2003 (68)
1771 1932 1865 1986 τοῦ

285 2031 444 2083 Θεοῦ
493 2028 733 2099 κρύπτει
772 2029 868 2097 τὴν
910 2028 1080 2096 ψυχὴν
1127 2027 1231 2079 ἀπὸ
1271 2024 1511 2095 ταραχῆς
1552 2020 1866 2091 ἀνθρώπων,

286 2120 589 2175 ἀπάθειαν
615 2118 704 2171 διὰ
736 2118 833 2187 τῆς
867 2116 1167 2186 πρακτικῆς
1196 2113 1564 2183 χαριζόμενον,
1597 2110 1735 2163 οὕτω
1776 2109 1867 2160 κα)⁵

287 2210 325 2276 ἡ
362 2205 562 2274 σκηνὴ
582 2206 673 2256 τὸν
702 2203 826 2256 νοῦν
853 2202 937 2254 διά
968 2203 1063 2270 τῆς
1091 2200 1318 2269 ἀληθοῦς
1342 2199 1588 2266 γνώσεως
1616 2197 1866 2265 φυλάττει

288 2296 414 2349 ἀπὸ
445 2296 634 2361 λόγων
661 2293 913 2345 ἐναντίων
942 2290 1035 2342 καὶ
1064 2289 1337 2358 δογμάτων
1358 2286 1577 2354 ψευδῶν.

370 2382 740 2450 Εὐλογητὸς
764 2381 992 2446 Κύριος,
1026 2378 1112 2429 ὅτι
1141 2374 1554 2442 ἐθαυμάστωσε
1596 2372 1659 2424 τὸ
1698 2372 1867 2436 ἕλεος

283 2472 503 2527 αὑτοῦ
532 2470 606 2522 ὲν
636 2470 807 2521 πόλει
836 2463 1114 2533 περιοχῆς
1132 2502 1146 2526 ,
1184 2480 1237 2515 κ.
1266 2479 1315 2514 τ.
1342 2464 1389 2515 ὲ.
1452 2459 1867 2529 Ψυχὴκάπαθὴς

288 2554 416 2628 (69)
448 2558 616 2618 πόλις
647 2556 763 2607 ἐστὶ
785 2553 1184 2621 τετειχισμένη⁶
1230 2553 1363 2619 ὅπερ
1398 2552 1572 2617 τεῖχος
1613 2547 1865 2600 καθελόν-

282 2664 389 2712 τες
434 2648 492 2698 οί
534 2644 721 2714 ἐχθροὶ
764 2642 898 2711 μετὰ
940 2641 1211 2710 Βηρσαϐεὲ
1252 2638 1491 2706 εἰσῆλθον
1524 2636 1654 2705 πρὸς
1685 2635 1863 2686 Δαυΐδο

291 2737 383 2790 διὸ
422 2735 531 2788 καὶ
560 2735 729 2785 δεῖται
756 2733 812 2783 ὲν
831 2729 907 2799 τῷ
928 2737 969 2782 ν’
990 2726 1185 2797 ψαλμῷ
1201 2724 1606 2794 οἰκοδομηθῆναι
1624 2722 1690 2775 τὰ
1714 2722 1865 2791 τείχη

304 2827 494 2905 Ἱεροῦ
502 2822 710 2890 σαλήμ.

382 3000 533 3049 Ὅτι
571 2993 860 3060 ἀληθείας
895 2989 1118 3055 ἐκζητεῖ
1151 2990 1390 3056 Κύριος,
1431 3005 1483 3040 κ.
1508 3005 1557 3039 τ.
1593 2989 1636 3039 ἐ.
1710 2986 1863 3056 Ἀλη-

1958 549 2118 595 meus,
2157 541 2259 585 etc.
2289 530 2433 585 Nihil
2466 541 2613 595 aeque
2642 527 2890 582 obscurat
2915 533 3141 580 mentem
3163 538 3225 578 ac
3252 524 3329 576 ira
3360 536 3487 576 con-

1959 620 2186 673 turbata.
2274 654 2287 679 ς

2030 704 2184 757 Vens.
2214 702 2299 755 16.
2335 701 2399 753 In
2425 699 2656 753 manibus
2683 698 2782 749 tuis
2809 705 2966 749 sortes
2994 711 3137 757 mea,
3164 693 3299 753 eripe
3320 707 3395 744 me
3423 690 3487 742 de
3539 766 3546 773 .

1958 809 2114 845 manu
2178 791 2503 843 inimicorum
2568 800 2836 848 meorum,
2881 793 2928 836 et
2980 799 3011 835 a
3071 779 3487 850 persequentibus

1959 897 2057 944 me,
2074 889 2179 935 etc.
2199 878 2381 933 Sortes
2397 878 2657 944 iustorum
2677 875 2948 928 hominum
2978 879 3101 925 sunt
3122 869 3341 937 cognitae
3362 882 3487 920 san-

1958 969 2067 1035 ctis
2089 974 2292 1035 angens
2315 962 2804 1030 contemplationes.

2022 1034 2293 1122 .Ejusdem.
2318 1069 2336 1103 ι
2362 1050 2567 1119 Fugite,
2604 1067 2624 1100 ι
2659 1047 2827 1115 inquit
2850 1045 3041 1098 Paulus
3058 1045 3105 1110 ²,
3131 1061 3149 1092 ι
3175 1039 3489 1095 fornicatio-

1958 1155 2101 1195 nem.
2136 1158 2156 1193 ι
2183 1141 2331 1205 Quod
2360 1141 2403 1193 si
2442 1137 2721 1191 fornicatio
2760 1133 3124 1201 persequitur,
3158 1126 3492 1197 persequitur

1959 1229 2120 1281 etiam
2158 1227 2493 1288 adulterium,
2523 1223 2768 1286 avaritia,
2797 1230 2852 1276 et
2878 1220 3045 1281 furor,
3079 1228 3132 1271 et
3160 1217 3261 1277 ira,
3296 1222 3349 1267 et
3387 1227 3492 1267 cae-

1961 1327 2189 1455 “genus.
2214 1401 2298 1455 19.
2332 1400 2482 1453 Muta
2511 1400 2642 1465 fiant
2694 1398 2831 1450 labia
2861 1394 3041 1448 dolosa
3079 1409 3193 1461 qua:
3213 1393 3495 1458 loquuntur

1960 1489 2200 1542 adversus
2230 1488 2433 1556 justum
2467 1487 2787 1553 iniquitatem
2816 1483 2871 1535 in
2905 1482 3162 1549 superbia,
3198 1490 3244 1530 et
3280 1481 3331 1529 in
3365 1479 3495 1528 abuo

1960 1577 2122 1641 sione,
2153 1584 2258 1631 etc.
2303 1576 2402 1640 Qui
2435 1574 2614 1627 dolose
2653 1570 2906 1639 loquitur,
2952 1569 3214 1622 beneﬁcio
3247 1564 3493 1622 amt-itur.

1962 1680 2083 1717 cum
2122 1664 2181 1718 lit
2211 1671 2408 1717 mutus.
2444 1660 2627 1715 Dolum
2654 1659 2794 1715 enim
2828 1657 3047 1712 amittit.

2035 1837 2195 1891 Vens.
2229 1834 2318 1888 2|.
2350 1833 2637 1886 Abscondes
2662 1847 2746 1885 eos
2786 1831 2840 1883 in
2862 1828 3162 1882 abscondito
3188 1826 3342 1893 faciei
3372 1834 3493 1885 tum,

1965 1934 2065 1979 etc.
2099 1922 2551 1990 Quemadmodum
2586 1920 2764 1972 vultus
2806 1917 2897 1970 Dei
2941 1917 3173 1969 animam
3214 1928 3243 1963 a
3285 1920 3498 1963 contur-

1964 2013 2177 2066 batioue
2216 2010 2489 2064 hominum
2522 2006 2822 2068 abscondit,
2853 2005 3086 2072 quietem
3116 2000 3182 2055 ab
3220 1996 3498 2051 aﬂ'eclibus

1964 2113 2057 2166 per
2080 2112 2238 2166 opera
2268 2096 2596 2165 impertiens,
2623 2094 2699 2147 sic
2723 2090 3122 2145 tabernaculum
3158 2093 3385 2141 mentem
3405 2095 3498 2147 per

1965 2184 2286 2251 agnitionem
2318 2180 2553 2234 veritatis
2581 2187 2805 2232 servata
2830 2175 3115 2231 contrariis
3140 2168 3497 2230 sermonibus,

1962 2280 2018 2323 et
2045 2270 2376 2336 dogmatibus
2401 2266 2566 2320 falsis.

2032 2356 2193 2411 Vens.
2219 2355 2307 2406 22.
2339 2356 2646 2407 Benedictus
2672 2352 2946 2415 Dominus,
2973 2347 3217 2418 quoniam
3242 2343 3494 2409 miri/ica.

1965 2447 2030 2498 vit
2060 2443 2467 2497 misericordiam
2495 2458 2639 2494 suam
2661 2443 2715 2494 in
2744 2440 2945 2492 ciuitate
2980 2436 3197 2499 munita,
3229 2444 3332 2487 etc.
3362 2432 3493 2484 Ani-

1965 2547 2048 2585 ma
2071 2532 2136 2585 ab
2158 2530 2430 2585 aﬂ'ectibus
2451 2530 2632 2594 libera,
2654 2530 2841 2581 civitas
2865 2535 2946 2581 est
2968 2524 3318 2585 communita,
3345 2522 3496 2588 cujus

1965 2634 2172 2673 murum
2198 2618 2505 2685 dejicientes
2542 2620 2724 2672 hostes
2754 2631 2858 2670 una
2884 2630 3002 2669 cum
3031 2613 3291 2667 Bersabee
3324 2612 3495 2678 impe-

1965 2716 2074 2759 tun
2128 2707 2366 2760 fecerunt
2407 2707 2460 2758 in
2503 2704 2686 2758 David.
2736 2704 3068 2772 Quapropter
3101 2708 3219 2754 orat
3254 2701 3307 2753 in
3347 2700 3497 2768 quin-

1964 2796 2267 2862 quagesimo
2315 2794 2557 2863 psalmo,
2604 2802 2663 2847 ut
2717 2792 3048 2846 aediﬁcentur
3097 2790 3235 2845 muri
3283 2786 3496 2841 Jerusa-

1964 2882 2086 2938 lem.

2034 2994 2193 3049 Vms.
2213 2994 2298 3046 24.
2326 2994 2580 3057 Quoniam
2602 2994 2834 3046 veritates
2859 2991 3076 3059 exquirit
3095 2990 3364 3053 Dominus,
3390 2996 3495 3041 etc.

292 3084 458 3146 θείας
494 3082 622 3135 ἀντὶ
654 3080 763 3149 (70)
792 3078 883 3131 τοῦ
918 3078 1185 3148 ἀληθινοῦ.
1230 3078 1498 3146 Ἀληθινὸν
1540 3078 1646 3147 γὰρ
1672 3078 1862 3146 στόμα,

1970 3082 2235 3137 Veritates
2264 3099 2362 3151 pro
2401 3085 2543 3137 veris
2588 3083 2784 3151 posuit.
2814 3081 3005 3135 Verum
3040 3080 3179 3133 enim
3220 3094 3300 3143 os,
3332 3078 3382 3130 id
3417 3085 3501 3129 est

292 3172 567 3224 τουτέστι
595 3166 1026 3235 νοῦν,·ὲμπλήσει
1051 3166 1296 3233 γέλωτος,
1315 3165 1433 3216 ἀντὶ
1460 3165 1570 3229 τοῦ,
1600 3165 1864 3233 γνώσεως.

300 3280 320 3308 ι
343 3260 471 3313 Καὶ
499 3256 892 3310 ἀνταποδίδωσι
918 3256 1027 3316 τοῖς
1051 3253 1316 3323 περισσῶς
1340 3252 1575 3306 ποιοῦσιν
1602 3254 1872 3324 ὑπερηφα-

295 3348 453 3400 νίαν.
482 3363 503 3393 ι
524 3343 883 3414 Μακροθυμεῖ
918 3342 1013 3410 μὲν
1040 3343 1068 3391 ὁ
1099 3341 1297 3409 Κύριος
1329 3340 1419 3392 ἐπὶ
1446 3343 1556 3402 τοῖς
1590 3341 1869 3411 ὑπερηφά-

296 3451 457 3496 νοις,
510 3435 626 3492 τοῖς
668 3430 725 3481 δὲ
777 3427 1048 3498 περισσῶς
1098 3426 1333 3479 ποιοῦσιν
1373 3427 1738 3498 ὑπερηφανίαν
1781 3427 1872 3481 καὶ

298 3521 739 3577 ἀνταποδίδωσι.

899 3690 1180 3741 ΨΑΛΜΟΣ
1217 3687 1337 3740 ΛΑ⁸.

376 3778 691 3846 Μακάριοι
729 3772 814 3830 ὧν
835 3775 1141 3842 ἀφέθησαν
1168 3777 1225 3827 αἱ
1256 3773 1508 3841 ἀνομίαι,
1532 3775 1626 3825 καί
1656 3776 1870 3830 ἀπεκα.

298 3873 651 3939 λύφθησαν
680 3868 739 3917 αὶ
766 3864 1057 3931 ἁμαρτίαι,
1089 3879 1143 3917 κ.
1172 3878 1222 3913 τ.
1246 3862 1291 3915 ὲ.
1338 3861 1603 3929 Ἀφίενται
1636 3863 1731 3931 μὲν
1759 3865 1870 3933 (Ἠ)

300 3960 363 4010 αἱ
402 3953 641 4022 ἀνομίαι
669 3950 756 4003 διὰ
776 3948 869 4000 τοῦ
899 3947 1051 4014 ἀγίου
1085 3946 1481 4017 βαπτίσματος,
1514 3950 1868 4004 καλύπτονται

299 4044 362 4098 δὲ
391 4046 457 4096 αἱ
496 4036 871 4110 ἀμαρτίαιδιὰ
896 4036 993 4102 τῆς
1025 4037 1226 4103 πικρᾶς
1256 4036 1523 4104 ἁμαρτίας
1549 4038 1843 4106 μετανοίας.

385 4131 527 4181 Ὀτι
557 4127 853 4192 ἐσίγησα,
906 4119 1234 4185 secumeo"
1268 4121 1338 4173 τὰ
1378 4121 1523 4175 ὀστᾶ
1552 4141 1700 4189 μου,
1755 4125 1869 4177 ἀπὸ

305 4217 428 4271 τοῦ
453 4213 696 4282 κράζειν
719 4226 792 4277 με
818 4208 971 4273 ὅλην
998 4206 1111 4273 τὴν
1140 4207 1359 4273 ἡμέραν
1377 4246 1391 4270 ,
1438 4227 1490 4261 κ.
1524 4226 1573 4261 τ.
1608 4212 1652 4261 ὲ.
1711 4213 1871 4264 Ἐπα-

303 4303 531 4372 λαιὼθη
552 4300 625 4354 τὰ
644 4300 776 4352 ὀστᾶ
799 4315 899 4366 μου
919 4296 1049 4368 (72),
1068 4296 1198 4349 διότι
1224 4296 1467 4365 ἑσίγησα.
1495 4298 1622 4349 Ἀπὸ
1641 4298 1730 4350 τοῦ
1753 4302 1878 4370 κρά-

312 4396 436 4458 ζειν
454 4389 729 4460 διηνεκῶς
751 4389 884 4457 πρὸς
902 4388 991 4438 τὸν
1008 4384 1136 4438 Θεὸν
1153 4384 1210 4435 οὐ
1230 4384 1573 4438 παλαιοῦνται
1594 4387 1648 4437 al
1666 4387 1761 4455 τῆς
1778 4388 1877 4456 ψυ-

310 4486 423 4555 χῆς
456 4479 743 4548 δυνάμεις,
769 4476 880 4529 ἀλλ’
902 4475 984 4527 ἀεὶ
1003 4472 1340 4525 ἀνανεοῦνται
1356 4472 1536 4542 ἡμέρᾳ
1557 4473 1649 4525 καὶ
1672 4474 1870 4546 ἡμέρα.

310 4567 678 4624 Σιωπώντων
707 4563 765 4615 δὲ
796 4561 1138 4615 παλαιοῦνται
1185 4559 1276 4612 τὸν
1318 4559 1536 4612 παλαιὸν
1570 4560 1874 4631 ἀναλαμϐά-

286 4674 517 4719 ¹νουσαι
546 4654 832 4722 ἄνθρωπον
850 4690 865 4716 ,
902 4651 991 4703 τὸν
1022 4649 1370 4719 φθειρόμενον
1402 4650 1538 4703 κατά
1566 4650 1664 4713 τὰς
1700 4653 1878 4705 ἐπιθυ-

300 4749 458 4819 ,μίας
485 4744 594 4811 τῆς
621 4741 853 4807 ἀπάτης.

388 4834 520 4896 Τὴν
547 4829 844 4897 ἁμαρτίαν
869 4844 984 4894 μου
1009 4824 1323 4894 ἐγνώρισα,
1363 4825 1457 4878 καὶ
1483 4825 1595 4894 τὴν
1629 4830 1877 4897 ἀνομίαν

395 4969 419 4999 ²
459 4963 481 5017 1
517 4962 649 5016 Cor.
682 4974 758 5021 vn,
800 4957 884 5011 18.

394 5080 518 5150 (64)
555 5074 752 5150 οὐδὲν
779 5073 1094 5150 cﬁgwketc.‘
1129 5071 1356 5128 Eaedem.

396 5146 777 5267 (65},K177POL
802 5146 918 5194 τῶν
941 5146 1196 5197 δικαίων,
1235 5151 1337 5221 etc.

321 5232 463 5274 nus.
546 5213 800 5270 arbarus,
832 5208 1125 5274 etschedae
1153 5204 1356 5274 Grabn.

548 5143 777 5209 Κλῆροι
802 5140 918 5194 τῶν
941 5140 1196 5209 δικαίων)
1235 5151 1337 5194 etc.
1400 5144 1579 5200 Codex
1603 5146 1882 5203 Coislinia-

1969 3178 2221 3233 mentem,
2247 3170 2481 3238 implebit
2512 3171 2645 3233 risu,
2684 3172 2733 3222 io
2768 3176 2850 3222 est
2893 3168 3214 3235 cognitione.
3249 3184 3267 3216 ι
3305 3165 3369 3218 Ει
3412 3180 3498 3218 re-

1971 3256 2169 3308 tribuet
2210 3256 2542 3310 abundanter
2578 3257 2896 3309 facientibus
2927 3254 3244 3321 superbiam.
3283 3271 3301 3301 ι
3356 3252 3499 3305 Lon-

1971 3343 2196 3408 ganimis
2223 3353 2304 3396 est
2341 3344 2594 3397 Dominus
2626 3356 2752 3410 erga
2786 3346 3078 3410 superbos;
3109 3342 3175 3395 iis
3203 3350 3376 3395 autem
3406 3338 3500 3409 qui

1971 3428 2306 3484 abundanter
2344 3431 2544 3485 faciunt
2592 3429 2929 3498 superbiam,
2969 3431 3127 3482 etiam
3169 3427 3502 3482 abundanter

1972 3519 2238 3570 retribuit.

2460 3692 2771 3748 PSALMUS
2803 3690 2992 3745 XXXI.

2045 3781 2211 3838 Vens.
2243 3784 2293 3836 1.
2334 3781 2482 3834 Beati
2527 3797 2744 3847 quorum
2773 3781 2998 3836 remissa:
3034 3789 3150 3834 sunt
3176 3780 3494 3850 iniquitates.

1973 3879 2020 3923 et
2042 3886 2255 3939 quorum
2279 3879 2407 3922 tecta
2447 3879 2565 3924 sunt
2605 3880 2833 3937 peccata,
2867 3880 2971 3924 etc.
3010 3870 3370 3923 Remittuntur
3398 3869 3535 3931 iniv~

1975 3958 2205 4023 quitates
2241 3969 2336 4022 per
2354 3966 2594 4009 sanctum
2627 3955 2907 4022 baptisma,
2927 3954 3262 4008 occultantur
3284 3963 3500 4022 peccata

1974 4059 2068 4114 per
2096 4058 2331 4097 amaram
2360 4045 2560 4110 peccati
2590 4041 2978 4110 paenitentiam.
3234 4043 3259 4071 ε’

2042 4134 2205 4190 Vens.
2240 4136 2294 4190 '5.’
2330 4136 2586 4199 Quoniam
2613 4135 2771 4198 tacui,
2800 4135 3202 4186 inveteraverunt
3226 4147 3342 4185 ossa
3364 4147 3501 4195 mea,

1977 4224 2098 4276 dum
2146 4224 2420 4276 clamarem
2467 4233 2574 4276 tota
2608 4224 2712 4287 die,
2755 4232 2859 4277 etc.
2893 4224 3327 4275 Inveteraverunt
3378 4208 3517 4275 ossa)

1980 4324 2120 4373 mea,
2154 4311 2399 4377 quoniam
2431 4310 2588 4362 tacui.
2613 4310 2690 4364 Ex
2711 4311 2961 4365 continuo
2987 4309 3219 4364 clamore
3247 4309 3311 4361 ad
3336 4307 3499 4363 Deum

1981 4412 2081 4450 non
2113 4407 2450 4452 veterascunt
2481 4400 2672 4452 animae
2712 4399 2871 4461 vires,
2910 4396 3074 4467 646
3104 4398 3196 4452 sed
3240 4410 3501 4450 renovan-

1981 4492 2066 4538 tnr
2103 4485 2167 4538 de
2202 4486 2287 4539 die
2317 4485 2371 4538 in
2403 4486 2564 4539 diem.
2598 4486 2674 4539 Ex
2710 4484 2922 4539 silentio
2954 4494 3129 4538 autem
3158 4491 3500 4538 veterascunt

1978 4581 2223 4628 veterem.
2262 4578 2435 4625 denuo
2462 4571 2738 4625 induentes
2775 4571 3064 4636 hominem,
3093 4571 3181 4641 qui
3211 4572 3503 4640 corrumpi-

1977 4666 2060 4713 tur
2086 4662 2374 4714 secundum
2405 4660 2661 4714 desideria
2697 4661 2915 4714 erroris.

2043 4832 2199 4887 Vens.
2230 4834 2282 4898 5,
2325 4834 2377 4886 6.
2418 4833 2673 4888 Delictum
2704 4850 2870 4889 meum
2913 4837 3169 4905 cognitum
3200 4837 3318 4904 feci,
3347 4847 3392 4889 et
3418 4838 3499 4889 in-

1996 5148 2012 5165 ‘
2194 5077 2367 5165 fulgit
2396 5078 2666 5157 ἀπαθής,
2718 5086 2819 5132 etc.
2892 5040 3069 5129 Codex
3117 5072 3497 5135 Coislinianus,

1973 5148 2169 5201 Catena
2194 5147 2432 5199 Barbari.

2045 5215 2152 5285 (70)
2187 5214 2494 5285 Ἀληθείας
2522 5212 2653 5285 ἀντὶ
2699 5211 2840 5285 τοῦ,
2875 5218 2978 5285 etc.
3008 5206 3254 5285 .Schedai
3290 5202 3497 5268 Grabii,

406 5271 521 5351 (66)
550 5278 805 5345 Φεύγετε
847 5272 958 5340 τὴν
987 5271 1283 5338 πορνείαν,
1313 5283 1418 5333 etc.
1473 5279 1635 5334 Iidem
1672 5295 1799 5335 mss.
1831 5296 1859 5335 e

1976 5271 2146 5351 codej
2175 5271 2777 5351 CoislinianusLCatena
2803 5271 3043 5351 Barbari.

318 5350 408 5405 Ba
418 5350 514 5399 rba
525 5361 641 5399 rus.

398 5414 521 5483 (ω)
552 5406 977 5483 βρεργετεξται,
997 5412 1110 5483 _elc.
1147 5405 1595 5483 Schedm'GIabii.

402 5473 787 5548 (68),"aoés'ep
810 5474 878 5528 τὸ
900 5473 1229 5540 πρόσωπον,
1260 5485 1363 5530 etc.
1411 5478 1621 5536 Eaedem
1654 5481 1879 5548 scltedae,

319 5561 381 5607 et
424 5547 728 5602 Barbarus.

2046 5348 2156 5426 (71)
2179 5347 2475 5426 ,Ἀφίενεαι
2503 5336 3060 5426 μέν’,ειοχεδοιιοόω
3093 5336 3295 5399 Grabii,
3329 5337 3496 5392 codex

1975 5409 2350 5474 Coislinianus,
2384 5409 2578 5465 Catena
2610 5410 2676 5458 Ba
2688 5409 2846 5474 rbari.

2044 5482 2155 5550 (72)
2191 5470 2540 5541 Ἐπαζιαιώθη
2568 5474 2637 5526 τὰ
2657 5470 2802 5526 ὀστᾶ
2820 5488 2956 5538 μου,
2984 5480 3087 5526 etc.
3129 5471 3344 5526 Schedo:
3368 5471 3498 5526 Gra-

1977 5549 2070 5603 bii.
