3958 6216
274 304 451 360 1305
1249 299 1549 357 SELECTA
1583 292 1652 348 ΙΝ
1688 297 2018 354 PSALMOS.
2052 332 2092 342 —
2143 301 2334 354 PSAL
2373 301 2586 355 XXXII.
3339 301 3476 358 i306

275 435 402 481 σιν,
444 435 464 468 s
513 415 634 469 καθ’
667 416 732 485 ἢν
778 415 988 486 κρίνιιο
1021 415 1102 468 ὅτι
1153 416 1220 468 τὰ
1282 418 1518 486 κρίματα
1563 411 1656 464 τοῦ
1709 414 1838 466 Θεοῦ

1911 415 2134 471 ,όῑοίιιηι
2179 435 2198 467 ι
2249 431 2356 484 quo
2386 417 2624 484 judicat,
2655 419 2904 482 quoniam
2944 418 3142 488 judicia
3185 417 3278 472 Dei
3327 434 3474 486 vera,

269 508 448 557 ἐστιν
476 504 703 574 ἀληθινὰ
721 544 735 566 ,
763 505 856 556 καὶ
879 504 1106 565 ἄϐυσσος
1133 504 1324 572 πολλὴ,
1369 507 1461 556 καὶ
1497 501 1832 572 ἀνεξεύρητα.

1943 511 1996 554 et
2021 503 2241 570 abyssns
2270 504 2430 555 multa
2464 513 2516 556 et
2561 506 2920 560 inscrutabilis
2941 507 2981 559 '.
3005 507 3303 572 Quinetiam
3331 518 3476 562 amat

283 595 526 664 Ἀγαπᾷ
556 594 613 646 δὲ
643 595 821 662 κρίσιν
858 594 950 646 καὶ
977 593 1073 661 τὴν
1105 593 1212 644 τῶν
1261 595 1500 655 δικαίων,
1536 587 1609 645 ὧν
1659 594 1707 644 οἱ
1765 592 1841 642 λο⁴

1936 590 2193 658 judicium
2242 591 2543 658 justorum.
2588 607 2814 658 quorum
2871 597 3220 662 cogitationes
3271 597 3473 664 judicia

269 683 489 749 γισμοὶ
517 682 762 750 κρίματα
821 682 946 742 εἰσι,
999 681 1125 750 περὶ
1173 675 1246 733 ὧν
1294 681 1546 748 λέγεται·
1609 699 1625 729 ι
1663 679 1832 749 Κρίμο

1942 687 2082 740 sunt,
2111 679 2174 730 de
2206 678 2396 744 quibus
2433 678 2630 731 dicitur
2656 679 2675 707 ⁸
2710 695 2724 730 :
2757 696 2774 728 ι
2811 679 3016 732 Iustum
3045 682 3302 748 judicium
3333 683 3477 749 judi-

268 767 505 820 δίκαιον
538 767 778 837 κρίνατε.
805 785 823 817 s
861 768 986 818 Ὅτε
1015 767 1070 818 δὲ
1101 785 1119 816 ι
1155 769 1242 820 τὸν
1263 769 1407 836 ἥλιον
1445 765 1714 819 ἀνατέλλει
1758 766 1831 818 ὲπ⁴

1945 772 2083 816 cate.
2116 783 2134 814 ›
2161 764 2384 830 Quando
2428 775 2601 816 autem
2637 782 2656 814 ι
2687 764 2850 818 solem
2885 780 3039 830 suum
3075 769 3200 820 oriri
3232 770 3359 822 facit
3387 784 3475 821 su-

272 856 570 924 πσνηροὺς
597 855 689 906 καὶ
716 853 970 919 ἀγαθοὺς,
1005 855 1096 906 καὶ
1123 854 1299 923 βρέχει
1348 855 1438 906 ἐπὶ
1481 855 1712 915 δικαίους
1757 857 1835 906 καῖ

1945 866 2039 918 per
2061 853 2226 906 malos
2259 862 2307 904 et
2343 856 2530 919 hours,
2558 861 2611 905 et
2659 853 2793 919 pluit
2833 869 2992 920 super
3034 854 3206 920 justos
3251 869 3304 908 et
3335 858 3477 923 inju-

271 941 540 1004 ἀδίκους,
583 959 603 991 s
639 940 902 1008 βλέπομεν
930 940 1044 1002 πῶς
1065 941 1156 992 τοῦ
1183 942 1358 1003 ἐλέους
1399 943 1596 1010 Κυρίου
1643 942 1834 1012 πλήρης

1945 950 2058 993 stos
2077 943 2152 1002 ⁷,»
2173 943 2406 995 videmus
2426 943 2686 1009 quomodo
2709 943 3071 996 misericordia
3093 943 3297 997 Domini
3320 945 3473 1012 plena

274 1029 313 1096 ἡ
346 1027 457 1097 γῆ·

1947 1030 2013 1083 sit
2051 1039 2205 1081 terra.

359 1139 562 1203 Τιθείς
592 1140 662 1191 ἐν
687 1139 1011 1206 θησαυροῖς
1035 1140 1357 1203 ἀϐύσσους,
1388 1155 1442 1191 κ.
1474 1155 1524 1191 τ.
1557 1140 1602 1191 ὲ.
1663 1139 1725 1189 Ol
1765 1138 1846 1189 λό-

2017 1138 2179 1192 Vens.
2204 1137 2259 1188 7.
2301 1136 2505 1189 Ponens
2542 1138 2595 1188 in
2622 1138 2874 1190 thesauris
2906 1139 3135 1206 abyssos,
3164 1149 3267 1194 etc.
3295 1138 3477 1194 Ratio-

273 1243 369 1294 γοι
404 1227 527 1295 (85)
555 1229 653 1296 τῆς
674 1227 907 1280 ἀϐύσσου
932 1230 987 1279 ὲν
1017 1229 1124 1288 τοῖς
1145 1227 1428 1295 θησαυροῖς
1449 1229 1547 1278 είσι
1579 1243 1668 1277 του
1695 1225 1836 1278 Θεοῦ.

1347 1230 1428 1288 οῖς
1449 1229 1547 1278 εισι
1579 1243 1668 1277 του
1695 1225 1844 1278 Θεοῦ.
1946 1240 2040 1278 nes
2074 1227 2248 1293 abyssi
2285 1225 2337 1277 in
2365 1226 2634 1278 thesauris
2655 1227 2743 1277 Dei
2769 1237 2910 1281 sunt.

353 1315 690 1382 Φοϐηθήτω
726 1316 832 1368 τὸν
857 1317 1070 1382 Κύριον
1096 1315 1258 1367 πᾶσα
1292 1316 1330 1380 ἠ
1360 1313 1452 1382 γῆ,
1514 1315 1613 1367 ἀπ’
1667 1315 1848 1366 αὐτοῦ

2022 1312 2175 1365 Vens.
2205 1312 2257 1364 8.
2291 1312 2485 1365 Timeat
2516 1314 2790 1365 Dominum
2828 1316 2994 1368 omnis
3024 1325 3181 1379 terra,
3211 1316 3272 1366 ab
3297 1331 3355 1369 eo
3379 1333 3474 1367 au-

274 1402 352 1455 δὲ
379 1402 1112 1468 σαλευθήτωσακπάντες
1167 1405 1220 1454 οἱ
1274 1402 1680 1464 κατοικοῦντες
1737 1401 1837 1466 τὴν

1947 1410 2044 1451 tem
2093 1411 2506 1452 commoveantur
2552 1417 2724 1452 omnes
2752 1403 3093 1455 inhabitantes
3137 1405 3331 1466 orbem,
3367 1417 3471 1458 etc.

273 1491 684 1558 οἰκουμένην,
727 1507 780 1543 κ.
815 1507 860 1541 τ.
891 1492 936 1542 ὲ.
962 1489 1128 1542 Τοῦτο
1169 1492 1224 1543 ὲν
1247 1493 1313 1558 τῇ
1346 1491 1610 1558 παρουσίᾳ
1627 1489 1730 1551 (84)
1755 1489 1836 1540 τοῐ

1947 1486 2056 1538 lloc
2089 1487 2139 1536 in
2173 1479 2398 1537 adveniu
2431 1486 2518 1537 Dei
2547 1487 2820 1553 impletum
2851 1498 2952 1546 est,
2987 1491 3198 1554 quando
3228 1491 3475 1542 universa

275 1579 419 1632 Θεοῦ
467 1579 846 1648 πεπλήρωται,
891 1581 978 1631 ὅτε
1013 1580 1221 1647 πᾶσαή
1267 1580 1338 1646 γῆ
1384 1577 1615 1646 Χριστοῦ
1637 1577 1838 1645 Ἐκκλη-

1951 1583 2091 1626 terra
2120 1572 2312 1626 Christi
2339 1571 2583 1627 Ecclesiis
2621 1582 2703 1626 est
2740 1575 2954 1642 repleta.
2981 1575 3138 1630 Forte
3179 1579 3341 1629 etiam
3373 1577 3475 1630 dici

279 1667 432 1728 σίαις
463 1667 818 1736 πεπλήρωτο.
854 1667 1003 1735 Τάχα
1024 1667 1214 1731 λέγοιτ’
1247 1667 1340 1718 ἀν’
1374 1667 1434 1717 Oi
1496 1666 1590 1733 μὲν
1645 1664 1842 1732 ἀνθρω-

1913 1726 1916 1736 ι
1949 1665 2112 1730 possit
2137 1681 2151 1714 :
2179 1663 2447 1726 llomiues,
2465 1664 2688 1731 diligite,
2715 1675 2852 1718 terra
2882 1681 3006 1718 vero
3031 1667 3234 1718 timeat.
3261 1666 3356 1730 Qui
3385 1682 3476 1718 an-

281 1771 399 1818 ποι,
417 1754 780 1822 ἀγαπήσατε,
808 1757 840 1822 ἡ
864 1753 920 1806 δὲ
954 1755 1023 1823 γῆ
1052 1753 1352 1822 φοόηθήτω.
1387 1755 1448 1804 Οἱ
1479 1753 1530 1804 δὲ
1557 1752 1650 1820 τὴν
1679 1754 1844 1802 οἰκου-

1911 1748 1918 1766 ’
1949 1759 2050 1802 tem
2077 1749 2258 1802 orbem
2291 1748 2536 1801 Ecclesia:
2566 1749 2657 1801 Dei
2699 1749 3022 1811 inhabitant,
3054 1765 3172 1802 cum
3201 1749 3474 1801 Dominum

280 1839 458 1908 μένην
505 1839 836 1907 Ἐκκλησίας
858 1839 947 1891 τοῦ
970 1840 1101 1892 Θεοῦ
1131 1839 1530 1900 κατοικοῦντες,
1565 1839 1662 1890 οὐκ
1699 1840 1843 1890 ἀναι-

1945 1840 2320 1904 cognoverint,
2353 1839 2420 1891 ab
2455 1838 2568 1905 ipso
2613 1847 3044 1902 commoventur,
3081 1838 3202 1895 dum
3237 1837 3288 1889 id
3337 1838 3477 1904 quod

280 1925 624 1994 σθητοῢντες
648 1924 739 1977 τοῦ
764 1927 989 1995 Κυρίου,
1024 1927 1116 1979 ἀπ’
1156 1927 1316 1980 αὑτοῦ
1352 1926 1678 1989 σαλεύονται,
1712 1925 1843 1994 πλη-

1946 1927 2268 1992 propositum
2319 1935 2422 1988 est,
2456 1935 2773 1992 praeceptum
2819 1927 3126 1979 observant.
3172 1924 3266 1978 Vel
3314 1925 3407 1991 qni
3447 1939 3473 1975 a

283 2013 519 2082 ροῦντες
545 2011 648 2080 τὴν
675 2013 1034 2082 προκειμένην
1067 2013 1300 2081 ἐντολήν.
1331 2014 1399 2064 Ἦ
1433 2014 1480 2064 οἱ
1534 2013 1642 2064 ἀπὸ
1690 2013 1845 2079 λόγου

1945 2017 2106 2069 verbo
2133 2017 2223 2068 Dei
2256 2025 2554 2079 moventur,
2579 2016 2644 2067 ab
2675 2017 2786 2083 ipso
2813 2023 3232 2078 commoventur,
3262 2014 3477 2066 vivente

280 2100 377 2152 τοῦ
405 2100 550 2152 Θεοῦ
586 2101 892 2168 κινούμενοι
925 2101 1017 2152 ἀπ’
1060 2101 1222 2153 αὑτοῦ
1269 2101 1598 2166 σαλεύονται,
1652 2101 1843 2164 ζῶντος

860 2118 892 2152 ›ι
925 2101 1017 2152 ἀπ’
1060 2101 1222 2153 αὑτοῦ
1269 2101 1598 2166 σαλεύονται,
1652 2101 1848 2164 ζῶντος
1945 2104 1998 2157 in
2033 2104 2163 2172 ipsis
2191 2104 2423 2156 Christo.

279 2190 340 2241 ὲν
366 2189 560 2249 αὐτοῖς
595 2187 688 2238 τοῦ
724 2187 981 2256 Χριστοῦ.

359 2273 475 2326 Τοῦ
511 2275 728 2326 αὐτοῦ.
783 2274 948 2336 Σάλος
997 2275 1142 2327 ἐστὶν
1193 2275 1301 2342 (85)
1341 2275 1617 2338 ἐπαινετὸς
1672 2277 1846 2347 ψυχῆς

2013 2270 2284 2340 Ejusdem.
2327 2271 2624 2325 Commotio
2667 2271 2946 2324 laudabilis
2973 2280 3050 2323 est
3094 2271 3282 2323 animae
3315 2271 3475 2325 ratio-

284 2361 516 2430 λογικῆς
552 2362 665 2414 ἀπὸ
691 2362 886 2425 κακίας
942 2363 1036 2415 καὶ
1078 2363 1347 2430 ἀγνωσίας
1402 2365 1488 2414 ἐπ’
1520 2365 1714 2434 ἀρετὴν
1756 2367 1847 2416 καὶ

1944 2362 2084 2415 nalis
2118 2378 2146 2414 a
2178 2362 2372 2413 malitia
2401 2371 2454 2416 et
2490 2362 2784 2430 ignorantia
2832 2362 2897 2413 ad
2933 2362 3185 2413 virtutem
3213 2371 3265 2414 et
3307 2362 3477 2414 scien-

282 2450 489 2518 γνῶσιν
531 2451 844 2518 μετάθεσις.

836 2491 844 2506 .
1948 2457 2072 2508 tiam
2102 2457 2399 2510 translatio.

356 2559 482 2610 Ὅτι
511 2557 702 2621 αὐτὸς
729 2552 874 2618 εἷπε,
899 2555 994 2607 καὶ
1013 2555 1380 2623 ἐγενήθησαν
1397 2574 1410 2586 ·
1439 2560 1617 2619 αὐτὸς
1638 2558 1848 2611 ἐνετεί-

2013 2563 2172 2616 Vens.
2211 2563 2264 2616 9.
2297 2561 2554 2625 Quoniam
2597 2562 2704 2627 ipse
2744 2563 2898 2627 dixit,
2923 2572 2967 2613 et
3007 2564 3148 2628 facta
3179 2570 3320 2620 sunt.
3366 2562 3473 2627 ipse

283 2649 454 2708 .lato,
488 2647 595 2696 καὶ
634 2640 1017 2709 ἐκτίσθησαν,
1044 2659 1096 2694 κ.
1130 2660 1179 2695 τ.
1216 2645 1260 2695 έ.
1300 2645 1362 2696 Ἡ
1387 2647 1481 2712 μὲν
1503 2647 1710 2711 γένεσις
1741 2645 1844 2714 (86)

1945 2653 2226 2714 mandavit,
2246 2661 2292 2703 et
2313 2662 2483 2702 creata
2515 2660 2656 2715 sunt,
2687 2661 2790 2703 etc.
2816 2650 3099 2704 Generatio
3122 2651 3472 2702 substantiam

285 2737 382 2804 τὴν
415 2733 528 2785 τῶν
564 2731 802 2798 λογικῶν
847 2731 1096 2782 οὑσίωσιν
1138 2732 1320 2800 δηλοίο
1369 2735 1400 2799 ἡ
1449 2733 1503 2784 δὲ
1543 2735 1714 2794 κτίσις
1750 2734 1847 2801 τὴν

1947 2740 2337 2792 rationabilium
2395 2754 2571 2790 rerum
2637 2737 2945 2806 signiﬁcat;
3031 2740 3234 2788 creatio
3295 2749 3471 2788 antem

285 2823 392 2874 ἀπὸ
414 2821 513 2874 τοῦ
551 2821 862 2891 κρείττονος
895 2820 986 2871 ἐπὶ
1023 2820 1082 2871 τὸ
1118 2824 1294 2889 χεῖρον
1343 2822 1666 2890 μεταϐολήνο
1725 2841 1743 2871 ι
1783 2822 1848 2872 Εἴ

1945 2827 2288 2880 mutationem
2316 2841 2344 2877 a
2377 2828 2517 2879 bono
2540 2826 2589 2877 in
2620 2825 2836 2878 malum.
2867 2841 2886 2873 ι
2925 2825 2978 2876 Si
3011 2840 3109 2890 qua
3147 2842 3164 2873 ι
3195 2825 3333 2876 enim
3369 2841 3387 2873 ι
3424 2826 3474 2878 in

287 2923 369 2969 τις
403 2925 424 2958 s
451 2908 566 2976 γὰρ
606 2923 624 2955 ι
656 2907 712 2956 ὲν
738 2904 954 2974 Χριστῷ
973 2905 1128 2974 καινὴ
1154 2907 1346 2971 κτίσις,
1378 2926 1394 2956 s
1425 2905 1840 2968 ἀνακαινίζεται.

1455 2905 1840 2968 ινακαινίζεται.
1944 2915 2155 2967 Christo
2183 2929 2312 2966 nova
2344 2922 2583 2966 creatura
2611 2914 2683 2974 ⁸,»
2719 2922 3018 2964 renovatur.

353 3017 573 3081 Κύριος
628 3011 995 3072 διασκεδάζει
1039 3014 1271 3078 ,βουλὰς
1289 3014 1492 3079 ἐθνῶν,
1538 3018 1732 3070 ἀθετεῖ
1778 3018 1843 3070 δὲ
1869 3005 1909 3060 C

2011 3021 2169 3074 Vens.
2197 3020 2279 3072 10.
2326 3020 2571 3072 Dominus
2611 3019 2827 3084 dissipat
2859 3016 3075 3068 consilia
3117 3016 3364 3084 gentium.
3396 3029 3476 3066 re-

285 3103 624 3176 λογισμοὺς
656 3099 819 3154 λαῶν
839 3137 854 3162 ,
885 3101 982 3153 καὶ
1011 3101 1199 3154 ἀθετεῖ
1238 3101 1470 3166 ,ϐουλὰς
1522 3104 1839 3170 ἀρχόντων,

1941 3111 2118 3175 probat
2147 3117 2314 3159 autem
2335 3107 2666 3174 cogitationes
2681 3103 3008 3170 populorum.
3024 3112 3069 3156 et
3096 3104 3330 3168 reprobat
3354 3117 3476 3154 con-

287 3210 342 3245 κ.
373 3208 425 3243 τ.
456 3193 502 3243 ὲ.
529 3191 604 3241 Ai
636 3189 819 3258 ﬁculni
848 3189 954 3241 τῶν
984 3189 1148 3240 ἐθνῶν
1188 3189 1332 3258 (87),
1387 3191 1478 3240 καὶ
1515 3193 1563 3241 οἱ
1601 3191 1844 3258 λογισμοὶ

1941 3197 2061 3248 silia
2084 3197 2397 3262 principum,
2423 3203 2525 3246 etc.
2567 3193 2799 3246 Consilia
2850 3193 3107 3259 gentium,
3132 3193 3475 3257 cogitationes

287 3281 394 3332 τῶν
416 3281 592 3342 λαῶν,
625 3280 720 3331 καὶ
741 3280 796 3331 αἱ
828 3278 1012 3347 βουλαὶ
1067 3279 1173 3329 τῶν
1222 3277 1488 3346 ἀρχόντων
1534 3279 1842 3331 ἀθετοῦνται

1943 3284 2251 3350 p0pulnrum
2289 3320 2303 3344 ,
2336 3290 2389 3334 et
2435 3282 2649 3334 consilia
2697 3281 2991 3348 principum
3047 3282 3400 3345 reprolpantur
3442 3295 3471 3332 a

287 3370 390 3422 ὑπὸ
415 3370 655 3440 Κυρίου,
691 3369 766 3429 ὡς
793 3367 1191 3434 ὲναντιούμεναι
1238 3367 1314 3433 τῷ
1345 3366 1602 3434 θελήματι
1659 3369 1840 3430 αὑτοῦ,

1944 3371 2189 3434 Domino,
2219 3381 2275 3422 ut
2323 3371 2588 3423 contraria
2623 3371 2879 3422 voluntati
2933 3369 3047 3435 ejus
3096 3385 3114 3417 ι
3159 3369 3246 3433 qui
3283 3381 3471 3419 omnes

285 3457 379 3509 τοῦ
402 3476 422 3508 ι
447 3460 662 3518 πάντας
685 3455 998 3524 ἀνθρώπους
1019 3455 1256 3515 θέλοντος
1275 3454 1504 3522 σωθῆναι
1529 3455 1618 3506 καὶ
1636 3459 1710 3518 είς
1735 3457 1844 3508 ἐπί-

1943 3460 2185 3513 homines
2217 3459 2328 3512 vult
2365 3459 2536 3512 salvos
2565 3458 2678 3510 ﬁeri
2709 3465 2760 3511 et
2781 3458 2845 3509 ad
2877 3458 3198 3524 agnitionem
3231 3455 3474 3509 veritatis

287 3562 485 3613 γνωσιν
515 3544 780 3612 ἀληθείας
806 3543 997 3594 ἐλθεῖν.
1042 3561 1061 3593 ›
1719 3557 1735 3582 κ
1944 3549 2128 3602 venire
2154 3550 2197 3601 ο.
2236 3566 2255 3598 ,

367 3633 420 3682 '0
459 3632 712 3694 πλάσας
744 3630 892 3683 κατὰ
925 3632 1116 3697 μόνας
1172 3631 1276 3693 τὰς
1326 3632 1570 3697 καρδίας
1629 3630 1840 3694 αὐτῶν,

2012 3635 2178 3689 Vens.
2205 3635 2289 3688 15.
2332 3634 2431 3698 Qui
2462 3634 2615 3700 ﬁnxit
2649 3631 2956 3701 singillatim
2986 3629 3142 3682 corda
3165 3644 3362 3690 eorum,
3386 3629 3475 3696 qui

287 3722 320 3772 ὁ
344 3719 587 3782 συνιεὶς
617 3715 814 3768 πάντα
840 3718 910 3769 τὰ
940 3718 1081 3784 ἔργα
1104 3715 1315 3778 αὐτῶν,
1353 3735 1402 3769 κ.
1429 3735 1480 3770 τ.
1510 3721 1556 3771 ἑ.
1600 3719 1656 3770 'U
1689 3720 1844 3788 μόνος

1943 3722 2181 3789 intelligit
2227 3724 2399 3774 omnia
2435 3737 2588 3788 apera
2641 3737 2835 3782 eorum,
2865 3728 2967 3773 etc.
2997 3719 3096 3782 Qui
3129 3719 3272 3772 solus
3303 3718 3471 3780 ﬁnxit,

287 3807 500 3866 πλάσας
523 3805 638 3873 (88)
670 3804 828 3872 μόνος
856 3806 949 3855 καὶ
975 3803 1255 3870 γινώσκει·
1299 3803 1378 3856 διὸ
1419 3805 1593 3868 καλῶς
1635 3807 1844 3871 λέγεται

1943 3812 2088 3864 solus
2108 3812 2268 3863 etiam
2301 3812 2594 3878 cognoscit.
2618 3810 2791 3874 Quare
2825 3809 3046 3876 pulchre
3078 3808 3361 3861 admodum
3387 3823 3474 3862 so-

287 3895 316 3944 ό
341 3894 477 3955 Θεὸς
512 3893 683 3962 μόνος
711 3891 1160 3960 καρδιογνώστης.

1941 3900 2028 3952 ius
2055 3901 2189 3954 Deus
2221 3900 2459 3953 cordium
2486 3901 2730 3967 cognitor
2759 3898 2970 3950 dicitur.

367 4002 710 4055 Ῥύσασθαι
743 4001 811 4052 ἐκ
842 4000 1097 4054 θανάτου
1133 4002 1236 4064 τὰς
1269 4003 1470 4070 ψυχὰς
1504 4002 1716 4067 αὐτῶν,
1748 4005 1844 4057 καί

2017 4009 2174 4063 Vens.
2202 4010 2286 4062 i9.
2321 4007 2388 4060 Ut
2417 4018 2561 4061 eruat
2589 4025 2620 4060 a
2645 4017 2807 4061 morte
2829 4009 3032 4060 animas
3061 4021 3257 4068 eorum,
3288 4015 3334 4058 et
3361 4005 3471 4058 alat

285 4088 607 4157 διαθρέψαι
635 4089 856 4153 αὐτοὺς
885 4089 952 4141 ἐν
977 4088 1146 4156 λιμῷ,
1179 4107 1231 4141 κ.
1276 4107 1325 4141 τ.
1373 4092 1418 4142 ὲ.
1463 4091 1724 4159 Πρότερον
1770 4093 1848 4143 δεῖ

1943 4115 2028 4152 eos
2055 4101 2109 4150 in
2145 4098 2300 4165 fame,
2324 4105 2428 4150 etc.
2455 4097 2608 4149 Prius
2629 4095 2894 4148 eruendus
2916 4103 2995 4146 est
3029 4093 3289 4160 quispiam
3310 4090 3475 4161 648

289 4177 400 4248 (89)
424 4195 551 4231 τινα
580 4176 843 4248 ῥύσασθαι
873 4178 977 4230 ἀπὸ
999 4177 1243 4240 θανάτου,
1263 4175 1359 4230 εἶθ’
1382 4179 1548 4240 οὕτως
1569 4180 1848 4249 διατραφῆ-

1945 4203 1973 4239 a
2011 4195 2204 4248 morte,
2227 4185 2416 4238 deinde
2463 4186 2540 4238 sic
2589 4183 2822 4236 alendus.
2857 4182 3005 4234 llunc
3036 4196 3130 4248 per
3150 4194 3309 4248 opera
3335 4179 3475 4233 eruit

287 4281 395 4319 ναι.
430 4268 547 4318 Καὶ
576 4265 670 4318 διὰ
700 4267 797 4333 μὲν
819 4264 1122 4332 πρακτικῆς
1143 4263 1324 4332 ῥύεταί
1349 4282 1468 4318 τινα
1491 4267 1597 4318 ἀπὸ
1623 4267 1845 4320 θανάτου

1666 4269 1845 4320 ινέιτου
1875 4285 1923 4344 ι)
1950 4275 2087 4328 Deus
2119 4287 2150 4326 a
2184 4281 2372 4338 morte,
2397 4271 2490 4326 alit
2519 4280 2694 4326 autem
2731 4284 2824 4338 per
2858 4269 3229 4337 cognitionem.

288 4351 315 4400 ὁ
345 4350 577 4420 Κύριος,
600 4351 689 4402 διὰ
706 4351 762 4402 δὲ
788 4349 1038 4417 γνώσεως
1056 4350 1257 4420 τρέφει.

369 4463 529 4516 Ἡδὲ
582 4461 757 4529 ψυχὴ
805 4459 968 4528 ἡμῶν
1011 4461 1294 4528 ὑπομενεῖ
1349 4461 1427 4526 τῷ
1489 4464 1696 4528 Κυρίῳ,
1757 4463 1844 4516 ὅτι

2021 4461 2177 4514 Vens.
2201 4459 2289 4512 ‘20.
2322 4459 2507 4512 Anima
2555 4467 2727 4509 nostra
2774 4457 2980 4509 sustinet
3013 4455 3315 4514 Dominum.
3346 4466 3472 4519 quo-

295 4548 514 4615 Βοηθὸς
557 4550 662 4602 καὶ
695 4549 1150 4614 ὑπερασπιστὴς
1192 4549 1357 4615 ἡμῶν
1382 4549 1566 4608 ἐστιν,
1599 4566 1652 4601 κ.
1695 4567 1746 4602 τ.
1795 4552 1844 4605 ὲ.

1949 4552 2084 4603 niam
2110 4551 2320 4617 adjutor
2355 4559 2403 4602 et
2446 4557 2696 4614 protector
2735 4556 2903 4598 noster
2927 4554 3017 4602 est,
3065 4552 3170 4593 etc.
3219 4540 3322 4590 Cor
3345 4536 3467 4602 justi

299 4635 366 4687 Ἦ
395 4637 493 4689 τοῦ
515 4636 730 4689 δικαίου
757 4637 886 4704 (89‘)
906 4639 1095 4706 καρδία
1119 4638 1216 4688 ούκ
1247 4636 1583 4706 εὐφραίνεται
1613 4639 1667 4687 ὲν
1705 4637 1843 4706 βρώ-

1949 4654 2049 4692 non
2079 4639 2372 4692 delectatur
2403 4637 2455 4689 iu
2488 4637 2606 4688 cibo
2656 4644 2745 4687 aut
2774 4643 2918 4701 potu,
2953 4631 3044 4685 sed
3087 4630 3136 4682 in
3169 4627 3395 4694 justitia,
3418 4630 3471 4677 et

293 4739 456 4789 μασιν
485 4725 522 4793 ἦ
559 4727 620 4776 ὲν
654 4724 910 4792 πόμασιν,
939 4723 1052 4776 ἀλλ’
1085 4726 1142 4775 ὲν
1161 4723 1491 4791 δικαιοσύνῃ,
1518 4727 1608 4774 καὶ
1637 4724 1846 4790 γιώσει,

1018 4724 1052 4774 λ’
1085 4726 1142 4775 ὲν
1161 4723 1491 4791 δικαιοσύνῃ,
1518 4727 1608 4774 καὶ
1637 4724 1846 4790 γιώσει,
1953 4726 2192 4790 scientia,
2221 4737 2270 4780 et
2301 4725 2581 4793 sapientia.

295 4811 387 4862 καὶ
422 4813 614 4882 σοφίᾳ.

363 4941 385 4972 ⁸
418 4942 568 4995 Psal.
614 4956 764 5003 xvm,
798 4940 864 4994 19
888 4949 942 4994 et
980 4955 1138 5004 xxxv,
1164 4941 1218 4994 7.
1290 4943 1310 4973 °
1332 4941 1483 4996 Joan.
1510 4957 1604 5006 vn,
1631 4941 1720 4995 26.
1794 4945 1812 4975 ⁷
1839 4943 1918 4997 Ma

1631 4941 1720 4995 28.
1794 4945 1812 4975 "
1839 4942 2022 4997 Matth.
2053 4955 2103 5004 ν,
2129 4937 2216 4990 45.
2289 4937 2311 4968 ⁸
2335 4935 2377 4988 ll
2399 4936 2524 4989 Cor.
2560 4951 2610 4998 ν,
2644 4934 2729 4986 Π.
2801 4933 2861 4986 'l
2891 4931 3026 4985 Tim.
3051 4945 3107 4993 lt,
3143 4927 3194 4978 4.

363 5092 476 5158 (85)
503 5096 572 5146 οι
605 5095 794 5162 λόγοι,
830 5102 936 5145 etc.
980 5091 1198 5145 Schedae
1227 5093 1426 5158 Grabii,
1457 5095 1622 5148 codex
1651 5095 1846 5149 Coisli-

343 5157 516 5212 ianus.
547 5172 604 5212 et
643 5162 846 5212 Catena
881 5159 1127 5210 Barbari.

2020 5094 2131 5212 (87)
2158 5095 2226 5146 Αἱ
2243 5092 2460 5172 βουτιαὶ
2489 5090 2604 5143 τῶν
2637 5087 2843 5151 ἐθνῶν,
2872 5096 2976 5139 etc.
3034 5081 3252 5134 Schedte
3283 5076 3465 5132 Grabii

1951 5172 2005 5212 et
2033 5177 2108 5212 (τοι
2132 5177 2194 5212 ex
2223 5162 2595 5212 tloislintanus.
3216 5211 3241 5212 κν

301 5159 516 5220 nianus,
547 5172 604 5214 et
643 5159 846 5215 Catena
881 5159 1127 5210 Barbari.

1951 5172 2005 5216 et
2030 5159 2194 5214 codex
2223 5162 2595 5212 (loislinianus.
2893 5217 2923 5223 _
2979 5216 2990 5223 _
3094 5212 3127 5223 η
3170 5213 3178 5222 ,
3215 5211 3244 5223 ,,
3291 5212 3303 5223 ,

295 5211 809 5343 “satiaberis;
840 5211 927 5290 τῇ
965 5227 1272 5292 παρουσίᾳ,
1319 5237 1420 5283 etc.
1477 5227 1672 5280 Catena
1717 5229 1852 5283 Cor-

1958 5211 2217 5296 Π(88)³ὸ
2243 5229 2418 5292 μόνος
2445 5223 2697 5285 πλάσας,
2727 5228 2833 5271 etc.
2885 5216 3058 5269 Codex
3091 5211 3460 5274 Coislinianus,

1947 5306 2000 5350 et
2021 5297 2212 5350 Catena
2243 5294 2478 5345 Barbari.
2835 5349 2844 5350 ί
2920 5349 2929 5350 7
3018 5346 3045 5350 _
3384 5345 3396 5350 _

361 5317 700 5428 Σάλας
739 5359 942 5422 ἐστιν,
979 5367 1082 5412 etc.
1140 5358 1313 5414 Codex
1361 5359 1743 5421 Coislinianus.
1794 5372 1850 5420 et

1947 5317 2000 5350 et
2608 5363 2710 5406 etc.
2762 5349 2979 5402 Schedzn
3008 5344 3183 5399 Grabii
3215 5351 3268 5395 et
3299 5345 3464 5398 codex

293 5424 498 5478 scheme
523 5427 628 5478 Gra
647 5424 742 5482 b'ii.
1955 5424 2320 5485 Coisliniaims.

369 5477 489 5560 (86),
515 5477 585 5545 Ἡ
758 5492 1019 5562 γένεσις,
1044 5499 1141 5543 etc.
1179 5491 1354 5546 Codex
1382 5493 1762 5550 Coislinianus.

1728 5510 1762 5550 ι.
1961 5477 2387 5561 Ἠίξθίῖᾘτώ
2409 5487 2653 5544 δικαίου,
2683 5491 2790 5535 etc.
2826 5481 2960 5535 idem
2981 5477 3130 5532 codd.
3165 5490 3291 5529 mss.
