3958 6268
334 356 535 417 1:509
1354 360 1664 426 SELECTA
1705 370 1769 425 IN
1798 371 2124 427 PSALMOS.
2167 350 2437 426 -ἐΡεΑι,
2483 346 2716 427 XXXIV.
3426 371 3558 427 tato

453 478 685 548 Ἑηοὺς
715 485 924 551 Κύριος
948 484 1066 547 τοῖς
1100 487 1612 553 συντετριμμένοις
1651 489 1760 554 τὴν
1798 506 1930 555 καρ-
1955 493 2003 549 Α

1987 499 2003 549 L
2100 490 2255 542 Vens.
2308 491 2391 542 l9.
2445 491 2615 542 Juxta
2665 496 2741 540 est
2784 488 3033 541 Dominus
3083 488 3148 541 iis
3184 486 3272 555 qui
3306 483 3550 536 tribulan

327 560 551 630 δίαν,
580 571 681 621 καί
723 572 861 635 τοὺς
914 569 1221 633 ταπεινοὺς
1260 568 1338 633 τῷ
1390 576 1671 641 πνεύματι
1730 576 1890 628 σώσει

2028 584 2144 625 sunt
2171 574 2342 640 corde,
2363 584 2409 627 et
2434 574 2649 627 humiles
2681 575 2864 640 spiritu
2894 575 3133 636 satoabit,
3161 582 3265 628 etc.
3298 569 3357 623 Si
3392 587 3411 620 ι
3447 584 3538 623 sa-

333 666 411 702 κ.
456 669 526 706 τ.
561 657 612 711 ἑ.
653 658 714 709 Et
752 678 770 709 ι
798 659 951 710 θυσία
986 657 1060 726 τῷ
1084 657 1198 726 Θεῷ
1231 659 1441 728 πνεῦμα
1468 663 1896 733 συντετριμμένοι

2026 661 2279 713 orificium
2316 680 2334 711 ι
2359 670 2439 714 est
2467 681 2485 712 ι
2519 662 2736 716 Domino
2761 662 2973 728 spiritus
3000 661 3403 721 contribulatus,
3444 675 3464 707 ι
3490 664 3543 710 et

328 742 499 802 τοῖς
531 743 593 794 δὲ
623 745 1091 815 συντετριμμένοις
1128 747 1225 816 τὴν
1256 747 1477 814 καρδίαν
1515 749 1714 815 ἐγγίζει
1742 752 1769 800 ό
1818 749 1891 801 Κύ

2030 764 2051 798 ι
2086 748 2148 800 iis
2179 749 2269 815 qui
2310 749 2555 801 tribulato
2616 754 2737 800 sunt
2789 749 2947 799 corde
2997 761 3159 815 prepe
3212 754 3298 798 est
3363 743 3540 797 Domi-

333 844 528 896 ριος,
573 850 593 880 ι
630 834 799 904 ταύτῃ
831 837 934 905 ἄρα
967 841 1032 907 τῇ
1059 839 1213 908 θυσίᾳ
1231 840 1322 892 καὶ
1366 839 1462 891 οὐκ
1491 838 1619 909 ἄλλῃ
1666 834 1864 904 ἐγγίζει

2027 852 2124 889 nus
2150 837 2212 898 ",
2255 855 2274 888 ι
2301 837 2421 889 huic
2448 837 2631 903 utique
2663 836 2926 889 sacrilicio
2950 843 3130 888 etnon
3163 832 3319 884 alteri
3345 843 3539 898 appro-

331 915 622 985 Κύριος.

2024 923 2207 977 ximat.

434 1005 779 1060 Φυλάσσει
805 1011 1017 1077 Κύριος
1046 1012 1235 1065 πάντα
1262 1014 1330 1065 τὰ
1356 1011 1501 1065 ὀστᾶ
1525 1010 1716 1064 αὐτῶν
1733 1027 1747 1040 ·
1773 1010 1841 1061 ἐν
1861 1009 1928 1071 ἐξ

2092 1010 2248 1063 Vens.
2280 1010 2367 1062 2|.
2413 1009 2647 1063 Custodit
2690 1010 2943 1062 Dominus
2971 1008 3144 1060 omnia
3169 1023 3286 1060 ossa
3310 1022 3483 1060 eorum
3517 1020 3536 1059 :

329 1089 592 1143 αὐτῶν
616 1094 688 1145 οὐ
719 1098 1191 1163 συντριϐήσεται,
1222 1117 1275 1153 κ.
1304 1117 1353 1151 τ.
1385 1100 1431 1151 ὲ.
1469 1099 1626 1150 Ὀστᾶ
1649 1096 1741 1149 νῦν
1784 1096 1892 1162 λέγε

2025 1109 2181 1147 unum
2212 1112 2277 1148 ea:
2302 1097 2380 1149 his
2407 1113 2507 1149 non
2532 1105 2838 1158 conteretur,
2876 1103 2980 1151 etc.
3022 1095 3155 1149 Ossa
3187 1095 3286 1148 hoc
3310 1095 3426 1148 loco
3460 1093 3539 1146 di-

330 1176 471 1237 τάς
506 1178 773 1247 δυνάμεις
801 1181 900 1249 τῆς
924 1183 1113 1252 ψυχῆς,
1144 1184 1177 1253 ἢ
1205 1185 1272 1236 τὰ
1297 1185 1534 1252 δόγματα
1558 1182 1625 1234 τὰ
1652 1182 1840 1248 ἀληθῆ,
1860 1199 1893 1233 τ

2024 1182 2098 1233 cit
2123 1183 2308 1235 animae
2329 1184 2572 1248 virtutes,
2595 1184 2677 1237 vel
2699 1183 2943 1250 dogmata
2968 1197 3115 1249 vera,
3136 1182 3327 1251 quibus
3350 1181 3539 1234 anima

334 1264 689 1333 συνέχοντα
709 1269 807 1335 τὴν
836 1269 975 1339 ζωὴν
996 1270 1094 1337 τῆς
1113 1272 1302 1340 ψυχῆς.

916 1270 975 1339 ὴν
996 1270 1094 1337 τῆς
1113 1272 1302 1340 ψυχῆς.
2024 1268 2128 1320 vita
2158 1271 2479 1323 continetur.

426 1347 728 1414 Θάνατος
751 1351 1108 1418 ἁμαρτωλῶν
1135 1356 1415 1421 πονηρὸς,
1437 1372 1491 1407 κ.
1515 1371 1563 1405 τ.
1598 1354 1643 1406 ἐ.
1673 1354 1923 1424 Πονηρὸς,

2089 1356 2250 1409 Vens.
2278 1357 2368 1411 22.
2400 1359 2543 1412 Mors
2578 1368 2903 1428 peccatorum
2950 1357 3193 1426 pessima,
3221 1362 3326 1409 etc.
3365 1352 3537 1408 Pessi-

329 1434 665 1499 ἐπίπονος,
694 1439 908 1508 πικρός.
934 1442 1110 1493 Ἔοικε
1137 1442 1191 1493 δὲ
1219 1442 1392 1508 λέγειν
1420 1442 1643 1494 θάνατον
1689 1440 1783 1510 τὴν
1832 1441 1892 1492 κό

2024 1457 2137 1503 ma,
2170 1445 2374 1499 doloris
2420 1447 2593 1512 plena,
2636 1461 2839 1500 amara.
2873 1445 3057 1498 Mortis
3105 1451 3280 1496 autem
3323 1439 3539 1492 nomine

326 1519 533 1573 λασιν
559 1523 895 1593 χωρίζουσαν
919 1526 1090 1596 ψυχὴν
1115 1528 1219 1580 ἀπὸ
1242 1527 1453 1589 κακίας.
1816 1604 1819 1607 η

2020 1532 2231 1584 videtur
2260 1534 2524 1601 appellare
2560 1548 2746 1603 poenas
2785 1535 2980 1602 quibus
3024 1533 3201 1585 anima
3251 1546 3283 1584 a
3335 1527 3536 1581 malitia

2022 1617 2305 1674 divellitur.

314 1699 321 1713 '
422 1693 831 1760 Λυτρὼσεται
904 1698 1113 1763 Κύριος
1180 1699 1378 1763 ψυχὰς
1441 1696 1669 1750 δούλων
1718 1699 1877 1751 αὐτοί

2092 1704 2349 1760 νειε.25.
2374 1707 2599 1761 Redimet
2632 1708 2879 1763 Dominus
2904 1710 3104 1763 animas
3132 1726 3388 1763 servorum
3417 1724 3537 1762 suo-

329 1795 403 1832 κ.
437 1798 501 1832 τ.
545 1783 599 1835 ὲ.
624 1783 833 1851 Λύτρον
864 1785 978 1835 ἐστὶ
1008 1784 1140 1853 δόμα
1176 1802 1227 1836 τι
1269 1788 1377 1845 τοῖς
1422 1785 1690 1852 πολεμίοις
1720 1785 1891 1854 διδόμε

1971 1773 1995 1829 3
2023 1808 2156 1856 runt,
2188 1801 2290 1848 etc.
2334 1786 2731 1864 Redemptionis
2759 1799 2987 1865 pretium
3013 1806 3096 1851 est
3146 1798 3195 1850 id
3243 1796 3383 1865 quod
3409 1795 3534 1849 victi

325 1882 448 1918 νον
483 1868 637 1937 πρὸς
662 1868 769 1921 τῶν
799 1870 1146 1938 ἡττηθέντων,
1174 1871 1206 1939 ἦ
1230 1872 1360 1939 πρὸς
1404 1871 1495 1921 τοῦ
1519 1871 1623 1923 τῶν
1661 1873 1885 1942 ἠττηθέν

2019 1878 2102 1932 vel
2124 1880 2213 1946 qui
2238 1880 2387 1933 victis
2410 1891 2659 1947 praesunt,
2699 1886 2825 1937 dant
2857 1887 3146 1939 victoribus
3171 1884 3413 1937 hostibus
3438 1896 3534 1950 pro

330 1972 472 2007 των
534 1957 931 2026 προνοουμένου
992 1958 1083 2011 ἐπὶ
1138 1958 1376 2028 σωτηρίᾳ
1431 1959 1521 2011 καὶ
1577 1960 1759 2029 ἀφέσει
1811 1961 1893 2012 τῶε

1353 1974 1376 2027 ξι
1431 1959 1521 2011 καὶ
1577 1960 1759 2029 ἀφέσει
1811 1961 1917 2012 τῶν
2019 1969 2193 2024 salute
2220 1977 2275 2022 et
2297 1969 2542 2025 libertate
2565 1972 2916 2040 captivorum.

330 2042 941 2111 αἰχμαλωτισθέντων.

939 2288 1223 2343 ΨΔΔΜΟΣ
1261 2291 1376 2343 ΛΔ’.
2478 2297 2502 2348 Ι

2478 2296 2789 2350 PSALMUS
2825 2297 3055 2350 XXXIV.

422 2422 733 2482 Δίκασον,
764 2419 957 2484 Κύριε,
988 2418 1127 2481 τοὺς
1172 2417 1517 2481 ἀδικοῦντάς
1547 2434 1635 2483 με,
1664 2419 1916 2487 πολέμη-

2081 2424 2240 2479 Vens.
2286 2427 2336 2478 1.
2376 2426 2589 2488 Indica,
2619 2424 2852 2487 Domine,
2884 2434 3115 2477 nocentes
3151 2440 3250 2488 me,
3297 2437 3528 2489 expugna

333 2522 483 2560 σον
516 2504 668 2568 τοὺς
692 2502 1099 2571 πολεμοῦντιὴ
1118 2519 1214 2570 με,
1258 2518 1312 2553 κ.
1353 2518 1404 2553 τ.
1429 2503 1475 2554 ὲ.
1507 2502 1692 2565 Εἰδὼς,
1720 2505 1800 2555 ὅτι
1837 2507 1896 2572 (1]

2016 2514 2371 2581 impugnante:
2416 2527 2518 2575 me,
2543 2522 2645 2566 etc.
2677 2513 2862 2565 Sciens
2888 2512 3213 2572 Iudaeorum,
3246 2512 3335 2577 qui
3381 2510 3524 2562 illum

334 2594 469 2647 τῶν
505 2593 886 2661 ἀδικησάντων
913 2592 1071 2644 αὑτὸν
1107 2590 1356 2643 Ἰουδαίωι
1386 2590 1794 2660 παραπτώματι,
1825 2595 1897 2645 κα¹

2015 2601 2207 2666 injuria
2269 2599 2600 2665 affecerunt,
2661 2600 2831 2665 lapsu,
2881 2611 2936 2653 et
2989 2598 3382 2659 lsraelitarum,
3437 2597 3527 2663 qui

338 2680 804 2749 πολεμησάντων
849 2680 1009 2731 αὑτὸν
1051 2677 1385 2747 Ἰσραηλιτῶν
1436 2678 1779 2746 ἁμαρτήματι
1823 2697 1901 2732 σω

2018 2690 2185 2755 ipsum
2237 2689 2630 2756 impugnarunt,
2659 2696 2894 2753 peccato,
2925 2687 3146 2739 salutem
3206 2685 3316 2737 fore
3361 2685 3532 2752 genti-

338 2769 534 2838 τηρίοι
574 2767 725 2819 ἔσται
761 2769 872 2828 τοῖς
901 2766 1125 2827 ἔθνεσιν,
1183 2766 1312 2832 ὑπὲρ
1352 2764 1457 2816 τῶν
1496 2764 1656 2816 ἐθνῶν
1696 2766 1901 2835 δυνάμει

1967 2824 1982 2843 _
2019 2779 2135 2839 bus,
2167 2790 2261 2843 pro
2286 2775 2532 2843 gentibus
2572 2777 2728 2828 enixe
2773 2784 2917 2835 orat,
2948 2784 3004 2826 ut
3034 2774 3107 2825 illi
3151 2771 3452 2837 iudicentur
3476 2779 3530 2823 et

347 2824 624 2925 τέχεται,
659 2854 749 2906 διὰ
777 2824 1119 2914 τὸ-ὲκείνους
1148 2824 1455 2919 δικασθῆναι
1489 2853 1579 2903 καὶ
1610 2824 1910 2923 πολεμηθῆ-

1962 2824 1982 2847 ,
2020 2824 2135 2839 ν--ι
2167 2824 2257 2843 τη
2287 2824 2529 2843 η-ψη---τ-
2956 2824 3001 2826 η
3062 2824 3105 2825 η
3151 2824 3167 2837 .
3224 2824 3228 2825 ν

1962 2860 1984 2885 ⁴
2014 2873 2398 2931 expugnentur.
2442 2862 2603 2915 Forte
2648 2876 2776 2915 vero
2823 2862 2974 2929 quasi
3028 2861 3093 2912 ad
3129 2860 3384 2926 judicium
3416 2857 3525 2910 crio

339 2961 466 2997 ναι.
511 2943 677 3011 Τάχα
700 2942 757 2992 δὲ
792 2942 884 2993 καὶ
915 2942 989 3002 ὡς
1018 2939 1151 3010 πρὸς
1179 2940 1276 3009 τὴν
1309 2940 1483 3009 κρίσιν
1511 2941 1842 3008 κουφίζονται
1867 2947 1902 2994 oi

2014 2960 2231 3020 guntur,
2263 2953 2351 3018 qui
2386 2950 2472 3003 hic
2509 2949 2832 3016 iudicantur,
2859 2958 2911 3002 et
2940 2957 3329 3015 expugnantur.
3362 2946 3529 2998 Porro

339 3030 610 3084 ἐνταῦθα
659 3026 998 3088 δικασθέντες
1035 3027 1126 3078 καὶ
1163 3025 1565 3095 πολεμηθέντες.
1620 3028 1820 3091 Πάντες
1861 3029 1902 3081 δέ

2010 3051 2195 3091 omnes
2230 3037 2395 3105 iniqui
2428 3036 2660 3100 Christo,
2693 3036 2781 3104 qui
2807 3035 3008 3103 iustitia
3048 3045 3148 3098 est,
3179 3034 3420 3101 injuriam
3449 3031 3529 3086 fa-

339 3123 395 3172 ol.
450 3118 783 3178 ἀδικοῦντες
824 3115 1063 3166 ἀδικοῦσι
1112 3114 1358 3182 Χριστὸν,
1406 3115 1504 3183 τὴν
1541 3116 1902 3186 δικαιοσύνην·

2010 3126 2181 3188 ciunt,
2229 3136 2285 3180 et
2331 3126 2420 3193 qui
2470 3141 2572 3178 non
2621 3126 2815 3177 habent
2869 3123 2918 3176 in
2972 3123 3273 3189 semetipsis
3320 3133 3525 3189 pacem,

342 3208 453 3260 καὶ
490 3209 549 3258 οἱ
578 3204 656 3274 μὴ
691 3204 898 3272 ἔχοντες
928 3204 984 3254 ὲν
1006 3203 1211 3255 ἑαυτοῖς
1241 3204 1455 3271 εἰρήνην
1477 3204 1737 3272 πολέμους
1768 3205 1905 3274 έχου-

2009 3213 2148 3266 bella
2196 3224 2408 3280 gerunt,
2459 3223 2510 3266 et
2536 3212 2800 3266 Christum
2837 3219 3162 3279 oppugnant,
3188 3209 3276 3275 qui
3310 3222 3411 3274 pax
3437 3220 3529 3258 no-

342 3313 429 3358 σι,
461 3294 570 3347 καὶ
594 3292 888 3369 πολεμοῦσι
927 3291 1175 3359 Χριστὸν,
1222 3291 1280 3352 ὅς
1322 3293 1464 3343 ἐστιν
1523 3294 1705 3363 εἰρήνη
1738 3296 1905 3365 ἡμῶν.

2010 3308 2119 3353 stra
2172 3310 2272 3353 est.
2337 3300 2593 3353 Dominus
2650 3306 2867 3360 autem,
2929 3298 3052 3349 dum
3110 3297 3318 3362 iniquos
3382 3293 3525 3361 judi-

339 3385 619 3446 Δικάζων
640 3384 697 3435 δὲ
717 3385 746 3434 ό
770 3381 970 3450 Κύριος
997 3384 1119 3443 τοὺς
1151 3381 1487 3445 ἀδικοῦντας,
1521 3382 1615 3450 τὴν
1650 3384 1705 3433 ὲν
1736 3386 1902 3446 αὐτοῖς

2009 3394 2112 3448 cat,
2164 3386 2494 3452 iniquitatem
2540 3401 2658 3455 qua:
2707 3387 2759 3437 in
2812 3384 2939 3451 ipsis
2990 3391 3094 3444 est,
3147 3382 3340 3448 perdit.
3388 3380 3522 3445 Quin

338 3471 587 3524 ἀδικίαν
609 3469 921 3523 ἀπόλλυσιν.
947 3468 1098 3520 Οὕτω
1129 3468 1185 3518 δὲ
1215 3467 1307 3518 καὶ
1340 3467 1560 3536 πολεμεῖ
1594 3471 1715 3532 τοὺς
1762 3472 1901 3523 πολε-

2009 3481 2064 3524 et
2117 3473 2217 3526 hoc
2268 3473 2425 3525 modo
2478 3481 2742 3541 expugnat
2786 3485 2911 3533 eos,
2965 3469 3053 3536 qui
3101 3469 3302 3537 justum
3355 3480 3524 3533 oppu-

344 3560 612 3631 μοῦντας
640 3559 730 3610 τὸν
758 3558 982 3619 δίκαιον,
1007 3559 1093 3609 ἐπ’
1124 3555 1308 3624 ἀγαθῷ
1338 3556 1443 3608 τῶν
1483 3557 1907 3628 πολεμουμένων,

2010 3570 2211 3628 gnant,
2264 3561 2329 3612 ad
2379 3562 2573 3613 bonum
2615 3573 2799 3614 eorum
2844 3558 2932 3625 qui
2978 3565 3384 3623 expugnantur,
3427 3553 3525 3606 hoc

337 3648 524 3701 τοῦτο
554 3645 749 3707 ποιῶν,
776 3646 851 3706 ὡς
882 3645 945 3697 ἂν
982 3645 1271 3698 παύσαιντό
1293 3661 1417 3697 ποτε
1446 3645 1512 3697 τὰ
1554 3646 1719 3716 ὲχθρὰ
1743 3650 1809 3716 τῇ
1833 3647 1900 3698 δι-

2010 3646 2236 3711 faciens,
2270 3655 2326 3700 ut
2353 3662 2413 3701 ea
2446 3662 2563 3714 quae
2589 3648 2938 3701 adversantur
2964 3644 3203 3711 iustitiae,
3234 3640 3411 3693 facere
3436 3640 3529 3693 de-

340 3735 639 3804 καιοσύνῃ
668 3734 1015 3803 πράττοντες.

668 3734 1015 3803 πράττοντες.
2010 3736 2207 3787 sinant.

424 3832 556 3886 Τοῦ
588 3829 799 3882 αὑτοῦ.
826 3829 986 3880 οὐδὲν
1023 3827 1189 3890 οὕτως
1213 3827 1286 3898 (‘2)
1326 3829 1629 3883 ἀνθίσταται
1657 3833 1766 3892 τοῖς
1805 3830 1914 3883 δαί-

2080 3823 2351 3888 Ejusdem.
2400 3822 2539 3874 Nihil
2567 3835 2715 3889 aeque
2759 3821 3085 3874 daemonibus
3112 3816 3328 3878 resistit,
3356 3830 3416 3868 ac
3441 3814 3525 3881 ju-

343 3935 526 3990 μοσιν
552 3918 633 3979 ὡς
662 3915 969 3984 δικαιοσύνη
1004 3916 1096 3966 καὶ
1119 3916 1332 3982 γνῶσις.

2009 3909 2154 3961 Stitia
2177 3918 2231 3961 et
2257 3909 2502 3961 scientia.
3312 3922 3323 3929 '

435 3999 778 4057 Ἐπιλαόοῦ
802 4000 992 4052 ὅπλου
1021 4000 1116 4051 καί
1140 3999 1368 4065 θυρεοῦ,
1401 4001 1495 4052 καί
1532 3999 1812 4066 ἀνάστηθι
1827 4002 1912 4064 είς

2078 3996 2242 4049 Vens.
2268 3996 2322 4048 2.
2364 3994 2696 4062 Apprehende
2730 4010 2875 4045 arma
2905 4002 2953 4046 et
2979 4003 3197 4056 scutum,
3230 3999 3277 4043 et
3311 4004 3526 4057 exsurge

333 4089 658 4156 βοήθειάν
680 4104 781 4155 μοι
800 4125 814 4146 ,
843 4102 898 4137 κ.
929 4103 980 4139 τ.
1009 4087 1053 4137 ὲ.
1086 4105 1105 4136 ι
1133 4086 1369 4155 Λήψεται
1396 4087 1686 4140 πανοπλίαν
1720 4088 1792 4155 (3)
1821 4088 1896 4138 τὸι

1961 4082 2065 4168 )in
2113 4081 2430 4149 a‘djutorium
2478 4081 2622 4139 mihi,
2681 4089 2783 4133 etc.
2841 4096 2859 4129 ι
2914 4078 3150 4146 Accipiet
3200 4085 3524 4129 armaturam

340 4175 526 4245 ζῆλον
554 4172 745 4235 αὑτοῦ,
781 4172 875 4223 και)⁸
894 4172 1236 4240 ὁπλοποιήσει
1269 4172 1363 4242 τὴν
1387 4173 1557 4226 κτίσιν
1598 4175 1676 4235 είς
1707 4173 1903 4241 ἄμυναν

1966 4162 1973 4167 ’
2014 4168 2173 4238 650
2206 4168 2375 4222 zelum
2409 4166 2628 4229 illius,et
2657 4165 2884 4219 armabit
2925 4173 3220 4218 creaturam
3266 4164 3331 4216 ad
3376 4162 3529 4215 ultio-

336 4262 465 4314 τῶν
496 4260 732 4329 ἐχθρῶν.
751 4257 1048 4315 Ἐνδύσεται
1076 4256 1292 4328 θώρακα
1321 4259 1673 4328 δικαιοσύνην,
1698 4263 1788 4313 καὶ
1815 4277 1899 4325 πε-

2014 4270 2131 4308 nem
2174 4256 2529 4308 inimicorum.
2554 4254 2742 4306 lnduet
2783 4266 2879 4319 pro
2923 4252 3139 4305 thorace
3163 4251 3441 4317 justitiam,
3472 4256 3527 4301 et

340 4348 650 4416 ριθήσεται
676 4342 876 4411 κόρυθα
903 4342 1078 4410 κρίσιν
1096 4343 1448 4414 ἀνυπόκριτον
1466 4363 1479 4375 ·
1502 4346 1714 4414 λήψεται
1752 4347 1903 4399 ἀσπί-

2014 4342 2238 4409 accipict
2275 4356 2369 4410 pro
2394 4341 2538 4409 galea
2569 4340 2825 4407 judicium
2858 4349 3083 4401 certum,
3117 4348 3291 4392 sumet
3321 4347 3525 4391 scutum

334 4433 411 4486 δα
440 4429 877 4497 ἀκαταμάχητον
901 4428 1153 4496 ὁσιότητα
1173 4445 1187 4458 ⁸
1226 4428 1399 4491 όξυνεϊ
1429 4431 1484 4482 δὲ
1526 4431 1792 4498 ἀπότομον
1828 4432 1897 4499 6p-

2012 4428 2424 4497 iuexpugnabile
2449 4426 2775 4493 aequitatem,
2802 4434 2958 4477 acuet
2981 4434 3158 4477 autem
3188 4425 3370 4477 duram
3394 4422 3525 4475 iram

337 4520 455 4589 γὴν
486 4519 571 4577 είς
606 4514 892 4584 ῥομφαίαν.
925 4532 943 4563 ι
975 4513 1190 4565 Τούτων
1222 4515 1378 4585 χρείᾳ
1413 4516 1602 4584 φησιν·
1643 4533 1661 4565 ι
1697 4516 1900 4568 Ἐπιλα-

2013 4517 2067 4567 iu
2105 4514 2460 4568 lauceam".»
2486 4512 2771 4581 Propterea
2850 4512 2979 4568 dicit
3051 4529 3066 4564 :
3108 4528 3128 4562 ι
3182 4508 3527 4579 Appreltende

338 4604 447 4656 δοῦ
475 4601 651 4656 ὅπλου
681 4601 774 4651 καὶ
800 4598 1010 4668 θυρεοῦ,
1049 4619 1068 4649 ι
1107 4600 1314 4669 ’Ὥσπερ
1342 4601 1398 4652 δὲ
1429 4604 1809 4669 συγκόπτουσιν
1860 4605 1901 4655 oi

2012 4616 2160 4655 arma
2211 4611 2263 4656 et
2313 4612 2541 4655 scutum.
2600 4620 2618 4651 ι
2669 4600 3117 4665 Quemadmodum
3151 4608 3328 4651 autem
3364 4595 3525 4662 justi,

335 4692 560 4745 δίκαιοι
588 4686 954 4750 τελειωθέντες
1001 4687 1102 4748 τὰς
1146 4688 1415 4756 μαχαίρας
1444 4693 1522 4752 είς
1567 4690 1786 4760 ἄροτρα,
1817 4690 1898 4742 καὶ

2013 4704 2131 4741 cum
2162 4688 2273 4755 jam
2308 4688 2526 4756 perfecti
2559 4687 2777 4748 fuerint,
2829 4685 3059 4738 conﬂant
3106 4686 3304 4755 gladios
3353 4686 3405 4737 in
3438 4697 3528 4735 vo-

336 4781 448 4842 τὰς
473 4777 701 4843 ζιὸύνας
724 4774 897 4828 αὐτῶν
918 4775 997 4835 εἰς
1023 4774 1292 4842 δρέπανα⁹
1331 4775 1477 4828 οὕτω
1521 4779 1654 4847 μετὰ
1697 4778 1792 4838 τὰς
1822 4794 1899 4829 κο-

2013 4793 2204 4842 meres,
2238 4786 2292 4831 et
2335 4779 2543 4831 lanceas
2581 4792 2702 4831 suas
2746 4776 2797 4827 in
2841 4774 3001 4832 falces
3029 4779 3071 4810 “
3102 4779 3216 4831 :sic
3256 4782 3377 4841 post
3405 4786 3528 4838 sup-

336 4865 543 4926 λάσεις
576 4861 925 4931 μεταποιήσει
950 4853 1062 4928 τὴν
1083 4861 1273 4912 ἑαυτοῦ
1296 4864 1597 4918 πανοπλίαν
1618 4868 1646 4916 ό
1670 4865 1797 4926 Θεὸς
1821 4865 1899 4916 nam

2012 4865 2190 4932 plicia,
2210 4876 2483 4920 convertet
2507 4878 2830 4923 armaturam
2856 4885 3003 4925 suam
3026 4868 3163 4920 Deus
3189 4864 3357 4917 zelum
3373 4873 3526 4913 suum

341 4952 520 5023 ζῆλον
543 4951 708 5005 αὐτοῦ
733 4953 810 5011 είς
841 4948 1089 5019 εἰρηνικὰ
1115 4947 1406 5016 ἐνδύματα,
1434 4954 1529 5004 καὶ
1573 4954 1660 5005 τὸν
1694 4952 1904 5022 θώρακα

2015 4952 2065 5005 in
2097 4955 2315 5021 pacifica
2354 4956 2680 5024 indumenta,
2709 4970 2762 5012 et
2794 4960 3062 5013 thoracem
3098 4958 3148 5008 in
3183 4952 3429 5020 poderem
3459 4961 3520 4998 ac

340 5045 428 5106 είς
454 5042 669 5110 ποδήρη
701 5040 792 5090 καὶ
823 5038 1023 5104 λόγιον,
1078 5034 1175 5101 τὴν
1202 5035 1251 5086 δὲ
1302 5037 1528 5106 κόρυθα
1584 5045 1661 5104 είς
1704 5042 1903 5110 κίδαριν

2018 5040 2295 5103 rationale,
2329 5042 2533 5108 galeam
2563 5057 2687 5097 vero
2722 5027 2991 5096 in‘tiaram
3038 5033 3434 5094 sacerdotalem,
3472 5038 3525 5081 et

340 5129 655 5198 ιερατικὴν,
684 5126 779 5194 τὴν
800 5125 853 5177 δὲ
878 5122 1171 5190 ἀσφάλειαν
1192 5123 1263 5184 είς
1284 5124 1403 5188 τὴν
1442 5129 1507 5179 ἐν
1554 5131 1741 5200 εἰρήνῃ
1780 5129 1903 5181 ὁσιό-

2016 5128 2402 5183 munimentum
2454 5130 2508 5183 in
2553 5132 2698 5199 pacis
2734 5112 3058 5198 aequitatem,
3091 5133 3243 5190 atque
3289 5117 3423 5170 iram
3471 5116 3526 5168 ἱο

414 5309 461 5340 ¹⁸
491 5304 633 5358 Psal.
663 5319 715 5365 ι..
753 5300 837 5354 19.
910 5297 953 5326 ³⁵
977 5295 1099 5360 Sapo
1139 5299 1286 5359 $518.
1404 5298 1464 5330 “
1515 5302 1618 5356 lsa.
1658 5317 1716 5367 ιι,
1744 5304 1799 5356 4.

403 5488 483 5551 (1)
507 5480 717 5551 Ειᾷῲς.
750 5476 849 5551 ότι,
878 5468 1174 5551 etcLCaten-a
1201 5478 1558 5551 card-em.
1831 5498 1844 5510 .

2003 5489 2082 5543 dte
2106 5487 2314 5548 Grahii,
2339 5494 2392 5537 et
2419 5484 2611 5536 Catena
2641 5476 2873 5551 Barbari.
3002 5542 3034 5551 _
3077 5550 3083 5551 γ
3172 5550 3183 5551 7
3216 5530 3431 5551 an)“,

501 5530 899 5600 ὖῦδένῖὀῦτώς.
923 5542 1012 5584 οισι
1062 5530 1228 5598 (ιόάυί
1251 5530 1719 5615 (ἔόίἐίίἰῖἰιιιιυε.
1748 5557 1902 5623 scite:

2005 5530 2823 5621 ΝίέῖΧῆὖεῖαἶῖέάνοπλίαν,
2851 5552 2955 5598 etc.
2994 5542 3194 5599 Catena
3215 5530 3481 5588 Corderil.
