3910 6224
236 210 397 285 s‘5l3
1263 235 1562 292 samem
1595 237 1656 290 ll‘t
1691 236 2022 294 PSALMOS.
2059 269 2128 279 —
2157 240 2348 298 PSAL.
2381 243 2592 300 xxxv.
3309 252 3442 308 ists

264 334 445 393 στεία.
485 352 507 390 t
560 338 676 394 Καὶ
706 344 741 414 ἠ
777 351 1052 420 προσιυχή
1105 367 1201 420 μου
1235 353 1313 414 είς
1339 354 1534 405 κόλπον
1564 370 1662 424 μου
1692 355 1814 407 ἀπο-

1928 357 2096 410 oratio
2117 372 2232 411 mea
2265 360 2316 412 in
2349 361 2465 415 sinu
2502 377 2619 416 meo
2655 374 3013 422 convertetur.
3065 385 3085 419 ι
3117 368 3302 422 Sinum
3337 370 3440 425 hoc

275 431 676 503 στραφήσεται.
709 451 728 484 s
759 436 975 490 Κόλπον
1005 439 1097 491 νῦν
1133 440 1221 492 τὸν
1259 441 1378 492 νοῦν
1408 441 1674 510 ὀνομάζει.

1923 441 2038 494 loco
2061 457 2292 498 mentem
2333 458 2504 501 vocat.

355 518 528 574 Ἐπεί
523 521 727 588 ρασάν
742 540 840 590 με,
869 526 937 588 ἐξ
939 543 1112 594 εμυκτ
1120 527 1334 594 ήρισὰν
1341 546 1413 594 με
1425 529 1814 598 μυκτηρισμῷ,

1990 531 2150 584 Vens.
2203 533 2288 585 16.
2332 534 2672 588 Tentaverunt
2717 553 2818 602 me,
2863 544 3310 596 subsannaverunt
3361 561 3438 596 me

269 625 325 662 κ.
365 625 421 662 τ.
455 609 506 661 t.
551 610 720 662 Ἐλεῖν
758 614 819 663 οὐ
853 613 1164 681 δυνηθέντες
1197 617 1305 683 (15)
1339 617 1404 668 δι’
1440 611 1512 668 ὧν
1537 618 1814 686 ἐπειράθη-

1920 622 2337 684 subsannatioue,
2375 633 2478 677 etc.
2527 624 2656 677 Cum
2694 641 2778 679 me
2837 643 3025 695 capere
3075 647 3177 685 non
3227 641 3440 700 possent

269 710 397 757 σαν,
428 695 598 766 χλεύη
636 697 767 763 γοῦν
800 701 1202 768 παρεμυθοῦντο
1235 702 1366 770 πρὸς
1390 703 1507 770 ἐμὲ,
1554 705 1643 754 καὶ
1673 704 1814 772 δίκην

1922 722 2016 774 per
2057 723 2118 761 ea
2163 723 2278 774 quae
2322 713 2786 776 machinabantur,
2829 718 3110 783 Opprobria
3155 695 3436 773 adversum

265 783 332 853 θη
343 784 463 852 ρῶν
495 785 704 854 ἀγρίων
727 785 852 847 τοὺς
877 788 1107 850 ὀδόντας,
1142 791 1232 841 καὶ
1255 790 1350 857 τὴν
1378 791 1593 859 όργίλην
1620 792 1711 842 καὶ
1736 792 1814 842 θυ-

1921 811 2005 849 me
2029 799 2418 862 excogitaruut,
2448 809 2501 852 et
2527 815 2674 853 more
2705 800 2933 854 ferarum
2958 804 3438 869 silvestrium,den-

267 871 530 942 μωτικὴν
560 873 739 924 αὐτῶν
779 874 1001 942 δύναμιν
1044 877 1126 926 ἐπ’
1161 876 1256 943 ἐμὲ
1298 875 1546 944 ἐὸρυξαν·
1584 893 1814 944 καταφα-

1924 894 2002 936 tes
2030 893 2084 937 et
2130 885 2450 939 irascibilem
2481 901 2545 940 ac
2592 888 2926 942 furibuudatu
2961 893 3060 943 vim
3090 907 3236 945 suam
3273 895 3323 946 iu
3352 909 3437 948 me

260 960 388 1023 γεῖν
429 975 502 1028 με
529 959 640 1029 γὰρ
665 959 924 1022 θέλοντες,
955 961 1239 1028 ἀπέτυχον.

1923 969 2200 1024 fremendo
2231 973 2490 1026 acuebant
2528 991 2544 1038 ;
2629 975 2892 1042 siquidem
2927 978 3187 1030 devorare
3214 994 3298 1032 me
3340 995 3435 1032 vo-

1922 1055 2114 1118 lentes,
2145 1052 2380 1111 frustrati
2411 1069 2553 1112 sunt.

1989 1143 2147 1197 Vsus.
2183 1147 2266 1200 l9.
2298 1147 2420 1199 Non
2445 1150 2856 1216 supergaudeant
2881 1151 3008 1202 mihi
3041 1150 3129 1217 qui
3153 1151 3438 1204 adversan-

1919 1241 2002 1284 tur
2027 1233 2150 1285 mihi
2191 1235 2381 1302 inique,
2432 1245 2536 1288 etc.
2585 1237 2683 1300 Qui
2727 1238 2870 1305 justo
2901 1247 3115 1305 propter
3161 1238 3422 1306 justitiam

1919 1321 2288 1384 adversantur,
2319 1322 2513 1389 injuste
2542 1323 2910 1376 adversantur.

1987 1407 2148 1460 Vsus.
2182 1407 2269 1460 20.
2305 1408 2562 1472 Quoniam
2601 1412 2728 1464 mihi
2755 1413 2959 1479 quidem
2999 1414 3212 1481 paciﬁce
3255 1414 3433 1483 loque-

239 1483 506 1548 δόλους
534 1484 941 1552 διελογίζοντο,
973 1503 1026 1537 κ.
1053 1503 1102 1538 τ.
1129 1487 1175 1537 ἐ.
1200 1504 1218 1536 t
1246 1485 1465 1537 Ἔσεσθε
1501 1503 1520 1536 s
1553 1485 1656 1555 γὰρ
1688 1486 1814 1555 (15),

1918 1498 2146 1560 bantur,
2204 1508 2251 1550 et
2306 1499 2360 1550 in
2413 1500 2684 1552 iracundia
2734 1501 2882 1553 dolos
2927 1504 3262 1571 cegitabant,
3325 1514 3430 1558 etc.

237 1571 464 1640 φησιν,
505 1589 526 1621 s
568 1572 643 1633 ὼς
673 1572 805 1634 θεοὶ,
832 1573 1179 1639 γινώσκοντες
1211 1574 1368 1627 καλὸν
1395 1575 1486 1627 καὶ
1515 1575 1760 1645 πονηρόνο
1793 1595 1812 1626 ι

1923 1601 1942 1634 ι
2017 1584 2210 1638 Eritiss
2240 1586 2381 1638 enim
2412 1628 2426 1650 ,
2485 1587 2656 1654 inquit
2701 1587 2814 1650 “,t
2844 1589 2981 1642 sicut
3027 1589 3145 1652 dii,
3205 1591 3432 1644 scientes

235 1659 558 1728 εἰρηνικὸς
586 1660 692 1730 γὰρ
724 1655 874 1723 οὗτος
901 1664 928 1713 6
955 1661 1126 1728 λόγος.

1921 1670 2112 1723 bonum
2171 1681 2226 1726 et
2293 1673 2508 1726 malum.
2579 1691 2599 1724 ι
2654 1672 2919 1726 Paciﬁcus
2976 1676 3115 1728 enim
3169 1685 3283 1729 erat
3345 1677 3432 1730 hic

1914 1769 2107 1810 sermo.

1985 1845 2143 1898 Vsus.
2188 1845 2278 1898 25.
2316 1845 2424 1898 Nec
2465 1848 2688 1898 dicant:
2735 1847 3096 1901 Devorarimus
3139 1865 3271 1912 eum,
3327 1858 3433 1906 etc.

1914 1931 2113 1985 Paulus
2159 1933 2320 1986 etiam
2367 1935 2434 1985 de
2484 1935 2685 1987 incesto
2739 1935 3014 1990 Corinthio
3051 1936 3127 1988 ait
3157 1937 3198 1967 "
3230 1954 3244 1989 :
3279 1953 3298 1986 ι
3355 1937 3432 1990 Ne

1917 2019 2049 2072 forte
2091 2021 2465 2073 abundantiori
2507 2021 2722 2074 tristitia
2771 2023 3122 2076 absorbeatur
3157 2024 3245 2090 qui
3291 2023 3434 2089 ejus-

1918 2107 2054 2158 modi
2085 2118 2184 2158 eSt.
2229 2123 2248 2155 ι

1985 2191 2143 2244 Vsus.
2177 2191 2264 2244 26.
2300 2190 2597 2243 lnduamur
2631 2194 2932 2258 confusione
2957 2203 3003 2245 et
3041 2203 3316 2246 reverentta
3341 2195 3427 2260 qui

325 1131 442 1199 Μὴ
476 1132 910 1199 ἐπιχαρείησάν
942 1149 1042 1200 μοι
1076 1135 1129 1184 οι
1155 1133 1559 1199 ἐχθραίνοντές
1584 1149 1682 1199 μοι
1716 1149 1824 1198 μα-

252 1220 476 1284 ταίως,
506 1237 562 1271 κ.
595 1237 647 1272 τ.
685 1222 730 1271 ὲ.
767 1220 855 1288 Τῷ
885 1221 1073 1286 δικαίῳ
1112 1221 1219 1288 (14)
1250 1221 1335 1272 διά
1364 1221 1460 1290 τὴν
1490 1221 1822 1290 δικαιοσύνην

246 1305 353 1374 ὲχθ
364 1307 679 1375 ραίνοντες,
711 1307 907 1368 ἀδίκως
931 1307 1280 1377 ὲχθραίνουσι.

327 1396 479 1447 “Urs
511 1395 644 1462 ἐμοὶ
679 1396 794 1462 μὲν
821 1397 1079 1462 ειρηνικὰ
1119 1396 1392 1458 ἐλάλουν,
1430 1397 1525 1448 καὶ
1560 1397 1650 1448 ἐπ’
1679 1396 1821 1465 ὀργῇ

316 1832 517 1899 Μηδὲ
542 1834 847 1886 εῖθιποισιιν⁸
876 1835 1235 1902 Κατεπίομεν
1257 1836 1455 1897 αὐτὸν,
1484 1854 1536 1888 κ.
1561 1853 1609 1888 τ.
1639 1838 1683 1889 ὲ.
1711 1838 1818 1889 Καὶ

229 1923 266 1974 ὁ
305 1919 550 1980 Παῦλός
583 1937 715 1990 φησι
748 1920 856 1988 (16)
891 1921 1014 1989 περὶ
1041 1921 1131 1972 τοῦ
1163 1923 1218 1972 ὲν
1252 1922 1492 1990 Κορίνθῳ
1529 1940 1818 1992 πεπορνευ-

241 2008 457 2070 κότος
505 2027 524 2058 t
574 2010 798 2078 Μήποτε
841 2012 907 2078 τῇ
939 2011 1290 2078 περισσοτέρᾳ
1317 2010 1458 2081 λύπῃ
1493 2011 1761 2080 καταποθῇ
1791 2014 1819 2064 6

256 2095 536 2156 τοιοῦτος.
580 2115 600 2146 s

353 2181 875 2237 Ἓνδυσὰσθωσαν
933 2185 1226 2250 αἰσχύνην
1279 2185 1376 2236 καί
1430 2185 1720 2252 ἐντροπὴν
1766 2189 1819 2240 οἱ

260 2271 944 2340 μεγαλορῤημονοῦντες
967 2271 1058 2322 ἐπ’
1101 2271 1222 2338 ἐμὲ,
1259 2289 1312 2324 κ.
1345 2290 1397 2325 τ.
1436 2274 1480 2324 ὲ.
1513 2275 1573 2325 Οί
1616 2275 1710 2342 μὲν
1742 2277 1819 2336 είς

265 2359 360 2412 τὸν
389 2358 630 2426 Χριστὸν
675 2357 787 2424 (17)
825 2357 1198 2426 βαπτιζόμενοι
1241 2359 1332 2410 τὸν
1357 2360 1584 2427 Χριστὸν
1613 2359 1817 2412 ἐνδύον-

263 2464 382 2508 ται,
419 2445 670 2497 τουτέστι
703 2444 1042 2511 δικαιοσύνην
1079 2445 1172 2496 καὶ
1197 2445 1416 2510 σοφίαν
1456 2447 1504 2496 οι
1537 2446 1592 2496 δὲ
1630 2449 1706 2507 είς
1731 2446 1819 2498 τὸν

266 2535 524 2587 Σατανᾶν
549 2531 926 2602 βαπτιζόμενοι
954 2531 1206 2601 αἰσχύνην
1230 2531 1492 2584 ἐνδύονται
1522 2533 1612 2585 καὶ
1641 2533 1818 2601 ἐντρο-

349 2641 403 2677 ν.

265 2625 458 2764 πήῖέαὶ
495 2710 840 2767 εἰπάτωσαν
889 2708 986 2760 διὰ
1029 2710 1282 2772 παντός’
1320 2706 1748 2777 Μεγαλυνθήτω
1785 2707 1819 2760 δ

266 2800 514 2865 Κύριος,
546 2802 602 2850 οι
631 2798 907 2862 θέλοντες
941 2796 1055 2864 τὴν
1077 2797 1318 2862 εἰρήνην
1342 2798 1444 2849 τοῦ
1474 2797 1690 2849 δούλου
1717 2796 1820 2847 αὑ-

264 2887 402 2949 τοῦ,
430 2905 486 2939 κ.
517 2903 569 2940 τ.
601 2889 645 2939 ἑ.
690 2888 954 2954 Ἀγγέλων
986 2887 1082 2954 μὲν
1109 2886 1213 2955 (18)
1243 2885 1302 2936 τὸ
1323 2887 1409 2938 διὰ
1434 2886 1626 2946 παντὸς
1655 2900 1818 2952 μεγα-

1915 2294 2101 2355 magna
2144 2279 2424 2346 loquuntur
2466 2295 2618 2346 super
2663 2295 2760 2344 me,
2793 2289 2895 2334 etc.
2931 2281 3030 2345 Qui
3075 2283 3126 2333 in
3155 2283 3423 2334 Christum

1914 2363 2280 2430 baptizautur,
2313 2365 2583 2418 Christum
2629 2368 2870 2427 induunt,
2912 2368 3014 2420 hoc
3044 2378 3126 2420 est
3171 2368 3430 2434 justitiam

1913 2457 1967 2501 et
1998 2451 2342 2517 sapientiam;
2372 2451 2461 2516 qui
2493 2459 2666 2504 autem
2700 2451 2752 2502 in
2787 2449 3040 2503 Satanam
3073 2453 3431 2520 baptizantur,

1913 2537 2224 2592 confusione
2257 2539 2542 2592 induuntur
2567 2548 2620 2593 et
2651 2539 2977 2592 reverentia.

1983 2714 2144 2767 Vsus.
2169 2713 2260 2766 27.
2313 2711 2380 2765 Et
2407 2724 2580 2765 uacant
2622 2728 2838 2780 semper,
2873 2713 3231 2783 Hagniﬁcetur
3259 2713 3433 2767 Dami-

1914 2816 2030 2866 nus,
2063 2803 2152 2868 qui
2175 2801 2347 2854 volunt
2376 2817 2551 2868 pacem
2593 2803 2724 2853 servi
2745 2803 2876 2868 ejus,
2911 2811 3014 2855 etc.
3045 2802 3236 2870 Angeli
3288 2817 3432 2855 sem-

265 2889 402 2949 τοῦ,
430 2905 486 2939 κ.
517 2903 569 2940 τ.
601 2889 645 2939 ἑ.
690 2889 954 2954 Ἀγγέλων
986 2889 1082 2954 μὲν
1109 2889 1213 2955 (18)
1243 2889 1302 2936 τὸ
1323 2889 1409 2938 διὰ
1434 2889 1626 2946 παντὸς
1655 2900 1814 2952 μεγα-

265 2977 454 3028 λύνειν
483 2976 578 3028 τὸν
605 2974 805 3044 Κύριον
823 2992 836 3004 ·
877 2973 1170 3043 ἀνθρώπων
1206 2973 1262 3024 δὲ
1289 2973 1350 3025 τὸ
1377 2973 1448 3042 μὴ
1471 2972 1557 3024 διὰ
1590 2971 1811 3031 παντός’

1914 2903 2028 2955 per,
2063 2889 2304 2942 homines
2355 2903 2460 2941 non
2492 2903 2726 2954 semper;
2761 2889 3029 2942 daemones
3057 2903 3155 2942 nec
3200 2901 3428 2957 semper,

1917 2991 2014 3030 nec
2041 2976 2323 3044 aliquando
2357 2975 2701 3044 magniﬁcam
2729 2975 3028 3030 Dominum.

265 3062 544 3133 δαιμόνων
572 3063 629 3114 δὲ
654 3063 715 3114 τὺ
749 3063 881 3131 μήτε
912 3060 996 3113 διὰ
1022 3061 1233 3123 παντὸς,
1269 3061 1402 3128 μήτε
1431 3057 1640 3111 ποσοῦν.

833 3227 1119 3278 ΨΑΛΜΟΣ
1150 3225 1270 3277 AE'.

343 3320 470 3371 Οὐκ
508 3315 646 3368 ἔστι
680 3315 864 3382 φόϐος
889 3313 1032 3365 Θεοῦ
1061 3311 1341 3364 ἀπέναντι
1365 3308 1481 3361 τῶν
1508 3311 1818 3377 ὀφθαλμῶν

2290 3227 2447 3296 652
2498 3225 2809 3281 PSALMUS
2843 3227 3054 3282 xxxv.

1981 3315 2144 3369 Vsus.
2189 3315 2245 3367 2.
2296 3315 2414 3368 Νοη
2461 3326 2534 3368 est
2586 3318 2740 3367 timor
2781 3315 2874 3366 Dei
2921 3329 3040 3368 ante
3081 3319 3254 3372 oculos
3295 3321 3427 3390 ejus,

267 3407 478 3467 αὐτοῦ,
509 3421 567 3456 κ.
598 3421 649 3455 τ.
693 3403 740 3452 ὲ.
764 3400 854 3469 Τῷ
882 3402 990 3468 γὰρ
1019 3399 1166 3466 φόϐῳ
1195 3397 1303 3466 (19)
1342 3397 1541 3463 Κυρίου
1589 3397 1816 3450 ἐκκλίνει

270 3497 378 3556 πᾶς
413 3495 530 3546 ἀπὸ
562 3491 756 3544 κακοῦ.

341 3585 478 3636 Ὅτι
511 3581 816 3633 ἐδόλωσεν
843 3575 1092 3630 ἐνώπιον
1121 3574 1321 3638 αὐτοῦ,
1359 3573 1461 3626 τοῦ
1487 3573 1677 3640 εὑρεῖν
1706 3574 1813 3640 τὴν

266 3671 534 3740 ἀνομίαν
585 3665 771 3720 αὐτοῦ
814 3666 912 3717 καὶ
944 3663 1217 3733 μισῆσαι,
1258 3677 1311 3712 κ.
1364 3678 1416 3712 τ.
1462 3662 1508 3712 ὲ.
1548 3661 1620 3712 Τὸ
1665 3678 1684 3711 ι
1729 3662 1816 3712 εὑ-

271 3762 382 3828 ρεῖν
414 3757 535 3827 (20)
573 3774 594 3807 s
623 3754 744 3808 ἀντὶ
772 3753 863 3805 τοῦ
903 3771 922 3802 ι
960 3751 1246 3818 ἐπιγνῶναι
1275 3767 1294 3800 s
1329 3751 1516 3801 κεῖται.
1546 3747 1688 3819 Πλὴν
1723 3749 1818 3818 ζη-

266 3845 469 3915 τητέον
501 3846 549 3896 εί
585 3845 613 3895 6
636 3839 888 3910 ἐγνωκὼς
910 3839 1008 3909 τὴν
1028 3837 1252 3906 ἀνομίαν
1270 3836 1342 3899 ὡς
1364 3837 1586 3906 ἀνομίαν
1610 3837 1818 3898 πάντως

267 3937 361 3987 καὶ
395 3933 574 4004 μισεῖ.

341 4023 424 4075 Τὰ
445 4019 692 4087 ῥήματα
723 4014 828 4067 τοῦ
851 4013 1140 4080 στόματος
1171 4009 1352 4063 αὐτοῦ
1377 4009 1585 4078 ἀνομία
1604 4008 1699 4061 καί
1720 4007 1818 4060 δό-

262 4115 394 4176 ⁸ιος,
428 4126 490 4160 κ.
521 4123 576 4158 τ.
617 4105 666 4156 ὲ.
707 4101 930 4172 Ἕτερός
963 4117 1092 4168 φησι
1134 4098 1262 4168 (21)·
1298 4117 1317 4149 s
1367 4099 1446 4151 Τὰ
1483 4099 1695 4168 ῥήματα
1723 4097 1815 4149 τοῦ

1911 3414 2016 3458 etc.
2085 3403 2298 3456 Timore
2357 3406 2502 3458 cnim
2564 3404 2772 3456 Domini
2827 3405 3055 3470 quilibet
3107 3407 3343 3462 declinat
3397 3424 3428 3460 α

1911 3491 2070 3544 malo.

1984 3574 2140 3628 Vens.
2167 3576 2219 3629 ὅ.
2254 3574 2512 3638 Quoniam
2535 3574 2711 3626 dolose
2751 3576 2851 3641 egit
2893 3577 2944 3628 in
2991 3586 3259 3642 conspectu
3295 3579 3430 3646 ejus,

1909 3674 1965 3719 ut
1996 3666 2298 3732 inveniatur“
2321 3665 2566 3732 iniquitas
2591 3664 2703 3731 ejus
2731 3665 2799 3717 ad
2831 3663 3025 3726 odium,
3068 3675 3172 3721 etc.
3205 3682 3224 3717 ι
3262 3666 3421 3719 lnve-

1910 3751 2027 3804 nire
2057 3767 2077 3800 ι
2107 3750 2319 3818 ponitur
2353 3764 2454 3817 pro
2491 3766 2510 3798 ι
2549 3750 2878 3816 dignoscere.
2929 3767 2947 3801 ι
2978 3751 3245 3804 Cancrum
3275 3765 3424 3817 qua:-

1913 3837 2134 3893 rendum
2165 3846 2246 3891 est
2273 3851 2341 3889 an
2369 3836 2458 3904 qui
2505 3836 2652 3890 novit
2685 3836 3043 3905 iniquitatem,
3097 3835 3241 3891 illam
3267 3839 3427 3892 etiam

1913 3934 1972 3980 ut
1995 3926 2330 3994 iniquitatem
2355 3925 2575 3978 omnino
2600 3923 2796 3978 oderit.

1983 4013 2142 4068 \‘sns.
2179 4013 2236 4067 4.
2277 4011 2444 4066 Verba
2483 4013 2590 4066 oris
2613 4011 2727 4079 ejus
2751 4011 2993 4080 iniquitas
3019 4021 3067 4065 et
3111 4012 3281 4075 dolus,
3321 4021 3426 4068 etc.

1914 4102 2065 4156 Alius
2095 4103 2223 4155 ait:
2266 4119 2286 4154 ι
2322 4101 2492 4155 Verba
2541 4101 2654 4154 oris
2707 4097 2822 4169 ejus
2869 4097 3122 4166 iniquitas
3163 4108 3220 4153 et
3265 4101 3430 4154 mole-

267 4199 546 4267 στόματος
581 4189 746 4245 αὑτοῦ
775 4188 968 4258 ἀνομία
996 4189 1090 4241 καὶ
1113 4187 1294 4248 κόπος,
1334 4205 1353 4238 ι
1388 4187 1653 4239 τουτέστιν
1679 4187 1813 4240 ὲπα-

1915 4189 2036 4253 stia,
2076 4205 2096 4239 ι
2132 4188 2182 4242 id
2208 4195 2292 4242 est
2318 4187 2522 4256 gravia,
2549 4187 2621 4240 ita
2654 4195 2711 4240 ut
2742 4185 3038 4240 molestiam
3074 4186 3334 4242 lacessant
3365 4187 3430 4242 iis

267 4287 395 4357 χθῆ,
443 4285 524 4346 ὡς
562 4281 730 4335 κόπον
779 4279 1020 4346 ἐμποιεῖν
1062 4279 1172 4336 τοῖς
1215 4275 1579 4345 προσέχουσιν.
1632 4291 1652 4325 s
1699 4277 1813 4328 Οὐκ

268 4370 552 4442 ἠϐουλήθη
592 4365 841 4418 συνιέναι.
888 4381 908 4416 s
937 4362 1102 4431 Δῆλον
1125 4364 1188 4414 ὲκ
1210 4361 1316 4415 τῶν
1345 4361 1659 4430 εἰρημένων,
1690 4361 1762 4422 ὡς
1783 4361 1812 4412 6

267 4461 596 4532 παράνομος
620 4455 718 4507 οὑκ
747 4455 812 4504 ὲκ
841 4450 1174 4518 κατασκευῆς
1197 4451 1308 4501 ἐστι
1337 4449 1591 4510 τοιοῦτος·
1621 4448 1680 4500 τὸ
1707 4449 1812 4518 γὰρ

268 4551 344 4621 μὴ
378 4545 673 4618 βούλεσθαι
702 4542 910 4595 σύνεσιν
941 4541 1081 4610 ἐχειν
1109 4539 1199 4590 ἐπὶ
1219 4536 1294 4606 τῷ
1317 4537 1491 4624 ἀχαθὰ
1520 4539 1688 4589 ποιεῖν
1712 4539 1811 4590 αύ-

269 4636 574 4702 τεξουσίου.
615 4633 736 4684 Ἔτι
774 4631 831 4684 δὲ
856 4629 989 4700 πρὸς
1029 4626 1234 4689 τούτοις
1268 4643 1285 4674 ι
1327 4625 1549 4693 ἀνομίαν
1590 4625 1810 4692 διελογί-

269 4743 419 4789 σατο,
449 4743 470 4776 s
499 4724 595 4776 καὶ
622 4720 692 4773 τά
716 4717 858 4788 ἑξῆς.
885 4715 1134 4770 Τοιοῦτόν
1166 4715 1280 4766 ἔστι
1307 4712 1367 4764 τό
1384 4728 1397 4741 ⁸
1431 4729 1450 4762 t
1486 4711 1620 4764 Οὐαὶ
1647 4714 1696 4764 οἱ
1723 4716 1811 4782 ep-

276 4816 564 4885 ίαζόμενοι
595 4809 740 4862 κακά
776 4808 867 4860 ἐπὶ
898 4807 996 4876 τῆς
1030 4805 1210 4873 κοίτης
1239 4800 1438 4862 αὐτῶν,
1475 4801 1568 4852 καὶ
1599 4803 1714 4870 ἅμα
1743 4807 1808 4873 τῇ

339 4909 382 4940 ⁸⁸
411 4905 555 4959 Gen.
591 4917 678 4965 ιιι,
706 4899 761 4952 5.
835 4898 877 4930 “
907 4897 962 4951 2.
985 4895 1107 4950 Cor.
1132 4909 1188 4960 tt,
1219 4893 1274 4944 7.
1343 4893 1389 4923 ³⁸
1415 4891 1571 4944 MiCh.
1599 4907 1660 4956 ll.
1690 4895 1741 4952 1.

360 5023 452 5078 15)
491 5017 685 5072 Ἐλεῒν
704 5017 774 5068 οὐ
803 5011 1163 5078 δυνηθέντες,
1192 5015 1295 5078 e_tc_.
1327 5005 1522 5078 Catena
1545 5006 1812 5069 Corderii.

363 5073 455 5150 ᾖ)
497 5086 584 5150 Τῷ
617 5084 838 5150 δικαίῳ,
871 5073 974 5134 etc.
1001 5073 1573 5150 quex_Coislinianus.

363 5025 428 5078 ιδ
491 5023 685 5072 Ἐλεῖν
704 5023 774 5068 οὐ
803 5023 1163 5078 δυνηθέντες,
1192 5023 1295 5060 etc.
1331 5023 1522 5058 Catena
1545 5023 1812 5069 uoraertl.

363 5093 432 5145 ιι
497 5086 584 5150 Τῷ
617 5084 838 5146 δικαίῳ,
871 5091 974 5134 etc.
1001 5079 1176 5131 Codex
1199 5073 1573 5127 Coislinianus.

363 5023 455 5223 15}
486 5153 746 5223 Ἕσεσᾷε
767 5149 875 5223 γᾴρ
893 5184 916 5223 ,_
937 5156 1037 5223 etc.
1064 5142 1254 5196 Partim
1283 5152 1348 5191 ex
1375 5141 1554 5194 eodem
1600 5144 1813 5209 codice,

267 5213 1059 5297 ιηὶιίιὶιεξεζιθέίεζίὲξδωῖμ,
1217 5270 1292 5297 ιη-
1318 5274 1490 5297 ω-..
1516 5275 1650 5297 --.ε

337 5270 470 5360 {ivli-)—
483 5270 902 5360 Ιξᾶίᾷμαῦλός
921 5291 1078 5345 φησι,
1095 5283 1193 5328 etc.
1215 5270 1293 5323 Ex
1315 5274 1491 5327 eodem
1512 5275 1739 5342 codice,
1757 5286 1811 5333 et

265 5354 796 5492 st-lzfg;sotiggtoslc
818 5412 1071 5478 Χριστόν,
1105 5413 1187 5459 etc
1230 5402 1310 5457 Es
1336 5410 1514 5464 eodem
1543 5409 1772 5466 codice.

335 5025 357 5229 Ξ

1914 4277 2005 4345 qui
2033 4277 2332 4331 attendunt.
2371 4292 2391 4326 t
2421 4274 2602 4329 Noluit
2631 4273 2948 4344 intelligere.
2981 4293 3001 4324 ι
3032 4274 3110 4328 Ex
3137 4275 3294 4329 dictis
3319 4291 3430 4329 ma-

1913 4363 2164 4417 nifestum
2193 4372 2300 4426 est,
2324 4363 2564 4432 iniquum
2588 4376 2693 4415 non
2709 4376 2775 4416 es
2798 4363 3068 4416 creatione
3091 4363 3251 4416 talem
3276 4377 3427 4418 esse:

1913 4451 2051 4505 nolle
2086 4450 2282 4519 quippe
2301 4451 2702 4517 intelligentiam
2730 4450 2925 4504 habere
2947 4451 3012 4504 ad
3043 4452 3248 4515 agenda
3271 4452 3429 4514 bona,

1913 4537 2064 4594 liberi
2092 4546 2173 4592 est
2221 4537 2450 4592 arbitrii.
2488 4539 2749 4592 Praeterea
2790 4555 2809 4589 ι
2866 4538 3158 4592 meditatus
3193 4549 3274 4593 est
3326 4541 3430 4592 ini-

1911 4626 2190 4694 quitatem,
2215 4642 2234 4676 ι
2263 4633 2316 4678 et
2347 4639 2465 4693 quae
2494 4636 2807 4692 sequuntur.
2837 4622 3140 4678 Istiusmodi
3171 4627 3430 4680 estetiam

1912 4715 2040 4769 illud
2064 4714 2149 4767 ὀι
2191 4731 2210 4765 ι
2252 4712 2341 4768 Vm
2379 4714 2466 4782 qui
2514 4723 2805 4782 Operantur
2854 4712 2988 4767 mala
3019 4713 3071 4766 in
3105 4713 3270 4767 cubili
3305 4729 3425 4778 suo,

1910 4811 1965 4856 et
2008 4802 2164 4856 simul
2189 4816 2311 4856 cum
2339 4801 2426 4855 die
2451 4801 2786 4868 perfecerunt
2814 4813 2898 4854 ea.
2937 4818 2957 4850 ο
2997 4799 3097 4864 Qui
3145 4797 3304 4866 igitur
3332 4801 3429 4854 hoc

1950 5080 1961 5092 .
1983 5010 2092 5092 (L8)
2106 5008 2395 5092 unua,-
2415 5009 2548 5076 μέν,
2569 5017 2673 5063 etc.
2693 5009 2768 5063 Ex
2785 5009 2968 5064 eodem
2991 5006 3251 5069 codice,et
3273 5005 3426 5056 sche-

1913 5079 2325 5216 dl'suggag'grap
2347 5146 2521 5212 φόϐῳ,
2575 5153 2678 5198 etc.
2727 5141 2902 5196 Codex
2950 5135 3326 5195 Coislinianus,
3374 5144 3429 5188 et

1909 5214 2120 5268 scliedze
2143 5214 2341 5267 Grabii.

2001 5281 2088 5352 20)
2114 5281 2185 5352 Τὸ
2224 5280 2432 5352 εὑρεῖν,
2458 5289 2560 5332 etc.
2587 5277 2745 5352 Iidem
2770 5271 3148 5352 codd.nm_s.s:_”

2001 5285 2088 5352 20)
2119 5285 2185 5333 Τὸ
2224 5285 2432 5346 εὑρεῖν,
2458 5289 2560 5332 etc.
2588 5285 2745 5330 Iidem
2770 5285 2922 5325 coau.
2952 5285 3080 5320 mss.
3118 5331 3148 5343 η

1979 5285 2089 5420 im)
2113 5349 2342 5415 Ἕτερός
2364 5362 2530 5415 φησι,
2558 5355 2662 5399 etc.
2689 5343 2884 5396 Catena
2915 5335 3173 5388 Corderii.
