3910 6280
230 247 399 302 1517
1250 251 1556 307 SELECTA
1592 250 1655 304 IN
1687 252 1770 307 PS

1895 252 2025 308 IOS.
2057 282 2126 294 —
2160 254 2352 314 PSAL.
2391 256 2627 311 XXXVI.
3307 256 3439 312 ἕδη

217 384 299 420 ac.
321 382 379 418 τ.
410 366 460 419 ἑ.
502 366 685 435 Θυμὸς
708 365 851 417 ἐστιν
875 362 985 433 (28)
1007 363 1143 435 ὀργὴ
1163 366 1451 434 ἐπιθυμίας
1481 366 1683 435 ἡμέρου
1707 369 1761 432 ψι

1911 373 2015 420 etc.
2055 366 2224 419 Furor
2251 377 2332 420 est
2365 369 2443 421 ira
2471 384 2573 435 qua
2619 374 2893 423 mansueta
2933 368 3105 423 anima
3142 384 3300 437 supra
3329 390 3438 427 mo-

212 454 352 523 γῆς
378 457 510 507 κατ’
534 453 725 523 ἐξοχὴν
748 453 977 521 ἀμύνης·
1003 455 1135 523 ὀργή
1167 456 1308 506 ἐστιν
1330 453 1505 524 ὄρεξις
1523 455 1756 524 τιμωρία

1905 452 2028 505 dum
2062 454 2331 508 desiderat
2370 456 2667 510 ultionem:
2704 458 2778 510 ira
2807 466 2891 512 est
2919 459 3238 513 desiderium
3277 463 3434 518 ultio-

210 544 497 613 τιμωρία
522 544 580 595 δέ
605 545 718 595 ἐστι
744 542 912 595 κακοῦ
939 544 1306 605 άνταπόδοσις.
1332 563 1349 594 ι
1379 545 1468 613 Μὴ
1502 543 1754 614 παραζήλι

1904 537 2007 599 nis,
2046 538 2177 591 ultio
2205 550 2382 594 autem
2419 542 2538 594 mali
2568 544 2868 599 retributio.
2898 563 2917 594 ι
2948 545 3062 600 Noli
3092 548 3327 602 azmulari
3373 560 3430 605 ut

208 631 389 683 ὥστε
421 629 843 698 πονηρεύεσθαι.
880 648 898 679 ι
928 629 1018 699 Μὴ
1046 628 1158 700 ἴδῃς
1178 629 1349 681 αὐτῶν
1370 631 1467 700 τὴν
1494 630 1752 699 εὑημερία

1903 625 2228 694 maligneris.
2252 646 2271 678 ι
2305 628 2416 681 Non
2448 631 2629 684 videas
2652 646 2836 685 eorum
2880 637 3311 703 prosperitatem,
3333 641 3427 695 sed

208 718 385 772 ἀλλὰ
412 716 746 789 πρόσμεινον
766 718 827 769 τὸ
859 716 1031 779 τέλος,
1065 718 1157 769 καὶ
1176 717 1294 784 ὄψει
1322 718 1409 769 τὸν
1432 717 1665 786 ὄλεθρον.

1445 717 1665 786 Βλεθρον.
1902 724 2148 782 exspecta
2182 716 2337 769 ﬁnem
2369 728 2425 770 et
2460 719 2666 772 videbis
2696 720 2989 775 interitum.

308 808 446 859 Ὅτι
521 810 577 859 οὶ
640 806 1099 874 πονηρευόμενοι
1174 805 1765 871 ἐξολοθρευθήσονται
1785 844 1800 868 ,

1971 804 2128 857 Vens.
2168 806 2220 860 9.
2252 806 2509 869 Quoniam
2556 810 2645 876 qui
2688 810 3059 877 malignantur,
3119 817 3430 870 columina-

202 912 286 947 κ.
310 912 368 949 τ.
401 895 453 946 ὲ.
494 896 568 947 Τὸ
591 894 1031 964 ὲξολοθρευθῆναι
1064 894 1171 964 (29)
1201 895 1350 946 οὐδὲν
1381 894 1563 964 ἕτερόν
1595 895 1740 947 ἐστιν

1901 890 2110 957 buntur,
2138 903 2242 947 etc.
2270 894 2619 950 Esterminari
2650 897 2783 951 nihil
2806 898 2949 952 aliud
2977 909 3058 954 est
3084 915 3244 969 quam
3270 919 3301 958 a
3325 907 3432 960 Deo

199 981 290 1033 τὸ
315 982 590 1033 ἐκπεσεῖν
623 983 688 1033 ὲκ
719 980 875 1033 Θεοῦ.
1182 1020 1188 1027 .

625 983 688 1033 ὲκ
719 980 875 1033 Θεοῦ.
1182 1020 1188 1027 .
1899 979 2169 1033 excidere.

294 1068 426 1121 Καὶ
457 1070 549 1122 ἔτι
577 1070 801 1136 ὀλίγον,
836 1068 930 1120 καὶ
962 1068 1031 1120 οὐ
1057 1068 1140 1136 μὴ
1171 1067 1417 1135 ὑπάρξει
1442 1068 1798 1135 ἁμαρτωλὸς,
1836 1078 1838 1081 ’

1970 1067 2125 1121 Vens.
2167 1067 2248 1121 l0.
2290 1068 2358 1122 Et
2386 1072 2556 1125 adhuc
2605 1072 2882 1141 pusillum,
2919 1083 3093 1128 etnon
3125 1073 3224 1129 erit
3249 1093 3428 1145 pecca-

197 1175 277 1209 κ.
314 1174 375 1211 τ.
423 1158 471 1208 ὲ.
524 1156 896 1224 Ἀμφίδολοςὴ
927 1155 1067 1220 λέξις
1089 1156 1219 1225 (50)·
1256 1156 1419 1225 ἧγὰρ
1459 1155 1740 1224 ἀνύπαρκτ

1897 1158 1995 1215 tor,
2060 1162 2162 1206 etc.
2230 1154 2488 1222 Ambigua
2563 1168 2645 1210 est
2712 1160 2823 1212 haec
2872 1159 3230 1215 locutiozvel
3288 1164 3426 1216 enim

195 1243 389 1295 ἔσται
423 1244 454 1294 ὁ
486 1242 828 1311 ἁμαρτωλὸς,
855 1243 1017 1311 (ὅπερ
1053 1240 1248 1294 οἴονται
1286 1243 1333 1292 οἱ
1376 1238 1649 1298 παντελῶς
1676 1255 1735 1289 το

1898 1236 2210 1289 exsistentia
2242 1240 2442 1293 carebit
2483 1251 2727 1306 peccator
2774 1244 2934 1312 (quod
2963 1245 3274 1299 existimant
3330 1249 3424 1313 illi,

194 1330 481 1399 φαύλους
528 1328 843 1398 φθείρεσθαι
896 1329 1140 1396 λέγοντες
1179 1330 1275 1397 οὐχ
1327 1326 1565 1395 ὑγιῶςο)
1610 1325 1642 1393 ἢ
1679 1343 1738 1380 κα

1895 1322 1983 1386 qui
2011 1338 2204 1390 pravos
2227 1327 2436 1392 penitus
2478 1329 2692 1382 interire
2726 1345 3002 1398 perperam
3047 1333 3313 1402 tradunt),
3344 1336 3426 1389 vel

199 1419 246 1471 ὃ
268 1417 619 1487 ἁμαρτωλός
650 1420 817 1478 ἐστιν,
848 1417 943 1485 οὐχ
976 1418 1223 1487 ὑπάρξει.

1895 1410 1947 1462 in
1972 1420 2226 1478 quantum
2252 1412 2503 1481 peccator
2532 1427 2633 1480 est,
2669 1434 2769 1471 non
2795 1420 2916 1472 erit.

286 1506 416 1559 Καὶ
458 1504 738 1570 ζητήσεις
769 1504 873 1555 τὸν
902 1506 1083 1557 τόπον
1108 1506 1308 1569 αὑτοῦ,
1351 1508 1446 1560 καὶ
1479 1509 1549 1561 οὐ
1586 1508 1670 1577 μὴ
1696 1510 1793 1562 εὕ-

1964 1498 2032 1550 Et
2057 1516 2255 1567 quaeres
2284 1502 2449 1554 locum
2476 1504 2611 1569 (jus,
2636 1514 2682 1557 et
2709 1520 2809 1557 non
2836 1506 3079 1569 invenies,
3114 1515 3217 1560 etc.
3248 1507 3423 1565 Locus

182 1609 354 1660 ρης,
391 1610 452 1644 κ.
491 1608 544 1642 τ.
578 1593 623 1643 ἑ.
658 1591 833 1651 Τόπος
860 1590 970 1659 (51)
1004 1592 1321 1660 άμαρτωλοῦ
1348 1594 1585 1662 ἡκακία.

1004 1592 1321 1660 ἀμαρτωλοῦ
1348 1594 1380 1662 ἡ
1403 1594 1585 1647 κακία,
1892 1589 2185 1647 peccatoris
2210 1598 2289 1642 est
2319 1590 2541 1643 malitia.

278 1684 354 1733 οι
380 1680 459 1732 δὲ
490 1678 699 1745 πραεῖς
738 1678 1255 1745 κληρονομήσουσι
1281 1679 1415 1747 γῆν,
1462 1698 1512 1732 κ.
1551 1698 1602 1733 τ.
1636 1681 1680 1733 ὲ.
1726 1681 1785 1731 Ἦ
1816 1680 1822 1729 J

1959 1671 2115 1727 Vens.
2158 1676 2240 1728 ll.
2282 1675 2548 1729 Mansueti
2582 1686 2753 1730 autem
2783 1679 3165 1733 hareditabunt
3209 1690 3417 1745 terram,

188 1770 286 1838 γῆ
321 1768 433 1821 νῦν
478 1767 592 1835 (52)
633 1765 831 1832 γνῶσιν
876 1765 1151 1834 σημαίνειο
1193 1765 1266 1827 ὡς
1302 1767 1406 1835 γὰρ
1449 1769 1506 1818 ὲν
1546 1767 1689 1835 τόπῳ
1722 1785 1732 1800 ι

1885 1769 1988 1814 etc.
2050 1760 2216 1815 Terra
2273 1764 2374 1818 hoc
2423 1766 2538 1818 loco
2593 1768 2859 1835 signiﬁcat
2916 1770 3198 1823 scientiam
3245 1787 3419 1825 :nam

192 1856 436 1928 θεωρίᾳ
460 1855 679 1922 λέγεται
716 1849 854 1906 εἶναι
882 1854 910 1903 ὀ
941 1853 1079 1914 νοῦς.
1113 1872 1131 1904 ι
1167 1854 1272 1906 Καὶ
1294 1858 1736 1924 κατατρυφήσουσ

1884 1850 2325 1917 contemplatione
2358 1868 2506 1906 mens
2532 1853 2729 1907 dicitur
2761 1868 2877 1908 esse
2915 1865 3165 1923 tanquam
3194 1859 3244 1911 in
3274 1859 3408 1915 loco.

185 1946 302 1998 ἐπὶ
334 1943 550 2014 πλήθει
577 1943 819 2011 εἰρήνης.
856 1960 873 1991 ι
902 1940 1088 2010 Τρυφὴ
1107 1942 1309 1993 δικαίου
1331 1942 1527 2011 πλῆθος
1547 1944 1729 2013 εἰρήνη

1888 1955 1907 1987 ι
1938 1937 2001 1988 Et
2034 1938 2440 1993 delectabuntur
2475 1941 2528 1993 in
2564 1942 2901 1995 multitudine
2941 1945 3104 2011 pacis.
3135 1964 3154 1997 ι
3211 1945 3418 2000 Deliciae

188 2032 433 2101 πλῆθος
476 2031 536 2083 δὲ
580 2031 803 2099 εἰρήνης
845 2030 988 2081 ἐστὶν
1017 2029 1247 2081 ἀπάθεια
1277 2030 1450 2099 ψυχῆς
1492 2030 1628 2099 μετὰ
1650 2048 1732 2097 γνι

1875 2022 2001 2088 justi
2049 2025 2324 2079 multitudo
2370 2028 2537 2093 pacis,
2587 2029 2867 2083 multitudo
2916 2040 3092 2084 autem
3141 2034 3288 2101 pacis
3336 2043 3418 2088 est

187 2137 356 2183 σεως
390 2118 510 2172 τῶν
536 2118 706 2170 ὄντων
728 2115 976 2185 ἀληθοῦς.

1880 2108 2243 2176 impatibilitas
2295 2112 2487 2166 anima:
2528 2128 2650 2166 cum
2696 2129 2819 2167 vera
2872 2129 3054 2169 eorum
3119 2134 3237 2187 qua:
3293 2129 3416 2174 sunt

1357 2259 1363 2265 ο
1879 2195 2200 2257 cognitione.

275 2286 608 2357 Κρεῖσσον
663 2287 867 2353 ὀλίγον
922 2286 1000 2349 τῷ
1053 2287 1255 2349 δικαίῳ
1317 2286 1465 2353 ὑπὲρ
1521 2287 1781 2340 πλοῦτον

1952 2284 2105 2337 Vens.
2146 2284 2233 2337 16.
2275 2284 2462 2339 Melius
2504 2296 2578 2339 est
2615 2290 2873 2341 modicum
2898 2294 3047 2362 justo
3093 2308 3247 2357 super
3277 2295 3407 2347 divi-

184 2373 594 2446 ἁμαρτωλῶν
642 2374 860 2435 πολὺν,
902 2389 954 2425 κ.
1002 2391 1052 2426 τ.
1108 2377 1153 2426 ἑ.
1189 2376 1448 2445 Κρεϊσσον
1473 2375 1620 2443 ὀλίγη
1669 2377 1728 2444 (5]

1875 2372 1973 2425 tias
1993 2382 2313 2439 peccatorum
2334 2374 2547 2439 multas,
2571 2384 2675 2429 etc.
2701 2376 2887 2430 Melior
2909 2386 2990 2430 est
3013 2380 3214 2434 modica
3243 2382 3415 2436 scien-

181 2466 421 2535 γνῶσις
451 2462 796 2531 πνευματικὴ
832 2461 967 2531 ὑπὲρ
997 2461 1193 2530 πλῆθος
1222 2462 1407 2528 σοφίας
1440 2461 1624 2515 ὲθνῶν.

1874 2462 1945 2513 tia
1972 2459 2246 2526 spiritalis,
2278 2476 2432 2520 quam
2464 2462 2627 2516 multa
2653 2464 2913 2532 sapientia
2944 2468 3238 2536 gentilium.

285 2549 714 2617 ’Υποστηρίζει
736 2548 803 2601 δὲ
829 2549 965 2613 τοὺς
990 2549 1249 2613 δικαίους
1271 2553 1302 2601 ὀ
1328 2551 1551 2616 Κύριος,
1574 2567 1627 2602 κ.
1649 2567 1696 2601 τ.
1727 2549 1771 2601 ἑ.

1946 2545 2100 2599 Vens.
2142 2546 2226 2600 17.
2266 2547 2428 2617 654
2472 2547 2759 2615 Conﬁrmat
2805 2563 2973 2605 autem
3017 2554 3186 2621 juslos
3238 2555 3413 2609 Domi-

185 2640 380 2694 οὐδὲν
419 2636 729 2704 οὓτως-(54)
753 2635 1096 2705 ὑποστηρίζει
1137 2636 1225 2688 τὸν
1249 2636 1469 2698 δίκαιον,
1511 2637 1584 2698 ὡς
1624 2637 1727 2706 χάρ

1875 2650 1992 2698 nus,
2020 2644 2125 2688 etc.
2175 2634 2320 2688 Nihil
2358 2652 2510 2705 asque
2540 2638 2825 2691 conﬁrmat
2865 2639 3087 2706 juStum,
3144 2656 3205 2695 ac
3238 2644 3409 2711 gratia

186 2743 321 2797 αμα
398 2723 790 2793 πνευματικόν·
850 2741 869 2773 ι
934 2724 1046 2774 Ἵνα
1103 2722 1308 2790 μεταδῷ
1358 2723 1486 2791 ὑμῖν
1539 2724 1730 2793 χάρισμ

1874 2722 2132 2789 Spiritalis
2160 2740 2174 2774 :
2206 2740 2224 2773 ι
2250 2722 2318 2777 Ut
2363 2725 2640 2793 impartiar
2677 2728 2825 2780 vobis
2863 2730 3084 2793 gratiam
3116 2732 3409 2798 spiritalem

187 2812 592 2883 πνευματικὸν
635 2814 717 2873 είς
753 2810 815 2863 τὸ
849 2811 1194 2880 στηριχθῆναι
1236 2812 1410 2880 ὑμᾶς,
1465 2829 1484 2861 ι
1539 2813 1699 2880 φησὶν

1544 2813 1699 2880 φησὶν
1745 2816 1774 2866 ό
1870 2810 1935 2861 ad
1963 2809 2354 2865 conﬁrmandos
2379 2813 2693 2881 vosninquit
2714 2813 2997 2881 Apostolus
3023 2816 3088 2868 ".

201 2901 580 2964 ’Δπόστολος.

266 2991 583 3045 Γινώσκει
610 2989 821 3055 Κύριος
839 2987 942 3051 τὰς
958 2985 1135 3051 ὀδοὺς
1152 2986 1267 3038 τῶν
1285 2986 1548 3054 ἀμώμων,
1570 3004 1623 3038 κ.
1650 3003 1699 3038 τ.
1728 2987 1773 3038 ὲ.
1803 2973 1810 3012 ⁴

1844 3010 1845 3015 η
1945 2975 2104 3031 Vens.
2147 2978 2232 3032 18.
2278 2977 2432 3032 Novit
2474 2980 2721 3034 Dominus
2765 2966 2871 3036 uias
2919 2984 3388 3054 immaculatorum,

188 3081 466 3149 Ἕτερος·
503 3096 523 3129 s
553 3076 775 3145 Προοῖδε
797 3075 904 3144 (55)
930 3073 1127 3143 Κύριος
1152 3073 1248 3136 τὰς
1273 3075 1478 3144 ἡμέρας
1499 3075 1604 3126 τῶν
1630 3073 1732 3143 ἁμά

1874 3074 1980 3117 etc.
2016 3066 2165 3118 Alius
2192 3066 2319 3133 legit
2348 3084 2362 3121 :
2401 3083 2421 3117 ι
2445 3067 2697 3121 Ριιιξνίόὶι
2719 3069 2975 3127 Dominus
3000 3070 3114 3124 dies
3144 3071 3405 3126 immacu-

188 3185 345 3239 μων.
376 3187 397 3218 ι
432 3168 548 3236 Οὐχ
582 3164 928 3233 ὑποστηρίζει
955 3165 1110 3232 μόνον
1141 3164 1317 3226 αὐτοῖς
1337 3163 1433 3232 τὴν
1462 3163 1622 3232 ζωὴν,
1646 3163 1732 3214 ἀλλ

1872 3152 2116 3206 latorum.
2143 3171 2162 3204 ι
2218 3153 2329 3206 Νοη
2369 3156 2654 3209 conﬁrmat
2696 3157 2866 3209 solum
2913 3157 3042 3224 ipsis
3089 3159 3272 3221 vitam,
3311 3160 3406 3213 sed

184 3254 297 3305 καὶ
314 3249 429 3305 οἶδε
448 3252 550 3313 τὰς
570 3248 862 3320 μελλούσας
886 3250 1111 3318 ἡμέρας,
1142 3249 1232 3300 καὶ
1258 3248 1352 3317 τὴν
1379 3248 1728 3317 ἡτοιμασμέντ

1872 3240 2020 3291 novit
2058 3241 2219 3293 etiam
2259 3241 2375 3295 dies
2415 3241 2620 3296 futuros
2652 3250 2704 3296 et
2738 3254 3087 3311 praeparatam
3127 3246 3406 3300 haeredita-

184 3340 601 3411 κληρονομίαν.
630 3338 793 3391 Οὐδὲν
812 3334 1114 3408 οὖναὺτοὺς
1141 3337 1329 3406 βλάψει
1354 3338 1412 3388 τὸ
1438 3338 1572 3407 πρὸς
1602 3337 1728 3405 βρα).

1874 3334 1999 3380 tem.
2028 3326 2165 3380 Nihil
2195 3328 2355 3396 igitur
2385 3330 2512 3397 ipsis
2550 3332 2760 3395 oberit,
2802 3333 2939 3399 quod
2968 3348 3133 3400 parvo
3171 3345 3405 3403 tempore

184 3430 502 3482 λυπεῖσθαι
522 3445 536 3458 ·
565 3425 925 3495 γυμνάζονται
944 3426 1050 3496 γὰρ
1066 3428 1132 3495 τῇ
1163 3425 1442 3495 καρτερίᾳ,
1466 3426 1564 3494 τὴν
1585 3425 1728 3475 στενῦ

1868 3414 2084 3484 lugeant
2114 3432 2128 3468 :
2169 3432 2292 3485 nam
2316 3431 2413 3483 per
2438 3418 2775 3472 tolerantiam
2798 3428 3135 3484 exercentur,
3160 3437 3279 3477 cum
3311 3438 3404 3489 per

186 3517 297 3569 καὶ
321 3513 693 3583 τεθλιμμένην
711 3513 997 3574 ὁδεύοντες,
1018 3513 1116 3564 οὐκ
1137 3511 1502 3579 αἰσχυνόμενοι
1522 3510 1577 3560 ὲν
1597 3526 1730 3579 καιρ‹

1867 3512 2145 3570 angustam
2179 3512 2234 3558 et
2264 3514 2464 3557 arctam
2514 3505 2652 3559 viam
2705 3507 2976 3572 incedunt,
3029 3523 3133 3561 non
3179 3510 3405 3562 confun-

186 3600 466 3672 πονηρῷ,
519 3602 721 3669 ὅτεπερ
779 3600 943 3668 ὀργὴν
999 3597 1191 3663 ἐπάγει
1252 3599 1362 3658 τοῖς
1414 3594 1730 3665 ἁμαρτωλοῖς

1867 3591 2024 3644 dendi
2051 3591 2104 3643 in
2135 3600 2373 3660 tempore
2404 3593 2562 3656 malo,
2595 3596 2806 3659 quando
2849 3595 2981 3648 iram
3014 3596 3211 3649 inducit
3239 3612 3402 3663 super

198 3688 380 3740 Ἀλλὰ
415 3689 513 3740 καὶ
562 3686 658 3740 νῦν
682 3689 730 3739 οἱ
756 3687 851 3755 μὲν
871 3685 1043 3755 ἐνδείᾳ
1063 3684 1383 3761 ἀπολοῦνται
1409 3683 1628 3752 λογικῆς
1653 3699 1742 3753 τρο

1863 3688 2195 3746 peccatores.
2231 3681 2367 3746 Quin
2404 3682 2564 3736 etiam
2587 3696 2727 3735 nunc
2749 3681 2805 3735 bi
2829 3684 3041 3750 quidem
3072 3685 3403 3741 rationabilis

184 3778 329 3846 φῆς,
349 3780 403 3830 ot
433 3777 492 3830 δὲ
520 3775 618 3827 τοῦ
652 3773 787 3827 Θεοῦ
810 3775 1306 3844 κατατρυφήσουσιν
1330 3774 1408 3836 εἰς
1434 3773 1728 3843 πλησμονήι

1863 3768 1968 3822 cibi
1997 3770 2215 3836 penuria
2254 3779 2512 3838 pereunt;
2552 3771 2625 3825 illi
2658 3787 2789 3827 vero
2832 3773 2898 3827 ad
2937 3773 3238 3829 satietatem
3289 3774 3398 3828 Deo

1863 3853 2286 3909 delectabuntur.

262 3951 381 4004 Καὶ
447 3952 489 4016 ἡ
549 3950 917 4016 κληρονομία
964 3945 1156 4000 αὐτῶν
1205 3948 1292 4010 είς
1341 3944 1522 3998 αἰῶνα
1574 3948 1761 4009 ἔσται,

1934 3937 2000 3993 Et
2021 3944 2314 3995 ereditos
2351 3959 2530 3996 eorum
2565 3944 2622 3997 in
2649 3954 2897 3998 tetanum
2931 3947 3050 4009 erit,
3081 3956 3186 4001 etc.
3219 3947 3398 4001 Hiere-

185 4057 247 4091 κ.
276 4056 331 4105 τ.
367 4039 418 4092 ὲ.
456 4037 815 4105 κληρονομία
837 4035 952 4086 ἐστὶ
981 4033 1091 4104 (56)
1116 4033 1213 4100 τῆς
1240 4033 1457 4101 λογικῆς
1484 4032 1694 4101 φύσεως
1728 4054 1729 4061 η

1861 4029 1995 4082 ditas
2017 4038 2098 4083 est
2124 4044 2185 4084 ea
2214 4031 2452 4100 cognitio
2470 4047 2627 4100 quam
2657 4033 2722 4087 de
2745 4033 2852 4087 Deo
2875 4034 3035 4091 habet
3063 4036 3397 4092 rationabilis

186 4103 399 4190 γνῶσις
431 4126 467 4191 ἡ
514 4120 613 4172 τοῦ
642 4120 797 4173 Θεοῦ.

524 4120 613 4172 τοῦ
642 4120 797 4173 Θεοῦ.
1860 4126 2068 4170 natura.

285 4213 372 4264 Οὐ
434 4207 1066 4275 καταισχυνθήσονται
1116 4205 1186 4258 ἐν
1246 4203 1423 4269 καιρῷ
1489 4205 1753 4272 πονηρῷ,
1789 4262 1829 4278 _

1929 4203 2087 4258 Vens.
2129 4206 2213 4260 l9.
2251 4206 2373 4261 Non
2429 4208 2813 4274 confundantur
2853 4210 2910 4263 in
2958 4217 3183 4278 tempore
3232 4212 3388 4275 malo,

191 4315 247 4354 κ.
463 4262 944 4365 Καιρὸνηπονηρὸν
975 4294 1083 4363 (57)
1115 4295 1259 4360 λέγει
1289 4262 1498 4361 τον-τῆς
1530 4262 1735 4362 irpicem

1859 4301 1963 4345 etc.
2005 4290 2235 4362 Tempus
2265 4294 2461 4348 malum
2500 4262 2659 4349 vocat
2684 4296 2872 4365 judicii
2909 4262 3131 4367 tempus.
3161 4262 3205 4351 it

189 4388 398 4457 χρόνον.
462 4405 484 4436 ι
546 4385 659 4436 Καὶ
685 4385 743 4436 ἐν
772 4384 1004 4453 ἡμέραις
1047 4382 1199 4450 λιμοῦ
1232 4381 1694 4451 χορτασθήσονται.

1860 4378 2044 4434 diebus
2072 4380 2232 4435 famis
2262 4384 2667 4437 saturabuntur.
2698 4402 2717 4435 ι
2770 4386 2891 4438 Dies
2923 4387 3077 4441 famis
3096 4398 3250 4441 vocat
3273 4388 3391 4443 illas

202 4473 454 4544 Ἡμέρας
476 4471 642 4541 λιμοῦ
661 4472 911 4540 ὀνομάζει
937 4474 995 4523 ὲν
1019 4466 1106 4533 αἷς
1126 4472 1302 4523 πολλοὶ
1321 4471 1425 4522 τῶν
1438 4468 1746 4537 ἀκαθάρτων

1856 4465 1907 4518 in
1937 4467 2125 4534 quibus
2154 4469 2302 4522 multi
2331 4485 2397 4524 ex
2427 4471 2494 4525 iis
2532 4472 2622 4539 qui
2653 4472 2910 4525 immundi
2956 4483 3081 4527 sunt
3118 4476 3390 4541 privantur

193 4565 582 4633 στερίσκονται
603 4560 694 4612 τοῦ
722 4560 884 4630 ἄρτου
921 4558 1013 4610 τοῦ
1045 4560 1314 4621 εἰπόντος’
1351 4576 1370 4608 ι
1421 4557 1557 4624 Ἐγώ
1580 4560 1692 4625 ειμι
1727 4575 1737 4609 ι

1856 4568 1989 4621 pane
2033 4556 2172 4610 illius
2218 4559 2307 4625 qui
2356 4560 2489 4615 dixit
2515 4562 2560 4593 ³⁸
2588 4578 2601 4615 :
2634 4561 2789 4629 «Ego
2833 4574 2946 4617 sum
2994 4562 3145 4628 panis
3188 4563 3279 4629 qui
3325 4566 3389 4616 de

195 4649 351 4719 ᾶρτος
381 4654 415 4704 ὁ
447 4650 566 4701 ἀπὸ
591 4648 685 4700 τοῦ
718 4646 946 4716 οὐρανοῦ
979 4646 1235 4709 καταϐάς.
1278 4664 1295 4696 ι

787 4646 946 4716 ρανοῦ
979 4646 1235 4709 καταϐάς.
1278 4664 1295 4696 ι
1854 4642 1992 4696 caelo
2015 4644 2278 4697 descendi.
2313 4663 2331 4697 ι

276 4736 700 4797 Ἐκλείποντες
742 4732 885 4784 ὡσεὶ
942 4732 1165 4795 καπνὸς
1198 4730 1493 4793 ἐξέλιπον,
1524 4746 1576 4780 κ.
1607 4746 1661 4781 τ.
1705 4730 1751 4783 ὲ.

1930 4732 2091 4785 Vens.
2125 4733 2211 4787 20.
2256 4735 2557 4802 Deficientes
2583 4736 3011 4805 quemadmodum
3059 4734 3235 4800 fumus
3263 4733 3393 4798 deﬁ-

197 4823 387 4877 Τοῦτον
411 4825 515 4875 τὸν
560 4820 767 4874 καπνὸν
794 4818 908 4887 (58)
937 4818 1219 4871 ἀποδιώκει
1257 4818 1363 4870 ἀπὸ
1396 4816 1500 4869 τῶν
1526 4817 1741 4884 λογικῶν

1858 4821 2014 4886 cient,
2056 4831 2160 4875 etc.
2202 4821 2353 4877 Hunc
2400 4824 2601 4877 furinum
2647 4825 2863 4892 expellit
2906 4841 2932 4875 a
2985 4821 3392 4875 rationabilibus

200 4907 361 4973 ξύλων
394 4914 462 4965 τὸ
496 4911 609 4981 πῦρ
646 4910 675 4961 ὃ
704 4904 838 4976 ἦλθε
870 4905 1047 4972 βαλεῖν
1076 4909 1165 4959 ἐπὶ
1194 4907 1288 4977 τὴν
1319 4907 1419 4975 γῆν
1447 4908 1475 4957 ὀ
1498 4906 1744 4974 Χριστός.

1854 4907 2011 4978 lignis
2037 4910 2173 4975 ignis
2196 4924 2354 4977 quem
2394 4913 2537 4965 venit
2557 4912 2806 4966 Christus
2831 4912 2885 4965 in
2919 4919 3118 4963 terram
3153 4907 3389 4960 mittere.

264 5021 310 5052 ⁸⁸
345 5021 499 5075 Rom.
537 5034 577 5083 ι,
619 5015 708 5069 Η.
790 5013 839 5043 ⁸⁸
868 5010 1027 5065 Joan.
1061 5028 1135 5077 vt,
1169 5016 1255 5069 41.

1921 5224 1940 5425 ἓ

261 5155 361 5227 (28)
387 5158 587 5227 Θυμός
613 5153 957 5227 equi-uete.
982 5146 1444 5227 Emdeancltedte.

2064 5153 2248 5227 ρύδὲν
2278 5154 2481 5219 οὕτως,
2503 5163 2609 5227 etc.
2641 5153 2882 5227 Eaedem.
3002 5203 3240 5227 ΛῌΔΜΜ

259 5204 359 5294 ἱῇί
380 5204 1014 5294 ἱᾶἳὲᾶλίρθρειέθιὶϊριν
1039 5226 1146 5294 etc:
1182 5204 1406 5294 Εφάέτη·
1424 5282 1459 5294 η
1548 5282 1559 5294 .
1628 5281 1659 5294 ..

2064 5204 2606 5294 ⁵έὲέροὲίὶιρξὸῖὲῥ,
2632 5204 2975 5294 e—tc._Catena
3000 5204 3269 5294 Eord-erii.

369 5272 741 5365 ’ᾎΞιξᾶὲολρέ
1071 5292 1188 5365 τις..
1202 5286 1399 5363 patens
1420 5281 1680 5337 Corderii.

1670 5321 1680 5337 -
1921 5272 2031 5365 ζὲὀῖ
2052 5272 2713 5365 ζξῖῆἷοῆμῗᾶέάῖίνέιέ·
2744 5281 2986 5365 ξὲἓίίίὲθῖ
3004 5272 3214 5365 ίὲῐὲἓῗέέ

263 5332 341 5430 εξῖί
370 5332 1399 5430 F5225.'§ic3§9bg€w:¢mihime

2282 5332 2587 5420 νὲὁῖηίρόὶὲξ
2762 5332 2990 5399 Eaedem
3016 5335 3236 5391 scliedm
3282 5332 3427 5387 Gra-

741 5422 856 5500 s:c-
1176 5486 1187 5500 .
1853 5423 1924 5477 ωε

220 5464 325 5566 (35),
338 5464 661 5570 [gs-i350;
683 5464 899 5542 3.11m.
921 5464 1023 5531 ctc.
1054 5464 1292 5538 Eaedem.

1853 5464 2036 5563 ω’(ὂὸ)
2067 5492 2277 5545 Τοῦτον
2304 5489 2406 5541 τὸν
2427 5486 2673 5545 καπνόν,
2701 5487 2822 5533 etc.
2858 5473 3098 5528 Eaedem.
