3910 6272
224 213 254 266 1
267 217 339 269 3|
354 217 391 269 7
1242 220 1547 275 SELECTA
1584 218 1647 273 ΙΝ
1679 219 1769 274 PS.

1873 220 2017 275 HOS.
2048 249 2117 261 —-
2151 222 2344 282 PSAL.
2382 224 2618 279 XXXVI.
2660 292 2668 297 ε
3296 223 3430 279 4518

216 349 289 386 κ.
315 350 371 386 τ.
401 335 453 387 ἑ.
494 333 676 403 Θυμός
700 333 844 385 ἐστιν
868 331 977 402 (28)
999 331 1134 403 ὀργὴ
1155 333 1443 402 ἐπιθυμίας
1472 333 1674 403 ἡμέρου
1698 336 1769 400 ψυ

1902 340 2006 388 etc.
2047 333 2216 386 Furor
2242 345 2324 388 est
2356 337 2435 389 ira
2462 351 2563 403 qua
2610 343 2882 391 mansueta
2923 336 3095 392 anima
3133 352 3291 405 supra
3319 356 3430 394 mo-

213 421 344 490 χῆς
370 424 502 475 κατ’
526 421 715 492 ἐξοχὴν
740 421 969 489 ἀμύνης*
994 423 1127 491 ὀργή
1159 423 1300 474 ἐστιν
1323 420 1496 492 ὄρεξις
1515 422 1769 492 τιμωρίας

1896 420 2020 472 dum
2054 422 2321 475 desiderat
2361 423 2658 477 ultionem:
2695 426 2768 477 ira
2797 435 2881 480 est
2909 426 3228 481 desiderium
3267 430 3426 485 ultio-

210 511 489 581 τιμωρία
514 512 572 563 δέ
595 512 709 563 ἔστι
736 510 904 563 κακοῦ
930 511 1297 573 ἀνταπόδοσις.
1323 531 1341 562 ι
1371 513 1459 581 Μὴ
1493 511 1769 582 παραζήλοε

1896 504 1999 567 nis,
2037 506 2168 559 ultio
2196 518 2373 561 autem
2410 509 2529 562 mali
2559 511 2858 566 retributio.
2889 530 2907 562 ι
2937 512 3052 566 Noli
3083 515 3317 570 aemulari
3364 527 3422 572 ut

209 597 381 649 ὥστε
413 597 835 666 πονηρεύεσθαι.
872 615 889 648 ι
920 597 1010 666 Μὴ
1037 597 1150 667 ἴδῃς
1170 597 1341 648 αὐτῶν
1362 599 1458 667 τὴν
1486 597 1769 666 εὐημερίαν

1895 593 2218 661 maligneris.
2244 613 2263 645 ι
2296 595 2407 648 Non
2439 598 2619 651 videas
2642 613 2826 652 eorum
2870 605 3302 670 prosperitatem,
3325 608 3419 662 sed

209 686 377 739 ἀλλὰ
404 684 737 756 πρόσμεινον
758 686 819 736 τὸ
850 685 1022 747 τέλος,
1057 685 1149 737 καὶ
1168 685 1286 751 ὄψει
1313 685 1401 736 τὸν
1424 685 1656 754 ὄλεθρον.

1893 691 2140 750 exspecta
2173 683 2328 736 tinem
2361 694 2416 737 et
2452 686 2656 739 videbis
2687 687 2981 742 interitum.

303 775 440 827 Ὅτι
513 777 569 827 οἱ
632 774 1091 841 πονηρευόμενοι
1166 772 1757 839 ἐξολοθρευθήσονται

1961 771 2119 824 Vt-zns.
2160 773 2211 827 9.
2243 773 2501 837 Quoniam
2547 777 2635 843 qui
2678 778 3049 844 malignantur,
3111 785 3422 837 eat—termina-

206 879 276 914 κ.
304 880 363 916 τ.
393 863 445 914 ἑ.
485 863 560 914 Τὸ
582 862 1022 932 ὲξολοθρευθῆναι
1056 861 1162 932 (29)
1192 862 1342 914 οὐδὲν
1373 862 1555 931 ἕτερόν
1587 862 1731 914 ἐστιν
1758 864 1769 913 i

1893 857 2101 923 buntur,
2130 870 2233 915 etc.
2261 862 2609 917 Exterminari
2641 864 2773 918 nihil
2797 865 2940 919 aliud
2969 876 3049 921 est
3075 882 3235 936 quam
3262 886 3292 925 a
3316 874 3424 927 Deo

203 947 282 1000 τὸ
310 950 581 1000 ἐκπεσεῖν
615 951 679 1001 ὲκ
711 948 867 1000 Θεοῦ.
1173 988 1180 995 .
1505 999 1509 1003 .

1890 947 2161 1000 excidere.

287 1036 417 1088 Kal
448 1037 539 1089 ἔτι
568 1037 793 1103 ὀλίγον,
828 1036 922 1088 καί
953 1036 1023 1087 οὐ
1049 1036 1132 1103 μὴ
1162 1035 1408 1103 ὑπάρξει
1433 1035 1789 1103 ἁμαρτωλὸς,
1826 1044 1835 1049 “

201 1141 269 1176 κ.
310 1141 368 1178 τ.
414 1125 463 1176 ἐ.
515 1123 888 1192 Ἀμφίδολοςὴ
918 1122 1059 1188 λέξις
1081 1124 1210 1192 (50)°
1248 1124 1410 1193 ἢγὰρ
1451 1122 1791 1191 ἀνύπαρκτος

199 1210 381 1262 ἔσται
414 1211 445 1261 6
477 1209 819 1278 ἁμαρτωλὸς,
847 1209 1009 1278 (ὅπερ
1044 1208 1240 1261 οἴονται
1277 1210 1324 1259 οἱ
1368 1205 1640 1266 παντελῶς
1667 1207 1790 1268 τοὺς

199 1297 472 1365 φαύλους
520 1296 834 1366 φθείρεσθαι
888 1296 1132 1363 λέγοντες
1170 1297 1266 1364 οὐχ
1318 1294 1557 1362 ὑγιῶςο)
1601 1293 1633 1361 ἢ
1670 1296 1788 1349 καθ’

201 1386 237 1438 ὃ
260 1384 610 1455 ἁμαρτωλός
641 1387 808 1445 ἐστιν,
840 1385 935 1453 οὐχ
968 1386 1214 1454 ὑπάρξει.

1961 1034 2117 1088 Vens.
2158 1035 2239 1088 l0.
2281 1036 2350 1090 Et
2377 1038 2547 1091 adhuc
2596 1039 2874 1107 pusillum,
2910 1050 2956 1094 et
2983 1058 3084 1095 non
3116 1040 3215 1096 erit
3240 1060 3420 1112 pecca-

1888 1126 1987 1182 tor,
2051 1129 2153 1173 etc.
2221 1121 2480 1189 Ambigua
2553 1134 2636 1177 est
2702 1127 2814 1178 haec
2863 1127 3221 1182 locutio:vel
3279 1131 3418 1183 enim

1889 1204 2201 1257 exsistcntia
2233 1206 2433 1260 carebit
2473 1218 2718 1273 peccator
2764 1211 2925 1279 (quod
2954 1212 3266 1266 existimant
3321 1215 3416 1279 illi,

1887 1290 1974 1354 qui
2002 1306 2195 1357 pravos
2218 1294 2426 1359 penitus
2469 1296 2683 1349 interire
2717 1312 2993 1365 perperam
3038 1299 3305 1369 tradunt),
3335 1302 3418 1356 vel

1886 1377 1937 1430 in
1963 1388 2217 1446 quantum
2243 1382 2494 1449 peccator
2523 1395 2624 1448 est,
2659 1401 2760 1438 non
2785 1387 2907 1439 erit.

281 1474 405 1526 Kal
448 1471 728 1538 ζητήσεις
760 1471 865 1523 τὸν
893 1474 1075 1524 τόπον
1099 1473 1300 1536 αὐτοῦ,
1343 1477 1437 1528 καὶ
1471 1476 1540 1528 οὐ
1568 1476 1662 1544 μὴ
1687 1477 1769 1530 εὕ-

1952 1465 2023 1517 Et
2048 1483 2245 1535 quazres
2274 1469 2441 1522 locum
2468 1470 2602 1537 ejus,
2627 1481 2673 1525 et
2700 1488 2800 1525 non
2826 1473 3070 1537 invenies,
3105 1483 3207 1528 etc.
3239 1475 3415 1532 Locus

190 1576 349 1627 ρης,
383 1577 443 1612 κ.
482 1576 535 1610 τ.
568 1560 615 1610 ὲ.
649 1558 962 1626 Τόποςν(51)
995 1559 1313 1628 άμαρτωλοῦ
1340 1562 1372 1629 ὴ
1395 1561 1576 1614 κακία.
1882 1557 2176 1615 βθεεειοῑῖε
2201 1565 2280 1610 eSl
2310 1558 2532 1611 malitia.

272 1651 349 1701 Ol
373 1647 449 1699 δὲ
480 1645 691 1713 πραεῖς
728 1646 1247 1712 κληρονομήσουσι
1273 1647 1407 1715 γῆν,
1454 1666 1503 1700 κ.
1543 1665 1594 1700 τ.
1627 1648 1672 1700 ὲ.
1717 1648 1769 1699 Ἦ

1949 1638 2106 1694 Vnns.
2148 1644 2231 1696 M.
2273 1643 2539 1697 Mansueti
2573 1653 2744 1698 autem
2774 1647 3156 1700 hareditabunt
3200 1657 3409 1712 terram,

195 1736 281 1805 γῆ
319 1735 423 1788 νῦν
468 1735 583 1803 (52)
625 1733 823 1801 γνῶσιν
868 1733 1142 1801 σημαίνει’
1184 1733 1257 1795 ῶς
1293 1734 1398 1803 γάρ
1440 1736 1497 1786 ὲν
1538 1735 1680 1802 τόπῳ
1714 1738 1769 1803 τῇ

1876 1736 1979 1781 etc.
2041 1729 2207 1783 Terra
2263 1732 2364 1786 hoc
2413 1733 2529 1785 loco
2583 1736 2850 1802 signiﬁcat
2907 1738 3188 1790 scientiam
3235 1755 3411 1792 :nam

197 1824 427 1894 θεωρίᾳ
450 1823 671 1889 λέγεται
707 1816 845 1873 εἶναι
873 1822 901 1872 6
933 1820 1071 1882 νοῦς.
1104 1840 1123 1872 ι
1159 1823 1264 1873 Καὶ
1286 1825 1769 1891 κατατρυφήσουσιν

1876 1818 2316 1885 contemplatione
2349 1835 2497 1874 mens
2523 1821 2720 1874 dicitur
2751 1836 2868 1876 esse
2905 1833 3156 1891 tanquam
3185 1826 3235 1879 in
3264 1827 3400 1883 loco.

192 1912 299 1965 ἐπὶ
330 1911 542 1981 πλήθει
568 1911 811 1979 εἰρήνης.
847 1928 865 1958 ι
894 1909 1080 1978 Τρυφὴ
1099 1910 1300 1961 δικαίου
1324 1910 1519 1978 πλῆθος
1539 1912 1769 1981 εἰρήνης,

1880 1922 1898 1954 ι
1930 1904 1992 1956 Et
2025 1905 2431 1960 delectabuntur
2466 1908 2518 1961 in
2555 1909 2892 1963 multitudine
2932 1912 3095 1978 pacis.
3126 1931 3145 1964 ι
3203 1913 3411 1967 Delicias

192 1999 424 2068 πλῆθος
467 1999 527 2051 δὲ
572 1998 795 2067 εἰρήνης
837 1998 979 2048 ἐστὶν
1009 1996 1239 2049 ἀπάθεια
1269 1997 1441 2067 ψυχῆς
1483 1997 1619 2067 μετὰ
1641 1998 1769 2065 γνώ-

1873 1991 1992 2054 iusti
2040 1993 2315 2047 multitudo
2362 1996 2528 2060 pacis,
2577 1997 2857 2050 multitudo
2906 2008 3083 2051 autem
3132 2002 3279 2068 pacis
3328 2010 3410 2055 est

193 2104 350 2150 σεως
381 2086 501 2139 τῶν
527 2086 698 2137 ὄντων
720 2082 968 2154 ἀληθοῦς.

1873 2076 2234 2144 impatibilitas
2286 2080 2478 2133 anima:
2520 2095 2641 2134 cum
2686 2097 2810 2135 vera
2862 2096 3045 2137 eorum
3111 2102 3227 2154 qua:
3284 2097 3408 2141 sunt

1871 2163 2191 2224 cognitione.

1944 2252 2096 2304 Vens.
2138 2252 2225 2305 16.
2266 2252 2454 2306 Melius
2495 2264 2569 2307 est
2607 2257 2864 2309 modicum
2889 2261 3038 2329 justo
3084 2275 3238 2325 super
3268 2262 3399 2315 divi-

1866 2339 1965 2392 tias
1984 2350 2305 2406 peccatorum
2326 2342 2537 2406 multas,
2561 2352 2665 2397 etc.
2692 2344 2878 2398 Melior
2900 2354 2981 2398 est
3003 2348 3205 2402 modica
3234 2350 3406 2404 scien-

1865 2429 1936 2481 tia
1963 2427 2237 2494 spiritalis,
2269 2444 2423 2488 quam
2455 2430 2619 2484 multa
2643 2431 2904 2499 sapientia
2934 2435 3231 2503 gentilium.

276 2516 706 2585 ’Υποστηρίζει
728 2516 795 2569 δὲ
820 2517 957 2581 τοὺς
981 2516 1241 2580 δικαίους
1263 2521 1295 2568 ὁ
1320 2518 1543 2583 Κύριος,
1565 2535 1618 2569 κ.
1640 2535 1687 2569 τ.
1719 2517 1763 2568 ἐ.

1937 2512 2091 2567 Vens.
2134 2514 2217 2567 17.
2258 2514 2420 2584 654
2462 2514 2750 2583 Conﬁrmat
2796 2530 2964 2572 autem
3008 2521 3177 2589 justas
3229 2523 3406 2576 Domi-

185 2608 370 2661 Οὐδὲν
410 2603 1088 2673 οὓτως(54)ὐποστηρίζει
1129 2604 1217 2655 τὸν
1240 2603 1460 2665 δίκαιον,
1503 2604 1575 2665 ὡς
1615 2604 1766 2673 χάρι-

1873 2617 1983 2665 nus,
2012 2612 2116 2656 etc.
2167 2602 2311 2655 Nihil
2349 2619 2501 2672 atque
2532 2605 2816 2659 confirmat
2855 2607 3078 2674 justum,
3134 2623 3195 2663 ac
3229 2612 3402 2679 gratia

187 2711 310 2765 σμα
387 2691 782 2759 πνευματικόνο
842 2708 861 2741 ι
926 2692 1038 2742 Ἵνα
1094 2690 1300 2758 μεταδῷ
1350 2690 1478 2759 ὑμῖν
1530 2691 1765 2760 χάρισμα

1873 2690 2123 2757 Spiritalis
2152 2707 2165 2742 :
2198 2708 2215 2740 ι
2240 2690 2310 2744 Ut
2355 2692 2631 2760 impartiar
2668 2695 2816 2747 vobis
2853 2697 3075 2760 gratiam
3107 2699 3401 2765 spiritalem

185 2780 583 2851 πνευματικὸν
627 2781 709 2840 εἰς
745 2778 807 2830 τὸ
842 2778 1186 2848 στηριχθῆναι
1228 2780 1401 2847 ὑμᾶς,
1456 2796 1475 2828 ι
1530 2780 1690 2847 φησὶν
1736 2782 1765 2833 6

1873 2777 1927 2828 ad
1954 2777 2346 2833 conﬁrmandos
2369 2780 2684 2848 vos,»inquit
2705 2780 2988 2848 Apostolus
3014 2784 3080 2835 ".

198 2869 572 2922 ’Δπόστολος.

212 2875 572 2931 Ἀπόστολος.

253 2959 575 3013 Γινώσκει
601 2956 812 3022 Κύριος
830 2955 934 3018 τὰς
950 2952 1127 3018 ὁδοὺς
1143 2953 1259 3006 τῶν
1277 2954 1539 3022 ἀμώμων,
1562 2971 1615 3005 κ.
1641 2971 1691 3005 τ.
1719 2954 1763 3005 ὲ.

1934 2942 2096 2998 Vens.
2138 2946 2224 2999 l8.
2270 2945 2423 3000 Novit
2465 2947 2712 3001 Dominus
2757 2934 2862 3003 aias
2909 2951 3380 3021 immaculatorum,

186 3049 457 3117 Ἕτερος
496 3064 516 3096 s
546 3044 767 3113 Προοῖδε
789 3042 896 3111 (55)
921 3041 1120 3110 Κύριος
1143 3041 1240 3103 τὰς
1265 3042 1470 3111 ἡμέρας
1490 3043 1595 3093 τῶν
1621 3039 1769 3110 ἀμώ-

1873 3042 1971 3084 etc.
2007 3033 2157 3085 Alius
2183 3033 2311 3101 legit
2340 3052 2354 3088 :
2394 3051 2412 3084 ι
2437 3034 2689 3089 Ρταξνίόίι
2710 3036 2965 3093 Dominus
2990 3038 3105 3091 dies
3136 3038 3398 3093 immacu-

183 3153 331 3207 μων.
364 3154 386 3186 ι
424 3135 541 3203 Οὐχ
573 3132 920 3200 ὑποστηρίζει
948 3132 1102 3199 μόνον
1132 3131 1309 3193 αὐτοῖς
1329 3130 1424 3199 τὴν
1452 3130 1613 3199 ζωὴν,
1636 3130 1767 3182 ἀλλὰ

1873 3119 2108 3173 latorum.
2134 3139 2153 3171 ι
2209 3120 2321 3174 Non
2359 3123 2645 3176 confirmat
2687 3124 2856 3177 solum
2904 3125 3033 3191 ipsis
3079 3126 3263 3188 vitam,
3303 3128 3398 3180 sed

180 3223 283 3274 καὶ
300 3217 423 3274 οἶδε
439 3219 543 3281 τὰς
561 3216 854 3288 μελλούσας
877 3217 1103 3285 ἡμέρας,
1134 3216 1223 3268 καὶ
1250 3216 1343 3284 τὴν
1371 3216 1766 3284 ἡτοιμασμένην

1873 3207 2012 3259 novit
2050 3208 2211 3259 etiam
2251 3208 2367 3262 dies
2407 3208 2612 3263 futuros
2643 3217 2695 3262 et
2730 3221 3078 3278 praeparatam
3116 3213 3398 3267 haeredita-

179 3311 288 3381 κλη
299 3308 592 3381 ρονομίαν.
622 3306 785 3358 Οὐδὲν
804 3301 894 3358 οὖν
914 3305 1105 3366 αὐτοὺς
1133 3304 1321 3373 βλάψει
1345 3305 1404 3356 τὸ
1430 3306 1563 3374 πρὸς
1593 3305 1762 3373 βραχὺ

1873 3302 1990 3347 tem.
2019 3294 2157 3348 Nihil
2186 3295 2346 3364 igitur
2376 3298 2503 3363 ipsis
2541 3298 2751 3362 oberit,
2793 3300 2930 3365 quod
2960 3315 3123 3367 parvo
3162 3312 3398 3370 tempore

178 3399 495 3451 λυπεῖσθαι
515 3413 528 3425 ·
556 3394 917 3464 γυμνάζονται
937 3394 1042 3464 γὰρ
1058 3397 1123 3463 τῇ
1154 3392 1433 3462 καρτερίᾳ,
1457 3393 1554 3461 τὴν
1577 3393 1763 3460 στενὴν

1873 3384 2075 3451 lugeant
2105 3400 2119 3435 :
2161 3400 2283 3453 nam
2308 3398 2404 3450 per
2429 3385 2767 3439 tolerantiam
2789 3395 3127 3452 exercentur,
3151 3404 3271 3443 cum
3303 3405 3397 3457 per

179 3486 280 3539 καὶ
303 3482 684 3552 τεθλιμμένην
702 3481 988 3542 ὁδεύοντες,
1010 3481 1108 3531 οὐκ
1128 3478 1493 3547 αἰσχυνόμενοι
1513 3478 1567 3527 ὲν
1587 3476 1761 3546 καιρῷ

1873 3479 2136 3537 tngustam
2171 3480 2225 3525 et
2256 3481 2454 3524 arctam
2505 3472 2643 3526 viam
2697 3473 2967 3539 incedunt,
3021 3490 3124 3528 non
3170 3478 3398 3529 confun-

179 3568 422 3641 πονηρῷ
442 3607 458 3631 ,
512 3569 712 3636 ὅτεπερ
771 3567 936 3636 ὀργὴν
991 3565 1182 3631 ἐπάγει
1243 3567 1353 3625 τοῖς
1405 3561 1757 3631 ἁμαρτωλοῖς.

1873 3557 2016 3611 lendi
2043 3559 2096 3610 in
2127 3568 2364 3627 tempore
2395 3560 2553 3623 malo,
2586 3563 2797 3626 quando
2840 3562 2971 3615 iram
3005 3563 3202 3617 inducit
3230 3580 3395 3631 super

190 3657 368 3709 Ἀλλὰ
405 3656 505 3708 καὶ
553 3653 649 3707 νῦν
673 3656 721 3706 οἱ
748 3654 842 3722 μὲν
863 3652 1035 3721 ἐνδείᾳ
1055 3652 1374 3727 ἀπολοῦνται
1399 3651 1619 3719 λογικῆς
1644 3666 1759 3720 τρο-

1873 3656 2186 3700 >eccatores.
2222 3648 2358 3713 Quin
2395 3649 2554 3702 etiam
2578 3663 2718 3703 nunc
2741 3648 2797 3702 bi
2820 3651 3032 3717 quidem
3063 3652 3395 3708 rationabilis

174 3746 316 3814 φῆς,
337 3748 393 3798 οι
425 3745 485 3798 δὲ
512 3742 609 3795 τοῦ
643 3741 778 3794 Θεοῦ
801 3741 1296 3810 κατατρυφήσουσιν
1321 3741 1399 3802 εἰς
1425 3740 1752 3809 πλησμονήν,

1873 3735 1959 3789 :ibi
1988 3736 2206 3803 penuria
2244 3746 2503 3805 pereunt;
2543 3737 2616 3791 illi
2649 3754 2780 3794 vero
2823 3739 2889 3793 ad
2928 3740 3228 3795 satietatem
3281 3740 3390 3796 Deo

1873 3820 2277 3873 lelectabuntur.

1854 3822 2277 3876 delectabuntur.

1926 3904 1992 3960 Et
2012 3911 2304 3963 .hwreditas
2343 3927 2522 3964 eorum
2556 3911 2613 3964 in
2640 3921 2888 3965 tvm-num
2922 3913 3040 3976 erit,
3072 3922 3177 3967 etc.
3209 3914 3390 3968 [lme-

1853 3996 1986 4049 ditas
2009 4005 2091 4050 est
2115 4011 2176 4052 ea
2205 3998 2443 4068 cognitio
2461 4014 2619 4068 quam
2649 4000 2713 4054 de
2735 4000 2843 4054 Deo
2865 4000 3026 4058 habet
3053 4003 3389 4060 rationabilis

266 2253 600 2323 Κρεῖσονον
654 2254 858 2321 ὀλίγον
913 2253 992 2317 τῷ
1045 2254 1246 2316 δικαίῳ
1308 2226 1457 2321 ὑπὲρ
1513 2255 1772 2308 πλοῦτον

186 2341 585 2413 ἁμαρτωλῶν
634 2342 852 2403 πολὺν,
894 2357 946 2393 κ.
993 2359 1044 2394 τ.
1099 2345 1144 2393 ὲ.
1182 2344 1440 2412 Κρεῖσσον
1465 2342 1611 2411 ὀλίγη
1660 2344 1767 2412 (35)

185 2433 412 2503 γνῶσις
442 2429 788 2499 πνευματικὴ
823 2429 959 2499 ὑπὲρ
988 2428 1184 2498 πλῆθος
1214 2429 1400 2495 σοφίας
1432 2428 1616 2481 ἐθνῶν.

247 3920 373 3974 Kal
441 3920 483 3984 ἠ
542 3918 907 3983 κληρονομία
955 3911 1147 3966 αὐτῶν
1197 3914 1283 3976 εἰς
1332 3911 1513 3965 αἰῶνα
1566 3914 1754 3977 ἔσται,

168 4027 231 4062 κ.
261 4025 318 4073 τ.
357 4008 414 4059 ὲ.
451 4004 805 4073 Κληρονομία
827 4002 943 4054 ἐστὶ
972 3998 1082 4071 (36)
1107 3999 1204 4068 τῆς
1231 4000 1448 4068 λογικῆς
1475 4000 1686 4068 φύσεως
1719 4002 1753 4071 ἡ

169 4072 393 4160 γνῶσις
428 4093 463 4159 ή
507 4088 604 4140 τοῦ
633 4088 789 4141 Θεοῦ.
1012 4134 1015 4135 ,

1873 4093 2060 4137 latura.

268 4182 365 4232 οὐ
432 4174 1057 4243 καταισχυνθήσονται
1108 4173 1178 4225 ἐν
1237 4170 1415 4237 καιρῷ
1480 4172 1745 4239 πονηρῷ,

1921 4171 2079 4225 Vens.
2120 4173 2205 4227 l9.
2243 4173 2365 4228 Non
2420 4175 2804 4241 confundentur
2844 4177 2901 4230 in
2949 4184 3174 4245 tempore
3224 4179 3381 4242 malo,

167 4285 227 4325 κ.
261 4229 350 4321 τ.-
369 4269 421 4318 ὲ.
460 4229 935 4333 Καιρὸνηπονηρὸν
966 4261 1074 4331 (37)
1107 4262 1250 4327 λέγει
1280 4229 1489 4329 τδν-τῆς
1520 4229 1750 4329 κρίσεῶς

1873 4267 1955 4312 :tc.
1997 4258 2226 4331 Tempus
2257 4262 2452 4315 malum
2492 4229 2650 4316 vocat
2675 4263 2862 4332 judicii
2900 4229 3122 4334 tempus.
3153 4229 3196 4317 -ι

166 4357 400 4428 χρόνον.
460 4372 479 4404 ι
539 4353 651 4404 Καὶ
677 4353 734 4405 ἐν
764 4352 996 4421 ἡμέραις
1039 4348 1191 4418 λιμοῦ
1224 4349 1686 4418 χορτασθήσονται.
1725 4368 1743 4398 ι

1873 4346 2035 4401 Iiebus
2063 4347 2224 4402 famis
2253 4351 2658 4404 saturabuntur.
2689 4370 2708 4402 ι
2761 4353 2882 4405 Dies
2915 4354 3068 4407 famis
3086 4365 3241 4407 vocat
3264 4354 3383 4409 illas

177 4445 453 4515 Ἡμέρας
473 4440 635 4510 λιμοῦ
653 4439 903 4509 ὀνομάζει
928 4442 986 4490 ἐν
1010 4433 1098 4501 αἷς
1118 4439 1293 4491 πολλοὶ
1312 4438 1417 4489 τῶν
1430 4436 1747 4505 ἀκαθάρτων

1873 4448 1898 4485 n
1928 4434 2117 4501 quibus
2146 4436 2294 4489 multi
2322 4453 2389 4491 ex
2418 4438 2485 4492 iis
2524 4438 2612 4506 qui
2644 4439 2902 4492 immundi
2947 4449 3072 4493 sunt
3109 4442 3383 4508 privantur

166 4534 575 4603 στερίσκονται
596 4528 687 4580 τοῦ
714 4528 876 4598 ἄρτου
912 4526 1004 4578 τοῦ
1037 4527 1306 4589 εἰπόντος’
1342 4543 1362 4575 ι
1413 4524 1548 4590 Ἐγώ
1572 4526 1683 4593 εἰμι
1719 4527 1746 4576 6

1873 4535 1980 4575 lane
2023 4524 2163 4577 illius
2209 4527 2298 4592 qui
2348 4527 2480 4582 dixit
2506 4529 2550 4559 "
2579 4544 2592 4581 :
2625 4528 2781 4595 «Ego
2825 4542 2938 4583 sum
2986 4528 3136 4595 panis
3179 4529 3269 4596 qui
3316 4532 3382 4583 de

164 4620 347 4690 ἄρτος
384 4621 418 4671 6
447 4618 560 4669 ἀπὸ
584 4616 679 4669 τοῦ
712 4614 937 4685 οὐρανοῦ
970 4613 1227 4676 καταϐάς.
1270 4631 1287 4663 ι

1873 4608 1983 4661 :(elo
2007 4611 2270 4664 descendi.
2304 4631 2323 4664 ι

253 4705 695 4766 Ἐκλείποντες
737 4700 878 4753 ὡσεί
934 4699 1157 4763 καπνὸς
1190 4698 1484 4760 ἐξέλιπον,
1515 4712 1567 4746 κ.
1598 4712 1651 4747 τ.
1696 4696 1742 4749 ὲ.

166 4793 389 4847 Τοῦτον
414 4794 512 4843 τὸν
557 4789 763 4842 καπνὸν
789 4787 900 4856 ('58)
929 4785 1211 4839 ἀποδιώκει
1249 4785 1354 4837 ἀπὸ
1387 4783 1491 4835 τῶν
1517 4783 1742 4850 λογικῶν

163 4880 355 4945 ξύλων
395 4881 464 4933 τὸ
498 4879 611 4949 πῦρ
647 4878 677 4929 ὃ
704 4872 835 4945 ἦλθε
865 4874 1040 4943 βαλεῖν
1069 4876 1157 4927 ἐπὶ
1185 4874 1280 4944 τὴν
1311 4873 1410 4942 γῆν
1439 4874 1466 4924 ὁ
1490 4872 1735 4941 Χριστός.

237 4991 290 5023 ³³
334 4990 507 5044 Rom.
546 5001 586 5050 ι,
625 4984 713 5037 Η.
790 4983 836 5013 ⁸⁸
864 4980 1022 5035 Joan.
1055 4997 1128 5044 Vl,
1160 4983 1246 5038 41.

235 5127 364 5196 (28)
398 5124 604 5196 Θνμᾴς
628 5121 824 5196 suam.
840 5127 955 5196 Δεἶμι.
981 5116 1437 5196 Emdeanchedte.

236 5182 1140 5263 i295_Té'é€é1909890ﬁr9~°ts-
1174 5187 1452 5263 βίηάοιηοη
1540 5250 1552 5263 .
1620 5250 1652 5263 ..

258 5249 356 5331 39)
390 5249 758 5331 ’ᾼμφῖϐολος
860 5250 1058 5331 λέξιςλ
1071 5255 1392 5331 etc.__Catena
1414 5249 1672 5305 Corderii.

259 5316 358 5383 ΞΠ
404 5316 619 5385 Τῦσὲος,
651 5332 761 5372 etc.
786 5318 1002 5385 δοὺς-(ἰαὶ
1021 5316 1228 5372 Grabii.

232 5383 356 5465 ζὸτι)
398 5395 473 5446 Ἡ
494 5383 868 5465 νῦνξςεςο.
897 5383 1118 5465 limitem.

230 5448 352 5531 (δὲ)
378 5448 696 5528 ιίρεῖάσον
719 5450 907 5516 ὀλίγη,
929 5458 1025 5501 etc.
1058 5448 1287 5505 Eaedem.

1921 4699 2082 4753 Vens.
2117 4700 2202 4753 20.
2246 4702 2548 4769 Deﬁcientes
2575 4704 3002 4771 quemadmodum
3050 4700 3225 4767 fumus
3253 4701 3385 4766 deﬁ-

1849 4788 2006 4852 cient,
2047 4799 2151 4841 etc.
2193 4788 2345 4843 Hunc
2392 4790 2592 4844 firmum
2638 4793 2853 4859 expellit
2895 4809 2922 4842 a
2975 4788 3382 4843 rationabilibus

1844 4874 2003 4944 lignis
2030 4876 2164 4942 ignis
2188 4891 2345 4943 quem
2386 4880 2528 4932 venit
2549 4879 2796 4933 Christus
2820 4880 2872 4933 in
2907 4887 3105 4931 terram
3140 4875 3377 4929 mittere.

1916 5120 2028 5189 (δι)
2055 5120 2240 5176 οὐδὲν
2269 5122 2473 5187 οὕτως,
2501 5132 2601 5177 etc.
2633 5121 2862 5189 Eaedem.
2984 5176 3018 5189 Α
3101 5174 3113 5189 ,

1913 5174 2024 5256 (355
2055 5174 2323 5256 Ἕτερος(
2340 5174 2598 5255 ηρόὸῖὲἑ,
2625 5174 2729 5240 etc.
2742 5186 2954 5256 ροιοῃθ
2979 5174 3241 5256 ροτᾳςςῑῑ.

2042 5241 2406 5324 Κλὴρὸνὶμιᾶ
2430 5241 2709 5322 ἐστιζέιο.
2738 5249 2957 5324 δξιιοιίω
2981 5241 3183 5324 Grabili:

1935 5257 2022 5315 56)
2042 5259 2406 5324 κληρονομία
2430 5258 2581 5322 ἐστι,
2608 5264 2709 5306 etc.
2738 5257 2957 5302 Scheda:
2981 5257 3183 5295 urauu.

1911 5257 1964 5393 l5
1977 5324 2027 5391 7)
2047 5326 2258 5397 Καιρὸν
2293 5329 2578 5390 πονηρόν,
2629 5329 2729 5372 etc.
2756 5317 2965 5368 Eaedem
2989 5306 3200 5360 schedae
3246 5304 3391 5360 Gra-

1843 5391 2026 5529 b“(58)
2056 5459 2267 5512 Τοῦτον
2296 5457 2397 5508 τὸν
2418 5456 2678 5514 καπνόν,
2704 5456 2805 5502 etc.
2833 5441 3064 5497 Exulem-
