3910 6280
354 192 508 247 1521

1081 196 1384 252 SELECTA
1415 195 1482 251 IN
1513 192 1844 250 PSALMOS.
1874 223 1942 233 —
1972 191 2203 249 HOMIL.
2243 193 2265 245 Ι
2296 192 2362 248 IN
2399 193 2589 248 PSAL.
2631 189 2865 248 XXXVI.

2664 22 3632 54 mw

3421 198 3444 250 l
3455 195 3560 251 322

348 314 490 379 ipse
516 321 603 367 est
626 327 828 370 sermo.
857 316 965 370 Sed
993 327 1048 368 et
1085 319 1138 370 in
1160 318 1414 384 Apostolo
1442 319 1696 385 scriptmn
1727 323 1810 370 est
1836 316 1880 348 ’°
1904 331 1918 368 :
1948 319 1996 376 Α
2023 293 2116 368 sed
2143 315 2262 367 ideo
2299 326 2416 378 qua:
2447 311 2603 365 stulta
2643 319 2769 364 sunt
2800 310 2960 379 elegit
2993 310 3133 365 Deus
3162 309 3323 380 hujus
3347 318 3552 374 mundi,

340 402 452 453 Au
496 402 813 454 wrnulamur
863 405 1140 456 Dominum
1175 407 1202 456 ?
1240 405 1488 470 Nunquid
1545 405 1782 470 fortiores
1831 402 1922 454 illo

341 503 563 541 sumus
603 491 628 544 1’
680 489 744 540 Et
769 490 855 541 ubi
903 491 1150 554 habetur,
1183 495 1492 544 wmutamur
1522 490 1831 552 Dominum,
1868 490 1920 542 in

340 577 706 641 quibusdam
766 577 1207 644 exemplaribus,
1270 580 1538 632 irritamus
1602 578 1918 644 Dominum,

337 665 644 731 scriptum
674 676 775 719 est.
809 667 882 719 Ex
914 668 1107 732 quilms
1133 669 1381 721 omnibus
1415 667 1735 722 testimoniis
1782 669 1921 720 indi—

340 765 574 819 catur,
627 755 769 821 quod
810 757 1048 808 annnlari
1096 757 1363 823 aliquem,
1420 757 1632 809 irritare
1677 771 1797 809 eum
1841 767 1921 809 est

337 851 408 895 et
471 858 778 908 provocare
823 861 838 896 :
895 854 975 910 ut,
1015 845 1161 898 verbi
1210 858 1413 909 causa,
1465 845 1506 897 si
1554 845 1641 897 tali
1713 855 1922 898 utamur

335 934 626 998 exemplo
651 933 822 986 :Sunt
854 934 1097 1000 quadam
1135 933 1384 987 mulieres
1424 935 1700 1000 impudicae
1741 944 1794 986 et
1825 948 1918 987 ue—

334 1033 563 1085 quam,
587 1034 708 1086 quae
733 1021 776 1072 si
810 1020 950 1074 forte
980 1020 1126 1075 viros
1150 1022 1202 1075 in
1222 1022 1422 1076 amoris
1453 1022 1629 1075 furtivi
1657 1013 1921 1075 illecebris

333 1110 643 1176 ceperint,
682 1123 938 1176 processu
969 1111 1222 1177 temporis
1251 1111 1476 1165 occultis
1511 1126 1615 1164 non
1656 1117 1919 1163 contentas

330 1197 613 1266 ﬂagitiis,
669 1199 855 1251 volunt
885 1200 1046 1252 etiam
1081 1201 1291 1268 pudicis
1343 1200 1658 1267 conjugibus
1699 1199 1916 1251 innote-

334 1300 557 1350 scere,
588 1287 730 1353 quod
761 1286 827 1338 ab
860 1301 1041 1339 earum
1087 1287 1211 1339 viris
1239 1296 1502 1347 amentur,
1536 1295 1592 1337 ut
1619 1299 1682 1338 ex
1727 1285 1826 1337 hoc
1864 1284 1917 1338 in

331 1377 550 1428 zelum
583 1376 848 1439 excitent,
891 1385 944 1428 et
988 1375 1218 1436 irriteut,
1256 1389 1318 1428 ac
1357 1375 1667 1442 perturbent
1717 1373 1918 1426 alienas

329 1465 584 1519 domos.
617 1465 675 1516 Si
713 1463 1017 1516 intellexisti
1062 1463 1290 1531 exempli
1334 1464 1602 1522 virtutem,
1654 1464 1918 1530 quomodo

330 1556 548 1620 pellex
583 1554 758 1606 Zelum
782 1555 1012 1607 concitet
1043 1556 1217 1618 uxori,
1251 1562 1306 1607 et
1334 1553 1432 1605 hoc
1455 1554 1615 1606 debes
1638 1555 1915 1604 advertere

329 1642 494 1707 quid
531 1641 607 1692 sit
638 1640 879 1692 aenwlari
919 1641 1058 1692 inter
1088 1639 1314 1706 aliquos,
1348 1639 1397 1691 id
1437 1649 1533 1701 est,
1565 1655 1683 1690 cum
1711 1640 1787 1690 eis
1811 1653 1914 1690 ma-
1945 1617 1984 1668 Β

331 1729 494 1782 lilia:
537 1728 771 1792 alicujus
802 1728 1148 1781 incitamenta
1186 1727 1509 1793 pra-bentur.
1534 1725 1770 1792 Denique
1792 1726 1911 1791 quia

326 1833 553 1872 sermo
577 1818 666 1870 ille
697 1815 1115 1879 Deuteronomii,
1139 1813 1190 1866 in
1226 1829 1330 1881 quo
1368 1817 1482 1866 alt:
1518 1814 1627 1880 Ipsi
1658 1815 1710 1866 in
1750 1815 1914 1865 zelum

327 1910 707 1960 adduxerunt
760 1923 838 1959 me
883 1908 938 1958 in
975 1923 1073 1958 non
1110 1906 1238 1970 Deo,
1285 1907 1332 1959 id
1377 1914 1458 1958 est
1499 1904 1908 1974 παρεξήλωσαν,

328 2000 457 2050 hoc
487 1995 786 2062 signiticet,
817 2009 883 2045 ex
919 1994 1021 2046 hoc
1052 1993 1386 2046 manifestius
1417 1993 1588 2045 claret
1614 1992 1757 2060 quod
1785 1992 1912 2044 alibi

327 2089 630 2153 scriptum
655 2096 739 2136 est
775 2085 840 2146 “,
876 2087 1000 2152 quia
1044 2085 1180 2136 Deus
1215 2094 1395 2136 noster
1437 2083 1576 2135 Deus
1620 2081 1800 2134 zelans
1826 2081 1912 2133 di-

327 2176 532 2227 ritur.
567 2173 763 2225 Zelans
793 2183 967 2224 autem
1009 2173 1230 2224 maritus
1275 2171 1378 2224 diei
1421 2172 1554 2224 solet
1589 2170 1653 2224 de
1694 2169 1914 2237 conjuge

325 2281 480 2325 sua,
517 2278 645 2317 cum
683 2265 732 2317 ei
765 2261 1076 2329 pudicitiam
1106 2261 1389 2314 sollicitius
1415 2271 1468 2314 et
1497 2259 1707 2312 cautius
1736 2268 1910 2320 curat,

326 2367 461 2408 nec
508 2351 676 2420 pollui
717 2351 921 2418 patitur
970 2349 1216 2416 conjugis
1244 2348 1560 2400 castitatem.
1598 2345 1747 2400 Unde
1782 2360 1911 2399 con-

324 2451 662 2512 sequenter
695 2442 783 2509 qui
816 2451 1020 2508 peccat,
1071 2439 1236 2492 Deum
1272 2439 1361 2506 qui
1403 2438 1586 2492 zelaus
1609 2438 1826 2503 dicitur,
1857 2438 1912 2492 in

328 2538 546 2594 zelum
582 2537 794 2601 incitat,
819 2544 872 2589 et
896 2535 1100 2588 irritat.
1133 2533 1329 2586 Verum
1359 2534 1472 2588 haec
1493 2533 1670 2588 omnia
1695 2533 1914 2588 abusive

329 2628 641 2682 audienda
680 2635 810 2678 sunt
857 2624 922 2676 de
965 2623 1097 2690 Deo,
1141 2624 1278 2676 sicut
1306 2631 1360 2676 et
1386 2638 1450 2676 ea
1484 2638 1600 2690 quae
1639 2623 1704 2676 de
1731 2621 1915 2677 furore

331 2718 456 2771 Dei
518 2717 792 2777 dicuntur,
835 2714 920 2766 vel
963 2715 1030 2767 de
1067 2728 1280 2777 somno,
1318 2713 1402 2767 vel
1436 2713 1502 2766 de
1538 2712 1777 2776 tristitia,
1819 2727 1915 2780 per

325 2825 481 2878 qua:
538 2807 666 2858 illud
719 2805 1037 2872 intelligitur
1077 2805 1202 2873 quid
1255 2804 1623 2872 unusquisque
1670 2811 1911 2856 nostrum

327 2915 454 2969 pro
510 2899 732 2950 actibus
780 2896 893 2950 suis
937 2894 1003 2948 de
1048 2894 1156 2947 Deo
1205 2905 1494 2946 mereatur.
1544 2892 1782 2960 Denique
1830 2891 1909 2946 sic
1937 2919 1983 2978 ο

323 2989 499 3042 dixit
535 2991 586 3039 in
621 2983 1038 3040 Deuteronomio
1064 2984 1129 3049 ³¹,
1159 2984 1280 3051 quia
1319 2983 1416 3050 ipsi
1454 2984 1510 3035 in
1548 2984 1713 3034 zelum
1737 2982 1908 3034 addu-

323 3091 556 3136 xerunt
579 3095 660 3130 me
679 3080 732 3130 in
766 3094 868 3131 non
895 3077 1025 3141 Deo,
1051 3087 1098 3127 et
1126 3075 1556 3127 exacerbaverunt
1581 3088 1658 3124 me
1679 3074 1729 3124 in
1757 3072 1910 3124 idolis

323 3173 489 3232 suis.
530 3169 584 3223 id
617 3178 723 3231 est,
755 3167 992 3221 colentes
1025 3159 1161 3218 idola
1211 3165 1262 3216 iu
1308 3163 1475 3216 zelum
1508 3163 1910 3215 concitaverunt

329 3277 463 3316 uie.
499 3258 616 3312 Sed
645 3258 773 3324 quid
804 3254 1086 3323 sequitur?
1116 3253 1180 3306 Et
1227 3268 1317 3319 ego
1364 3253 1418 3302 in
1454 3250 1617 3302 zelum
1653 3253 1910 3302 adducam

323 3367 438 3405 eos
485 3351 547 3401 in
590 3363 697 3398 non
728 3356 951 3414 gentem,
998 3360 1051 3396 ιη
1088 3350 1286 3410 gentem
1334 3339 1655 3407 insipientem
1696 3341 1910 3390 irritabo

327 3457 464 3494 eos.
510 3437 665 3492 Unde
692 3436 854 3488 etiam
891 3448 1034 3487 nunc
1061 3432 1229 3484 Judaei
1273 3444 1376 3483 non
1411 3441 1689 3483 moventur
1722 3432 1912 3482 adver-

326 3545 446 3582 sus
510 3525 766 3594 gentiles,
811 3522 1092 3574 adversum
1147 3535 1246 3573 eos
1293 3519 1380 3587 qui
1430 3517 1567 3572 idola
1611 3518 1809 3581 colunt,
1861 3525 1914 3568 et

329 3624 535 3675 Deum
567 3616 961 3684 blaspbeinant,
989 3622 1042 3666 et
1069 3613 1188 3666 illos
1218 3626 1322 3664 non
1360 3611 1610 3670 oderunt,
1641 3622 1737 3660 nec
1767 3607 1907 3658 indi.

324 3718 604 3780 gnantur
628 3707 914 3758 adversum
942 3718 1034 3757 eos
1061 3718 1076 3764 ;
1107 3704 1387 3754 adversum
1424 3697 1760 3750 Christianos
1787 3711 1910 3748 vero

326 3797 664 3858 insatiabili
695 3796 822 3848 odio
865 3793 1128 3854 feruntur,
1162 3790 1249 3857 qui
1292 3787 1471 3855 utique
1509 3786 1713 3838 relictis
1759 3784 1911 3837 idolis

324 3893 410 3945 ad
445 3889 627 3941 Deum
669 3882 912 3939 conversi
952 3890 1094 3934 sunt.
1127 3878 1259 3932 Cum
1305 3890 1435 3943 ergo
1477 3874 1674 3926 videris
1699 3870 1910 3926 Judzeos

324 3981 478 4034 odio
509 3977 774 4028 habentes
805 3971 1164 4024 Christianum
1199 3979 1252 4020 et
1276 3967 1596 4018 insidiantes
1636 3964 1708 4028 ei,
1749 3962 1908 4015 intel--

329 4074 455 4139 Iige
493 4065 627 4133 quia
661 4060 958 4128 completur
1001 4057 1273 4126 prophetia
1323 4055 1409 4106 illa
1455 4068 1574 4121 quae
1609 4052 1737 4105 dicit
1777 4068 1790 4103 :
1841 4049 1908 4102 Et

323 4177 440 4230 ego
481 4152 764 4209 concitabo
791 4165 877 4203 eos
920 4149 974 4200 in
1023 4162 1125 4198 non
1163 4153 1383 4213 gentem.
1415 4140 1520 4194 Nos
1546 4141 1686 4193 enim
1726 4154 1908 4192 sumus

2023 411 2080 456 ut
2105 400 2396 457 confundat
2441 401 2730 467 sapientes,
2757 411 2810 453 et
2839 401 2917 455 sic
2947 389 3198 468 impletur
3241 403 3382 470 quod
3417 404 3553 456 scri-

2022 501 2168 557 ptum
2197 497 2282 543 est
2309 505 2322 541 :
2362 487 2430 540 In
2459 478 2657 555 gentem
2689 489 3008 550 insipientem
3043 489 3260 542 irritabo
3311 506 3419 548 eos.
3449 495 3552 545 Sed

2021 589 2076 633 et
2111 581 2253 646 quod
2289 578 2418 630 dicit
2454 579 2738 646 Apostolus
2774 579 2861 630 “z
2904 584 2981 631 Αη
3025 580 3347 632 ιεηωιαηηιγ.
3369 582 3550 634 Domi-

2021 684 2140 719 num
2161 669 2184 719 7
2208 666 2456 735 Nunquid
2477 668 2717 735 fortiores
2748 684 2924 721 sumus
2949 670 3039 720 illo
3068 671 3090 720 ?
3115 672 3388 724 videamus
3422 673 3550 740 quid

2023 755 2238 809 indicet.
2277 753 2332 807 lu
2368 771 2431 808 eo
2463 756 2574 808 loco
2617 757 2727 808 ha-c
2765 757 2918 817 dixit,
2946 759 3030 809 ubi
3059 759 3124 809 de
3159 759 3453 822 sacrificiis,
3498 769 3551 812 et

2021 846 2084 897 de
2112 845 2196 897 his
2233 859 2350 912 qua:
2381 844 2535 898 idolis
2571 843 2938 909 immolantur,
2984 845 3236 911 disputat.
3275 848 3354 899 An
3388 864 3551 901 remu-

2019 932 2210 994 lamur,
2266 933 2362 995 ait,
2402 933 2696 996 Dominum,
2746 933 2849 988 hoc
2893 945 2974 987 est
3026 935 3140 986 zelo
3183 939 3547 999 concitamus,

2019 1020 2236 1074 edentes
2271 1037 2331 1074 ea
2361 1036 2478 1088 qua:
2515 1021 2666 1076 idolis
2703 1022 2972 1075 immolata
3019 1033 3162 1083 sunt,
3198 1025 3334 1077 sicut
3374 1024 3543 1078 Judaei

2019 1109 2190 1161 zelum
2221 1109 2334 1177 ejus
2359 1121 2764 1164 commoverunt
2809 1113 2860 1163 in
2905 1112 3056 1165 idolis
3099 1113 3212 1166 suis
3243 1113 3266 1164 ?
3302 1111 3548 1179 Nunquid

2016 1199 2171 1251 etiam
2205 1214 2300 1251 nos
2327 1199 2486 1252 simili
2537 1201 2692 1253 modo
2735 1201 2910 1254 facere
2945 1202 3227 1254 Volumus?
3265 1201 3382 1253 Ideo
3418 1217 3546 1269 ergo

2017 1288 2129 1341 ait:
2165 1288 2244 1340 An
2285 1290 2594 1341 a'mulamur
2638 1289 2966 1342 Dominum?
3013 1289 3262 1356 Nunquid
3309 1291 3549 1356 fortiores

2015 1375 2109 1427 illo
2148 1391 2325 1428 sumus
2351 1377 2378 1429 1’
2401 1376 2511 1428 Hoc
2545 1385 2628 1430 est
2655 1377 2796 1443 quod
2827 1377 2972 1430 dicit.
2997 1375 3050 1428 Si
3071 1378 3282 1444 quidem
3311 1379 3547 1431 concite-

2014 1479 2134 1518 mus
2171 1465 2344 1517 zelum
2375 1466 2536 1518 alicui
2568 1466 2656 1533 qui
2693 1466 2913 1519 inferior
2955 1475 3036 1518 est
3074 1467 3280 1520 viribus
3325 1467 3543 1528 nostris,

2016 1568 2294 1619 possumus
2316 1553 2474 1607 facile
2501 1564 2847 1606 contemnere
2877 1571 2890 1618 ;
2919 1554 2962 1608 si
2999 1568 3125 1608 vero
3155 1555 3342 1608 fortem
3369 1556 3550 1610 conci—

2015 1651 2188 1696 temus
2219 1645 2268 1694 in
2304 1643 2500 1704 zelum,
2528 1644 2763 1710 nunquid
2787 1659 2890 1697 non
2917 1645 2968 1696 in
3000 1646 3270 1710 propriam
3300 1646 3549 1699 molimur

2017 1734 2112 1784 ista
2152 1733 2440 1798 perniciem
2465 1732 2486 1783 ?
2511 1731 2565 1782 Si
2594 1747 2721 1798 ergo
2753 1733 3017 1785 vescimur
3050 1733 3204 1785 idolis
3236 1733 3543 1798 immolatis,

2012 1829 2066 1871 et
2097 1819 2375 1872 adversum
2415 1835 2512 1872 nos
2542 1821 2713 1871 zelum
2749 1821 2954 1872 Domini
2989 1822 3332 1882 concitamus,
3363 1822 3547 1875 fortio-

2014 1924 2124 1961 rem
2161 1908 2294 1961 iram
2325 1918 2509 1961 contra
2537 1923 2655 1972 nos,
2686 1908 2736 1961 id
2769 1917 2851 1962 est
2881 1910 2944 1961 ad
2969 1909 3242 1976 proprium
3275 1911 3543 1962 interitum

2013 2011 2383 2064 provocamus.
2415 1997 2470 2051 Si
2508 1999 2720 2066 quando
2748 2012 2876 2066 ergo
2909 1999 3106 2051 videris
3149 2000 3412 2052 hominem
3448 2017 3543 2053 ne-

2011 2100 2192 2152 quam,
2218 2086 2462 2147 observa,
2491 2095 2546 2138 et
2575 2100 2707 2140 cave
2738 2102 2804 2139 ne
2830 2094 3003 2139 zelqu
3037 2086 3156 2152 ejus
3190 2088 3426 2140 concites
3448 2089 3541 2139 ad-

2010 2190 2220 2229 versum
2261 2185 2331 2238 te,
2373 2189 2440 2228 ne
2464 2175 2591 2241 quid
2620 2175 2839 2229 incaute
2882 2174 3072 2237 facias,
3115 2177 3252 2228 unde
3305 2176 3542 2240 nequitia

2010 2263 2326 2316 concitetur.
2359 2261 2516 2316 Verbi
2549 2278 2734 2324 causa,
2778 2272 2835 2315 ut
2879 2279 2974 2330 per
3003 2264 3300 2330 exen'iplum
3333 2264 3543 2329 planius

2009 2351 2104 2404 fiat
2134 2353 2274 2420 quod
2307 2351 2523 2415 dicitur,
2553 2353 2742 2406 beatus
2790 2353 2955 2404 David
2987 2353 3115 2404 Saul
3163 2352 3539 2419 malignantem

1996 2441 2307 2494 concitavit
2337 2440 2390 2493 in
2424 2441 2617 2502 zelum,
2649 2443 2862 2510 quando
2891 2442 3156 2509 procesait
3190 2452 3312 2492 ante
3337 2443 3544 2494 exerci-

1995 2538 2160 2590 tum,
2207 2537 2262 2581 et
2307 2529 2506 2582 occidit
2554 2528 2803 2592 Goliam,
2857 2538 2909 2582 et
2961 2540 3339 2594 processerunt
3392 2529 3542 2581 chori

2011 2618 2303 2686 puellarum
2328 2627 2383 2670 et
2419 2617 2700 2670 mulierum
2726 2619 2969 2671 dicentes
3001 2618 3044 2647 “
3074 2636 3084 2669 :
3125 2616 3386 2671 Percussit
3415 2618 3542 2672 Saul

2011 2707 2066 2758 in
2101 2705 2346 2765 millibus,
2381 2714 2430 2756 et
2461 2703 2628 2756 David
2664 2706 2715 2757 in
2755 2708 2924 2758 decem
2975 2707 3216 2759 millibus.
3252 2709 3400 2771 Quod
3441 2711 3538 2761 uti.

2011 2807 2115 2861 que
2156 2795 2199 2845 si
2243 2794 2422 2846 studio
2457 2809 2554 2846 suo
2604 2794 2801 2860 egisset
2837 2795 3018 2854 David,
3050 2798 3325 2851 miunlatus
3357 2798 3540 2853 fuisset

2013 2881 2066 2934 in
2107 2882 2432 2950 malignitate
2463 2881 2611 2935 Sani.
2645 2882 2748 2935 Sed
2784 2899 2926 2936 nunc
2965 2899 3071 2936 non
3114 2901 3211 2936 suo
3243 2887 3416 2939 studio
3459 2887 3543 2939 fa-

2012 2980 2099 3024 ctu
2111 2985 2160 3023 m
2183 2982 2265 3023 est
2289 2981 2344 3022 ut
2367 2971 2578 3023 exirent
2599 2971 2748 3024 chori
2771 2972 3085 3037 puellarum,
3103 2981 3156 3024 et
3181 2973 3542 3038 hujuscemodi

2010 3062 2261 3128 hymnum
2295 3060 2556 3124 dicerent,
2599 3061 2724 3128 quia
2771 3061 2932 3114 David
2978 3063 3243 3128 percussit
3279 3065 3330 3114 in
3361 3064 3541 3117 decem

2013 3146 2269 3213 millibus,
2315 3157 2371 3201 et
2412 3149 2537 3201 Sani
2589 3150 2641 3200 in
2691 3149 2940 3204 millibus.
2989 3150 3097 3204 Hoc
3135 3160 3371 3220 estergo
3403 3157 3540 3219 quod

2012 3251 2113 3290 nos
2143 3237 2326 3290 edocet
2361 3238 2620 3304 psalmus,
2667 3247 2723 3290 ut
2768 3252 2908 3304 quon
2934 3253 3018 3291 am
3062 3254 3229 3306 genus
3271 3241 3540 3295 hominum

2014 3324 2248 3391 proclive
2279 3334 2363 3377 est
2393 3326 2459 3377 ad
2487 3326 2830 3393 zelotypiam,
2872 3335 2924 3378 et
2971 3327 3222 3393 perfacile
3255 3331 3320 3381 ad
3356 3333 3571 3383 vitium"

2011 3413 2150 3466 istud
2183 3415 2491 3477 inclinatur,
2523 3417 2748 3468 observa
2793 3428 2858 3467 ne
2906 3416 2955 3466 id
3005 3430 3151 3480 agas,
3185 3420 3325 3484 quod
3375 3421 3542 3471 malos

2014 3503 2255 3555 homines
2284 3503 2335 3554 in
2368 3503 2760 3555 aetiiulationcm
2793 3505 2865 3555 tui
2890 3503 3082 3569 irritet,
3107 3513 3162 3558 et
3187 3507 3252 3558 ad
3278 3507 3538 3559 insidian-

2010 3595 2136 3646 dum
2175 3593 2267 3644 tibi
2300 3594 2551 3656 concitet,
2582 3592 2662 3644 vel
2689 3593 2754 3643 ad
2784 3591 2964 3644 odium
2997 3594 3068 3644 tui
3103 3593 3320 3646 excitet.
3366 3595 3427 3647 Et
3458 3606 3540 3648 est

2001 3683 2109 3735 hoc
2135 3690 2304 3734 totum
2330 3683 2470 3749 quod
2509 3682 2843 3749 signiﬁcatur
2876 3682 2927 3734 in
2960 3682 3044 3735 his
3070 3683 3334 3747 omnibus,
3361 3694 3421 3736 ut
3457 3701 3543 3738 ne-

2009 3782 2112 3835 que
2144 3769 2254 3836 ipse
2289 3782 2547 3837 provoces
2575 3768 2696 3820 inali
2731 3767 3122 3821 aemulationem
3156 3769 3435 3823 adversum
3466 3783 3538 3833 te,

2010 3873 2180 3925 neque
2229 3867 2283 3911 tu
2322 3858 2614 3924 nequitiam
2659 3856 2926 3910 :emuleris
2971 3857 3220 3909 alienam.
3265 3857 3540 3921 Quomodo

2007 3963 2137 4016 ergo
2193 3949 2353 4001 homo
2417 3948 2706 4015 nequitiam
2764 3947 3046 4000 aemulatur
3093 3947 3363 4002 alterius?
3413 3949 3542 4002 Sine

2009 4038 2170 4090 dubio
2201 4051 2323 4089 cum
2346 4038 2528 4090 eadem
2557 4036 2684 4104 agit.
2715 4035 2865 4100 Quod
2893 4045 3072 4089 autem
3109 4038 3249 4098 dico,
3298 4038 3407 4091 tale
3436 4050 3538 4092 est:

2010 4127 2065 4179 Si
2099 4127 2218 4192 quis
2242 4127 2313 4179 sit
2338 4141 2434 4194 per
2458 4126 2789 4192 iniquitatem
2821 4125 2968 4178 dives
2995 4124 3163 4177 factus
3190 4141 3253 4178 es
3285 4139 3536 4193 paupere,

327 4213 456 4306 IK...
491 4257 650 4312 gens,
695 4240 786 4307 qui
828 4235 982 4304 pauci
1028 4251 1094 4289 ex
1140 4234 1238 4286 ista
1274 4231 1492 4284 civitate
1527 4228 1811 4290 credimus,
1850 4238 1906 4280 et
1933 4225 1981 4280 D
2007 4215 2052 4267 Si
2087 4217 2156 4267 Sil
2199 4213 2553 4312 νίθίιιυξθὶυε
2598 4228 2797 4312 ρξε’-’.δι’
2829 4223 2883 4312 ξεί
2932 4214 3110 4312 νῖιίθεξ
3144 4213 3290 4268 mum
3333 4218 3421 4283 (Ιυί
3459 4218 3542 4312 fle

327 4338 443 4394 alii
513 4347 584 4386 ex
632 4330 758 4388 alia.
810 4336 864 4380 et
908 4337 1170 4392 nusquam
1223 4335 1354 4389 gens
1394 4319 1600 4385 integra
1644 4316 1711 4368 ab
1755 4317 1906 4368 initio

325 4421 703 4485 credulitatis
731 4418 941 4470 videtur
971 4420 1267 4479 assumpta.
1311 4409 1424 4462 Non
1468 4409 1612 4460 enim
1645 4407 1782 4460 sicut
1807 4405 1902 4457 .Iu—

326 4521 603 4574 amorum
662 4522 794 4576 gens
853 4513 991 4567 erat,
1050 4501 1133 4556 vel
1182 4499 1555 4568 [Egyptiorum
1623 4509 1771 4563 gens,
1835 4497 1904 4546 ita

325 4609 520 4664 etiam
552 4600 982 4653 Christianorum
1013 4606 1180 4661 genus
1209 4604 1337 4658 gens
1370 4598 1453 4641 est
1484 4603 1614 4646 una,
1649 4587 1726 4637 vel
1766 4585 1904 4636 inte-

325 4716 468 4771 gra,
515 4692 613 4746 sed
642 4689 866 4757 sparsim
914 4702 978 4738 ex
1026 4683 1248 4752 singulis
1286 4681 1533 4748 gentibus
1571 4677 1733 4747 656
1770 4690 1901 4728 con-

327 4767 684 4857 gregantur.
725 4776 858 4830 Dicit
885 4789 1031 4841 ergo,
1071 4773 1191 4840 quia
1214 4770 1320 4838 Ego
1347 4772 1400 4822 in
1433 4769 1596 4820 zelum
1627 4783 1713 4820 eos
1749 4767 1906 4818 indu-

325 4893 468 4932 cam
513 4873 570 4923 in
603 4883 706 4921 non
730 4877 947 4934 gentem,
993 4867 1049 4918 in
1088 4875 1283 4932 gentem
1323 4861 1649 4928 insipientem
1685 4859 1900 4910 irritabo

325 4981 463 5020 eos.
504 4959 574 5012 Et
605 4957 723 5009 ideo
752 4954 1031 5006 irritantur
1075 4953 1126 5004 in
1175 4966 1289 5014 nos,
1320 4960 1374 5002 et
1410 4949 1532 5001 odio
1576 4962 1673 5000 nos
1706 4947 1902 4998 habent

331 5055 508 5109 velut
546 5057 764 5116 gentem
799 5043 1162 5110 insipientem,
1191 5043 1431 5094 dicentes
1461 5053 1518 5092 se
1547 5051 1665 5091 esse
1693 5037 1904 5102 sapien-

331 5155 460 5200 tes.
511 5133 772 5203 quoniam
811 5131 1024 5198 quidem
1071 5127 1257 5196 primis
1302 5126 1429 5192 ipsis
1471 5123 1756 5178 commissa
1785 5129 1909 5174 sunt

329 5227 578 5296 eloquia
619 5223 732 5286 Dei,
759 5232 814 5274 et
846 5219 1158 5274 meditantes
1187 5231 1216 5268 a
1247 5229 1408 5280 puero
1429 5227 1598 5280 usque
1639 5210 1706 5263 ad
1751 5222 1902 5263 sene-

330 5329 568 5377 ctutem
601 5311 768 5380 legem
800 5311 920 5374 Dei,
967 5311 1018 5362 in
1043 5308 1213 5376 legem
1256 5304 1348 5356 Dei
1379 5317 1481 5355 non
1511 5306 1904 5368 pervenerunt;

2011 4314 2154 4357 terra
2193 4304 2457 4366 surrexit,
2499 4312 2554 4356 et
2590 4303 2653 4354 ad
2693 4302 2995 4354 divitiarum
3028 4305 3232 4356 culmen
3279 4306 3540 4371 ascendit,

2013 4403 2066 4446 et
2102 4393 2322 4460 incipiat
2352 4393 2588 4446 aemulari
2617 4400 2670 4444 ut
2695 4392 2944 4446 similiter
2975 4393 3137 4444 etiam
3188 4394 3299 4458 ipse
3333 4409 3398 4446 ex
3435 4395 3537 4446 ini-

2007 4481 2213 4547 quitate
2233 4479 2477 4545 ditescat,
2513 4481 2612 4533 hoc
2637 4489 2720 4532 est
2757 4479 2992 4532 aemulari
3031 4479 3288 4534 facientes
3335 4481 3534 4549 iniqui-

2009 4579 2197 4623 tatem.
2237 4568 2341 4624 Sed
2367 4577 2421 4622 et
2447 4570 2490 4624 si
2524 4569 2642 4636 quis
2669 4585 2790 4622 eum
2820 4570 2910 4635 qui
2940 4568 3018 4622 vel
3065 4568 3275 4623 furtivis
3315 4571 3537 4638 stupris,

2011 4673 2092 4726 vel
2145 4672 2345 4727 illicitis
2388 4673 2672 4727 conatibus
2719 4671 2856 4725 ultra
2903 4672 3078 4725 locum
3123 4681 3178 4725 et
3235 4686 3538 4726 mensuram

2006 4792 2156 4831 suam
2207 4775 2416 4829 invadit
2465 4775 2699 4843 nuptias,
2755 4773 2960 4834 domos,
3013 4772 3256 4834 divitias,
3302 4772 3537 4823 temulari

2008 4880 2159 4942 velit,
2189 4879 2465 4932 minulatus
2495 4876 2852 4931 estfacientes
2883 4875 3239 4942 iniquitatem.
3263 4871 3380 4925 Jam
3416 4888 3543 4926 vero

2007 4997 2100 5036 eos
2124 4983 2216 5050 qui
2246 4994 2339 5049 per
2366 4981 2574 5033 diversa
2611 4977 2828 5046 ﬂagitia,
2854 4977 2939 5030 vel
2976 4976 3218 5043 indignas
3248 4980 3408 5037 atque
3437 4971 3543 5021 illi-

2005 5089 2140 5141 citas
2186 5084 2506 5139 ambitiones
2555 5084 2622 5137 ad
2673 5081 2936 5135 immerita
2990 5079 3255 5132 bonorum
3306 5068 3546 5120 culmina

2007 5195 2391 5258 pervenerunt,
2414 5195 2469 5240 et
2488 5182 2685 5251 iniquis
2712 5179 3031 5234 factionibus
3054 5173 3135 5227 vel
3163 5167 3407 5223 cruentis
3433 5183 3551 5220 ma-

2011 5293 2166 5346 nibus
2201 5291 2432 5344 honores
2455 5301 2559 5340 non
2594 5283 2695 5338 sibi
2729 5281 2931 5334 debitos
2971 5275 3332 5339 occuparunt,
3369 5266 3478 5318 hos
3510 5268 3558 5319 si

415 5489 476 5527 ⁸ο
523 5485 540 5537 1
590 5484 714 5538 Cor.
774 5495 832 5540 x,
868 5479 959 5532 2‘2.
1030 5478 1072 5510 ³¹
1121 5474 1289 5529 Exod.
1329 5487 1383 5536 x,
1427 5470 1480 5524 5.
1554 5471 1598 5504 ³³
1641 5469 1793 5522 Deut.
1829 5482 1996 5532 xxxu,
2023 5466 2112 5520 2i.
2187 5463 2233 5496 ³³
2264 5461 2430 5515 lCor.
2460 5452 2633 5520 x,22.
2707 5445 2946 5512 “Ifteg.
2981 5451 3142 5540 xviii.
3186 5431 3239 5482 7.

605 5574 874 5633 Ριτιιοι.
910 5567 1024 5640 G_u.
1058 5565 1194 5624 ΧΗ.

3009 5525 3088 5584 1ιὲ

3749 0 3866 13 __-__.
