3910 6290
301 196 322 244 1
336 195 434 245 523

1628 191 1718 245 EX
1755 189 2047 245 OlthENE

3580 190 3732 244 1324

296 308 414 372 quis
434 304 612 356 videns
639 304 702 355 ad
722 303 945 356 similem
974 303 1333 360 inllammctur
1355 307 1633 371 insaniam,
1661 325 1821 362 aemu-
1848 317 1892 371 Α
1922 309 2119 361 tlabilia
2153 310 2322 372 olera,
2377 325 2510 378 quae
2561 325 2668 378 per
2706 316 3115 377 prmceptum
3178 302 3503 372 Apostoli
3559 319 3733 356 man-

295 395 434 448 latus
463 403 544 446 est
576 393 833 446 facientes
865 393 1222 461 iniquitatem.

359 524 415 576 2.
456 523 742 591 Propterea
771 536 895 591 ergo
924 524 1167 577 mandato
1201 525 1405 578 Domini
1437 527 1819 591 illuminamur,

266 594 371 674 'ut,
408 625 528 664 cum
567 611 923 664 tenmlationis
968 610 1164 664 illicitae
1197 612 1409 665 ﬂamma
1444 629 1539 668 cor
1583 628 1820 669 nostrum

294 709 633 767 mentemque
665 699 977 766 pulsaverit,
1010 714 1105 753 nos
1139 700 1317 754 verbis
1343 703 1512 755 edocti
1547 703 1817 757 dicamus:

292 786 345 841 Si
366 787 606 840 aemulari
645 787 862 841 voluero
904 788 1041 839 inter
1090 788 1462 856 malignantes,
1511 800 1604 844 aut
1658 807 1822 844 temu-

290 873 433 928 latus
461 873 613 927 fuero
647 874 908 927 iacientes
935 874 1295 942 iniquitatem,
1327 877 1445 930 vide
1475 879 1598 945 quid
1625 894 1815 946 sequa-

292 973 377 1015 tur
406 976 422 1013 :
458 962 600 1016 Sicut
644 964 840 1031 fenum,
868 964 1041 1031 inquit
1071 965 1137 1028 ⁸⁵,
1167 966 1268 1018 cito
1308 977 1556 1030 arescent,
1599 977 1645 1021 et
1688 971 1820 1021 sicut

291 1050 429 1103 olera
464 1051 738 1103 herbarum
797 1052 899 1102 cito
957 1053 1214 1106 decident.
1262 1054 1353 1107 Vis
1396 1056 1554 1107 etiam
1602 1056 1820 1109 alterius

288 1141 560 1207 prOpbetae
604 1140 672 1192 de
723 1139 915 1193 talibus
966 1142 1182 1193 monitis
1221 1143 1545 1195 auctoritate
1579 1144 1821 1195 muniri?

287 1231 421 1284 Audi
452 1231 578 1298 quid
607 1231 767 1284 etiam
791 1230 958 1285 Isaias
985 1233 1051 1285 de
1084 1233 1227 1284 omni
1253 1233 1416 1300 gloria
1447 1234 1648 1286 carnali
1694 1249 1818 1301 pro-

287 1321 536 1374 nuntiet:
582 1320 784 1383 Omuis,
831 1321 1002 1387 inquit
1054 1321 1118 1383 ³⁸,
1167 1337 1287 1373 caro
1337 1321 1531 1388 fenum,
1570 1332 1615 1374 et
1651 1325 1817 1375 omnis

290 1410 454 1478 gloria
481 1409 597 1475 ejus
643 1416 698 1459 ut
746 1409 846 1474 ﬂos
891 1407 1017 1474 feni.
1057 1408 1144 1461 Vis
1190 1407 1349 1460 etiam
1380 1423 1473 1475 per
1507 1409 1710 1477 singula
1739 1410 1817 1463 vi-

287 1501 415 1551 dere
455 1499 719 1565 quomodo
773 1498 866 1551 llos
913 1496 1016 1549 feni
1066 1496 1135 1549 sit
1176 1497 1353 1549 carnis
1400 1497 1566 1562 gloria
1607 1498 1629 1549 ?
1686 1497 1817 1551 Vide

286 1586 407 1655 quis
437 1586 721 1654 imperavit
761 1594 887 1638 ante
924 1588 1022 1638 bos
1068 1584 1279 1653 triginta
1325 1600 1511 1649 annos,
1553 1587 1816 1653 quomodo
1846 1618 1888 1670 Β

287 1678 566 1744 imperium
594 1677 709 1744 ejus
734 1675 962 1729 ellloruit
993 1692 1006 1729 :
1035 1676 1286 1730 continuo
1325 1683 1500 1728 autem
1549 1675 1688 1729 sicut
1719 1674 1817 1729 ﬂos

286 1768 391 1820 feni
447 1767 759 1831 emarcuit,
814 1776 940 1821 tunc
997 1767 1186 1821 deinde
1248 1766 1381 1818 alius
1431 1774 1552 1833 post
1604 1766 1814 1830 ipsum,

286 1857 477 1910 deinde
503 1857 640 1911 alius
663 1864 821 1925 atque
850 1856 1008 1921 alius,
1034 1856 1125 1924 qui
1154 1855 1345 1909 deinde
1374 1856 1556 1917 duces,
1591 1863 1644 1909 et
1670 1856 1816 1923 prin-

287 1947 468 2009 clpes:
500 1955 554 1999 et
583 1946 755 1998 omnis
787 1959 969 1997 eorum
1010 1943 1175 2012 gloria
1206 1951 1261 1997 et
1285 1943 1454 1996 honor
1495 1957 1599 1997 non
1645 1943 1814 1996 solum

288 2046 537 2102 tanquam
566 2032 660 2087 ﬂos
699 2033 977 2094 emarcuit,
1007 2045 1190 2084 verum
1223 2033 1385 2084 etiam
1423 2040 1672 2098 tanquam
1703 2032 1817 2100 pul-

285 2123 366 2175 vis
396 2121 576 2175 aridus
618 2130 673 2174 ct
704 2134 733 2172 a
775 2128 937 2173 vento
970 2119 1242 2186 dispersus
1284 2134 1351 2172 ne
1390 2119 1667 2186 vestigium
1694 2120 1815 2187 qui-

286 2212 404 2266 dem
439 2211 521 2266 sui
560 2209 789 2277 reliquit.
822 2208 925 2261 Alii
955 2209 1114 2262 etiam
1152 2208 1354 2262 divitiis
1377 2208 1526 2270 elati,
1560 2217 1613 2262 et
1644 2208 1813 2262 hono-

284 2301 435 2353 ribus
470 2299 685 2362 tumidi,
710 2298 989 2352 studentes
1038 2296 1121 2350 vel
1159 2296 1450 2351 laudabiles
1494 2296 1680 2351 haberi
1722 2312 1816 2365 per

284 2384 590 2439 simulatam
652 2386 970 2447 bonitatem,
1009 2384 1095 2438 vel
1121 2385 1481 2439 exsecrabiles
1521 2401 1617 2454 per
1660 2386 1813 2439 indo-

285 2474 468 2528 mitam
510 2473 897 2527 crudelitatem.
940 2473 1175 2538 Quorum
1217 2474 1262 2527 si
1304 2475 1425 2543 quis
1465 2490 1604 2529 vana
1639 2476 1811 2529 studia

282 2564 553 2617 existimat
578 2563 894 2626 aemulanda,
923 2573 1010 2616 eat
1040 2578 1179 2618 nunc
1202 2564 1270 2617 ad
1294 2564 1611 2618 cadaverum
1628 2578 1811 2619 eorum

282 2650 553 2719 reliquias,
585 2650 630 2703 si
666 2659 841 2702 tamen
881 2648 967 2702 vel
1008 2649 1135 2716 ipsae
1177 2651 1408 2705 inveniri
1441 2660 1680 2719 queant;
1712 2652 1812 2705 ali-

281 2737 499 2806 quantis
548 2736 690 2790 enim
736 2749 801 2788 ne
845 2737 945 2790 hoc
991 2737 1201 2803 quidem
1250 2751 1562 2792 concessum
1609 2749 1689 2795 est
1717 2761 1732 2796 :
1760 2752 1815 2797 et

283 2836 409 2880 tunc
451 2825 686 2880 inveniet
725 2826 988 2891 quomodo
1027 2826 1194 2877 omnis
1254 2841 1376 2877 caro
1417 2827 1593 2893 fenum
1631 2839 1725 2892 est,
1764 2842 1811 2882 et

1921 399 2412 466 ducarejubentur
2462 400 2712 455 inlirmi.
2775 398 2918 450 Alia
2973 404 3216 449 autem
3284 404 3448 447 sunt
3490 393 3635 457 illa,
3678 406 3735 447 et

1920 487 2002 539 his
2058 490 2375 552 contraria,
2436 489 2508 541 de
2579 489 2805 554 quibus
2888 488 3150 539 dicitur
3228 481 3421 550 quod
3492 479 3734 534 mimina

1920 575 2139 645 Egypti
2190 592 2331 644 aqua
2387 578 2463 631 sit
2502 579 2785 630 deorsum
2848 574 3348 637 descendens,
3406 579 3479 625 et
3533 572 3738 640 rigans

1920 666 2058 717 sicut
2111 667 2328 719 hortum
2381 667 2607 720 olerum
2640 665 2689 697 ³³
2737 684 2752 719 :
2795 680 2924 733 quo
2978 663 3335 717 videlicet
3400 656 3737 729 [Egyptius

1922 772 2025 808 non
2059 758 2222 810 arbor
2256 758 2509 822 dicatur,
2544 759 2648 813 sed
2690 771 2768 811 ne
2800 759 2950 812 vitis
2983 758 3290 828 quidem
3346 757 3736 819 nominetur,

1922 846 2012 897 sed
2049 845 2195 899 olera
2243 862 2371 915 quas
2412 847 2532 901 cito
2587 847 2904 902 deliciunt.
2965 849 3048 901 Et
3088 848 3212 902 vis
3282 847 3523 901 videre
3565 861 3738 915 quam

1920 935 2026 987 cito
2052 936 2346 1005 Egyptius
2379 938 2650 991 decidat?
2688 938 2840 992 Vide
2870 939 3032 1008 quid
3096 939 3396 993 dicatur
3432 939 3515 993 de
3556 938 3652 993 eis
3684 939 3738 991 in

2170 1025 2199 1074 ⁵.
2228 1022 2485 1094 ίΕεγριίἰ
2519 1035 2719 1080 autem
2774 1026 3329 1093 festinaverunt,
3368 1029 3613 1095 inquit,
3646 1031 3739 1082 de.

1920 1112 2314 1180 colligaverunt
2344 1128 2481 1167 axes
2509 1130 2669 1178 suos,
2699 1126 2764 1169 et
2799 1116 2931 1170 cito
2977 1116 3340 1185 fugerunt
3393 1116 3523 1169 sub
3559 1132 3737 1186 aqua.

1920 1199 2069 1253 Sicut
2099 1202 2246 1254 olera
2291 1216 2426 1268 ergo
2460 1204 2781 1258 herbarmn
2838 1206 2975 1260 cito
3030 1206 3413 1259 decident.
3471 1206 3742 1275 Denique

1918 1298 1971 1341 et
2015 1288 2201 1341 Achab
2244 1290 2336 1342 ille
2370 1290 2602 1357 iniquus
2649 1294 2949 1359 quoniam
3000 1293 3182 1347 talia
3238 1294 3443 1346 olera
3486 1297 3741 1363 parabat

1919 1377 2163 1444 plantare
2210 1369 2462 1436 in'vinea
2527 1381 2760 1436 Naboth
2813 1382 3280 1437 chrahelitst'
3329 1385 3421 1445 ⁸³,
3488 1394 3741 1453 propter

1916 1470 2056 1536 quod
2087 1469 2410 1525 Nabutheus
2458 1473 2645 1541 magis
2681 1476 2835 1526 mori
2890 1474 3148 1541 elegit,
3210 1489 3434 1542 quam
3482 1476 3739 1543 permit-

1920 1568 2031 1610 tere
2061 1568 2120 1611 ut
2149 1562 2333 1614 excisa
2368 1563 2535 1615 vinea
2567 1562 2903 1618 Israelitica
2962 1565 3177 1618 olera
3248 1565 3731 1633 plantareutur.

1918 1646 2068 1700 Fecit
2097 1661 2229 1713 ergo
2257 1649 2362 1702 hoc
2395 1657 2672 1718 tanquam
2706 1650 2943 1719 justus,
2988 1661 3071 1705 ut
3135 1668 3283 1706 non
3333 1655 3737 1720 permitteret

1917 1735 2088 1787 excidi
2135 1736 2350 1789 vineam
2383 1738 2648 1805 justitiaa,
2700 1740 2884 1808 cujus
2922 1740 3218 1796 fructus
3278 1741 3587 1795 laetiﬁcat
3636 1758 3737 1796 cor

1918 1823 2183 1885 hominis,
2232 1838 2353 1877 cum
2407 1827 2462 1878 in
2518 1827 2831 1894 sapientia:
2896 1839 3195 1884 cratere
3278 1832 3631 1898 miscetur,
3681 1846 3736 1887 et

1917 1913 2145 1979 plantari
2174 1914 2326 1968 olera
2374 1916 2729 1997 iniquitatis,
2788 1919 3126 1974 velociter
3189 1923 3596 1988 viridantia,
3636 1927 3732 1978 sed

1918 2003 2155 2061 velocius
2187 2006 2531 2058 arescentia.
2586 2006 2739 2061 Puto
2774 2025 2928 2079 ergo
2968 2012 3179 2079 quod
3248 2015 3471 2068 etiam
3525 2017 3588 2067 in
3627 2031 3724 2068 no-

1916 2097 2044 2146 stris
2093 2093 2352 2148 cordibus
2393 2096 2494 2162 qui
2534 2098 2841 2152 credimus
2903 2100 3313 2167 Salvatori,
3383 2107 3475 2159 sit
3537 2107 3725 2176 aliqua

1914 2182 2067 2234 vinea
2116 2182 2385 2250 plantata,
2435 2186 2594 2240 sicut
2635 2188 2907 2241 dixit“:
2964 2189 3205 2245 Vinea
3267 2195 3461 2261 facta
3501 2206 3589 2249 est
3638 2198 3715 2251 di-

1915 2269 2042 2320 lecto
2073 2270 2130 2321 in
2158 2287 2343 2337 cornu,
2375 2273 2435 2325 in
2468 2274 2599 2327 loco
2633 2276 2819 2330 uberi.
2876 2277 3015 2331 Sed
3059 2289 3140 2334 et
3179 2282 3270 2335 ad
3319 2282 3474 2337 illos
3510 2286 3727 2339 dictum

1914 2367 1996 2410 est
2024 2359 2221 2425 quibus
2261 2374 2447 2414 sermo
2509 2362 2613 2415 Dei
2656 2364 2853 2418 factus
2905 2375 3018 2421 cst
3089 2369 3412 2437 primum
3454 2373 3536 2438 ”,
3596 2378 3726 2443 quia

1910 2446 2021 2517 Ego
2052 2448 2285 2514 plantari
2330 2460 2380 2502 te
2438 2451 2667 2521 vineam
2727 2464 2915 2507 totam
2982 2454 3336 2520 feracem.
3406 2462 3521 2519 Est
3595 2480 3729 2537 ergo

1913 2536 2067 2589 nobis
2095 2536 2249 2589 vinea
2282 2540 2544 2604 quaedam
2580 2557 2653 2595 ex
2704 2558 2821 2610 qua
2862 2545 3188 2605 fructum
3253 2553 3592 2619 scientiae,
3631 2536 3724 2626 qui

1914 2627 2148 2681 laetiﬁcat
2191 2644 2286 2683 cor
2340 2631 2613 2698 hominis,
2671 2650 2779 2703 per
2833 2637 3100 2693 domm]
3177 2647 3545 2714 sapientia:
3599 2664 3725 2716 pre-

1912 2713 2109 2768 mimus
2158 2716 2214 2768 in
2266 2718 2657 2775 torcularibus
2715 2713 3288 2798 Scripturarum,
3331 2749 3486 2786 cum
3529 2713 3726 2804 perle-

1912 2801 2049 2855 ctius
2083 2812 2139 2856 et
2186 2803 2346 2858 latius
2401 2807 2598 2861 divina
2661 2813 2813 2879 legis
2884 2819 3249 2883 mysteria
3326 2801 3719 2880 (mutuemur.

279 2917 444 2968 omnis
492 2915 655 2982 gloria
699 2918 810 2980 ejus
853 2922 907 2964 ut
951 2913 1051 2979 [los
1091 2912 1216 2978 feni.
1274 2891 1496 2966 Exaruit
1545 2891 1722 2982 fenum
1760 2929 1809 2971 et
1838 2911 1882 2971 C
1914 2891 2018 2946 Sed
2055 2894 2473 2960 prondemibus
2530 2900 2703 2954 "Obis
2763 2903 2825 2956 Ῐη
2890 2908 3194 2974 Studiis:
3266 2924 3341 2967 el
3388 2912 3722 2972 Ῑεΐειειίιὶεο

281 3007 378 3073 ﬂos
406 3004 517 3071 ejus
546 3002 736 3055 decidit
769 3003 834 3054 ³⁷.
868 3001 969 3066 Qui
996 3010 1172 3053 autem
1214 3016 1316 3055 non
1349 3003 1522 3071 diligit
1561 3004 1812 3063 ﬂosculos

279 3094 479 3157 carnis,
508 3097 700 3160 {neque
749 3090 1042 3146 carnaliter
1082 3091 1231 3156 vivit,
1270 3092 1364 3146 sed
1391 3093 1562 3163 diligit
1590 3100 1810 3153 verbum

279 3183 397 3246 Dei,
428 3190 482 3236 et
506 3182 559 3235 in
589 3181 704 3249 ipso
729 3180 966 3249 prolicit,
997 3180 1120 3234 audi
1143 3180 1273 3249 quid
1297 3190 1476 3249 speret
1504 3201 1519 3236 :
1563 3182 1808 3253 Verbum,

280 3274 452 3339 inquit
481 3271 549 3335 ³⁸,
589 3269 796 3323 Domini
833 3277 1008 3346 manet
1051 3270 1107 3321 in
1149 3278 1417 3324 wtemum.
1461 3270 1566 3326 Sed
1616 3284 1671 3327 et
1710 3276 1810 3330 hoc

280 3365 452 3430 ipsum
498 3362 639 3429 quod
680 3360 775 3423 ait,
815 3360 941 3427 quia
993 3361 1126 3414 sicut
1166 3360 1339 3427 [eitum
1379 3362 1482 3414 cito
1544 3377 1805 3433 arescent,

281 3451 631 3519 malignantes
657 3449 882 3512 scilicet,
909 3463 1014 3502 non
1039 3449 1274 3503 arbitror
1291 3452 1515 3504 otiosum
1543 3468 1642 3507 cur
1682 3455 1808 3509 leno

278 3553 369 3593 eos
405 3538 813 3605 comparaverit,
867 3552 985 3591 cum
1029 3536 1210 3605 utique
1247 3549 1300 3592 et
1340 3539 1441 3592 alia
1474 3543 1642 3607 possit
1687 3558 1808 3598 esse

278 3627 522 3691 materia,
551 3626 635 3681 cui
665 3635 1038 3694 comparentur
1060 3625 1117 3678 bi
1146 3627 1236 3693 qui
1264 3628 1526 3683 malitiose
1553 3642 1804 3698 egerunt.

277 3716 479 3769 Fenum
531 3724 799 3768 mutorum
832 3721 886 3767 et
916 3698 1363 3768 irrationabilium
1386 3716 1696 3771 animalium
1723 3721 1803 3772 ci-

277 3806 380 3859 bus
405 3815 505 3859 est.
534 3803 800 3858 Fortassis
842 3817 968 3870 ergo
1002 3817 1098 3869 pro
1123 3816 1188 3857 eo
1219 3805 1358 3871 quod
1401 3820 1587 3860 omnes
1628 3811 1799 3872 stulti,

276 3906 329 3949 et
355 3895 600 3964 imperiti,
646 3904 700 3947 et
743 3894 837 3961 qui
883 3903 1070 3947 contra
1106 3894 1371 3949 rationem
1398 3905 1452 3950 et
1476 3899 1797 3965 sapientiam

279 3984 368 4037 Dei
421 3986 624 4046 vivunt,
677 3990 973 4050 sequuntur
1020 3995 1113 4035 eos
1161 3984 1250 4050 qui
1298 3985 1349 4036 in
1397 3986 1601 4039 malitia
1651 3990 1799 4054 prin-

276 4073 422 4138 cipes
447 4081 591 4135 sunt,
622 4080 676 4123 et
700 4085 763 4123 ex
795 4069 1004 4122 illorum
1042 4071 1145 4122 vita
1177 4071 1260 4124 vel
1286 4074 1493 4127 actibus
1538 4077 1677 4128 vesci
1717 4077 1791 4129 di-

275 4170 486 4223 cuntur,
517 4160 710 4228 quibus
737 4167 790 4212 et
816 4158 1086 4222 obediunt,
1124 4160 1323 4214 idcirco
1353 4177 1446 4215 eos
1479 4162 1602 4215 leno
1651 4148 1796 4217 com-

1912 2983 2068 3037 oculo
2125 2984 2193 3037 ad
2253 2990 2479 3040 oculum
2551 2991 2895 3057 spiritalem
2989 3002 3502 3069 tendentibus,
3569 3009 3725 3064 venit

1910 3072 2097 3126 Achab
2144 3073 2362 3143 iniquus
2412 3086 2470 3131 et
2520 3078 2764 3146 impius,
2819 3084 3068 3142 Achab
3153 3092 3488 3152 inimicus
3543 3098 3723 3153 vinec

1912 3168 2130 3257 nostrae,
2171 3171 2226 3214 et
2268 3163 2561 3219 adversum
2601 3171 2838 3236 Optima
2900 3180 3147 3234 studia
3205 3184 3358 3240 haec
3416 3190 3724 3257 sapientiae

1912 3249 2169 3342 invidiam
2209 3252 2477 3318 concitat,
2540 3259 2872 3316 tumultum
2937 3279 3401 3342 commovet,
3460 3249 3635 3334 d-olos
3666 3292 3721 3334 et

1910 3333 2178 3426 factiones
2209 3352 2304 3406 per
2335 3338 2583 3407 Iezabel,
2638 3346 2755 3401 hoc
2818 3361 2968 3418 est,
3036 3373 3184 3426 per
3250 3333 3588 3425 carnalem
3629 3333 3718 3425 sa-

1908 3425 2165 3531 pientiam
2198 3428 2452 3531 illis-ltili“.
2475 3441 2533 3485 et
2573 3435 2701 3488 vult
2738 3443 2967 3496 excidi
3016 3425 3323 3509 vineam
3390 3460 3578 3515 istam
3615 3465 3723 3531 spi-

1908 3514 2083 3616 ritalis
2124 3516 2637 3616 intelligentia-rt
2692 3526 2995 3594 plantari
3069 3542 3318 3611 olera,
3380 3550 3446 3604 id
3486 3514 3716 3616 esu—[ut

1906 3618 2026 3670 qua:
2072 3603 2316 3671 legimus,
2349 3607 2658 3662 carnaliter
2722 3614 3225 3691 intelligamus
3261 3603 3716 3695 z'siﬁutvnier;

1905 3695 2046 3792 enim
2073 3694 2248 3792 omnis
2276 3697 2453 3792 gratia
2483 3702 2679 3755 carnis
2715 3716 2844 3771 est,
2882 3722 2963 3765 ut
3016 3716 3420 3789 impleatur
3452 3731 3516 3786 in
3556 3735 3715 3792 nobis

1904 3779 2205 3881 illudquod
2247 3784 2431 3881 culpat
2474 3789 2799 3854 Aposmlus
2838 3800 3096 3862 dicens
3126 3779 3261 3870 'ad

2170 3875 2294 3976 tanti
2323 3877 2602 3976 estis-nu:
2635 3897 2771 3934 cum
2828 3891 3085 3955 spiritu
3158 3867 3715 3976 οωρενὶιὶεῗῖωηὲ

1902 3972 2057 4058 carne
2102 3961 2508 4027 perﬁciamini?
2561 3967 2728 4033 Quod
2769 3986 3006 4035 autem
3082 3988 3159 4043 in
3226 3959 3715 4064 animalia-ci;

1902 4047 2011 4154 sint
2042 4051 2321 4154 viuerehct
2348 4058 2469 4123 agri
2510 4073 2541 4110 a
2576 4057 2838 4154 Domino
2872 4047 3487 4154 bertedictiVIa-u-Ji

1934 4151 1949 4163 ,
2203 4142 2213 4154 .
2246 4140 2256 4151 .
2852 4156 2869 4167 _
3164 4135 3184 4137 -
3209 4135 3285 4154 --ν
3331 4135 3487 4149 ...ω-
3540 4135 3713 4152 ..η-..-

2184 4140 2352 4243 lilium
2382 4158 2547 4243 suum
2582 4146 2779 4243 Jacob‘
2805 4154 3010 4214 dicen
3025 4174 3177 4224 tem
3220 4175 3284 4208 *⁵
3321 4196 3340 4232 ε
3385 4183 3550 4240 Ecce
3580 4193 3715 4243 σάοι

278 4205 486 4223 -----_-,
520 4205 708 4228 γη.--
741 4205 789 4212 ν-
821 4205 1086 4222 ,ηπ-η--.
1124 4205 1321 4214 ην.--
1356 4205 1446 4215 η..
1479 4205 1600 4215 η..-
1653 4205 1791 4217 ηυγ

275 4248 503 4316 paravit.
530 4247 694 4299 Nemo
731 4246 871 4299 enim
911 4247 1144 4313 prudens
1186 4247 1250 4300 ab
1290 4249 1393 4303 illis
1429 4251 1591 4303 sumit
1618 4266 1798 4306 exem-

2213 4228 2224 4238 .
2654 4237 2668 4247 -
2853 4205 3176 4224 _---.u.u-
3233 4205 3278 4208 θ’
3321 4205 3339 4232 ;
3385 4205 3550 4240 nec:
3580 4205 3713 4243 οσον

2541 4250 2688 4339 (φη.
2714 4240 2913 4308 pleni,
2953 4265 3164 4317 quem
3214 4265 3554 4328 benedixit
3601 4277 3713 4330 Do-

274 4334 850 4403 plum.Nam,sieutvir
871 4335 1097 4400 prudens
1111 4336 1201 4403 qui
1231 4337 1559 4393 auditverba
1590 4340 1797 4396 Domini

273 4435 327 4478 et
372 4423 500 4477 facit
537 4437 622 4488 ea,
671 4423 768 4476 iste
813 4432 894 4475 est
938 4426 1027 4491 qui
1075 4429 1360 4480 manducat
1403 4442 1593 4494 panem
1647 4429 1794 4484 illum
1837 4496 1848 4503 ι

269 4513 428 4582 657
451 4511 541 4580 qui
583 4513 647 4566 de
676 4511 809 4565 coelo
837 4511 1124 4579 descendit,
1156 4524 1209 4569 et
1235 4514 1390 4570 Jesus
1426 4526 1508 4571 est
1539 4519 1689 4574 cibus
1721 4520 1793 4585 ei,

270 4616 368 4668 pro
408 4615 471 4654 eo
503 4601 641 4666 quod
685 4613 751 4653 ex
793 4599 967 4655 verbis
1013 4602 1125 4670 ejus
1172 4605 1426 4670 pascitur,
1457 4615 1512 4660 et
1557 4607 1608 4660 in
1648 4622 1797 4661 man-

270 4690 406 4745 datis
441 4688 553 4756 ejus
581 4689 737 4743 vivit:
780 4688 1023 4742 similiter
1048 4699 1101 4744 et
1127 4692 1179 4744 hi
1220 4692 1315 4759 qui
1347 4693 1399 4746 in
1431 4695 1631 4749 malitia
1670 4698 1799 4751 emi-

271 4789 476 4842 nentes,
504 4780 639 4833 sicut
670 4778 844 4832 l'enum
889 4778 1185 4833 efﬁciuntur
1229 4780 1293 4834 iis
1323 4783 1413 4848 qui
1460 4784 1561 4838 sibi
1591 4787 1796 4839 obtem-

270 4877 473 4937 perant,
497 4868 577 4921 vel
620 4868 1006 4922 aemulationem
1035 4869 1117 4921 sui
1150 4869 1214 4921 ad
1251 4872 1538 4936 nequitiam
1582 4885 1791 4941 gerunt.

270 4955 473 5008 Similia
521 4964 695 5009 autem
724 4957 883 5009 etiam
917 4955 983 5008 de
1015 4953 1248 5007 oleribus
1279 4956 1568 5012 herbarum
1603 4962 1796 5014 intelli-

268 5046 436 5111 genda
471 5055 611 5108 sunt,
638 5045 829 5112 quibus
854 5053 1228 5110 comparantur
1257 5044 1307 5096 bi
1339 5047 1427 5112 qui
1465 5048 1663 5102 faciunt
1693 5052 1794 5105 ini-

268 5130 519 5194 quitatem
566 5146 661 5199 pro
704 5145 767 5183 eo
810 5129 948 5197 quod
986 5129 1240 5185 velociter
1286 5140 1577 5188 transeant.
1633 5135 1791 5191 lnve»

176 5266 189 5294 __
268 5219 441 5270 nimus
471 5229 643 5270 tamen
677 5219 729 5271 in
760 5217 1045 5285 Scripturis
1075 5218 1266 5272 divinis
1297 5219 1558 5275 interdum
1587 5234 1640 5277 et
1676 5225 1790 5277 lau-

371 5352 415 5382 ⁸⁸
450 5353 584 5403 Ρκςτι.
634 5369 812 5413 xxx“,
843 5355 893 5405 '2.
969 5354 1014 5385 ³⁸
1065 5352 1186 5405 lsai.
1231 5370 1312 5414 Μ..
1360 5356 1412 5412 6.
1491 5359 1533 5390 ⁸⁷
1563 5360 1691 5415 ibid.
1720 5363 1771 5415 7.

298 5430 407 5468 xxi.
478 5421 525 5485 κδ’
556 5420 652 5471 lsa.
686 5435 736 5483 ν,
764 5422 814 5471 1.
890 5422 931 5450 ³³
969 5420 1164 5475 Jcrcm.
1193 5437 1265 5485 ιι,
1301 5423 1389 5476 21.

271 5494 446 5545 man,
474 5484 523 5535 5.

2902 4924 2922 4951 ι
2960 4898 3032 4943 ει
3094 4908 3479 4968 prohibuit
3526 4930 3714 4971 aemu-

2280 5401 2326 5434 "
2366 5402 2483 5460 los.
2514 5421 2650 5464 xm.

2170 5434 2174 5447 μ
2281 5414 2326 5434 "
2366 5414 2483 5460 ³05.
2514 5421 2650 5464 XHI.
2736 5414 2784 5447 ⁸ο
2828 5417 3011 5472 Exod.
3061 5438 3193 5480 xlv.
3297 5434 3355 5466 δι

2170 5467 2493 5530 ουη.χλγιι
2551 5478 2653 5532 27.
2738 5485 2787 5517 ιθ
2834 5487 2980 5532 μςιιι-
3027 5505 3152 5532 nn
3249 5500 3289 5532 ιι;
3420 5509 3478 5532 ,φ
3531 5482 3697 5532 ,ιη’

2738 5485 2787 5517 ⁸³
2830 5487 2981 5542 Psal.
3026 5505 3196 5562 xxxi,
3244 5500 3316 5558 5,
3409 5485 3485 5540 ⁷ςῖ
