3910 6248
323 196 352 249 1
370 197 497 252 ὖὲὕ

1034 200 1329 254 SELECTA
1370 200 1434 252 IN
1471 200 1798 256 PSALMOS.
1840 229 1908 241 --
1946 196 2169 251 llOMlL.
2209 198 2227 249 l
2270 198 2330 250 IN
2370 198 2557 254 PSAL.
2598 196 2829 251 XXXVI.

3382 195 3511 249 i326

315 312 669 377 honoribus,
713 314 934 376 divitiis,
979 324 1032 367 et
1062 315 1204 367 omni
1252 314 1414 382 gloria
1450 317 1673 377 carnali,
1723 325 1883 382 atque
1912 316 1956 370 Α
1983 313 2150 365 mines
2208 312 2546 366 introducere
2589 312 2890 381 ὁμωνυμίᾳ,
2942 312 2990 364 id
3040 320 3121 365 est
3165 309 3512 365 similitudine

315 402 605 455 Omnibus
635 402 814 455 saeculi
864 402 1036 465 bonis,
1082 403 1133 455 in
1168 401 1410 464 Domino,
1462 404 1663 471 inquit,
1712 418 1887 470 spera.

316 486 598 554 Sperans
646 498 827 542 autem
884 490 933 542 in
989 490 1207 543 Domino
1242 504 1345 542 non
1396 490 1471 542 sis
1520 491 1745 551 otiosus;
1799 490 1891 541 sed

320 576 654 631 bonitatem
688 577 911 642 faciens,
939 592 1093 645 spera
1130 579 1179 629 in
1206 592 1287 630 eo.
1319 578 1445 643 Qua:
1473 590 1554 631 est
1582 590 1757 631 autem
1792 579 1889 629 ista

320 665 591 728 bonitas,
634 667 928 721 videamus.
958 668 1106 721 Unus
1137 678 1218 722 est
1257 683 1319 721 ex
1364 668 1466 720 illis
1501 666 1733 719 fontibus
1762 681 1892 732 quos

320 754 529 807 sancti
567 753 806 822 Spiritus
855 755 1064 809 fructus
1112 770 1231 809 esse
1267 764 1544 808 enumerat
1586 754 1887 821 Apostolus.

321 837 589 895 Fructus
622 854 797 896 autem
828 844 1039 908 spiritus
1065 854 1137 897 est
1178 845 1428 906 charilas,
1461 844 1726 911 gaudium.
1767 857 1888 908 pax,

316 929 628 993 patientia,
674 930 874 981 bonitas
917 944 964 982 et
1010 931 1212 995 justitia
1238 930 1301 983 “.
1347 929 1450 981 Fac
1507 944 1634 995 ergo
1684 928 1888 980 bonita-

324 1026 480 1079 tem,
521 1017 664 1068 velut
699 1019 743 1069 si
780 1018 985 1071 diceret
1016 1020 1080 1070 ad
1125 1034 1310 1086 agrum
1342 1020 1584 1083 loquens,
1613 1016 1711 1067 Fac
1746 1017 1887 1067 illum

322 1107 593 1160 fructum
633 1108 717 1161 vel
764 1108 948 1160 illum:
989 1108 1059 1160 ita
1105 1124 1244 1161 nunc
1289 1108 1382 1160 tibi
1426 1108 1653 1160 auditori
1690 1106 1891 1159 divina-

320 1210 463 1246 rum
508 1196 932 1264 Seripturarum,
973 1205 1223 1262 tanquam
1271 1210 1399 1264 agro
1446 1194 1681 1260 loquitur
1710 1198 1887 1245 sermo

317 1269 587 1336 tliv'inus.
624 1283 735 1336 Fac
773 1285 1070 1347 bonitatem,
1100 1296 1145 1337 et
1177 1285 1407 1337 inhabita
1459 1293 1672 1346 terram,
1717 1293 1764 1335 et
1798 1298 1887 1348 pa-

318 1374 506 1445 sceris
538 1374 596 1425 iu
638 1375 834 1426 divitiis
874 1375 1009 1442 ejus.
1055 1373 1168 1426 Noli
1216 1388 1334 1427 esse
1380 1374 1519 1426 sicut
1565 1370 1738 1423 fenum
1771 1384 1888 1423 are-

317 1479 541 1527 sccns,
592 1464 697 1516 noli
750 1464 861 1516 fieri
908 1465 1043 1516 sicut
1086 1463 1229 1515 olera
1270 1463 1583 1522 herbarum,
1631 1475 1748 1527 quae
1781 1459 1887 1511 cito

319 1552 632 1616 deﬁcient,
680 1553 771 1605 sed
802 1567 954 1618 spera
986 1552 1038 1604 in
1073 1551 1318 1614 Domino,
1357 1559 1411 1604 et
1456 1549 1538 1604 fac
1578 1548 1883 1610 bonitatem,

318 1651 382 1691 et
428 1640 684 1692 inhabita
720 1648 936 1692 terram.
968 1638 1135 1703 Quam
1186 1648 1384 1691 terram
1437 1636 1736 1688 inhabitare
1790 1648 1885 1687 nos
1918 1619 1957 1671 Β

314 1727 495 1793 jubet
546 1730 593 1781 si
645 1728 937 1780 bonitatem
989 1726 1307 1781 fecerimus?
1355 1725 1548 1792 Utique
1597 1724 1641 1775 si
1686 1724 1750 1775 de
1789 1723 1885 1774 ista

320 1818 670 1885 loqueretur
704 1826 845 1869 terra
890 1832 1046 1883 quam
1099 1817 1419 1877 habitamus,
1453 1823 1505 1866 et
1554 1813 1644 1880 qui
1692 1812 1888 1863 iaciunt

321 1907 676 1968 bonitatem,
715 1916 770 1957 et
812 1906 900 1972 qui
936 1921 1037 1956 non
1073 1904 1293 1966 iaciunt,
1330 1902 1571 1955 habitant
1604 1900 1741 1952 hanc
1782 1908 1885 1951 ter-

321 2012 479 2050 ram.
533 1994 877 2062 Superlluum
907 2009 1034 2063 ergo
1082 1993 1290 2045 videtur
1340 2005 1460 2043 esse
1500 1989 1802 2041 mandatu‘m
1842 1988 1884 2038 si

322 2084 691 2152 intelligatur
719 2084 834 2136 hzec
860 2091 1023 2136 terra.
1057 2082 1159 2134 Sed
1191 2080 1463 2133 videamus
1491 2092 1555 2131 ne
1583 2077 1717 2129 forte
1746 2075 1887 2127 illam

321 2175 497 2225 dicat
533 2180 741 2225 terram
782 2173 846 2222 de
892 2186 994 2237 qua
1039 2171 1292 2236 scriptum
1340 2178 1420 2220 est
1443 2169 1507 2227 δ’,
1555 2166 1677 2232 quia
1712 2178 1887 2216 semen

320 2260 492 2313 aliud
528 2258 722 2312 cecidit
752 2272 910 2324 super
948 2266 1141 2310 terram
1174 2256 1384 2315 bonam,
1413 2267 1529 2319 qum
1574 2250 1749 2303 attulit
1782 2250 1888 2300 fru-

323 2358 518 2410 ctum,
558 2347 615 2400 in
659 2361 763 2413 qua
812 2360 953 2398 nunc
985 2355 1124 2398 terra
1180 2357 1274 2396 cor
1310 2339 1567 2393 auditoris
1599 2336 1889 2405 significari

322 2438 588 2489 videtur.
642 2433 794 2487 Hane
843 2448 973 2501 ergo
1016 2432 1267 2498 iubemur
1309 2430 1628 2489 inhabitare,
1664 2428 1766 2480 hoc
1811 2434 1893 2477 est

327 2540 450 2579 non
479 2523 704 2592 longius
728 2523 972 2590 evagari.
998 2536 1100 2574 non
1130 2520 1263 2572 ultra
1296 2518 1536 2586 citraque
1569 2517 1889 2578 discurrere,

323 2615 433 2668 sed
492 2612 772 2675 habitare,
826 2620 881 2665 et
927 2610 1218 2664 consistere
1269 2609 1406 2660 intra
1460 2607 1649 2658 animai
1699 2613 1891 2655 nostra:

326 2700 651 2763 terminos,
696 2710 752 2754 et
798 2699 1145 2753 considerare
1199 2711 1316 2749 eam
1374 2695 1675 2761 diligentius
1734 2705 1891 2760 atque

325 2789 486 2845 eilie‘i
520 2787 642 2856 ejus
670 2787 902 2855 agricola
937 2787 1074 2838 sicut
1111 2785 1208 2838 fuit
1232 2783 1363 2845 Noe,
1391 2792 1446 2835 et
1478 2783 1717 2849 plantare
1747 2782 1800 2835 in
1829 2796 1890 2837 ea

325 2880 604 2940 vineam,
648 2884 704 2929 et
747 2875 991 2929 excolere
1043 2882 1240 2927 terram
1288 2887 1406 2940 quae
1451 2872 1591 2924 intra
1630 2884 1726 2923 nos
1775 2880 1886 2934 est,
1916 2904 1960 2961 ε

326 2973 555 3019 nostra:
597 2964 789 3015 animae
836 2962 1090 3013 innovare
1122 2958 1349 3021 novalia,
1391 2966 1444 3012 et
1485 2971 1589 3010 non
1627 2956 1891 3010 seminare

327 3068 515 3125 super
543 3051 730 3121 Spinas
760 3069 773 3104 :
806 3050 1053 3103 videlicet
1081 3063 1204 3102 cuin
1234 3048 1468 3100 animam
1502 3054 1737 3098 nostram
1768 3060 1892 3113 pur-

325 3156 545 3214 gamus
576 3155 606 3192 a
639 3140 805 3206 vitiis,
831 3148 885 3193 et
912 3137 1142 3191 incultos
1170 3145 1328 3203 atque
1357 3150 1579 3202 asperos
1617 3148 1790 3187 mores
1829 3136 1893 3187 ad

330 3230 829 3289 mansuetudinem
886 3227 1086 3280 Christi
1136 3224 1451 3278 imitationis
1499 3223 1806 3284 excolimus,
1841 3230 1895 3274 et

330 3326 412 3378 ita
458 3322 684 3375 demum
730 3331 798 3371 ex
830 3317 1088 3369 virtutum
1143 3314 1341 3367 divitiis
1375 3312 1662 3380 pascimur.
1715 3310 1895 3377 Neque

329 3411 496 3464 enim
524 3406 824 3476 putandum
852 3414 934 3458 est
981 3403 1190 3472 prtecipi
1226 3400 1377 3454 nobis
1411 3411 1649 3454 terrenas
1684 3399 1896 3451 divitias

333 3509 624 3567 qumrere,
672 3508 807 3561 quas
847 3502 1190 3545 contemnere
1237 3490 1484 3557 iubemur
1525 3496 1585 3541 et
1620 3498 1893 3553 spernere.

331 3590 435 3642 Ait
483 3598 667 3653 ergo:
706 3582 953 3635 Inhabita
1001 3590 1213 3631 terram.
1261 3578 1368 3631 lloc
1414 3583 1497 3629 est
1528 3589 1677 3643 ergo,
1709 3576 1897 3627 animte

336 3688 455 3732 tute
511 3687 734 3741 semper
763 3672 974 3733 assiste,
1021 3668 1092 3721 ibi
1130 3680 1339 3734 semper
1384 3678 1656 3732 permane,
1698 3670 1751 3716 et
1798 3677 1897 3714 ex-

335 3770 467 3824 cole
507 3775 715 3819 terram
747 3772 923 3823 tuam,
966 3769 1025 3813 ut
1049 3796 1065 3823 ,
1097 3773 1218 3812 cum
1249 3755 1524 3809 abundare
1558 3754 1785 3820 cmperis
1815 3752 1901 3818 ju-

335 3860 517 3915 stitiaa
546 3854 834 3914 fructibus,
869 3859 991 3903 tunc
1022 3846 1258 3916 pascaris
1286 3845 1338 3897 in
1375 3843 1571 3897 divitiis
1598 3843 1729 3910 ejus.
1761 3841 1901 3906 Quid

333 3960 427 4003 est
460 3955 651 3999 autem
697 3940 843 4009 pasci
886 3940 937 3990 in
980 3936 1180 3989 divitiis
1224 3933 1370 4000 ejus?
1402 3932 1533 3996 Quia
1566 3930 1902 3998 quodcunque

336 4032 686 4092 seminaverit
718 4031 895 4089 homo,
921 4027 1015 4077 Itoc
1040 4034 1085 4077 et
1118 4032 1285 4076 metet.
1317 4022 1381 4074 Et
1411 4038 1424 4074 :
1459 4020 1559 4084 Qui
1588 4020 1806 4072 seminat
1848 4018 1903 4071 iit

338 4140 538 4187 carne,
574 4124 639 4173 de
678 4134 838 4172 carne
865 4126 1013 4168 metet
1061 4113 1463 4179 corruptionem.
1495 4110 1595 4174 Qui
1625 4118 1796 4162 autem
1824 4122 1903 4160 se-

340 4218 523 4267 minat
557 4212 614 4262 in
643 4208 854 4275 spiritu,
889 4207 952 4257 de
980 4204 1165 4269 spiritu
1196 4209 1344 4253 metet
1374 4201 1529 4252 vitam
1567 4208 1809 4252 (sternam
1831 4197 1895 4251 ⁸ο.
1933 4190 1976 4243 Ι)

345 4305 406 4358 Si
447 4309 639 4354 autem
677 4295 884 4349 habites
922 4291 1087 4361 658
1125 4301 1317 4342 terram
1361 4298 1523 4349 tuam,
1563 4295 1616 4339 et
1650 4287 1817 4351 ipsam
1847 4283 1898 4335 in

344 4394 560 4463 spiritu
591 4397 647 4442 et
688 4401 794 4440 non
841 4385 895 4436 iu
944 4396 1108 4435 carne
1153 4378 1519 4439 seminaveris,
1566 4376 1800 4444 pasceris
1844 4374 1898 4426 in

346 4461 571 4536 divitiis
623 4476 762 4543 eius,
813 4473 952 4526 sicut
1001 4484 1131 4523 oves
1164 4468 1266 4520 illa:
1312 4480 1429 4533 qute
1476 4467 1526 4518 in
1581 4465 1699 4517 loco
1746 4461 1904 4515 viridi

346 4569 509 4639 pasci
544 4566 821 4623 dicuntur,
856 4560 922 4613 de
964 4559 1159 4625 quibus
1188 4555 1317 4608 dicit
1361 4555 1537 4606 sei-mo
1581 4553 1790 4605 divinus
1815 4551 1902 4639 δίς

348 4637 425 4713 in
462 4658 588 4708 loco
632 4651 787 4706 viridi
821 4650 891 4702 ibi
918 4663 996 4699 me
1032 4643 1316 4698 collocavit.
1356 4641 1504 4695 Unde
1529 4647 1742 4693 constat
1767 4637 1905 4704 quod

351 4745 740 4811 unusquisque
765 4746 1007 4790 nostrum
1043 4734 1155 4800 ipse
1200 4730 1301 4784 sibi
1349 4737 1611 4795 praeparat
1662 4727 1797 4778 intra
1846 4736 1906 4776 se

353 4838 549 4891 locum
583 4829 851 4889 viridem,
895 4828 948 4879 in
996 4840 1100 4891 quo
1153 4821 1385 4888 pascitur
1426 4832 1453 4869 a
1502 4816 1744 4879 Domino,
1784 4827 1907 4866 cum

353 4935 531 4992 agros
568 4918 761 4971 anima:
795 4929 904 4969 sum
948 4912 1171 4971 excolit,
1215 4918 1269 4961 et
1305 4910 1357 4961 in
1405 4907 1588 4974 spiritu
1637 4903 1911 4960 seminans

355 5021 587 5076 semper
613 5005 680 5058 ad
711 5004 944 5058 laetitiam
976 4999 1229 5068 spiritalis
1255 4998 1471 5049 culturae
1499 4993 1730 5046 adducit.

432 5100 496 5153 4.
536 5094 811 5151 Delectare
853 5091 906 5142 in
950 5088 1192 5147 Domino,
1235 5094 1283 5136 et
1316 5084 1458 5135 dabit
1501 5082 1590 5133 tibi
1635 5080 1903 5146 petitiones

357 5184 546 5250 cordis
577 5182 743 5234 tui".
786 5178 947 5232 Moris
972 5185 1055 5231 est
1083 5171 1371 5236 Scriptura:
1406 5170 1594 5222 divina:
1638 5169 1769 5222 duos
1811 5169 1908 5222 bo-

436 5384 485 5415 “
525 5380 645 5434 Gal.
676 5396 729 5434 τ.
757 5376 845 5429 22.
918 5377 962 5406 "
999 5374 1127 5425 Luc.
1155 5382 1280 5427 vui,
1328 5368 1379 5421 8.
1452 5369 1497 5400 ⁸ο
1534 5366 1650 5420 Gal.
1677 5381 1758 5426 Vl,
1790 5368 1842 5421 8.

362 5453 418 5488 “
456 5450 477 5504 l
513 5449 640 5503 Cor.
671 5464 721 5509 χ,
755 5448 806 5497 4.
891 5446 934 5481 ⁵⁵
967 5441 1118 5494 Joau.
1148 5450 1217 5498 tv,
1245 5435 1325 5486 15.
1432 5438 1476 5468 ⁵⁵
1510 5435 1647 5489 Psal.
1683 5450 1787 5489 etx.

1917 5369 1958 5399 "
1986 5367 2126 5421 Psal.
2177 5382 2321 5428 xxii,
2353 5368 2399 5418 l.

1886 5438 1928 5469 ⁸⁷
1952 5438 2103 5491 llom.
2132 5451 2213 5501 ill,
2247 5435 2329 5487 14.

1990 398 2208 451 alterius
2257 399 2477 451 alterum
2524 414 2589 451 cx
2635 399 2803 452 altero
2851 400 3143 461 nominare,
3193 399 3291 451 hoc
3323 406 3404 452 est
3445 412 3511 453 ea

1988 504 2104 555 qum
2149 489 2424 541 exterioris
2455 497 2579 541 sunt
2619 491 2864 554 hominis,
2905 490 3226 556 compellere
3256 490 3415 541 etiam
3455 488 3512 542 in

1990 579 2319 631 interiorem.
2366 578 2513 644 Quod
2564 589 2739 632 autem
2787 581 2905 633 dico
2958 582 3058 634 tale
3108 590 3191 634 est
3225 594 3239 632 :
3268 579 3515 634 Exterior

1989 666 2144 717 homo
2187 667 2476 733 corporalis
2509 667 2740 719 vescitur
2791 668 2925 719 cibis
2961 667 3415 734 corruptiliilibus,
3449 676 3505 718 et

1989 756 2087 809 sibi
2137 757 2291 822 aptis.
2327 757 2419 809 Est
2451 766 2624 809 autem
2672 768 2725 811 et
2774 759 2923 810 cibus
2976 758 3185 824 quidam
3240 756 3511 810 interioris

1990 842 2237 907 hominis,
2268 845 2330 897 de
2376 859 2479 911 quo
2516 845 2711 897 dicitur
2758 847 2877 912 quia
2925 846 2977 897 in
3027 845 3169 897 onttti
3206 846 3369 897 verbo
3419 844 3509 896 Dei

1989 931 2115 982 vivit
2149 933 2306 983 homo
2324 932 2390 983 ³³.
2428 932 2521 984 Est
2552 932 2794 997 poculum
2824 933 3109 985 exterioris
3141 933 3387 995 hominis,
3422 943 3507 985 est

1990 1017 2128 1068 aliud
2158 1019 2443 1072 interioris.
2479 1019 2714 1072 Bibimus
2740 1021 2879 1072 enim
2924 1021 2988 1073 de
3019 1018 3240 1085 spiritali
3270 1020 3510 1086 sequenti

1991 1115 2133 1171 petra
2159 1106 2223 1167 ⁸⁸,
2269 1117 2316 1159 et
2364 1108 2590 1160 bibimus
2640 1125 2863 1173 aquam,
2896 1124 3084 1175 quam,
3115 1107 3320 1159 dicente
3365 1104 3508 1166 Iesu,

1987 1194 2073 1258 qui
2105 1194 2246 1254 bibit,
2283 1211 2382 1247 non
2415 1199 2552 1249 sitiet
2583 1200 2636 1249 in
2672 1208 2919 1251 wternum
2941 1196 3005 1249 ⁸⁵.
3041 1196 3132 1247 Est
3162 1203 3215 1245 ct
3245 1194 3514 1245 indumen-

1988 1289 2097 1332 tum
2138 1284 2704 1357 exteriorisboniiuis,
2747 1296 2824 1339 est
2865 1295 2915 1337 et
2965 1283 3234 1337 interioris
3280 1282 3510 1335 hominis

1989 1371 2372 1425 indumentum.
2404 1375 2467 1425 Et
2499 1376 2542 1428 si
2586 1375 2799 1443 quidem
2846 1382 3089 1442 peccator
3122 1374 3213 1436 sit,
3243 1372 3411 1425 induit
3455 1386 3514 1427 se

1985 1460 2320 1514 maledictum
2366 1464 2501 1517 sicut
2543 1466 2912 1518 vestimentum
2934 1465 2996 1517 ".
3032 1464 3087 1516 Si
3130 1473 3306 1517 autem
3337 1463 3514 1531 justus

1985 1550 2086 1612 sit,
2128 1551 2271 1603 audit
2293 1552 2336 1585 ⁸⁷
2370 1569 2384 1603 :
2417 1552 2623 1605 Induite
2673 1570 2756 1606 vos
2802 1553 3073 1605 Dominum
3120 1551 3298 1604 Iesum
3358 1549 3512 1603 Chri-

1986 1647 2136 1690 stum.
2185 1639 2249 1692 El
2273 1640 2318 1670 ”
2344 1658 2357 1692 :
2386 1640 2592 1693 luduite
2627 1659 2715 1694 vos
2762 1643 2954 1693 viscera
2994 1642 3379 1705 misericordite,
3428 1640 3512 1691 be-

1988 1729 2319 1795 nignitatem,
2367 1731 2707 1783 humilitatem
2730 1772 2742 1795 ,
2780 1732 3257 1790 mansuetudinem,
3304 1730 3507 1794 patien-

1987 1814 2132 1864 tiam.
2178 1814 2241 1866 Et
2295 1815 2419 1882 quid
2478 1830 2692 1869 necesse
2739 1827 2818 1869 est
2862 1831 3113 1869 enarrare
3164 1831 3257 1882 per
3303 1814 3507 1882 singula

1987 1903 2248 1965 quomodo
2283 1903 2504 1954 interior
2537 1903 2694 1955 homo
2733 1905 3013 1956 exterioris
3046 1905 3275 1956 hominis
3321 1904 3506 1957 homo-

1989 1990 2161 2057 nymis
2204 1990 2642 2056 appellationibus
2698 1992 3039 2045 nominetur?
3070 1996 3228 2046 Arma
3275 1994 3511 2047 exterior

1991 2078 2148 2129 homo
2187 2086 2240 2130 et
2272 2079 2492 2131 interior
2524 2080 2703 2133 habet.
2735 2080 2832 2143 Qui
2864 2082 3153 2133 secundum
3200 2081 3508 2135 interiorem

1991 2163 2255 2216 hominem
2301 2165 2521 2227 militat,
2573 2166 2808 2219 induitur
2852 2168 3013 2219 armis
3068 2168 3192 2229 Dei,
3245 2174 3300 2218 ut
3345 2165 3515 2234 possit

1990 2262 2129 2305 Stare
2180 2253 2433 2307 adversus
2486 2254 2746 2308 versutias
2796 2254 3012 2307 diaboli.
3052 2253 3152 2307 Sed
3189 2260 3306 2321 post
3351 2251 3512 2306 multa

1991 2342 2250 2408 exempla,
2289 2342 2561 2396 veniamus
2611 2346 2675 2395 ad
2730 2343 2829 2395 hoc
2861 2344 2999 2411 quod
3052 2345 3374 2410 propositum
3403 2351 3506 2394 est.

1991 2430 2272 2484 Videamus
2306 2431 2430 2499 quid
2456 2440 2537 2484 est
2565 2432 2701 2498 quod
2728 2432 3054 2500 signiﬁcatur
3080 2447 3145 2485 ex
3176 2447 3241 2484 eo
3272 2431 3409 2497 quod
3436 2430 3518 2482 di-

1990 2529 2130 2572 ctum
2161 2529 2281 2573 est:
2312 2519 2577 2574 Delectare
2608 2523 2661 2573 in
2692 2521 2932 2584 Domino,
2976 2530 3025 2573 et
3070 2521 3209 2572 dabit
3253 2520 3344 2571 tibi
3386 2520 3516 2586 peti—

1992 2614 2154 2662 tiones
2193 2611 2359 2662 cordis
2408 2612 2505 2666 tui.
2541 2609 2824 2664 Sciendum
2860 2612 3083 2676 primum
3132 2618 3214 2662 est
3258 2609 3379 2676 quia
3412 2610 3512 2662 hoc

1992 2698 2129 2764 quod
2161 2698 2267 2750 dixi
2296 2699 2347 2751 in
2370 2697 2578 2762 Latino,
2604 2698 2853 2750 delectare
2877 2699 2930 2750 in
2966 2698 3201 2756 Domino,
3230 2698 3282 2749 in
3304 2696 3513 2759 Graeco,

1991 2784 2236 2838 deliciare
2282 2785 2337 2838 in
2394 2786 2633 2849 Domino,
2682 2785 2893 2838 dicitur.
2952 2784 3060 2838 lloc
3112 2786 3251 2839 enim
3297 2785 3517 2839 Graecus

1993 2888 2166 2926 sermo
2194 2874 2427 2930 indicat:
2462 2876 2600 2942 quod
2629 2885 2706 2928 est
2745 2873 3171 2944 κατατρύφησον.
3202 2873 3352 2928 Sicut
3386 2888 3517 2941 ergo

1994 2963 2281 3017 secundum
2330 2964 2650 3017 exteriorem
2690 2963 2956 3017 hominem
2989 2961 3241 3030 possibile
3280 2971 3362 3015 est
3412 2975 3518 3013 non

1994 3052 2159 3105 solum
2191 3051 2325 3105 cibis
2370 3054 2466 3114 uti,
2495 3066 2675 3105 verum
2727 3053 2887 3104 etiam
2936 3050 3141 3104 deliciis
3191 3048 3422 3118 perfrui,
3467 3061 3520 3101 et

1997 3140 2225 3192 maxime
2266 3142 2353 3207 qui
2390 3140 2579 3193 divites
2624 3146 2746 3192 sunt
2793 3138 2998 3192 deliciis
3049 3147 3305 3197 utuntur;
3354 3137 3516 3189 etiam

1995 3230 2067 3282 ita
2114 3231 2335 3284 interior
2372 3233 2528 3284 homo
2572 3239 2743 3298 potest
2778 3245 2880 3283 non
2916 3230 3083 3281 solum
3130 3230 3262 3282 cibis
3302 3230 3400 3290 uti,
3429 3242 3523 3280 ve-

1997 3332 2110 3369 rum
2139 3329 2194 3371 et
2238 3318 2440 3371 deliciis
2468 3319 2686 3386 perlrui.
2717 3317 2865 3381 Quod
2900 3317 3009 3370 ﬁeri
3046 3319 3147 3370 hoc
3179 3318 3333 3370 modo
3379 3317 3520 3369 arbi-

2000 3416 2125 3459 tror.
2158 3405 2212 3458 Si
2245 3407 2364 3472 quis
2391 3409 2569 3458 audiat
2612 3407 2772 3459 verba
2812 3419 2875 3459 ea
2924 3404 3275 3467 solummodo,
3304 3418 3422 3471 quae
3466 3416 3524 3458 se

1998 3494 2221 3546 invitent
2254 3498 2318 3546 ad
2365 3494 2603 3546 timorem
2645 3492 2759 3554 Dei,
2803 3494 2903 3545 iste
2950 3494 3125 3545 cibum
3160 3493 3525 3544 tantummodo

1998 3581 2138 3646 capit
2163 3595 2226 3632 ex
2266 3579 2624 3645 hujuscemodi
2652 3580 2831 3633 verbo.
2868 3578 2965 3642 Qui
2999 3592 3125 3630 vero
3161 3576 3366 3629 dederit
3395 3590 3524 3643 ope-

1999 3684 2111 3721 ram
2158 3670 2223 3721 ad
2276 3669 2666 3737 intelligendam
2735 3668 2934 3736 legem,
2977 3668 3043 3720 ad
3115 3668 3524 3733 perscrutandos

2001 3759 2305 3826 prophetas,
2334 3758 2399 3810 ad
2426 3757 2782 3811 exsolutiones
2818 3756 3187 3824 parabolarum
3228 3754 3521 3822 Evangelii.

2002 3846 2067 3899 ad
2102 3846 2527 3913 explanationem
2570 3846 2855 3899 verborum
2890 3844 3320 3907 apostolicorum,
3348 3852 3405 3897 et
3432 3844 3522 3911 qui

2003 3938 2054 3990 in
2082 3937 2329 3990 erunibus
2364 3936 2652 3990 intellectui
2696 3944 2751 3988 et
2779 3935 3012 3988 scientia:
3040 3946 3252 4001 operam
3297 3931 3522 3993 dederit,

2003 4023 2104 4077 iste
2133 4006 2335 4077 deliciis
2365 4024 2581 4076 fruitur.
2619 4022 2731 4077 Non
2771 4022 2912 4076 enim
2942 4022 3005 4073 ad
3038 4022 3139 4075 hoc
3178 4020 3348 4073 solum
3385 4022 3526 4087 quod

2005 4113 2051 4165 ei
2080 4113 2145 4166 ad
2182 4114 2339 4165 vitam
2387 4112 2596 4175 sollicit,
2626 4113 2744 4165 cibo
2790 4111 2958 4162 utitur
2998 4110 3388 4171 mandatorum,
3433 4110 3527 4161 sed

2005 4204 2057 4256 in
2080 4203 2222 4255 omni
2256 4203 2524 4269 agnitione
2552 4198 2788 4253 scientiae
2813 4198 3122 4251 delectatur.
3151 4196 3259 4249 Hoc
3284 4204 3368 4247 est
3387 4196 3528 4262 quod

2005 4290 2239 4343 arbitror
2282 4298 2334 4343 et
2377 4290 2429 4340 in
2471 4302 2535 4341 eo
2580 4287 2823 4351 indicari,
2857 4286 2996 4353 quod
3044 4285 3238 4339 dicitur
3287 4284 3424 4336 Dens
3464 4280 3532 4334 ab

2004 4380 2160 4433 initio
2203 4378 2467 4446 plantasse
2514 4375 2817 4445 paradisum
2847 4376 3175 4437 deliciarum,
3224 4374 3337 4426 sine
3368 4374 3531 4427 dubio

2003 4468 2057 4520 in
2112 4481 2216 4534 quo
2267 4465 2631 4533 spiritualibus
2685 4466 2894 4519 deliciis
2945 4466 3267 4518 irueremur.
3321 4462 3426 4516 Sed
3477 4473 3533 4517 et

2005 4555 2125 4608 alibi
2154 4571 2167 4607 :
2199 4554 2513 4616 Torrentem,
2543 4556 2617 4608 ait
2638 4556 2705 4616 ⁸³,
2732 4556 3034 4607 deliciarum
3064 4564 3237 4623 potum
3262 4553 3408 4605 dabis
3434 4553 3529 4615 eis,

2004 4644 2204 4697 sanctis
2247 4628 2472 4699 scilicet.
2507 4644 2613 4698 Sed
2657 4654 2710 4698 et
2757 4645 2844 4697 hic
2890 4644 3000 4697 scio
3040 4644 3179 4711 quod
3226 4643 3277 4695 in
3325 4641 3531 4694 Latinis

2007 4732 2396 4799 exemplaribus
2424 4734 2605 4787 haberi
2638 4733 2775 4787 solet
2801 4740 3074 4785 torrentem
3106 4732 3378 4798 voluptatis
3408 4739 3529 4792 ινιτ.

2005 4821 2098 4873 sed
2125 4820 2176 4872 in
2206 4821 2392 4875 Graeco
2419 4822 2643 4876 habetur
2670 4821 2897 4891 τρυφῆς,
2927 4822 3064 4890 quod
3091 4831 3173 4874 est
3210 4819 3533 4873 deliciarum.

2009 4903 2111 4958 Sed
2156 4915 2211 4959 et
2243 4909 2442 4961 sanctis
2481 4910 2779 4977 quibusque
2823 4909 3175 4976 corporalium
3223 4903 3538 4955 deliciarum

2009 5004 2343 5062 contemptus
2376 4997 2641 5059 indicitur,
2689 5006 2741 5051 et
2790 5010 2912 5064 spes
2956 4996 3262 5047 deliciarum
3314 4987 3537 5052 spirita-

2009 5081 2137 5135 lium
2173 5085 2571 5152 repromittitur.
2603 5084 2696 5138 Vis
2732 5086 2890 5137 etiam
2920 5083 2984 5134 de
3017 5082 3117 5133 hoc
3162 5072 3539 5126 auctoritatem

2013 5173 2254 5240 accipere
2294 5174 2581 5242 Scriptura:
2615 5173 2845 5227 divinae?
2881 5172 3034 5223 Dives
3071 5163 3284 5233 quidam
3319 5168 3467 5223 eral.
3495 5173 3549 5214 ει

2473 5366 2518 5395 ⁵¹
2555 5361 2695 5413 Psal.
2730 5360 2991 5424 unum}.
3068 5355 3113 5387 ⁵³
3154 5352 3310 5424 Deut.
3342 5363 3477 5424 vni,
3500 5352 3561 5405 '5.

2406 5434 2447 5465 ’⁵³
2477 5430 2677 5483 Coloss.
2712 5442 2793 5495 lli,
2824 5419 2935 5480 ηϊ
2985 5428 3027 5458 ⁸9
3051 5420 3196 5477 Psal.
3233 5430 3371 5467 xxxv
3426 5419 3486 5471 9.
