3910 6262
203 193 339 246 1527

1542 187 1630 243 EX
1665 187 1952 243 ORIGENE

3579 180 3734 234 1528

200 306 442 360 Lazarus
489 317 723 372 pauper;
761 302 814 357 in
845 302 1052 358 deliciis
1099 301 1456 371 corporalibus
1487 311 1603 357 erat
1647 293 1730 355 di-
1759 305 1806 358 A
1831 299 1956 364 agit,
1995 297 2105 351 odit
2139 299 2348 359 lucem,
2387 306 2443 349 et
2505 310 2632 348 non
2690 291 2863 344 venit
2909 287 3009 340 ad
3053 284 3288 348 lucem
3332 303 3437 346 ul,
3488 305 3572 342 ..ε
3614 304 3720 339 σν.

204 411 321 460 ves,
354 395 591 448 Lazarus
636 394 1019 448 conficiebatur
1067 393 1259 446 inedia.
1299 393 1539 446 Excessit
1583 400 1729 445 uter-

201 500 308 553 que
334 484 399 538 de
425 483 640 548 saeculo,
668 493 723 537 et
753 482 987 536 Lazarus
1027 483 1236 548 quidem
1279 483 1345 535 ab
1372 481 1572 548 angelis
1604 481 1731 534 sub-

201 575 342 629 latus
371 583 454 628 est
498 575 551 628 in
596 575 769 628 sinum
803 572 1045 634 Abrahae,
1078 581 1134 624 ut
1174 571 1246 624 ibi
1291 571 1344 623 in
1376 571 1584 625 deliciis
1638 585 1728 624 rc-

199 664 530 732 quiesceret;
572 663 660 714 ille
687 669 858 714 autem
894 662 982 727 qui
1028 659 1080 712 in
1129 659 1335 714 deliciis
1384 659 1560 712 fuerat
1604 673 1728 711 cor-

199 752 494 821 poralibus,
525 753 654 805 abiit
684 752 734 804 in
765 750 1067 818 .gehennam
1099 750 1255 815 ignis,
1286 751 1427 803 sicut
1465 750 1517 802 in
1552 748 1730 801 Evan-

199 839 337 905 gelio
358 850 458 903 est,
485 850 538 893 et
565 839 708 893 audit
733 837 800 891 ab
820 839 1085 891 Abraham
1104 837 1170 903 °',
1193 837 1315 906 quia
1345 848 1401 890 tu
1429 846 1730 891 consecutus

199 947 254 984 es
285 931 414 984 bona
442 931 494 982 in
533 929 638 982 vita
678 939 790 990 tua,
823 926 922 980 hoc
967 939 1048 980 cst
1090 928 1295 981 deliciis
1340 926 1538 981 abusus
1562 941 1640 988 cs,
1680 936 1730 978 et

200 1019 433 1072 Lazarus
466 1018 602 1070 mala
630 1033 648 1071 :
679 1034 812 1070 nunc
844 1025 1016 1068 autem
1061 1017 1143 1068 hic
1191 1016 1481 1084 requiescit,
1511 1025 1567 1067 tu
1608 1031 1728 1067 vero

200 1109 470 1161 cruciaris.
520 1105 684 1160 Nemo
724 1115 914 1174 potest,
947 1116 1001 1159 et
1037 1105 1090 1158 in
1122 1118 1302 1168 carne,
1332 1114 1388 1158 et
1437 1106 1488 1157 in
1537 1105 1724 1172 spiritu

197 1196 396 1252 habere
442 1195 681 1248 delicias.
728 1195 832 1248 Sed
876 1195 920 1247 si
969 1195 1090 1262 quis
1137 1194 1188 1246 in
1229 1207 1389 1248 carne
1430 1193 1724 1256 deliciatur,

195 1285 334 1338 sicut
365 1283 452 1336 ille
479 1284 646 1347 dives,
673 1283 875 1357 carebit
900 1283 1100 1351 gremio
1127 1282 1393 1335 Abraham
1419 1290 1476 1335 et
1501 1282 1724 1335 deliciis.

195 1374 294 1438 Qui
339 1387 468 1427 vero
516 1372 570 1426 in
607 1373 853 1440 praesenti
889 1373 1081 1426 saeculo
1117 1386 1251 1438 pane
1297 1370 1594 1424 afllictionis
1630 1385 1726 1423 ve-

195 1463 384 1524 scitur,
416 1461 554 1515 sicut
585 1471 637 1514 ct
667 1461 755 1514 ille
799 1474 1018 1528 pauper,
1063 1474 1183 1512 cum
1230 1459 1352 1512 hinc
1382 1459 1721 1522 abscesserit,

194 1551 247 1602 in
284 1549 489 1603 deliciis
518 1549 638 1602 erit.
674 1549 932 1602 Deliciare
963 1562 1094 1615 ergo
1123 1548 1177 1600 in
1221 1548 1459 1611 Domino,
1492 1557 1539 1600 et
1581 1549 1723 1600 dabit

193 1639 286 1689 tibi
321 1638 620 1705 petitionem
661 1638 829 1690 cordis
886 1639 983 1690 tui.
1019 1638 1168 1702 Quod
1212 1638 1256 1690 si
1304 1637 1477 1690 adhuc
1515 1637 1722 1704 plenius
1754 1623 1796 1677 Β

193 1726 388 1780 intueri
440 1727 519 1777 vis
571 1726 838 1792 quomodo
871 1723 994 1792 quis
1040 1724 1319 1777 delicietur
1366 1723 1416 1776 in
1474 1724 1720 1785 Domino,

193 1814 432 1880 perspice
454 1815 594 1879 quod
620 1812 876 1864 Dominus
902 1813 1101 1865 veritas
1124 1819 1225 1873 est,
1245 1819 1298 1864 et
1331 1811 1590 1878 sapientia
1617 1820 1721 1872 est,

190 1911 245 1956 et
267 1902 470 1971 jnstitia
497 1909 605 1965 est,
651 1909 702 1955 et
738 1900 1092 1955 sanctificatio
1135 1909 1238 1953 est.
1271 1899 1326 1952 Si
1377 1913 1505 1967 ergo
1553 1900 1724 1954 abun-

191 1991 398 2046 daveris
425 1991 478 2044 in
525 1990 723 2050 divitiis
752 1988 1012 2052 veritatis,
1043 1987 1086 2040 si
1136 1989 1492 2042 abundaveris
1538 1989 1590 2042 in
1641 1989 1724 2042 in-

191 2078 406 2132 tellectu
456 2078 764 2146 sapientia),
803 2076 847 2130 si
901 2075 1145 2141 copiosus
1199 2073 1362 2128 fueris
1400 2076 1452 2127 in
1513 2075 1724 2130 actibus

183 2167 430 2236 iustitiae,
458 2176 582 2221 tunc
608 2167 762 2234 plene
787 2175 842 2218 et
869 2167 1074 2234 integre
1098 2162 1368 2216 deliciaris
1390 2163 1444 2216 in
1474 2163 1720 2216 Domino.

189 2254 314 2318 Quae
344 2255 526 2322 utique
579 2269 698 2308 cum
749 2252 1070 2321 expleveris,
1107 2259 1232 2303 tunc
1274 2252 1434 2303 etiam
1480 2251 1531 2304 id
1580 2253 1721 2320 quod

88 2352 95 2361 '
187 2345 534 2410 consequitur
578 2341 910 2409 adipisceris.
956 2339 1114 2392 Dabit
1145 2340 1286 2393 enim
1331 2339 1423 2392 tibi
1466 2338 1721 2394 Dominus

185 2432 456 2498 petitiones
484 2432 655 2484 cordis
697 2432 794 2484 tui.
825 2429 1136 2485 Necessario
1177 2438 1353 2482 tamen
1393 2429 1598 2484 addidit
1633 2446 1720 2498 pe-

187 2522 394 2573 titiones
422 2521 595 2573 cordis
624 2521 723 2586 tui,
754 2535 874 2574 cum
904 2519 1161 2586 potuisset
1197 2518 1381 2585 utique
1408 2519 1590 2572 dicere
1631 2532 1722 2586 pc-

188 2614 404 2668 titiones
448 2625 588 2668 tuas.
638 2615 716 2668 Ita
768 2624 942 2668 autem
991 2614 1201 2668 facilius
1234 2613 1459 2683 intelligi
1519 2624 1718 2684 potest.

185 2701 334 2765 Quod
369 2702 412 2755 si
448 2701 776 2769 singulorum
820 2702 1176 2754 membrorum
1212 2701 1428 2768 propria
1473 2703 1720 2770 quaedam

184 2803 413 2854 persona
461 2791 710 2854 tingatur,
759 2789 906 2840 verbi
942 2802 1126 2850 causa,
1159 2788 1202 2840 si
1249 2788 1441 2841 oculus
1493 2790 1721 2844 haberet

183 2891 398 2940 vocem,
427 2877 660 2943 nunquid
710 2891 811 2928 non
861 2876 1061 2928 diceret
1100 2893 1115 2928 :
1146 2876 1270 2928 Peto
1299 2877 1502 2942 lucem,
1534 2889 1592 2931 ut
1639 2880 1723 2933 vi-

183 2963 332 3014 deam
369 2977 430 3014 ea
469 2976 587 3028 qua:
619 2976 701 3014 me
744 2963 925 3015 videre
971 2962 1270 3015 delectant?
1305 2962 1528 3032 Refugio
1572 2968 1717 3019 enim

181 3049 364 3102 videre
420 3049 694 3102 horrorem
739 3051 1006 3116 aliquem,
1047 3058 1102 3102 et
1159 3064 1316 3102 omne
1375 3054 1516 3118 quod
1579 3069 1717 3108 cono

184 3139 357 3189 turbat
381 3145 433 3188 et
472 3137 756 3190 contristat
801 3147 1093 3204 aspectum.
1143 3137 1401 3191 Similiter
1438 3149 1492 3194 et
1531 3143 1576 3196 si
1617 3160 1718 3196 au-

180 3227 324 3280 ditus
359 3226 622 3294 acciperet
645 3241 850 3290 vocem,
898 3227 1130 3294 nunquid
1166 3240 1270 3280 non
1312 3229 1561 3285 diceret:
1589 3233 1718 3289 Peto

180 3331 369 3368 sonum
403 3315 671 3369 modulata
704 3326 819 3370 arte
846 3317 1218 3384 compositum,
1261 3332 1448 3374 sonum
1485 3322 1722 3377 delecta-

181 3406 362 3468 bilem,
390 3421 634 3474 asperum
663 3421 790 3460 vero
831 3414 884 3459 et
911 3400 1152 3460 terribile
1183 3407 1381 3476 aliquid
1423 3410 1612 3466 audire
1641 3428 1719 3465 re-

179 3493 366 3563 fugio?
409 3494 484 3547 lla
532 3493 578 3548 si
625 3495 802 3564 gustui
854 3508 955 3547 vox
1005 3494 1254 3560 daretur,
1302 3507 1356 3550 et
1411 3500 1606 3566 tactui,
1663 3511 1716 3556 et

177 3598 364 3637 omnes
389 3598 578 3638 sensus
615 3583 782 3637 nostri
818 3583 935 3637 sine
966 3581 1127 3636 dubio
1154 3583 1269 3638 lucc
1297 3594 1560 3652 peterent,
1597 3603 1714 3656 quae

177 3687 275 3727 suo
322 3673 501 3728 sensui
553 3673 921 3728 convenirent.
950 3670 1034 3724 Ab
1083 3672 1166 3726 his
1211 3687 1340 3741 ergo
1377 3683 1714 3731 transeamus

178 3765 244 3814 ad
273 3777 365 3815 cor
405 3763 455 3816 in
486 3777 592 3829 quo
621 3769 702 3816 est
737 3776 908 3825 mens,
934 3770 988 3814 et
1027 3762 1339 3830 principalis
1385 3765 1708 3828 intellectus,

177 3859 230 3902 et
262 3851 533 3904 videamus
561 3851 688 3918 quid
719 3851 986 3904 desideret
1017 3859 1072 3902 et
1100 3851 1226 3916 quid
1255 3859 1400 3919 petat
1427 3866 1540 3917 cor,
1572 3855 1710 3907 sicut

178 3940 245 3991 de
272 3938 424 3991 oculo
460 3939 539 3992 vel
573 3939 638 3992 de
667 3939 887 3992 auribus
916 3939 1228 4004 exterisque
1257 3941 1502 3994 sensibus
1537 3943 1586 3994 in
1621 3957 1712 3995 sn-

176 4025 473 4092 perioribus
539 4027 1040 4080 demonstravimus.
1090 4028 1389 4081 Secundum
1431 4029 1513 4082 sui
1552 4039 1710 4081 natu-

178 4127 290 4164 ram
337 4127 427 4167 cor
471 4114 589 4166 sine
636 4114 794 4165 dubio
853 4114 1256 4183 intelligentiam
1310 4118 1500 4182 poscit.
1557 4119 1709 4171 Sicut

1832 397 2059 454 guantur
2087 404 2248 456 opera
2278 388 2433 455 ejus.
2476 384 2606 448 Qui
2639 392 2862 434 autem
2915 377 3098 444 Inc“
3127 388 3529 445 veritatem.
3561 381 3720 432 καί(

1834 479 1900 530 ad
1934 479 2180 531 lucem“.
2229 477 2528 543 Quoniam
2591 486 2752 541 ergo
2812 470 2937 537 qui
2975 465 3171 520 male
3211 475 3396 543 agit,
3436 469 3584 522 odit
3615 466 3712 520 lu—

1835 581 1971 628 cem,
2001 576 2058 620 et
2088 578 2365 636 quantum
2407 567 2466 618 in
2508 564 2652 632 ipso
2702 559 3088 616 occultans
3129 565 3317 617 mata
3360 571 3528 628 qua
3554 554 3703 623 agit,

1836 664 1888 708 et
1919 655 2119 709 timens
2147 669 2218 709 ne
2241 666 2550 722 arguatur,
2578 655 2755 708 velat
2787 660 2855 705 et
2900 649 3220 712 contegit
3255 652 3462 705 viam
3486 659 3701 704 suam,

1835 754 1888 798 et
1934 755 2197 812 tanquam
2246 745 2587 798 velamento
2643 743 2944 812 quodam
2994 741 3224 806 operit
3259 749 3487 793 actus
3523 747 3696 787 suos.

1840 834 1996 887 Verbi
2029 834 2301 900 gratia,si
2335 835 2468 900 quis
2496 843 2813 896 vestrum,
2856 831 3035 884 licet
3084 841 3214 884 non
3250 840 3507 899 Optem
3550 835 3694 875 esse

1836 923 1888 973 in
1927 921 2030 974 hoc
2058 929 2337 973 conventu
2373 920 2555 973 talem
2587 920 2905 988 aliquem,
2944 926 3189 970 tamen
3214 920 3276 974 si
3322 914 3493 984 quis
3523 913 3690 962 inter

1834 1025 1953 1072 vos,
1969 1009 2087 1062 sive
2101 1009 2568 1072 catechumenos,
2585 1009 2718 1062 sive
2737 1008 2950 1061 etiam
2973 1019 3158 1058 unus
3172 1004 3438 1064 aliquis
3454 1012 3538 1046 ex
3559 997 3688 1056 Ριιβ

1836 1102 1985 1155 ribus
2002 1100 2250 1154 fidelium
2280 1100 2554 1153 conscius
2583 1101 2703 1153 sibi
2727 1109 2829 1153 est
2848 1097 3042 1168 quod
3077 1089 3468 1150 ΐοηιῑοειυε
3485 1081 3599 1168 ξεῖν
3619 1083 3680 1126 ει

1835 1190 1976 1246 c'elat
1991 1190 2279 1252 delictum,
2295 1191 2556 1257 nunquid
2575 1203 2700 1242 non
2723 1189 2833 1242 tibi
2852 1165 3139 1242 videtur
3157 1165 3709 1240 i5\emc“\\3‘%‘

1831 1290 1888 1336 et
1914 1283 2132 1350 operire
2158 1285 2302 1336 viam
2326 1297 2489 1337 suam
2512 1294 2704 1347 quam
2742 1279 3001 1333 incedit
3019 1278 3053 1330 ἲ
3091 1266 3252 1342 ριιὶ
3278 1279 3546 1325 a\nem
3563 1281 3751 1327 casm

1832 1374 1963 1442 agit,
1981 1383 2036 1426 et
2050 1375 2278 1428 conlidit
2293 1373 2626 1443 depuritate
2647 1373 2794 1425 vita!
2807 1385 2981 1436 suae,
3007 1385 3178 1423 non
3201 1367 3396 1423 νυιι
3412 1374 3758 1443 εοορει-ἰη

1830 1463 1972 1514 viam
1991 1477 2166 1527 suam,
2185 1466 2280 1517 sed
2301 1465 2562 1518 vulteam
2586 1461 3011 1517 manifestam
3039 1474 3282 1525 esse,
3313 1465 3753 1522 manifestam

1832 1549 1954 1602 dico
1967 1565 2071 1604 non
2088 1551 2510 1615 hominibus,ne
2526 1551 2685 1604 forte
2702 1548 3046 1618 percipiat.
3069 1551 3546 1609 mei-cedem
3571 1573 3750 1614 suam

1824 1637 1892 1690 ab
1917 1638 2251 1703 hominibus,
2281 1640 2381 1693 sed
2439 1639 2560 1692 Deo
2597 1637 3022 1692 manifestat.
3077 1635 3532 1704 Propterea
3594 1661 3746 1716 ergo

1822 1725 2044 1791 dicitur,
2057 1726 2242 1782 Revela
2264 1729 2336 1780 ad
2361 1728 2677 1782 Dominum
2711 1729 2880 1781 viam
2913 1737 3163 1779 trram.
3207 1725 3390 1782 Sed
3420 1741 3493 1785 et
3521 1734 3581 1787 si
3609 1751 3741 1790 ma-

1823 1812 2000 1869 lorum
2031 1816 2127 1869 tibi
2146 1817 2408 1870 conscius
2432 1816 2792 1885 aliquorum
2830 1816 3104 1880 fueris,
3141 1816 3333 1870 noli
3366 1822 3730 1888 occultare,

1823 1907 1916 1960 sed
1945 1919 2042 1974 per
2070 1906 2533 1974 exomologesim,
2571 1907 2628 1959 id
2665 1916 2766 1960 est
2825 1905 3474 1972 confessionem,
3518 1916 3722 1968 revela

1823 2011 1886 2049 ea
1919 1994 2174 2058 Domino,
2209 2005 2266 2048 et
2292 2009 2455 2063 spera
2493 1996 2548 2048 in
2577 2011 2749 2060 eum,
2780 2005 2850 2050 et
2881 1997 3042 2064 ipse
3083 1997 3377 2051 faciet.
3422 2000 3570 2056 Hoc
3601 2015 3716 2069 est,

1823 2099 1947 2137 cum
1978 2084 2266 2137 confessus
2303 2084 2503 2149 fueris,
2537 2093 2601 2139 et
2638 2085 3070 2139 revelaveris
3121 2087 3197 2139 ei
3265 2087 3536 2145 delicta
3588 2103 3709 2158 tua,

1822 2187 1974 2241 spera
1996 2174 2047 2226 in
2074 2188 2202 2227 eum
2221 2176 2371 2240 quod
2390 2175 2582 2242 possis
2613 2175 2694 2227 ab
2725 2189 2807 2228 eo
2833 2177 3140 2229 veniam
3182 2183 3622 2246 promereri,
3655 2194 3708 2239 ετ

1824 2262 1934 2329 ipse
1961 2262 2145 2315 faciet.
2182 2262 2327 2326 Quid
2355 2263 2566 2317 faciet?
2604 2263 2762 2316 Sine
2795 2262 3017 2318 dubio
3052 2281 3360 2320 sanum
3402 2279 3472 2322 te
3490 2271 3702 2331 faciet.

1823 2350 1974 2404 Dicet
1995 2351 2090 2406 tibi
2114 2352 2194 2400 ⁴⁸³ε
2225 2352 2369 2406 Ecce
2375 2354 2496 2420 jam
2518 2369 2706 2406 sanus
2734 2355 2961 2422 factus
2984 2371 3099 2422 es,
3134 2358 3259 2411 ull
3273 2374 3358 2410 ra
3400 2363 3541 2414 noli
3561 2381 3699 2431 ρω.

1821 2455 1961 2504 care,
1979 2455 2042 2494 ne
2064 2441 2191 2508 quid
2207 2441 2304 2492 tibi
2319 2442 2557 2494 deterius
2576 2443 2933 2512 contingat.
2960 2445 3140 2499 Haec
3166 2447 3250 2500 fe
3265 2448 3448 2512 ciet,
3469 2453 3526 2504 si
3547 2454 3698 2508 deli-

1819 2541 1904 2586 cta
1928 2540 2015 2584 tua
2038 2533 2085 2584 ei
2111 2531 2535 2586 revelaveris.Si
2560 2547 2710 2586 vero
2728 2547 2902 2601 pura
2920 2546 3033 2589 est
3059 2539 3190 2590 via
3227 2547 3257 2590 ι
3275 2553 3398 2601 lla,
3423 2552 3494 2595 et
3518 2561 3689 2599 mun-

1821 2621 1884 2674 da
1907 2622 2263 2685 conscientia,
2293 2629 2349 2675 et
2381 2622 2500 2675 haec
2522 2623 2577 2677 ei
2613 2625 3068 2686 revelaveris.
3121 2643 3376 2697 spera
3423 2632 3490 2684 in
3515 2649 3683 2690 enim.

1889 2706 1944 2760 6.
1984 2706 2124 2772 Quid
2157 2706 2350 2770 faciat,
2383 2723 2450 2762 ex
2482 2713 3058 2778 consequentibus
3113 2717 3354 2770 disce
3384 2719 3444 2750 “
3471 2737 3486 2771 :
3524 2721 3675 2778 Pro-

1821 2797 1970 2850 ducet
2012 2798 2145 2850 sicut
2187 2797 2368 2850 lumen
2388 2799 2684 2864 justitiam
2722 2810 2936 2868 tuam,
2975 2817 3040 2859 et
3081 2808 3474 2876 judicium
3507 2822 3671 2867 tanta

1823 2887 1957 2940 sicut
1986 2887 2279 2940 meridiem.
2312 2886 2488 2940 Tuam
2533 2888 2892 2957 justitiam,
2948 2909 3192 2964 quam
3255 2907 3340 2951 tu
3373 2904 3563 2970 egisti
3608 2908 3666 2961 in

1821 2976 2052 3037 occulto,
2099 2985 2153 3028 et
2203 2976 2469 3030 revelasti
2519 2993 2656 3033 eam
2692 2983 2816 3036 soli
2862 2984 3036 3054 Deo,
3089 2991 3319 3045 hanc
3357 2997 3660 3060 producet

1819 3065 1964 3118 sicut
2002 3064 2184 3119 lumen
2214 3066 2383 3132 Deus,
2411 3075 2470 3121 et
2501 3073 2800 3127 ostendet
2841 3085 2913 3130 te
2964 3077 3279 3144 justum
3339 3082 3661 3142 illmina-

1827 3163 1937 3205 tum
1976 3151 2093 3206 sole
2117 3152 2369 3220 justitiaz,
2399 3155 2556 3209 C(BIO
2583 3167 2646 3210 et
2675 3167 2898 3226 terrm,
2943 3175 3012 3218 et
3053 3168 3432 3225 omnibus
3461 3177 3570 3242 qui
3599 3177 3656 3229 in

1819 3241 1958 3295 ccelo
2007 3249 2133 3294 sunt
2183 3244 2442 3296 ostendet
2487 3244 2694 3301 lumen
2748 3249 3040 3317 iustitiae
3091 3267 3295 3322 tuae,
3344 3269 3439 3325 et,
3480 3241 3540 3318 si
3571 3266 3649 3318 ita

1818 3329 1924 3383 dici
1976 3340 2215 3398 oportet,
2261 3331 2504 3396 jactabit
2566 3348 2635 3387 se
2683 3339 2782 3391 de
2833 3347 2900 3392 te
2960 3352 3340 3416 tanquam
3378 3351 3464 3404 de
3501 3353 3642 3417 lilio,

1821 3426 2077 3486 tanquam
2135 3420 2227 3486 qui
2287 3423 2587 3488 acceperis
2641 3427 2956 3493 spiritum
3003 3437 3471 3506 adopticnis.
3505 3441 3646 3496 Pro-

1817 3506 1974 3561 ducet
2005 3523 2150 3599 ergo
2179 3508 2454 3576 justitiam
2501 3519 2665 3566 tuam
2719 3518 2899 3573 sicut
2963 3523 3272 3592 lumen,
3326 3532 3482 3596 quia
3541 3535 3640 3599 qui

1815 3598 2476 3686 sccundumrmandatum
2511 3601 2758 3659 Domini
2793 3607 3023 3675 justus
3081 3629 3262 3686 est,
3319 3598 3638 3684 justitiam

1815 3698 1968 3737 suam
2002 3685 2077 3738 ita
2116 3685 2265 3751 facit,
2305 3688 2457 3742 sicut
2505 3690 2634 3758 ipse
2667 3699 3016 3755 mandavit
3057 3685 3430 3763 dicenti"
3458 3725 3475 3760 =
3519 3709 3635 3764 Vo!

1811 3861 1937 3928 quid
1960 3861 2123 3957 faciat
2155 3865 2344 3957 desum
2375 3874 2493 3919 tua.
2529 3865 2670 3924 llaec
2695 3886 2855 3943 ergo
2875 3877 3157 3944 iustitia
3194 3904 3248 3957 (ι
3269 3899 3386 3939 sic
3417 3889 3502 3939 ita
3546 3889 3633 3954 lit,

1813 3958 1870 4042 ut
1901 3963 2005 4001 non
2046 3951 2364 4004 hominibus
2386 3965 2696 4022 appareat,
2734 3977 2852 4018 nec
2904 3978 2979 4022 nt
3023 3951 3459 4031 hosnannam
3493 3951 3628 4042 ειοξ

1812 4036 1948 4131 riam
1977 4048 2182 4131 captet,
2216 4041 2312 4131 sed
2360 4042 2425 4094 lit
2474 4047 2532 4096 in
2579 4051 2856 4119 occulto,
2898 4068 2970 4111 ut
3008 4059 3268 4121 Pater
3319 4067 3436 4131 qni
3469 4036 3635 4122 videt

1815 4125 1867 4177 in
1898 4126 2132 4222 occulto,
2171 4130 2369 4222 reddat
2411 4135 2600 4201 palam
2640 4139 2701 4191 in
2749 4152 3036 4213 tempore
3093 4169 3303 4218 suo,
3343 4125 3636 4222 produci-

176 4201 361 4302 oculos
405 4201 604 4301 visum.
635 4199 797 4270 659
847 4203 918 4254 ita
964 4217 1059 4256 cor
1104 4205 1432 4260 intellectum
1467 4209 1708 4276 requirit.
1736 4214 1786 4276 D
1814 4224 1900 4267 tur
1937 4229 1967 4267 a
1997 4213 2107 4268 Deo
2152 4217 2296 4269 sicut
2335 4199 2453 4272 lui.
2493 4223 2562 4274 Et
2587 4199 2899 4292 judicium.

177 4288 328 4341 Sicut
371 4289 514 4342 auris
562 4303 774 4342 suavem
829 4305 1014 4344 sonum
1053 4295 1218 4362 cupit,
1261 4295 1332 4349 ita
1377 4311 1471 4351 cor
1503 4298 1713 4365 sapien-

179 4377 320 4428 tibus
367 4377 612 4430 sensibus
659 4377 974 4434 delectatur.
1010 4380 1162 4434 Sicut
1197 4395 1383 4452 gustus
1432 4387 1571 4440 dulci
1623 4403 1713 4440 sa-

173 4477 325 4533 pore,
366 4462 440 4514 ita
485 4477 577 4515 cor
629 4465 978 4530 prudentibus
1033 4472 1444 4538 cogitationibus
1495 4477 1708 4544 gaudet.

175 4554 325 4606 Sicut
353 4552 602 4607 odoratus
648 4555 911 4609 suavitate
955 4557 1283 4627 fragrantia,
1315 4565 1386 4616 ita
1420 4579 1516 4617 cor
1547 4565 1706 4618 ratio-

173 4639 437 4693 nubilibus
489 4639 682 4693 studiis
734 4639 966 4695 laetatur.
1040 4645 1186 4699 Sicut
1245 4658 1419 4704 tactus
1490 4649 1700 4704 lenibus

171 4745 237 4783 ac
283 4728 548 4790 mollibus,
610 4729 679 4780 ita
726 4743 818 4782 cor
849 4731 1066 4786 utilibus
1113 4746 1167 4788 et
1221 4739 1436 4806 optimis
1467 4739 1705 4792 consiliis

167 4816 484 4871 delectatur.
532 4815 588 4868 Si
631 4829 758 4883 ergo
803 4818 1065 4875 delicieris
1120 4824 1170 4876 in
1226 4826 1476 4890 Domino,
1518 4836 1571 4880 et
1609 4843 1698 4881 sa-

169 4907 407 4974 pientiae,
431 4913 485 4959 et
510 4906 770 4971 veritatis,
798 4916 853 4962 et
877 4907 1092 4974 iustitia:
1115 4914 1285 4980 copiis
1302 4924 1462 4982 atque
1492 4916 1700 4970 deliciis

167 4991 479 5060 perfruaris,
515 4992 663 5046 dabit
701 4993 792 5048 tibi
826 4995 1075 5050 Dominus
1104 4999 1386 5066 petitiones
1412 5004 1594 5058 cordis
1623 5005 1697 5057 tui

169 5093 316 5146 aptas
345 5081 546 5136 deliciis
573 5084 906 5150 supradictis.

236 5169 290 5221 ὅ.
323 5169 449 5224 Post
479 5172 590 5225 llaec
635 5172 761 5227 dicit
784 5174 827 5204 “
853 5192 866 5228 :
892 5174 1074 5229 Revela
1107 5175 1327 5228 Domino
1357 5179 1490 5231 viam
1528 5191 1694 5244 tuam,

167 5263 218 5308 et
257 5273 402 5323 spera
431 5258 484 5312 in
521 5277 657 5325 eum,
689 5271 735 5315 et
783 5265 888 5330 ipse
927 5265 1104 5331 faciet.
1129 5293 1199 5303 —
1224 5261 1405 5318 Omnis
1443 5270 1532 5335 qui
1561 5269 1695 5321 male

240 5365 282 5432 ξ’
320 5367 445 5424 an.
473 5385 582 5432 xvi,
611 5372 700 5426 25.

173 5431 217 5460 u
240 5375 445 5460 :nllnltc.
473 5375 700 5454 “5’25.
814 5376 855 5407 “
885 5375 1028 5430 Psal.
1062 5390 1245 5440 xxxvr,
1266 5376 1319 5428 5.

244 5431 426 5489 Matth.
468 5453 539 5501 Vl,
576 5439 631 5492 ὅ.

1421 5381 1464 5410 ω
1495 5379 1648 5435 Joan.
1678 5396 1760 5449 tn,
1795 5387 1873 5442 20
1915 5408 1982 5455 et
2014 5405 2118 5467 21.

1808 4306 1938 4402 dies.
1971 4303 2167 4402 Omnia
2211 4309 2363 4402 enim
2391 4309 2533 4402 justi
2561 4313 2791 4380 judicia
2826 4337 3322 4402 quaecunque
3375 4333 3628 4400 judica-

1809 4391 1904 4454 vit,
1934 4405 2039 4442 non
2075 4392 2258 4446 solum
2293 4398 2452 4479 sicut
2495 4399 2594 4454 lux
2648 4417 2854 4472 erunt,
2888 4418 2998 4469 sed
3028 4391 3272 4479 sic-ul.
3319 4391 3630 4480 m'eridii-

1971 4479 2182 4548 lumen,
2215 4489 2375 4584 quod
2426 4491 2630 4584 utique
2665 4497 3096 4563 clarissimum
3165 4528 3252 4573 et
3339 4516 3628 4584 splendi-

1806 4569 2258 4663 dissimum-est.
2315 4576 2613 4639 Plenitudo
2661 4589 2822 4645 enim
2871 4595 3024 4652 lucis
3069 4569 3630 4663 ila—rute'ridia—no

1806 4661 2068 4761 tempore-
2087 4657 2453 4761 d'eSignatur.
2479 4669 2539 4726 Si
2557 4688 2695 4743 ergo
2732 4677 2914 4736 fueris
2937 4657 3196 4750 justus
3220 4657 3369 4746 Victi

1807 4743 2076 4853 producet
2104 4748 2266 4853 Deus
2295 4759 2446 4819 sicut
2475 4764 2662 4820 lumen
2689 4743 2972 4834 justitiam
3012 4743 3319 4848 tuan):
3343 4743 3430 4837 re;

1982 4847 2144 4939 tuum
2172 4849 2343 4939 sicut
2363 4860 2671 4916 meridiem.
2703 4859 2803 4914 Vel
2826 4874 2985 4918 certe
3018 4867 3094 4923 in
3123 4847 3628 4939 juaicio-cum

1807 4933 1978 5030 fallat!
2010 4935 2111 5030 lita
2151 4937 2499 5020 discutitur,
2528 4949 2793 5019 justitiam
2827 4964 3018 5006 causa:
3059 4933 3224 5016 tua:
3321 4966 3629 5030 tanquam

2023 5017 2187 5082 Deus
2223 5032 2416 5098 faciet
2447 5009 2815 5105 manifestam,
2837 5049 2892 5093 et
2909 5040 3326 5108 judicium-
3357 5009 3537 5116 ψιλά
3570 5009 3638 5109 ξι

1806 5095 2116 5206 ξίξξυάξοπιτ
2157 5124 2337 5186 velut
2395 5136 2676 5194 meridiem
2707 5131 2864 5185 faciet
2903 5095 3450 5199 inanifes-g-Lm.
3480 5095 3637 5206 Qu:

1807 5199 2068 5301 ῗξωξηῑθε
2097 5204 2188 5301 ita
2223 5216 2460 5297 futura,
2492 5232 2828 5300 deprecemur
2851 5220 3450 5289 ῐηῑδετίοοτύἰῗυυ
3494 5199 3642 5301 δεῖ»

1806 5285 1869 5328 ιιι
1912 5298 2220 5362 concedat
2260 5285 2459 5380 nobis,
2485 5285 2616 5382 {31:35
2649 5317 2784 5384 fieri,
2821 5311 2908 5385 qui
2933 5312 3100 5380 digni
3158 5285 3271 5380 1.;
3335 5285 3646 5387 beamur;

2278 5433 2334 5468 ⁸³
2367 5438 2538 5500 Joan.
2575 5459 2626 5508 ι’,
2667 5435 2750 5490 ιι.
2870 5427 2912 5459 ⁸⁸
2955 5425 3125 5483 1³8³1.

3561 5436 3588 5454 ο

3202 5445 3472 5501 χλιιι
3530 5445 3582 5495 Ε
