3910 6278
287 395 418 451 ιόἰξ)

962 404 1268 464 SELECTA
1303 409 1368 463 ΙΝ
1404 408 1728 464 PSALMOS.
1764 437 1833 449 —
1870 408 2096 465 HOMIL.
2123 409 2165 462 ll
2201 408 2268 462 IN
2307 407 2492 461 PSAL.
2531 407 2762 462 XXXVI.

3313 406 3444 460 i330

276 523 511 573 ηιιοτιιιη
543 507 688 564 Deus
718 509 834 578 ipse
864 512 1036 568 lucem
1063 517 1286 584 justitiam.
1336 519 1591 587 producat
1628 519 1678 573 in
1712 533 1819 572 me-
1849 523 1894 578 Α
1920 517 2062 584 quod
2099 517 2341 571 dicimus.
2377 514 2433 568 Si
2475 514 2684 582 aliquod
2737 514 3028 567 membrum
3083 513 3322 583 corporis
3352 515 3443 568 do-

269 597 458 662 dium,
491 605 546 651 et
565 597 828 664 judicium
861 612 1102 658 nostrum
1135 607 1271 659 sicut
1313 608 1582 661 meridiem
1619 610 1815 663 clarum

270 692 340 737 et
368 685 628 745 lucidum.
661 687 868 744 habens
911 690 1084 744 lucem
1112 707 1290 746 veram
1340 696 1388 747 in
1415 711 1491 757 se,
1523 697 1689 762 ipsum
1725 700 1818 749 Do-

277 774 495 827 minum
532 783 799 840 nostrum,
829 779 912 831 cui
943 789 1025 832 est
1069 783 1233 849 gloria
1257 793 1309 836 et
1339 785 1609 851 imperium
1646 789 1695 838 in
1722 801 1819 840 se-

273 863 408 917 cula
441 864 787 921 seculorum.
814 867 1004 921 Amen.

881 973 1152 1029 HOMILIA
1192 977 1253 1032 ll.

269 1056 358 1110 De
380 1061 566 1112 eodem
596 1060 815 1126 psalmo,
838 1064 915 1139 ,ηὸ
947 1064 1037 1115 illa
1064 1075 1208 1132 parte
1237 1085 1250 1118 :
1282 1087 1300 1117 ‹
1324 1067 1569 1122 Subditus
1586 1078 1692 1124 esto
1715 1070 1820 1124 Do-

777 1145 937 1194 mino,
961 1140 1010 1182 et
1033 1147 1122 1184 ora
1152 1150 1285 1186 eum.
1314 1153 1333 1186 ο

349 1213 405 1266 1.
449 1212 807 1282 Praecipieute
844 1220 1109 1279 mandato,
1147 1232 1200 1274 et
1233 1225 1442 1277 dicente
1462 1226 1540 1278 “z
1566 1227 1817 1282 Subditus

269 1311 388 1355 esto
414 1301 675 1368 Domino,
721 1312 1080 1364 necessarium
1107 1313 1314 1366 videtur
1341 1317 1657 1381 perscrutari
1692 1319 1817 1384 quid

266 1390 348 1444 ait
408 1392 691 1446 subditum
739 1410 861 1450 esse
911 1398 1155 1463 Domino,
1186 1413 1240 1454 et
1292 1403 1419 1470 quid
1454 1403 1522 1455 sit
1566 1419 1669 1458 non
1699 1419 1819 1459 esse

266 1477 583 1534 subditum.
612 1481 766 1536 Sicut
794 1485 937 1537 enim
965 1503 1064 1538 non
1094 1489 1259 1540 cuiuis
1287 1492 1374 1548 qui
1398 1492 1542 1553 dicit,
1574 1490 1815 1556 Domine,

272 1563 529 1628 Domine,
578 1568 798 1620 intrabit
846 1573 899 1622 in
928 1587 1136 1640 regnum
1174 1577 1436 1640 caelorum,
1463 1579 1549 1629 sed
1579 1578 1666 1644 qui
1695 1577 1819 1644 facit

268 1653 602 1708 voluntatem
646 1654 824 1712 Patris
857 1663 954 1714 mei
1007 1664 1094 1730 qui
1148 1665 1200 1716 in
1231 1665 1372 1719 caelis
1401 1678 1474 1720 est
1497 1669 1577 1722 '7:
1611 1671 1680 1722 ita
1714 1686 1818 1725 non

269 1743 458 1797 cuiuis
492 1744 586 1810 qui
636 1745 766 1800 dicit
796 1763 856 1802 se
899 1749 1192 1815 subjectum
1238 1767 1356 1807 esse
1379 1754 1620 1819 Domino,
1645 1757 1822 1826 subje-

269 1838 400 1882 ctus
428 1841 516 1884 est
548 1832 622 1895 ei,
653 1834 747 1887 sed
791 1835 881 1903 qui
926 1838 1096 1904 reipsa
1157 1841 1422 1905 subjectus
1455 1853 1536 1897 est
1575 1848 1654 1911 eis;
1695 1821 1818 1915 quia
1849 1821 1890 1875 Β

273 1933 408 1971 vere
434 1918 742 1985 subjectum
777 1937 897 1977 esse
927 1924 1168 1988 Domino,
1203 1943 1302 1982 non
1334 1944 1511 1983 sermo
1533 1933 1819 1998 professio-

269 2007 382 2068 nis,
423 2008 522 2060 sed
563 2023 698 2075 opus
727 2012 1075 2079 subjectionis
1104 2017 1358 2069 ostendit.
1393 2016 1610 2073 Plenius
1642 2030 1817 2075 autem

267 2095 602 2162 intelligitur
639 2098 780 2165 quod
811 2100 1035 2154 dicimus
1080 2101 1180 2156 hoc
1210 2105 1366 2158 modo
1393 2122 1407 2159 :
1433 2105 1684 2162 Dominus
1728 2125 1817 2162 no-

267 2195 390 2238 ster
440 2183 606 2239 Jesus
635 2185 877 2241 Christus
917 2187 1124 2255 justitia
1155 2201 1254 2246 est.
1285 2193 1448 2248 Nemo
1477 2211 1602 2260 ergo
1627 2197 1821 2262 injuste

269 2288 451 2339 agens
484 2273 760 2340 subjectus
790 2287 870 2329 est
899 2277 1136 2340 Christo,
1163 2282 1252 2348 qui
1285 2291 1364 2336 εει
1395 2283 1628 2350 justitia.
1660 2287 1818 2342 Chri-

269 2368 361 2414 tus
385 2362 594 2414 veritas
617 2371 720 2415 est.
751 2363 916 2417 Nemo
944 2367 1164 2417 mendax
1205 2365 1418 2421 Christo
1448 2369 1716 2438 subjectus
1741 2383 1821 2426 est

267 2449 366 2516 qui
401 2457 493 2502 est
522 2450 748 2513 veritas,
783 2452 899 2507 sive
920 2467 1040 2505 cum
1071 2453 1122 2506 in
1148 2454 1326 2522 rebus,
1359 2457 1472 2510 sive
1499 2473 1619 2512 cum
1647 2461 1697 2514 in
1727 2462 1820 2515 do-

268 2539 460 2591 ctrina
521 2540 861 2595 mendacium
901 2543 1156 2611 loquitur.
1193 2545 1448 2600 Dominus
1481 2546 1637 2604 Jesus
1663 2551 1820 2605 Chri-

265 2635 392 2679 stus
421 2630 789 2683 sanctificatio
815 2641 916 2685 est.
951 2632 1115 2687 Nemo
1143 2645 1225 2690 est
1272 2638 1542 2706 subjectus
1586 2643 1822 2694 sanctiﬁ-

267 2716 510 2778 cationi,
549 2731 671 2770 cum
719 2719 947 2786 pollutus
990 2723 1062 2776 sit
1089 2732 1141 2777 et
1179 2726 1436 2792 impurus.
1467 2727 1716 2784 Dominus
1740 2729 1822 2785 Je-

269 2816 372 2855 sus
402 2802 660 2856 Christus
704 2819 805 2872 pax
845 2817 950 2864 est.
986 2809 1152 2863 Nemo
1176 2810 1437 2880 litigiosus
1463 2823 1517 2869 et
1550 2817 1822 2872 turbulen-

273 2899 366 2943 tus
393 2891 619 2944 Christo
650 2894 918 2960 subjectus
949 2907 1048 2959 est,
1081 2902 1167 2965 qui
1196 2911 1276 2955 est
1301 2918 1422 2968 pas,
1455 2907 1548 2958 sed
1578 2905 1665 2958 ille
1694 2911 1816 2961 sub-

264 2975 462 3042 jectus
491 2988 578 3030 est
615 2979 663 3032 ei
701 2982 792 3046 qui
825 2981 954 3035 dicit
974 2982 1018 3014 ⁸⁸
1048 2999 1062 3036 :
1088 2983 1216 3038 Cum
1252 2987 1328 3040 his
1375 2991 1464 3057 qui
1486 2993 1701 3046 oderunt
1723 3011 1820 3060 pa-

270 3082 413 3164 rent,
448 3082 598 3119 eram
644 3070 931 3164 pacificus.—
965 3073 1113 3128 Unde
1166 3087 1219 3130 et
1273 3080 1326 3131 in
1381 3081 1488 3134 alio
1514 3083 1724 3150 psalmo
1755 3087 1889 3164 adc

269 3157 522 3207 animam
559 3172 710 3210 suam
744 3159 874 3213 dicit
903 3161 1170 3230 Propheta
1194 3167 1237 3198 "
1273 3185 1287 3219 :
1330 3167 1687 3226 Verumtamen
1716 3173 1819 3227 Deo

265 3242 494 3294 subdita
521 3253 652 3308 esto,
686 3245 862 3300 anima
887 3264 1014 3308 mea,
1051 3253 1169 3318 quia
1216 3259 1279 3304 ab
1325 3254 1436 3320 ipso
1477 3267 1549 3308 est
1572 3259 1822 3324 patientia

269 3347 420 3385 mea.
479 3332 590 3386 Sed
647 3342 702 3388 et
741 3335 1030 3403 Apostolus
1061 3355 1251 3408 magna
1281 3344 1490 3410 quidem
1514 3356 1569 3401 et
1604 3349 1821 3414 mystica

275 3421 348 3473 de
375 3421 722 3490 subjectione
745 3425 1012 3492 signiﬁcat
1039 3428 1220 3482 dicens
1237 3431 1283 3462 "
1308 3449 1324 3484 :
1353 3431 1482 3486 Cum
1514 3445 1684 3487 autem
1703 3438 1822 3489 sub-

257 3509 422 3576 jecta
445 3512 498 3563 ei
517 3513 719 3576 fuerint
763 3516 956 3579 omnia,
989 3525 1112 3570 tunc
1151 3528 1199 3571 et
1223 3520 1335 3587 ipse
1363 3519 1536 3575 Filius
1565 3524 1822 3591 subjectus

267 3598 380 3650 erit
405 3598 454 3650 ei
475 3599 566 3666 qui
585 3599 748 3668 660
776 3603 872 3654 sibi
894 3605 1118 3656 subdidit
1141 3609 1339 3660 omnia.
1372 3609 1507 3662 Audi
1540 3625 1668 3679 ergo
1694 3614 1821 3680 quid

265 3683 411 3737 dicit
443 3688 571 3754 quia
604 3689 786 3740 ouiuia
819 3704 1038 3745 necesse
1066 3701 1147 3746 est
1170 3695 1384 3749 Christo
1411 3711 1530 3751 esse
1560 3699 1817 3767 subjecta,

266 3781 332 3825 et
365 3782 497 3825 tunc
521 3775 696 3841 ipsum
719 3790 837 3829 esse
864 3778 1184 3844 subjectum,
1214 3783 1542 3849 subjectione
1580 3787 1824 3842 videlicet

264 3859 366 3911 illa
399 3875 567 3927 quam
604 3862 671 3914 de
700 3865 890 3930 spiritu
943 3865 1163 3934 intelligi
1211 3869 1424 3936 dignum
1480 3883 1580 3926 est.
1610 3873 1822 3928 interim

265 3963 512 4003 necesse
563 3962 647 4004 est
694 3953 871 4004 omnia
914 3954 1128 4008 Christo
1159 3970 1277 4009 esse
1326 3956 1580 4024 subjecta,
1613 3971 1669 4014 ut
1701 3972 1824 4018 tunc

268 4037 502 4090 demum
559 4039 725 4092 etiam
769 4040 884 4108 ipse
928 4042 1160 4111 impletis
1198 4049 1449 4102 omnibus
1487 4059 1539 4101 et
1575 4052 1824 4117 perfectis

262 4139 377 4192 per
411 4125 830 4192 subjectionem,
863 4138 1114 4197 tauquam
1146 4134 1382 4191 victoriae
1409 4153 1517 4194 sua:
1557 4140 1698 4195 hanc
1738 4156 1822 4194 reo

261 4211 464 4268 ferens
480 4213 717 4281 palmam
747 4214 892 4269 Patri
919 4218 1126 4272 dicatur
1149 4221 1359 4278 futurus
1384 4242 1504 4281 esse
1530 4231 1820 4296 subjectus.

263 4301 435 4368 Quod
469 4304 574 4356 nisi
611 4305 837 4372 mystice
867 4306 1210 4378 intelligatur,
1238 4313 1456 4382 impium
1486 4317 1679 4384 aliquid
1709 4321 1822 4374 sine

1919 608 2141 671 leamus,
2186 605 2430 674 quamvis
2467 605 2643 657 anima
2697 611 2876 656 nostra
2919 603 3197 656 incolumis
3244 603 3335 665 sit,
3391 612 3444 656 et

1920 696 2121 762 reliqua
2175 694 2350 746 omnia
2402 693 2635 744 membra
2687 699 2866 742 nostra
2913 704 3045 742 sana
3088 691 3211 753 sint,
3269 698 3441 743 tamen

1919 784 2042 850 quia
2085 783 2268 835 dolore
2319 783 2472 834 unius
2519 779 2738 832 membri
2787 787 2924 831 totus
2973 777 3128 830 homo
3171 775 3442 844 afﬂigitur,

1919 887 2023 924 non
2050 872 2274 924 dicimus
2301 871 2422 937 quia
2458 868 2571 921 sani
2605 881 2810 932 sumus,
2839 867 2931 919 sed
2965 865 3084 932 quia
3122 865 3258 919 male
3287 866 3444 918 babe-

1919 974 2058 1012 mus.
2105 957 2262 1010 Verbi
2313 973 2490 1021 causa,
2539 956 2762 1009 dicimus
2794 972 2808 1007 :
2837 952 2926 1006 Ille
2968 969 3069 1006 non
3115 961 3197 1004 est
3259 967 3440 1006 sanus.

1919 1047 2128 1113 Quare?
2155 1048 2276 1114 quia
2303 1047 2462 1114 pedes
2482 1044 2646 1107 dolet,
2668 1053 2757 1096 aut
2786 1055 2958 1104 renes,
2978 1049 3067 1092 aut
3090 1039 3440 1093 stomachum.

1919 1135 1981 1187 Et
2029 1151 2184 1189 nemo
2217 1137 2346 1189 dicit
2376 1135 2498 1202 quia
2535 1146 2695 1186 sanus
2724 1141 2805 1184 est
2835 1131 2876 1184 si
2906 1129 3235 1183 stomachum
3281 1126 3442 1190 dolet,

1918 1225 2008 1276 sed
2043 1239 2146 1277 non
2177 1233 2260 1277 εει
2284 1238 2444 1276 sanus
2481 1222 2604 1289 quia
2639 1219 2970 1274 stomachum
3005 1216 3167 1268 dolet.
3199 1215 3257 1268 Si
3291 1213 3445 1266 intel-

1918 1311 2125 1364 lexistis
2145 1317 2460 1378 exemptum,
2494 1308 2776 1362 redeamus
2800 1321 2939 1360 nunc
2971 1305 3036 1359 ad
3068 1305 3118 1357 id
3146 1303 3286 1371 quod
3320 1315 3444 1370 pro-

1919 1401 2152 1466 positum
2180 1408 2281 1454 est.
2311 1399 2599 1467 Apostolus
2630 1397 2761 1451 dicit
2787 1397 2830 1427 τί
2857 1396 2979 1462 quia
3014 1407 3208 1460 corpus
3245 1391 3442 1446 Christi

1919 1502 2118 1549 sumus,
2160 1496 2211 1540 et
2253 1487 2487 1540 membra
2530 1501 2596 1540 ex
2638 1493 2826 1554 parte.’
2856 1481 3103 1537 Christus
3144 1494 3269 1549 ergo
3297 1480 3444 1546 cujus

1918 1590 2072 1628 omne
2122 1576 2392 1628 hominum
2427 1589 2616 1644 genus,
2665 1572 2771 1627 imo
2814 1570 3057 1626 fortassis
3098 1571 3258 1625 totius
3289 1583 3436 1624 crea-

1921 1673 2052 1716 turae
2095 1664 2414 1716 universitas
2467 1675 2661 1728 corpus
2700 1669 2802 1724 est,
2856 1667 2910 1713 et
2954 1659 3318 1725 unusquisque
3349 1672 3445 1710 ηοω

1919 1759 2086 1803 strum
2118 1752 2351 1804 membra
2377 1765 2440 1803 ex
2468 1758 2617 1818 parte
2643 1756 2745 1812 est,
2774 1749 2820 1802 si
2855 1748 3051 1815 aliquis
3079 1762 3146 1802 ex
3177 1746 3330 1802 nobis
3353 1747 3443 1814 qui

1921 1841 2154 1892 membra
2198 1839 2309 1903 ejus
2355 1839 2582 1891 dicimur
2627 1846 2870 1904 aegrotat,
2910 1846 2962 1889 et
3009 1837 3185 1904 aliquo
3238 1835 3443 1905 peccati

1921 1929 2104 1980 morbo
2137 1927 2362 1991 laborat,
2412 1926 2465 1979 id
2518 1935 2619 1990 est,
2655 1927 2702 1980 si
2745 1924 2969 1991 alicujus
2997 1923 3196 1992 peccati
3230 1921 3441 1976 macula

1920 2017 2166 2080 iuuritur,
2203 2028 2254 2070 ει
2292 2033 2396 2070 non
2446 2016 2710 2084 subjectus
2754 2015 2885 2078 Deo,
2915 2023 3057 2066 recte
3101 2011 3185 2067 ille
3210 2012 3441 2066 nondum

1919 2104 2108 2157 dicitur
2138 2119 2254 2158 esse
2286 2104 2570 2170 subjectus,
2613 2101 2762 2169 cujus
2816 2100 2922 2153 sint
2957 2101 3193 2153 membra
3228 2099 3303 2152 illi
3350 2099 3442 2165 qui

1918 2207 2019 2244 non
2071 2201 2192 2246 sunt
2220 2192 2457 2259 subjecti
2488 2192 2613 2244 Deo.
2642 2191 2774 2245 Cum
2800 2198 2975 2242 autem
3019 2201 3200 2242 omnes
3231 2201 3321 2240 eos
3354 2189 3441 2254 qui

1917 2294 2110 2347 corpus
2152 2293 2304 2332 suum
2345 2280 2590 2332 dicuntur
2636 2291 2697 2330 ac
2753 2276 3012 2338 membra,
3042 2288 3198 2328 sanos
3239 2275 3443 2328 habue-

1919 2369 2007 2431 rit,
2060 2375 2115 2420 ut
2156 2367 2208 2420 in
2271 2365 2414 2420 nullo
2468 2367 2843 2422 inobedieutize
2895 2363 3252 2422 laboraverint
3305 2377 3446 2416 mor-

1917 2455 2008 2520 bo,
2039 2455 2186 2510 sanis
2211 2456 2463 2510 omnibus
2489 2457 2762 2522 membris,
2789 2457 3008 2527 Deoque
3030 2456 3301 2521 subjectis,
3329 2467 3444 2505 me-

1920 2547 2025 2598 rito
2055 2559 2112 2599 se
2139 2545 2269 2599 dicit
2297 2559 2413 2600 esse
2442 2545 2740 2613 subjectum
2774 2546 2871 2611 illi,
2909 2547 3059 2614 cujus
3077 2560 3172 2599 nos
3206 2543 3443 2596 membra

1920 2632 2027 2686 Deo
2073 2633 2125 2685 in
2164 2634 2408 2688 omnibus
2445 2632 2740 2688 obedimus.
2781 2633 2929 2699 Quod
2973 2635 3016 2688 si
3058 2633 3282 2701 teipsum
3319 2646 3445 2699 per-

1923 2721 2148 2774 scrutari
2184 2720 2284 2784 vis,
2313 2729 2366 2773 et
2405 2721 2588 2774 videre
2613 2721 2656 2773 si
2691 2721 2800 2787 jam
2835 2721 3104 2790 subjectus
3135 2735 3192 2774 es
3221 2719 3349 2784 Deo,
3377 2734 3445 2772 an

1920 2809 2092 2862 adhuc
2141 2807 2450 2863 inobedieus
2507 2825 2808 2878 permanes,
2857 2812 2960 2865 hoc
3008 2811 3164 2863 modo
3220 2809 3442 2875 teipsum

1922 2897 2152 2950 discute:
2178 2897 2232 2949 Si
2265 2896 2398 2950 nihil
2433 2907 2515 2951 est
2558 2902 2888 2953 contrarium
2927 2898 3036 2952 Deo
3073 2899 3125 2950 in
3164 2905 3234 2962 te,
3270 2896 3446 2964 subje-

1919 2997 2041 3039 ctus
2081 3000 2138 3038 es
2174 2985 2242 3038 ei.
2273 2985 2611 3040 Contrarium
2651 2996 2828 3041 autem
2881 2988 3106 3041 dicimus
3137 2987 3235 3040 hoc
3267 2985 3445 3039 modo:

1922 3073 2058 3128 Deus
2089 3073 2322 3127 charitas
2355 3084 2467 3139 est;
2505 3075 2547 3128 si
2583 3075 2761 3127 odium
2786 3078 2836 3129 in
2864 3085 2914 3130 te
2941 3088 3043 3128 nou
3074 3084 3176 3137 est,
3213 3089 3316 3126 non
3349 3073 3446 3128 ha-

1919 3160 2014 3214 bes
2051 3161 2192 3229 quod
2230 3162 2556 3214 contrarium
2614 3161 2720 3216 Deo
2763 3174 2864 3216 est.
2913 3161 3053 3216 Deus
3092 3163 3292 3216 veritas
3326 3174 3442 3227 est;

1920 3250 2038 3302 vide
2075 3261 2140 3301 ne
2167 3250 2238 3301 sit
2266 3249 2318 3301 iu
2358 3259 2408 3303 te
2430 3249 2786 3313 mendacium,
2819 3252 2956 3317 quod
2989 3259 3071 3303 est
3115 3251 3445 3304 contrarium

1919 3337 2151 3390 veritati.
2185 3336 2242 3390 Si
2292 3337 2434 3392 enim
2471 3347 2553 3391 est
2599 3339 2652 3392 in
2700 3347 2751 3391 te
2798 3338 3153 3404 mendacium,
3190 3353 3294 3392 non
3340 3339 3446 3392 Deo

1921 3426 2184 3492 subjectus
2224 3439 2302 3489 es,
2335 3427 2425 3479 sed
2459 3427 2506 3479 ei
2535 3426 2622 3494 qui
2665 3435 2746 3479 est
2791 3425 3055 3479 mendacii
3101 3435 3272 3494 pater.
3302 3427 3365 3480 Et
3398 3427 3445 3480 si

1922 3513 2176 3579 injustitia
2223 3513 2276 3565 in
2329 3522 2380 3566 te
2425 3521 2525 3574 est,
2562 3513 2697 3579 patri
2754 3511 3024 3579 injustitiaa
3082 3515 3352 3580 subjectus
3386 3528 3446 3568 es

1921 3603 2090 3668 magis
2119 3616 2276 3668 quam
2312 3600 2440 3666 Deo,
2483 3601 2574 3668 qui
2607 3601 2811 3668 justitia
2847 3611 2948 3654 est.
2981 3601 3036 3654 Si
3065 3611 3118 3655 et
3154 3603 3354 3668 reliqua
3387 3604 3442 3658 in

1923 3697 1972 3742 te
1997 3687 2408 3755 deprehenderis
2432 3687 2580 3749 vitia,
2614 3687 2749 3741 scito
2782 3696 2832 3741 te
2867 3689 3043 3742 tandiu
3073 3703 3176 3743 non
3199 3689 3325 3752 Deo,
3351 3693 3446 3743 sed

1922 3775 2129 3828 diabolo
2166 3788 2286 3828 esse
2325 3773 2639 3840 subjectum.
2667 3774 2882 3828 Certum
2913 3782 2994 3827 est
3044 3789 3274 3842 namque
3319 3775 3442 3841 quia

1920 3861 2289 3916 fornicationis
2337 3869 2568 3928 tempore
2614 3860 2823 3928 spiritui
2857 3859 3226 3914 fornicationis
3261 3875 3445 3914 sumus

1920 3951 2170 4018 subjecti,
2205 3952 2551 4003 adversantes
2583 3948 2790 4016 spiritui
2820 3949 3104 4002 castitatis.
3134 3947 3199 4001 Et
3233 3959 3438 4016 tempo-

1920 4053 1979 4094 re
2030 4038 2338 4100 Iracundia,
2383 4035 2466 4090 vel
2515 4035 2732 4101 furoris,
2769 4035 2977 4104 spiritui
3018 4037 3110 4088 irae
3145 4034 3443 4099 obedimus,

1921 4127 2131 4195 spiritui
2169 4124 2589 4179 inattsuetudiuis
2634 4124 2961 4177 resistentes.
2987 4123 3272 4189 Propterea
3320 4137 3445 4189 ergo

1922 4217 2157 4269 videntes
2201 4216 2324 4282 quia
2351 4215 2531 4270 omnis
2563 4214 2670 4267 vita
2707 4224 2882 4267 nostra
2913 4226 3131 4280 agonem
3160 4212 3440 4278 quemdam

1920 4303 2235 4358 ohedientiae
2276 4303 2432 4372 gerit,
2462 4303 2572 4358 sive
2592 4302 2822 4367 Christo,
2847 4303 2958 4354 sive
2984 4301 3065 4353 his
3108 4301 3197 4368 qui
3227 4311 3443 4354 contra-

264 4390 449 4444 dubio
487 4406 598 4444 non
637 4395 1034 4449 advertentibus
1091 4397 1330 4455 iudicare
1379 4404 1631 4459 creditur.
1706 4406 1817 4462 Non
1852 4395 1896 4450 υ
1925 4395 1986 4446 iii
2033 4401 2155 4444 sum
2187 4392 2417 4454 απίειοι
2461 4404 2720 4446 conemur
2762 4403 2859 4457 ρετ
2890 4390 3166 4454 Orationis.
3197 4404 3292 4456 ρετ
3321 4403 3447 4442 ei“-

261 4480 426 4532 enim
463 4479 764 4546 putandum
809 4489 892 4534 est
930 4485 1068 4549 quod
1107 4484 1275 4563 Filius
1321 4487 1412 4542 Dei
1441 4505 1582 4544 nunc
1609 4495 1820 4559 quidem

269 4567 428 4622 Patri
453 4582 797 4635 nequaquam
845 4571 1114 4638 subjectus
1143 4575 1234 4635 sit,
1268 4575 1318 4625 in
1363 4577 1665 4632 novissimis
1699 4596 1824 4635 vero

267 4657 621 4725 temporibus
649 4671 769 4709 cum
802 4657 902 4710 sibi
939 4659 1138 4712 fuerint
1177 4673 1365 4714 cuncta
1400 4664 1660 4731 subjecta,
1699 4679 1822 4725 tunc

259 4747 380 4798 erit
402 4754 461 4799 et
495 4746 615 4811 ipse
641 4745 917 4810 subjectus
947 4760 961 4795 :
991 4748 1082 4798 sed
1115 4749 1236 4814 quia
1270 4751 1445 4802 omnia
1472 4765 1652 4808 nostra
1675 4758 1726 4809 in
1761 4773 1823 4812 se

260 4837 490 4903 recipit,
527 4845 584 4887 et
624 4849 686 4888 se
708 4848 832 4887 esse
854 4834 981 4886 dicit
1005 4838 1094 4901 qui
1122 4838 1172 4888 in
1211 4839 1363 4892 nobis
1389 4845 1624 4908 esuriat;
1659 4861 1823 4913 seque

255 4927 361 4992 qui
403 4928 456 4979 in
491 4927 652 4978 nobis
685 4924 864 4982 sitiat,
897 4929 949 4974 et
980 4925 1148 4977 nudus
1173 4926 1242 4978 sit
1267 4937 1424 4993 atque
1444 4944 1604 4997 aeger,
1628 4935 1825 5001 quique

257 5017 467 5082 hospes
511 5022 568 5066 et
609 5015 704 5079 qui
752 5022 998 5068 retrusus
1038 5019 1088 5070 in
1135 5033 1414 5085 carcerem,
1459 5031 1512 5073 et
1556 5025 1821 5092 quidquid

252 5107 352 5155 nui
391 5118 459 5156 ex
493 5103 745 5155 minimis
775 5103 892 5154 suis
926 5104 1118 5160 factum
1151 5107 1325 5169 fuerit,
1347 5109 1442 5161 sibi
1471 5111 1674 5164 factum
1699 5130 1820 5169 esse

254 5200 534 5252 testatur;
571 5197 985 5252 consequenter
1007 5200 1060 5242 et
1091 5193 1271 5245 merito
1297 5207 1409 5242 cum
1442 5199 1822 5266 unusquisque

249 5289 507 5328 nostrum
543 5275 714 5340 plene
747 5285 802 5324 et
830 5277 1063 5340 perfecte
1097 5279 1331 5332 subditur
1360 5279 1483 5346 Deo,
1530 5285 1610 5336 ita
1656 5299 1716 5339 ut
1766 5291 1820 5343 in

245 5365 399 5415 nullo
431 5375 680 5430 prorsus
733 5360 1048 5420 inobedieus
1087 5375 1282 5435 pareat,
1310 5381 1364 5419 se
1389 5385 1501 5426 esse
1530 5375 1822 5431 subditum

237 5456 617 5517 protestatur.
673 5443 794 5496 Sed
845 5458 897 5499 et
931 5451 1033 5506 alio
1081 5455 1230 5508 modo
1253 5453 1446 5520 plenius
1473 5461 1820 5530 intelligitur

304 5560 543 5679 τωρωι.
585 5571 798 5620 xxxv",
831 5559 878 5611 7.
953 5561 993 5593 ⁸⁷
1025 5566 1200 5623 Matth.
1236 5581 1317 5627 νη.
1341 5567 1422 5622 21.

315 5647 349 5679 0
391 5665 405 5678 ο

232 5645 280 5694 v,
315 5645 405 5681 av.

1518 5574 1566 5604 ⁸⁸
1588 5575 1742 5630 Ρε.ι1.
1779 5596 1928 5646 cxu,
1963 5581 2014 5632 6.

1919 4480 2132 4533 ditionis
2161 4479 2460 4547 religiosam
2489 4475 2872 4530 institutionem
2903 4478 3004 4531 hoc
3044 4491 3222 4544 agere,
3254 4491 3320 4529 ne
3347 4491 3446 4529 nn-

1919 4582 2074 4634 quam
2112 4566 2320 4619 diabolo
2349 4567 2429 4620 vel
2453 4565 2667 4618 malitia:
2693 4564 2806 4631 ejus
2841 4566 3056 4619 obedire
3088 4565 3444 4628 inveniamur,

1922 4657 2012 4709 sed
2043 4657 2215 4709 omnis
2250 4665 2402 4710 actus
2428 4668 2626 4719 noster,
2657 4667 2709 4710 et
2735 4659 2910 4710 omnis
2933 4670 3107 4710 sermo
3140 4667 3299 4722 atque
3333 4669 3447 4707 om-

1923 4746 2005 4798 nis
2061 4746 2312 4813 cogitatio
2366 4746 2668 4799 inveniatur
2729 4745 2780 4796 in
2827 4745 3157 4812 subjectione
3220 4743 3442 4798 Christi.

1921 4836 2069 4899 Quod
2103 4836 2146 4887 si
2178 4833 2313 4889 forte
2345 4833 2650 4900 dicis,Quid
2675 4839 2891 4904 prodest
2923 4836 2968 4888 si
2998 4848 3135 4886 nunc
3176 4833 3446 4898 subjectus

1921 4927 2040 4990 Si").
2073 4924 2467 4990 cunLiaInIauto
2505 4931 2905 4994 peccaverimct
2940 4932 3238 4991 prmventus
3257 4923 3356 4973 sim
3393 4924 3445 4973 in

1921 5016 2161 5070 delictis?
2177 5019 2290 5072 sine
2308 5019 2464 5071 dubio
2481 5035 2598 5072 cum
2619 5020 2955 5087 deliquimus,
2973 5015 3194 5080 subjecti
3218 5027 3320 5064 non
3345 5013 3449 5063 fui-

1923 5124 2040 5160 mus
2071 5109 2194 5170 Deo,
2218 5109 2309 5163 sed
2326 5125 2446 5162 cum
2469 5110 2755 5163 desivimus
2773 5125 2801 5161 a
2825 5103 3051 5162 delictis,
3088 5109 3213 5150 tunc
3235 5097 3450 5149 initium

1923 5199 2262 5267 subjectiouis
2296 5202 2616 5268 accepimus.
2642 5199 2770 5253 Cum
2797 5211 2922 5264 ergo
2950 5190 3124 5244 timori
3148 5187 3238 5238 Dei
3274 5187 3457 5253 subje-

1923 5289 1994 5341 (ιιί
2045 5302 2266 5355 peccare
2303 5301 2588 5351 cessamus,
2627 5299 2749 5339 tunc
2776 5285 2938 5338 etiam
2975 5274 3219 5328 ﬁduciam
3249 5274 3460 5340 accipi-

1927 5393 2040 5430 mus
2071 5376 2316 5445 poscendi
2353 5388 2447 5441 pro
2484 5372 2688 5425 delictis
2714 5367 2994 5437 prioribus
3026 5357 3256 5453 veniam.
3278 5357 3466 5413 Donec

1925 5475 2098 5517 autem
2135 5473 2499 5530 permanemus
2536 5459 2588 5510 in
2621 5457 2842 5516 delictis,
2868 5452 3076 5504 frustra
3122 5452 3329 5494 veniam
3367 5459 3472 5510 po-

2110 5574 2152 5606 θ’
2177 5570 2317 5625 Psal.
2359 5583 2470 5630 LXI,
2501 5569 2556 5620 6.
2627 5568 2672 5598 ⁷ο
2705 5566 2722 5618 l
2749 5566 2873 5620 Cor.
2909 5571 3009 5619 xv,
3039 5553 3125 5604 (ὶὸ.
3194 5551 3236 5579 ’⁸
3266 5548 3489 5616 ΕΡὶιεε.
