3910 6254
372 391 500 447 13ἆί
554 420 557 427 -

1721 379 1806 431 EX
1845 371 2156 432 ORIGENE

3632 342 3755 397 I332

369 503 572 557 scimus
599 497 932 552 delictorum.
964 494 1113 550 Unde
1149 504 1199 549 et
1234 493 1450 548 memini
1496 509 1579 547 me
1607 493 1908 560 frequenter

2212 484 2303 548 oli,
2344 480 2570 549 inquit,
2615 470 2865 533 mirari,
2909 466 2962 522 si
2993 465 3421 535 insipientem,
3460 460 3510 514 si
3546 460 3756 525 malum,

373 590 574 644 dixisse
608 588 672 640 ad
695 601 806 650 vos,
838 587 960 655 quia
990 585 1196 640 veniam
1235 586 1547 638 delictorum
1596 593 1721 636 tunc
1750 581 1905 649 digne

374 680 666 750 poscimus,
694 692 811 732 cum
847 676 999 745 longe
1023 675 1177 743 positi
1204 689 1231 726 a
1264 683 1503 741 peccato,
1546 671 1686 725 illam
1720 683 1907 724 vocem

377 781 659 837 possumus
713 765 945 818 dicere"
974 781 986 815 :
1016 761 1095 815 Ne
1152 762 1445 814 memineris
1483 760 1778 827 iniquitates
1819 771 1909 807 no-

376 866 511 913 stras
546 855 803 922 antiquas.
835 849 949 903 Non
987 849 1117 902 dixit
1144 863 1233 903 eas
1255 862 1390 915 quas
1420 845 1662 908 facimus,
1699 842 1789 895 sed
1819 853 1911 892 eas

376 961 510 1012 quas
533 941 813 1010 aliquando
839 941 1076 994 fecimus.
1118 938 1374 991 Subditus
1411 950 1542 1003 ergo
1582 943 1695 986 esto
1730 929 1912 982 Domi-

380 1053 469 1100 no,
500 1041 551 1088 et
599 1034 866 1102 subjectus
910 1030 1014 1083 noli
1057 1044 1299 1097 peccare.
1328 1027 1477 1079 Tunc
1518 1025 1741 1078 obsecra
1791 1034 1911 1074 eum

379 1138 476 1193 pro
503 1122 706 1176 delictis
729 1118 1009 1187 praeteritis
1032 1126 1086 1171 et
1110 1115 1359 1183 antiquis.

447 1213 501 1264 2.
544 1210 625 1264 Ne
647 1211 921 1262 tumulatus
958 1207 1120 1273 fueris
1144 1221 1258 1256 eum
1280 1204 1367 1271 qui
1400 1208 1735 1269 prosperatur
1756 1199 1810 1250 in
1836 1197 1917 1249 via

382 1316 499 1362 sua,
538 1298 591 1351 in
615 1296 817 1349 homine
836 1294 1058 1361 faciente
1109 1289 1514 1359 iniquitatem".
1555 1287 1817 1342 Describit
1856 1298 1917 1339 ea

379 1402 499 1458 quae
523 1386 775 1439 accidunt
807 1382 1130 1436 hominibus.
1164 1380 1491 1447 Frequenter
1514 1379 1653 1430 enim
1680 1376 1722 1430 si
1744 1375 1921 1428 videa-

381 1490 502 1531 mus
555 1472 792 1541 iniquum
840 1471 893 1524 in
949 1469 1216 1538 prosperis
1245 1467 1604 1528 successibus,
1654 1473 1707 1518 et
1769 1465 1822 1517 in
1857 1478 1920 1517 ea

384 1577 542 1631 quam
585 1562 785 1616 ducunt
833 1559 1092 1613 felicitate
1132 1558 1251 1610 vita:
1293 1558 1548 1624 positum.
1593 1554 1924 1608 scandaliza-

384 1669 526 1716 mur,
568 1662 619 1707 et
648 1649 945 1721 periculum
975 1647 1101 1702 fidei
1146 1646 1495 1706 incurrimus,
1528 1653 1686 1710 atque
1718 1643 1770 1694 in
1802 1655 1922 1695 cor-

384 1745 450 1799 de
476 1750 662 1797 nostro
685 1740 972 1796 adversum
999 1736 1233 1792 divinam
1256 1734 1655 1786 Pr0videntiam
1686 1746 1925 1798 conque-

2013 577 2061 628 si
2092 572 2374 627 infidelem
2413 548 2745 622 iracundia
2793 557 3159 619 inflammat,
3221 553 3377 621 quia
3452 548 3761 617 frequenter

2013 664 2188 717 etiam
2224 663 2409 716 bonos
2448 667 2513 712 et
2558 655 2903 726 prudentes
2955 648 3120 702 viros
3160 645 3267 698 ira
3339 641 3632 710 exagitat.
3683 641 3764 694 Est

2014 768 2150 819 ergo
2181 753 2287 806 ltoc
2326 757 2648 819 peccatum
2713 744 2901 798 etiam
2938 753 3126 793 unum
3205 750 3290 788 ex
3350 732 3475 785 illis
3517 732 3668 800 quod
3710 733 3766 784 ad

2015 842 2315 896 tedificium
2357 839 2594 893 deferet
2651 836 2840 904 ligna,
2879 829 3090 885 fenum
3132 835 3215 880 et
3259 822 3768 891 stipulam,etne-

2017 949 2176 989 cesse
2204 944 2290 988 est
2324 928 2667 1001 bujusmodi
2702 924 3020 987 materias,
3060 921 3255 973 sicut
3289 916 3589 983 scriptum
3616 915 3769 978 est",

2018 1042 2117 1095 per
2145 1028 2325 1096 ignem
2362 1022 2636 1093 probari,
2678 1021 2758 1074 ita
2805 1026 2869 1071 ut
2930 1023 3458 1084 permaneamus
3495 1007 3687 1060 tandiu
3724 1006 3769 1058 in

2019 1117 2166 1184 igne,
2192 1115 2371 1168 donec
2399 1113 2475 1166 de
2506 1110 2682 1166 nobis
2716 1109 2879 1176 ligna
2925 1100 3314 1157 iracundia:
3344 1106 3770 1160 consumantur,

1992 1217 2076 1259 -ct
2104 1204 2290 1257 fenum
2319 1198 2765 1270 indignationis,
2791 1206 2854 1251 et
2899 1192 3157 1261 stipula
3200 1190 3571 1251 verborum,
3602 1202 3772 1241 eorum

2021 1294 2277 1347 videlicet
2309 1306 2435 1360 quae
2467 1287 2807 1360 ltujusmodi
2838 1285 3019 1339 vitiis
3058 1282 3397 1350 exagitati
3428 1279 3772 1347 protulimus.

2023 1383 2234 1437 Idcirco
2263 1397 2399 1451 ergo
2420 1381 2614 1434 desine
2646 1379 2720 1433 ab
2743 1381 2863 1442 ira,
2885 1370 2948 1430 et
2985 1374 3299 1440 relinque
3324 1372 3773 1441 indignationem;

2026 1472 2080 1525 id
2125 1482 2211 1524 est
2244 1485 2355 1523 non
2380 1467 2719 1522 satisfacias
2750 1465 2993 1519 animis
3037 1463 3191 1518 tuis
3216 1502 3236 1527 ,
3274 1476 3424 1515 cum
3484 1470 3777 1514 commotus

2025 1558 2196 1613 fueris
2221 1559 2288 1611 ad
2326 1557 2715 1620 iracundiam,
2759 1555 2869 1608 sed
2902 1554 3190 1617 desine,
3232 1550 3630 1620 derelinque,
3658 1565 3775 1605 cou-

2029 1658 2228 1702 temne.
2260 1647 2373 1701 Nos
2404 1663 2542 1702 vero
2574 1663 2705 1700 cum
2768 1650 2905 1700 haec
2976 1644 3327 1698 mandata
3391 1642 3773 1710 suscipiamus,

2030 1746 2085 1792 et
2117 1740 2439 1792 econtrario
2472 1753 2608 1792 cum
2641 1735 2939 1790 commoti
2984 1734 3343 1788 fuerimus
3365 1771 3383 1797 ,
3432 1747 3554 1786 non
3594 1731 3661 1786 ab
3687 1733 3775 1785 ira-

386 1834 579 1896 rimur,
615 1830 857 1883 dicentes
886 1842 900 1877 :
926 1824 1064 1889 Quid
1109 1824 1325 1890 prodest
1369 1821 1513 1888 juste
1563 1821 1754 1890 agere?
1790 1821 1924 1874 Ecce
1952 1796 2000 1855 Β
2028 1827 2250 1889 cundia,
2286 1826 2381 1880 sed
2408 1840 2441 1878 δ
2477 1824 2944 1879 mansuetudine
2985 1796 3430 1885 desinimus,
3496 1836 3609 1874 non
3663 1821 3779 1873 indi-

384 1920 517 1987 jusli
567 1916 909 1979 tribulantur,
948 1914 1036 1968 hic
1090 1914 1318 1981 injustns
1358 1911 1585 1964 feliciter
1630 1910 1758 1976 agit.
1787 1906 1928 1973 Inju-

386 2017 502 2062 stus
528 2016 630 2071 est,
671 2015 728 2059 et
760 2006 825 2058 ad
851 2018 1085 2057 summas
1117 2005 1324 2057 divitias
1369 2002 1629 2068 pervenit,
1664 1999 1924 2052 bonorum

387 2114 450 2152 ac
477 2106 792 2165 potestatum
826 2095 1093 2150 excelsum
1127 2096 1338 2148 culmen
1389 2093 1648 2154 ascendit,
1681 2091 1929 2144 fortassis

387 2188 578 2241 melius
612 2198 693 2240 est
731 2185 982 2252 injustum
1016 2199 1135 2237 esse
1177 2197 1335 2250 quam
1372 2182 1596 2251 justum.
1628 2179 1749 2233 llaec
1780 2178 1930 2232 infir-

388 2291 490 2330 mae
530 2286 586 2329 et
622 2274 837 2345 fragiles
865 2274 1075 2335 animae,
1110 2272 1319 2327 etiamsi
1367 2286 1474 2325 non
1510 2285 1602 2324 ore
1632 2268 1930 2338 proferunt,

389 2366 443 2419 in
495 2365 658 2419 corde
699 2379 795 2417 suo
831 2371 1006 2418 tamen
1039 2364 1347 2430 loquuntur,
1390 2376 1512 2416 cum
1558 2357 1934 2413 viderint'ini-

387 2468 524 2523 quos
571 2453 840 2522 prosperis
873 2452 1214 2506 successibus
1253 2464 1411 2519 agere
1463 2450 1518 2503 in
1572 2448 1657 2500 via
1704 2462 1820 2501 sua.
1870 2445 1936 2499 Et

392 2543 511 2595 ideo
533 2543 687 2596 nobis
713 2541 947 2594 mandati
981 2541 1138 2606 hujus
1161 2540 1368 2593 medela
1391 2538 1685 2600 succurrit,
1704 2550 1791 2600 ne,
1810 2549 1935 2589 cum

395 2632 507 2683 haec
535 2630 851 2694 viderimus,
873 2628 1201 2691 aemulemur,
1233 2628 1285 2680 itl
1318 2634 1399 2680 est
1425 2640 1490 2678 ne
1532 2624 1808 2679 irrite‘mus
1832 2622 1937 2678 Do-

397 2719 594 2771 minum
641 2717 921 2770 adversum
973 2729 1069 2769 nos
1121 2714 1383 2780 loquendo
1420 2712 1542 2766 talia
1582 2712 1635 2765 in
1681 2711 1939 2766 cordibus

398 2805 757 2861 nostris:sed
811 2803 1110 2872 recogitare
1166 2802 1422 2857 debemus
1494 2802 1620 2870 quia
1697 2815 1940 2871 prazseus

397 2895 646 2950 saeculum
695 2907 880 2948 eorum
928 2902 1030 2957 est,
1060 2890 1149 2957 qui
1183 2890 1373 2944 futura:
1426 2892 1780 2945 beatitudinis
1834 2906 1937 2946 non

402 2985 601 3036 habent
626 2994 796 3048 spem.
846 2979 911 3037 Et
944 2980 1063 3032 ideo
1094 2978 1359 3046 patienter
1408 2977 1645 3033 feramus
1682 2979 1806 3034 illos
1854 2981 1940 3034 bis

400 3068 740 3123 successibus
770 3068 1040 3135 prosperis
1065 3080 1244 3135 agere,
1268 3068 1548 3134 percipere
1584 3068 1727 3122 bona
1757 3084 1853 3122 sua
1884 3070 1939 3123 in

402 3158 505 3211 vita
534 3170 655 3218 sua,
684 3156 850 3208 donec
879 3155 1057 3207 veniat
1077 3165 1128 3206 et
1150 3162 1416 3218 nostrum,
1449 3155 1514 3207 ad
1556 3156 1698 3222 quod
1730 3156 1939 3212 invitati

399 3256 605 3306 sumus,
636 3242 794 3312 661
830 3251 883 3294 et
906 3241 1061 3309 cujus
1097 3240 1248 3296 nobis
1278 3241 1599 3309 repromissa
1630 3254 1755 3297 sunt
1774 3245 1940 3310 bona,

406 3332 474 3386 ad
506 3330 646 3399 quod
681 3330 1021 3400 respicimus,
1046 3331 1097 3383 in
1123 3329 1265 3398 quod
1297 3343 1589 3399 speramus,
1622 3334 1772 3402 cujus
1800 3336 1942 3390 bona

405 3436 509 3476 non
536 3422 675 3477 sicut
698 3422 749 3474 in
783 3423 883 3475 hoc
902 3421 1095 3475 saeculo
1120 3430 1366 3490 tanquam
1386 3421 1575 3474 umbra
1592 3434 1941 3492 praetereunt,

404 3510 498 3565 sed
524 3519 838 3579 permanent
870 3509 923 3562 in
956 3519 1238 3563 mternum.
1270 3509 1605 3579 lmpossibile
1642 3523 1819 3566 autem
1863 3523 1945 3568 est

403 3609 458 3657 et
484 3602 538 3653 in
570 3599 818 3668 praesenti
847 3598 1042 3652 saeculo
1067 3599 1207 3653 bona
1229 3600 1510 3668 consequi,
1553 3608 1606 3653 et
1653 3600 1705 3652 in
1740 3602 1939 3657 futuro.

404 3687 636 3744 Necesse
682 3695 765 3740 est
808 3688 951 3739 enim
999 3686 1103 3741 dici
1150 3687 1261 3747 uni,
1291 3688 1414 3755 quia
1447 3701 1767 3745 consecutus
1795 3708 1854 3745 es
1890 3703 1942 3746 tu

407 3779 541 3833 bona
569 3777 620 3828 in
652 3776 759 3828 vita
792 3783 915 3837 tua;
959 3785 1012 3826 et
1042 3775 1151 3838 alii,
1182 3776 1303 3842 quia
1334 3788 1652 3832 consecutus
1678 3795 1735 3833 es
1766 3782 1939 3844 mala;

405 3874 458 3918 et
482 3865 620 3918 alter
641 3879 737 3932 pro
774 3864 930 3917 malis
957 3865 1117 3928 bona,
1143 3874 1199 3917 et
1233 3865 1367 3919 alter
1396 3882 1491 3933 pro
1517 3867 1670 3922 bonis
1694 3871 1831 3923 mala
1862 3886 1947 3924 re-

405 3952 590 4020 cipiat,
621 3953 759 4006 sicut
790 3952 1035 4021 exemplo
1058 3963 1182 4006 sunt
1212 3954 1298 4007 ille
1329 3956 1478 4008 dives
1512 3966 1565 4009 et
1617 3956 1941 4013 Lazarus“.

405 4038 526 4094 Ideo
555 4055 724 4109 ergo:
768 4038 894 4092 Noli
917 4039 1152 4092 azmuluri
1175 4041 1229 4092 in
1278 4056 1336 4093 eo
1388 4042 1476 4109 qui
1521 4054 1854 4110 prosperatur
1892 4046 1947 4103 in

404 4131 489 4183 via
508 4147 624 4194 sua,
658 4131 711 4182 in
737 4130 940 4182 homine
968 4130 1192 4197 faciente
1214 4130 1560 4198 iniquitatem.

473 4219 527 4273 5.
551 4219 679 4273 Post
708 4219 822 4274 haec
851 4228 1153 4272 commonet
1180 4219 1369 4272 vitium
1419 4235 1526 4288 quo
1574 4236 1763 4277 omnes
1808 4237 1946 4292 pene

408 4309 715 4373 turbamur,
745 4317 800 4360 et
830 4308 1011 4362 nescio
1039 4307 1213 4361 sicubi
1251 4322 1410 4363 rarus
1435 4311 1557 4377 quis
1580 4311 1651 4365 ita
1676 4312 1947 4380 perfectus

407 4396 726 4459 inveniatur,
753 4396 843 4464 qui
872 4407 1051 4450 careat
1079 4396 1179 4450 hoc
1207 4398 1412 4452 morbo.
1443 4398 1654 4463 Desine,
1687 4401 1917 4469 inquit”

407 4488 469 4541 ab
498 4487 602 4549 ira,
632 4495 678 4538 et
708 4486 1003 4552 derelinque
1026 4486 1455 4554 indignationem.
1512 4490 1677 4544 Multa
1709 4501 1835 4546 sunt
1862 4493 1941 4546 vi-

409 4577 502 4640 tia,
533 4591 651 4643 qua:
680 4590 708 4626 a
738 4574 916 4627 multis
950 4575 1106 4628 facile
1134 4579 1388 4635 vitantur.
1437 4580 1598 4635 Verbi
1627 4597 1789 4635 causa
1842 4585 1947 4634 im-

405 4665 675 4734 pudicitiae
707 4666 923 4719 malum.
955 4666 1010 4718 Si
1037 4667 1158 4733 quis
1188 4684 1403 4735 operam
1428 4674 1639 4726 enixius
1661 4674 1943 4727 continen-

407 4757 496 4808 tiae
522 4754 748 4819 dederit,
781 4754 1164 4822 impudicitiam
1191 4757 1404 4824 abiecit.
1449 4762 1720 4830 Aliquanti
1777 4765 1943 4817 etiam

406 4844 687 4899 avaritiam
719 4844 1087 4911 subjugarunt,
1125 4846 1192 4898 ita
1247 4857 1305 4899 ut
1337 4863 1457 4900 cum
1496 4851 1545 4902 in
1577 4852 1789 4906 caeteris
1835 4867 1941 4906 non

406 4937 513 4991 sint
548 4935 789 5004 perfecti,
821 4935 1103 4989 videantur
1134 4945 1305 4988 tamen
1346 4938 1519 4993 vitare
1557 4942 1659 4996 hoc
1725 4943 1943 5005 malum,

406 5028 498 5081 sed
521 5034 575 5081 et
611 5024 721 5079 alia
755 5024 1027 5079 nonnulla.
1083 5024 1371 5079 Iracundia:
1418 5038 1596 5082 autem
1650 5031 1842 5085 durum
1894 5040 1949 5085 et

406 5128 619 5172 acutum
664 5116 870 5178 vitium,
916 5114 1205 5167 inﬂammat
1253 5124 1307 5167 et
1352 5120 1588 5185 exagitat
1635 5122 1800 5173 etiam
1855 5136 1949 5176 eos

407 5207 495 5272 qui
522 5207 767 5258 videntur
810 5218 928 5257 esse
955 5204 1240 5272 sapientes.
1296 5202 1444 5259 Unde
1472 5217 1526 5259 et
1572 5207 1826 5264 Salomon
1892 5211 1946 5265 in

405 5291 708 5347 Proverbiis
737 5293 928 5346 dicit"
962 5307 972 5339 :
1008 5291 1101 5345 Ira
1127 5292 1295 5358 perdit
1323 5294 1479 5346 etiam
1526 5298 1823 5363 prudentes.
1882 5301 1940 5356 Id

475 5515 520 5542 τ’
556 5514 691 5564 ΡςιιΙ.
721 5532 941 5574 ωειινιιι,
971 5517 1020 5569 8.
1096 5519 1140 5552 ’³
1175 5519 1316 5570 Psal.
1354 5536 1535 5578 xvxvt.
1582 5521 1630 5573 7.

415 5593 493 5637 ιιι,
539 5582 615 5631 l2.
692 5584 734 5611 ⁷⁸
768 5585 903 5633 Psnl.
939 5601 1121 5644 xxxvi,
1153 5588 1204 5641 8.
1284 5588 1326 5616 ⁷³
1352 5589 1479 5639 ibid.
1511 5591 1561 5639 tl.
1639 5590 1681 5619 ⁸ο
1719 5589 1755 5639 Ρ

414 5657 482 5705 λι,
524 5645 602 5696 ιδ.
690 5648 734 5677 ⁸⁵
770 5651 936 5703 Exod.
975 5667 1091 5715 sui,
1126 5654 1178 5705 5.
1277 5655 1319 5684 ⁸⁵
1354 5654 1602 5722 Mattlt.\',
1634 5659 1685 5708 4.

1727 5522 1771 5551 ’⁷³³
1810 5523 1938 5580 Luc.
1985 5546 2097 5588 xvi.

1762 5595 1855 5644 sal.
1898 5611 1951 5661 ιι,
1991 5600 2079 5658 15,

2030 1914 2346 1982 gnationem
2384 1911 2789 1980 relinquimus,
2850 1911 2976 1965 sed
3052 1911 3446 1964 lenitatem.
3481 1908 3680 1963 Verum
3722 1924 3777 1963 ex

2032 2003 2136 2057 hoc
2162 2003 2358 2056 saltem
2387 2001 2745 2070 incipiamus
2782 2000 3178 2055 emendare
3269 2001 3687 2067 nosmetipsos,
3733 2012 3778 2051 et

2033 2093 2294 2161 paulatim
2324 2107 2423 2159 per
2455 2092 2897 2145 continentiam
2951 2097 3028 2143 et
3086 2092 3444 2145 assiduam
3487 2093 3779 2144 meditatio-

2033 2196 2155 2235 nem
2180 2182 2454 2236 lenientes
2490 2180 2894 2243 iracundiam,
2940 2181 3328 2236 veniamus
3357 2182 3546 2238 etiam
3601 2184 3652 2236 in
3694 2184 3780 2236 hoc

2033 2280 2094 2324 ut
2128 2271 2269 2323 ultra
2307 2286 2416 2325 non
2469 2271 2836 2334 irascamur;
2873 2277 3106 2336 atque
3185 2271 3635 2338 indignationis
3678 2287 3781 2339 qua:

2035 2376 2132 2429 per
2160 2360 2403 2414 furorem
2440 2359 2793 2423 concitatur,
2838 2360 3196 2426 impetum
3229 2365 3632 2417 retundentes
3664 2366 3781 2417 assi-

2036 2451 2158 2515 due,
2195 2449 2592 2518 perveniamus
2614 2464 2805 2517 usque
2840 2450 2909 2503 in
2948 2449 3135 2505 illud
3181 2468 3270 2507 ne
3329 2453 3503 2507 ultra
3558 2453 3785 2523 indigna-

2039 2539 2202 2592 tionis
2230 2539 2614 2593 commotione
2646 2538 3009 2597 turbemur.
3052 2541 3236 2597 Noli
3280 2544 3564 2598 inmutari
3594 2555 3648 2597 ut
3704 2560 3785 2596 tte-

2037 2628 2212 2696 quiter
2249 2627 2423 2694 facias
2457 2628 2529 2678 ⁷⁸.
2555 2626 2712 2689 Noli,
2751 2629 2992 2696 inquit,
3042 2633 3123 2685 in
3185 2635 3647 2687 aemulationem
3699 2648 3780 2685 ue-

2038 2718 2221 2786 quitiae
2270 2728 2506 2772 ca'teros
2555 2722 2958 2786 provocando
3007 2763 3028 2788 ,
3097 2724 3316 2778 etiam
3379 2725 3511 2793 ipse
3570 2739 3779 2791 nequam

2040 2808 2189 2873 ﬁeri;
2213 2808 2343 2876 quia
2372 2809 2661 2864 aemulatio
2697 2809 2843 2864 mali
2870 2811 3177 2869 vincere
3212 2830 3474 2885 semper
3516 2817 3571 2869 in
3598 2815 3783 2868 malitia

2040 2898 2204 2952 alium
2238 2897 2446 2952 studet.

2111 2986 2166 3039 4.
2224 2985 2367 3050 Quia
2420 2986 2517 3053 qui
2577 2988 2844 3055 nequiter
2903 3003 3156 3059 agunt,
3223 2998 3781 3058 exterminabuntsr;

1968 3107 2010 3165 α
2042 3076 2132 3144 qui
2165 3085 2339 3128 autem
2362 3086 2675 3143 exspectant
2712 3075 3108 3147 Dominum,
3162 3086 3294 3153 ipsi
3322 3088 3655 3142 hereditate
3679 3105 3783 3157 pos-

2043 3165 2284 3218 sidebunt
2314 3174 2517 3218 terram
2546 3166 2621 3218 7°.
2655 3167 2942 3234 Apparet
2977 3174 3158 3239 quia
3231 3181 3515 3248 nequitia
3545 3181 3653 3232 alia
3678 3180 3781 3246 qui-

2043 3256 2163 3308 dem
2203 3255 2415 3322 species
2450 3256 2580 3307 mali
2613 3265 2727 3321 est,
2760 3268 3013 3325 praeter
3050 3276 3313 3322 caetera
3352 3281 3621 3339 peccata.
3646 3269 3781 3325 Unde

2042 3355 2099 3400 et
2129 3347 2217 3399 ltic
2249 3360 2432 3400 sermo
2458 3347 2691 3402 divinus
2726 3348 2930 3404 alium
2992 3355 3340 3414 describit
3418 3373 3777 3429 peceatorcm.

2044 3446 2097 3489 et
2127 3435 2293 3488 alium
2327 3450 2589 3503 nequam,
2629 3438 2789 3491 sicut
2818 3451 2888 3494 et
2939 3443 3033 3497 ibi
3080 3449 3301 3505 simili
3351 3430 3549 3508 utitur
3606 3454 3775 3507 distiu-

2045 3524 2229 3577 ctione
2259 3539 2385 3577 cum
2415 3525 2557 3578 dicit
2586 3529 2635 3556 κθ
2675 3540 2690 3578 :
2718 3527 2993 3585 Caruere
3030 3534 3387 3591 brachium
3419 3541 3707 3606 peccatoris
3734 3545 3777 3587 et

2045 3614 2286 3681 maligni,
2326 3615 2376 3667 id
2409 3623 2495 3667 est
2535 3630 2813 3684 nequam.
2883 3622 3027 3679 Sed
3074 3637 3151 3682 et
3191 3629 3511 3686 Dominus
3543 3631 3599 3684 in
3629 3631 3778 3684 Evan-

2044 3703 2185 3772 gelio
2226 3702 2500 3756 diabolum
2530 3720 2641 3760 non
2671 3708 2832 3763 dixit
2889 3728 3349 3782 peccatore";
3390 3724 3776 3778 mum",...o.to,

2045 3792 2142 3846 sed
2177 3792 2502 3859 malignum,
2536 3796 2626 3848 vel
2664 3799 2929 3866 malum,
2980 3815 3051 3858 et
3101 3824 3265 3862 cum
3290 3811 3481 3865 docet
3522 3810 3577 3863 in
3602 3808 3780 3863 oratio-

2051 3896 2138 3945 ne,
2166 3882 2252 3934 vel
2285 3883 2419 3937 dicit
2450 3882 2497 3914 “
2533 3899 2549 3936 :
2577 3884 2692 3941 Sed
2722 3887 2923 3944 libera
2978 3911 3107 3950 nos
3149 3915 3194 3951 a
3230 3902 3432 3955 malo.
3455 3904 3529 3957 Et
3558 3902 3682 3955 alibi
3706 3900 3776 3950 ":

2049 3969 2418 4062 Malus/nomo
2442 3972 2595 4040 fecit,
2623 3976 2753 4030 sive
2794 3981 3167 4053 malignus.
3204 3990 3533 4047 Definiunt
3579 3989 3777 4062 quidam

2048 4060 2335 4158 noqutav,
2365 4063 2417 4115 id
2453 4068 2949 4158 est-nequitiam,
3016 4090 3468 4145 spontaneam
3495 4082 3586 4135 vel
3602 4060 3779 4134 volun-

2052 4151 2249 4244 tariam
2284 4163 2406 4244 esse
2442 4151 2750 4207 malitiam.
2792 4157 2991 4215 Aliud
3030 4175 3145 4220 est
3167 4170 3354 4223 enim
3401 4186 3516 4239 per
3549 4172 3777 4240 ignorati.

2053 4236 2185 4286 tiam
2220 4236 2363 4288 mala
2399 4250 2593 4304 agere,
2617 4250 2678 4293 et
2712 4243 2941 4299 vincia
2992 4253 3183 4308 malo
3216 4271 3235 4308 :
3283 4236 3460 4312 aliud
3496 4236 3594 4314 est
3616 4258 3779 4313 τοιυηο

2051 4331 2164 4378 tate
2184 4334 2238 4377 et
2264 4326 2639 4418 studrioimala
2667 4330 2900 4401 facere,
2929 4349 3001 4393 et
3037 4342 3167 4399 hoc
3205 4357 3315 4402 est
3344 4349 3633 4418 nequitia.
3649 4346 3779 4402 Unde

1927 4440 1943 4465 ν
1976 4417 2022 4471 ι)
2050 4423 2109 4510 et
2144 4414 2628 4510 meritodiabolus
2662 4422 2777 4477 hoc
2810 4432 3083 4487 nomine
3119 4414 3470 4510 πονηρός,-

2235 4414 2628 4510 ritodiabolus
2662 4422 2777 4477 hoc
2810 4432 3083 4487 nomine
3119 4414 3546 4510 qupég-id
3578 4448 3777 4493 estina-

2049 4502 2263 4597 “8W3:
2282 4503 2369 4597 “‘91
2401 4517 2675 4573 ηείιυθηι.
2703 4515 3095 4579 appellatur.
3138 4502 3381 4581 Sed-et
3409 4502 3583 4581 nobis
3606 4540 3780 4597 expro—

2046 4595 2212 4646 brans
2232 4592 2487 4648 Salvator
2501 4597 2703 4652 diceba
2715 4602 2813 4656 t”:
2845 4605 2918 4659 Si
2941 4625 3097 4677 ergo
3130 4626 3191 4665 et
3220 4634 3328 4670 vos
3350 4636 3490 4673 cum
3507 4621 3632 4674 sitis
3648 4592 3778 4677 mali.

2046 4685 2190 4779 scitis
2215 4686 2361 4779 ‘bona
2396 4687 2529 4779 data
2558 4691 2697 4743 dare
2716 4691 2859 4757 ﬁliis
2884 4704 3143 4756 vestris.
3203 4705 3288 4761 Et
3317 4723 3491 4764 nunc
3516 4726 3653 4779 ergo
3678 4710 3775 4761 ait:

2051 4772 2316 4835 Quoniam
2340 4775 2434 4843 qui
2477 4780 2732 4843 nequiter
2784 4798 3006 4853 agunt,
3039 4772 3664 4865 exterminabuntsir;
3702 4798 3778 4866 qli

2051 4870 2226 4958 autem
2254 4874 2570 4958 exspectant
2600 4867 2943 4938 Dominum,
2971 4879 3092 4944 ipsi
3124 4887 3510 4943 luvreditate
3550 4890 3775 4958 posside-

2052 4949 2176 5045 funt
2213 4960 2436 5045 terram.
2466 4952 2570 5045 list
2589 4965 2650 5009 et
2690 4960 2809 5013 alia
2837 4969 3132 5030 quaedam
3176 4983 3395 5043 terra,
3453 4949 3561 5034 illa.
3592 4982 3660 5034 de
3689 4991 3779 5045 qua

2051 5036 2339 5137 .Scri-ptura
2375 5043 2508 5098 dicit
2531 5044 2607 5108 3",
2644 5045 2838 5104 ﬂuens
2866 5054 2958 5109 lac
2993 5068 3056 5111 et
3092 5064 3258 5128 mel,
3290 5036 3485 5134 quam
3537 5036 3781 5122 Salvator

2052 5127 2106 5221 ιιι
2162 5127 2479 5221 Evangeliis
2544 5143 2911 5206 repromittit
2962 5127 3384 5221 mansuetis.
3450 5157 3777 5214 dicens”:

2052 5215 2207 5307 genti
2239 5224 2538 5288 mansueti,
2578 5232 2854 5293 quoniam
2928 5238 3038 5302 ipsi
3115 5215 3531 5307 possidebunt
3566 5260 3774 5301 terram-

2048 5305 2178 5361 ΙΙωο
2217 5321 2410 5371 nostra
2446 5330 2621 5382 quam
2658 5319 2998 5379 habitamus
3026 5305 3316 5400 proprio
3351 5339 3647 5395 vocabulo
3675 5337 3777 5390 ari-

2180 5541 2226 5572 "
2262 5540 2406 5597 Psal.
2444 5561 2642 5606 xxxvt.
2683 5552 2740 5605 8.

2164 5555 2226 5639 ,ιισ
2262 5555 2406 5597 Psal.
2444 5561 2642 5606 xxxvt.
2683 5555 2740 5605 8.
2824 5556 2874 5585 ⁷⁸
2914 5555 3087 5611 Prov.
3136 5577 3310 5619 xxix
3379 5570 3442 5622 8.

2236 5611 2431 5666 Matth.
2472 5630 2549 5679 vt,
2592 5618 2687 5677 I3.
2805 5626 2854 5656 ⁸³
2908 5625 3122 5679 Matth.
3157 5606 3436 5679 χιι--.28

2805 5626 2854 5656 ⁸³
2908 5625 3122 5681 Matth.
3157 5625 3458 5697 xm,'28.

3537 5570 3618 5619 ⁷⁷1
3652 5568 3769 5618 Cor.

3558 5639 3611 5668 ⁵³
3647 5637 3771 5688 Luc.
