3910 6266
522 284 549 304 ο

323 312 448 368 i333

329 430 391 486 da
419 430 706 499 appellatur,

1098 353 1400 408 SELECTA
1439 354 1504 407 IN
1546 350 1875 408 PSALMOS.
1918 377 1983 386 —
2025 348 2250 405 llOMlL.
2288 350 2331 404 ll
2373 348 2437 401 IN
2478 348 2665 405 PSAL.
2708 347 2939 405 XXXVI.
3404 349 3527 402 i'53l

480 439 706 538 uallatur.
732 439 914 507 sicut
951 471 1025 516 et
1058 470 1261 522 caelum
1288 471 1428 523 istud
1458 471 1596 538 quod
1616 473 1901 527 intuemur,
1933 473 1976 518 A
2008 466 2228 532 mystica
2261 464 2467 516 ratione
2495 462 2883 518 firmamentum
2909 463 3103 518 factum
3128 478 3245 518 esse
3277 458 3529 518 dicitur”

334 522 982 630 υξξδνξῖελίὶτιιξῐξῐιὶεξηιιιητ
1022 554 1249 610 dicitur.
1285 522 1745 625 Exappellatione
1783 522 1906 607 vero
2007 522 2146 620 quod
2179 560 2458 621 separaret
2486 553 2628 607 inter
2656 568 2818 621 aquas
2843 566 2897 609 et
2952 570 3136 623 aquas,
3180 562 3233 607 et
3272 555 3530 608 divideret

340 618 549 719 auem}?
571 618 902 719 θφὶίῄθιῖξιιη
942 638 1105 697 istud
1142 618 1531 699 firmamentum
1563 645 1682 700 θαιΙὶ
1719 659 1904 698 nomen
2008 618 2363 693 habitaculum
2389 618 2753 694 mortaliumva
2776 618 3075 697 sedibus-et
3100 642 3414 695 habitaculis
3439 655 3526 692 an-

341 711 717 800 οεεερῖινξῑριιι
741 712 974 778 Educet
1036 731 1321 799 Scriptura
1370 734 1637 787 Geneseos
1659 734 1723 785 ⁸⁸.
1771 732 1904 795 Quid
2004 731 2258 796 gelorum.
2285 731 2361 785 Ex
2391 746 2456 785 eo
2484 747 2610 800 ergo
2630 732 2774 786 locus
2804 735 2955 787 nobis
2990 735 3359 800 peccatoribus
3381 734 3526 786 arida

343 813 471 870 θτεο
495 792 1014 898 θθξῗηὶξξηῐπωξθηιί
1051 792 1267 885 quidem
1297 821 1403 873 vita
1447 822 1645 873 utimur
1673 792 1813 874 cwlo
1854 829 1906 870 et
2005 792 2136 880 htec,
2164 833 2321 885 quam
2365 819 2525 872 etiam
2547 792 2753 872 vtcrram
2804 792 3192 887 cognominavit
3256 822 3525 882 Dominus,

344 902 488 949 terra
518 886 809 945 visibilibus
841 895 1009 968 istis,
1055 906 1111 959 in
1144 909 1333 975 quibus
1368 909 1476 962 veri
1505 909 1625 961 cteli
1658 918 1708 963 et
1765 922 1903 979 vera.-
2004 905 2251 967 deputata
2282 915 2383 959 est.
2420 904 2521 959 Sed
2552 915 2605 960 et
2636 907 2734 959 alia
2769 886 3009 973 quaedam
3039 907 3151 959 loca
3188 909 3523 961 nominantur

348 996 511 1046 terrae
533 988 719 1048 printer
749 990 990 1044 nomina
1033 998 1166 1048 nihil
1212 997 1353 1051 aliud
1412 999 1757 1051 invenimus:
1809 998 1898 1047 sed
2004 1007 2169 1058 aquae,
2203 992 2394 1061 quibus
2423 994 2714 1061 soperferri
2773 994 3002 1061 Spiritus
3060 995 3263 1047 Domini
3313 994 3525 1048 dicitur.

343 1077 556 1133 ideirco
579 1070 663 1126 hic
694 1074 763 1127 ita
796 1077 1055 1135 arbitror
1087 1086 1368 1152 appellata,
1399 1097 1475 1146 ut,
1509 1101 1625 1137 cum
1680 1088 1788 1139 hanc
1829 1087 1896 1136 ita
2006 1081 2063 1132 Et
2099 1081 2198 1131 alia
2230 1082 2464 1148 quaedam
2513 1082 2626 1134 loca
2663 1084 2883 1148 abyssns
2933 1082 3300 1145 nominantur,
3339 1082 3527 1149 quibus

343 1165 720 1228 Imminaﬂlllft
742 1159 832 1214 “13
864 1180 993 1233 (tua:
1016 1185 1140 1224 vera
1171 1181 1226 1225 et
1252 1188 1437 1240 magna
1478 1184 1620 1234 sunt,
1654 1175 1717 1223 ad
1769 1173 1906 1223 desi-
2006 1169 2231 1220 tenebrat
2257 1170 2606 1235 superpositae
2655 1172 2974 1224 referuntur.
3024 1169 3087 1222 Et
3119 1170 3181 1222 de
3214 1170 3365 1236 aquis
3409 1170 3528 1235 qui-

344 1255 575 1308 derium
600 1264 653 1307 et
674 1255 993 1308 memoriam
1022 1262 1508 1325 cognominantinm
1537 1265 1769 1316 veniant.
1803 1266 1900 1329 Qui
2005 1258 2120 1311 dem
2152 1257 2347 1309 dicitur
2386 1258 2437 1309 in
2479 1258 2580 1310 alia
2619 1257 2890 1322 Scriptura
2925 1258 2993 1321 ³⁸,
3032 1257 3153 1324 quia
3194 1254 3433 1309 Viderunt
3481 1268 3528 1307 te

344 1351 491 1394 sunt
539 1350 716 1394 autem
760 1341 852 1407 qui
920 1345 1233 1399 haereditate
1276 1349 1620 1413 possidebunt
1673 1355 1905 1405 terram?
2004 1361 2172 1411 aquae,
2202 1345 2375 1410 Deus,
2429 1347 2663 1399 viderunt
2713 1359 2760 1398 te
2813 1362 2982 1413 aquar,
3024 1356 3070 1398 et
3109 1347 3407 1398 timuerunt.
3455 1345 3529 1396 De

348 1429 469 1492 Qui
497 1440 815 1497 exspectant,
843 1430 1043 1499 inquit,
1073 1434 1366 1489 Dominum.
1400 1437 1772 1505 Exspectantus
1802 1440 1892 1494 Do-

2003 1434 2193 1501 abysso
2220 1442 2394 1485 autem
2435 1433 2583 1495 dicit,
2635 1433 2757 1500 quia
2805 1434 3104 1485 conturbata
3149 1442 3222 1485 est
3277 1434 3524 1500 abyssut;

345 1518 599 1579 mitium,
617 1518 740 1585 quia
770 1517 883 1584 ipse
914 1528 997 1573 est
1020 1523 1347 1588 exspectatio
1378 1533 1556 1577 nostra
1598 1534 1651 1578 et
1698 1527 1904 1593 patien.
2002 1520 2117 1573 sine
2146 1519 2304 1573 dubio
2333 1521 2456 1587 quia
2488 1535 2588 1573 non
2625 1521 2785 1573 habet
2814 1535 3017 1588 pacem,
3053 1522 3145 1575 sed
3189 1523 3347 1574 habet
3384 1530 3529 1573 tene-

347 1607 458 1668 tia,
489 1608 634 1660 sicut
665 1606 922 1674 scriptum
947 1617 1030 1661 est
1055 1608 1138 1660 δτι
1174 1609 1237 1661 Et
1269 1624 1530 1679 nuncquae
1550 1621 1622 1664 est
1646 1626 1904 1679 exspecta-
2002 1609 2126 1662 bras
2147 1610 2527 1677 superpositas.
2568 1609 2671 1664 Sed
2714 1620 2768 1663 et
2812 1611 3077 1664 daemones
3135 1611 3185 1663 in
3244 1610 3531 1679 Evangelio

343 1696 429 1747 tio
460 1712 581 1749 mea
604 1697 629 1749 ?
660 1713 831 1750 nonne
855 1697 1149 1750 Dominus?
1175 1698 1321 1751 Sicut
1364 1692 1492 1767 ergo
1522 1702 1767 1754 Salvator
1812 1718 1898 1755 sa.
1932 1760 1968 1767 _
2004 1711 2192 1765 rogare
2219 1698 2474 1750 dicuntur
2520 1712 2587 1751 ne
2640 1697 2924 1764 iubeantur
2972 1698 3119 1751 abire
3168 1699 3219 1751 in
3258 1700 3527 1767 abyssum,

346 1786 572 1852 pientia
598 1795 684 1841 est
710 1795 765 1840 et
782 1801 884 1853 pax
912 1786 1210 1853 etjustitia,
1254 1791 1324 1841 ita
1355 1760 1511 1843 est'et
1552 1795 1899 1859 exspectatio.
1932 1760 1972 1812 Β
2004 1760 2141 1836 veil“
2174 1785 2225 1836 in
2254 1784 2424 1837 locum
2452 1760 2734 1849 ψιθηιιίαηι
2766 1798 2937 1852 ρωητιι
2967 1793 3020 1839 οι
3048 1799 3105 1838 se
3153 1793 3206 1838 ει
3238 1760 3349 1840 sui;
3397 1760 3526 1841 aelii

341 1874 439 1925 vel
478 1873 765 1941 patientia.
796 1874 861 1927 Et
890 1875 1031 1928 sicut
1071 1876 1480 1942 participatione
1520 1878 1738 1943 iustitiae
1790 1881 1903 1946 ejus
2003 1874 2096 1924 bus
2127 1871 2360 1939 dignum.
2400 1870 2510 1925 Non
2537 1873 2706 1925 solum
2756 1888 2883 1941 ergo
2935 1884 3179 1941 peccator
3236 1890 3336 1928 non
3400 1879 3525 1941 erit,

336 1959 486 2026 justi
520 1961 808 2024 eﬂicimur,
844 1971 899 2016 et
929 1963 1343 2032 participatione
1370 1965 1642 2032 sapientia:
1667 1967 1780 2033 ejus
1814 1984 1901 2018 επ-
2001 1963 2091 2013 sed
2120 1960 2279 2013 etiam
2316 1960 2459 2014 locus
2488 1960 2620 2027 ejus,
2656 1962 2899 2029 quisquis
2932 1961 3018 2014 ille
3044 1971 3145 2024 cst,
3166 1972 3449 2029 quzeretur,
3478 1975 3530 2019 ct

344 2050 599 2116 pientes,
625 2048 699 2100 ita
723 2057 778 2102 et
804 2049 1213 2118 participatione
1238 2051 1508 2117 patientia:
1536 2052 1652 2118 ejus
1702 2056 1903 2122 patien-
2003 2066 2104 2102 non
2133 2052 2256 2103 erit.

341 2143 436 2186 tes
462 2132 763 2188 eﬂleimur.
801 2134 894 2188 Est
918 2150 1046 2204 ergo
1066 2137 1210 2191 velut
1239 2136 1357 2191 fons
1383 2139 1595 2206 quidam
1631 2144 1900 2209 perennis,
2067 2138 2115 2190 ϐ.
2152 2138 2413 2192 Mansueti
2432 2148 2599 2193 autem
2622 2143 2993 2195 limi-enitebant
3028 2152 3215 2194 terram
3236 2143 3300 2194 ”.
3335 2142 3530 2194 Adver-

340 2224 413 2272 tte
442 2236 565 2289 quo
585 2222 804 2275 haurire
831 2237 1116 2291 possumus
1156 2234 1211 2278 et
1262 2227 1597 2294 patientiam,
1645 2238 1699 2281 et
1740 2229 1902 2295 justi-
2002 2241 2114 2278 sum
2143 2225 2541 2281 Valentinianus
2570 2237 2623 2282 et
2653 2238 2876 2283 caeteros
2905 2230 3202 2292 hzereticos,
3231 2234 3319 2297 qui
3345 2240 3541 2296 putant

340 2312 512 2374 tiam,
543 2319 604 2364 et
658 2311 999 2378 sapientiam,
1058 2321 1111 2368 et
1154 2315 1331 2368 omnia
1386 2329 1715 2384 quaecunque
1782 2329 1905 2372 sunt
2003 2316 2328 2370 Salvatorem
2361 2332 2533 2372 meum
2562 2318 2739 2371 dicere
2771 2318 2823 2369 iu
2860 2318 3166 2387 Evangelio,
3191 2332 3306 2385 qum
3350 2318 3401 2370 in
3433 2332 3532 2370 au-

333 2401 623 2455 virtutum
650 2400 787 2453 bona
811 2418 825 2464 ;
849 2401 894 2455 si
939 2409 1112 2454 tamen
1135 2402 1295 2465 bona,
1334 2404 1490 2471 digna
1532 2413 1586 2457 et
1643 2419 1771 2472 pura
1812 2420 1905 2457 va-
2003 2405 2386 2472 tiquisLitteris
2406 2420 2513 2461 non
2544 2414 2689 2467 sunt,
2718 2406 3066 2473 proferendus
3089 2414 3170 2459 est
3219 2406 3319 2459 iste
3358 2408 3529 2459 versi-

330 2488 506 2541 scula
546 2498 733 2541 nostra
769 2490 1067 2543 deferamus
1087 2492 1152 2544 ad
1178 2492 1395 2545 fontem.
1442 2493 1529 2544 Ait
1582 2507 1748 2562 ergo:
1801 2495 1902 2557 Qui
2002 2493 2171 2556 culus,
2205 2494 2341 2548 sicut
2370 2503 2424 2548 et
2450 2508 2546 2548 nos
2576 2493 2855 2547 didicimus
2886 2508 2914 2545 a
2966 2495 3191 2561 quodam
3220 2495 3532 2563 presbytero

330 2590 535 2632 autem
558 2590 859 2645 exspectant
882 2579 1185 2644 Dominum,
1218 2582 1316 2648 ipsi
1339 2583 1737 2636 Itwreditabunt.
2001 2582 2242 2649 proferre
2271 2582 2383 2635 hcce
2439 2582 2504 2635 ad
2563 2582 2955 2636 convincendos
3001 2595 3112 2634 eos.
3171 2581 3319 2644 Quod
3387 2582 3531 2634 enim

405 2670 472 2722 5.
504 2672 640 2721 Post
671 2669 783 2722 haec
811 2678 986 2722 autem
1038 2684 1335 2724 sermonem
1383 2674 1662 2738 quemdam
1704 2672 1904 2726 addidit
2003 2673 2202 2725 dictum
2231 2679 2317 2727 est
2356 2672 2408 2724 in
2440 2670 2795 2739 Evangelio“
2833 2687 2845 2723 :
2902 2669 3049 2722 Beati
3094 2671 3364 2732 mansueti,
3405 2686 3535 2738 quo-

322 2756 676 2825 mysticum,
718 2757 807 2824 qtti
843 2772 1004 2825 super
1034 2758 1271 2811 auditum
1298 2772 1472 2811 meum
1523 2762 1613 2823 sit,
1644 2770 1696 2814 et
1741 2775 1901 2828 supra
2003 2764 2144 2815 niam
2181 2763 2281 2829 ipsi
2303 2762 2680 2814 hwreditabunt
2709 2770 2920 2824 terram,
2948 2759 3070 2811 vide
3099 2760 3362 2825 quomodo
3408 2770 3538 2812 ante

320 2847 600 2914 linguam
633 2859 831 2909 meam,
876 2845 967 2912 qui
1026 2846 1248 2901 excedat
1294 2862 1508 2901 sensum
1561 2864 1758 2903 meum.
1814 2852 1905 2903 Ait
1996 2852 2106 2919 jam
2134 2849 2340 2904 dictum
2372 2857 2453 2903 est
2486 2864 2515 2901 a
2549 2847 2750 2915 Spiritu
2792 2856 2979 2901 sancto
3005 2861 3097 2914 per
3139 2847 3298 2899 David
3354 2861 3367 2897 :
3418 2840 3534 2898 imo

316 2937 530 2998 cnim,-
556 2933 676 2987 sive
701 2935 767 2987 de
796 2936 1042 2989 omnibus
1090 2937 1485 3002 peccatorihus,
1526 2938 1640 2991 sive
1688 2938 1755 2989 de
1800 2954 1903 2991 uno
2005 2941 2117 2998 ipse
2150 2939 2397 2993 Christus
2432 2951 2575 2991 nunc
2606 2937 2658 2989 in
2688 2934 2986 3003 Evangeliis
3004 2936 3174 2989 dicit:
3215 2935 3363 2986 Beati
3387 2950 3537 2986 ntan-
3610 2976 3620 2985 .

315 3026 544 3091 aliquo
581 3034 889 3089 peccatore,
916 3024 1263 3091 singulariter
1287 3027 1428 3080 enim
1458 3026 1586 3080 dicit
1607 3028 1654 3059 ⁸⁸
1683 3045 1697 3080 :
1726 3027 1902 3082 Pusil-
1928 3053 1969 3108 ρ
2002 3030 2157 3093 sueti,
2180 3030 2422 3097 quoniam
2460 3028 2557 3095 ipsi
2595 3027 2896 3080 hwreditate
2940 3027 3270 3090 possidebunt
3319 3033 3531 3078 terram.

313 3115 452 3167 lum
495 3112 704 3173 adhuc,
746 3121 791 3163 et
820 3128 920 3164 non
978 3113 1137 3183 662
1188 3116 1285 3166 erit
1338 3126 1589 3181 peccator.
1647 3116 1900 3171 Pusillum
2003 3118 2313 3170 Additsane
2353 3115 2614 3182 PrOpheta
2645 3114 2805 3168 etiam
2848 3114 3077 3180 amplius
3127 3112 3323 3181 aliquid
3374 3126 3534 3179 quam

313 3205 534 3257 adhuc
574 3201 816 3268 profecto
843 3217 871 3253 a
904 3203 1151 3269 praesenti
1190 3210 1429 3271 tempore
1471 3219 1637 3272 usque
1671 3207 1736 3259 ad
1769 3222 1902 3261 con-
2004 3208 2054 3259 in
2091 3207 2372 3273 Evangelio
2415 3206 2656 3272 legimus,
2691 3204 2874 3257 dicens
2900 3204 2945 3235 "
2985 3220 2999 3257 :
3042 3202 3106 3254 Et
3150 3203 3539 3255 delectabantur

310 3290 783 3346 summationem
819 3289 997 3343 saeculi
1027 3305 1146 3345 esse
1182 3291 1335 3355 dicit,
1360 3301 1452 3345 aut
1482 3294 1712 3347 fortasse
1743 3297 1902 3347 etiam
2003 3295 2055 3345 in
2081 3294 2408 3345 multitudine
2432 3295 2597 3359 pacis.
2630 3292 2805 3344 Etiam
2834 3291 2919 3344 hic
2949 3304 3196 3343 sermone
3227 3292 3340 3357 ipso
3371 3290 3538 3342 utitur

311 3385 494 3437 ultra
525 3382 1052 3434 consummationem
1095 3381 1296 3445 saeculi,
1328 3392 1382 3435 et
1411 3383 1580 3438 donec
1634 3384 1722 3438 ille
1771 3386 1907 3452 ignis
2004 3382 2237 3441 Graecus.
2262 3382 2326 3434 de
2361 3396 2466 3448 quo
2493 3391 2545 3433 et
2589 3380 2834 3448 superius
2891 3379 3139 3443 diximus,
3195 3381 3538 3448 κατατρυφή-

311 3469 557 3526 vindex
589 3476 874 3522 consumat
911 3468 1265 3522 adversarios.
1324 3468 1380 3522 Si
1425 3479 1602 3524 autem
1652 3471 1747 3524 fiat
1799 3472 1900 3525 hoc
2007 3488 2202 3532 σουσιν,
2233 3471 2282 3522 id
2329 3479 2428 3533 est,
2465 3469 2854 3523 deliciabnntur
2878 3468 3044 3533 magis
3088 3482 3246 3533 quam
3307 3467 3539 3519 delecta-

309 3563 544 3627 aliquo
573 3556 859 3621 modo,non
888 3559 991 3611 erit
1024 3567 1286 3624 peccator,
1314 3567 1365 3612 et
1415 3573 1517 3626 qua
1549 3559 1756 3613 ratione
1791 3559 1906 3613 fieri
2005 3559 2221 3611 buntur.
2280 3559 2447 3623 Igitur
2497 3557 2886 3610 deliciabuntur
2919 3592 2934 3615 ,
2978 3557 3089 3607 sive
3135 3554 3536 3606 delectabuntur

307 3648 526 3720 possit
556 3655 622 3699 ut
642 3654 900 3712 peccator
933 3662 1036 3700 non
1068 3647 1160 3711 sit,
1188 3646 1439 3700 discutiat
1465 3656 1519 3700 et
1544 3649 1784 3715 requirat
1817 3649 1906 3717 qui
2008 3647 2266 3700 mansueti
2294 3647 2346 3699 in
2378 3644 2717 3698 multitudine
2741 3644 2907 3710 pacis.
2936 3643 2989 3694 Si
3022 3642 3111 3708 qni
3145 3649 3268 3693 sunt
3295 3642 3539 3694 carnales

306 3744 560 3805 potest.
624 3730 986 3786 Verumtamen
1032 3732 1279 3800 pusillum
1335 3735 1525 3798 adhuc,
1569 3745 1614 3787 et
1661 3752 1760 3788 non
1810 3739 1907 3789 erit
2008 3736 2268 3797 homines,
2310 3734 2640 3787 delectantur
2672 3734 2723 3784 in
2752 3732 2887 3785 cibis
2910 3731 2996 3798 qui
3030 3730 3371 3783 destruentur
3415 3743 3545 3781 cum-

304 3833 628 3895 νεα-αῖον,
654 3833 701 3874 et
716 3838 916 3890 quteres
938 3821 1102 3874 locum
1127 3823 1237 3887 ejus
1263 3829 1310 3875 et
1362 3839 1462 3876 non
1503 3824 1747 3880 invenies.
1794 3825 1906 3878 Non
2009 3834 2188 3877 ventre
2211 3838 2327 3881 suo,
2357 3823 2562 3876 sicutet
2594 3819 2875 3888 Apostolus
2900 3818 3028 3871 dicit
3059 3819 3103 3849 “
3134 3836 3146 3870 :
3187 3817 3329 3869 Esctc
3354 3822 3537 3877 ventri,

304 3919 532 3974 solum
581 3921 761 3965 autem
783 3919 1036 3979 peccator
1061 3925 1164 3963 non
1196 3911 1319 3974 erit,
1348 3912 1440 3964 sed
1478 3925 1574 3965 nec
1602 3911 1750 3966 lceus
1787 3928 1908 3980 pec-
2007 3925 2052 3967 et
2073 3923 2240 3966 venter
2262 3913 2414 3975 escis,
2460 3910 2593 3963 Deus
2620 3919 2789 3962 autem
2838 3909 2973 3961 hunc
3029 3917 3074 3960 et
3121 3906 3240 3958 illus
3288 3907 3537 3958 destruet.

304 4004 571 4067 catoris
599 4001 726 4057 erit.
748 4000 879 4066 Quis
897 4007 980 4054 est
1014 4007 1192 4052 autem
1240 3999 1387 4054 locus
1428 3990 1752 4067 peccatoris,
1806 4002 1905 4056 nisi
2009 4001 2191 4055 Sancti
2223 4008 2397 4052 autem
2429 3999 2558 4052 istas
2589 4012 2799 4065 quoque
2843 3997 3061 4050 delicias
3093 4003 3439 4048 contemnunt
3487 4004 3541 4047 et

303 4109 442 4154 ista
507 4105 640 4159 qua:
693 4088 1053 4156 praetereunt?
1094 4084 1316 4149 (Icelum,
1358 4087 1529 4154 inquit
1558 4088 1623 4151 ⁸⁸,
1676 4098 1723 4141 et
1770 4099 1907 4141 terra
2010 4089 2348 4156 despiciunt:
2381 4088 2578 4140 habent
2606 4095 2782 4139 autem
2831 4084 3047 4138 delicias
3096 4086 3146 4136 in
3205 4083 3542 4135 multitudine

303 4180 725 4251 prater-ibunt.
755 4177 882 4231 Sine
907 4176 1067 4229 dubio
1092 4189 1217 4239 ergo
1239 4189 1357 4227 cum
1395 4176 1510 4242 ipso
1535 4186 1752 4242 peccato
1769 4179 1906 4243 quod
2012 4181 2176 4247 pacis.
2203 4177 2484 4231 Multitudo
2515 4184 2689 4229 autem
2719 4174 2863 4242 pacis
2891 4188 3011 4226 esse
3040 4173 3237 4226 dicitur
3274 4172 3324 4223 in
3353 4171 3541 4224 diebus

302 4270 651 4347 praeteriit,
677 4267 841 4321 etiam
870 4265 1016 4319 locus
1042 4263 1307 4330 praeteriet
1331 4265 1646 4330 peccatoris.
1689 4263 1903 4330 Cwlum,
2010 4268 2229 4323 Christi.
2261 4268 2335 4320 Ita
2364 4265 2504 4319 enim
2533 4264 2790 4331 scriptum
2816 4274 2895 4316 est
2915 4263 2957 4294 ⁸⁷
2994 4278 3006 4312 :
3041 4260 3105 4313 Et
3137 4260 3412 4312 multitudo
3451 4276 3543 4326 pa-

304 4363 561 4434 inquit,
599 4367 648 4410 et
683 4366 823 4409 terra
849 4353 1201 4423 praeteribunt.
1244 4354 1391 4406 verba
1441 4363 1611 4406 autem
1661 4369 1774 4405 mea
1806 4371 1907 4406 non
1941 4360 1982 4412 D
2011 4360 2084 4411 cis
2111 4359 2207 4411 erit
2254 4358 2310 4408 in
2355 4355 2534 4407 diebus
2579 4354 2714 4421 ejus,
2769 4366 3028 4419 usquequo
3078 4350 3348 4417 auferatur
3398 4348 3542 4402 (una.

306 4447 732 4526 prseteribunt.
766 4444 1088 4498 Studeamus
1112 4457 1241 4511 ergo
1274 4456 1368 4495 nos
1400 4442 1575 4496 facere
1602 4444 1761 4497 verba
1799 4445 1907 4505 Dei,
2018 4448 2334 4512 Quicunque
2365 4456 2494 4509 ergo
2522 4440 2719 4493 desinit
2741 4441 2806 4491 ab
2835 4440 2935 4502 ira,
2964 4448 3019 4491 et
3054 4437 3265 4505 reliquit
3298 4436 3545 4502 indigna-

308 4556 477 4616 qua:
508 4550 624 4591 non
660 4541 1002 4603 praetereunt,
1032 4547 1100 4585 ne
1129 4531 1264 4585 forte
1283 4543 1335 4585 et
1367 4545 1462 4584 nos
1488 4544 1606 4583 cum
1638 4532 1754 4583 istis
1796 4548 1912 4600 qua:
2020 4537 2235 4595 tionem,
2265 4540 2318 4584 et
2344 4544 2516 4599 neque
2558 4530 2768 4581 animus
2804 4530 2856 4580 in
2910 4530 3040 4579 iram
3090 4527 3349 4589 irritatur,
3373 4539 3548 4589 neque

309 4611 699 4705 praetereunt
731 4622 1070 4674 intereamus.
1102 4620 1157 4673 Si
1180 4620 1318 4672 enim
1349 4627 1625 4685 peccatum
1665 4618 1910 4683 facimus,
2018 4635 2266 4678 sermone
2298 4621 2466 4673 utitur
2513 4618 2785 4677 iracundo,
2844 4630 2947 4669 non
3007 4614 3174 4667 solum
3225 4611 3548 4674 forinsecus,

311 4704 503 4791 quod
534 4710 799 4780 ρτῖθιεπὶι,
825 4710 941 4763 sine
964 4709 1118 4762 dubio
1144 4717 1195 4762 et
1219 4723 1313 4761 nos
1350 4721 1470 4760 cum
1506 4706 1588 4760 his
1632 4723 1750 4775 qua:
1778 4725 1914 4777 prm-
2018 4726 2197 4765 verum
2230 4717 2281 4763 et
2308 4708 2629 4761 intrinsecus
2674 4713 2819 4758 totus
2853 4704 2905 4755 in
2948 4716 3076 4769 pace
3137 4708 3236 4762 est,
3276 4708 3333 4791 et
3378 4712 3553 4791 neque

316 4787 586 4866 t—ereunt
612 4798 1006 4867 deputabimur.
1038 4797 1092 4851 Si
1149 4808 1323 4851 autem
1386 4796 1607 4849 facimus
1647 4796 1912 4864 justitiam
2020 4798 2329 4869 provocanti
2357 4812 2415 4851 se
2443 4796 2507 4849 ad
2530 4795 2857 4849 iracundiam
2884 4793 3042 4853 cedit,
3079 4803 3249 4856 neque
3280 4789 3391 4852 ipse
3415 4787 3557 4837 alte-

316 4909 476 4968 quae
518 4905 632 4944 non
687 4888 944 4955 prmterit,
999 4901 1171 4955 neque
1221 4886 1318 4953 ipsi
1373 4885 1793 4951 prateribimns,
1824 4886 1917 4939 sed
2018 4904 2132 4942 rum
2159 4891 2221 4941 ad
2245 4885 2574 4939 iracundiam
2608 4891 2884 4953 provocat,
2911 4882 3001 4935 sed
3037 4881 3089 4931 in
3133 4876 3424 4968 semetipso
3459 4889 3558 4938 pa-

320 4965 814 5057 permanehimus
845 4991 968 5029 cum
993 4983 1332 5043 permanente
1350 4973 1584 5040 justitia,
1620 4975 1918 5027 secundum
2019 4993 2133 5032 cem
2175 4977 2352 5040 habet,
2377 4982 2429 5028 et
2459 4975 2511 5026 in
2542 4973 2680 5035 aliis,
2715 4973 2759 5026 si
2789 4972 2875 5037 qui
2905 4970 3038 5057 forte
3061 4965 3342 5021 dissident,
3371 4967 3567 5057 servat.

326 5043 493 5130 illud
522 5067 672 5135 quod
697 5066 953 5130 scriptum
984 5072 1066 5117 est
1094 5065 1140 5096 ”
1170 5082 1182 5115 :
1224 5061 1474 5126 Nunquid
1514 5076 1615 5113 non
1642 5062 1777 5113 valet
1810 5079 1923 5114 ma-
2020 5067 2236 5135 diligere
2263 5063 2738 5122 mansuetudinem,
2778 5071 2895 5124 quae
2920 5054 3064 5120 pacis
3097 5057 3275 5135 custos
3305 5053 3390 5095 est
3432 5043 3572 5135 ﬁde:

335 5177 462 5218 nus
497 5172 624 5210 mea
654 5154 826 5207 salvos
848 5154 1156 5221 facerefaut
1184 5150 1392 5217 ψαυαυί
1430 5164 1609 5200 aurem
1644 5164 1820 5202 meam
1862 5167 1923 5203 ne
2025 5155 2241 5215 lissima,
2275 5167 2389 5219 quae
2417 5158 2601 5205 cuncta
2623 5147 2941 5200 moderatur.
2975 5141 3077 5189 Iste
3114 5132 3401 5185 deiiciatur
3428 5161 3445 5186 ,
3481 5126 3580 5177 vel

336 5245 664 5305 exaudiant
693 5245 717 5294 3'
742 5242 843 5295 Sed
862 5252 1060 5307 peccata
1089 5247 1246 5292 vestra
1285 5246 1533 5300 separant
1570 5238 1715 5288 inter
1753 5254 1839 5290 vos
1874 5248 1919 5290 et
2024 5245 2316 5297 delectatur
2343 5243 2391 5293 in
2421 5238 2754 5293 multitudine
2777 5230 2941 5297 pacis.

349 5341 571 5393 Deum.
599 5331 703 5386 Sed
732 5341 785 5384 cl
827 5306 893 5382 ait
922 5330 1064 5381 ἰιιίιξο
1109 5333 1359 5378 creatur“!
1414 5337 1520 5375 non
1564 5325 1691 5376 sine
1741 5326 1920 5393 aliqua
2094 5331 2143 5381 7.
2178 5327 2471 5382 Observobit
2502 5318 2961 5391 peccatorjnsttun,
2989 5320 3033 5358 et
3062 5306 3241 5369 fremet
3268 5309 3431 5359 super
3460 5308 3596 5346 eum

2740 5448 2780 5476 9"
2816 5443 2931 5493 lsai.
2959 5454 3041 5491 tux
3066 5475 3078 5493 ,
3108 5435 3126 5482 1
3165 5428 3335 5481 01‘2.“
3364 5424 3519 5493 (Erat.
3561 5438 3606 5493 ξ.

450 5472 502 5501 as
533 5467 672 5520 Gen.
728 5481 764 5517 ι,
860 5463 1317 5543 81-P53|;1£.\'.\’I\lll,
1348 5457 1404 5505 8.
1573 5459 1699 5543 Ρδςιξ
1760 5476 1955 5543 ἕκτη,
1993 5486 1994 5490 η

2064 5504 2099 5543 '.
2177 5454 2626 5543 81:.119C'.x}_‘.'_
2653 5517 2699 5543 II
2740 5454 2780 5476 9”
2802 5454 3041 5543 Βιιῗῗιὶῗξῢῤ
3066 5454 3175 5543 ’κῖ,ι
3354 5454 3608 5543 Eduini:

351 5546 403 5575 aa
449 5500 842 5598 νεξιῖῃὶχὲνι,
879 5500 1014 5584 i7.ou
1043 5529 1081 5558 ’³³
1106 5524 1227 5577 Psal.
1264 5536 1461 5587 xxx”,
1498 5528 1573 5577 ll.
1678 5528 1727 5558 θ’
1758 5528 1886 5581 Matt

2206 5500 2407 5581 ἠ’ῖῖδῖιί.
2440 5500 2617 5579 κίμί,
2653 5517 2728 5567 ll.
2802 5511 2886 5560 θαι
2920 5510 3037 5560 Cor
3080 5515 3158 5559 ει.
3197 5500 3277 5545 αδ.

358 5624 470 5671 \tt,
516 5605 574 5655 7.
2364 5626 2367 5629 ,
