3910 6256
328 309 350 359 -Ι
363 306 464 360 555

1663 306 1752 360 EX
1784 305 2070 362 ORIGENE

3403 259 3440 276 κ

3577 293 3709 340 1350

326 415 563 468 dentibus
594 416 700 466 suis
730 413 799 467 9°.
831 413 983 468 Sicut
1027 415 1166 468 enim
1227 416 1543 472 naturaliter
1586 421 1854 472 contraria
1885 422 1931 479 Α
1959 418 2156 473 habent
2189 427 2245 471 et
2272 424 2645 485 peccatores.
2691 408 2917 465 Sermo
2959 403 3212 473 sagitta
3247 407 3354 455 est
3393 412 3411 452 :
3467 407 3534 452 et
3578 396 3707 466 justi

332 513 457 556 sunt
490 504 578 554 lux
607 513 660 556 et
692 503 943 568 tenebrat,
978 505 1045 557 ita
1072 506 1330 560 contrarii
1360 516 1487 559 sunt.
1524 509 1622 560 sibi
1669 523 1856 575 pecca-

331 603 414 647 tor
446 593 712 660 etjustus.
753 593 818 644 Et
841 594 884 646 si
932 593 1128 649 videris
1175 595 1458 662 aliquando
1491 596 1614 648 odio
1677 596 1855 649 haberi

322 678 548 744 justum,
578 696 680 732 non
705 682 910 734 dubites
933 683 1107 734 dicere
1135 681 1200 734 de
1233 697 1298 735 eo
1335 683 1422 750 qui
1476 684 1589 736 odit
1630 682 1854 748 justmn,

330 769 452 834 quia
481 777 728 836 peccator
764 777 864 823 est.
915 767 969 822 Si
1025 770 1224 823 videris
1251 765 1701 836 persecutionem
1749 771 1857 836 pati

329 869 449 908 eum
485 856 573 927 qui
611 857 744 908 bene
770 857 919 918 vivit,
949 871 1050 910 non
1090 858 1297 911 dubites
1327 858 1504 910 dicere
1551 859 1616 912 de
1649 873 1714 911 eo
1767 858 1858 924 qui

332 941 690 1006 persequitur,
721 941 841 1006 quia
871 957 974 995 non
1011 942 1179 994 solum
1215 953 1464 1009 peccator
1497 952 1613 1006 est,
1638 944 1734 998 sed
1765 960 1859 997 ne-

331 1043 510 1094 quam.
537 1028 848 1082 Observabit
877 1045 1003 1099 ergo
1033 1040 1282 1099 peccator
1307 1034 1537 1098 justum,
1588 1042 1642 1086 et
1671 1034 1856 1088 obser-

330 1131 462 1168 vans
485 1130 602 1168 eum
634 1116 824 1170 fremet
859 1134 1019 1186 super
1049 1134 1167 1173 eum
1221 1123 1474 1175 dentibus
1521 1123 1653 1176 suis.
1707 1122 1857 1188 Quod

329 1208 478 1268 dicit,
513 1207 695 1273 fremet
722 1209 973 1272 dentibus,
1002 1211 1180 1264 neseio
1213 1212 1255 1264 si
1296 1211 1360 1266 de
1382 1213 1683 1266 carnalibus
1721 1213 1858 1268 den-

329 1293 472 1347 tibus
503 1296 867 1361 accipiendum
896 1298 985 1361 sit,
1011 1298 1132 1353 licet
1159 1301 1407 1367 possibile
1456 1303 1530 1357 sit
1559 1301 1722 1358 etiam
1759 1303 1860 1354 hoc

325 1383 440 1436 ﬁeri
474 1399 502 1436 a
533 1394 814 1452 peccatore
841 1388 1094 1442 adversus
1123 1388 1345 1456 justum.
1393 1389 1524 1444 Cum
1565 1390 1860 1443 commina-

325 1479 412 1524 tur
432 1473 500 1534 ei,
529 1488 646 1527 cum
673 1474 797 1527 furit
818 1475 1073 1530 adversus
1096 1492 1237 1540 eum,
1293 1495 1410 1530 cum
1441 1477 1560 1532 silet
1599 1492 1749 1543 voce,
1807 1486 1860 1530 et

324 1563 523 1616 clamat
560 1562 760 1626 lurore,
794 1565 1073 1633 cumjusto
1099 1566 1313 1620 molitur
1339 1568 1587 1627 insidias.
1619 1577 1672 1622 et
1700 1581 1859 1622 omne

323 1653 520 1704 malum
552 1655 825 1720 excogitat
854 1655 1134 1708 adversum
1163 1670 1283 1708 eum
1304 1694 1321 1719 ,
1365 1666 1490 1710 tunc
1518 1657 1679 1710 etiam
1733 1670 1856 1709 cor-

321 1741 577 1809 poraliter
613 1743 929 1811 adimpletur
973 1748 1110 1811 quod
1152 1746 1345 1798 dicitur
1385 1765 1398 1800 :

321 1850 435 1884 eum
487 1833 720 1884 dentibus
759 1835 887 1886 suis.
940 1832 1044 1887 Sed
1093 1849 1214 1888 cum
1263 1837 1375 1890 haec
1426 1837 1552 1890 facit
1612 1849 1860 1905 peccator

323 1922 603 1974 adversum
629 1920 851 1986 justum,
876 1921 1151 1986 Dominus,
1176 1925 1431 1992 inquit”,
1466 1927 1700 1980 irridebit
1716 1945 1854 1992 eum,

319 2015 563 2080 quoniam
590 2013 832 2082 prospicit
853 2017 989 2084 quod
1023 2017 1190 2068 veniat
1225 2017 1335 2068 dies
1358 2017 1487 2083 ejus.
1515 2018 1682 2082 Quem
1713 2021 1855 2074 diem

322 2104 577 2170 prospicit
622 2103 876 2156 Dominus
923 2105 1259 2172 peccatoris?
1314 2104 1460 2160 Illum
1511 2108 1629 2161 sine
1672 2109 1854 2175 dubio,

317 2210 438 2247 cum
470 2195 726 2258 quzrritur
756 2203 1018 2261 peccator,
1053 2205 1105 2247 et
1139 2211 1240 2248 non
1275 2199 1398 2252 erit.

387 2284 440 2339 8.
476 2283 719 2336 Gladium
745 2285 1136 2352 eraginaverunt
1173 2296 1488 2354 peccatores,
1532 2291 1854 2344 tetenderunt

320 2389 499 2425 arcum
525 2390 699 2436 suum,
725 2383 779 2425 ut
809 2374 1055 2440 dejiciant
1092 2375 1294 2442 inopem
1315 2387 1364 2432 et
1386 2381 1713 2446 pauperem‘.
1739 2376 1852 2433 Non

319 2464 456 2529 quod
487 2465 628 2515 οιιίιιί
657 2477 848 2527 genere
873 2473 1180 2530 peccatores
1213 2466 1444 2533 gladium
1473 2467 1703 2521 habeant
1725 2482 1848 2522 cora

322 2549 582 2616 poralem,
614 2551 706 2603 sed
731 2550 1003 2603 videamus
1027 2565 1092 2603 ne
1123 2551 1258 2606 forte
1278 2553 1413 2605 sicut
1448 2561 1572 2606 sunt
1609 2555 1850 2622 quaedam

319 2652 466 2690 arma
503 2637 616 2700 Dei,
645 2638 695 2690 in
730 2637 922 2705 quibus
949 2651 1068 2691 esse
1098 2638 1294 2691 dicitur
1321 2638 1483 2693 lorica
1517 2639 1769 2706 iustitiae,
1799 2648 1852 2694 et

318 2729 521 2794 gladius
571 2729 811 2795 spiritus,
853 2738 907 2781 et
937 2738 1145 2782 scutum
1201 2729 1342 2791 tidei,
1393 2730 1465 2782 ita
1517 2731 1678 2784 etiam
1740 2731 1852 2787 sint

319 2825 470 2869 arma
502 2817 718 2878 diaboli,
757 2817 950 2883 quibus
995 2816 1213 2870 indutus
1246 2826 1327 2872 est
1372 2818 1531 2872 homo
1575 2829 1846 2887 peccator.

314 2905 358 2954 A
413 2902 697 2954 contrariis
760 2903 922 2968 igitur
984 2901 1341 2968 intelligamus
1405 2908 1723 2969 contraria,
1795 2917 1851 2962 et

315 2998 611 3040 statuamus
665 2991 799 3040 duos
853 2990 1046 3043 milites
1092 2999 1358 3051 armatos.
1415 3008 1575 3046 unum
1623 2996 1848 3051 militem

1877 3036 1924 3096 C

1952 507 2166 575 quidem
2216 519 2408 560 sermo
2442 519 2578 556 cum
2631 499 2838 568 arguit
2883 507 2949 549 et
2981 491 3272 559 corrigit
3315 497 3710 556 peccatumst,

1955 597 2101 650 velut
2145 597 2358 664 sagitta
2410 593 2760 661 compungit
2794 600 2856 643 et
2893 586 3263 640 transforat
3302 594 3422 635 cor
3454 578 3607 645 eius,
3659 587 3717 632 ut

1955 694 2310 738 convertatur
2341 684 2416 736 ad
2447 681 2864 751 paenitentiam
2905 686 2972 728 et
3005 673 3336 727 salvetur.
3383 669 3601 722 Sermo
3627 682 3718 719 an-

1960 783 2064 828 tem
2093 774 2408 842 peccatoris
2433 781 2526 826 est
2564 771 2795 823 habens
2836 777 3174 820 venenum
3210 769 3279 813 et
3312 757 3625 826 sagittans
3657 771 3717 810 ac

1957 865 2255 918 vulnerans
2276 878 2428 922 eum,
2451 863 2548 930 qui
2577 876 2694 914 non
2721 867 2817 913 est
2848 856 3055 910 annis
3085 854 3206 907 Dei
3238 850 3548 904 munitus.
3569 846 3720 900 Tunc

1957 955 2103 1009 enim
2144 953 2315 1007 verba
2378 952 2716 1019 iniquorum
2778 945 3148 1016 praevalent
3199 943 3553 994 adversum
3599 954 3716 1001 nos,

1957 1059 2082 1098 cum
2119 1044 2306 1096 minus
2345 1052 2515 1096 caute
2552 1049 2721 1095 scuto
2755 1037 2899 1092 ﬁdei
2947 1034 3482 1090 communimur.
3526 1030 3717 1083 Tem-

1958 1137 2152 1187 derunt
2206 1147 2341 1200 ergo
2382 1147 2574 1185 arcum
2628 1146 2833 1193 suum,
2895 1137 2965 1181 ut
3021 1125 3348 1192 dejiciens
3392 1124 3625 1190 inopen:
3674 1132 3720 1175 et

1959 1239 2242 1292 pauperem
2280 1222 2323 1274 ³.
2373 1221 2580 1275 Sciunt
2632 1227 3031 1288 peccatores,
3089 1215 3258 1282 quia
3316 1229 3444 1266 non
3485 1221 3721 1281 possunt

1959 1313 2200 1381 dejicere
2228 1312 2484 1375 divitem,
2518 1319 2832 1378 prepterea
2891 1319 3118 1374 neque
3165 1302 3452 1356 insidias
3485 1302 3543 1355 ei
3601 1309 3721 1354 ten-

1959 1404 2120 1464 dunt,
2153 1403 2247 1456 sed
2270 1416 2467 1456 omnes
2496 1415 2698 1455 eorum
2731 1397 2981 1452 insidiae
3005 1396 3378 1447 adversum
3409 1407 3719 1459 pauperem

1959 1491 2289 1557 diriguntur,
2328 1491 2478 1544 sicut
2523 1497 2582 1542 et
2635 1487 2775 1541 alibi
2829 1486 3082 1538 dicitur
3120 1483 3177 1546 ⁸,
3218 1482 3378 1550 quia
3412 1481 3721 1533 insidiatur

1958 1581 2091 1633 sicut.
2119 1580 2202 1633 leo
2230 1582 2286 1632 in
2311 1579 2478 1632 cubili
2507 1593 2632 1638 suo,
2660 1576 3004 1628 insidiatur
3036 1583 3110 1626 ut
3141 1575 3362 1642 rapiat
3392 1587 3716 1638 pauperem.

1960 1669 2025 1721 Et
2055 1669 2182 1736 quia
2218 1669 2513 1734 redemptio
2547 1667 2651 1718 uiri
2679 1666 2920 1718 divitis:
2980 1664 3140 1733 ejus
3200 1674 3355 1714 sunt
3397 1662 3452 1723 ⁸,
3509 1675 3721 1729 pauper

1459 1745 1660 1798 nem“
1707 1761 1859 1812 ηραν
1889 1736 1931 1790 Β
1961 1765 2140 1810 autem
2169 1755 2402 1808 sull'erre
2426 1771 2536 1809 non
2565 1755 2718 1808 valet
2758 1756 2997 1817 minas,
3033 1753 3199 1806 ideo
3237 1751 3478 1806 divites
3513 1750 3720 1804 eﬂieia-

1961 1861 2084 1898 mur
2105 1846 2157 1898 in
2178 1845 2517 1912 spiritalibus
2547 1847 2742 1906 bonis,
2770 1845 2832 1896 id
2868 1851 2973 1897 est
3014 1845 3086 1896 in
3122 1843 3312 1896 omni
3343 1843 3560 1903 verbo,
3589 1851 3645 1895 et
3669 1842 3717 1895 in

1961 1933 2114 1986 omni
2162 1934 2418 1994 scientia,
2454 1934 2509 1986 in
2541 1933 2824 2001 operibus
2861 1931 3097 1996 bonis,
3149 1932 3550 2000 abjicientes
3577 1933 3714 1987 divi-

1963 2022 2065 2074 tias
2095 2023 2328 2090 peccati,
2390 2023 2818 2090 prospicientes
2875 2037 3012 2075 non
3081 2037 3166 2076 ea
3227 2036 3380 2090 qua
3430 2023 3715 2086 videnlur,

1958 2113 2052 2166 sed
2074 2126 2135 2165 ea
2161 2126 2281 2178 quze
2299 2127 2406 2165 non
2431 2113 2719 2165 videntur.
2749 2110 2903 2176 Quae
2922 2112 3114 2166 enim
3140 2111 3460 2166 videntur
3485 2113 3713 2174 divitia,

1956 2199 2285 2268 temporales
2318 2211 2474 2264 sunt;
2521 2215 2650 2269 qua:
2684 2211 2896 2256 autem
2929 2216 3069 2255 non
3109 2202 3456 2269 videntur,
3489 2215 3714 2256 aeterna:

1955 2299 2102 2343 sunt.
2140 2289 2208 2342 Et
2239 2289 2288 2343 si
2322 2290 2377 2342 in
2412 2290 2618 2344 talibus
2651 2290 2891 2344 divitiis
2936 2291 3387 2359 ditescimus,
3423 2291 3710 2348 vulnerari

1955 2379 2166 2446 sagittis
2197 2395 2304 2433 non
2348 2395 2646 2448 possumus
2694 2391 3164 2448 peccatorum.
3229 2384 3709 2454 Restinguentur

1953 2468 2098 2520 enim
2147 2477 2303 2522 scuto
2349 2468 2502 2533 ﬁdei,
2548 2484 2652 2538 per
2684 2468 3014 2525 Christum
3067 2474 3434 2528 Dominum
3497 2487 3558 2530 et
3589 2473 3711 2530 Sal-

1953 2566 2194 2609 vatorem
2241 2565 2513 2622 nostrum,
2569 2558 2664 2610 cui
2716 2567 2813 2611 est
2885 2558 3113 2627 gloria
3152 2571 3229 2616 et
3273 2562 3604 2630 imperium
3653 2563 3707 2616 in

1952 2643 2146 2697 saecula
2176 2643 2525 2699 sazculorum.
2558 2645 2772 2700 Amen.

2534 2754 2845 2812 HOMILIA
2893 2758 3004 2814 Ill.

1955 2840 2032 2894 De
2062 2842 2242 2896 eodem
2272 2842 2500 2906 psalmo,
2534 2846 2601 2897 ab
2629 2845 2733 2897 illa
2769 2859 2951 2914 parte
2981 2850 3011 2880 ⁶
3047 2868 3067 2902 :
3116 2869 3141 2902 ‹
3184 2850 3491 2909 Gladium
3523 2856 3699 2924 engi-

2411 2925 2676 2966 noverunt
2729 2930 3132 2982 peccatores.
3174 2941 3198 2972 ι

2027 2999 2078 3052 1.
2104 2998 2400 3066 Superiore
2429 3009 2671 3055 tractatu
2702 3003 3094 3062 dicebamus
3135 3012 3443 3079 quaedam
3487 3013 3559 3068 de
3587 3013 3701 3083 gla-

312 3079 468 3147 663
508 3079 618 3139 Dei,
672 3079 893 3130 alterum
931 3079 1148 3133 militem
1193 3079 1410 3133 diaboli.
1449 3081 1512 3134 Et
1539 3085 1583 3136 si
1631 3086 1848 3153 quidem
1879 3079 1924 3096 “’
1953 3087 2042 3141 dio
2073 3097 2282 3142 etarcu
2319 3099 2703 3156 peccatorum,
2755 3103 2820 3147 et
2866 3097 3091 3155 armis
3139 3099 3290 3168 Dei,
3327 3112 3393 3158 et
3415 3105 3555 3174 quia
3586 3079 3698 3160 oru-

317 3168 467 3219 miles
494 3165 584 3218 Dei
625 3165 783 3220 habet
822 3167 1036 3221 loricam
1060 3167 1300 3234 iustitiae,
1339 3168 1456 3223 sine
1483 3170 1646 3227 dubio
1699 3177 1853 3231 miles

315 3255 508 3308 diaboli
542 3256 865 3309 contrariam
892 3257 1016 3311 huic
1039 3258 1175 3326 gerit
1203 3258 1476 3326 injustitite
1503 3261 1744 3317 loricam.
1786 3265 1853 3319 Et

313 3346 355 3398 si
400 3346 548 3398 miles
603 3345 689 3397 Dei
724 3346 774 3398 in
823 3345 969 3414 galea
1019 3347 1208 3401 salutis
1247 3357 1510 3412 coruscat,
1547 3354 1850 3410 econtrario

311 3443 566 3501 peccator
591 3435 677 3498 qui
702 3443 784 3487 est
812 3435 964 3488 miles
997 3436 1214 3502 diaboli,
1245 3437 1391 3504 galea
1423 3440 1739 3506 perditionis
1767 3443 1850 3496 in-

312 3524 468 3573 dutus
492 3531 590 3576 est.
623 3522 684 3574 Et
713 3525 757 3576 si
784 3523 952 3589 parati
981 3533 1104 3577 sunt
1130 3524 1291 3591 pedes
1323 3527 1504 3580 militis
1536 3527 1733 3584 Christi
1780 3532 1845 3584 ad

311 3608 580 3675 Evangelii
638 3625 851 3664 cursum
914 3621 967 3665 et
1017 3615 1480 3678 praedicationem,
1540 3621 1846 3676 econtrario

311 3700 604 3765 peccatoris
639 3703 796 3767 pedes
833 3702 1080 3754 velociter
1117 3713 1337 3757 currunt
1369 3706 1436 3757 ad
1471 3705 1843 3763 cil'uudendum

311 3789 645 3854 sanguinem,
688 3799 743 3842 et
787 3791 1143 3844 calceameuta
1167 3794 1301 3860 ejus,
1338 3794 1439 3849 hoc
1464 3805 1544 3850 est
1573 3812 1841 3866 praepara-

313 3877 408 3939 tio,
438 3878 825 3931 concinnantur
861 3879 925 3931 ad
962 3880 1180 3934 malum.
1206 3881 1376 3936 Habet
1403 3899 1532 3951 ergo
1565 3887 1719 3942 miles
1751 3889 1841 3943 Dei

311 3964 790 4031 scutumqnoddam
821 3966 963 4028 lidei,
995 3966 1152 4020 habet
1173 3975 1228 4020 et
1251 3969 1402 4022 miles
1433 3972 1628 4026 diaboli
1658 3975 1843 4029 inlide-

312 4050 481 4104 litatis
501 4061 728 4107 scutum.
761 4053 831 4106 ita
861 4069 988 4122 ergo
1019 4064 1102 4108 est
1129 4054 1333 4123 gladius
1365 4060 1579 4126 quidam
1608 4062 1843 4128 Spiritus

311 4141 481 4190 sancti
517 4141 566 4190 in
600 4142 682 4194 his
715 4142 802 4208 qui
835 4141 1064 4195 militant
1093 4143 1227 4207 Deo;
1253 4154 1334 4197 est
1361 4156 1537 4199 arentem
1567 4157 1617 4200 et
1636 4149 1843 4215 gladius

307 4225 520 4293 maligni
567 4230 618 4280 in
651 4230 732 4282 his
756 4232 844 4294 qui
874 4231 1099 4285 militant
1128 4247 1361 4300 peccato,
1397 4251 1554 4303 quem
1607 4237 1839 4305 gladium

308 4316 588 4382 cvaginare
616 4333 758 4372 nunc
799 4321 1047 4375 dicuntur
1074 4333 1402 4390 peccatores.
1434 4327 1710 4391 Quomodo
1738 4343 1837 4382 au-
1870 4349 1913 4403 ι)
1942 4335 2076 4389 ritus
2100 4340 2238 4406 quod
2268 4316 2346 4393 cit
2370 4343 2587 4398 uerbum
2624 4347 2754 4414 Dei,

310 4411 414 4454 tcm
471 4406 685 4469 putandi
721 4417 842 4457 sunt
889 4418 1192 4474 peccatores
1235 4415 1520 4482 evaginare
1567 4415 1838 4484 gladium?

309 4492 440 4542 Dum
479 4491 588 4557 jam
629 4492 962 4557 impudenter
1006 4504 1058 4547 et
1103 4497 1302 4562 absque
1349 4502 1454 4556 ullo
1506 4506 1836 4558 verecundia:

304 4579 604 4632 velamento
654 4579 956 4644 iniquitates
1007 4596 1131 4637 suas
1177 4598 1506 4654 perpetrant,
1557 4607 1654 4646 nec
1707 4608 1834 4646 eru-

303 4666 548 4728 bescunt,
577 4681 641 4718 ac
670 4677 1000 4732 reverentur,
1036 4685 1133 4724 nec
1155 4680 1405 4741 tanquam
1437 4679 1489 4731 in
1524 4681 1714 4748 vagina
1738 4697 1835 4735 ne-

303 4752 526 4820 quitiam
555 4768 703 4806 suam
747 4755 1035 4809 recondunt
1066 4767 1118 4808 et
1153 4769 1461 4828 contegunt,
1492 4770 1584 4820 sed
1607 4770 1834 4836 superbo

300 4851 355 4896 et
383 4842 522 4897 elato
552 4842 742 4910 spiritu
783 4841 927 4894 velut
971 4841 1201 4908 gladium
1232 4853 1510 4912 quemdam
1539 4856 1830 4909 denudaut.

303 4931 561 4985 Similiter
581 4933 740 4984 etiam
773 4931 899 4985 illud
929 4934 1068 4999 quod
1097 4935 1334 4999 sequitur
1366 4953 1647 5007 peragunt,
1675 4944 1729 4998 id
1749 4954 1835 5000 est

297 5023 622 5074 intenderunt
653 5036 830 5073 arcum
859 5036 1030 5073 suum.
1056 5019 1160 5072 Sed
1181 5032 1235 5073 et
1257 5023 1384 5090 justi
1410 5027 1834 5098 habentarcum,

301 5109 497 5162 habent
523 5120 578 5162 et
608 5111 848 5178 sagittas.
874 5109 1108 5176 Denique
1137 5117 1191 5161 et
1221 5125 1324 5162 una
1359 5114 1553 5181 sagitta
1598 5119 1832 5185 ipsorum

301 5205 380 5246 est
410 5199 661 5251 Dominus
695 5198 873 5262 .lesus,
921 5199 1034 5266 ipse
1061 5198 1199 5252 enim
1232 5201 1306 5254 ait
1351 5203 1412 5254 ἐ
1445 5204 1508 5256 Et
1552 5213 1720 5273 posuit
1754 5228 1838 5267 me

301 5286 431 5338 sicut
460 5292 700 5357 sagittam
746 5292 979 5350 electam.
1025 5294 1234 5350 Habent
1268 5311 1396 5366 ergo
1421 5299 1547 5366 justi
1589 5309 1839 5374 sagittas,

371 5475 415 5506 ”
449 5478 792 5552 Esai.xxxvr,
828 5488 915 5540 12.
991 5491 1036 5522 9°
1064 5491 1286 5546 ibid.l3.
1361 5501 1379 5532 ί
1413 5495 1538 5549 ibid.
1576 5499 1662 5552 Η.

308 5553 426 5604 χιιι,
454 5546 504 5596 8.
580 5550 600 5579 ⁸
626 5546 978 5620 Psahxxxvr,
1012 5558 1103 5631 μ.
1176 5561 1194 5590 ⁷
1227 5561 1418 5629 Ephes.
1450 5546 1634 5628 valli

1951 3197 2047 3236 nes
2074 3183 2324 3238 homines
2351 3186 2550 3238 armati
2583 3195 2751 3254 sunt;
2808 3200 2878 3245 et
2932 3198 3129 3262 quod
3171 3199 3465 3254 diximus
3512 3216 3699 3256 omnes

1950 3273 2216 3334 homines.
2264 3289 2409 3328 nunc
2444 3275 2709 3342 adjiciam
2761 3283 2933 3348 quod
2975 3285 3209 3342 defuit
3261 3294 3694 3361 superioribus,

1949 3360 2000 3412 id
2026 3369 2108 3415 est
2129 3363 2179 3415 hi
2209 3377 2401 3418 omnes
2432 3364 2528 3432 qui
2570 3380 2825 3432 peccare
2849 3369 2995 3436 jam
3039 3360 3364 3442 possunt,
3399 3381 3495 3434 vel
3529 3383 3696 3435 absti-

1949 3464 2078 3504 nere
2104 3465 2138 3502 a-
2170 3455 2428 3519 peccatis.
2461 3454 2713 3510 Infantes
2740 3460 2919 3513 enim
2951 3479 3189 3533 neque
3227 3469 3346 3523 Dei
3384 3486 3556 3524 arma
3589 3483 3694 3524 Ira-

1948 3549 2096 3593 ctare
2133 3551 2382 3608 possunt,
2408 3559 2589 3613 neque
2619 3562 2788 3601 arma
2819 3550 3112 3612 diaboli.
3152 3558 3230 3612 Si
3282 3563 3396 3631 qui
3429 3573 3623 3616 autem
3645 3563 3694 3614 in

1947 3631 2114 3684 verbo
2142 3640 2192 3684 et
2221 3641 2350 3686 actu
2381 3643 2438 3686 et
2463 3637 2823 3704 cogitatione
2857 3657 3160 3706 possunt
3188 3651 3334 3717 jam
3367 3657 3532 3709 scire
3556 3655 3694 3723 quod

1948 3727 2150 3814 rectum
2173 3729 2276 3785 est,
2299 3729 2357 3775 et
2379 3723 2557 3778 vitare
2591 3729 2748 3793 quod
2793 3740 3226 3794 contrarium
3272 3753 3403 3808 est,
3437 3747 3551 3814 ipsi
3576 3757 3697 3800 sunt

1945 3807 2038 3872 qui
2060 3809 2542 3907 dicuntur-omnes
2571 3815 2788 3873 habere
2825 3835 3048 3892 arma,
3081 3841 3154 3884 et
3187 3833 3246 3887 si
3289 3807 3544 3904 quidem
3575 3854 3696 3907 pec-

1944 3902 2094 3956 cant,
2150 3896 2352 3951 diaboli
2385 3915 2542 3988 artua
2581 3903 2806 3960 habent
2861 3921 2932 3964 et
2995 3896 3430 3988 iniquitatis;
3489 3929 3537 3981 si
3571 3896 3696 3981 vero

2123 3992 2334 4086 agtt‘mt,“
2361 3987 2532 4040 armis
2570 3989 2674 4086 Dei
2705 3991 3019 4055 dicentur
3063 3987 3316 4065 induti.
3353 3987 3533 4082 Quod
3564 4032 3693 4086 ergo

1943 4067 2122 4122 dixit:
2175 4071 2426 4126 Gladium
2472 4081 2926 4147 euaginavcrunt
2987 4067 3695 4169 ρειεεςαιονεεῒλειειιιῗεζ

1943 4166 2066 4209 runt
2089 4174 2272 4212 arcum
2299 4179 2479 4227 suum,
2501 4167 2897 4235 explauantes
2927 4180 3335 4246 dicebamus
3376 4166 3690 4250 secundum

1941 4246 2255 4352 A-postolum
2281 4254 2376 4320 qui
2405 4255 2545 4352 di-xit
2578 4273 2610 4309 ιι
2633 4267 2979 4352 contrariis
3007 4272 3032 4301 ν
3076 4292 3093 4327 :
3130 4275 3224 4329 Et
3273 4246 3691 4352 ςιαᾶεκξιῖ

2183 4355 2243 4441 sa.
2268 4355 2346 4393 est
2370 4355 2587 4398 uerbum
2624 4355 2754 4414 Dei,
2790 4355 2942 4424 quia
2986 4376 3434 4429 peccatorum
3472 4376 3692 4444 gladius

1945 4436 2096 4535 esset
2117 4435 2446 4535 spiritusqui
2477 4435 2532 4535 iu
2563 4437 2705 4535 ipsis
2741 4455 2837 4498 est
2865 4462 3190 4521 nequam,
3227 4465 3349 4530 qui
3383 4435 3505 4519 eo;
3523 4469 3692 4535 ἱηςρὶ-

1946 4519 2322 4627 ῗιιιιιάἕειιιιι
2349 4524 2734 4627 blasphemiae,
2770 4545 2833 4589 et
2885 4519 3300 4620 iniquitatis,
3342 4567 3410 4610 et
3443 4519 3688 4627 turpius.

1943 4603 2114 4704 diuis.
2140 4607 2305 4666 Verbi
2333 4630 2519 4679 causa.
2552 4619 2600 4672 si
2651 4623 2862 4681 videas
2912 4603 3689 4704 εοὶιιειθεξιιξξξξιζῖιῖξο

1945 4697 2008 4746 iu
2061 4697 2524 4796 disputationibus
2578 4697 2964 4783 dimicantes,
3015 4736 3081 4779 et
3125 4697 3686 4796 diversas-contra

1943 4794 2010 4837 se
2070 4789 2308 4848 invicem
2357 4795 2669 4864 impietates
2721 4802 3072 4868 dialectica:
3149 4789 3682 4884 εισιίςτῖεξξξᾷίξ

1945 4885 2292 4992 istruentes,
2317 4898 2470 4958 potes
2503 4897 2634 4941 tunc
2665 4891 2866 4949 dicere
2885 4914 3378 4979 competenter,
3404 4922 3549 4989 quia
3568 4922 3683 4992 gla-

1947 4965 2120 5078 dium
2150 4981 2568 5052 evaginaverunt
2588 4995 2951 5048 peccatores.
2988 4965 3115 5051 sed
3139 5016 3212 5055 et

1953 5054 2173 5156 fidelis,
2201 5072 2250 5127 si
2288 5073 2426 5132 forte
2448 5078 2724 5126 certamen
2753 5075 2898 5130 mihi
2934 5082 3017 5135 sit
3053 5054 3216 5144 cum

1955 5145 2324 5259 iracundiam
2356 5169 2694 5238 provocatus,
2731 5165 2955 5234 abiecta
2991 5145 3510 5244 niansuetuiline

1962 5234 2165 5307 feram
2193 5234 2603 5318 verba-furiosa.
2646 5261 2705 5307 et
2752 5255 3016 5313 spiritum
3055 5234 3676 5342 mendaciis,vclrl;-

1965 5335 2162 5400 midis
2212 5354 2589 5420 venenatisque
2639 5349 2988 5405 sermonibus
3039 5367 3349 5431 relegam
3374 5406 3398 5434 ,
3446 5335 3678 5426 vines-ito

1743 5509 1848 5570 ,ιε

2183 5560 2242 5619 Ξ,
2319 5562 2713 5625 »Ρεθ1.ιχιγι,
2741 5550 2829 5608 ιι.
2902 5549 3106 5609 ⁸Ρεει1.
3143 5573 3214 5629 x,
3262 5564 3332 5620 9.
3423 5572 3450 5604 ι
3494 5570 3667 5626 Prov.
