3910 6270
945 387 1254 444 SELECTA
1284 387 1352 445 IN
1377 387 1710 447 PSALMOS.
1748 420 1818 431 —-
1852 389 2081 447 HOMIL.
2117 392 2182 446 111
2219 389 2286 444 ΙΝ
2326 381 2521 442 PSAL.
2559 383 2790 448 XXXVI.

319 441 420 505 ets
449 459 477 508 t

3316 391 3452 447 1358

35 449 268 596 “541/
293 449 574 596 ιὲἒιὶξίῐι
851 511 1122 565 peccator
1145 505 1454 574 evaginasse
1474 506 1704 576 gladium
1737 507 1817 562 di-
1845 511 1891 566 Α
1918 523 2010 562 nes
2033 509 2273 576 pessima
2301 525 2314 561 :
2352 520 2416 560 os
2445 517 2573 556 vero
2597 519 2658 560 ac
2688 492 2822 560 labia
2843 519 3032 562 eorum
3059 520 3213 560 arcus
3235 507 3446 573 quidam

481 563 550 662 ξ’-
594 569 821 662 ιςῑίιυι·
889 591 1128 655 primum
1172 601 1256 646 est
1283 606 1349 646 ne
1379 593 1578 648 habere
1607 596 1819 662 quidem

483 654 710 714 ecca“
737 682 761 728 ς
832 682 1138 734 secundum
1185 695 1314 735 vero
1349 690 1432 734 est
1480 683 1663 737 saltem
1708 699 1816 738 non

651 788 670 813 ει
701 762 824 813 sed
851 770 1150 822 rerondere
1169 771 1220 824 in
1243 774 1429 839 vagina
1456 789 1572 827 sua.
1596 772 1652 825 Si
1677 773 1818 825 enim

293 844 673 936 ,νξέξτῖξῗξτ
711 844 1039 936 gladiusde
1056 858 1261 924 vagina,
1287 873 1455 926 neque
1487 869 1816 921 exerceatur,

161 917 334 1012 Ῐὲχβ
362 917 496 975 θυῖε
543 920 919 992 ὒὶὶὶιιιιύἰιιιν
959 953 1012 995 ει
1033 917 1266 1011 aerugine
1297 917 1645 1010 consumitur,
1675 957 1727 999 et
1773 917 1816 1000 si

183 1017 428 1108 seaﬂ’.“
464 1021 663 1108 θεεὲεὶ
713 1026 792 1077 ab
837 1043 1005 1096 opere
1031 1033 1486 1086 exterminabitur.
1516 1034 1624 1086 Hoc
1677 1034 1816 1086 enim

215 1105 497 1171 “molitus
515 1105 696 1162 etiam
727 1115 1046 1184 pollicetur,
1067 1131 1122 1174 ut
1142 1127 1453 1177 exterminet
1475 1123 1814 1188 romphaam,

245 1203 309 1254 ιη)
327 1204 409 1252 est
431 1209 761 1266 peccatum,
805 1207 880 1259 ita
916 1221 972 1261 ut
998 1209 1135 1264 ultra
1163 1212 1272 1280 jam
1305 1227 1412 1266 non
1449 1213 1513 1264 sit
1548 1219 1812 1277 peccator.

243 1289 360 1342 Sed
387 1289 431 1342 si
478 1289 708 1356 quidem
744 1296 899 1348 verbi
949 1298 1038 1350 Dei
1083 1301 1428 1365 pravenimus
1457 1301 1554 1353 hoc
1579 1313 1732 1364 opus,
1764 1307 1816 1350 et

237 1379 304 1432 in
340 1379 446 1432 hac
485 1378 606 1432 vita
641 1383 801 1449 positi
835 1385 1096 1440 faciamus
1124 1388 1175 1440 in
1206 1388 1358 1442 nobis
1389 1389 1604 1441 interire
1625 1403 1812 1454 pecca-

227 1477 382 1530 tum,
419 1478 489 1520 ut
526 1485 804 1538 nunquam
834 1475 1056 1526 omnino
1083 1491 1112 1528 a
1145 1477 1318 1541 nobis,
1359 1492 1527 1544 neque
1550 1492 1642 1545 per
1675 1479 1815 1545 cogi-

222 1569 283 1610 ta
295 1560 554 1625 tionem,
580 1575 760 1626 neque
779 1576 870 1625 per
890 1578 1043 1629 opus,
1070 1579 1237 1631 neque
1259 1579 1351 1632 per
1375 1568 1592 1619 verbum
1615 1569 1810 1633 peccati

199 1647 454 1715 gladius
516 1650 855 1716 proferatur,
915 1668 1016 1704 non
1066 1653 1418 1721 indigebimus
1468 1669 1635 1720 pana
1678 1656 1813 1722 ignis

193 1736 453 1798 :eterni,
499 1753 616 1791 non
650 1740 884 1792 tenebris
927 1740 1282 1794 exterioribus
1315 1743 1809 1805 condemnabimur,

1923 607 2026 660 est,
2075 611 2180 664 quo
2223 595 2441 648 dilatato
2491 602 2650 662 atque
2703 598 2930 650 distento
2978 599 3230 652 venenati.
3271 599 3448 652 cordis

1923 683 2120 750 spicula
2149 683 2437 749 jactantur.
2463 679 2612 745 Quod
2643 692 2816 734 autem
2844 683 2920 735 ait
2957 685 3010 736 in
3032 687 3267 749 obscuro,
3298 700 3446 738 eoin-

1922 783 2163 840 petenter
2199 772 2396 826 dictum
2423 779 2522 822 est.
2562 768 2678 824 Non
2717 773 2858 824 enim
2886 775 2972 825 isti
3010 774 3139 826 tales
3173 775 3225 826 in
3257 775 3363 836 die,
3392 774 3444 826 id

1922 873 2003 916 est
2032 863 2083 913 in
2109 862 2223 913 luce
2252 860 2343 914 Dei
2373 860 2640 924 incedunt,
2672 862 2763 914 sed
2798 862 2849 914 in
2880 861 3116 916 tenebris
3145 864 3442 924 ambulant,

1921 959 1972 1002 et
2004 950 2052 1000 in
2081 948 2400 1002 obscuritate
2443 948 2654 1002 malitia
2708 959 2865 1016 atque
2908 950 3215 1016 ignorantia
3262 951 3446 1002 delite-

1921 1048 2092 1094 scunt.
2119 1037 2265 1102 Quod
2306 1047 2482 1090 autem
2532 1038 2784 1105 sagittam
2833 1049 3006 1090 rectos
3045 1039 3236 1102 corde,
3271 1039 3319 1090 id
3363 1047 3444 1091 est

1908 1127 2184 1192 Isimplices
2207 1137 2258 1178 et
2281 1127 2580 1192 ignorantes
2598 1125 2826 1177 malitias
2853 1138 2998 1179 suas.
3023 1122 3126 1177 Sed
3152 1137 3276 1191 puto
3301 1124 3444 1190 quod

1921 1216 2006 1268 hic
2065 1230 2239 1267 sermo
2277 1229 2378 1266 non
2435 1224 2539 1266 tam
2595 1214 2657 1265 de
2705 1213 3005 1268 hominibus
3051 1214 3441 1280 peccatoribus,

1918 1319 2072 1371 quam
2102 1305 2168 1356 de
2199 1303 2477 1356 contrariis
2516 1304 2860 1370 potestatibus
2903 1303 3138 1355 dicatur.
3187 1302 3292 1354 Illa
3317 1311 3443 1354 sunt

1917 1389 2078 1448 enim,
2119 1403 2236 1456 qua
2264 1389 2314 1440 in
2340 1389 2563 1440 obscuro
2600 1389 2853 1457 sagittant
2879 1398 3050 1442 rectos
3091 1391 3270 1441 corde.
3312 1387 3443 1442 Pro-

1916 1486 2094 1544 pterea
2132 1492 2259 1544 ergo
2286 1477 2370 1528 die
2399 1486 2660 1544 noctuque
2693 1478 2909 1544 vigilent
2935 1479 2984 1531 hi
3017 1479 3107 1544 qui
3144 1489 3288 1532 recto
3317 1488 3444 1534 sunt

1917 1566 2096 1628 corde,
2134 1567 2256 1632 quia
2301 1565 2374 1617 illi
2412 1567 2625 1634 quidem
2669 1575 2991 1632 paraverunt
3037 1568 3276 1634 sagittas.
3325 1565 3441 1622 Non

1916 1655 2294 1720 dixit,jaculati
2317 1665 2456 1715 sunt,
2473 1656 2561 1707 sed
2574 1665 2884 1722 paraverunt
2899 1657 3146 1721 sagittas;
3165 1671 3265 1708 non
3287 1657 3442 1723 sagit.

1918 1750 2096 1795 larunt
2119 1757 2290 1811 neque
2320 1743 2750 1806 vulneraverunt,
2783 1746 2872 1797 sed
2905 1753 3087 1811 parant
3119 1759 3176 1797 se
3203 1754 3257 1796 nt
3286 1746 3442 1812 sagit-

185 1839 414 1892 neque
473 1824 597 1878 illis
633 1827 912 1894 suppliciis
967 1843 1084 1895 qua
1121 1831 1500 1896 peccatoribus
1535 1832 1808 1884 imminent
1841 1824 1882 1880 Β
1911 1840 2038 1884 ιειιι.
2072 1829 2226 1882 Vides
2257 1845 2352 1882 nos
2393 1839 2673 1897 antequam
2718 1831 3055 1883 vulnerentur
3091 1833 3438 1894 commoneri,

181 1915 697 1984 subjacebimns.
756 1915 812 1970 Si
853 1932 979 1970 vero
1023 1919 1073 1970 in
1125 1919 1224 1972 hac
1271 1921 1377 1972 vita
1423 1924 1812 1974 contemnimus

172 2005 669 2058 commonentis
698 2020 794 2058 nos
824 2006 1014 2059 divina
1040 2007 1326 2074 Scriptura
1352 2011 1531 2070 verba,
1563 2019 1615 2062 et
1633 2011 1807 2064 curari

171 2093 292 2145 vel
335 2094 662 2148 emendari
698 2095 814 2161 ejus
842 2097 1266 2160 correptionibus
1311 2097 1576 2159 nolumus,
1605 2111 1808 2151 certum

169 2190 294 2234 est.
339 2182 497 2248 quia
551 2191 740 2234 manet
771 2198 866 2236 nos
918 2184 1056 2251 ignis
1102 2185 1187 2238 ille
1235 2186 1324 2254 qui
1374 2199 1699 2252 praeparatus
1727 2197 1812 2241 est

173 2270 668 2336 peccatoribus,
693 2281 747 2322 et
773 2271 1048 2324 veniemus
1081 2274 1147 2325 ad
1176 2274 1322 2326 illum
1351 2274 1513 2344 664
1540 2276 1710 2342 ignem
1755 2277 1806 2329 in

171 2373 329 2425 quo
371 2359 820 2426 uniuscujusque
873 2375 998 2425 aptis
1043 2359 1197 2426 quale
1229 2362 1294 2412 sit
1337 2363 1470 2428 ignis
1507 2364 1738 2428 probabit
1763 2364 1804 2415 ⁸.

175 2448 308 2512 Et,
337 2455 408 2499 ut
445 2460 567 2512 ego
599 2446 854 2506 arbitror,
900 2459 1086 2498 onmes
1122 2461 1218 2500 nos
1264 2448 1445 2500 venire
1482 2464 1701 2502 necesse
1727 2457 1809 2502 est

172 2535 274 2586 ad
314 2533 500 2586 illum
557 2533 761 2600 ignem.
803 2532 1023 2584 Etiamsi
1065 2531 1259 2586 Paulus
1285 2533 1354 2586 sit
1386 2535 1574 2599 aliquis
1609 2535 1686 2586 vel
1719 2535 1811 2588 Pe-

179 2630 366 2682 trus,
402 2625 582 2674 venit
619 2628 793 2672 tamen
821 2619 885 2670 ad
918 2619 1066 2672 illum
1100 2619 1291 2686 ignem.
1324 2619 1425 2672 Sed
1455 2622 1527 2673 illi
1557 2625 1687 2675 tales
1708 2639 1805 2674 au-

178 2706 388 2759 diunt
418 2724 438 2761 :
474 2705 719 2758 Etiamsi
737 2722 826 2772 per
847 2707 1010 2773 ignem
1040 2715 1294 2766 transeas,
1325 2707 1532 2771 [lamina
1577 2725 1675 2762 non
1719 2711 1810 2762 ad-

185 2807 342 2848 seret
375 2805 434 2848 te
462 2797 517 2846 ’.
555 2793 616 2848 Si
647 2809 773 2848 vero
789 2795 979 2862 aliquis
999 2794 1186 2848 similis
1209 2795 1310 2847 mei
1327 2805 1574 2861 peccator
1601 2798 1688 2859 sit,
1716 2811 1806 2849 ve-

188 2885 346 2936 niet
370 2884 624 2952 quidem
655 2886 724 2935 ad
749 2884 922 2952 ignem
956 2882 1102 2936 illum
1129 2882 1266 2935 sicut
1296 2882 1483 2936 Petrus
1511 2893 1565 2936 et
1595 2885 1802 2947 Paulus,

187 2974 323 3028 sed
381 2988 511 3026 non
562 2973 647 3024 sic
697 2971 915 3023 transiet
971 2971 1110 3023 sicut
1162 2969 1348 3024 Petrus
1393 2978 1445 3024 et
1485 2971 1696 3027 Paulus.
1743 2973 1807 3025 Et

190 3059 720 3127 quemadmodum
744 3059 807 3111 ad
823 3057 1060 3111 Rubrum
1079 3072 1224 3111 mare
1237 3070 1494 3112 venerunt
1517 3059 1719 3114 llebrai
1737 3061 1803 3122 “,

194 3158 526 3202 venerunt
568 3155 626 3199 et
675 3145 935 3215 :Egyptii,
960 3147 1050 3200 sed
1097 3146 1299 3202 Hebraei
1330 3149 1539 3216 quidem
1581 3152 1806 3202 transie-

195 3247 361 3289 runt
395 3250 569 3288 mare
595 3233 860 3292 Rubrum.
889 3232 1122 3301 Egyptii
1151 3245 1325 3287 autem
1353 3235 1580 3287 demersi
1607 3243 1727 3287 sunt
1753 3235 1804 3287 in

195 3325 354 3392 ipso
387 3347 400 3379 :
455 3326 571 3377 hoc
606 3322 762 3376 modo
801 3323 962 3376 etiam
994 3338 1090 3376 nos
1125 3323 1169 3376 si
1201 3323 1414 3390 quidem
1445 3322 1679 3390 Egyptii
1713 3339 1804 3376 su-

199 3429 378 3476 mus,
417 3422 484 3466 et
526 3411 806 3480 sequimur
830 3411 1164 3464 Pharaonem
1211 3411 1496 3472 diabolum,
1531 3414 1805 3479 praceptis

198 3503 349 3567 ejus
379 3500 738 3559 obedientes,
770 3499 1136 3563 demergemur
1177 3498 1228 3555 in
1273 3497 1417 3550 illum
1451 3497 1664 3550 fluvium
1694 3499 1805 3554 sive

200 3591 416 3642 lacum
450 3589 702 3654 igneum,
721 3601 843 3639 cum
862 3587 1074 3640 inventa
1096 3586 1290 3640 fuerint
1309 3585 1360 3638 in
1391 3586 1544 3640 nobis
1564 3597 1800 3654 peccata,

198 3692 354 3746 qua
376 3677 513 3729 sine
537 3675 703 3726 dubio
721 3688 784 3726 ex
815 3675 1090 3742 praceptis
1121 3675 1374 3742 elegimus
1400 3674 1712 3729 Pharaonis.
1747 3675 1803 3728 Si

199 3775 418 3818 autem
453 3777 656 3817 sumus
694 3762 924 3826 llebrai,
953 3773 1006 3816 et
1033 3763 1288 3829 sanguine
1324 3764 1444 3832 agni
1475 3764 1800 3818 immaculati

199 3866 428 3903 cturnus
475 3848 765 3914 redempti,
824 3849 867 3902 si
917 3865 1019 3902 non
1061 3858 1333 3916 portamus
1368 3851 1642 3904 nobiscum
1690 3853 1801 3903 fer-

199 3947 492 3991 mentum
551 3937 824 4002 nequitia,
882 3937 1210 4005 ingredimur
1252 3939 1465 4006 quidem
1495 3949 1548 3993 et
1577 3956 1674 3994 nos
1708 3940 1804 3992 ilu-

198 4030 383 4080 vium
422 4027 594 4093 ignis.
649 4025 755 4080 Sed
807 4027 946 4079 sicut
991 4025 1226 4080 llebrais
1266 4038 1382 4081 erat
1428 4043 1564 4096 aqua
1618 4046 1800 4082 murus

196 4118 426 4169 dextra
468 4117 738 4182 lavaqne,
775 4117 846 4166 ita
888 4115 1052 4166 etiam
1084 4115 1224 4182 ignis
1260 4117 1361 4167 erit
1393 4132 1592 4177 murus,
1626 4119 1668 4170 si
1704 4134 1800 4173 nos

199 4205 512 4257 faciamus
543 4203 686 4270 quod
718 4203 782 4255 de
811 4204 918 4256 illis
952 4205 1151 4256 dictum
1179 4215 1281 4265 est,
1315 4207 1436 4271 quia
1463 4207 1801 4261 crediderunt

203 4296 345 4346 Deo
369 4303 431 4345 et
469 4291 644 4360 Moysi
676 4291 878 4343 famulo
912 4291 1043 4356 ejus,
1091 4293 1142 4344 id
1176 4303 1254 4344 est
1288 4293 1390 4361 legi
1429 4295 1544 4360 ejus
1568 4305 1623 4348 et
1650 4311 1799 4348 man-

1913 1927 1966 1970 ut
1995 1934 2090 1972 nos
2120 1921 2185 1971 ab
2224 1919 2432 1970 illorum
2473 1919 2777 1972 vulneribus
2823 1919 3182 1983 defendamus,
3213 1929 3266 1971 et
3293 1920 3438 1973 Omni

1909 2003 2145 2055 custodia
2177 2017 2447 2055 servemus
2468 2018 2559 2054 cor
2600 2013 2856 2056 nostrum.

1976 2092 2028 2143 5.
2065 2091 2193 2142 Volo
2213 2090 2372 2143 etiam
2411 2090 2637 2157 amplius
2657 2091 2852 2158 aliquid
2884 2091 2933 2143 in
2969 2092 3049 2144 his
3085 2091 3211 2144 locis
3234 2092 3436 2159 positus

1907 2180 2134 2246 aperire,
2175 2194 2241 2232 ne
2286 2194 2494 2247 semper
2535 2179 2598 2232 de
2626 2179 2968 2233 inferioribus
3005 2179 3190 2247 loquar
3227 2182 3292 2231 ad
3323 2195 3434 2245 vos,

1906 2266 1997 2318 sed
2031 2265 2313 2332 aliquando
2361 2265 2601 2333 quadam
2633 2265 2792 2316 etiam
2835 2266 3104 2332 superiora
3145 2264 3434 2332 pulse-mus.

1906 2354 2196 2406 Considero
2224 2369 2370 2421 ergo,
2404 2354 2525 2419 quia
2555 2353 2688 2406 sicut
2729 2353 2970 2407 Salvator
2995 2354 3186 2419 sagitta
3216 2363 3294 2405 est
3319 2354 3450 2420 Dei,

1907 2444 2046 2494 sicut
2093 2443 2349 2508 scriptum
2404 2453 2484 2495 est
2524 2442 2564 2472 ¹¹
2605 2457 2620 2493 :
2675 2439 2857 2494 Posuit
2899 2458 2976 2495 me
3024 2444 3154 2494 sicut
3191 2445 3436 2508 sagittam

1905 2531 2155 2594 electam;
2188 2531 2301 2582 sine
2351 2530 2509 2582 dubio
2555 2541 2730 2583 autem
2779 2531 2938 2583 simili
2988 2531 3229 2596 exemplo
3271 2531 3434 2584 etiam

1907 2619 2112 2688 Moyses
2140 2620 2190 2671 in
2217 2633 2320 2684 quo
2346 2619 2550 2672 locutus
2580 2630 2662 2674 est
2696 2621 2856 2680 Dens,
2890 2621 3081 2688 sagitta
3113 2621 3200 2674 Dei
3225 2631 3307 2674 est
3333 2634 3350 2673 :
3379 2630 3434 2674 et

1906 2709 2080 2762 cateri
2106 2709 2373 2777 prepheta
2397 2717 2451 2761 et
2481 2707 2700 2776 apostoli
2731 2708 2950 2773 Christi,
2982 2710 3033 2760 in
3065 2709 3256 2773 quibus
3284 2709 3437 2762 Chri-

1906 2806 2018 2849 stus
2047 2797 2156 2859 ipse
2197 2795 2532 2863 loquebatur,
2566 2805 2770 2848 certum
2800 2805 2881 2848 est
2917 2795 3040 2862 quia
3071 2811 3164 2862 per
3184 2797 3431 2863 sagittam

1905 2881 1997 2934 Dei
2027 2882 2377 2934 vulnerabant
2419 2896 2512 2934 eos
2557 2891 2611 2935 et
2649 2883 3074 2950 compnngcbant
3107 2897 3199 2936 cor
3225 2897 3432 2945 eorum,

1903 2971 2095 3042 quibus
2115 2985 2410 3024 sermonem
2443 2970 2533 3022 Dei
2571 2970 2944 3036 loquebantur,
2977 2970 3044 3022 ita
3074 2979 3130 3021 ut
3152 2970 3202 3024 hi
3241 2970 3330 3036 qui
3370 2969 3435 3022 ab

1908 3058 2036 3125 ipsis
2082 3058 2370 3110 audiebant
2413 3069 2710 3110 sermonem
2762 3056 2874 3119 Dei,
2917 3056 3156 3109 dicerent
3198 3056 3260 3120 ",
3309 3057 3431 3122 quia

1899 3144 2168 3198 Vulnerata
2204 3147 2451 3200 chttritatc
2491 3161 2582 3214 ego
2610 3161 2756 3209 sum;
2798 3147 2875 3197 sic
2910 3160 3094 3198 rursus
3130 3149 3434 3198 econtrario

1906 3236 2172 3302 quomodo
2201 3235 2443 3289 Christus
2473 3245 2549 3288 est
2581 3235 2746 3288 electa
2777 3235 2970 3303 sagitta
3007 3235 3120 3299 Dei,
3144 3235 3222 3288 sic
3247 3244 3299 3286 et
3321 3234 3432 3286 An-

1904 3326 2180 3377 tichristus
2199 3326 2391 3392 sagitta
2431 3325 2648 3376 diaboli.
2687 3323 2748 3375 Et
2776 3325 2912 3376 sicut
2933 3337 3122 3376 omnes
3156 3325 3206 3376 in
3239 3323 3432 3389 quibus

1903 3413 2147 3467 Christus
2190 3413 2394 3466 locutus
2427 3423 2530 3472 est,
2559 3413 2638 3466 vel
2677 3413 2928 3481 loquitur,
2974 3414 3262 3466 secundum
3295 3415 3434 3467 hanc

1902 3505 2305 3560 similitudinem
2333 3504 2602 3570 propheta
2627 3511 2682 3556 et
2703 3503 2925 3569 apostoli
2954 3504 3110 3556 etiam
3145 3504 3243 3572 ipsi
3271 3505 3436 3570 sagit-

1906 3605 1970 3649 ta
2007 3602 2159 3646 erant
2205 3593 2319 3655 Dei,
2376 3601 2431 3645 et
2476 3591 2772 3656 quicunque
2803 3588 2978 3654 justus
3020 3598 3076 3641 et
3120 3590 3433 3654 pradirator

1903 3683 2135 3749 loquitur
2160 3681 2376 3732 verbum
2424 3678 2512 3730 Dei
2539 3678 2604 3730 ad
2631 3679 2853 3730 salutem
2892 3677 3162 3729 hominum
3184 3692 3429 3729 consum-

1902 3769 2170 3828 mandam,
2200 3765 2389 3834 sagitta
2433 3765 2520 3816 Dei
2546 3763 2650 3816 dici
2680 3771 2882 3830 potest:
2917 3763 2987 3815 ita
3016 3773 3068 3816 et
3098 3776 3280 3816 omnes
3303 3777 3430 3829 pec-

1899 3866 2106 3910 catores
2135 3855 2185 3906 in
2223 3855 2411 3920 quibus
2439 3850 2679 3904 diabolus
2709 3849 2962 3916 loquitur,
2997 3851 3199 3914 sagitta
3228 3847 3426 3900 diaboli

1899 3943 1999 3996 dici
2049 3950 2283 4009 possunt.
2309 3939 2363 3993 Si
2390 3939 2598 4008 quando
2627 3953 2752 4006 ergo
2785 3947 2835 3991 te
2866 3937 3058 3990 videris
3092 3951 3184 4004 per
3217 3951 3278 3990 os
3301 3951 3429 4004 pec-

1897 4030 2096 4083 catoris
2127 4029 2334 4094 sagittis
2359 4028 2554 4081 diaboli
2597 4027 2884 4089 vulnerari,
2926 4027 3062 4078 illius
3089 4026 3301 4092 quidem
3329 4025 3432 4078 mi-

1897 4132 2074 4173 serere
2102 4119 2190 4184 qui
2241 4132 2301 4170 se
2331 4119 2392 4168 ad
2431 4119 2531 4170 hoc
2579 4131 2714 4182 opus
2742 4116 2958 4168 exhibet
3002 4115 3214 4168 diabolo
3266 4115 3427 4166 mini~

1896 4221 2065 4262 strum
2105 4224 2118 4259 ε
2154 4217 2206 4259 ιιι
2240 4218 2414 4260 autem
2449 4222 2648 4258 memor
2672 4215 2786 4258 esto
2817 4205 2909 4265 tui,
2939 4213 2988 4256 et
3019 4205 3192 4271 arripe
3221 4213 3434 4256 scutum

1897 4298 2040 4361 ﬁdei,
2078 4307 2135 4348 ut
2189 4296 2361 4365 possis
2403 4296 2454 4347 in
2498 4296 2611 4362 ipso
2650 4294 2831 4347 omnia
2875 4291 2976 4344 tela
3014 4292 3179 4358 ignita
3215 4291 3435 4358 maligni

192 4382 281 4433 da
296 4384 398 4443 tis,
446 4389 504 4432 et
558 4381 639 4432 sic
671 4393 960 4445 sequamur
988 4379 1287 4433 columnam
1337 4381 1474 4448 ignis
1508 4392 1560 4435 et
1599 4382 1800 4436 colum-
1830 4407 1873 4460 ι)
1901 4387 2252 4454 exstinguere.
2286 4383 2396 4436 Non
2430 4382 2596 4436 solum
2626 4391 2800 4433 autem
2830 4380 2880 4432 in
2915 4380 3116 4444 verbis,
3143 4379 3233 4432 sed
3267 4379 3319 4432 in
3347 4379 3396 4430 fa
3411 4407 3433 4436 ο,

195 4485 354 4521 nam
408 4467 596 4521 nubis.
663 4466 783 4518 llac
841 4467 1146 4518 monuimus
1199 4477 1494 4534 repetentes
1548 4473 1798 4538 explana-

192 4561 467 4620 tionem,
519 4555 794 4623 quontodo
839 4554 1073 4622 gladium
1128 4557 1546 4621 evaginaverunt
1605 4575 1791 4626 pecca-

193 4655 402 4701 tores.

282 4734 346 4787 2.
391 4734 506 4787 Sed
538 4749 606 4785 ne
653 4730 788 4782 illud
825 4730 1036 4796 quidem
1073 4731 1240 4783 otiose
1268 4733 1646 4785 transeundum
1692 4745 1796 4801 est,

186 4825 364 4892 quod
401 4824 576 4874 etiam
615 4819 912 4871 tetendisse
943 4819 1191 4869 dicuntur
1220 4834 1395 4870 arcum
1429 4834 1623 4874 suum:
1653 4827 1794 4888 quod

183 4930 322 4966 non
362 4912 484 4978 jam
527 4908 878 4975 appositione
915 4909 1168 4960 contrarii
1215 4910 1348 4961 sicut
1377 4909 1427 4961 in
1457 4913 1672 4964 cateris
1713 4912 1794 4964 fe-

180 5003 417 5058 cimus,
483 4998 581 5048 sed
639 5011 712 5046 ex
774 4995 1041 5047 similibus
1087 4997 1420 5052 absolvimus.
1481 4999 1542 5051 Ιιι
1591 5001 1796 5057 decimo

180 5089 423 5160 psalmo
466 5085 745 5150 scriptum
785 5095 872 5136 est
915 5086 955 5115 “
977 5086 1100 5151 quia
1131 5086 1420 5140 Peccatores
1454 5091 1794 5144 intenderunt

176 5191 413 5234 arcum,
461 5180 806 5238 paraverunt
841 5173 1054 5238 sagittas
1085 5173 1136 5223 in
1157 5173 1406 5238 pharetra,
1441 5187 1498 5228 at
1543 5181 1795 5244 sagittent

177 5265 250 5317 in
277 5266 516 5313 obscuro
547 5268 728 5309 rectos
753 5259 928 5308 corde.
966 5257 1110 5311 Unde
1135 5269 1357 5324 apparet.
1388 5263 1538 5328 quod
1571 5266 1789 5317 corim-

170 5353 272 5421 pii
323 5349 620 5416 repletum
653 5354 744 5396 est
775 5347 920 5397 velut
961 5347 1199 5411 pharetra
1242 5350 1440 5415 sagittis
1467 5355 1786 5408 venenatis.

175 5444 338 5498 Sunt
366 5447 518 5501 ergo
567 5431 801 5496 sagitta
815 5431 1126 5512 ‘impiorutn,
1161 5435 1368 5487 consilia
1397 5445 1451 5490 et
1487 5439 1791 5504 cogitatio-

1899 4477 2001 4529 ctis
2034 4475 2333 4542 diriguntur
2359 4473 2408 4524 in
2440 4488 2538 4525 nos
2566 4472 2668 4524 tela
2709 4470 2924 4524 diaboli.
2961 4469 3016 4522 Si
3043 4470 3185 4522 enim
3222 4469 3432 4522 videres

1899 4563 2172 4616 mulierem
2215 4563 2541 4614 insidiantem
2579 4561 2690 4623 tibi,
2730 4570 2782 4612 ut
2811 4568 2861 4613 te
2891 4559 3139 4626 decipiat,
3172 4570 3348 4611 nonne
3376 4564 3431 4608 et

1897 4649 2246 4712 bacignitum
2274 4649 2430 4700 telum
2457 4647 2649 4699 diaboli
2680 4655 2782 4709 est,
2812 4662 2931 4712 cum
2959 4647 3048 4698 tibi
3076 4645 3144 4696 ita
3169 4643 3427 4709 loquitur,

1897 4747 1954 4789 ut
1998 4737 2049 4789 in
2091 4745 2142 4790 te
2191 4736 2360 4803 ignem
2406 4735 2641 4788 libidinis
2683 4735 2950 4788 concitet?
3004 4732 3264 4785 Similiter
3300 4743 3356 4785 et
3385 4733 3430 4784 si

1895 4827 2014 4894 quis
2041 4834 2091 4878 te
2122 4825 2298 4877 verbis
2330 4825 2525 4876 amaris
2543 4833 2598 4878 et
2623 4826 2826 4892 asperis
2857 4823 2920 4875 ad
2954 4821 3280 4874 iracundiam
3298 4837 3429 4875 con-

1892 4913 2038 4973 citet,
2093 4926 2267 4965 nonne
2298 4920 2353 4965 et
2396 4911 2480 4964 hic
2529 4912 2758 4979 ignitum
2794 4910 3029 4979 jaculum
3077 4918 3159 4960 est
3189 4908 3434 4973 maligni,

1891 5015 1998 5068 quo
2032 4998 2380 5052 inﬂammaris
2411 5007 2464 5052 et
2494 5001 2791 5052 incenderis
2829 5000 2896 5050 ad
2938 4997 3210 5050 furorem?
3236 4996 3344 5045 Sed
3388 5005 3442 5048 et

1892 5090 1934 5141 si
1955 5090 2074 5156 quis
2099 5090 2150 5141 in
2176 5089 2315 5140 aliud
2337 5104 2546 5158 quoque
2586 5100 2635 5142 te
2659 5097 2914 5157 provocat
2940 5095 2993 5134 et
3020 5083 3260 5144 instigat,
3303 5082 3444 5142 quod

1894 5185 1947 5229 tu
1982 5180 2315 5244 impatienter
2339 5179 2517 5231 ferens
2545 5178 2596 5228 in
2621 5184 2900 5244 peccatum
2927 5167 3164 5223 decidas.
3197 5163 3452 5227 intelligo

1897 5265 2223 5332 diligentius,
2251 5275 2303 5318 et
2339 5266 2554 5317 adverte
2587 5265 2681 5316 hos
2709 5270 2898 5314 onmes
2924 5250 3095 5316 jacula
3127 5259 3250 5296 esse
3286 5247 3453 5332 ntali-

1895 5354 1982 5421 gni
2002 5331 2188 5419 ignita,
2224 5356 2411 5421 quibus
2446 5361 2618 5404 rectos
2652 5348 2813 5402 corde
2861 5338 3173 5394 inﬂammet,
3196 5331 3467 5428 vulneret

1897 5417 1964 5495 ad
1986 5417 2282 5511 peccatum.
2314 5441 2416 5495 Sed
2442 5439 2581 5506 quod
2609 5447 2694 5490 est
2723 5426 3030 5487 infelicius,
3054 5429 3254 5487 paucas
3307 5417 3473 5468 video

258 5606 320 5660 ⁸1
348 5604 496 5658 Cor.
538 5614 639 5658 ut,
682 5597 774 5649 15.
853 5599 871 5629 ⁹
897 5597 1144 5660 lsa.xutt,
1167 5598 1215 5648 2.
1287 5601 1326 5632 “
1352 5603 1523 5659 Exod.
1549 5622 1667 5662 xw.
1755 5612 1801 5643 ιι

1905 5615 1963 5668 ιΙ.
2001 5630 2055 5679 x,
2083 5615 2135 5667 '5.
2214 5615 2256 5644 "
2291 5611 2388 5664 lsa.
2413 5620 2556 5668 xux,
2581 5603 2639 5661 2.
2709 5603 2751 5636 "
2783 5599 2968 5655 Cant.
3004 5584 3157 5652 τῶν
