3910 6262
468 336 603 391 1539

1842 335 1926 389 EX
1962 333 2268 389 ORIGENE

3716 314 3813 370 to“)

463 448 690 517 sagittas
720 447 833 508 Dei.
863 445 1014 513 pauci
1042 455 1167 500 sunt
1192 448 1281 515 qui
1316 448 1385 501 ita
1412 447 1700 516 loquuntur
1727 458 1785 502 ut
1809 450 2009 502 inﬂatu.
2039 454 2079 504 Α
2113 449 2299 501 vitalis
2322 441 2630 500 abscedit.
2679 436 2761 489 Et
2801 433 2861 487 si
2901 428 3099 484 audis
3144 424 3274 479 dici
3318 423 3376 478 in
3405 421 3604 517 Genesi
3636 423 3692 517 ίξ.
3724 428 3815 491 Qui!

466 548 615 592 ment
657 551 750 590 cor
788 537 1075 601 auditoris,
1114 546 1169 590 et
1193 538 1510 591 abstrahaut
1542 552 1662 590 eum
1704 554 1731 591 a
1761 548 1999 604 peccato,

465 635 523 680 et
541 633 886 680 convertatur
912 625 978 678 ad
1008 625 1393 693 paenitentiam.
1428 626 1587 680 Paud'i
1616 628 1687 680 ita
1717 628 2004 695 loquuntur

467 715 561 782 qui
588 714 843 767 auditoris
880 713 1042 767 corde
1083 729 1340 781 percusso
1366 708 1696 779 ‘eliciant_ex
1723 716 1878 770 oculo
1930 717 2006 768 la-

466 817 704 871 crymam
729 803 1075 870 ptenitentire,
1104 803 1193 869 qui
1234 804 1532 871 aperientes
1561 805 1748 857 futura:
1778 808 1887 873 spei
1926 806 2007 856 lu-

470 904 591 943 men
627 898 681 944 et
726 891 1144 957 magnitudinem
1174 890 1333 944 futuri
1370 892 1566 955 saeculi,
1612 907 1675 945 ac
1722 894 1870 962 regni
1915 895 2003 947 Dei

468 985 688 1049 gloriam
737 993 1096 1051 protestantes
1146 985 1372 1039 suadere
1427 988 1631 1054 possint
1678 988 2002 1049 hominibus,

469 1086 587 1140 qua:
639 1073 886 1126 videntur
930 1082 1289 1139 contemnere,
1351 1084 1403 1127 et
1460 1086 1707 1142 expetere
1752 1091 1869 1143 qua:
1899 1094 2006 1131 non

471 1159 734 1223 videntur,
789 1174 1040 1226 spernere
1088 1177 1205 1230 quae
1250 1162 1555 1229 temporalia
1613 1174 1756 1229 sunt,
1792 1173 1845 1217 et
1891 1182 2010 1234 quae

467 1255 667 1299 aeterna
708 1256 832 1299 sunt
879 1264 1136 1316 quaerere.
1179 1250 1435 1318 Perpauci
1464 1262 1583 1304 sunt
1617 1255 1763 1315 tales,
1794 1264 1846 1308 et
1885 1258 2005 1324 ipsi,

470 1336 516 1388 si
567 1336 658 1404 qui
701 1347 845 1401 sunt,
899 1339 1097 1404 pauci:
1126 1355 1220 1407 per
1265 1340 1513 1392 invidiam
1559 1351 1611 1394 et
1658 1343 1879 1398 livorem
1937 1348 2006 1398 ita

468 1425 644 1489 agitur
670 1440 736 1477 ne
772 1426 986 1480 omnino
1033 1428 1128 1482 rel
1187 1431 1337 1498 pauci
1392 1432 1516 1493 sint,
1550 1447 1614 1484 ne
1647 1433 1727 1486 vel
1756 1436 2010 1501 prodesse

471 1513 740 1581 aliquibus
795 1516 1022 1582 possint.
1075 1517 1293 1584 Sagitta:
1341 1531 1515 1581 autem
1584 1521 1774 1574 diaboli
1835 1525 2011 1576 omni-

474 1603 576 1656 bus
642 1605 698 1657 in
762 1604 891 1658 locis
959 1607 1250 1672 abundant,
1313 1612 1487 1663 omnis
1542 1620 1682 1664 terra
1735 1613 1861 1681 ipsis
1924 1630 2011 1668 re-

468 1692 607 1759 pleta
669 1704 769 1751 est.
812 1696 994 1764 Populi
1043 1700 1189 1753 orbis
1245 1701 1494 1756 militaris
1540 1720 1729 1759 manus
1774 1706 2010 1760 maxima

2099 536 2433 605 Sanguinem
2466 531 2841 585 animarum
2888 528 3245 575 vestrarum
3297 513 3583 605 exquirant
3618 512 3677 605 ab
3713 519 3816 566 omni

2111 600 2281 690 fratre
2303 632 2355 674 et
2382 621 2451 674 ab
2482 617 2653 672 omni
2685 612 2926 674 bestia,
2958 621 3088 661 non
3123 613 3322 674 putes
3360 600 3494 668 quia
3530 600 3596 655 de
3618 600 3707 656 hoc
3722 617 3816 656 saa-

2111 712 2277 780 guine
2314 719 2689 778 magnopere
2739 697 3090 771 praecipiat
3150 691 3491 791 corporali,
3519 701 3748 791 quantum
3771 694 3817 745 de

2115 800 2400 853 interioris
2439 795 2721 852 hominis
2770 788 3136 858 sanguine,
3196 784 3267 838 id
3306 792 3401 836 est
3443 782 3515 835 de
3543 780 3647 834 vita
3676 781 3818 836 anima

2113 898 2169 942 et
2188 886 2464 954 sanguine
2488 881 2838 953 spirituali.
2876 873 3336 931 Scandalizati
3362 872 3515 924 enim
3548 870 3818 923 animusan-

2114 980 2234 1047 guis
2251 976 2588 1040 effunditur,
2604 987 2756 1028 cum
2779 966 3102 1023 ceciderit
3120 967 3183 1019 in
3216 970 3627 1032 peccatum,et
3644 969 3821 1029 propter-

2115 1082 2180 1122 ea
2233 1066 2396 1130 dixit,
2426 1065 2568 1134 quia
2615 1061 2988 1130 requiritur
3027 1053 3318 1126 sanguis
3351 1052 3479 1120 eius
3514 1066 3544 1103 a
3576 1049 3740 1103 fratre.
3780 1051 3823 1103 Et

2116 1170 2288 1224 quare
2308 1144 2487 1209 etiam
2522 1169 2553 1206 a
2576 1152 2817 1206 bestia.
2862 1148 2933 1202 Si
2976 1147 3190 1200 fidelis
3224 1152 3336 1198 est
3366 1143 3466 1211 qui
3487 1150 3541 1194 te
3562 1141 3823 1195 scandalita

2119 1247 2218 1307 vit,
2246 1246 2425 1298 frater
2455 1251 2568 1307 est,
2618 1256 2653 1293 a
2690 1254 2826 1307 quo
2867 1234 3330 1304 requirendus
3358 1240 3451 1285 est
3477 1232 3688 1298 sanguis
3723 1241 3823 1283 tuas.

2118 1336 2312 1388 Frater
2337 1333 2491 1386 enim
2537 1340 2678 1384 tuus
2705 1339 2837 1391 est,
2875 1327 2989 1393 qui
3032 1324 3205 1377 fudit
3248 1320 3601 1391 sanguinem
3632 1328 3824 1383 tuum,et

2121 1423 2240 1475 ideo
2256 1422 2467 1474 dictum
2485 1426 2597 1481 est,
2621 1416 2706 1469 De
2722 1432 2923 1469 manu
2951 1415 3080 1481 ira!
3091 1414 3180 1465 ris
3224 1413 3528 1482 requiram
3556 1410 3825 1479 sanguinem.

2119 1510 2258 1563 Cum
2278 1524 2411 1563 vero
2435 1507 2740 1563 contraria
2771 1513 3075 1574 potestas
3098 1502 3252 1558 fera
3276 1512 3341 1557 et
3372 1516 3613 1569 nequam
3632 1510 3826 1569 perurgel

2121 1602 2424 1667 hominem,
2468 1610 2529 1653 et
2574 1599 2856 1653 infidelis
2917 1606 3025 1652 est
3077 1610 3203 1665 per
3267 1610 3452 1665 quem
3499 1594 3826 1654 insidiatur,si

2120 1690 2363 1761 potuerit
2425 1690 2677 1743 fundere
2754 1688 3159 1756 sanguinem
3247 1687 3470 1740 anima:
3519 1694 3640 1747 tum,
3692 1684 3734 1735 id
3772 1691 3829 1735 est

465 1794 532 1835 ex
569 1796 717 1849 parte
764 1787 970 1854 sagittae
998 1796 1121 1842 sunt
1168 1791 1405 1859 maligni,
1438 1794 1636 1845 utinam
1678 1794 1748 1849 ibi
1785 1803 2017 1847 tantum.
2049 1771 2089 1827 Β
2119 1780 2356 1848 deiicere
2381 1788 2435 1833 te
2463 1780 2520 1833 in
2556 1786 2928 1848 peccatum.
2969 1777 3191 1832 beina
3240 1786 3473 1846 ξεινον
3497 1790 3659 1845 quam
3680 1776 3828 1843 exqui.

473 1879 653 1939 modo,
698 1886 856 1945 atque
899 1878 950 1930 in
995 1878 1098 1932 illis
1136 1880 1449 1946 prmvaleret
1501 1884 1765 1947 iuiutiCuS,
1812 1892 1869 1937 ut
1896 1885 2016 1939 illos

465 1963 626 2033 665
664 1965 803 2019 solos
840 1967 1060 2018 haberet
1096 1968 1338 2035 sagittas.
1396 1969 1551 2023 Nune
1599 1980 1775 2048 autem
1825 1987 2019 2026 vereor

465 2056 629 2107 etiam
684 2070 776 2108 eos
816 2057 904 2123 qui
957 2057 1101 2111 intus
1152 2069 1298 2122 sunt,
1344 2069 1395 2112 et
1440 2061 1698 2129 meipsum
1732 2077 1920 2118 vereor
1952 2078 2020 2116 ne

470 2141 610 2197 forte
636 2143 878 2197 diabolus
911 2145 1139 2198 adducat
1189 2161 1273 2200 me
1318 2148 1372 2200 iu
1421 2149 1632 2217 aliquod
1683 2151 2015 2215 scandalum,

469 2239 528 2283 et
570 2239 750 2284 utatur
794 2245 878 2284 me
921 2233 1111 2300 sagitta
1173 2235 1431 2289 adversus
1477 2237 1709 2290 animam
1740 2238 2015 2293 hominis:

469 2316 595 2381 quia
619 2317 708 2384 qui
738 2318 1184 2374 scandalizaverit
1207 2321 1437 2389 aliquem
1471 2325 1585 2377 sive
1615 2325 1667 2377 in
1698 2327 1882 2391 verbo,
1909 2328 2021 2382 sive

469 2402 522 2455 iu
553 2404 715 2464 facto.
741 2405 844 2459 iste
870 2407 944 2459 illi
976 2408 1168 2461 anima:
1202 2423 1358 2476 quam
1400 2413 1792 2468 scandalizavit
1825 2418 2018 2484 sagitta

467 2494 677 2548 exstitit
731 2504 786 2548 et
830 2495 1070 2561 jaculum
1119 2498 1338 2553 diaboli.
1386 2501 1449 2554 Et
1499 2502 1617 2556 vide
1660 2505 1786 2572 quid
1829 2508 2022 2561 accidit

470 2584 623 2637 llOlliS
655 2583 941 2641 infelicius.
984 2587 1250 2641 Interdum
1284 2605 1382 2644 nos
1415 2601 1665 2658 putamus
1713 2595 1893 2650 dicere
1925 2600 2020 2649 ad»

469 2684 655 2727 versus
682 2671 933 2740 aliquem,
975 2683 1031 2727 et
1076 2675 1289 2730 incaute
1346 2678 1674 2745 proferimus
1720 2697 2020 2751 sermones,

470 2758 593 2811 dum
630 2760 1020 2815 contentiosius
1067 2765 1292 2831 agimus,
1351 2776 1402 2818 et
1451 2769 1792 2833 quibuslibet
1850 2775 2025 2829 verbis

468 2849 682 2901 vincere
704 2851 1016 2914 studemus,
1059 2861 1183 2906 tunc
1213 2852 1459 2907 diabolus
1501 2871 1596 2909 ore
1636 2869 1823 2912 nostro
1860 2867 2029 2915 utitur

473 2937 616 2988 velut
643 2952 790 2999 arcu,
840 2951 937 3004 per
985 2954 1144 3006 quem
1204 2942 1429 3009 sagittas
1467 2943 1665 3012 dirigat
1709 2955 1766 3000 et
1814 2951 2029 3018 sagittct

473 3035 648 3077 rectos
696 3027 878 3088 corde,
939 3040 1031 3079 eos
1089 3029 1336 3081 videlicet
1392 3031 1482 3096 qui
1532 3046 1629 3085 nos
1683 3037 1910 3092 audiunt
1963 3055 2023 3091 ca

472 3114 771 3182 loquentes,
809 3116 859 3168 in
891 3117 1081 3184 quibus
1114 3119 1423 3172 scandalum
1456 3122 1760 3189 patiuntur.
1798 3127 1861 3181 Et
1888 3129 2027 3183 sicut

470 3202 610 3256 Deus
637 3203 811 3271 posuit
837 3218 1018 3258 arcum
1050 3205 1101 3258 in
1135 3207 1363 3262 nubibus
1401 3224 1467 3263 ne
1511 3210 1609 3264 fiat
1638 3213 1898 3269 diluvium
1924 3257 1939 3282 ,
1971 3226 2026 3271 et

473 3296 536 3341 ut
585 3296 870 3357 tempestas
919 3294 1129 3347 desinat
1180 3295 1266 3349 1"z
1306 3297 1373 3348 ita
1432 3300 1738 3355 econtrario
1781 3303 2026 3358 diabolus

469 3381 620 3449 ponit
647 3396 828 3436 arcum
870 3397 973 3436 non
1006 3393 1066 3437 ut
1109 3399 1325 3441 cessare
1356 3387 1538 3452 faciat,
1583 3392 1676 3446 sed
1722 3402 1779 3445 ut
1803 3397 2027 3449 suscitet

469 3477 841 3538 tempestates,
872 3481 928 3525 ut
962 3475 1301 3529 serenitatem
1334 3480 1614 3534 conturbet
1642 3482 1693 3534 in
1732 3485 1935 3547 anima.
1969 3494 2027 3539 ut

469 3572 655 3624 pacem
680 3560 931 3627 depellat,
963 3570 1019 3613 ut
1047 3563 1184 3616 bella
1215 3578 1573 3629 commoveat,
1605 3578 1657 3621 et
1689 3578 1748 3623 ut
1782 3574 2023 3630 turbines

470 3647 671 3700 excitet
724 3664 787 3702 ac
838 3651 1120 3716 procellas.
1168 3652 1300 3706 Cum
1355 3656 1496 3708 enim
1528 3657 1729 3714 videris
1787 3662 2021 3730 aliquem

470 3736 614 3791 V‘tiis
647 3748 699 3791 ct
726 3739 1061 3806 passionibus
1096 3743 1353 3812 agitatum
1384 3745 1672 3801 circumire
1726 3760 1777 3804 et
1812 3764 2023 3820 pertur-

473 3823 601 3880 bare
624 3827 821 3892 omnia,
861 3828 982 3881 nolo
1022 3829 1228 3884 dubites
1267 3833 1409 3899 quod
1449 3832 1537 3887 ille
1583 3838 1775 3904 sagitta
1821 3841 2022 3896 diaboli

475 3922 578 3977 est,
634 3923 688 3968 et
738 3930 800 3969 os
850 3914 964 3983 ejus
1012 3922 1190 3985 posuit
1232 3933 1416 3973 arcum
1460 3935 1636 3989 suum,
1697 3935 1750 3982 et
1803 3933 2027 3985 tetendit

477 4003 700 4069 sagittas
726 4005 883 4058 verba
926 4006 1039 4072 ejus
1073 4016 1133 4060 ut
1165 4009 1422 4075 sagitteut
1462 4022 1638 4067 rectos
1687 4017 1869 4070 corde.
1921 4019 2025 4073 Sed

473 4092 566 4157 qui
618 4094 806 4146 muniti
858 4105 979 4148 sunt
1027 4097 1195 4150 armis
1249 4097 1359 4157 Dei,
1417 4101 1483 4154 ab
1540 4103 1623 4155 his
1669 4105 1863 4159 talibus
1920 4124 2024 4162 non

477 4190 767 4248 potuerunt
794 4184 1079 4239 vulnerari.

543 4270 597 4321 4.
620 4269 767 4333 Quod
796 4280 968 4325 autem
1002 4274 1206 4330 addidit
1227 4289 1280 4329 ut
1308 4280 1568 4333 trucident
1589 4292 1752 4337 rectos
1778 4288 1933 4341 corde
1960 4290 2022 4355 ¹⁸,

2120 1870 2192 1923 rit
2264 1869 2543 1923 Dominus
2587 1868 2988 1936 sanguinem
3066 1875 3295 1922 tuum.
3361 1866 3484 1920 Sed
3533 1876 3588 1918 et
3633 1864 3827 1917 Ezech‘el

2119 1958 2385 2027 propheta
2412 1971 2544 2011 cum
2576 1956 2732 2010 dicit
2764 1956 3281 2025 speculatorem
3315 1972 3386 2011 se
3425 1956 3662 2026 positum
3691 1956 3826 2008 domui

2121 2047 2285 2102 Israel
2322 2047 2390 2112 ιθ,
2417 2047 2513 2115 qui
2556 2048 2605 2100 si
2656 2048 3175 2102 aununtiaverit
3240 2049 3607 2115 romphaaam
3651 2047 3821 2097 venien-

2122 2147 2250 2204 tem,
2304 2150 2428 2190 reus
2464 2150 2576 2189 non
2613 2135 2727 2189 fiat
2768 2138 3166 2207 sanguinis,
3236 2139 3293 2192 si
3351 2152 3470 2191 non
3523 2136 3825 2196 nuntiarem,

2122 2243 2248 2282 rcus
2275 2228 2348 2280 sit
2380 2226 2738 2295 sanguinis;
2797 2236 2867 2280 et
2926 2226 2997 2280 in
3040 2227 3186 2296 lege
3225 2244 3378 2282 cum
3417 2229 3648 2289 dicitur,
3682 2228 3721 2279 si
3746 2229 3826 2279 hac

2121 2326 2175 2369 et
2200 2317 2315 2369 haac
2345 2315 2573 2379 fecerit,
2603 2315 2933 2370 innocens
2960 2318 3095 2371 erit
3134 2331 3177 2389 aq
3205 2319 3519 2388 sanguine
3546 2334 3563 2382 ;
3587 2317 3695 2371 sine
3712 2315 3827 2370 dubie

2123 2406 2290 2459 etiam
2322 2405 2416 2459 hic
2444 2406 2660 2458 anima:
2714 2407 3121 2475 sanguinem
3163 2409 3486 2475 designat,
3535 2410 3625 2475 qui
3652 2405 3825 2460 eﬂuudi-

2126 2504 2211 2547 tur
2241 2509 2339 2562 per
2370 2504 2708 2561 peccatum.
2750 2494 3119 2563 Propterea
3158 2512 3324 2568 ergo
3352 2499 3651 2552 timeamus
3669 2510 3826 2553 omnes.

2126 2598 2193 2637 ne
2225 2584 2364 2636 forte
2395 2582 2633 2651 sanguis
2683 2584 2978 2653 alicujus
3035 2590 3148 2655 qui
3190 2590 3656 2652 scandalizatur,
3694 2588 3828 2653 requi-

2128 2680 2276 2722 ratur
2304 2684 2335 2721 a
2370 2669 2560 2731 nobis,
2604 2670 2785 2725 sicut
2854 2678 3188 2744 propheta
3232 2678 3534 2746 designat.
3574 2675 3825 2742 llaecupar-

2129 2760 2230 2812 tuit
2260 2774 2358 2813 nos
2385 2770 2681 2828 repetere,
2713 2774 2789 2816 ut
2819 2766 3088 2834 plenius
3118 2768 3590 2823 ostenderemus
3611 2767 3821 2835 quomodt

2127 2852 2363 2921 gladium
2424 2854 2935 2920 evagiuaverunt
3003 2869 3387 2926 peccatores
3438 2869 3498 2913 et
3538 2858 3828 2913 tetenderunt

2128 2955 2314 2995 arcum
2348 2955 2536 3007 suum,
2573 2951 2637 2996 et
2673 2945 2829 3012 quis
2870 2960 3052 3002 esset
3093 2964 3337 3018 pauper
3362 2965 3538 3019 quem
3563 2951 3828 3019 dejicereut,

2128 3039 2183 3084 et
2212 3030 2487 3099 quomodo
2524 3032 2955 3090 trucidantur
3016 3040 3177 3095 recti
3243 3042 3477 3104 corde,
3514 3041 3600 3094 vel
3637 3040 3746 3109 quis
3771 3049 3829 3091 es

2129 3117 2349 3183 sanguis
2381 3130 2581 3170 eorum
2618 3119 2735 3186 qui
2773 3121 3168 3183 effunditur.

2196 3204 2249 3255 5.
2292 3200 2449 3256 Nuuc
2478 3213 2690 3258 autem
2738 3208 3098 3269 videamus
3150 3217 3306 3285 quid
3353 3220 3436 3274 sit
3469 3220 3595 3275 istis
3623 3228 3827 3290 peccato-

2129 3291 2277 3344 ribus
2323 3292 2415 3358 qui
2471 3293 2597 3346 hare
2638 3292 2928 3363 faciunt,
2976 3302 3042 3356 id
3107 3316 3201 3359 est
3266 3310 3377 3376 qui
3443 3311 3630 3379 gladio
3675 3309 3828 3363 diaboli

2128 3389 2358 3434 utuntur
2424 3389 2480 3434 et
2511 3380 2748 3447 iaculis
2813 3391 3123 3461 maligni,
3188 3399 3346 3465 quid
3406 3400 3482 3454 de
3544 3401 3626 3453 his
3661 3413 3827 3453 rursum

2128 3469 2262 3524 dicit
2285 3484 2471 3523 sermo
2505 3472 2761 3529 divinus
2809 3492 2826 3528 :
2878 3477 3183 3550 Framea,
3225 3489 3476 3558 inquit,
3510 3508 3685 3545 eorum
3714 3492 3827 3543 intra

2130 3561 2183 3612 in
2214 3576 2306 3613 cor
2344 3577 2562 3625 eorum,
2610 3574 2668 3615 et
2721 3582 2920 3623 arcus
2964 3589 3178 3629 eorum
3236 3593 3599 3636 conteratur.
3646 3581 3827 3635 Fracte:

2127 3662 2296 3714 genus
2321 3648 2411 3701 teli
2446 3660 2556 3713 est,
2592 3651 2719 3707 hoc
2772 3660 3048 3715 nomine
3085 3681 3542 3738 nuncupatum.
3583 3672 3830 3725 Sermonis

2130 3737 2294 3805 igitur
2320 3737 2436 3829 isti,
2479 3753 2632 3807 quos
2670 3743 3047 3813 inspirante
3083 3755 3334 3813 diabolo
3384 3761 3568 3829 iniqui
3597 3773 3650 3813 et
3679 3774 3828 3827 pecca-

2129 3837 2272 3918 tores
2302 3827 2626 3895 proferunt.
2671 3833 2914 3905 inquit,
2974 3846 3283 3903 adversus
3327 3827 3588 3918 justum,
3622 3852 3826 3907 uttruti-

2125 3916 2256 3971 dent
2298 3925 2487 3971 rectos
2531 3923 2753 3988 corde,
2828 3943 3297 3991 convertentur
3332 3916 3668 3995 Vadversum
3716 3943 3827 4007 ipsos

2125 4006 2343 4074 quieos
2370 4006 2702 4075 proferunt,
2762 4026 2835 4070 ut
2864 4019 3019 4076 illuc
3063 4030 3331 4082 redeant
3389 4032 3550 4087 unde
3589 4006 3825 4100 processc'

2124 4106 2266 4147 rant.
2302 4096 2458 4149 Sicut
2488 4099 2651 4152 enim
2690 4104 2936 4164 dicitur
2985 4114 3066 4167 ad
3104 4115 3320 4183 justos
3355 4131 3421 4174 et
3472 4096 3694 4175 sanctos
3729 4136 3825 4186 apo-

2123 4188 2297 4240 Stolos
2325 4202 2354 4240 ιι
2389 4187 2636 4245 Domino
2665 4195 2720 4225 ²⁰
2766 4214 2781 4247 :
2826 4197 2907 4253 In
2941 4220 3378 4279 quamcunque
3431 4217 3655 4267 domum
3694 4213 3828 4264 istnc

2123 4276 2330 4337 veritis,
2370 4275 2536 4330 dicite
2571 4295 2590 4330 :
2631 4279 2766 4336 Pax
2837 4288 2983 4344 huic
3047 4275 3316 4366 domui;
3376 4315 3433 4356 et
3484 4307 3536 4357 si
3587 4304 3735 4371 fuerit
3775 4301 3827 4349 ibi

475 4370 600 4410 cum
638 4360 885 4426 superius
911 4363 1155 4427 dixisset,
1192 4376 1246 4417 ut
1279 4369 1528 4436 deficiant
1564 4372 1766 4440 inopem
1806 4386 1854 4429 et
1888 4394 2018 4444 pau-

2160 4364 2274 4417 Elius
2296 4370 2473 4432 pacis,
2502 4386 2624 4437 pax
2664 4387 2863 4432 vestra
2903 4384 3091 4436 veniet
3128 4403 3326 4458 super
3367 4410 3539 4459 eum;
3566 4394 3646 4448 sin
3669 4392 3824 4446 ιαὶιιιεε

474 4462 667 4514 parem,
707 4447 883 4511 iunxit
924 4454 1246 4518 pauperibus
1282 4468 1458 4513 rectos
1486 4463 1693 4517 corde:
1722 4480 1855 4532 quos
1894 4478 2020 4536 puto

478 4537 603 4604 quia
631 4537 880 4590 similiter
913 4539 1072 4592 etiam
1104 4542 1361 4601 Dominus
1397 4550 1690 4619 coniungat
1741 4554 1792 4606 in
1841 4555 2020 4610 Evan-

487 4623 646 4693 geliis
679 4626 756 4688 ";
782 4626 868 4679 ubi
899 4627 1040 4679 enim
1073 4628 1200 4682 dicit
1235 4633 1419 4689 beatos
1453 4653 1732 4707 pauperes,
1763 4641 1829 4695 ibi
1860 4646 2017 4698 etiam

476 4710 750 4764 beatiﬁcat
777 4713 1001 4767 mundos
1028 4716 1209 4781 corde,
1240 4729 1293 4771 et
1328 4721 1458 4775 nihil
1488 4724 1749 4780 interesse
1781 4729 2019 4785 arbitror

477 4799 621 4854 inter
654 4801 876 4855 mundos
920 4804 1077 4858 corde
1107 4813 1163 4859 et
1204 4818 1380 4863 rectos
1418 4814 1601 4866 corde.
1650 4815 2019 4874 Trucidantur

475 4896 650 4942 autem
694 4889 795 4944 hoc
830 4893 1003 4947 modo.
1042 4894 1097 4947 Si
1134 4895 1251 4963 quis
1292 4898 1519 4967 simplici
1565 4912 1739 4958 mente
1776 4922 1839 4960 ac
1882 4910 2023 4965 desi-

476 4978 623 5032 derio
645 4979 820 5032 veniat
853 4981 916 5034 ad
946 4983 1233 5039 Ecclesiam
1261 4996 1318 5040 ut
1362 4989 1622 5055 proﬁciat,
1656 5003 1712 5046 ut
1742 4996 1928 5051 melior
1965 5017 2025 5056 se

478 5068 595 5133 ﬁat,
634 5069 732 5122 iste
782 5070 826 5124 si
874 5072 1052 5129 videat
1083 5089 1181 5129 nos
1217 5076 1306 5143 qui
1351 5077 1513 5131 multo
1536 5079 1644 5146 jam
1684 5093 1919 5153 tempore
1969 5091 2020 5144 in

478 5156 586 5212 fide
619 5159 881 5224 stetimus,
915 5163 995 5215 vel
1025 5177 1130 5217 non
1162 5172 1305 5217 recte
1330 5177 1572 5233 agentes,
1599 5171 1679 5224 vel
1710 5188 1828 5226 eum
1857 5176 2022 5231 oll'en-

480 5242 659 5297 diculo
689 5245 987 5314 loquentes,
1019 5247 1278 5304 eﬂicimur
1320 5251 1393 5303 illi
1435 5268 1528 5307 nos
1572 5255 1749 5323 lapsus
1789 5261 1853 5311 ad
1898 5278 2024 5330 pec—

482 5336 684 5384 catum.
719 5332 850 5384 Cum
882 5345 1057 5387 autem
1089 5339 1431 5404 peccaverit,
1472 5344 1765 5398 trucidatus
1799 5360 1915 5414 est,
1973 5363 2029 5406 et

483 5418 697 5482 sanguis
745 5419 933 5474 animm
970 5425 1083 5488 ejus
1119 5426 1355 5493 profluit,
1406 5431 1580 5484 omnis
1628 5434 1694 5486 ab
1741 5449 1804 5487 eo
1860 5440 2034 5497 virtus

558 5522 601 5551 ¹⁵
636 5525 771 5579 Gen.
810 5544 881 5582 Ix.

964 5530 1038 5601 _”‘_
1056 5531 1192 5601 Psal.
1245 5551 1425 5601 xxxvi,
1490 5540 1572 5592 ll.

490 5586 533 5615 '°
571 5587 677 5643 Luc
719 5608 771 5657 χ,
802 5596 853 5650 5.

1654 5542 1693 5569 “‘
1747 5544 1935 5601 Matth.
1981 5567 2033 5606 ι’.

928 5598 970 5625 ²¹
1013 5596 1149 5652 Psal.
1191 5617 1369 5665 xxxvi,
1414 5596 1502 5657 l0.

2130 4470 2235 4520 pax
2266 4466 2441 4508 vestra
2477 4462 2552 4512 ad
2596 4479 2701 4517 vos
2738 4480 3098 4535 revertetur;
3143 4478 3244 4533 sic
3294 4493 3365 4535 et
3410 4484 3509 4537 hic
3557 4479 3823 4538 econtrario

2130 4543 2350 4610 gladius
2380 4548 2698 4617 impiorum
2736 4562 2837 4628 qui
2874 4568 3253 4635 evaginatur
3296 4583 3371 4627 ut
3407 4577 3654 4629 trucidet
3683 4580 3823 4627 rectos

2129 4635 2317 4698 corde,
2373 4644 2595 4697 reverti
2653 4648 2708 4700 in
2744 4650 2906 4717 ipsos
2957 4656 3219 4724 dicitur,
3268 4673 3337 4717 et
3383 4664 3648 4733 demergi
3682 4665 3729 4715 in
3752 4672 3821 4711 cur

2128 4738 2349 4824 8-0?le
2385 4740 2565 4801 atque
2591 4752 2764 4794 arcus
2794 4756 2996 4799 eorum
3038 4751 3402 4824 confringi,
3432 4757 3573 4811 dum
3602 4752 3821 4811 Domitius

2133 4814 2202 4868 de
2230 4816 2461 4876 insidiis
2491 4840 2703 4884 eorum
2736 4832 2942 4888 liberat
2965 4836 3239 4904 justum.
3274 4844 3279 4845 “

2203 4908 2258 4962 6.
2306 4908 2519 4972 Melius
2556 4932 2637 4975 est
2676 4925 2948 4977 modicum
2980 4927 3154 4994 justo
3190 4950 3387 5000 super
3416 4938 3643 4991 divitias
3668 4947 3815 5004 pem‘

2132 5007 2317 5053 tarum
2347 5008 2565 5065 multas
2593 5016 2667 5068 “.
2693 5015 3012 5071 Secundum
3042 5017 3336 5077 litteram
3377 5030 3659 5082 continuo
3686 5027 3817 5077 etiam

2135 5086 2608 5157 simplicioribus
2650 5105 2959 5173 quibusque
3007 5107 3183 5162 utilis
3239 5114 3589 5170 admonitio
3635 5125 3735 5174 est.
3768 5112 3821 5163 de

2133 5187 2247 5241 Qua
2279 5189 2340 5232 Cl
2376 5187 2548 5251 prius
2582 5194 2879 5251 dicendum
2925 5205 3035 5259 est,
3077 5206 3393 5263 quamvis
3439 5208 3647 5261 habent
3681 5207 3817 5256 etiam

2137 5266 2495 5362 profundius
2538 5283 2778 5355 aliquid,
2812 5285 2950 5353 quod
2995 5284 3041 5337 si
3092 5290 3255 5353 quis
3302 5308 3544 5362 capere
3592 5290 3819 5360 potuerit.

2141 5359 2362 5450 ςτιβῖθι-
2402 5367 2561 5434 Quid
2607 5395 2746 5450 ergo
2778 5392 2874 5432 nos
2910 5376 3095 5429 doceat
3138 5359 3416 5445 littera,‘
3441 5359 3744 5436 videamus.
3776 5378 3819 5431 la

2144 5446 2258 5502 hoc
2300 5463 2533 5519 mundo
2560 5446 2926 5536 communem
2955 5465 3071 5517 vita:
3112 5467 3604 5524 sollicitudinem
3653 5472 3820 5538 gerunt

2118 5557 2161 5588 ¹⁷
2204 5561 2357 5623 Ceu.
2393 5588 2478 5642 Ix,
2512 5578 2573 5632 ὃ.
2665 5587 2707 5617 ιε
2746 5582 2934 5639 Ezeclt.
2966 5593 3039 5634 nt.
3129 5578 3176 5610 ⁸⁸
3206 5578 3383 5635 l'sal.
3417 5599 3614 5645 um,
3652 5581 3711 5634 l5
