3910 6224
200 356 352 414 15M

892 355 1194 411 SELECTA
1222 355 1288 408 IN
1322 352 1650 408 PSALMOS.
1682 384 1751 393 —
1788 351 2016 406 liOMlL.
2060 348 2120 403 lll
2164 344 2231 399 IN
2270 312 2462 393 PSAL.
2500 342 2729 398 XXXVI.

3269 334 3400 389 154⁵3

199 483 264 525 et
296 469 437 539 justi
466 476 520 522 et
544 465 754 534 injusti,
783 477 847 520 ut
873 471 1107 524 habeant
1132 485 1249 539 quae
1272 469 1337 522 ad
1371 469 1566 522 victum
1601 482 1783 522 neccs-
1807 471 1849 526 Δ
1880 466 2066 521 Melius
2087 472 2171 518 est
2199 469 2332 525 ergo
2359 453 2460 508 hoc
2492 458 2752 509 modicum
2779 452 2896 507 [idei
2923 450 3067 519 justo
3091 463 3248 518 super
3272 448 3403 501 divi-

201 562 374 614 saria
413 566 554 614 sunt.
606 556 712 609 Sed
747 557 889 625 justi
947 561 1157 627 quidem
1223 574 1325 611 non
1381 567 1483 610 tam
1524 558 1776 624 propensi

201 657 355 702 sunt
398 662 523 717 erga
546 646 968 700 sollicitudinem
1003 648 1193 707 victus,
1221 661 1377 713 quam
1412 646 1564 699 enixe
1593 654 1782 712 gerunt

198 734 461 803 iustitiae
498 748 682 789 curam
703 772 719 797 ,
756 733 831 785 ita
876 743 932 786 ut
964 734 1120 785 etiam
1152 733 1195 785 si
1234 732 1313 785 eis
1345 732 1627 799 quaerenda
1655 741 1779 784 sunt

199 836 353 889 qua:
403 824 473 877 ad
514 823 713 879 victum
759 821 1065 874 necessaria
1102 827 1246 881 sunt,
1297 819 1496 888 absque
1520 821 1778 888 injustitia

200 923 582 981 quaerantur,
625 919 687 964 ut
717 911 834 979 ipse
864 919 1098 978 quaestus
1122 925 1302 964 eorum
1339 911 1427 978 qui
1475 910 1781 978 quotidiana

206 1001 350 1055 usui
396 1001 737 1054 necessarius
769 1011 870 1064 est,
905 1016 1022 1054 cum
1057 1002 1200 1054 omni
1226 999 1431 1065 justitia
1460 1000 1568 1053 iiat.
1598 1000 1780 1066 lnjusti

204 1104 363 1144 vero
398 1089 539 1143 nihil
572 1099 765 1142 curant
798 1089 863 1142 de
890 1089 1123 1155 justitia,
1156 1090 1247 1142 sed
1278 1102 1489 1143 omnem
1521 1102 1701 1141 curam
1730 1088 1783 1140 in

209 1180 329 1233 hoc
367 1180 693 1247 impendunt
732 1178 999 1245 quomodo
1041 1180 1350 1245 acquirunt;
1388 1177 1439 1228 in
1473 1177 1570 1228 hoc
1602 1191 1783 1228 eorum

207 1280 400 1319 omne
424 1266 664 1319 studium
696 1272 801 1326 est,
827 1264 1298 1332 quomodocumque
1330 1272 1379 1316 et
1404 1263 1784 1330 qualiacunque

213 1355 387 1407 lucra
418 1366 645 1422 captare
681 1368 696 1406 :
740 1369 842 1407 non
876 1360 1117 1419 quaerunt
1147 1352 1190 1405 si
1232 1351 1366 1405 bene
1402 1352 1702 1418 acquirunt,
1741 1351 1786 1403 si

213 1457 360 1497 cum
394 1442 612 1510 justitia
655 1459 669 1494 :
704 1456 808 1494 non
851 1450 973 1495 sunt
1005 1439 1217 1493 solliciti
1256 1449 1313 1492 ut
1344 1440 1542 1506 judicio
1586 1439 1785 1493 Christi

220 1531 598 1584 inveniantur
622 1530 983 1597 possessiones
1020 1544 1203 1581 eorum
1243 1543 1362 1581 cum
1401 1528 1608 1595 justitia
1639 1542 1785 1595 quaa-

215 1621 375 1673 siL‘e.
428 1618 712 1684 Quomodo
743 1628 964 1686 possunt
987 1619 1099 1672 haec
1130 1617 1327 1682 facere,
1373 1619 1462 1685 qui
1503 1632 1684 1684 agrum
1722 1617 1790 1669 ad

214 1723 432 1777 agrum
467 1706 804 1773 conjungnnt
844 1708 908 1769 ",
962 1716 1015 1760 et
1053 1707 1226 1759 villam
1273 1706 1406 1759 villa:
1455 1707 1785 1774 appropiant,

216 1807 282 1851 ut
336 1795 557 1864 aliquid
618 1796 782 1866 666
833 1797 1076 1861 proximo
1132 1797 1422 1851 auferant?
1479 1797 1607 1849 Cum
1662 1810 1789 1861 ergo

220 1900 409 1937 unum
445 1899 480 1938 e
515 1884 725 1938 duobus
756 1886 867 1938 lieri
906 1899 1123 1939 necesse
1149 1887 1240 1950 sit,
1285 1885 1334 1936 id
1376 1892 1460 1938 est
1494 1891 1584 1936 aut
1629 1883 1788 1935 multa

220 1976 535 2043 acquirere
567 1988 686 2037 cum
717 1974 994 2043 injustitia,
1020 1985 1111 2027 aut
1132 1975 1393 2029 modicum
1420 1989 1537 2026 cum
1564 1972 1787 2040 justitia,

226 2063 433 2117 Melius
462 2072 563 2126 est,
601 2063 862 2131 inquit”,
896 2064 1149 2115 modicum
1182 2064 1350 2130 justo,
1399 2078 1550 2127 super
1589 2062 1791 2115 divitias

226 2161 580 2217 peccatorum
613 2152 827 2205 multas.
878 2150 945 2204 Et
982 2167 1108 2205 vcre
1138 2152 1289 2220 quasi
1328 2151 1538 2217 speciali
1565 2151 1791 2218 quodam

231 2240 404 2294 titulo
438 2239 625 2293 multae
649 2240 851 2293 divitiae.
897 2240 947 2291 in
990 2240 1271 2307 iniquitate
1311 2249 1612 2293 censentur.
1648 2238 1796 2292 Unde

225 2341 283 2384 et
313 2344 428 2397 ego
464 2330 701 2381 arbitror
734 2327 1012 2382 Dominum
1052 2338 1106 2381 et
1153 2328 1482 2381 Salvatorem
1525 2338 1792 2389 nostrum,

225 2419 401 2488 quasi
449 2430 579 2470 vere
616 2416 779 2469 Deum
810 2426 865 2469 et
900 2417 1176 2470 Dominum
1222 2417 1570 2469 Mammonam
1599 2416 1796 2482 iniqui-

228 2508 371 2560 tatis
414 2503 801 2571 pronuntiasse
829 2518 953 2557 cum
989 2503 1121 2557 dicit
1147 2504 1192 2534 ³⁵
1222 2522 1235 2555 :
1263 2503 1442 2555 Facite
1484 2504 1622 2556 vobis
1660 2505 1794 2554 ami-

226 2612 318 2648 cos
353 2595 427 2648 de
470 2594 651 2662 iniquo
698 2592 1025 2646 Hammona.
1069 2592 1189 2645 llazc
1223 2593 1508 2645 secundum
1545 2591 1795 2644 litteram.

234 2686 545 2738 Videamus
596 2696 740 2735 nunc
805 2681 850 2734 si
902 2681 1027 2748 quid
1082 2681 1241 2734 etiam
1292 2684 1481 2733 secreti
1530 2681 1800 2734 cuntiucat

232 2787 457 2825 sermo.
490 2770 631 2824 Sunt
664 2768 828 2821 multa
858 2778 912 2822 et
953 2769 1159 2822 diversa
1210 2768 1383 2820 studia
1426 2768 1718 2821 litterarum
1747 2768 1797 2820 in

234 2864 346 2913 hoc
377 2858 610 2921 mundo,
646 2865 703 2909 ut
736 2856 919 2910 videas
965 2855 1392 2924 quamplurimos
1427 2856 1740 2924 incipientes
1769 2871 1796 2909 a

233 2945 633 3013 grammaticis
663 2943 904 2997 ediscere
949 2943 1187 2996 carmina
1244 2951 1549 3010 poetarum,
1600 2958 1800 2997 comta-

235 3037 577 3103 diarumquc
606 3033 836 3097 fabulas,
869 3033 1250 3101 tragoediarum
1298 3033 1383 3085 vel
1404 3034 1800 3088 commentitias

237 3127 324 3180 vel
370 3125 713 3178 bonoriiicas
744 3123 1084 3177 narrationes
1109 3162 1122 3183 ,
1158 3122 1505 3176 historiarum
1551 3123 1706 3190 longa
1739 3138 1802 3178 ac

238 3214 473 3267 diversa
501 3210 796 3274 volumina,
828 3219 940 3264 tum
966 3210 1158 3263 deinde
1188 3210 1415 3263 transire
1458 3211 1522 3262 ad
1574 3212 1807 3263 rhetori-

239 3318 400 3366 cam,
433 3310 602 3369 atque
628 3300 700 3353 ibi
733 3313 947 3354 omnem
996 3298 1172 3352 fucum
1207 3300 1521 3366 eloquentiae
1549 3313 1802 3366 quaerere,

239 3400 374 3462 post
408 3392 526 3444 lucc
559 3390 744 3444 venire
774 3390 839 3442 ad
890 3388 1300 3456 philosophiam,
1344 3389 1664 3456 perscrutari
1691 3389 1807 3442 dia-

240 3479 532 3542 lecticam,
573 3477 1006 3546 syllogismorum
1034 3490 1200 3529 nexus
1225 3477 1513 3542 inquirere,
1537 3491 1810 3529 mensuras

243 3567 576 3638 geometriae
608 3572 940 3633 pertentare,
976 3573 1240 3618 astrorum
1270 3564 1414 3632 leges
1446 3579 1509 3618 ac
1532 3564 1808 3618 stellarum

244 3670 456 3712 cursus
481 3656 833 3723 perscrutari,
864 3654 1111 3707 omittere
1134 3666 1343 3721 quoque
1376 3667 1473 3705 nec
1515 3652 1810 3714 musicam;

246 3756 303 3799 et
330 3746 418 3799 sic
442 3757 543 3811 per
568 3757 758 3796 omnes
789 3741 919 3795 istas
944 3742 1137 3796 eruditi
1166 3753 1269 3793 tam
1300 3742 1536 3795 diversas
1563 3749 1615 3792 et
1637 3741 1814 3793 varias

246 3831 603 3897 disciplinas,
639 3831 693 3882 in
725 3830 919 3897 quibus
943 3828 1075 3881 nihil
1098 3831 1163 3882 de
1201 3829 1293 3882 Dei
1323 3829 1598 3882 voluntate
1620 3842 1817 3896 cogno-

249 3928 478 3981 verunt,
525 3918 725 3970 multas
767 3917 1023 3985 quidem,
1063 3918 1154 3970 sed
1211 3928 1550 3984 peccatorum
1602 3917 1817 3971 divitias

249 4014 757 4079 congregaverunt.
813 4004 1006 4059 Videas
1057 4014 1233 4058 autem
1263 4022 1423 4058 unum
1471 4006 1535 4058 dc
1578 4003 1816 4058 Ecclesia

248 4097 582 4167 imperitum
628 4092 842 4162 quidem
892 4093 942 4145 in
980 4093 1140 4145 verbo
1182 4102 1340 4159 atque
1372 4093 1690 4155 eruditione,
1725 4093 1818 4147 sed

252 4187 364 4240 lide
395 4199 466 4239 ac
490 4184 690 4237 timore
723 4182 815 4236 Dei
852 4181 1132 4246 repletum,
1185 4180 1275 4248 qui
1319 4190 1536 4249 prepter
1576 4180 1816 4233 timorem

252 4276 352 4330 Dei
387 4276 446 4328 in
479 4273 630 4327 nullo
675 4274 832 4326 audet
864 4271 1190 4338 delinquere,
1231 4271 1323 4324 sed
1365 4279 1577 4324 veretur
1605 4271 1820 4322 omnino

251 4365 485 4435 aperire
532 4377 597 4416 os
650 4376 829 4423 suurn,
876 4375 941 4414 ne
988 4359 1124 4413 forte
1152 4373 1330 4413 sermo
1371 4359 1541 4413 malus
1568 4361 1818 4426 procedat

252 4456 324 4509 de
365 4468 471 4509 ore
505 4452 651 4520 ejus,
697 4458 751 4502 et
796 4450 1042 4503 observat
1085 4450 1245 4501 etiam
1278 4448 1331 4500 in
1375 4447 1595 4500 minimo
1653 4448 1820 4499 deliu-

254 4557 460 4611 quere,
514 4556 546 4594 a
596 4537 792 4607 quibus
837 4537 1126 4589 observare
1162 4550 1220 4589 se
1260 4550 1361 4587 non
1404 4544 1574 4601 potest
1621 4534 1707 4587 ille
1732 4534 1824 4601 qui

255 4636 418 4688 dives
453 4638 542 4684 est
588 4629 643 4682 in
675 4626 829 4693 hujus
856 4625 1037 4679 mundi
1075 4625 1356 4692 sapientia.
1395 4623 1502 4680 llos
1538 4624 1699 4691 igitur
1723 4626 1823 4678 sibi

257 4720 559 4776 conferens
588 4729 766 4770 sermo
795 4714 1004 4767 divinus
1030 4714 1103 4766 ait
1126 4714 1170 4745 "
1206 4730 1219 4764 :
1258 4710 1446 4763 Melius
1466 4721 1540 4763 est
1565 4713 1824 4764 modicum

260 4811 433 4873 iusto,
496 4821 659 4873 super
686 4800 894 4856 diuitias
939 4814 1263 4870 peccatorum
1314 4799 1520 4853 multas.
1575 4800 1643 4855 Ut
1699 4812 1822 4856 sunt

260 4898 477 4953 divitia:
504 4902 874 4963 peccatorum,
903 4892 1163 4960 sapientia
1195 4887 1351 4955 hujus
1386 4890 1563 4943 mundi
1584 4930 1599 4953 ,
1635 4890 1690 4942 in
1718 4905 1820 4957 qua

262 4988 472 5041 divites
496 4991 625 5037 sunt
648 4989 703 5034 et
735 4980 1066 5034 abundantes
1086 4980 1135 5031 in
1162 4976 1488 5042 eloquentia,
1517 4992 1616 5031 nec
1640 4986 1820 5032 tamen

264 5088 327 5130 se
374 5087 482 5142 per
519 5074 634 5126 haec
680 5068 953 5123 continere
998 5064 1282 5135 praevalent
1311 5078 1340 5115 a
1367 5075 1607 5131 peccato.
1652 5065 1827 5120 Medi-

266 5180 399 5220 cum
459 5169 642 5221 autem
693 5156 824 5226 justi
867 5165 966 5219 est,
1021 5153 1108 5220 qui
1162 5149 1326 5201 habet
1374 5152 1528 5206 tidem
1564 5164 1825 5220 tanquam

267 5264 511 5323 granum
543 5247 744 5313 sinapis
767 5244 1039 5301 modicam,
1067 5237 1155 5292 sed
1183 5235 1416 5289 vividam
1438 5250 1490 5292 et
1521 5241 1828 5293 vehemen-

271 5351 412 5404 tem,
452 5351 549 5405 per
577 5348 735 5404 quam
763 5347 820 5387 se
849 5326 1126 5385 communit
1158 5330 1211 5373 et
1242 5326 1485 5381 continet
1512 5343 1538 5379 a
1564 5337 1826 5395 peccato.

347 5543 396 5572 ¹¹
436 5538 535 5590 lsa.
574 5548 624 5595 v,
664 5528 713 5579 8.
788 5523 829 5553 ³³
868 5517 1218 5595 νευμηκχνιιι,
1280 5513 1367 5568 Hi.
1446 5521 1488 5551 ’³
1550 5519 1690 5573 Luc.
1754 5536 1802 5571 χε

1929 5522 1981 5575 9.
2054 5520 2098 5550 "
2128 5514 2260 5569 Psal.
2294 5520 2471 5569 xxxvi,
2531 5499 2614 5553 lii.
2687 5496 2730 5525 ²⁰
2768 5489 2787 5542 l
2824 5485 2946 5537 Cor.
2996 5496 3031 5541 ι,

281 5625 401 5670 xm,
435 5579 744 5658 '8iw‘ii‘sznl.
788 5601 956 5644 xssw,
998 5579 1070 5631 l7.

1878 557 1976 609 tias
2002 559 2342 623 peccatorum
2378 544 2571 598 multas
2593 588 2606 608 ,
2641 558 2772 611 quas
2800 543 2993 594 habent
3023 539 3075 592 in
3101 537 3401 604 eloquentia
3477 595 3483 602 ,

1878 658 1941 697 ac
1961 640 2222 710 sapientia
2253 633 2406 701 hujus
2433 634 2613 687 szeculi
2635 670 2650 694 ,
2683 646 2801 698 quae
2839 628 3150 682 destruitur.
3202 625 3400 677 Tamen

1879 733 1922 787 si
1944 731 2175 798 potuerit
2201 725 2327 795 quis
2359 731 2412 776 et
2438 721 2651 775 divitias
2690 719 2903 778 habere,
2933 725 2988 768 et
3013 729 3117 768 non
3154 720 3402 781 peccato-

1879 835 1996 874 rum
2046 819 2244 871 habere
2295 812 2549 873 divitias;
2585 808 2677 862 sed
2732 817 3056 872 congregare
3112 803 3283 868 aliqua
3339 802 3405 853 de

1883 906 2143 961 thesauris
2189 902 2351 970 Moysi
2404 899 2743 969 legislatoris,
2794 897 2895 949 alia
2934 895 3091 946 etiam
3140 891 3206 942 de
3241 903 3403 942 censu

1881 996 2156 1062 acquirere
2180 991 2585 1057 prophetarum,
2622 987 2685 1040 de
2720 985 2881 1047 lsaia,
2927 986 2993 1035 de
3032 979 3285 1040 Jereuiia,
3338 977 3406 1030 de

1884 1065 2185 1145 Ezechiele,
2236 1075 2562 1145 perscrutari
2621 1087 2831 1142 quoque
2888 1078 3096 1125 secreta
3154 1062 3405 1127 Danielis,

1881 1178 2300 1231 cmterorumque
2332 1163 2709 1230 prOphetarum
2748 1157 3049 1212 reconditos
3077 1162 3129 1206 et
3152 1153 3409 1204 obscuros

1882 1266 2164 1325 penetrare
2193 1254 2506 1314 thesauros;
2534 1251 2634 1303 iste
2645 1248 2753 1312 jam
2783 1261 2886 1300 nou
2906 1244 3183 1299 confertur
3206 1240 3412 1307 sapien-

1886 1347 2025 1398 tibus
2060 1343 2219 1408 hujus
2249 1339 2450 1402 mundi,
2484 1346 2543 1391 ut
2585 1336 2774 1390 melior
2799 1334 2901 1386 illis
2927 1333 3150 1394 dicatur,
3183 1328 3275 1382 sed
3306 1326 3415 1378 illis

1886 1434 2056 1502 magis
2085 1438 2395 1498 exarquatur
2421 1428 2513 1495 qui
2541 1426 2787 1480 dicebant
2813 1422 2880 1484 ",
2908 1423 3031 1489 quia
3076 1421 3253 1471 diuites
3288 1416 3413 1484 [acti

1884 1523 2005 1574 estis
2063 1521 2117 1572 in
2156 1520 2291 1571 omni
2337 1516 2487 1568 verba
2547 1523 2593 1566 et
2647 1514 2701 1563 in
2753 1509 2891 1562 omni
2930 1509 3181 1566 scientia;
3223 1512 3277 1557 et.
3323 1506 3413 1569 qui

1887 1612 2221 1664 destrucntes
2251 1606 2404 1672 hujus
2432 1602 2612 1657 mundi
2647 1598 2981 1667 sapientiam,
3007 1606 3062 1650 et
3089 1595 3229 1649 velut
3252 1594 3417 1645 victo-

1889 1714 1975 1753 res
2000 1697 2114 1766 ejus
2137 1696 2312 1751 eil'ecti
2343 1695 2526 1748 dicunt
2552 1705 2612 1744 se
2640 1697 2855 1757 paratos
2881 1701 2998 1741 esse
3033 1685 3101 1740 ad
3137 1683 3414 1750 captivan-

1821 1766 1862 1819 Β
1892 1790 2014 1844 dum
2064 1801 2273 1843 omnem
2313 1785 2641 1839 intellectum
2676 1781 3012 1835 extollentem
3045 1792 3103 1831 se
3127 1785 3181 1829 et
3205 1774 3418 1843 erigen-

1895 1889 1999 1933 tem
2055 1877 2311 1931 adversus
2360 1873 2638 1929 scientiam
2674 1870 2891 1925 Christi.
2944 1868 3051 1920 Etsi
3082 1867 3294 1933 quidem
3331 1863 3418 1916 ille

1893 1970 1964 2021 sit
1997 1981 2152 2033 quem
2183 1963 2422 2030 superius
2462 1962 2693 2014 diximus
2724 1958 3000 2025 imperitus
3034 1963 3087 2007 et
3118 1953 3301 2013 idiota,
3323 1954 3418 2005 sed

1894 2055 2066 2108 lidelis
2089 2062 2144 2105 et
2184 2052 2375 2104 timens
2414 2048 2604 2112 Deum,
2651 2046 2831 2098 melius
2866 2052 2936 2095 est
2983 2040 3236 2092 modicum
3294 2037 3418 2089 illud

1896 2142 2016 2196 ﬁdei
2061 2140 2183 2193 huic
2218 2139 2364 2206 justo
2407 2151 2559 2202 super
2586 2135 2794 2186 divitias
2833 2138 3155 2198 peccatorum
3208 2123 3419 2183 multas,

1894 2244 2029 2299 quas
2076 2243 2197 2282 cum
2252 2226 2410 2293 hujus
2461 2210 2640 2278 saeculi
2704 2220 2966 2287 sapientia
3021 2220 3419 2280 compararunt.

1898 2321 2070 2387 Super
2099 2317 2281 2369 ambos
2307 2321 2483 2366 autem
2511 2311 2642 2364 istos
2662 2319 2745 2363 est
2777 2309 2865 2376 qui
2898 2307 3047 2361 dives
3071 2314 3152 2357 est
3177 2305 3232 2354 in
3261 2300 3424 2354 verbo

1899 2408 1991 2462 Dei
2012 2418 2067 2461 et
2104 2399 2595 2459 scientia'veritatis
2618 2436 2634 2463 ,
2660 2399 2712 2451 id
2744 2406 2826 2450 est
2857 2395 2945 2463 qui
2975 2391 3261 2447 secundum
3290 2388 3425 2443 Pau-

1901 2495 2008 2547 lum
2037 2494 2187 2545 dives
2214 2497 2297 2544 est
2349 2488 2401 2540 in
2442 2485 2584 2540 omni
2616 2485 2777 2536 verbo
2801 2492 2853 2535 et
2899 2483 2949 2535 in
2992 2479 3135 2534 omni
3180 2477 3424 2539 scientia,

1901 2594 1955 2638 et
1993 2580 2330 2635 nihilominus
2381 2578 2526 2629 dives
2580 2582 2665 2628 est
2720 2573 2771 2624 in
2824 2569 3080 2638 operibus
3135 2566 3308 2620 bonis.
3361 2563 3421 2618 Si

1901 2676 2077 2721 autem
2126 2667 2206 2718 vis
2248 2664 2387 2718 scire
2417 2662 2543 2729 quid
2599 2666 2682 2712 est
2740 2657 2956 2709 divitem
3008 2668 3128 2707 esse
3185 2654 3237 2704 in
3280 2652 3425 2704 omni

1903 2757 2087 2818 verbo,
2117 2754 2350 2808 breviter
2384 2759 2433 2802 te
2466 2749 2683 2802 docebo.
2712 2745 2885 2812 Incipe
2913 2743 3180 2797 discutere
3204 2754 3233 2792 a
3256 2739 3429 2806 primo

1902 2846 2064 2900 verbo
2086 2843 2370 2904 Geueseos,
2415 2839 2537 2890 inde
2575 2836 2624 2888 in
2668 2834 2827 2887 verbo
2859 2831 3048 2892 Exodi,
3085 2838 3205 2896 post
3234 2829 3346 2881 hazc
3376 2825 3429 2878 in

1904 2936 2067 2989 verbo
2112 2931 2371 2991 Levitici,
2434 2930 2486 2980 in
2546 2925 2834 2986 Numeris,
2901 2922 2953 2974 in
3002 2916 3430 2975 Deuteronomio,

1905 3027 2106 3080 ditesce
2154 3021 2220 3075 de
2254 3019 2380 3073 .lcsu
2431 3016 2592 3077 Nave,
2623 3012 2851 3067 ditesce
2878 3013 2943 3065 de
2990 3010 3235 3064 omnibus
3277 3002 3434 3060 simul

1897 3113 2184 3185 judicibus,
2227 3119 2282 3164 et
2305 3111 2414 3177 jam
2448 3105 2569 3159 inde
2601 3116 2695 3168 per
2739 3098 3169 3167 consequentiam
3216 3097 3280 3148 de
3320 3095 3435 3147 siu-

1903 3206 2037 3274 gulis
2062 3202 2356 3267 quibusque
2395 3197 2682 3263 Scriptura:
2731 3190 2922 3243 divina:
2967 3188 3115 3240 libris
3160 3199 3436 3253 usquequo

1902 3273 2180 3362 pervenias
2212 3290 2277 3341 ad
2323 3283 2659 3351 evangelicae
2711 3277 3140 3346 apostolicasque
3197 3273 3435 3325 divitias.

1907 3360 2036 3434 Nam
2072 3363 2218 3431 verbi
2260 3387 2443 3437 causa,
2492 3371 2534 3425 si
2580 3366 2698 3434 quis
2754 3365 2843 3416 uni
2896 3364 3057 3415 verbo
3108 3360 3436 3413 l‘salmorum

1908 3481 2123 3537 operam
2147 3462 2369 3525 dederit,
2406 3469 2459 3512 et
2482 3460 2741 3523 integrum
2774 3451 3080 3521 psalterium
3109 3464 3226 3501 cum
3255 3446 3438 3497 volue-

1910 3532 1978 3611 rit
2009 3553 2175 3617 canit,
2212 3551 2358 3605 dives
2391 3555 2471 3600 est
2499 3544 2708 3610 quidem
2729 3580 2745 3604 ,
2774 3538 2864 3593 sed
2892 3552 2994 3590 non
3020 3535 3071 3587 iu
3096 3532 3240 3587 omni
3278 3533 3439 3582 verbo

1909 3656 2070 3712 atque
2091 3640 2234 3695 omni
2284 3637 2536 3697 scientia,
2571 3632 2662 3685 sed
2690 3638 2770 3684 est
2798 3626 2950 3679 dives
3002 3624 3056 3675 in
3113 3620 3225 3674 solo
3278 3618 3440 3670 verbo

1910 3706 2173 3788 Psalterii.
2220 3726 2311 3779 Vel
2349 3725 2391 3778 si
2438 3724 2557 3790 quis
2581 3716 2897 3784 evangelica:
2943 3721 3100 3778 atque
3139 3706 3442 3775 apostolicae

1911 3818 2126 3876 lectioni
2153 3814 2381 3870 studium
2414 3810 2641 3870 tribuat,
2660 3815 2713 3858 et
2734 3806 2784 3856 in
2816 3798 3081 3855 mandatis
3104 3794 3231 3848 Novi
3256 3790 3442 3845 Testa-

1914 3908 2078 3963 menti
2111 3903 2455 3967 semetipsum
2488 3903 2765 3955 exerceat,
2797 3892 2944 3943 dives
2979 3896 3062 3939 est
3090 3891 3143 3936 et
3183 3882 3268 3933 hic
3291 3917 3307 3942 ,
3350 3877 3442 3931 sed

1914 4013 2021 4052 non
2077 3997 2128 4047 in
2187 3992 2330 4046 omni
2393 3988 2575 4051 verbo,
2633 3984 2730 4037 nisi
2786 3976 3086 4045 evangelico
3146 3978 3345 4023 tantum
3392 3976 3445 4019 et

1916 4083 2227 4155 apostolico.
2263 4081 2319 4134 Si
2346 4093 2468 4130 vero
2493 4073 2723 4144 potuerit
2744 4070 2943 4122 Novum
2973 4079 3036 4117 ac
3063 4061 3226 4116 Vetus
3259 4057 3445 4111 Testa-

1920 4182 2151 4228 mentum
2182 4170 2295 4238 pari
2338 4166 2514 4220 studio
2548 4164 2806 4222 ediscere,
2838 4167 2997 4221 atque
3040 4166 3106 4204 ex
3144 4147 3287 4202 omni
3333 4145 3446 4211 ejus

1918 4235 2217 4318 eruditione
2257 4256 2472 4319 instrui,
2502 4253 2576 4305 ita
2607 4259 2667 4302 ut
2691 4255 2911 4317 paratus
2938 4242 3009 4295 sit
3034 4239 3253 4293 reddere
3279 4235 3443 4288 mtio.

1848 4381 1892 4434 Β
1921 4367 2038 4404 nem
2082 4348 2148 4401 de
2178 4343 2401 4411 singulis
2451 4339 2748 4407 quibusque
2788 4346 2906 4401 quae
2954 4329 3151 4425 scripta
3198 4332 3340 4386 sunt,
3396 4330 3449 4375 et

1921 4436 2083 4488 vitam
2117 4445 2268 4485 suam
2316 4430 2607 4481 secundum
2650 4421 2864 4472 verbum
2904 4413 3143 4468 veritatis
3180 4412 3292 4479 ejus
3332 4423 3449 4476 quae

1922 4525 1973 4577 in
2004 4517 2297 4586 Scripturis
2319 4513 2621 4567 continetur
2650 4516 2869 4576 aptare;
2918 4506 3016 4558 iste
3045 4516 3169 4554 vero
3199 4499 3349 4552 dives
3369 4504 3450 4547 est

1922 4612 1975 4664 in
2005 4607 2147 4662 omni
2182 4605 2346 4658 verbo
2362 4609 2415 4654 et
2437 4601 2493 4652 iu
2516 4597 2660 4651 omni
2682 4607 2842 4663 opere
2869 4594 3026 4646 bono.
3051 4589 3113 4640 Et
3148 4588 3282 4640 istas
3322 4590 3448 4651 puto

1922 4712 2041 4755 esse
2065 4695 2274 4750 divitias
2301 4693 2366 4744 de
2392 4689 2585 4757 quibus
2604 4685 2795 4739 dicitur
2827 4683 2868 4713 "’
2899 4696 2911 4729 :
2951 4675 3243 4743 Redemptio
3264 4673 3449 4724 anima:

1925 4791 2026 4844 viri
2052 4785 2271 4855 propr-iw
2292 4761 2636 4845 divitinjus.
2670 4774 2854 4826 Melius
2870 4783 3001 4835 ergo
3028 4766 3279 4817 modicum
3307 4760 3448 4826 justo

1920 4894 2075 4948 super
2109 4874 2313 4928 diuitias
2336 4879 2654 4938 peccatorum
2685 4861 2892 4915 multas.

1995 4969 2047 5021 7.
2109 4930 2366 5030 Quoniam
2400 4956 2611 5011 brachia
2640 4960 2963 5021 peccatorum
3003 4948 3326 4994 conterentur
3379 4930 3447 4984 ’⁸.

1927 5028 2201 5124 Quomodo
2267 5055 2440 5117 potest
2494 5045 2599 5097 hoc
2647 5036 2937 5094 secundum
2985 5029 3216 5080 litteram
3258 5028 3448 5124 stare:

1929 5104 2139 5203 ζύθειιεὶ
2161 5104 2351 5207 aliquis
2383 5136 2489 5188 vim
2526 5131 2699 5183 facere
2723 5129 2942 5178 conetur
2971 5128 3065 5181 per
3088 5106 3404 5205 imperitiam
3427 5104 3453 5156 2

1934 5236 2073 5289 Sunt
2104 5194 2268 5285 multa
2297 5227 2351 5278 in
2377 5217 2671 5286 Scripturis
2690 5215 2759 5265 ita
2788 5205 2975 5274 posita,
2999 5211 3115 5264 qua:
3142 5194 3298 5247 etiam
3327 5205 3453 5289 eum

1935 5321 2022 5390 qui
2049 5316 2200 5371 valde
2225 5314 2411 5367 brutus
2435 5279 2517 5360 est
2544 5312 2597 5356 et
2618 5297 2809 5357 stertit,
2838 5297 3049 5342 movere
3072 5288 3314 5353 possunt,
3347 5279 3457 5332 imo

3202 5480 3243 5509 27

3076 5478 3126 5532 5.
3202 5480 3243 5509 ³⁷
3299 5477 3459 5531 Prov.

3822 2865 3826 2957 ξ

3823 3440 3825 3513 ι

3823 3524 3825 3607 l

3822 4052 3825 4131 ί

3823 4546 3825 4581 ‘
