3910 6250
411 348 550 404 15η

1789 336 1875 390 EX
1907 331 2200 388 ORIGENE

3689 308 3808 365 ιω

411 467 604 519 cogere
629 461 686 506 ut
718 465 942 507 uccesso
972 451 1165 505 habeat
1209 449 1388 513 littera
1414 448 1667 503 derelicta
1695 446 1759 500 ad
1791 444 1946 498 intel-
1975 443 2023 501 Δ
2048 441 2163 510 quis
2216 450 2398 493 autem
2455 439 2725 507 ignorati
2781 429 3234 503 δυηπαθέων·
3276 423 3364 519 ξι
3406 421 3809 519 Ῐηηενξηείίο

413 543 604 598 iectum
625 541 977 595 conscendere
995 539 1312 608 spiritalem:
1342 539 1479 592 sicut
1496 548 1548 591 et
1585 551 1727 590 nunc
1749 535 1945 590 faciunt

411 629 628 684 brachia
659 631 759 684 ista
799 630 1114 698 peccatoris,
1150 628 1342 696 quibus
1363 622 1948 681 imtninere'coutritio-

412 735 535 774 nem
574 721 946 774 comminatur.
987 719 1092 772 Sed
1140 728 1195 772 et
1256 718 1307 770 in
1350 717 1456 770 alio
1505 717 1624 769 loco
1677 714 1804 768 dicit
1857 716 1942 767 ’νε

409 806 633 864 Contsre
661 811 924 862 brachium
957 810 1238 874 peccatoris
1269 819 1316 862 et
1345 809 1580 877 maligni.
1613 807 1752 874 Quid
1779 807 1948 876 ergo?

409 898 685 951 brachium
731 899 871 950 istud
925 913 1239 965 corporeum
1271 898 1568 968 peccatoris
1619 906 1674 951 et
1729 896 1946 965 maligni

410 988 716 1056 putabimus
743 991 1164 1064 conterendum?
1199 989 1312 1044 Non
1356 989 1511 1042 facile
1555 989 1654 1041 hoc
1702 988 1947 1042 accidere

343 1069 349 1083 ’
406 1075 665 1130 videmus.
699 1076 802 1130 Sed
827 1079 870 1132 si
905 1080 1205 1134 intueamur
1236 1082 1505 1148 quomodo
1533 1095 1654 1134 cum
1677 1077 1802 1132 elati
1827 1078 1947 1132 fue-

403 1162 513 1218 rint
575 1165 628 1216 in
696 1167 999 1234 superbiam
1071 1177 1415 1235 peccatores,
1483 1177 1536 1223 et
1601 1182 1760 1222 arcus
1819 1180 1946 1221 suos

404 1254 728 1320 paraverint,
765 1264 819 1308 et
858 1255 1080 1323 sagittas
1131 1256 1248 1310 illas
1293 1270 1438 1320 suas,
1475 1257 1540 1309 de
1574 1255 1766 1323 quibus
1784 1267 1946 1322 supe-

406 1344 516 1397 rius
563 1345 812 1409 diximus,
873 1348 1201 1400 tetenderint
1256 1348 1512 1402 adversus
1556 1347 1764 1414 iustos;
1821 1360 1943 1398 cum

404 1432 516 1486 huic
565 1435 738 1489 omnis
787 1449 968 1488 eorum
1006 1437 1226 1491 intentio
1279 1438 1486 1491 Domini
1539 1436 1700 1490 fuerit
1743 1436 1943 1488 virtute

401 1523 706 1585 destructa,
763 1525 841 1577 sic
912 1525 1105 1578 merito
1163 1525 1358 1580 dicitur
1417 1526 1689 1579 brachium
1753 1539 1944 1592 pecca-

404 1610 534 1662 toris
589 1625 708 1664 esse
757 1614 1068 1668 contritum.
1145 1615 1236 1668 Vel
1293 1615 1400 1668 alio
1461 1616 1615 1668 modo
1689 1615 1940 1683 quoniam

398 1699 558 1768 667
588 1715 773 1755 manus
813 1712 862 1755 et
906 1705 1179 1759 brachium
1220 1705 1400 1771 operis
1435 1714 1518 1758 est
1566 1705 1843 1757 iudicium.
1877 1704 1935 1756 Si

400 1805 528 1854 ergo
560 1789 741 1841 videas
769 1800 1102 1857 peccatorem
1145 1793 1208 1844 ad
1247 1807 1380 1858 opus
1429 1793 1650 1856 bonum,
1684 1793 1749 1844 ad
1803 1807 1939 1860 opus

401 1874 786 1929 misericordiae
838 1893 943 1930 non
1001 1881 1376 1932 extendentem
1448 1895 1662 1933 manum
1742 1896 1935 1942 suam,

401 1966 692 2018 absurdum
729 1981 830 2018 non
865 1969 968 2021 crit
997 1967 1176 2022 dicere
1205 1971 1487 2022 brachium
1525 1971 1641 2036 ejus
1667 1985 1788 2024 esse
1811 1987 1941 2024 con-

402 2054 609 2106 tritum.
653 2055 755 2108 Sed
809 2054 1105 2121 hujusmodi
1158 2059 1535 2110 contritionem
1579 2074 1682 2111 non
1733 2075 1762 2112 a
1807 2059 1938 2122 Deo,

399 2145 494 2197 sed
530 2159 558 2195 a
606 2144 816 2196 diabolo
848 2144 961 2198 ﬁeri
1005 2146 1329 2199 credendum
1365 2156 1463 2200 est.
1513 2147 1627 2212 Ipse
1661 2157 1743 2201 est
1795 2149 1938 2201 enim

399 2233 489 2299 qui
521 2233 750 2285 conterit
787 2243 839 2285 et
873 2235 1198 2302 constringit
1221 2236 1440 2288 brachia
1470 2246 1843 2302 peccatorum,
1876 2252 1942 2290 ne

399 2321 466 2372 ad
509 2322 928 2374 misericordiam
971 2325 1342 2376 extendantur.
1395 2325 1478 2376 Fit
1523 2339 1650 2392 ergo
1694 2327 1938 2392 quaedam

400 2409 650 2461 contritio
708 2421 1047 2476 peccatorum
1083 2426 1110 2464 a
1150 2414 1278 2474 Deo,
1329 2428 1450 2464 cum
1501 2414 1815 2467 insidiantes
1846 2429 1941 2468 eos

395 2497 541 2564 justo
567 2498 789 2551 destruit
819 2509 873 2552 et
903 2501 1168 2565 deterret;
1213 2501 1456 2567 quaedam
1487 2517 1610 2555 vero
1642 2499 1668 2553 a
1703 2503 1938 2569 diabolo,

399 2601 521 2638 cum
567 2587 689 2640 boni
721 2591 902 2656 operis
938 2591 1110 2642 studia
1161 2590 1300 2643 velut
1343 2591 1538 2644 vinctis
1591 2603 1643 2645 et
1693 2594 1942 2647 contritis

401 2675 692 2730 inﬁdelium
737 2680 971 2732 brachiis
1013 2681 1253 2746 impedit.
1304 2681 1365 2733 Et
1405 2691 1486 2734 est
1531 2681 1631 2732 alia
1661 2684 1940 2749 contritio,

400 2777 518 2829 quae
548 2781 576 2816 a
616 2765 722 2818 Deo
751 2767 964 2832 quidem
1016 2771 1344 2831 conceditur,
1397 2770 1646 2837 impletur
1695 2784 1873 2825 autem
1911 2789 1938 2826 a

403 2854 650 2916 diabolo,
693 2856 780 2906 illa
830 2857 896 2909 de
950 2873 1055 2923 qua
1101 2860 1312 2910 dicebat
1358 2861 1602 2915 diabolus
1646 2866 1712 2915 ad
1756 2866 1939 2919 Domi-

402 2954 526 2991 num
549 2941 592 2971 ³⁸
623 2957 638 2994 :
679 2941 1035 2995 Verumtamen
1061 2947 1277 2996 immitte
1304 2963 1513 2999 manum
1540 2959 1683 3002 tuam
1711 2964 1756 3004 et
1790 2963 1943 3022 longe

2046 530 2134 584 ubi
2191 530 2326 582 dicit
2360 529 2649 581 Dominus
2688 525 2767 578 ad
2807 527 3226 590 peccatores
3273 513 3332 546 ³⁸
3394 530 3412 566 :
3468 509 3675 564 Nescio
3711 531 3808 578 eos,

2045 621 2504 683 discediteame,
2558 616 2822 683 operarii
2885 608 3302 681 iniquitatis.
3372 604 3553 660 Sicut
3613 619 3741 674 ergo
3768 617 3813 659 et

2047 709 2174 763 alibi
2227 709 2433 762 dicitur
2458 708 2506 740 ⁸⁷
2540 725 2559 764 :
2599 707 2927 775 Cognoscit
2968 701 3310 756 Dominus
3356 697 3469 766 qui
3525 707 3652 748 sunt
3691 698 3812 765 ejus,

2047 801 2128 854 sic
2179 801 2272 854 hic
2307 815 2418 854 non
2474 799 2824 868 impiorum.
2891 796 3014 850 sed
3079 789 3660 848 immaculatorum
3716 793 3812 844 dies

2046 903 2390 957 cognoscere
2424 889 2641 944 dicitur
2693 887 3039 941 Dominus.
3108 881 3316 951 Digni
3373 880 3546 932 enim
3602 879 3812 934 scientia

2052 977 2264 1031 Domini
2305 976 2820 1030 immaculatorum
2851 974 3032 1028 dies.
3082 970 3227 1026 Sed
3263 977 3334 1024 et
3371 969 3500 1023 hoc
3528 971 3813 1024 secundum

2048 1066 2300 1121 litteram
2330 1067 2525 1120 nescio
2563 1066 2613 1118 si
2649 1065 2850 1135 possit
2887 1069 3414 1131 consequenter
3464 1061 3702 1130 exponi.
3731 1060 3813 1127 Qui

2047 1156 2193 1209 enim
2234 1167 2467 1222 possunt
2515 1169 2644 1210 esse
2697 1156 2834 1210 dies
2901 1152 3546 1216 immaculatorum,
3603 1154 3814 1222 quinos

2047 1246 2158 1300 sint
2179 1247 2351 1300 etiam
2377 1247 2790 1314 peccatorum?
2825 1260 2980 1300 cum
3028 1242 3249 1310 hujus
3285 1243 3512 1296 saeculi
3552 1244 3679 1296 dies
3727 1260 3814 1296 una

2047 1335 2352 1404 eademque
2383 1337 2457 1389 sit
2502 1337 2805 1398 omnibus,
2855 1344 3079 1404 atque
3123 1335 3196 1389 in
3258 1335 3494 1389 eadem
3535 1333 3812 1402 sivejusn',

2047 1427 2164 1483 sive
2190 1435 2518 1492 peccatores
2554 1427 2729 1482 simul
2762 1427 2908 1481 luce
2945 1437 3336 1480 versentur
3375 1445 3392 1478 :
3432 1425 3596 1480 sicut
3615 1435 3672 1478 et
3719 1427 3815 1493 ipse

2046 1515 2314 1567 Dominus
2343 1517 2411 1568 de
2432 1513 2606 1568 Patre
2639 1515 2786 1568 dicit
2823 1515 2904 1577 ³⁸,
2948 1515 3123 1583 quia
3196 1515 3406 1567 solens
3462 1529 3636 1568 suum
3679 1513 3814 1584 jam

2045 1602 2175 1655 oriri
2205 1618 2367 1669 super
2390 1603 2554 1654 bonos
2578 1611 2630 1656 et
2655 1602 2869 1660 malos.
2902 1601 3288 1667 Quomodo
3353 1617 3509 1671 ergo
3555 1602 3650 1655 hic
3685 1601 3813 1655 velut

2045 1701 2337 1757 exceptum
2385 1691 2600 1758 aliquid
2661 1701 2722 1744 et
2784 1699 3246 1760 segregatum
3315 1690 3812 1746 immaculatoruu

2043 1779 2162 1832 dies
2191 1793 2532 1847 cognoscere
2563 1780 2786 1835 dicitur
2825 1781 3178 1836 Dominus
3198 1781 3232 1834 τ
3267 1781 3404 1836 Sed
3433 1781 3732 1834 videamus
3756 1799 3810 1836 ne

2041 1868 2184 1922 forte
2217 1871 2603 1936 unusquisque
2641 1871 2966 1937 prapriam
3041 1871 3188 1924 sibi
3253 1872 3399 1938 ipse
3439 1871 3622 1926 faciat
3661 1873 3806 1926 diem.

2044 1957 2108 2010 Et
2137 1957 2184 2010 si
2216 1961 2437 2025 quando
2485 1959 2839 2024 ahjicientes
2900 1960 3368 2013 mendacium
3413 1960 3708 2028 loquimur
3735 1977 3808 2012 re-

2045 2048 2261 2100 ritatem
2312 2063 2438 2102 cum
2490 2050 2756 2116 proximo
2818 2059 3098 2112 nostro,
3167 2052 3240 2104 in
3319 2053 3610 2107 veritatis
3653 2053 3736 2107 die
3762 2063 3807 2107 et

2042 2138 2291 2190 veritatis
2325 2137 2450 2191 luce
2480 2151 2808 2191 versamur.
2875 2137 3245 2194 Similiter
3277 2151 3349 2195 et
3400 2158 3548 2196 cum
3587 2146 3804 2196 retrahi-

2043 2242 2164 2279 mus
2209 2243 2306 2281 nos
2347 2229 2416 2281 ab
2454 2227 2526 2283 iis
2559 2229 2657 2296 qui
2703 2230 2985 2283 oderunt
3018 2229 3320 2296 fratres,
3388 2241 3456 2285 et
3496 2233 3554 2286 in
3589 2233 3804 2288 tenebris

2041 2315 2344 2378 ambulant,
2391 2324 2452 2368 et
2500 2317 2554 2369 in
2605 2317 2953 2371 dilectione
3005 2318 3327 2372 fratrum
3374 2335 3801 2388 permanetnus.

2043 2406 2156 2460 dies
2191 2407 2348 2460 nobis
2377 2406 2617 2460 facimus
2647 2408 2891 2462 charita
2907 2410 3029 2463 tis.
3081 2410 3227 2464 Sed
3261 2419 3333 2464 et
3374 2427 3520 2465 cum
3547 2411 3800 2479 justitiam

2042 2496 2409 2560 custodimus,
2444 2509 2653 2550 etcum
2705 2501 3064 2554 visitantes
3129 2502 3378 2558 viduas
3409 2515 3594 2572 atque
3617 2505 3799 2570 orpha-

2045 2602 2143 2640 nos
2182 2589 2233 2641 in
2263 2587 2627 2642 tribulatione
2658 2602 2790 2650 sua,
2856 2589 3366 2647 iuunaculatos
3420 2607 3534 2646 nos
3576 2594 3799 2646 custodio

2043 2691 2162 2728 mus
2195 2676 2263 2728 ab
2293 2676 2396 2728 hoc
2427 2675 2656 2734 smculo,
2697 2676 3313 2736 immaculatorum
3353 2680 3540 2736 nobis
3576 2682 3708 2751 ipsis
3729 2681 3797 2734 fs-

2044 2767 2218 2820 cimus
2249 2766 2384 2818 dies.
2435 2765 2505 2818 Et
2557 2765 2649 2819 isti
2684 2777 2829 2820 sunt
2889 2769 3046 2824 dies
3104 2786 3290 2839 quos
3357 2787 3542 2828 nosse
3589 2774 3793 2837 dicitur,

2043 2856 2258 2923 quando
2302 2855 2591 2923 cognoscit
2636 2856 2763 2909 dies
2818 2856 3470 2918 immaculatorum.
3524 2861 3727 2917 Verum
3756 2865 3792 2916 si

2045 2947 2394 2998 sacratiorem
2441 2946 2627 2999 adhuc
2685 2961 2952 3001 sensum
3022 2951 3101 3004 in
3168 2952 3302 3007 hoc
3363 2953 3506 3008 loco
3561 2954 3795 3007 volumus

402 3031 574 3080 omnia
618 3045 733 3096 qua!
775 3031 952 3093 habet,
986 3034 1084 3083 nisi
1128 3033 1179 3084 in
1213 3035 1396 3090 [aciem
1435 3046 1483 3087 te
1519 3039 1857 3106 benedia-erit,
1885 3058 1937 3100 et

2160 3035 2402 3099 scrutari,
2454 3049 2767 3103 possumus
2808 3039 3044 3094 dicere
3110 3043 3280 3112 quia
3327 3047 3468 3100 dies
3521 3046 3653 3101 mali
3683 3056 3791 3099 sunt

404 3127 514 3168 tum
556 3120 762 3186 accepit
807 3135 928 3174 eum
974 3123 1024 3174 in
1073 3133 1354 3189 potestate.
1407 3123 1557 3179 Unde
1600 3141 1654 3183 et
1699 3134 1813 3198 ipse
1841 3136 1940 3192 Job

401 3204 478 3256 ait
506 3204 547 3236 ³⁸
581 3223 596 3258 :
634 3206 818 3259 .ilnnus
846 3210 978 3260 enim
1018 3209 1222 3262 Domini
1256 3220 1331 3264 est
1366 3230 1481 3279 quat
1514 3219 1729 3285 contigit
1765 3237 1868 3275 me.

470 3291 524 3348 8.
557 3292 799 3361 Sit/fulcit
827 3309 993 3350 autem
1019 3299 1193 3365 justas
1225 3300 1471 3355 Dominus
1498 3304 1564 3358 ".
1600 3307 1703 3370 Qui
1741 3310 1939 3364 inlirmi

401 3392 601 3436 suntet
640 3384 871 3452 fragiles,
915 3403 1047 3454 opus
1074 3389 1269 3443 habent
1298 3391 1595 3448 suﬁ'ultore.
1644 3395 1744 3451 Ubi
1783 3401 1939 3456 ruina

401 3470 645 3524 imminet
675 3483 727 3524 et
758 3472 960 3542 lapsus,
1004 3477 1075 3529 ibi
1100 3478 1355 3543 quaeritur
1385 3481 1688 3539 sulIultura.
1747 3489 1941 3544 Omnis

401 3568 577 3611 autem
631 3560 788 3614 homo
841 3575 1097 3629 quantum
1128 3568 1193 3619 ad
1248 3569 1536 3624 humanam
1591 3574 1938 3642 fragilitatem

400 3657 625 3714 spectat,
659 3659 713 3704 et
747 3651 989 3704 inﬁrmus
1017 3664 1103 3707 est
1131 3666 1184 3708 et
1205 3668 1482 3726 promptus
1514 3665 1580 3716 ad
1613 3665 1840 3732 lapsum.
1875 3670 1939 3722 Et

401 3735 454 3786 in
507 3736 605 3789 hoc
651 3739 864 3805 quidem
898 3742 1102 3807 psalmo
1152 3747 1407 3813 scriptum
1451 3759 1553 3813 est,
1599 3755 1721 3819 quia
1763 3755 1939 3821 justos

401 3825 664 3879 suffulciat
720 3829 1004 3893 Dominus,
1062 3842 1112 3884 et
1165 3833 1216 3884 i'n
1252 3835 1356 3888 alio
1398 3837 1525 3889 dicit
1567 3839 1612 3870 ³³
1643 3857 1656 3892 :
1687 3839 1939 3910 Sit/fulcit

399 3911 653 3967 Dominus
678 3931 850 3968 omnes
870 3920 958 3984 qui
990 3921 1203 3984 cadunt,
1231 3934 1276 3976 et
1302 3926 1449 3992 erigit
1477 3927 1728 3984 Dominus
1760 3948 1937 3988 onmes

400 3999 573 4052 elisos.
601 4001 825 4055 'l‘autum
856 4015 940 4058 est
961 4015 1020 4058 ut
1043 4022 1140 4061 nos
1179 4016 1621 4081 expergiscantur
1649 4020 1938 4088 aliquando

399 4096 454 4139 et
477 4089 804 4154 evigilcmns,
831 4103 890 4144 ut
924 4094 966 4145 si
997 4101 1211 4161 quando
1243 4116 1338 4165 per
1371 4105 1734 4162 inﬁrmitatem
1776 4127 1937 4168 casus

401 4176 594 4244 aliquis
639 4180 900 4242 imminet.
945 4185 1294 4253 deprecemur
1344 4194 1624 4250 Dominum
1668 4211 1724 4253 ut
1760 4203 1939 4259 mittat

401 4267 554 4356 nobis
584 4269 800 4320 verbum
831 4285 982 4322 suum
999 4283 1064 4325 .et
1095 4277 1414 4343 sapientiam
1457 4299 1631 4350 suam,
1676 4304 1794 4356 qua
1824 4293 1940 4346 suf-

401 4349 584 4402 fulciat
614 4367 832 4406 casuros
855 4366 910 4407 et
937 4361 1125 4424 erigat.

470 4433 522 4486 9.
557 4434 824 4530 Dognoscit
890 4442 1138 4499 Dominus
1181 4452 1289 4504 dies
1330 4456 1820 4530 immnculatorum,
1883 4479 1932 4521 et

399 4520 673 4574 Iurreditas
724 4542 898 4578 eorum
952 4532 1004 4583 in
1046 4545 1290 4593 teternum
1345 4549 1440 4596 erit
1495 4548 1557 4604 “.
1623 4520 1930 4610 Secundum

403 4609 731 4678 Scripturas,
758 4615 890 4667 sicut
921 4617 971 4668 in
1015 4622 1190 4676 multis
1215 4626 1347 4682 locis
1375 4633 1792 4702 observavimus,
1818 4643 1924 4695 Do-

402 4698 577 4752 minus
608 4715 712 4752 non
742 4706 915 4756 omnia
947 4714 1239 4775 cognoscit,
1263 4718 1354 4769 sed
1389 4721 1497 4772 sola
1523 4724 1610 4777 illa
1648 4698 1930 4794 quasibona

401 4793 556 4849 sunt;
590 4788 722 4838 mala
757 4797 928 4842 autem
957 4793 1150 4848 dicitur
1192 4800 1457 4869 ignorare,
1493 4826 1594 4863 non
1631 4788 1770 4881 quod
1806 4833 1934 4873 vere

400 4875 596 4941 aliquid
622 4876 693 4928 sit
721 4879 861 4943 quod
907 4881 1020 4943 ejus
1051 4886 1328 4941 scientiam
1364 4893 1544 4959 lateat,
1593 4875 1684 4954 sed
1714 4920 1775 4957 ea
1817 4922 1936 4972 qua:

401 4963 612 5029 indigna
663 4975 786 5020 sunt
815 4968 1028 5022 notione
1065 4972 1198 5036 ejus,
1226 4975 1428 5032 dieitur
1462 4985 1731 5053 ignorare.
1781 4963 1932 5058 Quod

399 5055 728 5106 ostendimus
757 5057 915 5108 etiam
946 5059 1010 5109 de
1047 5059 1363 5128 Scripturis,
1395 5081 1514 5122 cum
1543 5075 1674 5128 dicit
1702 5055 1934 5146 Aposto-

400 5139 488 5192 lus
515 5143 558 5172 ³⁸
587 5157 601 5194 :
631 5142 686 5196 Si
715 5145 827 5210 quis
853 5147 906 5198 in
936 5148 1070 5200 vobis
1105 5152 1368 5218 propheta,
1418 5159 1492 5210 vel
1517 5139 1791 5230 spiritalii,
1846 5190 1935 5226 co-

401 5242 608 5295 gnoscat
636 5249 748 5299 qua:
777 5235 942 5287 scribo
968 5238 1126 5302 vobis,
1155 5243 1401 5307 quoniam
1433 5245 1639 5305 Domini
1677 5269 1817 5312 sunt.
1869 5263 1932 5317 Si

471 5454 953 5541 i’n':s_al_i,,x,’-15;n
1001 5463 1199 5541 ""19!"
1243 5482 1280 5541 Pr
1329 5469 1412 5521 Η·
1436 5538 1456 5541 _
1487 5473 1526 5502 ³⁸
1555 5472 1672 5526 Job.
1703 5492 1812 5541 xix,
1844 5480 1937 5538 21.

407 5513 454 5610 IT
479 5513 971 5622 λέν-,ἓνέέβᾶ
1000 5513 1293 5622 οἶδ’ἓιέιέξὲἕ·
1321 5513 1412 5622 iii
1431 5538 1525 5622 35.;
1554 5513 1958 5622 I‘i'i'tt‘i‘iinfii.
1978 5513 2076 5622 ιὲιῖ

410 5588 450 5610 ⁸·
481 5584 600 5640 lsai.
641 5602 727 5651 ιτς,
761 5584 880 5644 ἰυβ
920 5595 961 5624 ’δ’
1000 5597 1077 5650 l‘s.
1111 5584 1290 5666 xxxvi,
1324 5584 1412 5658 lii:
1435 5584 1526 5637 ""3
1552 5608 1656 5661 ibid

2043 3123 2200 3191 hujus
2227 3124 2410 3177 saeculi
2443 3126 2762 3179 secundum
2795 3131 2984 3194 quod
3020 3135 3371 3204 scriptum
3405 3147 3503 3192 est
3534 3139 3586 3170 "
3615 3154 3630 3189 :
3663 3137 3790 3202 Quo-

2043 3215 2186 3268 uiam
2213 3215 2323 3265 dies
2351 3213 2480 3266 mali
2509 3224 2660 3268 sunt.
2699 3215 2844 3271 Dies
2877 3230 3127 3277 auleln
3159 3225 3327 3280 boni
3374 3228 3480 3282 alii
3519 3238 3676 3293 sunt,
3703 3228 3783 3297 qui

2039 3307 2096 3360 et
2143 3305 2242 3372 ipsi
2288 3306 2780 3361 immaculatorum
2844 3321 3012 3366 sunt
3047 3352 3075 3380 ,
3156 3331 3339 3385 quos
3385 3320 3665 3374 Dominus
3706 3334 3781 3373 co-

2041 3395 2276 3462 gnoscit,
2309 3394 2362 3446 in
2391 3395 2595 3462 quibus
2617 3405 2676 3449 et
2709 3399 3079 3456 litereditas
3145 3418 3390 3462 eorum
3427 3411 3487 3464 in
3528 3421 3778 3466 aternuni

2041 3493 2256 3549 manet;
2294 3495 2422 3539 tunc
2444 3487 2569 3541 sine
2593 3489 2770 3544 dubio
2797 3505 2954 3546 cum
3001 3495 3179 3563 justi
3249 3503 3672 3556 haereditatem
3700 3518 3781 3555 rs—

2039 3576 2192 3643 pient
2234 3576 2356 3629 vita:
2383 3587 2632 3641 a-ternae,
2690 3597 3198 3653 consequentes
3261 3611 3412 3664 qua:
3469 3596 3663 3650 oculus
3692 3612 3780 3648 an

2037 3665 2188 3725 vidit.
2215 3682 2308 3718 nec
2342 3668 2490 3720 auris
2527 3671 2773 3732 audivit.
2806 3690 2919 3729 nec
2960 3681 3034 3732 in
3073 3701 3198 3737 cor
3228 3690 3506 3742 hominis
3537 3689 3778 3746 ascendil.

2039 3767 2154 3818 qum
2183 3757 2504 3818 prwparavit
2538 3756 2684 3810 Deus
2709 3761 3136 3830 diligentibus
3178 3791 3252 3828 se
3285 3777 3367 3832 “.
3405 3776 3500 3832 Illi
3534 3789 3662 3834 sunt
3692 3780 3779 3831 im-

2039 3839 2434 3895 maculatorum
2465 3844 2610 3907 dies,
2641 3847 2699 3899 in
2730 3851 2972 3917 quibus
3007 3872 3151 3914 non
3196 3863 3327 3919 iste
3355 3869 3454 3921 sol
3498 3884 3663 3938 quem
3700 3882 3780 3919 oc-

2039 3942 2201 3982 casus
2229 3931 2460 3999 excipit,
2492 3943 2551 3987 et
2579 3934 2744 4002 cujus
2773 3955 2899 3996 nox
2933 3955 3334 4011 succedens
3366 3931 3576 4014 lumen
3603 3959 3777 4013 interi-

2038 4018 2158 4082 mit,
2192 4018 2289 4072 sed
2334 4021 2418 4074 sol
2460 4021 2703 4088 justitia:
2760 4027 3040 4101 lucebit,
3103 4045 3222 4106 qui
3273 4060 3531 4102 noctem
3559 4051 3772 4108 nesciaL

2036 4108 2129 4174 qui
2159 4109 2338 4162 lumen
2368 4116 2787 4178 :nternum'sit.
2822 4121 3006 4178 sicut
3044 4133 3386 4200 scriptum
3426 4147 3522 4192 est
3553 4139 3622 4203 “,
3665 4137 3772 4207 quis

2037 4200 2148 4268 ipse
2183 4200 2439 4255 Dominus
2469 4204 2572 4256 erit
2617 4208 2699 4259 eis
2737 4206 2850 4262 luas
2891 4221 3328 4286 sempiterna.

2109 4290 2197 4380 ῳ.
2229 4289 2300 4342 Et
2324 4307 2430 4344 non
2455 4293 2888 4360 confundentur
2921 4304 2993 4357 in
3037 4317 3335 4380 tempore
3367 4319 3529 4371 malo
3564 4321 3634 4372 ⁸⁸.
3668 4317 3769 4371 Soli

1967 4361 2013 4415 Β
2034 4376 2164 4444 Ῑ¹¹8ιί
2197 4395 2304 4431 non
2357 4381 2788 4440 confundetttut'
2819 4388 2886 4444 in
2935 4361 3527 4468 tempore-nivali...

2039 4478 2220 4568 autem
2253 4468 2458 4568 malum
2513 4471 2609 4528 hic
2662 4489 2904 4547 tempus
2930 4483 3176 4550 iudicii
3215 4499 3539 4563 nominat,
3567 4468 3772 4568 propter

2038 4556 2443 4613 multitudinem
2514 4576 2926 4633 peccatorum,
3007 4586 3080 4632 et
3137 4597 3380 4642 eorum
3455 4556 3606 4660 quos
3642 4556 3768 4645 sine

2038 4651 2308 4747 tormenta
2338 4651 2674 4718 suscipient.
2707 4657 2880 4714 Tunc
2912 4678 3078 4734 ergo
3133 4673 3202 4726 in
3275 4651 3565 4750 tempore
3594 4696 3764 4735 resar-

2037 4738 2301 4789 rectionis
2333 4753 2460 4791 cum
2521 4759 2726 4800 onmes
2766 4764 3301 4831 resurrexerint.
3338 4738 3548 4828 et.alii
3597 4791 3769 4829 resur.

2041 4836 2169 4890 gent
2216 4827 2268 4879 in
2302 4830 2474 4883 vitam
2503 4844 2807 4904 aeternam,
2841 4843 2947 4898 alii
2989 4849 3057 4903 in
3107 4827 3560 4919 conlusionem
3602 4827 3768 4918 arter-

2041 4928 2188 5026 ξ’ξιηξῖ
2217 4927 2396 5026 “time,
2437 4921 2649 5026 inquit,
2697 4933 2844 5026 iusti
2895 4952 3026 4996 non
3081 4951 3596 5024 confundentnr,
3651 4959 3764 5026 quia

2043 5004 2179 5057 nihil
2215 5007 2447 5076 ilignum
2481 5017 2831 5078 confusione
2865 5026 2925 5080 in
2958 5045 3193 5091 eorum
3233 5048 3494 5102 actibus
3525 5004 3765 5102 ill'Vc:tiO-

2044 5101 2154 5200 tur.
2188 5098 2372 5200 A-ddit
2395 5114 2590 5161 autem
2629 5111 2683 5144 “
2717 5131 2734 5171 :
2763 5115 2834 5170 Et
2861 5118 2921 5171 in
2950 5122 3167 5184 diebus
3197 5098 3405 5200 fontis

2044 5193 2155 5285 tur.
2213 5187 2624 5285 Inquirendum
2679 5209 2865 5275 primo
2909 5222 3001 5267 est
3035 5219 3140 5282 qui
3197 5187 3760 5285 gi..i'd};smr§.;§;.

2043 5273 2438 5340 Comminatur
2468 5290 2523 5343 iu
2559 5273 2814 5363 quodam
2843 5301 2965 5354 loco
3021 5273 3356 5380 Deus'oe—r

2020 5493 2070 5584 ξ’
2098 5500 2203 5584 Ριξι
2226 5525 2426 5584 ξδλνι,
2455 5519 2545 5573 ΓΙ.

2160 5525 2206 5611 Ia-8
2226 5525 2426 5635 ﬁxam,
2455 5525 2545 5573 ΓΙ.
2632 5525 2680 5558 ³³
2718 5526 3002 5596 Ps..cstv,
3033 5532 3085 5586 8.
3178 5535 3236 5568 “
3273 5538 3386 5596 Ps.
3439 5560 3640 5604 xxsri.
3671 5546 3750 5598 18.

2287 5591 2492 5656 atth.v,
2519 5591 2623 5651 45.
2705 5597 2755 5631 ³⁸
2795 5599 2995 5656 Enhes.
3018 5616 3072 5656 v.
3097 5602 3197 5656 16.
3296 5609 3356 5642 ⁸ο
3381 5611 3403 5656 Ι
3437 5615 3570 5656 (ιον
3616 5628 3674 5656 ιι,
3699 5613 3746 5656 o-

2705 5597 2755 5631 '°
2795 5599 2995 5672 Ephes.
3018 5616 3072 5668 ν,
3097 5602 3197 5658 16.
3296 5609 3403 5665 ⁸⁸1
3437 5597 3576 5668 Cor.
3614 5597 3677 5680 u,
3699 5613 3746 5668 9.
