3910 6292
452 230 547 282 Si?

1790 211 1880 265 EX
1905 208 2208 265 ORiGliNE

3680 190 3802 244 Ιὸιὲ

421 352 604 411 gentur
632 356 643 390 :
676 337 924 406 queniam
962 335 1128 388 omnis
1156 334 1243 398 qui
1275 348 1328 384 se
1353 327 1944 386 exaltathumiliabitur,
1975 321 2021 374 A
2052 335 2145 373 vos
2171 321 2253 373 “z
2294 320 2410 381 Ite,
2446 314 2834 385 negotiamini
2891 323 3214 378 usquequo
3258 304 3537 358 redeam.
3573 303 3643 356 Et
3658 306 3723 357 ad
3751 308 3785 355 il

420 442 463 483 et
489 432 574 499 qui
599 445 653 481 se
682 425 917 479 humiliat
949 423 1263 475 exaltabitur
1297 420 1367 472 ⁸⁸.

486 521 570 574 Η.
598 518 724 571 Post
754 516 867 567 haec
901 513 1164 564 adduntur
1201 510 1441 577 quaedam
1481 521 1598 575 quae
1637 520 1743 558 non
1782 517 1949 571 parva

420 606 655 673 indigent
677 603 1025 671 expositione,
1058 600 1131 651 ait
1157 600 1296 650 enim
1325 597 1370 627 “
1398 614 1412 648 :
1451 595 1782 648 Jlutuabitur
1833 607 1953 657 pec-

420 707 564 750 cator
593 704 637 748 et
670 710 769 745 non
797 692 992 751 reddet,
1014 690 1187 755 justus
1219 697 1389 738 autem
1438 687 1706 737 miseretur
1733 692 1779 735 et
1808 697 1950 733 com-

420 786 615 839 modat.
647 783 817 836 Etiam
852 782 953 833 hoc
1010 781 1055 831 si
1122 778 1412 831 secundum
1447 776 1677 827 litteram
1724 773 1955 839 accipia-

420 890 554 935 mus,
590 888 691 926 non
722 872 988 925 videbitur
1026 882 1230 920 vermn.
1280 865 1424 918 Multi
1476 864 1670 917 etenim
1711 869 1956 930 peccato-

421 976 506 1015 res
540 970 723 1014 mutuo
751 957 1024 1024 accipiunt
1053 953 1336 1022 pecuniam
1360 961 1414 1004 et
1444 953 1667 1004 reddunt
1707 964 1826 1001 cum
1877 947 1957 1001 fe—

421 1063 570 1113 nore,
608 1049 678 1102 ita
718 1056 773 1100 ut
816 1056 867 1099 et
913 1045 1012 1113 ipsi
1055 1044 1322 1096 interdum
1368 1041 1570 1093 lucrum
1610 1056 1673 1092 ex
1732 1039 1957 1106 pecunia

421 1154 577 1205 quam
606 1145 947 1205 sumpserant
980 1133 1240 1201 ceperint.
1271 1131 1465 1184 Deﬁnit
1500 1138 1675 1182 autem
1714 1128 1799 1181 hic
1825 1128 1960 1180 Pro-

421 1232 576 1296 pheta
605 1229 784 1281 dicens
818 1243 830 1277 :
872 1224 1203 1276 Mutuabitur
1234 1229 1493 1287 peccator,
1533 1228 1583 1270 et
1634 1233 1734 1270 non
1776 1217 1957 1269 solvet.

422 1318 526 1371 Sed
568 1317 611 1369 si
644 1315 912 1380 intelligas
938 1314 1061 1380 quis
1094 1310 1288 1377 estqui
1338 1309 1562 1370 fenerat,
1618 1317 1675 1358 et
1731 1304 1852 1370 quis
1877 1311 1961 1356 est

424 1408 515 1472 qui
539 1404 729 1471 accipit
766 1403 939 1466 fenus,
957 1410 1010 1454 et
1029 1400 1269 1467 requiras
1292 1398 1411 1465 quis
1430 1405 1512 1449 est
1535 1392 1961 1461 peccator669

422 1498 510 1564 qui
551 1510 654 1549 non
697 1494 864 1549 reddit
896 1492 1170 1560 pecuniam
1203 1504 1362 1557 quam
1396 1488 1660 1552 sumpsit,
1690 1485 1960 1551 intelliges

422 1589 855 1656 consequentiam
907 1586 1109 1640 habere
1150 1582 1288 1649 quod
1337 1580 1592 1647 scriptum
1641 1587 1743 1632 est.
1804 1574 1958 1629 Verbi

2051 409 2161 461 lum
2190 423 2427 462 servum
2461 407 2559 474 qui
2599 404 2933 473 pecuniam
2971 396 3420 467 multiplicare
3464 398 3809 461 contempsit.

2053 507 2134 551 rat
2163 536 2177 561 ,
2219 500 2357 550 dicit
2393 498 2464 559 “,
2500 496 2645 565 quia
2665 493 2957 562 Oportuit
2995 499 3054 542 te
3095 488 3447 552 pecuniam
3478 501 3662 536 meatu
3698 487 3811 535 dare

2054 587 2438 639 nummulariis
2469 624 2486 646 ,
2525 593 2581 635 et
2625 601 2728 649 ego
2765 585 3017 635 veniens
3068 580 3430 646 exegissem
3476 590 3609 627 eam
3654 574 3813 642 ntiqua

2056 689 2176 725 cum
2219 674 2430 725 usuris.
2471 671 2585 725 Iste
2619 680 2715 723 est
2752 677 3066 737 peccator
3101 668 3225 734 qui
3290 674 3619 717 mutuatur
3645 673 3700 715 et
3726 680 3819 715 non

2057 760 2265 812 solvet:
2305 758 2496 825 justus
2529 765 2726 810 autem
2766 764 3105 823 acceptam
3171 752 3540 820 pecuniam
3592 752 3819 806 restituet

2058 865 2181 901 cum
2215 850 2451 910 usuris,
2506 848 2622 901 hoc
2679 858 2777 901 est
2823 854 3177 913 acceptum
3248 844 3369 896 Dei
3425 845 3682 897 verbum
3717 860 3822 897 cum

2057 940 2318 1006 operibus
2346 946 2754 1007 repraesentat.
2787 937 3000 989 Audis
3031 948 3432 989 sermonem
3460 935 3539 986 de
3560 934 3821 995 castitate,

2061 1029 2339 1083 collaudas
2377 1028 2676 1081 doctorem
2696 1067 2715 1091 ,
2752 1025 3191 1093 amplecteris
3232 1023 3607 1078 doctrinam
3628 1064 3647 1086 ,
3676 1026 3826 1077 aduo-

2061 1116 2205 1168 raris
2238 1116 2680 1184 magisterium,
2740 1128 2854 1182 per
2910 1113 3058 1166 haec
3124 1111 3503 1178 suscepisti
3558 1113 3827 1178 pecuniam

2062 1206 2356 1258 casdtatis.
2399 1205 2467 1258 Et
2512 1207 2558 1258 si
2590 1207 2837 1272 quidem
2881 1211 3220 1269 peccator
3271 1218 3388 1264 es,
3427 1216 3709 1269 egressus
3755 1217 3830 1255 ee-

2063 1294 2284 1347 clesiam
2318 1295 2521 1348 inseris
2563 1307 2618 1348 te
2674 1295 2949 1360 negotiis
3003 1292 3505 1354 sazcularibus,
3555 1293 3833 1361 excipittc

2064 1384 2287 1435 lascivia
2317 1421 2332 1444 ,
2369 1385 2749 1450 subsequitur
2783 1383 3192 1436 temulentia
3227 1424 3251 1447 ,
3296 1393 3732 1453 corruptorum
3756 1384 3833 1438 bo~

2066 1472 2273 1523 tninum
2303 1472 2564 1523 malctida
2589 1471 2935 1537 colloquia,
2970 1472 3245 1525 oblitus
3265 1472 3586 1525 continuo
3610 1475 3835 1525 omnium

2066 1577 2187 1628 qme
2230 1577 2261 1612 a
2303 1562 2536 1615 doctore
2585 1575 2967 1628 susceperas
3009 1599 3031 1625 ,
3086 1578 3250 1629 quae
3290 1562 3711 1629 laudaveras,
3738 1582 3835 1633 qua:

422 1679 618 1746 gratia,
650 1692 771 1730 cum
803 1676 958 1729 docet
986 1673 1182 1726 Paulus
1209 1680 1264 1724 et
1296 1670 1550 1723 assistunt
1574 1668 1623 1720 ei
1663 1667 1957 1730 auditores,

2293 1664 2369 1701 .us
2402 1648 2621 1711 fueras,
2643 1658 2701 1702 et
2731 1650 2811 1703 ad
2843 1649 3205 1716 impudica
3249 1666 3519 1704 rursum
3552 1654 3837 1708 devolvere

422 1767 616 1823 Paulus
659 1774 741 1819 est
774 1767 862 1833 qui
891 1764 1171 1829 pecuniam
1212 1760 1415 1813 fenerat
1471 1757 1830 1817 dominicam,
1863 1769 1959 1807 au-

425 1857 625 1909 ditores
655 1863 830 1908 autem
861 1863 985 1907 sunt
1013 1854 1101 1919 qui
1131 1867 1194 1904 ex
1226 1867 1319 1904 ore
1357 1850 1472 1917 ejus
1499 1847 1778 1915 pecuniam
1810 1845 1961 1899 verbi

423 1944 723 2011 suscipiunt
763 1943 1077 1994 feneratant.
1119 1941 1181 1992 Et
1234 1940 1276 1992 si
1321 1940 1532 2006 quidem
1571 1936 1743 2001 justus
1776 1935 1964 2001 sitqui

423 2032 683 2100 suscipiat
730 2032 798 2083 ab
829 2044 891 2082 eo
925 2029 1224 2096 pecuniam,
1271 2027 1454 2080 reddet
1501 2027 1763 2094 integrum
1810 2025 1962 2077 fenus

424 2131 478 2174 et
504 2121 671 2175 dicet:
692 2121 933 2186 Quinque
957 2133 1110 2169 mnas
1146 2118 1272 2170 mihi
1304 2115 1517 2176 dedisti,
1552 2128 1676 2167 ecce
1701 2112 1962 2179 acquisivi

427 2211 562 2263 alias
593 2212 830 2278 quinque
859 2209 922 2258 ⁸⁷.
967 2207 1022 2260 Si
1048 2206 1222 2272 justus
1266 2213 1350 2257 est
1375 2242 1389 2266 ,
1421 2204 1551 2256 dicit
1576 2219 1587 2251 :
1612 2201 1856 2269 Quinque
1888 2211 1966 2254 ta-

427 2301 567 2355 lenta
600 2301 724 2352 mihi
755 2298 970 2359 dedisti,
1002 2311 1130 2349 ecce
1163 2297 1328 2349 babes
1378 2290 1711 2350 deeem;vel,
1735 2291 1852 2343 Duo
1886 2302 1966 2344 ta-

429 2390 567 2443 lenta
602 2387 729 2441 mihi
776 2387 963 2439 dedisti
993 2424 1009 2449 ,
1037 2398 1164 2437 ecce
1195 2385 1360 2437 habes
1394 2394 1623 2451 quatuor
1652 2382 1718 2435 ⁸⁸.
1750 2382 1805 2435 Si
1836 2395 1965 2433 vero

428 2486 676 2548 peccator
702 2486 783 2530 est
808 2515 823 2540 ,
856 2482 1102 2541 suscepto
1146 2474 1239 2526 Dei
1271 2472 1432 2526 verbo
1464 2487 1567 2524 non
1614 2479 1867 2538 Operatur
1900 2484 1962 2523 ex

426 2584 491 2623 eo
522 2582 683 2636 opera
724 2563 956 2618 mandati
983 2603 1000 2630 ,
1027 2572 1079 2615 et
1110 2577 1212 2614 non
1247 2561 1420 2612 reddit
1464 2573 1651 2613 usuras
1675 2597 1689 2623 ,
1726 2560 1818 2611 sed
1846 2572 1969 2611 ron-

428 2654 593 2708 sumit
636 2652 811 2707 omnia
842 2665 958 2718 quae
1003 2652 1206 2714 accepit
1252 2650 1304 2701 in
1361 2648 1537 2701 fenus.
1581 2649 1718 2702 Ecce
1746 2660 1799 2701 et
1828 2665 1969 2703 nunc

431 2753 524 2791 vos
551 2754 734 2791 omnes
768 2738 961 2803 quibus
993 2737 1105 2788 lucc
1150 2736 1337 2801 loquor
1361 2774 1375 2798 ,
1416 2739 1693 2802 pecuniam
1725 2737 1969 2805 accipitis

430 2827 720 2882 feneratam
760 2828 915 2878 verba
986 2839 1140 2884 mea,
1188 2825 1298 2876 hmo
1332 2824 1553 2891 pecunia
1608 2824 1815 2877 Domini
1866 2836 1965 2877 est.

431 2919 538 2967 Ant
571 2917 612 2967 si
644 2912 856 2966 dubitas
879 2951 897 2977 ,
933 2913 1053 2964 audi
1100 2913 1415 2978 Prophetam
1450 2913 1714 2964 dicentem
1743 2915 1811 2978 ιθ,
1842 2913 1968 2981 quia

424 3000 637 3069 Eloquia
666 3001 870 3053 Domini
894 3000 1093 3068 eloquia
1124 3011 1286 3059 casta,
1321 3010 1588 3065 argentum
1629 3000 1748 3068 igne
1777 3005 1969 3070 proba-

430 3096 538 3139 tum
566 3094 719 3141 terra:
749 3098 1024 3155 purgatum
1053 3086 1360 3153 septuplum.
1383 3086 1438 3139 Si
1459 3102 1586 3154 ergo
1610 3089 1751 3143 male
1780 3091 1970 3157 doceo,

430 3176 650 3243 pecunia
699 3190 812 3228 mea
865 3177 1083 3242 reproba
1120 3186 1242 3236 est,
1296 3177 1586 3230 secundum
1624 3178 1745 3233 illos
1776 3181 1973 3247 quibus

429 3269 626 3322 dictum
676 3276 757 3320 est
784 3267 853 3328 ”,
884 3276 1149 3334 argentum
1199 3276 1419 3317 vestrum
1454 3269 1743 3331 reprobum.
1774 3270 1830 3325 Si
1877 3286 1973 3324 au-

429 3366 533 3410 tem
582 3357 712 3408 bene
761 3355 925 3407 doceo
958 3394 972 3416 ,
1026 3352 1245 3421 pecunia
1286 3353 1363 3406 vel
1414 3364 1696 3422 argentum
1745 3373 1848 3411 non
1888 3366 1972 3413 est

429 3458 624 3508 meum,
653 3445 746 3497 sed
774 3443 980 3496 Domini
1007 3450 1108 3503 est,
1141 3450 1193 3494 et
1232 3442 1510 3509 probatum
1537 3453 1639 3498 est.
1672 3446 1818 3500 Licet
1843 3463 1971 3518 ergo

430 3531 556 3584 mihi
590 3530 831 3584 fenerare
877 3530 1153 3598 pecuniam
1183 3529 1409 3595 Domini,
1441 3547 1613 3584 meam
1644 3546 1821 3588 autem
1846 3552 1971 3603 pro-

428 3622 596 3689 priam
649 3619 925 3689 pecuniam
977 3633 1079 3672 non
1127 3618 1287 3682 licet,
1334 3619 1454 3686 quia
1495 3621 1715 3673 verbum
1756 3623 1967 3678 Domini

427 3712 673 3780 prohibet
718 3712 1003 3763 humanam
1068 3709 1348 3777 pecuniam
1409 3707 1659 3764 fenerari.
1707 3711 1837 3776 Quae
1884 3722 1968 3768 est

426 3808 554 3868 ergo
600 3800 827 3851 humana
855 3836 870 3861 ,
907 3805 958 3849 et
999 3811 1115 3864 qua:
1162 3797 1366 3851 Domini
1401 3801 1664 3865 pecunia?
1699 3800 1811 3869 Ego
1840 3813 1967 3870 puto

428 3889 568 3956 quod
597 3887 855 3940 Valentini
885 3900 1060 3938 sermo
1092 3886 1319 3937 humana
1342 3880 1569 3952 pecunia
1599 3897 1680 3942 est
1710 3900 1763 3941 et
1790 3906 1968 3957 repro-

428 3981 529 4043 ba,
562 3988 613 4031 et
644 3977 927 4030 Marcionis
976 3985 1022 4027 et
1061 3975 1307 4030 Basilidis
1341 3979 1565 4043 pecunia
1609 3970 1838 4032 [iiunana
1882 3989 1966 4034 est

424 4076 478 4120 et
508 4067 755 4133 reproba,
783 4076 835 4118 et
863 4066 1099 4118 omnium
1137 4064 1510 4118 haereticorum
1541 4080 1718 4120 sermo
1751 4083 1852 4120 non
1882 4080 1966 4121 est

425 4159 645 4225 probata
676 4157 922 4223 pecunia,
951 4170 1051 4208 nec
1095 4156 1417 4207 dominicam
1451 4156 1659 4223 integre
1691 4156 1742 4209 in
1782 4174 1839 4211 se
1867 4159 1964 4211 ha-

2064 1748 2248 1792 scorta
2280 1777 2295 1802 ,
2336 1747 2393 1792 et
2438 1738 2684 1793 etIectus
2720 1735 2809 1793 'es
2865 1749 3252 1807 peccator,
3311 1742 3431 1810 qui
3488 1756 3841 1800 mutuatuses

2064 1831 2292 1883 verbum
2338 1830 2620 1882 castitatis
2661 1838 2719 1882 et
2774 1844 2907 1882 non
2973 1831 3229 1884 reddis
3287 1846 3491 1899 opera
3554 1838 3835 1890 castitatis.

2066 1917 2337 1970 Similiter
2366 1928 2424 1970 et
2450 1918 2498 1970 si
2529 1918 2792 1971 audieris
2828 1918 3139 1973 verbum
3171 1919 3476 1987 iustitia:
3511 1922 3573 1978 in
3614 1924 3842 1987 ecclesia,

2063 2021 2317 2076 egressus
2352 2022 2414 2061 es
2448 2006 2642 2072 foras,
2684 2010 2988 2061 occurrit
3033 2011 3173 2064 tibi
3222 2013 3494 2068 vicinus
3524 2016 3690 2082 cujus
3718 2019 3841 2084 aget.

2064 2097 2176 2149 lum
2218 2097 2634 2164 coucupieras,
2686 2105 2750 2151 et
2792 2100 3151 2155 continuo
3198 2102 3463 2158 oblitus
3502 2120 3705 2161 eorum
3744 2121 3842 2175 qua

2065 2186 2207 2239 dicta
2231 2195 2383 2252 sunt,
2415 2197 2474 2238 ut
2507 2186 2825 2255 cupiditati
2874 2195 3018 2241 tua:
3060 2191 3471 2248 satisfacias
3506 2197 3726 2249 invadis
3743 2213 3841 2264 qua

2066 2276 2241 2330 aliena
2262 2288 2414 2341 sunt,
2450 2278 2617 2331 etsic
2653 2286 2997 2331 mutuatus
3039 2281 3133 2334 de
3169 2281 3447 2351 justitia
3482 2287 3840 2356 pecuniam

2069 2368 2252 2421 reddis
2284 2383 2510 2431 usuras,
2549 2384 2809 2438 operans
2849 2384 3070 2440 gesta
3125 2377 3455 2446 justitize.
3497 2380 3602 2434 Sic
3653 2394 3774 2449 ergo
3802 2391 3842 2433 et

2066 2459 2131 2512 de
2162 2458 2394 2526 singulis
2420 2460 2748 2530 quibusque
2783 2476 3165 2520 mutuatur
3211 2479 3523 2537 peccator
3544 2480 3598 2524 et
3633 2488 3736 2526 non
3760 2472 3842 2525 ωι-

2066 2556 2169 2611 vet,
2193 2549 2379 2617 justus
2410 2560 2594 2603 autem
2622 2555 2958 2607 miseretur
2989 2569 3067 2611 et
3110 2564 3504 2615 commodat
3534 2564 3608 2615 ⁸⁸.
3639 2563 3750 2617 Non
3774 2580 3844 2617 se-

2069 2637 2217 2698 lum,
2278 2638 2497 2705 inquil,
2550 2640 2789 2695 fenerat
2836 2642 3100 2709 justus
3139 2689 3162 2711 ,
3222 2650 3361 2705 hoc
3400 2664 3504 2707 est
3557 2668 3670 2708 non
3702 2652 3846 2707 solum

2070 2725 2327 2792 pratdicat
2367 2727 2628 2793 verbum,
2665 2729 2782 2783 hoc
2820 2741 2930 2784 est
2981 2750 3142 2789 non
3184 2740 3412 2793 solum
3459 2742 3637 2796 docet
3666 2742 3847 2810 imperi-

2071 2824 2175 2880 tos,
2200 2828 2393 2867 verum
2422 2815 2592 2867 etiam
2626 2817 2990 2874 miseratur
3028 2824 3395 2883 inﬁrmos.
3429 2831 3707 2901 Sequitur
3724 2834 3847 2887 enim

2071 2903 2380 2969 exemplum
2435 2902 2660 2959 Domini
2695 2908 2995 2966 dicentis
3035 2914 3099 2945 ⁸⁸
3131 2931 3152 2967 :
3202 2917 3702 2976 Misericordiae:
3734 2925 3847 2975 male

2071 3008 2226 3060 quam
2248 2992 2598 3060 sacriﬁcium.

2145 3082 2228 3135 12.
2263 3081 2405 3144 Quia
2441 3085 2533 3151 qui
2582 3084 2951 3141 benedicunt
3017 3110 3193 3149 eum
3219 3136 3242 3161 ,
3298 3098 3729 3155 hereditatium
3763 3111 3850 3153 ter-

2072 3187 2216 3236 rum;
2239 3172 2328 3239 qui
2361 3184 2538 3224 autem
2568 3173 2955 3231 ntaledicunt
3000 3199 3210 3251 eum,
3243 3188 3847 3245 exter-minabantur".

2072 3263 2171 3327 Qui
2202 3262 2732 3327 benedicunteum,
2775 3264 2841 3318 id
2884 3281 3010 3324 est.
3063 3276 3194 3343 qui
3235 3278 3848 3350 benedicuntjustum,

2074 3352 2476 3406 hzereditabuut
2506 3363 2758 3425 terram.
2840 3353 3089 3420 Quam
3186 3379 3445 3426 terram
3474 3373 3635 3427 mam
3659 3376 3846 3434 δοθείη,

2074 3450 2277 3493 terram
2314 3439 2553 3491 multam
2595 3440 3123 3506 bareditabunt
3168 3453 3366 3513 illam
3402 3457 3688 3517 ﬂuentem
3715 3463 3851 3515 Iacet

2074 3530 2200 3593 mel,
2237 3529 2325 3581 ubi
2356 3539 2488 3582 sunt
2515 3530 2664 3583 bona
2705 3531 2817 3587 illa
2859 3551 3040 3606 quae
3100 3560 3278 3602 vere
3318 3551 3493 3605 bona
3530 3562 3701 3617 sunt,
3727 3553 3847 3606 illam

2070 3620 2424 3688 possidebunt
2474 3620 2571 3687 qui
2631 3621 3067 3685 bcnedicunt
3108 3635 3388 3704 justum
3422 3685 3441 3710 ,
3487 3645 3852 3700 maledicentes

2072 3724 2200 3762 vero
2240 3723 2362 3761 eum
2398 3711 3047 3775 extern'iinabuntur.
3114 3724 3207 3778 Et
3256 3733 3455 3786 vobis
3491 3748 3694 3801 parum
3724 3733 3851 3785 Vide-

2073 3798 2467 3895 tttrintertltmt
2504 3799 2652 3852 male
2695 3802 2879 3872 loqui
2925 3810 3024 3864 de
3070 3822 3353 3877 sanctis
3380 3863 3399 3888 ,
3440 3798 3510 3880 etv
3554 3826 3766 3895 periere
3786 3832 3851 3877 est

2069 3890 2225 3942 vobis
2254 3890 2439 3942 dicere
2476 3892 2545 3943 de
2577 3895 2781 3946 servis
2823 3896 2992 3964 Dei,
3031 3903 3167 3961 Ille
3210 3913 3374 3967 mus
3403 3927 3470 3969 ει
3501 3890 3636 3971 “iis
3662 3926 3759 3977 εει,
3785 3914 3854 3967 ωε

2073 3979 2225 4046 tingit
2252 4020 2267 4045 ,
2303 3989 2357 4030 et
2388 3980 2482 4078 ille
2518 3983 2809 4078 saeculum
2852 3990 3117 4064 diligit
3152 4039 3174 4063 ,
3228 4003 3345 4059 ille
3379 4016 3590 4063 autem
3624 4010 3853 4078 impositi!

2069 4078 2172 4169 est,
2213 4084 2319 4169 non
2353 4072 2689 4169 audis-quia
2734 4077 2849 4143 qui
2899 4087 3370 4152 maledicunt
3403 4101 3662 4167 justum,
3696 4072 3851 4154 exter—

2070 4159 2475 4255 ιξξίηθυξξῑιξυῑῖ
2508 4162 2624 4214 Am
2674 4165 2723 4218 si
2763 4168 2894 4224 hoc
2942 4192 3219 4243 parum
3260 4159 3457 4246 vobis
3490 4159 3742 4255 videtur,
3771 4205 3855 4243 an~

427 4249 512 4299 bet
539 4248 780 4313 ﬁguram,
812 4247 902 4297 sed
929 4246 1244 4309 adulteram,
1273 4259 1411 4311 qum,
1432 4254 1487 4296 ut
1513 4245 1580 4296 ita
1598 4245 1791 4307 dicam,
1811 4256 1959 4299 extra
1993 4261 2037 4314 ι)
2069 4249 2180 4300 dite
2228 4248 2353 4299 alibi
2411 4247 2589 4302 Demn
2641 4254 2990 4318 dicentem
3018 4269 3404 4340 adjustum
3427 4245 3855 4336 i“hii:Inia'nicau

428 4345 693 4387 monetam
744 4335 814 4385 ita
867 4334 1088 4413 ﬁgurata
1127 4341 1245 4394 est,
1295 4333 1419 4400 quia
1470 4342 1620 4385 extra
1666 4332 1993 4386 Ecclesiam.

424 4422 718 4490 composita
755 4429 855 4473 est.
904 4421 957 4472 Si
995 4432 1168 4473 autem
1198 4422 1397 4473 videris
1444 4422 1671 4489 aliquem
1723 4435 1827 4474 non
1863 4437 1959 4475 sua

425 4509 662 4582 propria,
688 4507 782 4560 sed
813 4507 905 4559 Dei
936 4509 1094 4559 verba
1125 4509 1548 4576 proloqueutem,
1580 4510 1670 4576 qui
1702 4524 1825 4563 vere
1865 4526 1961 4562 au-

425 4598 545 4651 deat
580 4596 755 4648 dicere
780 4594 823 4624 “
853 4609 869 4646 :
907 4595 986 4645 An
1018 4598 1409 4660 probamentum
1447 4600 1680 4666 qua-ritis
1709 4599 1821 4666 ejus
1859 4601 1952 4668 qui

423 4689 477 4741 in
514 4701 595 4743 me
623 4685 855 4749 loquitur
883 4681 1095 4748 Christi,
1124 4685 1261 4736 scito
1309 4688 1433 4751 quia
1468 4688 1570 4740 iste
1603 4688 1805 4741 fenerat
1833 4688 1955 4755 (μή-ι

424 4778 564 4839 dem,
595 4782 649 4826 et
687 4787 792 4825 non
825 4785 998 4833 suam,
1032 4773 1122 4825 sed
1156 4773 1364 4826 Domini
1411 4779 1693 4842 pecuniam
1726 4777 1954 4841 fenerat,

420 4877 474 4921 et
502 4863 632 4918 facit
670 4862 798 4915 illud
835 4862 977 4927 quod
1008 4861 1263 4927 scriptum
1291 4873 1373 4917 est
1402 4867 1477 4919 δίε
1517 4867 1645 4920 Tala
1685 4869 1768 4920 die
1805 4869 1960 4920 niis:-

421 4966 563 5009 retur
594 4962 643 5005 et
671 4951 889 5020 fenerat,
927 4948 1127 5001 habens
1157 4952 1530 5008 auctoritatem
1575 4956 1848 5010 fenerandi
1892 4958 1959 5010 ab

421 5046 535 5114 ipso
555 5041 653 5096 sibi
682 5054 801 5095 meo
824 5040 929 5092 Deo
948 5037 1071 5091 Jesu
1102 5038 1317 5093 Christo
1337 5041 1537 5096 datam.
1570 5045 1684 5114 Ipse
1707 5057 1786 5100 est
1813 5048 1958 5101 enim

423 5133 677 5187 Dominus
705 5132 792 5200 qui
821 5131 873 5185 in
905 5128 1153 5197 parabola
1178 5129 1298 5183 data
1332 5137 1558 5200 pecunia
1594 5137 1720 5189 dicit
1752 5138 1814 5189 ad
1846 5151 1961 5189 ser-

481 5350 523 5378 ⁶³
551 5350 678 5402 Luc.
707 5365 811 5408 xw,
847 5348 928 5399 ll.

415 5433 465 5467 γ.
504 5418 555 5466 5.
651 5419 689 5446 ⁶¹
724 5417 765 5467 11
792 5417 912 5467 Cor.
945 5431 1060 5476 xm,
1088 5417 1139 5468 5.
1235 5418 1436 5469 "‘Psal.
1472 5432 1645 5473 xxxw,
1677 5415 1762 5466 26.

418 5483 463 5511 ⁸⁸
490 5482 672 5536 Matth.
704 5500 773 5543 Ix.
808 5485 905 5542 l5;
934 5483 1056 5536 Ose.
1084 5500 1157 5545 vt,
1189 5484 1239 5537 6.
1314 5486 1357 5514 ⁸⁷
1385 5486 1523 5537 Psal.
1561 5498 1734 5540 xxxvi,
1761 5484 1848 5535 2‘2.

1004 5347 1049 5377 ⁸⁸
1075 5346 1211 5399 Psal.
1242 5364 1421 5407 xxxvi,
1453 5350 1540 5401 2L

1617 5348 1658 5377 87
1690 5348 1708 5377 ῐ
1732 5363 1796 5377 nn
1848 5364 1875 5377 ‘-

1688 5347 1815 5399 l.uc.
1848 5364 1958 5409 XIX,
1997 5352 2087 5407 18.
2168 5358 2217 5389 ⁵⁸
2254 5358 2337 5413 Ma

1688 5415 1762 5466 26.
1861 5417 1906 5446 ⁸³
1940 5419 2076 5474 [ιιιο.
2126 5441 2242 5483 xu.
2276 5431 2343 5483 15

1928 5488 2058 5527 θδ-δθ
2094 5494 2275 5554 Exod.
2316 5518 2469 5565 xxiii,
2500 5488 3213 5591 ‘22:“;Etl‘a‘tlllfaiiiv.
3256 5488 3357 5592 :2

2066 4350 2167 4427 ero
2209 4334 2441 4427 inimicis
2484 4340 2652 4427 tuis,
2711 4355 2766 4394 et
2831 4334 3287 4418 adversabor
3346 4372 3606 4426 adversa

2311 4350 2441 4386 mets
2484 4340 2652 4427 tuis,
2711 4355 2766 4394 et
2831 4350 3287 4418 adversabor
3346 4334 3705 4427 adversariis
3752 4373 3855 4425 tuis.

2069 4422 2786 4530 ξινιξιιξιξίιιιειυιξ,βριξυιι
2824 4451 2923 4530 stt
2964 4445 3344 4511 inimicari
3380 4463 3600 4530 justis,
3628 4465 3712 4517 vel
3744 4462 3859 4515 nimie

2070 4511 2321 4622 l‘tltltti'dc
2348 4518 2584 4569 sanctis.
2628 4518 2693 4572 Si
2736 4527 2918 4581 enim
2958 4549 3143 4594 vere
3181 4505 3711 4610 (ξιξέὰῆᾇῖιέἲηίιᾙ

2069 4603 2209 4656 dixit
2239 4604 2504 4659 Dcininus
2541 4609 2612 4662 de
2643 4628 3065 4689 unoquoque
3127 4603 3836 4701 εει-νοέῶέξεξξῶιζη

2056 4691 2197 4757 ηυῑιι
2222 4691 2452 4756 Εδιινίυί»
2479 4703 2530 4746 et
2567 4714 2681 4750 non
2721 4686 3005 4757 dedistis
3048 4686 3239 4757 mn;

2306 4691 2452 4756 ιινίυί»
2479 4703 2530 4746 et
2567 4714 2681 4750 non
2721 4686 3005 4757 dedistis
3048 4686 3239 4757 mn;
3274 4686 3775 4757 I’.“_'_"".'I
3810 4686 3850 4757 ,ἶ

2254 5358 2617 5452 λεξιιιιλξξγ,
2744 5381 2806 5426 et
2833 5375 2936 5429 9.9..
3050 5384 3114 5420 '9
3146 5392 3339 5452 Psal.

2465 5405 2936 5509 “Alium-“xiii:
2984 5452 3115 5509 27.
3146 5405 3749 5509 Ρδξξοῐξέζιίῖζησῖ
3770 5405 3871 5509 Ιὲξ.

3354 5470 3533 5529 Psal.
3566 5491 3760 5541 nm,
3794 5474 3872 5528 ξι.
