3910 6282
336 231 463 288 1351

1709 231 1796 283 EX
1839 227 2152 284 ORIGENE

3669 211 3796 267 {332

335 343 474 396 Sttnt
497 355 624 409 ergo
646 341 859 410 quidam
894 342 945 394 in
971 341 1124 395 nobis
1153 354 1370 408 gressus
1399 349 1452 394 et
1478 341 1662 408 pedes,
1686 341 1881 408 quibus
1909 347 1956 397 Α
1984 341 2103 408 ejus
2139 341 2211 393 “.
2246 339 2331 393 Ibi
2363 336 2517 393 dixit
2551 333 2694 404 quia
2723 331 3121 398 diriguntur
3159 339 3448 396 gressus
3491 325 3740 381 hominis
3770 346 3795 382 ι

334 431 437 484 iter
481 432 577 483 hoc
609 434 857 497 agimus,
902 441 1024 484 sum
1074 445 1284 499 gressus
1332 429 1603 482 interioris
1648 427 1882 480 hominis

334 521 527 588 quibus
556 520 834 574 ambulare
867 535 1143 586 possumus
1173 535 1267 586 per
1299 519 1442 571 illam
1480 519 1617 570 viam
1655 531 1774 584 quae
1803 515 1883 567 di-

334 609 408 662 cit
455 609 530 660 "z
584 607 692 676 Ego
725 625 835 661 sum
865 612 944 661 ria
972 651 986 674 ,
1019 613 1203 662 veritas
1233 619 1280 660 et
1313 609 1437 660 vita.
1475 606 1584 659 Iloc
1609 621 1740 672 ergo
1780 605 1883 656 iter

333 699 616 766 agentibus
685 702 862 751 multis
911 701 1188 764 gressibus
1260 697 1512 751 utendum
1578 705 1659 747 est
1727 693 1883 746 nobis

335 798 394 840 ut
452 789 534 839 illa
598 789 776 838 omnia
825 803 943 854 qua:
1007 803 1165 854 supra
1217 787 1451 839 diximus
1501 796 1878 846 transeamus,

333 877 454 939 quia
484 891 695 941 gressus
747 876 972 928 hominis
1031 891 1058 927 a
1115 873 1333 927 Domino
1384 874 1698 940 diriguntur.
1765 870 1878 923 Non

332 962 523 1014 suliicit
573 964 769 1015 homini
828 963 1021 1014 volenti
1085 962 1222 1015 istud
1284 963 1385 1012 iter
1449 959 1874 1028 incedere671

333 1054 442 1103 sola
503 1053 755 1119 propositi
828 1052 911 1104 sui
977 1050 1263 1112 voluntas,
1345 1049 1443 1100 nisi
1501 1057 1556 1101 et
1623 1049 1880 1100 Dominus

333 1143 591 1194 dirrxerit
646 1155 868 1206 gressus
905 1139 1022 1206 ejus
1070 1157 1084 1192 :
1132 1140 1254 1207 quia
1319 1137 1628 1206 frequenter
1681 1139 1880 1191 accidit

333 1229 434 1281 iter
461 1229 744 1296 agentibus
763 1237 818 1280 ut
841 1228 1133 1291 ambulent,
1166 1229 1304 1294 qutid
1336 1229 1438 1279 iter
1464 1238 1639 1279 tamen
1671 1235 1877 1280 rectum

334 1329 513 1374 tenere
537 1334 639 1370 non
664 1319 894 1385 possint,
926 1319 1018 1370 sed
1047 1319 1294 1371 decidant
1321 1317 1370 1370 in
1394 1317 1600 1384 aliquos
1628 1330 1874 1369 errores:

335 1418 391 1462 ut
424 1410 496 1462 illi
529 1411 618 1476 qui
653 1410 705 1462 in
747 1409 1093 1477 phi|050pbi2e
1130 1410 1430 1462 eruditione
1466 1417 1767 1464 versantur.
1798 1409 1880 1461 vi-

334 1501 530 1553 dentur
579 1499 792 1564 quidem
840 1498 942 1550 iter
985 1498 1202 1549 virtutis
1255 1496 1526 1560 incedere,
1563 1495 1654 1549 sed
1689 1497 1813 1563 quia
1845 1512 1874 1548 a

330 1590 556 1642 Dutnino
591 1604 693 1640 non
728 1587 1032 1654 diriguntur
1056 1600 1272 1653 gressus
1300 1599 1510 1646 eorum,
1550 1601 1652 1637 non
1693 1593 1874 1637 tenent

328 1680 430 1732 iter
459 1687 684 1732 ret-tum.
711 1677 812 1729 Sed
840 1686 894 1729 et
924 1675 1161 1728 haeretici
1197 1674 1541 1727 nihilominus
1566 1675 1873 1741 iugrediun-
1903 1647 1947 1705 Β

331 1778 418 1820 tnr
445 1767 607 1820 etiam
643 1766 740 1833 ipsi
766 1765 888 1826 iter,
923 1765 1015 1817 sed
1046 1778 1169 1817 cum
1202 1761 1518 1828 Scripturas
1557 1763 1869 1826 carnaliter,

328 1872 431 1909 non
466 1855 777 1923 spiritaliter
811 1851 1132 1917 intelligunt,
1162 1851 1440 1904 declinant
1477 1852 1529 1904 in
1575 1853 1869 1904 sinistram.

329 1946 385 1998 Si
415 1960 541 1996 vero
570 1943 882 2010 spiritaliter
907 1942 1230 2006 intelligant,
1261 1942 1313 1994 in
1351 1942 1466 2008 ipso
1490 1950 1670 1994 autem
1703 1942 1874 2009 spiri-

327 2035 417 2087 tali
457 2033 724 2087 intellectu
747 2031 1052 2100 apostolicae
1081 2046 1186 2084 non
1222 2040 1436 2084 teneant
1464 2030 1700 2099 regulam
1731 2030 1875 2084 veri-

331 2126 483 2183 tatis,
537 2123 791 2176 decidunt
836 2119 1188 2174 nihilominus
1222 2129 1280 2173 et
1328 2119 1426 2187 ipsi
1471 2120 1537 2171 ad
1574 2119 1872 2182 dexteram,

329 2211 563 2272 diabolo,
608 2222 667 2262 ut
716 2213 786 2262 ita
824 2207 1076 2269 dixerim,
1109 2221 1328 2276 gressus
1367 2221 1552 2260 eorum
1599 2221 1702 2259 non
1743 2205 1875 2260 diri-

325 2309 497 2369 gente,
524 2300 614 2354 sed
645 2301 1000 2367 detorquente
1045 2313 1072 2350 a
1098 2300 1183 2351 via
1217 2307 1386 2351 recta.
1423 2295 1531 2350 Nos
1551 2311 1678 2364 ergo
1701 2309 1876 2362 neque

325 2391 390 2443 ad
423 2392 722 2452 dexteram,
755 2404 927 2456 neque
957 2390 1022 2442 ad
1070 2387 1348 2440 sinistram
1382 2386 1735 2448 declinantes,
1794 2385 1878 2437 in-

325 2478 632 2548 grediamur
659 2478 887 2530 mediam
915 2477 1054 2528 viam
1085 2491 1205 2542 qua:
1229 2485 1307 2529 est
1331 2475 1576 2529 Christus
1599 2473 1874 2539 Dominus,

323 2571 444 2636 quia
481 2569 533 2620 in
568 2568 682 2634 ipso
713 2567 1096 2621 ambulantium
1130 2581 1345 2635 gressus
1385 2565 1640 2619 Dominus
1670 2564 1873 2633 dirigit.

323 2659 366 2710 Α
415 2658 633 2710 Domino
669 2671 794 2726 ergo
823 2672 1027 2724 gressus
1053 2653 1274 2707 hominis
1302 2656 1612 2724 dirigentur,
1643 2665 1691 2707 et
1738 2653 1876 2706 uiam

324 2749 439 2816 ejus
473 2747 722 2811 cupiet“,
747 2745 890 2797 illam
921 2745 1134 2797 scilicet
1163 2745 1306 2796 viam
1335 2745 1402 2797 de
1431 2760 1533 2811 qua
1558 2757 1719 2812 supra
1738 2741 1878 2803 dixi--

325 2853 460 2888 mus.
498 2836 686 2900 Cupiet
725 2835 868 2886 enim
899 2833 989 2899 qui
1032 2850 1061 2885 a
1094 2833 1198 2886 Deo
1223 2835 1473 2900 dirigitur
1495 2834 1789 2895 Christum,
1823 2839 1878 2886 et

328 2925 648 2976 desiderabit
683 2934 1000 2988 permanere
1030 2935 1241 2988 semper
1273 2922 1323 2973 in
1355 2923 1598 2975 Christo.

396 3011 450 3063 2.
482 3013 611 3062 Cum
666 3011 929 3074 ceciderit,
981 3011 1156 3075 inquit
1181 3008 1248 3071 θ’,
1295 3024 1399 3059 non
1452 3009 1874 3061 contui-habitur.

324 3099 584 3168 Superius
619 3099 800 3152 dicens
845 3098 972 3166 quia
1017 3113 1044 3149 a
1081 3097 1302 3148 Domino
1326 3097 1632 3164 diriguntur
1660 3113 1876 3167 gressus

321 3191 456 3258 ejus,
491 3189 575 3242 hic
606 3191 669 3242 de
684 3204 810 3241 casu
841 3188 956 3255 ejus
984 3187 1235 3252 loquitur.
1257 3186 1390 3237 Vide
1406 3201 1535 3254 ergo
1563 3187 1687 3253 quia
1711 3188 1875 3239 etiam

324 3278 411 3332 his
431 3279 516 3344 qui
559 3278 660 3330 iter
679 3278 778 3330 hoc
809 3275 1067 3328 incedunt
1097 3275 1385 3341 aliquando
1420 3276 1630 3328 accidat
1659 3277 1875 3339 cadere,

320 3370 482 3420 ctiam
515 3367 597 3418 bis
632 3365 720 3432 qui
770 3378 798 3415 a
833 3363 1056 3416 Domino
1088 3361 1426 3430 diriguntur;
1461 3364 1555 3416 sed
1598 3373 1678 3416 est
1709 3365 1874 3417 multa

322 3455 620 3509 diﬂ‘erentia
669 3457 808 3509 inter
835 3471 1018 3508 casum
1059 3454 1184 3520 justi
1218 3462 1272 3506 et
1304 3468 1484 3506 casum
1528 3453 1730 3520 injusti.
1776 3452 1875 3506 Ju-

323 3555 459 3607 stus,
495 3544 690 3612 inquit,
748 3560 866 3597 cum
899 3544 1151 3596 ceciderit
1194 3557 1297 3594 non
1333 3545 1700 3608 prosternitur
1737 3558 1749 3594 :
1788 3544 1869 3595 in-

322 3632 495 3697 iustus
529 3643 584 3686 et
628 3636 714 3701 qui
764 3649 910 3700 spem
948 3647 1049 3684 non
1092 3632 1252 3686 habet
1289 3631 1338 3682 iu
1377 3631 1485 3684 Deo
1527 3633 1758 3699 positam
1782 3670 1797 3696 ,
1827 3633 1872 3686 si

323 3723 597 3786 ceciderit,
648 3724 1007 3790 prosternitur
1065 3731 1118 3773 et
1167 3737 1270 3772 non
1315 3723 1530 3789 surgit:
1588 3722 1639 3774 id
1677 3734 1783 3787 est,
1827 3722 1872 3775 si

323 3811 647 3878 peccaverit,
691 3827 793 3865 non
836 3815 1059 3878 paenitet
1086 3820 1138 3863 et
1173 3820 1452 3878 peccatum
1485 3826 1638 3863 suum
1687 3826 1874 3863 emen-

320 3899 452 3952 dare
477 3900 666 3952 nescit.
709 3900 892 3952 Justus
925 3908 1103 3951 autem
1146 3900 1189 3951 si
1241 3899 1294 3951 in
1343 3900 1526 3966 aliquo
1563 3898 1871 3964 ull'enderit,

323 3990 368 4042 si
425 3989 476 4041 in
523 3988 722 4041 verbo:
770 3988 1040 4055 apostolus
1073 3987 1214 4042 enim
1268 3999 1350 4040 cst
1397 3989 1491 4055 qui
1541 3988 1734 4040 dicit”
1766 3987 1873 4042 ειη

323 4080 497 4131 multis
519 4078 655 4129 enim
683 4077 989 4142 oﬂ'endimtts
1021 4094 1212 4140 omnes,
1241 4087 1288 4127 et
1310 4077 1354 4127 si
1374 4076 1487 4144 quis
1520 4077 1573 4127 in
1593 4076 1744 4128 verba
1769 4091 1873 4128 non

323 4165 554 4232 οπιηιΐῖε,
587 4168 668 4217 hic
691 4166 948 4233 perfectus
982 4177 1053 4218 est
1081 4166 1175 4234 vir)
1208 4163 1599 4233 :oﬂ‘enditergo
1617 4173 1672 4216 et
1690 4163 1871 4230 justus

325 4345 427 4398 Scit
447 4345 736 4397 emendare
751 4384 766 4408 ,
791 4345 892 4396 scit
909 4347 1208 4414 corrigere:
1232 4346 1333 4398 scit
1357 4345 1449 4399 ille
1470 4345 1560 4412 qui
1576 4344 1866 4399 dixerat”:

329 4431 517 4487 Nescio
545 4433 824 4495 hominem,
859 4435 1017 4500 paulo
1047 4445 1166 4503 post
1200 4451 1322 4489 cum
1362 4445 1635 4504 respectus
1680 4434 1870 4488 fuisset

330 4539 361 4578 a
384 4523 626 4586 Domino,
649 4521 773 4575 ﬂere
794 4524 1150 4586 amarissime;
1181 4526 1281 4577 scit
1316 4534 1370 4578 et
1403 4526 1490 4577 ille
1517 4524 1606 4592 qui
1637 4524 1701 4576 de
1730 4532 1874 4578 tecto

330 4613 606 4668 mulierem
629 4610 847 4668 viderat.
879 4618 932 4664 et
959 4612 1303 4678 concupierat
1333 4627 1472 4673 eam,
1499 4611 1674 4665 dicere
1701 4628 1713 4662 :
1748 4610 1876 4663 Pec-

329 4695 461 4752 cavi,
501 4693 626 4761 quia
651 4693 743 4745 tibi
763 4693 860 4746 soli
885 4697 1090 4763 peccavi
1119 4707 1166 4749 et
1191 4697 1384 4749 malum
1413 4712 1587 4750 corum
1612 4707 1660 4750 te
1679 4699 1780 4766 feci
1796 4698 1865 4752 ’°.

326 4780 383 4836 Si
405 4796 534 4850 ergo
565 4797 684 4834 cum
716 4783 968 4838 ceciderit
996 4783 1171 4852 justus
1201 4802 1304 4839 non
1349 4788 1726 4854 prosternitur,
1759 4800 1866 4841 non

325 4869 662 4940 permanebit
712 4870 764 4922 iu
810 4882 1048 4940 peccato,
1077 4876 1168 4926 sed
1198 4875 1412 4927 exsiliet
1435 4877 1567 4939 cito,
1607 4887 1863 4942 tanquam

328 4959 539 5010 damula
574 4973 640 5011 ex
665 4961 885 5022 retibus,
921 4971 974 5012 et
1002 4969 1252 5028 tanquam
1291 4965 1408 5016 avis
1431 4967 1495 5017 de
1538 4965 1745 5032 laqueo.
1784 4965 1868 5018 ln-

319 5045 495 5114 justus
531 5058 708 5100 autem
747 5063 850 5100 non
876 5048 1045 5101 solum
1073 5060 1374 5115 permanet,
1406 5055 1499 5106 sed
1538 5064 1592 5105 et
1623 5066 1864 5120 proster-

324 5137 466 5190 nitur
486 5139 539 5190 in
573 5138 825 5204 peccatis.
867 5135 1051 5190 Justus
1073 5149 1250 5189 autem
1279 5141 1406 5206 quid
1442 5142 1610 5194 facit?
1634 5141 1739 5195 Lex
1766 5143 1863 5197 Dei

323 5225 435 5290 ejus
465 5227 519 5278 in
545 5226 697 5278 corde
724 5225 912 5292 ipsius,
943 5235 991 5279 et
1027 5241 1129 5278 non
1152 5227 1629 5295 supplantubuntur
1653 5247 1861 5298 gressus

391 5361 436 5392 "
461 5362 612 5415 Joan.
652 5378 761 5426 xw,
794 5365 846 5418 6.

323 5425 369 5457 ⁹¹
423 5427 588 5496 Ρδίιι.Δ
618 5425 798 5496 xxxvi,
841 5435 933 5489 3|.

1028 5437 1072 5468 "
1123 5437 1261 5492 Psal.
1324 5455 1490 5502 Lxxtt,
1550 5439 1605 5492 2.

327 5505 512 5559 ιιινι,
563 5494 651 5559 25,
684 5499 770 5549 24.

941 5367 989 5399 ⁸⁸
1016 5367 1156 5421 Psal.
1200 5372 1494 5431 xxxVI,‘23.
1566 5372 1609 5402 ⁸⁷
1637 5373 1769 5425 ibid.
1818 5375 1910 5428 24.

1028 5437 1072 5468 ⁹²
1123 5437 1261 5492 Psal.
1324 5455 1490 5496 Lxxtt.
1550 5439 1605 5492 2.
1709 5442 1756 5472 ’³
1787 5442 1906 5496 Gen

1837 5461 1934 5501 eu.
1991 5468 2112 5514 tux.

1987 431 2256 493 Domino,
2306 432 2409 485 hic
2479 429 2619 498 quia
2694 442 2818 480 non
2886 420 3526 492 supplantaliuntur
3586 434 3800 487 gressus

1979 518 2144 583 justi,
2177 523 2311 586 quia
2366 521 2686 582 Dominus,
2723 516 2963 585 inquit,
2999 511 3389 579 conﬁrmat
3443 525 3649 561 manus
3676 515 3798 578 ejus.

1985 606 2043 658 ln
2077 607 2188 659 alio
2226 607 2474 674 psalmo,
2509 606 2566 658 id
2605 617 2698 661 est
2730 608 2790 659 in
2823 601 3363 673 septuagesimo
3397 601 3697 662 secundo,
3723 604 3798 651 di-

1985 697 2192 749 cit":
2251 697 2365 749 Mei
2426 706 2622 748 autem
2687 711 2845 762 pene
2916 694 3100 745 moti
3181 701 3342 743 smn
3417 689 3616 750 pedes.
3664 689 3800 755 Quod

1989 788 2042 842 id
2067 787 2248 856 ipsutn
2271 785 2502 839 videtur
2532 781 3046 851 intelligendum
3108 780 3475 833 similiter.
3512 779 3801 834 Proﬁcieu-

1987 885 2069 928 tes
2115 876 2327 927 etenim
2363 876 2433 926 ad
2467 879 2732 926 virtutes
2792 871 2985 924 velut
3039 884 3353 922 ascensu
3386 871 3655 936 quodam
3689 873 3800 923 niti-

1985 974 2147 1022 mur;
2181 959 2236 1010 in
2288 974 2402 1027 quo
2434 974 2693 1013 ascensu
2755 958 2815 1011 si
2862 959 3038 1026 quis
3117 957 3408 1010 labatur
3460 968 3526 1010 et
3567 961 3796 1022 decidat,

1981 1050 2330 1104 ascensionis
2361 1065 2481 1103 sum
2514 1049 2716 1117 perdit
2765 1049 3217 1118 profectum.
3261 1047 3468 1102 Istius
3500 1064 3643 1113 ergo
3667 1050 3800 1105 diei

1981 1149 2389 1207 suntgressus.
2437 1141 2562 1195 Hoc
2619 1150 2843 1194 autem
2908 1141 3023 1204 lit,
3067 1155 3244 1192 cum
3279 1139 3440 1208 quis
3473 1150 3610 1208 post
3644 1142 3802 1207 proie-

1980 1237 2126 1280 ctum
2161 1240 2481 1282 retrorsum
2541 1231 2732 1284 fuerit
2803 1245 3228 1284 conversus
3269 1248 3285 1282 :
3323 1233 3500 1284 sicut
3536 1233 3801 1284 acciditct

1981 1316 2135 1367 uxori
2173 1316 2278 1368 Lot
2307 1317 2387 1382 ”,
2430 1333 2560 1384 qua:
2595 1319 3143 1388 ingrediebatur
3189 1320 3374 1374 bene
3402 1321 3719 1390 egrediens
3747 1324 3801 1376 de

1981 1400 2262 1464 Sodomis,
2307 1412 2367 1456 et
2402 1403 2691 1471 effugiens
2739 1419 3003 1474 poenas
3061 1406 3424 1458 Inalorum
3462 1407 3801 1475 ingredieba-

1981 1499 2070 1542 tur
2103 1501 2160 1544 ct
2192 1492 2544 1546 ascendebat
2567 1497 2640 1544 ad
2676 1506 2996 1550 montem
3040 1512 3197 1564 qua
3235 1497 3482 1566 angelo
3529 1499 3673 1552 duce
3698 1513 3802 1564 per-

1979 1581 2174 1648 gebat;
2213 1583 2313 1636 sed
2373 1586 2647 1650 quoniam
2700 1592 2964 1637 contra
3019 1590 3452 1643 mandatum
3517 1591 3619 1643 Dei
3671 1591 3802 1654 fecit,

1976 1672 2120 1738 quod
2150 1672 2307 1737 jussa
2366 1671 2555 1725 fuerat
2599 1687 2724 1726 non
2785 1674 3185 1742 respicere
3245 1687 3603 1732 retrorsum
3650 1695 3804 1750 neque

1975 1769 2124 1814 stare
2158 1761 2211 1813 in
2251 1761 2409 1814 omni
2452 1760 2698 1827 regione
2735 1762 2894 1828 illa,
2947 1765 3089 1817 sed
3147 1763 3238 1816 ad
3294 1774 3584 1832 nio-item
3626 1785 3803 1822 ascea-

1975 1851 2130 1916 dere,
2162 1860 2329 1918 atque
2355 1850 2430 1903 ibi
2463 1851 2713 1914 salvari,
2755 1865 2928 1904 cum
2978 1869 3355 1909 conversa
3405 1856 3486 1908 ad
3514 1861 3803 1925 pomerium

1977 1951 2285 1992 retrorsum
2320 1940 2605 2006 respexit,
2659 1941 2748 1993 ibi
2784 1940 3011 1996 ειπυεί
3065 1956 3243 1998 sunt
3278 1960 3552 2013 gressus
3603 1950 3736 2012 ejus,
3759 1960 3802 1998 et

1974 2027 2214 2094 perdidit
2245 2041 2414 2080 omne
2441 2028 2598 2097 quod
2636 2027 2864 2083 fuerat
2907 2041 3102 2086 ante
3128 2034 3480 2102 digressa,
3516 2040 3802 2104 permans‘t

1976 2117 2220 2185 perfecta
2257 2117 2888 2175 statuuncula‘salis.
2965 2123 3133 2178 Hoc
3188 2134 3302 2180 est
3335 2131 3512 2197 quod
3561 2129 3800 2183 Dominus

1976 2205 2030 2259 in
2065 2205 2361 2274 Evangelia
2411 2207 2552 2260 dicit
2577 2207 2628 2238 ’δ
2660 2223 2679 2260 :
2711 2207 2955 2263 Nemo
3020 2216 3321 2270 mittens
3381 2236 3629 2272 manum
3669 2237 3798 2272 sum

1975 2295 2046 2384 ad
2088 2307 2359 2362 aratrum,
2409 2308 2460 2351 et
2489 2309 2645 2353 retro
2684 2302 3094 2368 νεερντθὶεηε
3137 2316 3353 2374 aptus
3390 2324 3484 2366 est
3519 2332 3681 2384 regno
3705 2315 3798 2367 Dei.

1976 2382 2072 2438 Vis
2102 2385 2194 2438 tibi
2221 2388 2520 2441 ostendam
2545 2399 2604 2443 et
2645 2389 2819 2445 alios
2869 2409 3219 2462 quorum
3266 2400 3473 2456 eﬂusi
3507 2382 3798 2469 suutgres-

1977 2473 2113 2527 sus?
2145 2472 2470 2529 Recordare
2497 2476 2630 2531 illos
2659 2481 2777 2547 qui
2821 2486 3344 2546 transierunt.
3381 2507 3499 2560 per
3539 2511 3691 2550 mare
3713 2497 3779 2549 Ru

1980 2566 2132 2616 brum
2169 2573 2429 2633 tanquam
2461 2582 2566 2634 per
2601 2570 2906 2633 aridam,
2964 2585 3046 2628 et
3089 2593 3476 2645 peccantes
3507 2585 3567 2637 in
3611 2586 3801 2638 deserto

1979 2655 2322 2718 ceciderunt,
2371 2666 2430 2709 et
2484 2657 2562 2712 ibi
2600 2660 2794 2715 eﬂusi
2844 2678 3044 2720 sunt
3104 2688 3406 2732 gressus
3449 2693 3676 2732 eorum.
3712 2679 3802 2736 Sed

1979 2750 2031 2796 et
2059 2757 2203 2796 nunc
2233 2745 2278 2796 si
2311 2747 2544 2810 quando
2575 2751 2844 2806 accidat
2885 2755 3236 2828 aliquem
3288 2767 3540 2822 vixisse
3566 2771 3622 2822 in
3650 2771 3802 2822 couti-

1978 2827 2175 2926 tientia
2190 2829 2372 2926 tribus
2391 2841 2491 2884 aut
2515 2845 2798 2900 quatuor
2819 2847 3092 2912 anuis,
3119 2859 3198 2904 et
3219 2866 3307 2904 eo
3343 2857 3642 2926 amplius.
3661 2859 3803 2912 alium

1902 2953 1945 3011 ϐ
1979 2917 2033 2969 in
2063 2917 2217 2969 verbi
2243 2920 2612 3011 etdoctrina:
2662 2929 2906 2984 studio
2971 2945 3054 2988 et
3120 2917 3495 3010 sapientia-2
3543 2917 3804 3002 laboribus

1976 3017 2195 3101 operam
2223 3005 2486 3071 dedisse;
2521 3018 2668 3068 tunc
2716 3015 3004 3074 deinde
3073 3027 3138 3080 si
3201 3005 3436 3088 victus
3482 3034 3660 3091 fuerit
3700 3039 3803 3101 hic,

1973 3091 2058 3146 vel
2093 3094 2156 3145 ad
2179 3095 2371 3148 carnis
2401 3095 2704 3153 luxuriam
2749 3112 3138 3183 transeat,
3186 3122 3303 3174 vel
3333 3127 3417 3176 ad
3459 3127 3577 3180 alia
3603 3091 3802 3197 peccata

1976 3181 2240 3282 ἀθοιίιξθιι
2272 3193 2372 3283 alii
2407 3186 2476 3238 ad
2519 3188 2713 3242 Vitam
2753 3207 2836 3248 se
2876 3181 3307 3265 transferat
3351 3181 3710 3283 szeculi,'vel
3749 3221 3803 3274 ad

1978 3272 2192 3338 negotia
2225 3286 2291 3326 ac
2327 3271 2486 3327 lucra

1973 4293 2190 4358 seu..."
2217 4293 2379 4362 ficu-l7.
2415 4293 2473 4316 ιη
2503 4293 2998 4341 prceparattone
3045 4293 3424 4373 Evangelii
3450 4315 3617 4378 pacis
3638 4313 3682 4343 "
3733 4325 3778 4363 ῑιε

1973 4359 2019 4399 St
2047 4361 2256 4402 venerit
2283 4353 2551 4412 diabolus
2583 4369 3114 4434 supplattlalor_
3167 4403 3238 4434 ρι
3293 4396 3614 4434 ἶηυΔηΔ-ἶι

1971 4448 2190 4493 nostros
2221 4445 2496 4512 munitos,

1975 4983 2140 5064 quam
2169 4977 2236 5028 de
2279 4981 2514 5040 homine
2549 5005 2701 5057 puro
2730 5011 2768 5064 p

1979 5060 2210 5120 Domino
2239 5087 2465 5139 gressus
2497 5079 2748 5141 hominis
2780 5060 2922 5149 diri

1973 5153 2100 5221 pict,
2127 5173 2248 5212 cum
2279 5166 2539 5222 ceciderit
2568 5190 2682 5228 nou
2715 5196 2890 5246 pros:

1996 5384 2311 5486 3'...’“°‘:‘3°.
2340 5401 2536 5486 1'92-
2572 5405 2667 5486 ..2³
2703 5407 2907 5486 “3'9-
2941 5435 3100 5486 ιιν.
3133 5430 3263 5486 π-
3376 5443 3440 5476 »
3468 5443 3540 5486 p.

2239 5391 2311 5486 9⁸.
2340 5412 2441 5486 ,Ἦν
2466 5401 2536 5486 2°
2572 5405 2667 5486 ,ξ’
2703 5407 2907 5486 “3"9-
2941 5435 3100 5486 XIV.
3133 5430 3263 5486 7L
3376 5443 3440 5476 σο
3468 5443 3612 5486 ιδυι
3673 5461 3703 5486 ._
3757 5443 3783 5486 ε

2210 5437 2441 5522 me:
2569 5437 2666 5530 se;
2703 5437 2794 5511 ’τε
2808 5437 3119 5556 τὲρῖιὲἓ.
3133 5437 3287 5576 ⁷34,
3349 5443 3641 5570 erat:
3669 5443 3815 5573 ἱκέί
3907 5437 3910 5554 Ῡ
