3910 6256
308 253 334 305 1
348 252 468 307 553

993 261 1289 317 SELECTA
1328 261 1394 316 IN
1429 261 1757 317 PSALMOS.
1791 292 1859 300 —
1891 260 2114 316 llOMlL.
2155 262 2222 317 IV
2259 265 2326 320 IN
2362 266 2558 326 PSAL.
2602 271 2837 328 XXXVI.

3356 277 3490 335 1351

302 380 452 424 cent
474 385 598 425 esse
625 372 820 427 victum
855 381 908 427 et
946 385 1267 443 prostratum
1311 392 1431 433 eum
1465 380 1553 448 qui
1584 379 1858 434 ceciderit.
1887 377 1935 433 Α
1959 375 2005 429 si
2031 378 2144 431 fieri
2174 388 2367 447 potest,
2392 389 2451 434 ut
2481 396 2692 449 semper
2723 386 3335 460 vincatquotiescunque
3362 405 3491 446 ccu-

303 458 484 513 Sicut
519 461 665 515 enim
690 472 744 517 et
779 465 831 516 in
854 479 1024 533 agone
1052 468 1164 520 fieri
1211 469 1369 532 solet,
1413 481 1470 523 ut
1495 471 1699 524 duobus
1725 470 1861 524 inter

300 562 376 601 se
409 548 750 603 luctantibus
777 554 1181 620 accidatprimo
1208 558 1419 623 quidem
1453 559 1641 610 cadere
1673 573 1861 620 unum,

300 643 368 689 et
407 652 537 689 cum
582 640 858 706 ceciderit,
911 654 1093 713 surgat
1142 655 1195 700 et
1242 646 1453 698 vincat:
1502 644 1573 697 ita
1609 645 1769 698 etiam
1804 645 1858 700 in

300 733 517 779 nostro
562 741 760 793 agone,
806 729 895 796 qui
936 741 1018 785 est
1050 730 1202 784 nobis
1240 736 1521 785 adversum
1570 732 1858 801 principem

300 810 486 877 hujus
528 816 738 879 mundi,
779 818 823 870 si
865 819 998 869 forte
1040 819 1292 873 acciderit
1331 819 1557 888 aliquem
1596 822 1660 874 de
1708 822 1860 876 nobis

294 899 487 969 672
529 902 696 963 vinci.
739 901 868 954 etin
901 902 1078 971 aliquo
1120 917 1339 972 peccato
1369 910 1582 971 cadere,
1611 909 1859 975 possibile

296 999 399 1043 est
426 1001 489 1044 ut
522 998 642 1055 post
680 1000 956 1058 peccatum
989 994 1263 1059 resipiscat
1284 995 1496 1060 aliquis,
1525 1005 1580 1048 et
1603 1008 1859 1067 exsurgat

297 1087 359 1129 et
402 1077 789 1144 perhorrescat
818 1080 1009 1133 malum
1044 1083 1185 1149 quod
1211 1083 1450 1146 admisit,
1478 1092 1529 1138 et
1567 1085 1631 1137 de
1663 1096 1856 1139 cancro

295 1178 420 1216 non
458 1165 636 1218 solum
677 1167 951 1221 contineat
998 1183 1077 1230 se,
1127 1182 1309 1221 verum
1356 1172 1515 1223 etiam
1562 1171 1857 1227 satisfaciat

291 1251 448 1314 Deo,
485 1253 674 1307 lavans
717 1269 813 1322 per
855 1256 1091 1324 singulas
1126 1268 1310 1311 noctes
1338 1259 1535 1315 lectum
1580 1275 1755 1322 suum,
1801 1270 1855 1315 et

292 1339 582 1412 lacrymis
629 1344 810 1412 rigans
841 1353 1062 1399 stratum
1115 1361 1289 1408 suum,
1338 1347 1606 1414 accipiens
1633 1348 1855 1401 verbum

289 1431 651 1499 prophetica:
704 1434 1042 1487 auctoritatis
1096 1449 1196 1501 qua
1252 1435 1561 1489 dicitur":
1604 1436 1852 1504 Nunquid

285 1520 392 1585 qui
438 1520 591 1573 cadit
634 1537 736 1573 non
778 1522 986 1589 adjiciet
1022 1533 1074 1574 ut
1113 1524 1383 1591 resurgat?
1406 1534 1493 1576 aut
1526 1526 1615 1592 qui
1652 1540 1855 1578 aversus

286 1619 404 1669 est,
463 1624 570 1661 non
601 1611 955 1662 convertitur?
986 1608 1073 1663 γω
1113 1612 1192 1664 his
1238 1613 1325 1679 qui
1353 1612 1520 1665 aversi
1559 1622 1675 1666 sunt
1701 1630 1853 1667 aver-

286 1698 459 1752 sione
507 1697 818 1760 impudenti,
851 1697 982 1749 dicit
1009 1698 1279 1752 Dominus.
1304 1699 1365 1755 Et
1407 1700 1508 1754 iste
1534 1711 1615 1753 est
1640 1701 1730 1768 qui
1758 1716 1851 1753 ca-

286 1787 436 1840 dere
488 1786 704 1855 quidem
734 1787 923 1852 potuit,
957 1789 1217 1855 prosterni
1252 1802 1377 1841 vero
1416 1803 1520 1841 non
1559 1790 1748 1856 potuit.
1794 1789 1852 1843 Si

285 1883 494 1927 autem
534 1876 738 1929 videris
783 1875 1009 1943 aliquem
1038 1876 1291 1929 cecidisse
1322 1876 1372 1929 in
1419 1877 1629 1945 aliquod
1658 1894 1851 1947 pecca-

285 1973 443 2026 tum,
484 1972 540 2017 et
574 1973 693 2032 post
721 1977 901 2016 casum
932 1965 1297 2031 desperantem
1343 1966 1765 2033 conversionem,
1798 1976 1853 2023 et

282 2051 615 2104 dicentem:
641 2050 756 2104 Jatn
779 2051 1040 2120 quomodo
1061 2066 1271 2117 possum
1293 2067 1391 2120 ego
1409 2054 1583 2109 salvus
1605 2055 1736 2122 fieri,
1761 2057 1848 2124 qui

287 2137 657 2204 cecidi?jam
692 2136 835 2190 nulla
873 2152 992 2204 spes
1023 2131 1125 2201 cst',
1169 2148 1387 2204 peccata
1425 2155 1538 2194 mea
1582 2157 1667 2195 me
1707 2143 1854 2197 colli-

283 2234 457 2294 gant,
504 2225 774 2291 quomodo
820 2226 1014 2277 audere
1047 2240 1259 2292 possum
1288 2227 1546 2281 accedere
1577 2229 1641 2281 ad
1671 2229 1852 2283 Domi-

284 2328 431 2366 num
454 2313 481 2365 ?
508 2312 790 2378 Quomodo
813 2313 878 2365 ad
911 2313 1197 2368 Ecclesium
1238 2314 1448 2368 redire?
1479 2324 1534 2369 et
1565 2317 1609 2370 si
1633 2317 1732 2371 hac
1760 2318 1851 2372 dem

283 2400 625 2468 speratione
661 2400 765 2453 iste
795 2400 919 2454 talis
946 2403 1161 2455 recedat
1192 2401 1352 2455 etiam
1385 2418 1414 2455 a
1454 2404 1582 2467 Deo,
1622 2406 1706 2460 hic
1745 2423 1848 2461 non

280 2490 486 2543 solum
541 2489 765 2552 cecidit,
809 2490 902 2542 sed
949 2489 1000 2541 in
1032 2505 1157 2544 casu
1203 2504 1301 2544 suo
1340 2501 1643 2558 prostratus
1690 2504 1851 2563 atque

282 2578 591 2630 demersus
629 2585 730 2630 est.
777 2576 842 2629 Et
882 2585 965 2630 est
1015 2578 1226 2644 quidem
1262 2580 1518 2648 optabile,
1560 2589 1616 2634 ut
1651 2583 1850 2637 athleta

280 2666 528 2737 pietatis
561 2680 627 2719 ac
647 2665 863 2720 virtutis
890 2673 1102 2719 maneat
1135 2681 1345 2736 semper
1373 2670 1677 2734 immobilis,
1701 2680 1759 2724 ut
1785 2686 1851 2726 ne

281 2770 471 2807 uuam
506 2753 726 2820 quidem
757 2752 974 2814 luctam,
1010 2760 1069 2804 ut
1099 2752 1171 2805 ita
1194 2754 1389 2817 dicam,
1427 2757 1636 2823 perdat,
1668 2773 1734 2811 ne
1763 2772 1848 2812 se-

279 2844 395 2898 mel
434 2842 733 2897 inclinetur
767 2852 859 2896 aut
898 2845 1285 2912 supplantetur.
1319 2843 1470 2909 Quod
1500 2845 1543 2898 si
1595 2844 1709 2898 ﬁeri
1741 2861 1849 2900 non

274 2941 500 3002 potest,
534 2934 631 2985 sed
653 2931 894 2985 evenerit
915 2945 1034 2985 eum
1064 2933 1276 2995 cadere,
1312 2946 1415 2986 non
1431 2933 1604 3000 jaceat
1624 2943 1740 3002 post
1755 2950 1846 2989 ca-
1871 2970 1915 3027 α

275 3038 442 3085 sum,
495 3036 564 3074 ne
612 3026 1006 3087 prosternatur,
1057 3020 1147 3072 sed
1192 3028 1443 3088 exsurgat
1491 3030 1545 3073 et
1598 3022 1845 3076 emendet

273 3114 540 3177 culpam,
563 3118 823 3178 expurget
851 3109 1174 3179 pmnitentia:
1193 3123 1301 3162 suae
1319 3107 1684 3163 satisfactione
1702 3124 1847 3164 com-

276 3204 551 3261 missum,
596 3216 662 3253 ne
696 3200 857 3253 etiam
894 3199 958 3251 de
986 3199 1100 3265 ipso
1133 3196 1418 3265 Apostolus
1456 3199 1600 3251 dicat
1627 3197 1675 3229 ’⁸
1708 3213 1723 3249 :
1774 3197 1841 3251 Et

273 3293 505 3359 lugeam
553 3288 743 3341 multos
785 3302 848 3340 ea:
867 3286 947 3338 his
978 3286 1065 3353 qui
1108 3296 1224 3337 ante
1250 3295 1614 3352 peccaverunt,
1647 3297 1691 3338 et
1742 3302 1844 3338 non

271 3388 513 3451 egerunt
541 3378 892 3446 paenitentiam
917 3377 980 3427 de
1005 3375 1335 3428 immunditia
1351 3382 1398 3426 et
1427 3374 1766 3442 fornicatione
1794 3386 1843 3429 et

273 3468 637 3537 impudicitia
674 3482 831 3535 quam
857 3473 1140 3533 gesserunt.
1171 3464 1347 3529 Quare
1376 3464 1844 3531 etiamApostolus

271 3556 547 3627 exempla
593 3549 883 3623 palaestrici
913 3553 1097 3622 agouis
1123 3552 1411 3620 assumpsit
1444 3567 1565 3606 cum
1592 3554 1721 3607 dicit
1746 3554 1792 3585 "
1823 3570 1838 3606 :

273 3649 466 3704 Nemo
507 3654 797 3698 coronatur
837 3643 941 3695 nisi
991 3643 1080 3711 qui
1117 3641 1340 3710 legitime
1396 3643 1691 3706 certaverit,
1740 3642 1840 3696 nisi

269 3739 410 3808 quia
456 3749 568 3789 nos
607 3733 748 3788 scire
782 3729 996 3785 volebat
1033 3729 1164 3798 legis
1189 3731 1484 3783 certamina
1525 3739 1578 3783 et
1607 3732 1840 3798 agones?

269 3828 375 3899 qui
422 3836 485 3880 et
520 3825 590 3877 de
620 3824 797 3890 seipso
821 3822 897 3874 ait
921 3822 937 3851 ¹
973 3836 988 3870 :
1027 3818 1115 3873 Sic
1148 3834 1339 3888 pugno,
1369 3834 1471 3872 non
1496 3820 1644 3887 quasi
1671 3836 1839 3874 aerem

269 3919 600 3972 uerberans.
642 3912 710 3965 Et
760 3912 951 3964 iterum
978 3912 999 3941 ³
1030 3921 1046 3960 :
1075 3906 1346 3962 Certamen
1391 3909 1579 3961 bonum
1624 3910 1836 3964 certari.

269 4004 422 4069 Quia
459 4012 603 4067 ergo
631 4006 904 4053 certamen
939 3993 1094 4049 nobis
1133 4003 1213 4047 est
1249 4003 1302 4047 et
1334 4007 1468 4064 agon
1501 3995 1798 4063 propositus
1819 4034 1836 4060 ,

269 4093 457 4146 etiam
501 4088 637 4156 legis
681 4099 903 4155 agonem
950 4096 1109 4136 nosse
1136 4082 1410 4136 debemus.
1456 4083 1593 4138 Sunt
1620 4086 1838 4140 athletae

266 4182 369 4249 qui
405 4181 465 4232 in
495 4177 750 4231 omnibus
781 4173 1164 4228 certaminibus
1199 4174 1451 4237 vincunt,
1491 4182 1546 4227 et
1575 4174 1627 4227 in
1657 4175 1839 4227 omni-

1958 462 2179 528 ﬂixerit,
2201 475 2253 520 et
2283 469 2481 534 primas
2513 470 2651 523 inter
2677 474 2871 536 pmdas,
2916 477 2966 529 id
2991 485 3072 531 est
3097 478 3235 534 inter
3269 492 3490 549 pueros,

1958 554 2138 606 statim
2163 556 2336 621 capiat
2362 570 2604 610 coronas.
2631 558 2723 612 Vis
2744 562 2837 613 tibi
2863 565 3142 619 ostendam
3169 566 3375 635 aliquos
3395 571 3486 635 qui

1960 639 2097 694 inter
2127 657 2339 708 pueros,
2374 646 2423 698 id
2447 655 2545 707 est,
2580 647 2630 699 in
2661 648 2835 715 primo
2867 652 3049 705 statim
3074 652 3210 707 lacte
3238 655 3488 711 coronati

1957 729 2118 781 sunt?
2147 729 2369 797 Respice
2414 732 2625 786 beatum
2659 734 2926 789 Danielem
2957 738 2999 801 ‘,
3039 742 3127 806 qui
3158 757 3188 794 a
3226 757 3392 811 puero
3430 756 3485 799 et

1958 819 2251 884 prophetiae
2281 820 2502 887 gratiam
2532 823 2743 884 meruit,
2778 832 2832 877 et
2868 825 3076 894 iniquos
3103 844 3331 896 arguens
3357 847 3482 900 pre-

1957 905 2223 972 sbyteros,
2249 922 2379 974 puer
2413 923 2663 962 coronam
2690 910 2912 976 iustitia:
2952 923 3006 967 et
3043 919 3304 974 castitatis
3349 923 3482 975 obti-

1958 992 2089 1043 nuit.
2123 992 2209 1047 Vis
2240 996 2329 1049 tibi
2355 996 2587 1051 etalium
2620 999 2884 1065 proferam
2934 1000 3074 1055 inter
3104 1018 3298 1071 pueros
3325 1022 3482 1064 coro-

1957 1082 2170 1134 natum?
2194 1081 2477 1157 Jeremiatn
2507 1086 2647 1151 vide,
2674 1089 2763 1154 qui
2794 1104 2912 1142 cum
2943 1104 3002 1145 se
3039 1102 3256 1159 propter
3298 1096 3481 1153 adole-

1957 1170 2212 1220 scentiam
2247 1181 2527 1225 excusaret
2570 1186 2597 1224 a
2634 1176 3024 1241 prophetando,
3065 1180 3269 1235 audivit
3308 1196 3337 1233 a
3381 1185 3482 1236 Do-

1956 1258 2135 1310 mino"
2163 1274 2177 1310 :
2211 1257 2333 1311 Noli
2359 1261 2544 1324 dicere,
2574 1263 2841 1329 quiaPuer
2864 1282 2953 1334 ego
2982 1282 3116 1329 sum.
3135 1273 3381 1337 quoniam
3411 1274 3480 1326 ad

1954 1357 2125 1395 omnes
2141 1360 2463 1412 quoscunque
2480 1348 2676 1398 mittam
2692 1357 2762 1413 te,
2783 1351 2896 1415 ibis,
2912 1363 2959 1405 et
2974 1369 3287 1425 qmecunque
3303 1359 3481 1413 dixero

1954 1432 2060 1490 tibi.
2077 1431 2321 1501 loqueris.
2353 1434 2455 1488 Sed
2494 1435 2721 1491 fortasse
2760 1439 2956 1495 adultae
2986 1444 3079 1497 tibi
3112 1443 3224 1512 jam
3257 1446 3371 1500 ista:
3397 1449 3479 1502 vi-

1954 1521 2179 1575 deantur
2206 1534 2411 1596 aetates.
2444 1524 2586 1579 Dabo
2616 1526 2706 1580 tibi
2738 1527 2986 1582 athletam
3027 1533 3115 1600 qui
3149 1542 3274 1588 ante
3312 1535 3483 1589 lucta-

1959 1616 2040 1663 tus
2063 1611 2151 1675 sit,
2183 1622 2236 1666 et
2266 1615 2451 1668 vicerit
2479 1617 2785 1684 priusquam
2817 1617 2957 1672 inter
2985 1622 3224 1678 homines
3244 1626 3481 1679 emiserit

1955 1700 2177 1768 vagitus.
2206 1700 2370 1757 Jacob
2399 1706 2571 1758 adhuc
2609 1707 2745 1761 intra
2786 1718 2993 1762 uterum
3035 1712 3221 1768 matris
3250 1728 3360 1768 sua:
3390 1714 3477 1767 lu-

1952 1798 2123 1843 ctatus
2148 1804 2268 1844 cum
2306 1791 2473 1846 fratre
2514 1794 2673 1857 Esau,
2708 1797 3067 1864 supplantavit
3094 1814 3215 1853 eum
3243 1811 3297 1854 et
3327 1803 3474 1867 vicit,

1951 1891 2016 1930 ex
2046 1894 2149 1947 quo
2178 1889 2232 1933 et
2256 1881 2572 1948 supplantati
2615 1890 2668 1935 et
2694 1884 2885 1937 devicti
2923 1885 3104 1939 fratris
3147 1889 3479 1944 benedictio-

1953 1979 2048 2018 nes
2099 1966 2433 2033 primogeniti
2485 1982 2513 2019 a
2561 1977 2779 2035 parente
2825 1973 3124 2040 suscepit‘.
3148 1974 3280 2028 Nam
3316 1984 3369 2030 et
3401 1978 3477 2030 illi

1951 2054 2100 2119 pueri
2138 2069 2263 2106 num
2301 2054 2395 2107 tibi
2428 2056 2680 2110 videntur
2709 2057 2758 2110 in
2787 2059 2973 2125 puerili
3003 2075 3172 2129 agone
3212 2068 3475 2130 coronati,

1950 2138 2039 2206 qui
2072 2141 2209 2207 apud
2239 2140 2546 2195 Bethlehem
2575 2158 2604 2195 a
2647 2144 2848 2198 bimatu
2880 2156 2936 2200 et
2974 2148 3110 2203 inl‘ra
3137 2164 3233 2218 pro
3263 2152 3476 2209 Domini

1952 2227 2165 2281 nomine
2193 2227 2422 2295 palmam
2453 2242 2644 2297 cepere
2680 2234 2958 2302 martyrii?
2995 2234 3156 2291 Vides
3181 2250 3381 2306 quanta
3422 2242 3476 2296 in

1950 2328 2147 2389 pueros
2188 2329 2504 2370 coronarum
2546 2317 2800 2374 habemus
2841 2324 3103 2392 exempla.
3148 2325 3273 2380 llaec
3311 2329 3377 2383 de
3413 2344 3478 2384 eo

1953 2403 2093 2470 quod
2127 2404 2473 2469 repetivimus
2512 2408 2890 2474 expositionem
2923 2413 3168 2467 versiculi
3207 2415 3346 2471 illius
3387 2419 3476 2486 qui

1950 2490 2079 2543 dicit
2107 2508 2121 2543 :
2156 2488 2283 2543 Cum
2311 2492 2569 2557 ceciderit,
2595 2509 2694 2546 non
2714 2500 3156 2562 prosternelur.Et
3182 2516 3347 2569 quare.
3373 2518 3475 2556 non

1949 2587 2340 2645 prosternatur,
2367 2582 2559 2647 adjecit
2587 2597 2803 2636 Causam
2821 2586 3033 2641 dicens:
3063 2587 3196 2651 Quia
3228 2590 3476 2645 Dominus

1948 2667 2218 2734 conﬁrmat
2258 2684 2464 2722 manum
2491 2671 2623 2738 ejus.
2652 2663 2716 2724 Et
2742 2673 2860 2725 vide
2897 2688 3053 2741 quam
3093 2689 3478 2746 consequenter

1947 2753 2015 2808 de
2047 2756 2269 2824 singulis
2298 2756 2424 2810 dicit
2449 2758 2554 2814 :Ne
2584 2760 2760 2823 cadat,
2789 2761 3062 2827 Dominus,
3109 2765 3299 2834 inquit,
3329 2782 3479 2835 gres-

1948 2857 2038 2896 sus
2070 2844 2183 2910 ejus
2210 2846 2432 2915 dirigit;
2463 2848 2505 2900 si
2540 2855 2723 2901 antem
2765 2850 3052 2916 ceciderit,
3085 2868 3188 2906 non
3237 2867 3475 2922 proster-

1948 2931 2129 2984 nitur:
2163 2932 2438 2998 Dominus,
2465 2935 2658 3002 inquit,
2691 2937 2865 2991 lirmat
2897 2954 3111 2994 manum
3141 2943 3274 3011 ejus.
3321 2944 3478 3002 Vides

1950 3034 2077 3087 ergo
2102 3022 2225 3088 quia
2260 3020 2466 3075 Domini
2501 3037 2711 3089 semper
2740 3024 2941 3078 auxilio
2963 3026 3276 3096 indigemus.
3296 3030 3476 3088 Primo

1950 3122 2015 3161 ne
2045 3110 2296 3164 cadamus
2322 3126 2336 3161 :
2371 3119 2479 3164 tum
2503 3111 2692 3165 deinde
2725 3112 2887 3166 etiam
2932 3115 2975 3168 si
3007 3117 3384 3185 ceciderimus,
3416 3131 3476 3178 ut

1947 3210 2067 3250 resu
2078 3213 2164 3265 rga
2173 3212 2308 3252 mus.

2015 3283 2069 3338 5.
2099 3264 2309 3335 juvenis
2338 3284 2417 3352 fui
2438 3297 2482 3337 et
2507 3272 2670 3349 senui,
2716 3295 2766 3340 et
2798 3304 2899 3341 non
2926 3291 3026 3343 vidi
3054 3293 3256 3360 justum
3284 3297 3473 3351 dereli-

1946 3376 2106 3434 ctum,
2136 3387 2226 3423 nec
2249 3388 2417 3425 semen
2437 3374 2548 3440 ejus
2581 3390 2815 3442 qucerens
2834 3393 3039 3443 panem.
3064 3379 3190 3435 Tala
3206 3386 3289 3437 die
3314 3387 3472 3458 mis;-

1946 3468 2088 3512 retur
2126 3469 2171 3512 et
2205 3460 2424 3525 fenerat,
2455 3473 2499 3514 et
2521 3478 2690 3514 semen
2727 3463 2839 3531 ejus
2878 3467 2929 3518 in
2952 3467 3294 3526 benedictione
3316 3476 3412 3527 erit
3429 3474 3472 3531 ν.

1945 3545 2044 3611 Qui
2073 3547 2382 3614 simpliciter
2409 3551 2594 3602 dicunt
2621 3560 2675 3605 et
2702 3554 2994 3605 secundum
3023 3554 3301 3612 historiam
3333 3564 3475 3615 acci-

1944 3634 2137 3703 pienda
2183 3650 2302 3689 esse
2334 3636 2491 3689 verba
2530 3636 2819 3704 Scriptum
2860 3638 3053 3693 divinae
3081 3680 3096 3704 ,
3140 3643 3318 3697 dicent
3359 3647 3472 3702 sine

1946 3723 2106 3776 dubio
2157 3723 2207 3775 in
2260 3725 2378 3777 loco
2426 3724 2748 3782 confirmare
2801 3728 2989 3792 David,
3019 3731 3145 3798 quia
3206 3742 3479 3790 transacta

1942 3820 2098 3865 atate
2116 3811 2413 3879 juventtttis
2439 3828 2548 3867 suae
2575 3827 2696 3867 cum
2728 3815 2837 3883 jam
2874 3829 3041 3885 usque
3082 3821 3146 3872 ad
3178 3826 3473 3881 senectutis

1942 3915 2051 3956 suae
2071 3911 2271 3969 tempus
2295 3902 2544 3963 venisset,
2575 3905 2626 3957 in
2659 3906 2801 3957 omni
2827 3906 2925 3959 hoc
2947 3916 3183 3975 tempore
3205 3927 3469 3980 nunquam

1943 4005 2000 4045 se
2021 3992 2221 4045 vidisse
2256 3991 2327 4044 ita
2353 3991 2549 4058 justum
2580 3993 2892 4047 derelictum
2930 4007 2988 4048 tit
3016 4000 3240 4065 panibus
3264 4001 3467 4071 indige-

1943 4087 2042 4133 ret.
2079 4080 2143 4132 Et
2165 4079 2289 4146 quid
2322 4078 2543 4133 facimus
2569 4081 2633 4133 de
2667 4079 2831 4134 Paulo
2871 4086 3107 4149 apostolo
3135 4087 3176 4153 ⁸,
3208 4091 3295 4156 qui
3339 4108 3472 4145 cnu-

1942 4183 2150 4223 merans
2171 4178 2223 4222 et
2246 4183 2517 4236 exponens
2552 4170 2930 4237 prophetarum
2963 4175 3101 4228 vitas
3127 4178 3253 4230 dicit
3272 4194 3363 4233 eos
3387 4182 3463 4235 in-

267 4271 384 4324 bus
417 4274 781 4322 coronantur.
803 4262 945 4316 Inter
969 4262 1142 4331 pazdas
1173 4262 1415 4325 vincunt,
1452 4262 1591 4315 inter
1613 4263 1837 4332 agonios
1870 4281 1912 4334 ι)
1942 4258 2204 4324 digentes,
2232 4258 2528 4318 tribulatos,
2576 4259 2625 4309 iu
2654 4259 2879 4324 pellibus
2913 4264 3146 4328 caprinis
3187 4267 3468 4323 oberrasse

264 4360 549 4418 vincunt,
580 4355 719 4407 inter
745 4353 941 4406 andras
977 4352 1210 4404 vincunt.
1255 4350 1360 4403 Alii
1392 4351 1673 4405 vincuntur
1700 4351 1839 4406 inter

267 4449 523 4506 amicas,
559 4442 652 4496 sed
678 4448 1002 4495 coronantur
1020 4440 1160 4492 inter
1186 4439 1427 4506 agonios,
1455 4451 1838 4504 nonnunquam

267 4543 451 4595 etiam
484 4534 634 4587 inter
658 4530 854 4583 audras
880 4529 1115 4581 vincunt.
1150 4528 1289 4597 Ergo
1315 4525 1568 4593 aliquanti
1601 4538 1835 4594 semper,

267 4621 567 4695 aliquanti
602 4619 837 4672 secundo
865 4617 944 4670 vel
985 4617 1140 4669 tertio
1171 4623 1516 4669 coronantur.
1548 4613 1705 4667 Certe
1737 4615 1841 4668 mi~

268 4729 476 4771 serunt
516 4717 597 4761 est
624 4714 682 4760 et
709 4705 905 4758 ultima:
949 4704 1298 4767 infelicitatis,
1330 4704 1381 4756 in
1421 4700 1672 4757 omnibus
1704 4716 1833 4770 ago-

269 4802 457 4854 nibus
489 4804 604 4849 tam
635 4794 799 4845 variis
839 4800 1000 4859 atque
1028 4791 1276 4854 diversis,
1324 4803 1390 4843 ne
1419 4804 1576 4843 unam
1618 4790 1835 4858 quidem

271 4882 603 4959 promereri
654 4893 923 4934 coronam.
975 4879 1048 4931 Ita
1095 4895 1222 4946 ergo
1262 4887 1314 4932 et
1343 4877 1703 4943 Christianus,
1752 4878 1836 4931 cui

267 4986 563 5031 certamen
599 4977 676 5022 est
714 4983 811 5019 non
840 4968 1082 5019 adversus
1101 4982 1309 5020 comem
1323 4975 1370 5018 et
1389 4967 1716 5033 sanguinem,
1746 4970 1834 5021 sed

268 5067 549 5119 adversus
568 5058 884 5126 principatus
905 5064 951 5107 et
984 5061 1274 5121 potestates,
1301 5063 1349 5104 et
1372 5053 1617 5105 adversus
1648 5056 1845 5114 princi—

268 5168 370 5217 pes
423 5148 594 5214 huius
622 5144 802 5197 mundi
826 5143 1146 5195 tenebrarum
1183 5141 1395 5201 harum,
1420 5140 1666 5193 adversus
1691 5143 1850 5202 spiti-

271 5241 422 5294 talia
469 5234 719 5304 nequitia:
743 5234 796 5286 in
823 5232 1100 5285 calestibus
1121 5231 1161 5293 ³,
1198 5243 1317 5283 cum
1363 5236 1543 5284 tantos
1566 5229 1764 5283 habeat
1793 5240 1848 5284 et

273 5328 434 5384 tales
462 5323 825 5383 adversarios,
859 5330 1099 5384 tanquam
1126 5316 1364 5384 agonista
1404 5315 1628 5384 vigilare
1656 5317 1841 5382 debet,

1944 4360 2041 4412 per
2080 4358 2339 4399 cavernas
2376 4355 2667 4411 petrarum,
2715 4355 2767 4399 et
2825 4362 2919 4414 per
2964 4351 3290 4417 speluncas:
3322 4359 3469 4411 etde

1942 4433 2117 4502 seipso
2170 4447 2591 4487 commemorans
2644 4434 2952 4502 frequenter
3004 4439 3164 4505 dicit,
3219 4442 3271 4494 in
3326 4443 3467 4499 fame

1941 4531 1996 4575 et
2050 4523 2138 4576 siti
2195 4519 2246 4572 οἳ
2297 4523 2361 4575 Ει
2413 4537 2534 4578 cum
2600 4524 2714 4578 haec
2768 4527 2876 4593 pati
2922 4528 3096 4596 justus
3164 4532 3465 4600 frequenter

1942 4609 2338 4678 Scripturarum
2414 4612 2653 4667 historiis
2718 4629 3135 4683 cognoscamus,
3203 4624 3465 4687 quomodo

1940 4713 2082 4753 nunc
2119 4701 2404 4766 putandum
2457 4704 2672 4757 esthoc
2720 4705 2887 4758 David
2949 4707 3126 4759 dicere
3174 4709 3460 4762 secundum

1939 4785 2231 4853 simplicem
2292 4786 2658 4841 intellectum?
2717 4789 2822 4844 Sed
2882 4792 3155 4845 videamus
3203 4808 3269 4846 ne
3328 4795 3464 4847 forte

1942 4874 2049 4927 sint
2077 4874 2265 4940 aliqua:
2292 4884 2478 4929 aetates
2503 4877 2774 4932 interioris
2815 4879 3045 4933 hominis
3076 4880 3260 4943 nostri,
3301 4883 3366 4933 ad
3396 4883 3465 4934 si-

1944 4960 2294 5015 militudinem
2320 4962 2598 5017 exterioris
2622 4972 2676 5016 et
2700 4964 2992 5033 corporalis
3023 4965 3211 5016 aetatis.
3244 4962 3392 5016 Unde
3412 4976 3466 5019 et

1939 5050 2205 5107 interdum
2232 5050 2302 5104 ad
2334 5050 2477 5104 viros
2507 5051 2616 5119 jam
2650 5060 2853 5123 matura
2876 5059 3032 5103 aetate
3076 5048 3289 5112 dicitur,
3333 5051 3461 5115 quia

1938 5142 2089 5209 pueri
2122 5148 2266 5205 sunt,
2290 5152 2342 5195 et
2369 5142 2488 5195 aliis
2511 5142 2633 5209 quia
2662 5155 2841 5202 senes,
2864 5148 2917 5191 et
2932 5138 3049 5189 aliis
3073 5136 3194 5200 quia
3212 5134 3465 5201 juvenes,

1937 5243 1990 5286 et
2005 5234 2117 5288 haec
2138 5233 2319 5298 utique
2344 5231 2446 5284 diei
2469 5232 2535 5283 de
2561 5227 2823 5295 corporali
2849 5234 3008 5280 aetate
3048 5234 3152 5274 non
3181 5224 3462 5275 convenit.

1941 5320 2176 5387 Denique
2220 5334 2339 5373 cum
2375 5317 2586 5385 plurimi
2622 5324 2747 5367 ante
2786 5312 3055 5365 Abraham
3092 5315 3377 5358 sexcentos
3414 5320 3466 5362 et

349 5418 402 5452 ³⁷
433 5416 640 5471 Jerem.
670 5427 788 5475 vni,
811 5412 860 5473 4,
889 5410 941 5464 5.
1009 5410 1053 5441 ³⁸
1076 5407 1117 5460 ll
1139 5409 1254 5460 Cor.
1281 5419 1385 5475 sit,
1414 5406 1503 5462 2|.
1573 5409 1619 5441 ”
1646 5408 1695 5460 ll
1720 5409 1837 5461 'l‘itn

1982 5413 2033 5465 5.
2109 5414 2125 5443 ¹
2155 5412 2170 5463 Ι
2203 5411 2321 5464 Cor.
2352 5423 2425 5464 Ix.
2458 5398 2545 5459 96.
2583 5408 2604 5438 ⁸
2633 5404 2838 5475 ΙΙίιίίμιι-2
2870 5417 2944 5463 Iv,
2974 5403 3028 5454 7.
3103 5397 3125 5427 ³
3160 5394 3360 5461 Ephes.
3398 5414 3479 5465 vt,

273 5487 375 5541 12,
442 5470 449 5471 ί
489 5481 514 5513 δ
543 5483 675 5535 Dan.
709 5470 822 5532 sui.
849 5470 855 5473 ⁷
910 5478 932 5509 ⁸
959 5475 1061 5530 Jer.
1090 5489 1122 5533 ι,
1152 5475 1198 5523 7.
1302 5470 1481 5529 δῦθι).
1512 5491 1638 5530 xxv.

617 5572 877 5628 PATROL.
904 5564 1013 5624 Gn.
1038 5563 1165 5623 Xll.

1718 5478 1740 5510 "
1763 5478 1901 5535 l’sal.
1932 5468 2115 5545 ixxvt,
2137 5478 2224 5531 25.
2293 5478 2314 5507 ⁸
2343 5475 2501 5527 Hebr.
2536 5487 2606 5522 st.
2678 5472 2697 5501 ⁹
2733 5468 2774 5520 ll
2801 5472 2921 5525 Cor.
2961 5483 3032 5520 st.

3079 5550 3163 5606 ls3
