3910 6250
345 289 480 347 1555

1716 271 1800 330 EX
1837 269 2124 330 ORLGENE

3566 253 3690 310 1353

344 409 679 476 quingentos,
706 386 1053 456 utiminimum
1085 406 1352 453 trecentos
1381 412 1549 453 annos
1586 396 1878 457 vixissent,
1907 399 1952 451 A
1980 388 2204 456 relinqui
2234 401 2263 440 a
2288 386 2410 442 Deo
2448 384 2937 476 putandusuest
2988 376 3231 476 justus,
3265 385 3403 427 cum
3451 372 3692 476 agritudo

342 500 409 548 de
441 494 582 547 nullo
614 492 826 544 illorum
861 491 1058 544 dictmn
1092 501 1194 557 est,
1228 491 1352 560 quia
1399 489 1580 543 senior
1609 495 1661 541 et
1688 485 1874 553 plenus

342 583 551 636 dierum
586 580 766 642 fuerit,
798 578 896 631 nisi
942 579 1204 630 Abraham
1241 565 1617 630 tantummodo.
1652 575 1725 626 Ex
1770 585 1876 639 quo

339 669 498 738 673
524 666 918 734 intelligendum
946 666 1198 731 est,quod
1217 679 1315 717 non
1341 665 1404 716 de
1431 670 1586 716 aetate
1617 661 1875 727 corporis,

343 762 433 813 sed
482 759 547 810 de
593 756 899 810 maturitate
962 753 1230 806 interioris
1270 752 1502 805 hominis
1542 751 1876 816 designatum

342 855 443 901 est.
462 845 612 900 Unde
634 853 687 898 et
715 858 813 897 nos
842 851 1026 910 optare
1049 841 1300 895 debemus
1323 856 1425 893 non
1451 853 1546 907 pro
1574 847 1729 892 aetate
1759 851 1876 889 cor-

340 935 506 1005 poris,
533 949 702 1002 neque
721 948 818 1001 pro
843 931 1013 985 cilicio
1045 929 1354 998 presbyterii
1383 927 1635 996 appellari
1662 925 1880 993 presby-

345 1025 444 1078 teri
473 1035 526 1079 et
555 1025 812 1086 seniores,
837 1021 926 1074 sed
956 1034 1052 1087 pro
1086 1018 1359 1072 interioris
1391 1016 1618 1070 hominis
1643 1015 1877 1082 perfecto

341 1129 499 1169 sensu
547 1125 601 1168 et
649 1113 916 1183 gravitate
960 1107 1306 1170 constantiae,
1341 1105 1474 1158 sicut
1511 1112 1564 1157 et
1609 1103 1876 1156 Abraham

341 1205 631 1272 appellatus
677 1211 760 1255 est
792 1200 1066 1269 presbyter
1098 1197 1330 1249 nutritus
1366 1195 1418 1248 in
1473 1203 1746 1249 senectute
1789 1195 1881 1247 bo-

342 1310 407 1347 na
442 1294 504 1345 ¹⁰.
541 1291 633 1345 Est
683 1303 808 1358 ergo
855 1297 984 1341 tetas
1019 1285 1195 1353 aliqua
1231 1284 1519 1337 secundum
1574 1282 1878 1336 interiorem

341 1385 608 1440 hominem
641 1382 884 1451 puerilis,
913 1389 994 1433 est
1037 1387 1092 1433 et
1121 1388 1249 1432 retas
1279 1377 1553 1444 juvenilis,
1588 1385 1670 1429 est
1713 1387 1766 1430 et
1796 1390 1881 1429 se-

341 1479 464 1532 nilis
513 1476 803 1530 secundum
854 1473 994 1540 quod
1042 1469 1324 1537 Apostolus
1377 1468 1584 1522 dicebat
1612 1467 1698 1519 υτ
1749 1465 1880 1520 Cum

313 1577 500 1620 ,essem
544 1558 808 1622 parvulus,
853 1558 1097 1626 loquebar
1129 1567 1182 1610 ut
1213 1554 1478 1622 parvulus,
1516 1554 1776 1621 sapiebam
1825 1563 1877 1605 ut

340 1648 608 1716 parvulus,
641 1647 924 1714 cogitabam
953 1657 1006 1698 ut
1037 1644 1279 1712 parvulus
1311 1659 1332 1706 ;
1363 1659 1477 1695 cum
1505 1653 1675 1694 autem
1712 1641 1876 1708 factus

341 1754 453 1791 sum
478 1739 572 1798 vir.
617 1735 856 1789 evacuavi
900 1750 1015 1803 quis
1053 1743 1196 1787 erant
1250 1733 1470 1799 parvuli.
1526 1732 1634 1797 Ego
1671 1731 1784 1784 haec
1815 1732 1880 1783 ab

341 1826 591 1894 Apostolo
625 1838 730 1877 non
759 1824 824 1877 de
860 1822 1123 1889 corporali
1169 1829 1325 1875 aetate
1365 1821 1467 1874 dici
1504 1819 1764 1888 intelligo,
1790 1820 1883 1873 sed

343 1916 590 1983 quoniam
616 1927 734 1966 cum
757 1912 810 1964 in
839 1911 990 1964 initio
1011 1909 1354 1974 credidisset,
1378 1907 1478 1960 fuit
1502 1907 1753 1975 parvulus
1787 1922 1883 1959 nu-

339 1986 436 2073 per
461 2004 706 2071 genitus,
746 2001 1064 2055 rationabile
1107 2009 1160 2054 et
1200 2001 1317 2054 sine
1363 2000 1482 2053 dolo
1508 1999 1590 2051 lac
1632 2000 1884 2068 concupi-

342 2105 499 2146 scens
530 2093 596 2156 ",
630 2101 756 2144 tunc
794 2089 1126 2157 intelligebat
1166 2089 1474 2157 Scripturas
1506 2097 1564 2142 ut
1605 2089 1882 2157 parvulus,

344 2179 581 2243 sapiebat
605 2181 669 2231 de
696 2175 982 2245 Evangelio
1016 2186 1075 2229 ut
1099 2175 1372 2244 parvulus,
1397 2176 1663 2243 cogitabat
1687 2186 1744 2230 ut
1765 2193 1885 2244 par-

342 2269 529 2334 vulus;
562 2269 656 2322 sed
696 2277 814 2335 post
860 2267 974 2319 haec
1023 2265 1307 2333 proﬁciens
1341 2276 1498 2319 actate
1538 2267 1604 2320 ad
1647 2267 1888 2321 similitu-

343 2361 517 2414 dinem
543 2360 746 2415 Christi
773 2361 836 2412 de
865 2373 969 2426 quo
1001 2359 1258 2424 scriptum
1303 2367 1386 2412 est
1416 2357 1458 2388 ”
1487 2359 1610 2424 quia
1634 2346 1888 2425 Proﬁcie-

344 2453 429 2504 bat
452 2461 600 2503 wtale
633 2459 678 2503 et
718 2448 972 2514 sapientia
1003 2458 1047 2499 et
1099 2450 1264 2515 gratia
1304 2446 1441 2513 apud
1472 2445 1631 2498 Deum
1669 2456 1716 2498 et
1747 2447 1885 2512 apud

342 2541 595 2600 homines,
616 2539 912 2606 deponebat
942 2553 1058 2605 (jure
1079 2544 1232 2589 erant
1265 2535 1471 2603 parvuli
1493 2544 1576 2588 :et
1604 2545 1885 2601 propterea

343 2627 478 2680 dixit
506 2626 570 2691 “,
593 2627 718 2680 Cum
761 2624 932 2691 [actus
973 2639 1084 2675 sum
1133 2623 1228 2684 vir,
1261 2637 1374 2686 qua:
1407 2621 1608 2687 parvuli
1625 2631 1770 2673 erant
1799 2624 1889 2673 de-

344 2717 510 2785 posui.
549 2715 623 2767 Ita
656 2727 784 2780 ergo
816 2710 1189 2777 intelligendus
1222 2718 1303 2762 est
1333 2709 1494 2762 etiam
1535 2708 1701 2760 David
1739 2709 1889 2762 dice-

345 2819 406 2858 re
432 2805 497 2868 ’⁸,
521 2803 728 2858 Juvenis
751 2801 827 2868 fui
850 2811 894 2852 et
926 2800 1113 2860 senui;
1142 2806 1199 2849 ut
1241 2798 1285 2850 si
1317 2798 1536 2862 diceret,
1553 2800 1682 2855 Cum
1715 2812 1886 2852 essem

345 2893 595 2960 parvulus
625 2890 912 2943 secundum
946 2887 1254 2938 interiorem
1292 2885 1581 2948 hominem,
1610 2903 1750 2940 nunc
1777 2887 1887 2954 jam

1977 477 2216 546 corporis
2258 475 2680 539 advenit,cum
2722 469 3087 530 tribulatio,
3128 479 3274 518 cum
3324 472 3617 529 paupertas
3647 473 3694 514 et

1977 567 2196 634 singulae
2237 579 2482 632 quasque
2527 563 2714 629 hujus
2759 561 2910 613 vitae
2964 553 3280 610 molestize
3329 559 3692 619 generantur:

1979 655 2344 711 bzecmaxime
2359 653 2536 716 justis
2557 651 2852 705 accidere
2879 648 3122 709 solent,
3141 644 3370 712 quibus
3389 652 3446 696 et
3464 657 3697 710 perseeu-

1981 748 2180 800 tionem
2211 744 2324 811 pati
2363 757 2470 810 pro
2503 739 2757 794 nomine
2797 736 2912 789 Dei
2981 737 3277 790 solemne
3326 743 3439 795 est,
3488 735 3580 787 sed
3609 749 3700 786 non

1981 835 2435 902 derelinquuntur
2467 846 2601 885 cum
2643 827 2970 897 patientes
3033 824 3181 876 haec
3220 826 3427 878 omnia
3480 835 3534 877 et
3583 826 3702 878 tole-

1982 933 2164 977 rantes
2214 923 2407 976 dicunt
2436 922 2506 972 ης
2549 919 2743 972 Nemo
2798 930 2916 969 nos
2981 912 3320 980 separabit
3369 929 3403 963 a
3453 915 3707 968 cbaritate

1983 1012 2098 1074 Dei,
2125 1025 2246 1078 quae
2278 1019 2363 1062 est
2401 1009 2454 1061 iu
2499 1007 2749 1061 Christo
2785 1003 2976 1066 Jesu,
3026 1015 3248 1070 neque
3280 1001 3596 1068 tribulatio,
3630 1020 3710 1057 ne-

1981 1114 2087 1166 que
2130 1102 2324 1159 fames.
2373 1112 2560 1165 neque
2609 1096 2937 1162 angustia,
2985 1107 3206 1160 neque
3265 1091 3524 1157 nudit'ts,
3553 1108 3710 1160 neque

1982 1189 2232 1258 gladius,
2269 1202 2448 1255 neque
2503 1188 2782 1254 altitudo,
2846 1203 3069 1257 neque
3127 1184 3524 1253 profundum,
3557 1199 3714 1249 neque

1983 1278 2088 1330 alia
2117 1287 2397 1330 creatura.
2449 1277 2716 1344 Denique
2778 1279 3134 1345 propheta:
3166 1277 3250 1339 ³ο,
3288 1273 3393 1340 qui
3427 1272 3717 1324 circuibant

1984 1365 2038 1416 in
2079 1366 2301 1419 deserto
2354 1379 2456 1433 per
2511 1381 2805 1420 cavernas
2871 1375 3226 1433 petrarum
3295 1370 3359 1416 et
3415 1363 3712 1428 speluncas,

1983 1463 2228 1521 egentes,
2259 1455 2538 1517 tribulati,
2575 1454 2814 1520 afﬂicti,
2878 1455 3042 1508 licet
3087 1454 3154 1507 in
3204 1452 3469 1505 desertis
3514 1450 3717 1503 oberra-

1983 1552 2126 1607 rent,
2172 1551 2226 1597 et
2257 1553 2445 1597 essent
2495 1544 2566 1597 ab
2620 1545 2995 1597 hominibus
3067 1542 3388 1604 derciicti,
3445 1540 3716 1594 multitudo

1988 1639 2168 1684 tamen
2201 1645 2297 1686 eos
2320 1632 2649 1700 angelorum
2678 1633 3171 1686 circumdabat.
3213 1631 3322 1685 Sic
3352 1631 3596 1698 denique
3627 1629 3719 1680 Eli-

1985 1737 2127 1776 smus
2155 1736 2280 1775 cum
2331 1731 2478 1776 esset
2529 1723 2602 1776 ab
2649 1722 3031 1776 hominibus
3089 1721 3461 1786 derelictus,
3522 1721 3715 1776 caelesti

1987 1812 2439 1866 circumdabatur
2477 1814 2769 1877 exercitu,
2823 1815 3209 1868 secundum
3255 1814 3420 1880 quod
3471 1817 3716 1880 scriptum

1984 1901 2332 1969 est":Aperi
2359 1904 2551 1956 oculos
2579 1905 2745 1970 pueri
2782 1905 3011 1970 hujus,
3053 1914 3132 1957 ut
3160 1904 3373 1958 videat
3400 1903 3535 1972 quia
3557 1904 3717 1973 plures

1984 1989 2270 2043 nobiscum
2297 1999 2620 2058 suntquam
2657 2008 2795 2046 cum
2834 1993 2991 2046 illis.
3039 1993 3129 2046 Et
3171 1994 3334 2046 vidit
3369 2003 3555 2046 totum
3579 2010 3715 2046 mon-

1986 2085 2096 2131 tem
2136 2078 2413 2145 equitibus
2441 2089 2496 2134 et
2541 2081 2824 2136 curribus
2892 2083 3212 2151 plenum.
3241 2081 3558 2152 Nunquam
3587 2085 3712 2138 enim

1985 2166 2132 2220 solus
2169 2166 2477 2233 estjustus,
2509 2169 2608 2221 sed
2645 2184 2720 2223 ne
2749 2171 2950 2224 unius
2987 2173 3300 2238 quidem,
3339 2181 3448 2226 aut
3479 2175 3713 2230 duorum.

1985 2257 2067 2310 vel
2091 2260 2250 2310 trimn
2279 2260 2669 2313 tantummodo
2695 2261 3097 2330 angelorum
3127 2263 3441 2318 societate
3468 2264 3714 2319 subnixus

1985 2354 2090 2407 est,
2111 2345 2203 2398 sed
2238 2349 2519 2400 exercitus
2543 2348 2595 2401 ei
2617 2349 2924 2403 virtutum
2966 2353 3354 2408 caelestium
3392 2367 3600 2422 praesto
3627 2367 3712 2408 est.

1987 2434 2141 2499 Quod
2173 2435 2219 2488 si
2263 2435 2516 2501 pluribus
2565 2438 2759 2492 adhuc
2809 2441 3232 2498 testimoniis
3287 2459 3445 2514 opus
3475 2454 3579 2510 est,
3613 2460 3714 2499 sus-

1987 2524 2106 2590 cipe
2153 2532 2206 2577 et
2254 2524 2422 2578 aliud.
2458 2524 2635 2580 Jacob
2666 2530 2952 2596 quandiu
3007 2542 3176 2588 erat
3231 2535 3294 2588 in
3340 2537 3514 2590 domo
3541 2549 3710 2604 pareno

1987 2620 2098 2690 tum
2126 2621 2322 2666 etcum
2353 2613 2527 2668 fratre
2564 2615 2742 2682 Esau,
2793 2635 2925 2674 non
2973 2634 3134 2676 erat
3163 2638 3312 2678 cum
3348 2626 3604 2679 exercitu
3628 2639 3712 2679 aa-

1988 2701 2229 2770 gelorum
2262 2719 2276 2754 :
2307 2717 2432 2756 cum
2467 2718 2605 2759 vero
2652 2710 3043 2763 secessisset.
3103 2714 3187 2766 ad
3217 2715 3596 2768 solitudinem
3628 2715 3711 2766 de-

1989 2791 2380 2855 serti,etsolus
2405 2792 2511 2845 iter
2528 2804 2728 2861 ageret
2757 2798 2832 2848 ad
2871 2798 3456 2869 Mesopotamiam,
3475 2806 3712 2858 dormivit

1991 2879 2044 2932 in
2077 2879 2190 2932 loco
2227 2881 2488 2946 quodam,
2511 2890 2567 2933 et
2599 2897 2957 2953 exsurgens
2985 2890 3168 2945 dicit
3199 2896 3349 2962 quia
3386 2910 3616 2951 vocatur
3637 2899 3710 2950 hic

348 2981 516 3035 senui.
554 2977 664 3030 Nisi
724 2977 866 3028 enim
918 2975 1205 3035 senuisset,
1259 2974 1514 3039 propheta
1569 2990 1673 3027 non
1724 2987 1886 3031 esset,
1917 2987 1963 3046 ρ
1992 2967 2140 3020 locus
2162 2969 2480 3038 παρεμϐολή
2505 3009 2521 3034 ,
2555 2973 2714 3039 quod
2753 2985 2852 3027 est
2891 2988 3138 3034 castra
3163 3021 3181 3046 ,
3229 2999 3345 3052 pro
3373 3001 3445 3039 eo
3470 2989 3610 3055 quod
3643 2988 3712 3040 vi-

291 3057 308 3066 ”
348 3069 584 3136 Namque
617 3079 804 3118 senum
832 3072 912 3116 est
942 3063 1278 3130 pr0pbetare.
1312 3059 1534 3114 Etiamsi
1581 3063 1764 3117 videas
1791 3065 1894 3119 ali-

348 3157 563 3228 quando
585 3155 831 3221 juvenem
866 3152 1293 3220 prOphetantcm,
1341 3165 1444 3201 non
1471 3151 1684 3205 dubites
1713 3154 1894 3210 dicere

350 3247 525 3308 (ie-eo,
551 3243 674 3310 quia
715 3241 1007 3294 secundum
1044 3237 1352 3290 interiorem
1393 3238 1660 3291 hominem
1691 3243 1890 3307 senuit,

351 3343 631 3402 propterea
660 3329 915 3398 propheta
946 3339 1027 3380 est
1059 3344 1072 3379 :
1100 3324 1328 3391 denique
1369 3323 1627 3378 Jercmias
1650 3341 1771 3380 cum
1797 3345 1893 3382 att-

351 3416 623 3472 divisset“
643 3434 654 3469 :
673 3414 984 3484 Priusquam
1010 3421 1056 3465 te
1089 3419 1396 3479 ptasmarem
1427 3413 1478 3464 in
1515 3423 1660 3466 utero
1686 3417 1804 3468 novi
1821 3427 1890 3479 te,

351 3517 400 3561 et
428 3516 699 3575 antequam
737 3505 905 3556 exires
949 3504 1016 3554 de
1054 3501 1201 3554 vulva
1237 3500 1558 3566 sanctificavi
1587 3513 1654 3564 le,
1696 3514 1742 3556 et
1773 3522 1892 3572 pro-

353 3599 558 3664 phetam
604 3595 659 3646 in
692 3593 924 3659 gentibus
963 3590 1061 3657 feci
1095 3597 1162 3650 te,
1206 3589 1480 3656 respondit
1517 3591 1640 3657 quia
1679 3593 1891 3647 Juvenis

357 3701 445 3757 ego
467 3699 579 3736 sum
617 3691 662 3734 et
703 3678 871 3731 nescio
899 3676 1056 3743 loqui.
1093 3674 1194 3728 Sed
1219 3675 1306 3728 ille
1337 3675 1425 3741 qui
1453 3676 1500 3727 ci
1524 3677 1739 3730 donavit
1766 3695 1890 3748 gra-

354 3772 481 3825 tiam
509 3777 689 3820 utnon
728 3773 868 3818 esset
906 3777 1059 3828 puer,
1088 3761 1179 3814 sed
1222 3771 1366 3813 esset
1394 3764 1574 3814 senior
1595 3768 1887 3819 secundum

352 3855 654 3908 interiorem
674 3850 961 3910 hominem,
985 3848 1058 3899 ait
1084 3847 1148 3899 ad
1173 3862 1290 3900 eum
1305 3849 1345 3878 ⁸⁷
1371 3863 1385 3897 :
1409 3848 1532 3900 Noli
1555 3850 1744 3916 dicere,
1767 3855 1888 3920 quia

345 3942 548 3995 Iuvenis
575 3955 665 4008 ego
695 3955 824 3991 sum.
853 3936 1097 4002 Alioquin
1127 3935 1230 3988 nisi
1262 3936 1372 3988 haec
1400 3936 1469 3988 ita
1502 3937 1897 4007 intelligantur,

354 4032 480 4100 quid
506 4029 723 4084 habebit
775 4025 998 4080 rationis
1029 4035 1087 4076 ut
1116 4024 1324 4078 dicatur
1347 4040 1532 4093 puero,
1560 4026 1709 4093 cujus
1759 4039 1889 4083 aetas

349 4118 596 4186 juvenilis
631 4125 681 4170 et
709 4111 1006 4176 rudis,Noli
1030 4114 1217 4177 dicere,
1240 4113 1362 4180 quia
1379 4115 1579 4167 Juvenis
1602 4131 1695 4182 ego
1721 4133 1832 4169 sum
1863 4121 1889 4172 ?

353 4210 455 4261 hoc
488 4215 570 4258 est
610 4207 809 4265 dicere,
848 4215 950 4253 non
989 4201 1138 4253 dicas
1167 4202 1306 4266 quod
1335 4215 1515 4253 verum
1545 4211 1646 4255 est.
1669 4201 1888 4258 Juvenis

356 4305 481 4358 ergo
504 4299 620 4342 erat
645 4289 934 4384 secundum
964 4295 1174 4384 aetatem
1211 4287 1454 4384 corporis
1477 4303 1491 4338 :
1512 4289 1604 4342 sed
1634 4291 1884 4356 quoniam
1917 4289 1962 4344 D
1991 4288 2104 4342 rius
2131 4290 2369 4346 diximus
2412 4297 2527 4362 pati
2561 4313 2770 4357 omnes
2804 4321 3108 4384 sanctos,

359 4376 616 4433 Dominus
662 4375 882 4426 dederat
927 4374 1084 4424 verba
1147 4372 1334 4427 suain
1366 4387 1458 4426 ore
1505 4376 1639 4442 ejus,
1697 4377 1888 4444 quibus

358 4467 653 4522 eradicaret
692 4473 746 4515 et
767 4462 1099 4515 subverteret
1125 4470 1180 4515 et
1215 4463 1568 4530 disperderet,
1593 4478 1647 4518 et
1678 4481 1886 4520 rursum

356 4555 644 4610 azdiliearet
678 4559 730 4602 et
759 4549 1055 4616 plautaret,
1086 4565 1203 4616 quae
1239 4551 1412 4605 virtus
1444 4554 1727 4608 verborum
1769 4556 1884 4608 aui-

357 4659 498 4698 matu
529 4639 643 4707 ejus
673 4638 975 4691 illuminans
1010 4646 1064 4690 et
1087 4641 1428 4696 sanctiﬁcans
1455 4657 1557 4697 non
1598 4659 1714 4698 eam
1743 4645 1884 4700 sine-

357 4732 448 4784 bat
496 4741 613 4781 esse
663 4724 939 4791 puerilem,
987 4724 1104 4777 ideo
1149 4728 1341 4781 merito
1389 4730 1454 4781 ad
1489 4743 1610 4783 eum
1643 4731 1882 4787 dicitur:

362 4821 487 4876 Noli
520 4819 709 4881 dicere,
752 4815 872 4884 quia
889 4816 1090 4870 Juvenis
1113 4833 1202 4884 ego
1218 4835 1351 4871 sum.
1382 4818 1640 4874 Similiter
1669 4837 1798 4888 ergo
1832 4833 1887 4876 et

356 4914 458 4965 hoc
488 4908 626 4977 quod
651 4905 811 4959 David
839 4905 966 4958 dicit
998 4906 1074 4956 “z
1109 4905 1325 4959 Iuvenis
1347 4909 1425 4973 [ui
1456 4918 1504 4960 et
1527 4910 1689 4971 senui,
1715 4921 1760 4962 et
1784 4926 1885 4963 non

357 5000 459 5055 vidi
475 4999 674 5064 justum
719 4992 1036 5056 derelictum,
1081 5008 1170 5044 nec
1199 5009 1367 5047 semen
1389 4996 1501 5062 ejus
1529 5013 1767 5064 quarens
1791 5015 1888 5065 pa-

355 5102 491 5148 nem,
537 5082 821 5137 secundum
853 5080 952 5132 hoc
981 5079 1119 5147 quod
1148 5092 1304 5144 supra
1348 5081 1413 5133 de
1443 5091 1598 5134 aetate
1638 5083 1882 5150 juvenili,

355 5176 436 5228 vel
488 5171 639 5226 senili
685 5167 951 5222 interioris
993 5166 1222 5220 hominis
1251 5167 1500 5232 diximus,
1548 5172 1881 5225 sentiendum

357 5268 437 5313 est
460 5277 474 5321 ;
501 5256 735 5324 alioquin
767 5254 1051 5308 secundum
1073 5253 1389 5307 exteriorem
1420 5255 1683 5310 hominem
1718 5258 1762 5311 si
1792 5258 1886 5311 de-

428 5375 470 5403 “
508 5373 638 5425 Gen.
673 5383 798 5421 xxv.
872 5367 959 5419 “l
1010 5367 1132 5421 Gor.
1173 5383 1290 5430 xui,
1333 5369 1418 5421 11.

359 5437 445 5488 25.
518 5440 560 5469 “
583 5438 691 5490 Jer.
731 5435 820 5490 1,5
855 5445 906 5484 et
948 5435 997 5486 6.
1073 5437 1114 5466 "
1143 5436 1267 5488 ibid.
1286 5439 1336 5488 7.

1492 5370 1574 5422 “l
1620 5370 1758 5422 Petr.
1796 5385 1856 5432 ιι,
1885 5371 1940 5424 2.

364 5437 445 5488 25.
518 5440 560 5469 ⁸⁸
583 5438 691 5490 Jer.
731 5436 820 5490 1,5
855 5445 906 5484 et
948 5436 997 5486 6.
1073 5437 1114 5466 "
1143 5436 1267 5488 ibid.
1286 5439 1336 5488 7.
1413 5436 1455 5467 ’⁸
1497 5437 1629 5490 Psal.
1671 5445 1884 5498 xxxvt,1

364 5504 427 5554 i6
458 5515 508 5556 et
544 5504 623 5554 l7.
697 5503 740 5531 "
769 5501 786 5550 Ι
817 5500 938 5552 Cor.
967 5515 1040 5564 tv,
1068 5505 1149 5556 il.
1224 5504 1268 5534 "
1298 5504 1422 5557 ibid.
1456 5504 1538 5555 l2.
1615 5503 1658 5536 "
1684 5505 1722 5555 ιι
1745 5503 1864 5558 Cor.

2173 5438 2347 5562 ἶρὲηι,
2377 5436 2502 5539 {In}
2548 5476 2645 5535 '55.

2284 5534 2431 5578 Ωιι...
2494 5563 2507 5578 ι
2558 5547 2630 5578 oo

1993 3055 2065 3108 dit
2097 3055 2170 3108 ibi
2201 3070 2304 3108 non
2333 3073 2525 3118 unum.
2575 3061 2674 3112 sed
2731 3061 2916 3128 plura
2979 3078 3220 3124 castra
3263 3072 3397 3128 Dei.
3436 3075 3560 3130 llaec
3595 3077 3711 3130 dici-

1991 3157 2110 3194 mus
2132 3143 2197 3196 de
2231 3157 2294 3195 eo
2322 3144 2468 3211 quod
2516 3161 2900 3216 nequaquam
2941 3153 3185 3220 justus
3219 3162 3452 3216 dicitur
3493 3166 3711 3219 derelin-

1991 3228 2104 3321 qui,
2138 3227 2559 3321 inspiritalibus
2593 3234 2898 3291 duntaxat
2944 3241 3177 3300 bouis.
3219 3249 3290 3302 In
3342 3253 3711 3321 corporalibus

1989 3319 2133 3370 enim
2164 3319 2292 3413 vide
2319 3321 2664 3413 quidjustus
2693 3327 2884 3394 dixit,
2918 3332 2988 3386 in
3033 3339 3290 3404 quibus
3321 3319 3500 3399 etiam
3529 3349 3709 3413 gloria-

1993 3413 2078 3456 tur
2107 3422 2121 3458 :
2160 3404 2335 3474 Usque
2360 3409 2430 3460 ad
2461 3409 2623 3477 hanc,
2660 3413 2864 3480 inquit
2894 3423 2983 3490 “,
3025 3431 3266 3484 horam
3299 3444 3353 3487 et
3381 3404 3642 3492 esurimus
3665 3451 3706 3493 et

1990 3495 2214 3558 sitimus,
2243 3506 2289 3547 et
2313 3499 2443 3550 nudi
2462 3516 2672 3567 sumus,
2710 3516 2764 3557 et
2799 3511 3109 3580 colaphis
3153 3524 3476 3592 caedimur,
3513 3541 3556 3581 et
3580 3530 3708 3582 labo-

1990 3687 2109 3722 mur
2135 3681 2183 3723 et
2225 3675 2609 3770 benedicimus.
2635 3691 3153 3751 persecutionem
3173 3706 3453 3770 ραιξηιω.
3488 3721 3536 3762 ει
3560 3712 3704 3762 ηυξ,

1990 3774 2191 3864 uelatus,
2249 3761 2602 3864 blaspliemati
2656 3772 3108 3843 deprecamur.
3147 3761 3280 3847 Sed
3316 3799 3588 3864 quoniam
3620 3800 3707 3853 iste

1993 3847 2126 3956 talis,
2143 3863 2246 3956 non
2283 3851 2711 3954 relinquebatur
2764 3866 3032 3938 spiritu,
3078 3847 3708 3956 dicebai';

1987 3936 2126 4034 quod
2149 3937 2501 4044 placeo'ntihi
2531 3945 2587 3996 in
2629 3936 3119 4017 inﬁrmitatibus
3171 3973 3355 4038 meis,

1987 4029 2485 4134 ii.’.‘ff.‘.“'.’.‘if',’.’.“s‘.t
2508 4049 2563 4134 ν’
2597 4050 3168 4134 Ρθνδθῗτιτηξηίδων
3197 4059 3265 4112 in
3315 4069 3593 4134 ᾳηραειείε
3619 4085 3703 4133 pro

1988 4108 2560 4221 quiin—mnbuplicit‘er
2587 4138 2729 4192 ergo
2763 4108 3290 4212 derelinqui'tur,

1989 4202 2611 4310 Eorpriraliter
2663 4217 2915 4280 quidem
2975 4202 3107 4284 hoc
3163 4202 3379 4303 modo:
3395 4202 3702 4310 “qus—5L};-

2077 4332 2104 4388 Ϊ
2133 4332 2369 4346 “’““’““”“¹
2413 4332 2527 4362 ¹¹“¹“·
2561 4332 2770 4357 υυιιιεδ
2804 4332 3108 4384 δδιιειοεν
3161 4335 3228 4378 et
3271 4345 3394 4383 non
3423 4332 3566 4387 hrdi.
3604 4333 3700 4386 Dc-

1988 4377 2375 4480 relinquuntur
2409 4398 2544 4439 vero
2570 4389 2776 4454 spiritu
2828 4398 2919 4454 illi
2956 4407 3042 4461 de
3091 4377 3696 4480 'quibiig'aiﬁlrzs';

1991 4464 2254 4567 .Qu‘fi'if'm
2282 4486 2386 4567 ""9.
2410 4480 2869 4567 “””_'°b“”crum
2904 4464 3373 4562 Deum‘haber'e
3386 4464 3676 4567 Efiiim

1987 4555 2206 4607 u-adidit
2230 4573 2316 4609 eos
2344 4557 2484 4612 Deus
2512 4563 2569 4616 in
2605 4576 2912 4635 reprobum
2942 4554 3327 4658 δεηεωιιζεῐξ

3261 4610 3327 4649 ut
3352 4602 3569 4667 faciant
3591 4618 3696 4670 qua

1989 4655 2093 4694 non
2137 4659 2462 4714 congruunt,

2120 4655 2750 4759 geingr'ii‘uut,.repletos
2789 4671 2958 4759 cassii
3028 4677 3387 4753 iniquitate,
3449 4695 3692 4759 nequitia,

1985 4736 2237 4799 avaritia,
2260 4736 2443 4804 plenos
2465 4743 2702 4814 invidia,
2729 4740 3104 4831 homicidiis,
3123 4736 3542 4834 contentione:

1985 4835 2389 4894 susurratores,
2423 4834 2758 4895 detractores
2780 4882 2796 4907 ,
2829 4845 2956 4903 Deo
2995 4858 3262 4907 odibrles
3290 4904 3304 4907 -
3344 4821 3690 4907 rnnm’m-Iin:

1987 4845 2389 4894 susurratores,
2423 4845 2758 4895 aetractores
2780 4882 2796 4907 ,
2829 4845 2956 4903 Deo
2995 4858 3262 4916 odibiles
3289 4904 3307 4926 ,
3344 4874 3694 4924 σοηικιηειίο.

1987 4925 2098 4973 δοες
2124 4919 2408 4973 Superbos.
2439 4925 2628 4973 elatos-
2675 4941 2732 4973 ps
2760 4946 2977 4973 nmio-nn
3030 4947 3282 4973 n..-:_-_-_-
3309 4971 3318 4973 ,
3359 4960 3395 4973 ..
3531 4963 3544 4973 .

2067 4926 2288 5031 21.13pr
2293 4919 2634 5031 b..°_‘:_f.’“‘°‘.~
2675 4941 2735 4986 εί
2760 4946 2980 4995 mm
3027 4947 3395 5017 huiusmodi
3433 4963 3579 5016 mata
3601 4979 3692 5031 pro

1988 4997 2276 5113 quibuset
2304 5009 2614 5108 derelinqui
2650 5036 3018 5089 meruerunt.
3057 4997 3688 5113 Qua;

1989 5098 2479 5209 uitiauit:
2512 5121 2821 5179 propterea
2872 5120 3014 5174 dicit
3035 5163 3052 5188 ,
3095 5133 3252 5196 quia
3272 5137 3411 5191 Non
3462 5145 3576 5195 vidi
3601 5144 3688 5209 ju-

2181 5181 2529 5287 defeucmm’
2579 5216 2682 5254 ⁷⁸⁸⁸
2744 5222 2928 5263 “me”
2971 5214 3098 5281 ei”
3117 5181 3428 5288 ⁸(Ιιιιιεητησ

2140 5283 2195 5310 m
2232 5288 2279 5310 ea
2331 5285 2490 5310 cun“-
2542 5303 2691 5310 ,-,,,,
2837 5298 2850 5309 ,
3035 5305 3046 5310 _

2014 5269 2196 5388 ter-um
2232 5275 2283 5330 si
2331 5285 2494 5342 audis
2540 5303 2739 5349 semen
2800 5298 2942 5367 ejus,
2980 5305 3047 5357 ad
3081 5269 3308 5368 seinen
3347 5269 3681 5388 corpror'ctm;

2018 5374 2347 5482 ηιξλξξζ-ξῐ,
2397 5400 2489 5458 5'2.
2548 5406 2617 5482 _‘f_
2643 5409 2664 5463 l
2690 5411 2824 5470 Cor.
2857 5433 2977 5482 xm,
3005 5418 3090 5471 11.

2728 5425 2824 5470 ιον.
2857 5433 2977 5482 xm,
3005 5425 3090 5471 Η.
3193 5425 3247 5455 ιι
3296 5427 3458 5483 Ρεει,
3492 5448 3677 5492 xu".

2728 5485 2776 5517 ²⁰
2801 5485 2968 5542 Hebr.
3005 5503 3077 5542 XI.
3209 5495 3261 5526 ἰ
3292 5495 3369 5542 ιν
3408 5499 3545 5542 Ιιμσ,
3607 5519 3650 5542 ις.

2226 5495 2653 5613 ζ’ὶξοᾶξξιὶιξὲὲοο
2728 5495 2776 5517 ’ν
2801 5495 2968 5542 Hebr.
3005 5503 3077 5542 XI.
3209 5495 3261 5526 ³⁸
3291 5495 3369 5549 IV
3406 5499 3547 5570 “98-
3607 5519 3673 5563 τ’»
3717 5585 3724 5592 ,
