  <div class='ocr_page' id='page_1' title='image "/cluster/home/n/w/nwhite01/storage/ocr_20150623/12 (Origen; pt. 2)/nyp.33433081862272/696.png"; bbox 0 0 3910 6296; ppageno 0'>
   <div class='ocr_carea' id='block_1_1' title="bbox 167 594 208 629">
    <p class='ocr_par' dir='ltr' id='par_1_1' title="bbox 167 594 208 629">
     <span class='ocr_line' id='line_1_1' title="bbox 167 594 208 629; baseline 0.024 -1"><span class='ocrx_word' id='word_1_1' title='bbox 167 594 208 629; x_wconf 59' lang='grc' dir='ltr'><strong>«δε</strong></span> 
     </span>
    </p>
   </div>
   <div class='ocr_carea' id='block_1_2' title="bbox 183 608 1821 711">
    <p class='ocr_par' dir='ltr' id='par_1_2' title="bbox 183 608 1821 711">
     <span class='ocr_line' id='line_1_2' title="bbox 183 608 1821 711; baseline -0.01 0"><span class='ocrx_word' id='word_1_2' title='bbox 183 608 414 711; x_wconf 43' lang='lat' dir='ltr'><strong>EN“</strong></span> <span class='ocrx_word' id='word_1_3' title='bbox 435 611 604 677; x_wconf 69' lang='lat' dir='ltr'><strong>mm“</strong></span> <span class='ocrx_word' id='word_1_4' title='bbox 635 627 712 686; x_wconf 68' lang='grc' dir='ltr'><strong>(ιθ</strong></span> <span class='ocrx_word' id='word_1_5' title='bbox 754 608 979 696; x_wconf 50' lang='grc' dir='ltr'><strong>δξιιῖἰιῖε</strong></span> <span class='ocrx_word' id='word_1_6' title='bbox 1010 608 1190 696; x_wconf 76' lang='lat' dir='ltr'><strong>natum</strong></span> <span class='ocrx_word' id='word_1_7' title='bbox 1213 608 1454 705; x_wconf 50' lang='lat' dir='ltr'><strong>Abrahae,</strong></span> <span class='ocrx_word' id='word_1_8' title='bbox 1482 642 1678 710; x_wconf 81' lang='lat' dir='ltr'><strong>quique</strong></span> <span class='ocrx_word' id='word_1_9' title='bbox 1703 657 1821 696; x_wconf 92' lang='lat' dir='ltr'><strong>cum</strong></span> 
     </span>
    </p>
   </div>
   <div class='ocr_carea' id='block_1_3' title="bbox 228 710 1824 799">
    <p class='ocr_par' dir='ltr' id='par_1_3' title="bbox 228 710 1824 799">
     <span class='ocr_line' id='line_1_3' title="bbox 228 710 1824 799; baseline -0.003 -11"><span class='ocrx_word' id='word_1_10' title='bbox 228 710 415 788; x_wconf 42' lang='lat'><strong>“4“”</strong></span> <span class='ocrx_word' id='word_1_11' title='bbox 450 710 578 782; x_wconf 65' lang='grc' dir='ltr'>εῖιὶδ</span> <span class='ocrx_word' id='word_1_12' title='bbox 601 717 838 793; x_wconf 70' lang='grc' dir='ltr'><strong>Ῑυείρηε</strong></span> <span class='ocrx_word' id='word_1_13' title='bbox 873 733 1147 787; x_wconf 87' lang='lat' dir='ltr'><strong>dominam</strong></span> <span class='ocrx_word' id='word_1_14' title='bbox 1176 747 1324 785; x_wconf 91' lang='lat' dir='ltr'><strong>suam</strong></span> <span class='ocrx_word' id='word_1_15' title='bbox 1368 732 1551 784; x_wconf 91' lang='lat' dir='ltr'><strong>Saram</strong></span> <span class='ocrx_word' id='word_1_16' title='bbox 1591 740 1824 799; x_wconf 73' lang='lat' dir='ltr'><strong>portaret</strong></span> 
     </span>
    </p>
   </div>
   <div class='ocr_carea' id='block_1_4' title="bbox 250 805 1823 888">
    <p class='ocr_par' dir='ltr' id='par_1_4' title="bbox 250 805 1823 888">
     <span class='ocr_line' id='line_1_4' title="bbox 250 805 1823 888; baseline 0 -16"><span class='ocrx_word' id='word_1_17' title='bbox 250 805 453 873; x_wconf 64' lang='lat' dir='ltr'><strong>cum&#39;m</strong></span> <span class='ocrx_word' id='word_1_18' title='bbox 499 808 753 880; x_wconf 79' lang='lat' dir='ltr'><strong>deserto,</strong></span> <span class='ocrx_word' id='word_1_19' title='bbox 776 828 836 872; x_wconf 88' lang='lat' dir='ltr'><strong>et</strong></span> <span class='ocrx_word' id='word_1_20' title='bbox 889 836 1081 887; x_wconf 89' lang='lat' dir='ltr'><strong>aquam</strong></span> <span class='ocrx_word' id='word_1_21' title='bbox 1126 822 1307 888; x_wconf 91' lang='lat' dir='ltr'><strong>utique</strong></span> <span class='ocrx_word' id='word_1_22' title='bbox 1353 820 1624 887; x_wconf 63' lang='lat' dir='ltr'><strong>qurerebat</strong></span> <span class='ocrx_word' id='word_1_23' title='bbox 1652 832 1703 872; x_wconf 92' lang='lat' dir='ltr'><strong>et</strong></span> <span class='ocrx_word' id='word_1_24' title='bbox 1728 835 1823 886; x_wconf 86' lang='lat' dir='ltr'><strong>pa-</strong></span> 
     </span>
    </p>
   </div>
   <div class='ocr_carea' id='block_1_5' title="bbox 266 897 1817 969">
    <p class='ocr_par' dir='ltr' id='par_1_5' title="bbox 266 897 1817 969">
     <span class='ocr_line' id='line_1_5' title="bbox 266 897 1817 969; baseline -0.001 -10"><span class='ocrx_word' id='word_1_25' title='bbox 266 897 401 959; x_wconf 68' lang='grc' dir='ltr'><strong>ιιοεῖ</strong></span> <span class='ocrx_word' id='word_1_26' title='bbox 438 898 549 955; x_wconf 83' lang='lat' dir='ltr'><strong>Sed</strong></span> <span class='ocrx_word' id='word_1_27' title='bbox 582 911 639 956; x_wconf 90' lang='lat' dir='ltr'><strong>et</strong></span> <span class='ocrx_word' id='word_1_28' title='bbox 673 904 823 958; x_wconf 85' lang='lat' dir='ltr'><strong>Esau</strong></span> <span class='ocrx_word' id='word_1_29' title='bbox 865 908 932 961; x_wconf 91' lang='lat' dir='ltr'><strong>de</strong></span> <span class='ocrx_word' id='word_1_30' title='bbox 956 909 1038 960; x_wconf 92' lang='lat' dir='ltr'><strong>via</strong></span> <span class='ocrx_word' id='word_1_31' title='bbox 1070 898 1290 961; x_wconf 83' lang='lat' dir='ltr'><strong>veniens</strong></span> <span class='ocrx_word' id='word_1_32' title='bbox 1323 908 1598 961; x_wconf 75' lang='lat' dir='ltr'><strong>deficiebat</strong></span> <span class='ocrx_word' id='word_1_33' title='bbox 1622 907 1817 969; x_wconf 90' lang='lat' dir='ltr'><strong>inedia,</strong></span> 
     </span>
    </p>
   </div>
   <div class='ocr_carea' id='block_1_6' title="bbox 272 992 1822 1064">
    <p class='ocr_par' dir='ltr' id='par_1_6' title="bbox 272 992 1822 1064">
     <span class='ocr_line' id='line_1_6' title="bbox 272 992 1822 1064; baseline -0.001 -16"><span class='ocrx_word' id='word_1_34' title='bbox 272 1003 324 1048; x_wconf 84' lang='lat' dir='ltr'><strong>et</strong></span> <span class='ocrx_word' id='word_1_35' title='bbox 351 993 404 1046; x_wconf 85' lang='lat' dir='ltr'><strong>in</strong></span> <span class='ocrx_word' id='word_1_36' title='bbox 434 1001 645 1047; x_wconf 89' lang='lat' dir='ltr'><strong>tantum</strong></span> <span class='ocrx_word' id='word_1_37' title='bbox 676 992 841 1048; x_wconf 89' lang='lat' dir='ltr'><strong>famis</strong></span> <span class='ocrx_word' id='word_1_38' title='bbox 873 996 1020 1050; x_wconf 86' lang='lat' dir='ltr'><strong>rabie</strong></span> <span class='ocrx_word' id='word_1_39' title='bbox 1040 996 1394 1064; x_wconf 70' lang='lat' dir='ltr'><strong>praecipitatus</strong></span> <span class='ocrx_word' id='word_1_40' title='bbox 1423 1006 1521 1062; x_wconf 93' lang='lat' dir='ltr'><strong>est,</strong></span> <span class='ocrx_word' id='word_1_41' title='bbox 1550 1002 1605 1047; x_wconf 85' lang='lat' dir='ltr'><strong>ut</strong></span> <span class='ocrx_word' id='word_1_42' title='bbox 1625 996 1822 1063; x_wconf 88' lang='lat' dir='ltr'><strong>prima-</strong></span> 
     </span>
    </p>
   </div>
   <div class='ocr_carea' id='block_1_7' title="bbox 271 1080 1821 1153">
    <p class='ocr_par' dir='ltr' id='par_1_7' title="bbox 271 1080 1821 1153">
     <span class='ocr_line' id='line_1_7' title="bbox 271 1080 1821 1153; baseline 0.001 -17"><span class='ocrx_word' id='word_1_43' title='bbox 271 1092 355 1137; x_wconf 91' lang='lat' dir='ltr'><strong>tus</strong></span> <span class='ocrx_word' id='word_1_44' title='bbox 381 1096 512 1136; x_wconf 90' lang='lat' dir='ltr'><strong>suos</strong></span> <span class='ocrx_word' id='word_1_45' title='bbox 544 1080 707 1134; x_wconf 83' lang='lat' dir='ltr'><strong>lentis</strong></span> <span class='ocrx_word' id='word_1_46' title='bbox 738 1082 867 1135; x_wconf 90' lang='lat' dir='ltr'><strong>cibo</strong></span> <span class='ocrx_word' id='word_1_47' title='bbox 891 1084 1203 1138; x_wconf 80' lang='lat' dir='ltr'><strong>distraxerit</strong></span> <span class='ocrx_word' id='word_1_48' title='bbox 1229 1085 1295 1136; x_wconf 78' lang='grc'><strong>³⁷.</strong></span> <span class='ocrx_word' id='word_1_49' title='bbox 1323 1084 1543 1153; x_wconf 88' lang='lat' dir='ltr'><strong>Oportet</strong></span> <span class='ocrx_word' id='word_1_50' title='bbox 1562 1099 1688 1153; x_wconf 80' lang='lat' dir='ltr'><strong>ergo</strong></span> <span class='ocrx_word' id='word_1_51' title='bbox 1724 1100 1821 1140; x_wconf 86' lang='lat' dir='ltr'><strong>nos</strong></span> 
     </span>
    </p>
   </div>
   <div class='ocr_carea' id='block_1_8' title="bbox 257 1172 1815 1245">
    <p class='ocr_par' dir='ltr' id='par_1_8' title="bbox 257 1172 1815 1245">
     <span class='ocr_line' id='line_1_8' title="bbox 257 1172 1815 1245; baseline 0.001 -17"><span class='ocrx_word' id='word_1_52' title='bbox 257 1172 566 1228; x_wconf 81' lang='lat' dir='ltr'><strong>secundum</strong></span> <span class='ocrx_word' id='word_1_53' title='bbox 589 1186 653 1225; x_wconf 82' lang='lat' dir='ltr'><strong>ea</strong></span> <span class='ocrx_word' id='word_1_54' title='bbox 689 1187 812 1241; x_wconf 71' lang='lat' dir='ltr'><strong>qua:</strong></span> <span class='ocrx_word' id='word_1_55' title='bbox 836 1188 995 1243; x_wconf 82' lang='lat' dir='ltr'><strong>supra</strong></span> <span class='ocrx_word' id='word_1_56' title='bbox 1022 1176 1274 1239; x_wconf 86' lang='lat' dir='ltr'><strong>diximus,</strong></span> <span class='ocrx_word' id='word_1_57' title='bbox 1305 1177 1464 1229; x_wconf 87' lang='lat' dir='ltr'><strong>etiam</strong></span> <span class='ocrx_word' id='word_1_58' title='bbox 1492 1192 1667 1230; x_wconf 88' lang='lat' dir='ltr'><strong>semen</strong></span> <span class='ocrx_word' id='word_1_59' title='bbox 1684 1177 1815 1245; x_wconf 86' lang='lat' dir='ltr'><strong>justi</strong></span> 
     </span>
    </p>
   </div>
   <div class='ocr_carea' id='block_1_9' title="bbox 256 1261 1819 1331">
    <p class='ocr_par' dir='ltr' id='par_1_9' title="bbox 256 1261 1819 1331">
     <span class='ocr_line' id='line_1_9' title="bbox 256 1261 1819 1331; baseline 0.003 -16"><span class='ocrx_word' id='word_1_60' title='bbox 256 1261 580 1330; x_wconf 82' lang='lat' dir='ltr'><strong>intelligere</strong></span> <span class='ocrx_word' id='word_1_61' title='bbox 627 1263 890 1330; x_wconf 84' lang='lat' dir='ltr'><strong>spiritale.</strong></span> <span class='ocrx_word' id='word_1_62' title='bbox 933 1264 999 1316; x_wconf 88' lang='lat' dir='ltr'><strong>Et</strong></span> <span class='ocrx_word' id='word_1_63' title='bbox 1036 1265 1159 1331; x_wconf 90' lang='lat' dir='ltr'><strong>quid</strong></span> <span class='ocrx_word' id='word_1_64' title='bbox 1188 1266 1333 1317; x_wconf 87' lang='lat' dir='ltr'><strong>aliud</strong></span> <span class='ocrx_word' id='word_1_65' title='bbox 1367 1280 1545 1318; x_wconf 84' lang='lat' dir='ltr'><strong>semen</strong></span> <span class='ocrx_word' id='word_1_66' title='bbox 1578 1265 1700 1331; x_wconf 86' lang='lat' dir='ltr'><strong>justi</strong></span> <span class='ocrx_word' id='word_1_67' title='bbox 1742 1266 1819 1318; x_wconf 85' lang='lat' dir='ltr'><strong>di-</strong></span> 
     </span>
    </p>
   </div>
   <div class='ocr_carea' id='block_1_10' title="bbox 248 1352 1819 1422">
    <p class='ocr_par' dir='ltr' id='par_1_10' title="bbox 248 1352 1819 1422">
     <span class='ocr_line' id='line_1_10' title="bbox 248 1352 1819 1422; baseline 0.002 -18"><span class='ocrx_word' id='word_1_68' title='bbox 248 1369 433 1422; x_wconf 75' lang='lat' dir='ltr'><strong>gnum</strong></span> <span class='ocrx_word' id='word_1_69' title='bbox 468 1362 553 1406; x_wconf 88' lang='lat' dir='ltr'><strong>est</strong></span> <span class='ocrx_word' id='word_1_70' title='bbox 606 1362 817 1420; x_wconf 88' lang='lat' dir='ltr'><strong>putare,</strong></span> <span class='ocrx_word' id='word_1_71' title='bbox 847 1353 946 1405; x_wconf 90' lang='lat' dir='ltr'><strong>nisi</strong></span> <span class='ocrx_word' id='word_1_72' title='bbox 996 1352 1308 1420; x_wconf 90' lang='lat' dir='ltr'><strong>discipulum</strong></span> <span class='ocrx_word' id='word_1_73' title='bbox 1344 1352 1493 1420; x_wconf 85' lang='lat' dir='ltr'><strong>justi,</strong></span> <span class='ocrx_word' id='word_1_74' title='bbox 1523 1354 1613 1420; x_wconf 89' lang='lat' dir='ltr'><strong>qui</strong></span> <span class='ocrx_word' id='word_1_75' title='bbox 1640 1367 1819 1407; x_wconf 86' lang='lat' dir='ltr'><strong>susce-</strong></span> 
     </span>
    </p>
   </div>
   <div class='ocr_carea' id='block_1_11' title="bbox 243 1439 1818 1510">
    <p class='ocr_par' dir='ltr' id='par_1_11' title="bbox 243 1439 1818 1510">
     <span class='ocr_line' id='line_1_11' title="bbox 243 1439 1818 1510; baseline 0.005 -22"><span class='ocrx_word' id='word_1_76' title='bbox 243 1451 350 1507; x_wconf 83' lang='lat' dir='ltr'><strong>pto</strong></span> <span class='ocrx_word' id='word_1_77' title='bbox 406 1439 480 1492; x_wconf 90' lang='lat' dir='ltr'><strong>ab</strong></span> <span class='ocrx_word' id='word_1_78' title='bbox 524 1455 593 1493; x_wconf 87' lang='lat' dir='ltr'><strong>eo</strong></span> <span class='ocrx_word' id='word_1_79' title='bbox 630 1439 775 1494; x_wconf 86' lang='lat' dir='ltr'><strong>verbi</strong></span> <span class='ocrx_word' id='word_1_80' title='bbox 830 1440 922 1493; x_wconf 88' lang='lat' dir='ltr'><strong>Dei</strong></span> <span class='ocrx_word' id='word_1_81' title='bbox 972 1441 1192 1504; x_wconf 86' lang='lat' dir='ltr'><strong>semine,</strong></span> <span class='ocrx_word' id='word_1_82' title='bbox 1224 1442 1289 1494; x_wconf 91' lang='lat' dir='ltr'><strong>ad</strong></span> <span class='ocrx_word' id='word_1_83' title='bbox 1333 1441 1490 1494; x_wconf 84' lang='lat' dir='ltr'><strong>vitam</strong></span> <span class='ocrx_word' id='word_1_84' title='bbox 1534 1454 1818 1510; x_wconf 78' lang='lat' dir='ltr'><strong>generatur</strong></span> 
     </span>
    </p>
   </div>
   <div class='ocr_carea' id='block_1_12' title="bbox 237 1526 1818 1592">
    <p class='ocr_par' dir='ltr' id='par_1_12' title="bbox 237 1526 1818 1592">
     <span class='ocr_line' id='line_1_12' title="bbox 237 1526 1818 1592; baseline 0.003 -11"><span class='ocrx_word' id='word_1_85' title='bbox 237 1536 525 1582; x_wconf 58' lang='lat' dir='ltr'><strong>aeternam</strong></span> <span class='ocrx_word' id='word_1_86' title='bbox 558 1529 582 1579; x_wconf 83' lang='lat'><strong>?</strong></span> <span class='ocrx_word' id='word_1_87' title='bbox 618 1526 779 1580; x_wconf 82' lang='lat' dir='ltr'><strong>Verbi</strong></span> <span class='ocrx_word' id='word_1_88' title='bbox 820 1529 1010 1592; x_wconf 82' lang='lat' dir='ltr'><strong>gratia,</strong></span> <span class='ocrx_word' id='word_1_89' title='bbox 1044 1530 1085 1581; x_wconf 89' lang='lat' dir='ltr'><strong>si</strong></span> <span class='ocrx_word' id='word_1_90' title='bbox 1119 1529 1444 1583; x_wconf 85' lang='lat' dir='ltr'><strong>orationibus</strong></span> <span class='ocrx_word' id='word_1_91' title='bbox 1478 1532 1668 1585; x_wconf 82' lang='lat' dir='ltr'><strong>vestris</strong></span> <span class='ocrx_word' id='word_1_92' title='bbox 1705 1548 1818 1586; x_wconf 89' lang='lat' dir='ltr'><strong>me-</strong></span> 
     </span>
    </p>
   </div>
   <div class='ocr_carea' id='block_1_13' title="bbox 232 1617 1812 1688">
    <p class='ocr_par' dir='ltr' id='par_1_13' title="bbox 232 1617 1812 1688">
     <span class='ocr_line' id='line_1_13' title="bbox 232 1617 1812 1688; baseline 0.003 -17"><span class='ocrx_word' id='word_1_93' title='bbox 232 1634 413 1673; x_wconf 84' lang='lat' dir='ltr'><strong>rerer</strong></span> <span class='ocrx_word' id='word_1_94' title='bbox 439 1632 566 1672; x_wconf 88' lang='lat' dir='ltr'><strong>esse</strong></span> <span class='ocrx_word' id='word_1_95' title='bbox 594 1617 795 1682; x_wconf 89' lang='lat' dir='ltr'><strong>justus,</strong></span> <span class='ocrx_word' id='word_1_96' title='bbox 827 1628 882 1671; x_wconf 92' lang='lat' dir='ltr'><strong>et</strong></span> <span class='ocrx_word' id='word_1_97' title='bbox 916 1619 1152 1686; x_wconf 89' lang='lat' dir='ltr'><strong>accipere</strong></span> <span class='ocrx_word' id='word_1_98' title='bbox 1182 1634 1210 1672; x_wconf 92' lang='lat' dir='ltr'><strong>a</strong></span> <span class='ocrx_word' id='word_1_99' title='bbox 1253 1620 1474 1674; x_wconf 91' lang='lat' dir='ltr'><strong>Domino</strong></span> <span class='ocrx_word' id='word_1_100' title='bbox 1504 1623 1727 1688; x_wconf 80' lang='lat' dir='ltr'><strong>gratiam</strong></span> <span class='ocrx_word' id='word_1_101' title='bbox 1762 1623 1812 1675; x_wconf 90' lang='lat' dir='ltr'><strong>in</strong></span> 
     </span>
    </p>
   </div>
   <div class='ocr_carea' id='block_1_14' title="bbox 232 1709 1815 1778">
    <p class='ocr_par' dir='ltr' id='par_1_14' title="bbox 232 1709 1815 1778">
     <span class='ocr_line' id='line_1_14' title="bbox 232 1709 1815 1778; baseline 0 -16"><span class='ocrx_word' id='word_1_102' title='bbox 232 1710 432 1762; x_wconf 77' lang='lat' dir='ltr'><strong>verbo</strong></span> <span class='ocrx_word' id='word_1_103' title='bbox 470 1709 755 1775; x_wconf 73' lang='lat' dir='ltr'><strong>sapientia:</strong></span> <span class='ocrx_word' id='word_1_104' title='bbox 783 1718 837 1761; x_wconf 91' lang='lat' dir='ltr'><strong>et</strong></span> <span class='ocrx_word' id='word_1_105' title='bbox 876 1709 1132 1774; x_wconf 67' lang='lat' dir='ltr'><strong>scicntirc,</strong></span> <span class='ocrx_word' id='word_1_106' title='bbox 1167 1710 1237 1763; x_wconf 90' lang='lat' dir='ltr'><strong>ita</strong></span> <span class='ocrx_word' id='word_1_107' title='bbox 1283 1719 1340 1763; x_wconf 92' lang='lat' dir='ltr'><strong>ut</strong></span> <span class='ocrx_word' id='word_1_108' title='bbox 1379 1725 1584 1778; x_wconf 90' lang='lat' dir='ltr'><strong>possem</strong></span> <span class='ocrx_word' id='word_1_109' title='bbox 1626 1726 1815 1765; x_wconf 88' lang='lat' dir='ltr'><strong>secun-</strong></span> 
     </span>
    </p>
   </div>
   <div class='ocr_carea' id='block_1_15' title="bbox 973 336 2792 404">
    <p class='ocr_par' dir='ltr' id='par_1_15' title="bbox 973 336 2792 404">
     <span class='ocr_line' id='line_1_15' title="bbox 973 336 2792 404; baseline 0.004 -8"><span class='ocrx_word' id='word_1_110' title='bbox 973 339 1273 396; x_wconf 83' lang='lat' dir='ltr'><strong>SELECTA</strong></span> <span class='ocrx_word' id='word_1_111' title='bbox 1309 340 1375 395; x_wconf 86' lang='lat' dir='ltr'><strong>IN</strong></span> <span class='ocrx_word' id='word_1_112' title='bbox 1411 336 1737 394; x_wconf 82' lang='lat' dir='ltr'><strong>PSALMOS.</strong></span> <span class='ocrx_word' id='word_1_113' title='bbox 1772 368 1838 378; x_wconf 90' lang='lat'>—</span> <span class='ocrx_word' id='word_1_114' title='bbox 1874 337 2102 397; x_wconf 78' lang='lat' dir='ltr'><strong>llOMlL.</strong></span> <span class='ocrx_word' id='word_1_115' title='bbox 2143 341 2205 397; x_wconf 78' lang='lat' dir='ltr'><strong>IV</strong></span> <span class='ocrx_word' id='word_1_116' title='bbox 2238 344 2307 399; x_wconf 85' lang='lat' dir='ltr'><strong>IN</strong></span> <span class='ocrx_word' id='word_1_117' title='bbox 2338 346 2528 402; x_wconf 79' lang='lat' dir='ltr'><strong>PSAL.</strong></span> <span class='ocrx_word' id='word_1_118' title='bbox 2558 348 2792 404; x_wconf 73' lang='lat' dir='ltr'><strong>XXXVI.</strong></span> 
     </span>
    </p>
   </div>
   <div class='ocr_carea' id='block_1_16' title="bbox 306 415 3456 540">
    <p class='ocr_par' dir='ltr' id='par_1_16' title="bbox 306 415 3456 540">
     <span class='ocr_line' id='line_1_16' title="bbox 306 415 3456 540; baseline 0.006 -27"><span class='ocrx_word' id='word_1_119' title='bbox 306 415 625 540; x_wconf 38' lang='lat' dir='ltr'><strong>iii-gi???</strong></span> <span class='ocrx_word' id='word_1_120' title='bbox 669 439 752 500; x_wconf 62' lang='lat' dir='ltr'><strong>Et</strong></span> <span class='ocrx_word' id='word_1_121' title='bbox 785 445 1078 519; x_wconf 74' lang='lat' dir='ltr'><strong>Quomodo</strong></span> <span class='ocrx_word' id='word_1_122' title='bbox 1101 476 1283 515; x_wconf 87' lang='lat' dir='ltr'><strong>verum</strong></span> <span class='ocrx_word' id='word_1_123' title='bbox 1315 460 1551 515; x_wconf 86' lang='lat' dir='ltr'><strong>invenies</strong></span> <span class='ocrx_word' id='word_1_124' title='bbox 1576 459 1684 540; x_wconf 81' lang='lat' dir='ltr'><strong>hoc</strong></span> <span class='ocrx_word' id='word_1_125' title='bbox 1700 459 1837 527; x_wconf 90' lang='lat' dir='ltr'><strong>quod</strong></span> <span class='ocrx_word' id='word_1_126' title='bbox 1863 462 1910 519; x_wconf 83' lang='grc' dir='ltr'><strong>Δ</strong></span> <span class='ocrx_word' id='word_1_127' title='bbox 1937 471 2059 515; x_wconf 89' lang='lat' dir='ltr'><strong>ante</strong></span> <span class='ocrx_word' id='word_1_128' title='bbox 2109 477 2167 517; x_wconf 89' lang='lat' dir='ltr'><strong>se</strong></span> <span class='ocrx_word' id='word_1_129' title='bbox 2224 465 2361 519; x_wconf 88' lang='lat' dir='ltr'><strong>hanc</strong></span> <span class='ocrx_word' id='word_1_130' title='bbox 2387 465 2607 521; x_wconf 83' lang='lat' dir='ltr'><strong>faeneret</strong></span> <span class='ocrx_word' id='word_1_131' title='bbox 2660 470 3024 524; x_wconf 86' lang='lat' dir='ltr'><strong>necessitatem</strong></span> <span class='ocrx_word' id='word_1_132' title='bbox 3051 470 3393 540; x_wconf 78' lang='lat' dir='ltr'><strong>&#39;patientibus</strong></span> <span class='ocrx_word' id='word_1_133' title='bbox 3431 478 3456 530; x_wconf 65' lang='grc' dir='ltr'><em>ἲ</em></span> 
     </span>
    </p>
   </div>
   <div class='ocr_carea' id='block_1_17' title="bbox 204 518 1823 620">
    <p class='ocr_par' dir='ltr' id='par_1_17' title="bbox 204 518 1823 620">
     <span class='ocr_line' id='line_1_17' title="bbox 204 518 1823 620; baseline 0.023 -52"><span class='ocrx_word' id='word_1_134' title='bbox 204 518 405 620; x_wconf 41' lang='grc' dir='ltr'><strong>νεη-</strong></span> <span class='ocrx_word' id='word_1_135' title='bbox 423 518 569 620; x_wconf 48' lang='lat' dir='ltr'><strong>iusti</strong></span> <span class='ocrx_word' id='word_1_136' title='bbox 603 545 724 591; x_wconf 90' lang='lat' dir='ltr'><strong>non</strong></span> <span class='ocrx_word' id='word_1_137' title='bbox 774 544 963 620; x_wconf 60' lang='lat'><strong>675</strong></span> <span class='ocrx_word' id='word_1_138' title='bbox 993 561 1194 619; x_wconf 64' lang='grc' dir='ltr'><strong>(πιπτει-ιιι</strong></span> <span class='ocrx_word' id='word_1_139' title='bbox 1225 566 1406 618; x_wconf 90' lang='lat' dir='ltr'><strong>panes,</strong></span> <span class='ocrx_word' id='word_1_140' title='bbox 1436 566 1554 605; x_wconf 91' lang='lat' dir='ltr'><strong>cum</strong></span> <span class='ocrx_word' id='word_1_141' title='bbox 1581 518 1763 605; x_wconf 73' lang='lat' dir='ltr'><strong>videas</strong></span> <span class='ocrx_word' id='word_1_142' title='bbox 1778 552 1823 583; x_wconf 80' lang='lat'>&quot;</span> 
     </span>
    </p>
   </div>
   <div class='ocr_carea' id='block_1_18' title="bbox 3333 357 3457 412">
    <p class='ocr_par' dir='ltr' id='par_1_18' title="bbox 3333 357 3457 412">
     <span class='ocr_line' id='line_1_18' title="bbox 3333 357 3457 412; baseline 0.016 -2"><span class='ocrx_word' id='word_1_143' title='bbox 3333 357 3457 412; x_wconf 76' lang='lat'><strong>[358</strong></span> 
     </span>
    </p>
   </div>
   <div class='ocr_carea' id='block_1_19' title="bbox 1922 551 3453 635">
    <p class='ocr_par' dir='ltr' id='par_1_19' title="bbox 1922 551 3453 635">
     <span class='ocr_line' id='line_1_19' title="bbox 1922 551 3453 635; baseline 0.011 -33"><span class='ocrx_word' id='word_1_144' title='bbox 1922 551 2167 611; x_wconf 85' lang='lat' dir='ltr'><strong>Forsitan</strong></span> <span class='ocrx_word' id='word_1_145' title='bbox 2217 553 2315 608; x_wconf 89' lang='lat' dir='ltr'><strong>hoc</strong></span> <span class='ocrx_word' id='word_1_146' title='bbox 2364 556 2633 622; x_wconf 79' lang='lat' dir='ltr'><strong>potabitur</strong></span> <span class='ocrx_word' id='word_1_147' title='bbox 2682 572 2799 613; x_wconf 86' lang='lat' dir='ltr'><strong>esse</strong></span> <span class='ocrx_word' id='word_1_148' title='bbox 2839 562 2979 626; x_wconf 92' lang='lat' dir='ltr'><strong>quod</strong></span> <span class='ocrx_word' id='word_1_149' title='bbox 3024 562 3225 616; x_wconf 90' lang='lat' dir='ltr'><strong>dictum</strong></span> <span class='ocrx_word' id='word_1_150' title='bbox 3247 576 3329 619; x_wconf 87' lang='lat' dir='ltr'><strong>est</strong></span> <span class='ocrx_word' id='word_1_151' title='bbox 3358 583 3453 635; x_wconf 87' lang='lat' dir='ltr'><strong>per</strong></span> 
     </span>
    </p>
   </div>
   <div class='ocr_carea' id='block_1_20' title="bbox 1922 641 3450 717">
    <p class='ocr_par' dir='ltr' id='par_1_20' title="bbox 1922 641 3450 717">
     <span class='ocr_line' id='line_1_20' title="bbox 1922 641 3450 717; baseline 0.01 -25"><span class='ocrx_word' id='word_1_152' title='bbox 1922 641 2133 710; x_wconf 75' lang='lat' dir='ltr'><strong>Moysen</strong></span> <span class='ocrx_word' id='word_1_153' title='bbox 2164 642 2205 673; x_wconf 80' lang='grc'><strong>³³</strong></span> <span class='ocrx_word' id='word_1_154' title='bbox 2244 660 2258 697; x_wconf 89' lang='lat'><strong>:</strong></span> <span class='ocrx_word' id='word_1_155' title='bbox 2294 642 2361 695; x_wconf 83' lang='lat' dir='ltr'><strong>Et</strong></span> <span class='ocrx_word' id='word_1_156' title='bbox 2394 654 2448 695; x_wconf 91' lang='lat' dir='ltr'><strong>tu</strong></span> <span class='ocrx_word' id='word_1_157' title='bbox 2469 644 2739 712; x_wconf 74' lang='lat' dir='ltr'><strong>{maerebis</strong></span> <span class='ocrx_word' id='word_1_158' title='bbox 2772 650 3006 715; x_wconf 88' lang='lat' dir='ltr'><strong>gentibus</strong></span> <span class='ocrx_word' id='word_1_159' title='bbox 3039 652 3236 717; x_wconf 80' lang='lat' dir='ltr'><strong>multis,</strong></span> <span class='ocrx_word' id='word_1_160' title='bbox 3264 664 3318 706; x_wconf 90' lang='lat' dir='ltr'><strong>tu</strong></span> <span class='ocrx_word' id='word_1_161' title='bbox 3352 671 3450 708; x_wconf 86' lang='lat' dir='ltr'><strong>au&#39;-</strong></span> 
     </span>
    </p>
   </div>
   <div class='ocr_carea' id='block_1_21' title="bbox 1921 734 3451 806">
    <p class='ocr_par' dir='ltr' id='par_1_21' title="bbox 1921 734 3451 806">
     <span class='ocr_line' id='line_1_21' title="bbox 1921 734 3451 806; baseline 0.007 -24"><span class='ocrx_word' id='word_1_162' title='bbox 1921 740 2019 784; x_wconf 88' lang='lat' dir='ltr'><strong>tem</strong></span> <span class='ocrx_word' id='word_1_163' title='bbox 2056 740 2233 785; x_wconf 87' lang='lat' dir='ltr'><strong>mutuo</strong></span> <span class='ocrx_word' id='word_1_164' title='bbox 2261 748 2363 785; x_wconf 88' lang='lat' dir='ltr'><strong>non</strong></span> <span class='ocrx_word' id='word_1_165' title='bbox 2397 750 2614 801; x_wconf 62' lang='lat' dir='ltr'><strong>quaeres.</strong></span> <span class='ocrx_word' id='word_1_166' title='bbox 2649 734 2752 789; x_wconf 85' lang='lat' dir='ltr'><strong>Sed</strong></span> <span class='ocrx_word' id='word_1_167' title='bbox 2779 746 2981 789; x_wconf 90' lang='lat' dir='ltr'><strong>certum</strong></span> <span class='ocrx_word' id='word_1_168' title='bbox 3015 747 3096 791; x_wconf 89' lang='lat' dir='ltr'><strong>est</strong></span> <span class='ocrx_word' id='word_1_169' title='bbox 3122 741 3243 806; x_wconf 91' lang='lat' dir='ltr'><strong>quia</strong></span> <span class='ocrx_word' id='word_1_170' title='bbox 3270 744 3336 796; x_wconf 89' lang='lat' dir='ltr'><strong>de</strong></span> <span class='ocrx_word' id='word_1_171' title='bbox 3358 745 3451 796; x_wconf 83' lang='lat' dir='ltr'><strong>da-</strong></span> 
     </span>
    </p>
   </div>
   <div class='ocr_carea' id='block_1_22' title="bbox 1922 821 3452 901">
    <p class='ocr_par' dir='ltr' id='par_1_22' title="bbox 1922 821 3452 901">
     <span class='ocr_line' id='line_1_22' title="bbox 1922 821 3452 901; baseline 0.01 -28"><span class='ocrx_word' id='word_1_172' title='bbox 1922 821 2109 873; x_wconf 91' lang='lat' dir='ltr'><strong>minica</strong></span> <span class='ocrx_word' id='word_1_173' title='bbox 2141 822 2357 889; x_wconf 91' lang='lat' dir='ltr'><strong>pecunia</strong></span> <span class='ocrx_word' id='word_1_174' title='bbox 2371 823 2728 890; x_wconf 73' lang='lat' dir='ltr'><strong>dicatur,qu:e</strong></span> <span class='ocrx_word' id='word_1_175' title='bbox 2756 828 3120 882; x_wconf 89' lang='lat' dir='ltr'><strong>nummulariis</strong></span> <span class='ocrx_word' id='word_1_176' title='bbox 3149 834 3452 901; x_wconf 67' lang='lat' dir='ltr'><strong>praecipitur</strong></span> 
     </span>
    </p>
   </div>
   <div class='ocr_carea' id='block_1_23' title="bbox 1919 912 3446 990">
    <p class='ocr_par' dir='ltr' id='par_1_23' title="bbox 1919 912 3446 990">
     <span class='ocr_line' id='line_1_23' title="bbox 1919 912 3446 990; baseline 0.009 -28"><span class='ocrx_word' id='word_1_177' title='bbox 1919 912 2124 979; x_wconf 80' lang='lat' dir='ltr'><strong>erogari</strong></span> <span class='ocrx_word' id='word_1_178' title='bbox 2152 912 2218 963; x_wconf 90' lang='lat' dir='ltr'><strong>de</strong></span> <span class='ocrx_word' id='word_1_179' title='bbox 2246 912 2507 965; x_wconf 83' lang='lat' dir='ltr'><strong>thesauris</strong></span> <span class='ocrx_word' id='word_1_180' title='bbox 2533 914 2809 980; x_wconf 65' lang='lat' dir='ltr'><strong>sapientia:</strong></span> <span class='ocrx_word' id='word_1_181' title='bbox 2847 925 2899 967; x_wconf 90' lang='lat' dir='ltr'><strong>et</strong></span> <span class='ocrx_word' id='word_1_182' title='bbox 2939 916 3177 972; x_wconf 68' lang='lat' dir='ltr'><strong>scientia:</strong></span> <span class='ocrx_word' id='word_1_183' title='bbox 3204 920 3292 974; x_wconf 83' lang='lat' dir='ltr'><strong>Dei</strong></span> <span class='ocrx_word' id='word_1_184' title='bbox 3322 938 3446 990; x_wconf 84' lang='lat' dir='ltr'><strong>pro-</strong></span> 
     </span>
    </p>
   </div>
   <div class='ocr_carea' id='block_1_24' title="bbox 1919 996 3448 1071">
    <p class='ocr_par' dir='ltr' id='par_1_24' title="bbox 1919 996 3448 1071">
     <span class='ocr_line' id='line_1_24' title="bbox 1919 996 3448 1071; baseline 0.009 -23"><span class='ocrx_word' id='word_1_185' title='bbox 1919 996 2060 1059; x_wconf 88' lang='lat' dir='ltr'><strong>lata,</strong></span> <span class='ocrx_word' id='word_1_186' title='bbox 2089 1006 2146 1051; x_wconf 92' lang='lat' dir='ltr'><strong>ut</strong></span> <span class='ocrx_word' id='word_1_187' title='bbox 2191 996 2447 1051; x_wconf 81' lang='lat' dir='ltr'><strong>faciamus</strong></span> <span class='ocrx_word' id='word_1_188' title='bbox 2487 999 2551 1051; x_wconf 91' lang='lat' dir='ltr'><strong>de</strong></span> <span class='ocrx_word' id='word_1_189' title='bbox 2600 1000 2831 1067; x_wconf 88' lang='lat' dir='ltr'><strong>quinque</strong></span> <span class='ocrx_word' id='word_1_190' title='bbox 2883 1002 3093 1057; x_wconf 77' lang='lat' dir='ltr'><strong>talentis</strong></span> <span class='ocrx_word' id='word_1_191' title='bbox 3132 1007 3344 1071; x_wconf 88' lang='lat' dir='ltr'><strong>decem,</strong></span> <span class='ocrx_word' id='word_1_192' title='bbox 3385 1012 3448 1063; x_wconf 88' lang='lat' dir='ltr'><strong>de</strong></span> 
     </span>
    </p>
   </div>
   <div class='ocr_carea' id='block_1_25' title="bbox 1917 1086 3446 1162">
    <p class='ocr_par' dir='ltr' id='par_1_25' title="bbox 1917 1086 3446 1162">
     <span class='ocr_line' id='line_1_25' title="bbox 1917 1086 3446 1162; baseline 0.006 -23"><span class='ocrx_word' id='word_1_193' title='bbox 1917 1086 2121 1140; x_wconf 89' lang='lat' dir='ltr'><strong>duobus</strong></span> <span class='ocrx_word' id='word_1_194' title='bbox 2151 1095 2397 1155; x_wconf 88' lang='lat' dir='ltr'><strong>quatuor.</strong></span> <span class='ocrx_word' id='word_1_195' title='bbox 2427 1087 2632 1151; x_wconf 79' lang='lat' dir='ltr'><strong>Quanto</strong></span> <span class='ocrx_word' id='word_1_196' title='bbox 2672 1096 2849 1142; x_wconf 89' lang='lat' dir='ltr'><strong>autem</strong></span> <span class='ocrx_word' id='word_1_197' title='bbox 2881 1090 3321 1147; x_wconf 85' lang='lat' dir='ltr'><strong>abundantiorem</strong></span> <span class='ocrx_word' id='word_1_198' title='bbox 3350 1111 3446 1162; x_wconf 91' lang='lat' dir='ltr'><strong>pe-</strong></span> 
     </span>
    </p>
   </div>
   <div class='ocr_carea' id='block_1_26' title="bbox 1917 1175 3448 1257">
    <p class='ocr_par' dir='ltr' id='par_1_26' title="bbox 1917 1175 3448 1257">
     <span class='ocr_line' id='line_1_26' title="bbox 1917 1175 3448 1257; baseline 0.008 -30"><span class='ocrx_word' id='word_1_199' title='bbox 1917 1175 2127 1227; x_wconf 84' lang='lat' dir='ltr'><strong>cuniam</strong></span> <span class='ocrx_word' id='word_1_200' title='bbox 2168 1176 2510 1230; x_wconf 86' lang='lat' dir='ltr'><strong>habuerimus</strong></span> <span class='ocrx_word' id='word_1_201' title='bbox 2557 1179 2608 1231; x_wconf 93' lang='lat' dir='ltr'><strong>in</strong></span> <span class='ocrx_word' id='word_1_202' title='bbox 2654 1179 2828 1232; x_wconf 90' lang='lat' dir='ltr'><strong>anima</strong></span> <span class='ocrx_word' id='word_1_203' title='bbox 2874 1192 3076 1245; x_wconf 91' lang='lat' dir='ltr'><strong>nostra,</strong></span> <span class='ocrx_word' id='word_1_204' title='bbox 3107 1193 3256 1238; x_wconf 87' lang='lat' dir='ltr'><strong>tanto</strong></span> <span class='ocrx_word' id='word_1_205' title='bbox 3279 1189 3448 1257; x_wconf 87' lang='lat' dir='ltr'><strong>magis</strong></span> 
     </span>
    </p>
   </div>
   <div class='ocr_carea' id='block_1_27' title="bbox 1919 1263 3444 1329">
    <p class='ocr_par' dir='ltr' id='par_1_27' title="bbox 1919 1263 3444 1329">
     <span class='ocr_line' id='line_1_27' title="bbox 1919 1263 3444 1329; baseline 0.009 -13"><span class='ocrx_word' id='word_1_206' title='bbox 1919 1272 2025 1316; x_wconf 90' lang='lat' dir='ltr'><strong>tota</strong></span> <span class='ocrx_word' id='word_1_207' title='bbox 2057 1264 2140 1317; x_wconf 94' lang='lat' dir='ltr'><strong>die</strong></span> <span class='ocrx_word' id='word_1_208' title='bbox 2186 1263 2586 1320; x_wconf 72' lang='lat' dir='ltr'><strong>fmiierabimus.</strong></span> <span class='ocrx_word' id='word_1_209' title='bbox 2637 1266 2739 1320; x_wconf 89' lang='lat' dir='ltr'><strong>Sed</strong></span> <span class='ocrx_word' id='word_1_210' title='bbox 2763 1278 2816 1321; x_wconf 92' lang='lat' dir='ltr'><strong>et</strong></span> <span class='ocrx_word' id='word_1_211' title='bbox 2849 1286 2988 1324; x_wconf 91' lang='lat' dir='ltr'><strong>nunc</strong></span> <span class='ocrx_word' id='word_1_212' title='bbox 3024 1272 3145 1327; x_wconf 88' lang='lat' dir='ltr'><strong>licet</strong></span> <span class='ocrx_word' id='word_1_213' title='bbox 3199 1289 3303 1328; x_wconf 89' lang='lat' dir='ltr'><strong>non</strong></span> <span class='ocrx_word' id='word_1_214' title='bbox 3345 1277 3444 1329; x_wconf 90' lang='lat' dir='ltr'><strong>sim</strong></span> 
     </span>
    </p>
   </div>
   <div class='ocr_carea' id='block_1_28' title="bbox 1909 1351 3444 1424">
    <p class='ocr_par' dir='ltr' id='par_1_28' title="bbox 1909 1351 3444 1424">
     <span class='ocr_line' id='line_1_28' title="bbox 1909 1351 3444 1424; baseline 0.008 -21"><span class='ocrx_word' id='word_1_215' title='bbox 1909 1351 2106 1417; x_wconf 89' lang='lat' dir='ltr'><strong>justus,</strong></span> <span class='ocrx_word' id='word_1_216' title='bbox 2136 1362 2308 1405; x_wconf 89' lang='lat' dir='ltr'><strong>tamen</strong></span> <span class='ocrx_word' id='word_1_217' title='bbox 2342 1354 2442 1406; x_wconf 92' lang='lat' dir='ltr'><strong>hoc</strong></span> <span class='ocrx_word' id='word_1_218' title='bbox 2480 1355 2618 1419; x_wconf 87' lang='lat' dir='ltr'><strong>quod</strong></span> <span class='ocrx_word' id='word_1_219' title='bbox 2660 1355 2843 1421; x_wconf 91' lang='lat' dir='ltr'><strong>loquor</strong></span> <span class='ocrx_word' id='word_1_220' title='bbox 2867 1360 3141 1424; x_wconf 82' lang='lat' dir='ltr'><strong>pecuniam</strong></span> <span class='ocrx_word' id='word_1_221' title='bbox 3171 1361 3321 1415; x_wconf 84' lang='lat' dir='ltr'><strong>vobis</strong></span> <span class='ocrx_word' id='word_1_222' title='bbox 3348 1363 3444 1416; x_wconf 85' lang='lat' dir='ltr'><strong>do-</strong></span> 
     </span>
    </p>
   </div>
   <div class='ocr_carea' id='block_1_29' title="bbox 1917 1441 3444 1519">
    <p class='ocr_par' dir='ltr' id='par_1_29' title="bbox 1917 1441 3444 1519">
     <span class='ocr_line' id='line_1_29' title="bbox 1917 1441 3444 1519; baseline 0.009 -27"><span class='ocrx_word' id='word_1_223' title='bbox 1917 1442 2163 1494; x_wconf 89' lang='lat' dir='ltr'><strong>minicam</strong></span> <span class='ocrx_word' id='word_1_224' title='bbox 2211 1441 2452 1495; x_wconf 67' lang='lat' dir='ltr'><strong>fmuero:</strong></span> <span class='ocrx_word' id='word_1_225' title='bbox 2484 1444 2574 1496; x_wconf 90' lang='lat' dir='ltr'><strong>sed</strong></span> <span class='ocrx_word' id='word_1_226' title='bbox 2606 1458 2699 1497; x_wconf 91' lang='lat' dir='ltr'><strong>vos</strong></span> <span class='ocrx_word' id='word_1_227' title='bbox 2748 1454 2895 1499; x_wconf 90' lang='lat' dir='ltr'><strong>orate</strong></span> <span class='ocrx_word' id='word_1_228' title='bbox 2934 1456 2992 1499; x_wconf 90' lang='lat' dir='ltr'><strong>ut</strong></span> <span class='ocrx_word' id='word_1_229' title='bbox 3041 1448 3241 1504; x_wconf 83' lang='lat' dir='ltr'><strong>eiliciar</strong></span> <span class='ocrx_word' id='word_1_230' title='bbox 3265 1451 3444 1519; x_wconf 86' lang='lat' dir='ltr'><strong>justus</strong></span> 
     </span>
    </p>
   </div>
   <div class='ocr_carea' id='block_1_30' title="bbox 1913 1532 3443 1603">
    <p class='ocr_par' dir='ltr' id='par_1_30' title="bbox 1913 1532 3443 1603">
     <span class='ocr_line' id='line_1_30' title="bbox 1913 1532 3443 1603; baseline 0.007 -19"><span class='ocrx_word' id='word_1_231' title='bbox 1913 1540 1966 1584; x_wconf 92' lang='lat' dir='ltr'><strong>et</strong></span> <span class='ocrx_word' id='word_1_232' title='bbox 1997 1533 2192 1598; x_wconf 90' lang='lat' dir='ltr'><strong>possim</strong></span> <span class='ocrx_word' id='word_1_233' title='bbox 2221 1532 2369 1585; x_wconf 83' lang='lat' dir='ltr'><strong>vobis</strong></span> <span class='ocrx_word' id='word_1_234' title='bbox 2392 1533 2611 1599; x_wconf 65' lang='lat' dir='ltr'><strong>justitiaa</strong></span> <span class='ocrx_word' id='word_1_235' title='bbox 2645 1535 2918 1597; x_wconf 88' lang='lat' dir='ltr'><strong>pecuniam</strong></span> <span class='ocrx_word' id='word_1_236' title='bbox 2952 1536 3231 1603; x_wconf 64' lang='lat' dir='ltr'><strong>faenerare,</strong></span> <span class='ocrx_word' id='word_1_237' title='bbox 3256 1550 3312 1594; x_wconf 92' lang='lat' dir='ltr'><strong>ut</strong></span> <span class='ocrx_word' id='word_1_238' title='bbox 3343 1558 3443 1596; x_wconf 89' lang='lat' dir='ltr'><strong>non</strong></span> 
     </span>
    </p>
   </div>
   <div class='ocr_carea' id='block_1_31' title="bbox 1913 1618 3446 1697">
    <p class='ocr_par' dir='ltr' id='par_1_31' title="bbox 1913 1618 3446 1697">
     <span class='ocr_line' id='line_1_31' title="bbox 1913 1618 3446 1697; baseline 0.008 -27"><span class='ocrx_word' id='word_1_239' title='bbox 1913 1618 2080 1670; x_wconf 91' lang='lat' dir='ltr'><strong>solum</strong></span> <span class='ocrx_word' id='word_1_240' title='bbox 2127 1620 2320 1681; x_wconf 90' lang='lat' dir='ltr'><strong>verbo,</strong></span> <span class='ocrx_word' id='word_1_241' title='bbox 2356 1634 2542 1672; x_wconf 90' lang='lat' dir='ltr'><strong>verum</strong></span> <span class='ocrx_word' id='word_1_242' title='bbox 2580 1621 2740 1673; x_wconf 88' lang='lat' dir='ltr'><strong>etiam</strong></span> <span class='ocrx_word' id='word_1_243' title='bbox 2763 1621 2985 1687; x_wconf 78' lang='lat' dir='ltr'><strong>justitize</strong></span> <span class='ocrx_word' id='word_1_244' title='bbox 3021 1629 3262 1696; x_wconf 86' lang='lat' dir='ltr'><strong>exemplo</strong></span> <span class='ocrx_word' id='word_1_245' title='bbox 3286 1630 3446 1697; x_wconf 82' lang='lat' dir='ltr'><strong>justi-</strong></span> 
     </span>
    </p>
   </div>
   <div class='ocr_carea' id='block_1_32' title="bbox 1919 1706 3442 1786">
    <p class='ocr_par' dir='ltr' id='par_1_32' title="bbox 1919 1706 3442 1786">
     <span class='ocr_line' id='line_1_32' title="bbox 1919 1706 3442 1786; baseline 0.009 -26"><span class='ocrx_word' id='word_1_246' title='bbox 1919 1709 2043 1760; x_wconf 88' lang='lat' dir='ltr'><strong>tiam</strong></span> <span class='ocrx_word' id='word_1_247' title='bbox 2073 1706 2613 1776; x_wconf 88' lang='lat' dir='ltr'><strong>doceam.Propterea</strong></span> <span class='ocrx_word' id='word_1_248' title='bbox 2643 1711 2782 1764; x_wconf 87' lang='lat' dir='ltr'><strong>sicut</strong></span> <span class='ocrx_word' id='word_1_249' title='bbox 2802 1720 2925 1764; x_wconf 91' lang='lat' dir='ltr'><strong>sunt</strong></span> <span class='ocrx_word' id='word_1_250' title='bbox 2948 1717 3182 1776; x_wconf 78' lang='lat' dir='ltr'><strong>pecunia:</strong></span> <span class='ocrx_word' id='word_1_251' title='bbox 3214 1718 3442 1786; x_wconf 60' lang='lat' dir='ltr'><strong>injustas,</strong></span> 
     </span>
    </p>
   </div>
   <div class='ocr_carea' id='block_1_33' title="bbox 227 1775 3445 1873">
    <p class='ocr_par' dir='ltr' id='par_1_33' title="bbox 227 1775 3445 1873">
     <span class='ocr_line' id='line_1_33' title="bbox 227 1775 3445 1873; baseline 0.003 -23"><span class='ocrx_word' id='word_1_252' title='bbox 227 1797 385 1850; x_wconf 88' lang='lat' dir='ltr'><strong>dum</strong></span> <span class='ocrx_word' id='word_1_253' title='bbox 412 1799 651 1866; x_wconf 80' lang='lat' dir='ltr'><strong>gratiam</strong></span> <span class='ocrx_word' id='word_1_254' title='bbox 676 1812 835 1866; x_wconf 88' lang='lat' dir='ltr'><strong>quam</strong></span> <span class='ocrx_word' id='word_1_255' title='bbox 864 1799 978 1866; x_wconf 87' lang='lat' dir='ltr'><strong>ipse</strong></span> <span class='ocrx_word' id='word_1_256' title='bbox 1005 1813 1032 1848; x_wconf 89' lang='lat' dir='ltr'><strong>a</strong></span> <span class='ocrx_word' id='word_1_257' title='bbox 1066 1798 1283 1851; x_wconf 92' lang='lat' dir='ltr'><strong>Domino</strong></span> <span class='ocrx_word' id='word_1_258' title='bbox 1305 1775 1634 1862; x_wconf 83' lang='lat' dir='ltr'><strong>meruissem,</strong></span> <span class='ocrx_word' id='word_1_259' title='bbox 1664 1801 1815 1853; x_wconf 86' lang='lat' dir='ltr'><strong>vobis</strong></span> <span class='ocrx_word' id='word_1_260' title='bbox 1845 1775 1886 1829; x_wconf 73' lang='grc' dir='ltr'><strong>Β</strong></span> <span class='ocrx_word' id='word_1_261' title='bbox 1913 1811 2030 1863; x_wconf 69' lang='lat' dir='ltr'><strong>quae</strong></span> <span class='ocrx_word' id='word_1_262' title='bbox 2055 1797 2231 1864; x_wconf 92' lang='lat' dir='ltr'><strong>inique</strong></span> <span class='ocrx_word' id='word_1_263' title='bbox 2245 1807 2297 1850; x_wconf 92' lang='lat' dir='ltr'><strong>et</strong></span> <span class='ocrx_word' id='word_1_264' title='bbox 2323 1775 2507 1851; x_wconf 83' lang='lat' dir='ltr'><strong>contra</strong></span> <span class='ocrx_word' id='word_1_265' title='bbox 2530 1798 2695 1865; x_wconf 86' lang='lat' dir='ltr'><strong>legem</strong></span> <span class='ocrx_word' id='word_1_266' title='bbox 2720 1775 3109 1869; x_wconf 79' lang='lat' dir='ltr'><strong>congregantur</strong></span> <span class='ocrx_word' id='word_1_267' title='bbox 3130 1821 3224 1873; x_wconf 92' lang='lat' dir='ltr'><strong>per</strong></span> <span class='ocrx_word' id='word_1_268' title='bbox 3247 1775 3445 1861; x_wconf 53' lang='lat' dir='ltr'><strong>calum;</strong></span> 
     </span>
    </p>
   </div>
   <div class='ocr_carea' id='block_1_34' title="bbox 227 1884 1812 1954">
    <p class='ocr_par' dir='ltr' id='par_1_34' title="bbox 227 1884 1812 1954">
     <span class='ocr_line' id='line_1_34' title="bbox 227 1884 1812 1954; baseline 0.003 -18"><span class='ocrx_word' id='word_1_269' title='bbox 227 1900 484 1954; x_wconf 81' lang='lat' dir='ltr'><strong>quoque</strong></span> <span class='ocrx_word' id='word_1_270' title='bbox 519 1884 832 1937; x_wconf 87' lang='lat' dir='ltr'><strong>ministrare</strong></span> <span class='ocrx_word' id='word_1_271' title='bbox 874 1885 1090 1937; x_wconf 89' lang='lat' dir='ltr'><strong>verbum</strong></span> <span class='ocrx_word' id='word_1_272' title='bbox 1130 1884 1255 1947; x_wconf 89' lang='lat' dir='ltr'><strong>Dei,</strong></span> <span class='ocrx_word' id='word_1_273' title='bbox 1285 1894 1338 1938; x_wconf 89' lang='lat' dir='ltr'><strong>et</strong></span> <span class='ocrx_word' id='word_1_274' title='bbox 1383 1900 1561 1940; x_wconf 81' lang='lat' dir='ltr'><strong>serere</strong></span> <span class='ocrx_word' id='word_1_275' title='bbox 1605 1887 1730 1940; x_wconf 88' lang='lat' dir='ltr'><strong>illud</strong></span> <span class='ocrx_word' id='word_1_276' title='bbox 1763 1889 1812 1940; x_wconf 92' lang='lat' dir='ltr'><strong>in</strong></span> 
     </span>
    </p>
   </div>
   <div class='ocr_carea' id='block_1_35' title="bbox 225 1974 1812 2041">
    <p class='ocr_par' dir='ltr' id='par_1_35' title="bbox 225 1974 1812 2041">
     <span class='ocr_line' id='line_1_35' title="bbox 225 1974 1812 2041; baseline 0.003 -15"><span class='ocrx_word' id='word_1_277' title='bbox 225 1975 553 2028; x_wconf 80' lang='lat' dir='ltr'><strong>animabus</strong></span> <span class='ocrx_word' id='word_1_278' title='bbox 584 1974 776 2026; x_wconf 88' lang='lat' dir='ltr'><strong>vestris</strong></span> <span class='ocrx_word' id='word_1_279' title='bbox 810 1990 823 2025; x_wconf 91' lang='lat'><strong>:</strong></span> <span class='ocrx_word' id='word_1_280' title='bbox 850 1982 958 2025; x_wconf 91' lang='lat' dir='ltr'><strong>tum</strong></span> <span class='ocrx_word' id='word_1_281' title='bbox 991 1974 1180 2026; x_wconf 87' lang='lat' dir='ltr'><strong>deinde</strong></span> <span class='ocrx_word' id='word_1_282' title='bbox 1213 1975 1479 2041; x_wconf 80' lang='lat' dir='ltr'><strong>ingressus</strong></span> <span class='ocrx_word' id='word_1_283' title='bbox 1523 1991 1697 2029; x_wconf 88' lang='lat' dir='ltr'><strong>sermo</strong></span> <span class='ocrx_word' id='word_1_284' title='bbox 1723 1976 1812 2030; x_wconf 87' lang='lat' dir='ltr'><strong>Dei</strong></span> 
     </span>
    </p>
   </div>
   <div class='ocr_carea' id='block_1_36' title="bbox 225 2061 1813 2124">
    <p class='ocr_par' dir='ltr' id='par_1_36' title="bbox 225 2061 1813 2124">
     <span class='ocr_line' id='line_1_36' title="bbox 225 2061 1813 2124; baseline -0.001 -6"><span class='ocrx_word' id='word_1_285' title='bbox 225 2065 299 2118; x_wconf 84' lang='lat' dir='ltr'><strong>in</strong></span> <span class='ocrx_word' id='word_1_286' title='bbox 344 2063 573 2115; x_wconf 86' lang='lat' dir='ltr'><strong>animas</strong></span> <span class='ocrx_word' id='word_1_287' title='bbox 606 2070 846 2124; x_wconf 88' lang='lat' dir='ltr'><strong>vestras,</strong></span> <span class='ocrx_word' id='word_1_288' title='bbox 883 2068 936 2112; x_wconf 92' lang='lat' dir='ltr'><strong>et</strong></span> <span class='ocrx_word' id='word_1_289' title='bbox 969 2061 1173 2115; x_wconf 67' lang='lat' dir='ltr'><strong>haerens</strong></span> <span class='ocrx_word' id='word_1_290' title='bbox 1219 2065 1268 2113; x_wconf 90' lang='lat' dir='ltr'><strong>in</strong></span> <span class='ocrx_word' id='word_1_291' title='bbox 1316 2064 1477 2116; x_wconf 91' lang='lat' dir='ltr'><strong>corde</strong></span> <span class='ocrx_word' id='word_1_292' title='bbox 1504 2074 1678 2117; x_wconf 88' lang='lat' dir='ltr'><strong>vestro</strong></span> <span class='ocrx_word' id='word_1_293' title='bbox 1708 2064 1813 2117; x_wconf 87' lang='lat' dir='ltr'><strong>for-</strong></span> 
     </span>
    </p>
   </div>
   <div class='ocr_carea' id='block_1_37' title="bbox 226 2150 1809 2219">
    <p class='ocr_par' dir='ltr' id='par_1_37' title="bbox 226 2150 1809 2219">
     <span class='ocr_line' id='line_1_37' title="bbox 226 2150 1809 2219; baseline 0.001 -14"><span class='ocrx_word' id='word_1_294' title='bbox 226 2160 440 2205; x_wconf 85' lang='lat' dir='ltr'><strong>maret</strong></span> <span class='ocrx_word' id='word_1_295' title='bbox 494 2160 709 2204; x_wconf 81' lang='lat' dir='ltr'><strong>mentes</strong></span> <span class='ocrx_word' id='word_1_296' title='bbox 770 2158 975 2202; x_wconf 88' lang='lat' dir='ltr'><strong>vestras</strong></span> <span class='ocrx_word' id='word_1_297' title='bbox 1034 2150 1319 2203; x_wconf 88' lang='lat' dir='ltr'><strong>secundum</strong></span> <span class='ocrx_word' id='word_1_298' title='bbox 1379 2152 1604 2219; x_wconf 88' lang='lat' dir='ltr'><strong>speciem</strong></span> <span class='ocrx_word' id='word_1_299' title='bbox 1665 2153 1809 2206; x_wconf 90' lang='lat' dir='ltr'><strong>verbi</strong></span> 
     </span>
    </p>
   </div>
   <div class='ocr_carea' id='block_1_38' title="bbox 230 2236 1811 2307">
    <p class='ocr_par' dir='ltr' id='par_1_38' title="bbox 230 2236 1811 2307">
     <span class='ocr_line' id='line_1_38' title="bbox 230 2236 1811 2307; baseline -0.001 -15"><span class='ocrx_word' id='word_1_300' title='bbox 230 2239 460 2306; x_wconf 79' lang='lat' dir='ltr'><strong>ipsius,</strong></span> <span class='ocrx_word' id='word_1_301' title='bbox 489 2239 544 2293; x_wconf 90' lang='lat' dir='ltr'><strong>id</strong></span> <span class='ocrx_word' id='word_1_302' title='bbox 587 2248 671 2292; x_wconf 89' lang='lat' dir='ltr'><strong>est</strong></span> <span class='ocrx_word' id='word_1_303' title='bbox 713 2248 772 2291; x_wconf 91' lang='lat' dir='ltr'><strong>ut</strong></span> <span class='ocrx_word' id='word_1_304' title='bbox 815 2236 918 2290; x_wconf 88' lang='lat' dir='ltr'><strong>hoc</strong></span> <span class='ocrx_word' id='word_1_305' title='bbox 959 2236 1165 2290; x_wconf 84' lang='lat' dir='ltr'><strong>velletis</strong></span> <span class='ocrx_word' id='word_1_306' title='bbox 1207 2246 1259 2290; x_wconf 88' lang='lat' dir='ltr'><strong>et</strong></span> <span class='ocrx_word' id='word_1_307' title='bbox 1295 2239 1393 2291; x_wconf 83' lang='lat' dir='ltr'><strong>hoc</strong></span> <span class='ocrx_word' id='word_1_308' title='bbox 1419 2239 1646 2306; x_wconf 82' lang='lat' dir='ltr'><strong>ageretis</strong></span> <span class='ocrx_word' id='word_1_309' title='bbox 1670 2239 1811 2307; x_wconf 91' lang='lat' dir='ltr'><strong>quod</strong></span> 
     </span>
    </p>
   </div>
   <div class='ocr_carea' id='block_1_39' title="bbox 227 2324 1811 2392">
    <p class='ocr_par' dir='ltr' id='par_1_39' title="bbox 227 2324 1811 2392">
     <span class='ocr_line' id='line_1_39' title="bbox 227 2324 1811 2392; baseline -0.004 -11"><span class='ocrx_word' id='word_1_310' title='bbox 227 2328 493 2383; x_wconf 84' lang='lat' dir='ltr'><strong>verbum</strong></span> <span class='ocrx_word' id='word_1_311' title='bbox 528 2326 624 2379; x_wconf 92' lang='lat' dir='ltr'><strong>Dei</strong></span> <span class='ocrx_word' id='word_1_312' title='bbox 660 2325 797 2388; x_wconf 86' lang='lat' dir='ltr'><strong>vult,</strong></span> <span class='ocrx_word' id='word_1_313' title='bbox 817 2334 870 2377; x_wconf 88' lang='lat' dir='ltr'><strong>et</strong></span> <span class='ocrx_word' id='word_1_314' title='bbox 900 2339 996 2392; x_wconf 91' lang='lat' dir='ltr'><strong>per</strong></span> <span class='ocrx_word' id='word_1_315' title='bbox 1015 2325 1113 2377; x_wconf 93' lang='lat' dir='ltr'><strong>hoc</strong></span> <span class='ocrx_word' id='word_1_316' title='bbox 1149 2325 1258 2392; x_wconf 90' lang='lat' dir='ltr'><strong>ipse</strong></span> <span class='ocrx_word' id='word_1_317' title='bbox 1279 2324 1519 2378; x_wconf 87' lang='lat' dir='ltr'><strong>Christus</strong></span> <span class='ocrx_word' id='word_1_318' title='bbox 1549 2326 1811 2379; x_wconf 84' lang='lat' dir='ltr'><strong>formare-</strong></span> 
     </span>
    </p>
   </div>
   <div class='ocr_carea' id='block_1_40' title="bbox 228 2412 1808 2479">
    <p class='ocr_par' dir='ltr' id='par_1_40' title="bbox 228 2412 1808 2479">
     <span class='ocr_line' id='line_1_40' title="bbox 228 2412 1808 2479; baseline -0.005 -5"><span class='ocrx_word' id='word_1_319' title='bbox 228 2430 341 2474; x_wconf 86' lang='lat' dir='ltr'><strong>tur</strong></span> <span class='ocrx_word' id='word_1_320' title='bbox 370 2418 432 2471; x_wconf 88' lang='lat' dir='ltr'><strong>in</strong></span> <span class='ocrx_word' id='word_1_321' title='bbox 466 2416 629 2471; x_wconf 90' lang='lat' dir='ltr'><strong>vobis</strong></span> <span class='ocrx_word' id='word_1_322' title='bbox 660 2430 676 2468; x_wconf 92' lang='lat'><strong>:</strong></span> <span class='ocrx_word' id='word_1_323' title='bbox 707 2424 833 2467; x_wconf 93' lang='lat' dir='ltr'><strong>tunc</strong></span> <span class='ocrx_word' id='word_1_324' title='bbox 877 2428 999 2466; x_wconf 89' lang='lat' dir='ltr'><strong>vere</strong></span> <span class='ocrx_word' id='word_1_325' title='bbox 1042 2412 1376 2466; x_wconf 80' lang='lat' dir='ltr'><strong>etiiceremini</strong></span> <span class='ocrx_word' id='word_1_326' title='bbox 1429 2428 1609 2467; x_wconf 90' lang='lat' dir='ltr'><strong>semen</strong></span> <span class='ocrx_word' id='word_1_327' title='bbox 1654 2412 1808 2479; x_wconf 90' lang='lat' dir='ltr'><strong>justi,</strong></span> 
     </span>
    </p>
   </div>
   <div class='ocr_carea' id='block_1_41' title="bbox 225 2502 1810 2581">
    <p class='ocr_par' dir='ltr' id='par_1_41' title="bbox 225 2502 1810 2581">
     <span class='ocr_line' id='line_1_41' title="bbox 225 2502 1810 2581; baseline -0.003 -20"><span class='ocrx_word' id='word_1_328' title='bbox 225 2509 401 2579; x_wconf 86' lang='lat' dir='ltr'><strong>quod</strong></span> <span class='ocrx_word' id='word_1_329' title='bbox 449 2522 560 2581; x_wconf 82' lang='lat' dir='ltr'><strong>non</strong></span> <span class='ocrx_word' id='word_1_330' title='bbox 596 2505 788 2572; x_wconf 58' lang='lat' dir='ltr'><strong>quatit</strong></span> <span class='ocrx_word' id='word_1_331' title='bbox 822 2516 1032 2570; x_wconf 90' lang='lat' dir='ltr'><strong>panem,</strong></span> <span class='ocrx_word' id='word_1_332' title='bbox 1068 2502 1321 2554; x_wconf 89' lang='lat' dir='ltr'><strong>habentes</strong></span> <span class='ocrx_word' id='word_1_333' title='bbox 1351 2502 1553 2555; x_wconf 86' lang='lat' dir='ltr'><strong>scilicet</strong></span> <span class='ocrx_word' id='word_1_334' title='bbox 1582 2503 1631 2554; x_wconf 92' lang='lat' dir='ltr'><strong>in</strong></span> <span class='ocrx_word' id='word_1_335' title='bbox 1661 2504 1810 2556; x_wconf 90' lang='lat' dir='ltr'><strong>vobis</strong></span> 
     </span>
    </p>
   </div>
   <div class='ocr_carea' id='block_1_42' title="bbox 227 2588 1807 2662">
    <p class='ocr_par' dir='ltr' id='par_1_42' title="bbox 227 2588 1807 2662">
     <span class='ocr_line' id='line_1_42' title="bbox 227 2588 1807 2662; baseline -0.004 -11"><span class='ocrx_word' id='word_1_336' title='bbox 227 2610 482 2662; x_wconf 84' lang='lat' dir='ltr'><strong>semper</strong></span> <span class='ocrx_word' id='word_1_337' title='bbox 519 2607 714 2661; x_wconf 86' lang='lat' dir='ltr'><strong>panem</strong></span> <span class='ocrx_word' id='word_1_338' title='bbox 767 2592 911 2644; x_wconf 88' lang='lat' dir='ltr'><strong>illum</strong></span> <span class='ocrx_word' id='word_1_339' title='bbox 941 2590 1031 2658; x_wconf 89' lang='lat' dir='ltr'><strong>qui</strong></span> <span class='ocrx_word' id='word_1_340' title='bbox 1078 2589 1143 2642; x_wconf 93' lang='lat' dir='ltr'><strong>de</strong></span> <span class='ocrx_word' id='word_1_341' title='bbox 1175 2589 1312 2643; x_wconf 76' lang='lat' dir='ltr'><strong>cmlo</strong></span> <span class='ocrx_word' id='word_1_342' title='bbox 1345 2590 1630 2643; x_wconf 86' lang='lat' dir='ltr'><strong>descendit.</strong></span> <span class='ocrx_word' id='word_1_343' title='bbox 1660 2588 1807 2655; x_wconf 83' lang='lat' dir='ltr'><strong>Quod</strong></span> 
     </span>
    </p>
   </div>
   <div class='ocr_carea' id='block_1_43' title="bbox 227 2676 1807 2753">
    <p class='ocr_par' dir='ltr' id='par_1_43' title="bbox 227 2676 1807 2753">
     <span class='ocr_line' id='line_1_43' title="bbox 227 2676 1807 2753; baseline -0.007 -12"><span class='ocrx_word' id='word_1_344' title='bbox 227 2688 285 2741; x_wconf 82' lang='lat' dir='ltr'><strong>si</strong></span> <span class='ocrx_word' id='word_1_345' title='bbox 326 2684 676 2753; x_wconf 86' lang='lat' dir='ltr'><strong>respondeas</strong></span> <span class='ocrx_word' id='word_1_346' title='bbox 708 2680 835 2735; x_wconf 90' lang='lat' dir='ltr'><strong>mihi</strong></span> <span class='ocrx_word' id='word_1_347' title='bbox 886 2690 941 2732; x_wconf 91' lang='lat' dir='ltr'><strong>et</strong></span> <span class='ocrx_word' id='word_1_348' title='bbox 969 2680 1151 2732; x_wconf 89' lang='lat' dir='ltr'><strong>dicas:</strong></span> <span class='ocrx_word' id='word_1_349' title='bbox 1180 2676 1375 2743; x_wconf 86' lang='lat' dir='ltr'><strong>Quanti</strong></span> <span class='ocrx_word' id='word_1_350' title='bbox 1410 2679 1687 2732; x_wconf 87' lang='lat' dir='ltr'><strong>audierunt</strong></span> <span class='ocrx_word' id='word_1_351' title='bbox 1712 2677 1807 2730; x_wconf 83' lang='lat' dir='ltr'><strong>Pe-</strong></span> 
     </span>
    </p>
   </div>
   <div class='ocr_carea' id='block_1_44' title="bbox 235 2769 1808 2842">
    <p class='ocr_par' dir='ltr' id='par_1_44' title="bbox 235 2769 1808 2842">
     <span class='ocr_line' id='line_1_44' title="bbox 235 2769 1808 2842; baseline -0.007 -8"><span class='ocrx_word' id='word_1_352' title='bbox 235 2790 400 2833; x_wconf 89' lang='lat' dir='ltr'><strong>trum</strong></span> <span class='ocrx_word' id='word_1_353' title='bbox 429 2786 488 2833; x_wconf 88' lang='lat' dir='ltr'><strong>et</strong></span> <span class='ocrx_word' id='word_1_354' title='bbox 515 2777 764 2839; x_wconf 86' lang='lat' dir='ltr'><strong>Paulum,</strong></span> <span class='ocrx_word' id='word_1_355' title='bbox 805 2774 894 2842; x_wconf 92' lang='lat' dir='ltr'><strong>qui</strong></span> <span class='ocrx_word' id='word_1_356' title='bbox 926 2774 1112 2840; x_wconf 90' lang='lat' dir='ltr'><strong>utique</strong></span> <span class='ocrx_word' id='word_1_357' title='bbox 1137 2781 1285 2825; x_wconf 89' lang='lat' dir='ltr'><strong>erant</strong></span> <span class='ocrx_word' id='word_1_358' title='bbox 1306 2772 1587 2838; x_wconf 83' lang='lat' dir='ltr'><strong>justissimi</strong></span> <span class='ocrx_word' id='word_1_359' title='bbox 1627 2769 1808 2825; x_wconf 89' lang='lat' dir='ltr'><strong>docto-</strong></span> 
     </span>
    </p>
   </div>
   <div class='ocr_carea' id='block_1_45' title="bbox 233 2857 1806 2935">
    <p class='ocr_par' dir='ltr' id='par_1_45' title="bbox 233 2857 1806 2935">
     <span class='ocr_line' id='line_1_45' title="bbox 233 2857 1806 2935; baseline -0.008 -8"><span class='ocrx_word' id='word_1_360' title='bbox 233 2888 360 2935; x_wconf 85' lang='lat' dir='ltr'><strong>res,</strong></span> <span class='ocrx_word' id='word_1_361' title='bbox 398 2880 462 2923; x_wconf 90' lang='lat' dir='ltr'><strong>et</strong></span> <span class='ocrx_word' id='word_1_362' title='bbox 491 2881 670 2922; x_wconf 90' lang='lat' dir='ltr'><strong>tamen</strong></span> <span class='ocrx_word' id='word_1_363' title='bbox 704 2872 1074 2934; x_wconf 89' lang='lat' dir='ltr'><strong>peccaverunt,</strong></span> <span class='ocrx_word' id='word_1_364' title='bbox 1105 2873 1157 2915; x_wconf 86' lang='lat' dir='ltr'><strong>et</strong></span> <span class='ocrx_word' id='word_1_365' title='bbox 1188 2857 1453 2928; x_wconf 88' lang='lat' dir='ltr'><strong>quomodo</strong></span> <span class='ocrx_word' id='word_1_366' title='bbox 1483 2877 1608 2929; x_wconf 80' lang='lat' dir='ltr'><strong>ergo</strong></span> <span class='ocrx_word' id='word_1_367' title='bbox 1630 2876 1806 2915; x_wconf 91' lang='lat' dir='ltr'><strong>semen</strong></span> 
     </span>
    </p>
   </div>
   <div class='ocr_carea' id='block_1_46' title="bbox 223 2949 1809 3028">
    <p class='ocr_par' dir='ltr' id='par_1_46' title="bbox 223 2949 1809 3028">
     <span class='ocr_line' id='line_1_46' title="bbox 223 2949 1809 3028; baseline -0.008 -14"><span class='ocrx_word' id='word_1_368' title='bbox 223 2961 372 3028; x_wconf 88' lang='lat' dir='ltr'><strong>justi</strong></span> <span class='ocrx_word' id='word_1_369' title='bbox 412 2954 721 3011; x_wconf 86' lang='lat' dir='ltr'><strong>dicentur?</strong></span> <span class='ocrx_word' id='word_1_370' title='bbox 757 2954 861 3008; x_wconf 85' lang='lat' dir='ltr'><strong>Sed</strong></span> <span class='ocrx_word' id='word_1_371' title='bbox 909 2951 1026 3004; x_wconf 86' lang='lat' dir='ltr'><strong>vide</strong></span> <span class='ocrx_word' id='word_1_372' title='bbox 1051 2965 1115 3004; x_wconf 85' lang='lat' dir='ltr'><strong>ne</strong></span> <span class='ocrx_word' id='word_1_373' title='bbox 1151 2949 1289 3003; x_wconf 90' lang='lat' dir='ltr'><strong>forte</strong></span> <span class='ocrx_word' id='word_1_374' title='bbox 1319 2951 1456 3004; x_wconf 90' lang='lat' dir='ltr'><strong>sicut</strong></span> <span class='ocrx_word' id='word_1_375' title='bbox 1496 2965 1596 3002; x_wconf 92' lang='lat' dir='ltr'><strong>non</strong></span> <span class='ocrx_word' id='word_1_376' title='bbox 1624 2963 1809 3002; x_wconf 87' lang='lat' dir='ltr'><strong>omnes</strong></span> 
     </span>
    </p>
   </div>
   <div class='ocr_carea' id='block_1_47' title="bbox 1914 1887 3444 1959">
    <p class='ocr_par' dir='ltr' id='par_1_47' title="bbox 1914 1887 3444 1959">
     <span class='ocr_line' id='line_1_47' title="bbox 1914 1887 3444 1959; baseline 0.008 -21"><span class='ocrx_word' id='word_1_377' title='bbox 1914 1888 2051 1938; x_wconf 86' lang='lat' dir='ltr'><strong>niam</strong></span> <span class='ocrx_word' id='word_1_378' title='bbox 2104 1896 2157 1938; x_wconf 92' lang='lat' dir='ltr'><strong>et</strong></span> <span class='ocrx_word' id='word_1_379' title='bbox 2194 1887 2496 1949; x_wconf 88' lang='lat' dir='ltr'><strong>mendacia,</strong></span> <span class='ocrx_word' id='word_1_380' title='bbox 2537 1896 2591 1940; x_wconf 90' lang='lat' dir='ltr'><strong>et</strong></span> <span class='ocrx_word' id='word_1_381' title='bbox 2634 1889 2841 1942; x_wconf 79' lang='lat' dir='ltr'><strong>diversa</strong></span> <span class='ocrx_word' id='word_1_382' title='bbox 2884 1893 3120 1946; x_wconf 66' lang='lat' dir='ltr'><strong>avaritia:</strong></span> <span class='ocrx_word' id='word_1_383' title='bbox 3166 1896 3335 1959; x_wconf 89' lang='lat' dir='ltr'><strong>mala;</strong></span> <span class='ocrx_word' id='word_1_384' title='bbox 3389 1912 3444 1951; x_wconf 90' lang='lat' dir='ltr'><strong>et</strong></span> 
     </span>
    </p>
   </div>
   <div class='ocr_carea' id='block_1_48' title="bbox 1915 1977 3440 2051">
    <p class='ocr_par' dir='ltr' id='par_1_48' title="bbox 1915 1977 3440 2051">
     <span class='ocr_line' id='line_1_48' title="bbox 1915 1977 3440 2051; baseline 0.009 -26"><span class='ocrx_word' id='word_1_385' title='bbox 1915 1989 2124 2026; x_wconf 87' lang='lat' dir='ltr'><strong>rursum</strong></span> <span class='ocrx_word' id='word_1_386' title='bbox 2155 1985 2279 2028; x_wconf 92' lang='lat' dir='ltr'><strong>sunt</strong></span> <span class='ocrx_word' id='word_1_387' title='bbox 2304 1977 2538 2044; x_wconf 69' lang='lat' dir='ltr'><strong>pecuniae</strong></span> <span class='ocrx_word' id='word_1_388' title='bbox 2564 1991 2680 2043; x_wconf 71' lang='lat' dir='ltr'><strong>qua:</strong></span> <span class='ocrx_word' id='word_1_389' title='bbox 2708 1978 2851 2043; x_wconf 87' lang='lat' dir='ltr'><strong>juste</strong></span> <span class='ocrx_word' id='word_1_390' title='bbox 2876 1987 2926 2030; x_wconf 89' lang='lat' dir='ltr'><strong>et</strong></span> <span class='ocrx_word' id='word_1_391' title='bbox 2956 1983 3243 2034; x_wconf 88' lang='lat' dir='ltr'><strong>secundum</strong></span> <span class='ocrx_word' id='word_1_392' title='bbox 3272 1983 3440 2051; x_wconf 77' lang='lat' dir='ltr'><strong>legem</strong></span> 
     </span>
    </p>
   </div>
   <div class='ocr_carea' id='block_1_49' title="bbox 1911 2066 3443 2137">
    <p class='ocr_par' dir='ltr' id='par_1_49' title="bbox 1911 2066 3443 2137">
     <span class='ocr_line' id='line_1_49' title="bbox 1911 2066 3443 2137; baseline 0.007 -22"><span class='ocrx_word' id='word_1_393' title='bbox 1911 2074 2242 2131; x_wconf 69' lang='lat' dir='ltr'><strong>congregata:</strong></span> <span class='ocrx_word' id='word_1_394' title='bbox 2285 2074 2433 2126; x_wconf 88' lang='lat' dir='ltr'><strong>sunt,</strong></span> <span class='ocrx_word' id='word_1_395' title='bbox 2466 2066 2518 2117; x_wconf 91' lang='lat' dir='ltr'><strong>id</strong></span> <span class='ocrx_word' id='word_1_396' title='bbox 2549 2075 2627 2118; x_wconf 89' lang='lat' dir='ltr'><strong>cst</strong></span> <span class='ocrx_word' id='word_1_397' title='bbox 2656 2066 2722 2120; x_wconf 91' lang='lat' dir='ltr'><strong>de</strong></span> <span class='ocrx_word' id='word_1_398' title='bbox 2764 2068 2995 2134; x_wconf 85' lang='lat' dir='ltr'><strong>propriis</strong></span> <span class='ocrx_word' id='word_1_399' title='bbox 3025 2081 3076 2121; x_wconf 91' lang='lat' dir='ltr'><strong>et</strong></span> <span class='ocrx_word' id='word_1_400' title='bbox 3111 2070 3272 2137; x_wconf 88' lang='lat' dir='ltr'><strong>justis</strong></span> <span class='ocrx_word' id='word_1_401' title='bbox 3294 2073 3443 2126; x_wconf 88' lang='lat' dir='ltr'><strong>labo-</strong></span> 
     </span>
    </p>
   </div>
   <div class='ocr_carea' id='block_1_50' title="bbox 1911 2148 3439 2210">
    <p class='ocr_par' dir='ltr' id='par_1_50' title="bbox 1911 2148 3439 2210">
     <span class='ocr_line' id='line_1_50' title="bbox 1911 2148 3439 2210; baseline 0.005 -9"><span class='ocrx_word' id='word_1_402' title='bbox 1911 2148 2058 2201; x_wconf 88' lang='lat' dir='ltr'><strong>ribus</strong></span> <span class='ocrx_word' id='word_1_403' title='bbox 2087 2165 2102 2201; x_wconf 92' lang='lat'><strong>:</strong></span> <span class='ocrx_word' id='word_1_404' title='bbox 2139 2150 2209 2202; x_wconf 89' lang='lat' dir='ltr'><strong>ita</strong></span> <span class='ocrx_word' id='word_1_405' title='bbox 2240 2151 2399 2203; x_wconf 89' lang='lat' dir='ltr'><strong>etiam</strong></span> <span class='ocrx_word' id='word_1_406' title='bbox 2433 2151 2483 2203; x_wconf 93' lang='lat' dir='ltr'><strong>in</strong></span> <span class='ocrx_word' id='word_1_407' title='bbox 2534 2153 2695 2205; x_wconf 90' lang='lat' dir='ltr'><strong>verbo</strong></span> <span class='ocrx_word' id='word_1_408' title='bbox 2723 2158 2775 2203; x_wconf 90' lang='lat' dir='ltr'><strong>et</strong></span> <span class='ocrx_word' id='word_1_409' title='bbox 2803 2152 3042 2204; x_wconf 91' lang='lat' dir='ltr'><strong>doctrina</strong></span> <span class='ocrx_word' id='word_1_410' title='bbox 3072 2169 3190 2208; x_wconf 91' lang='lat' dir='ltr'><strong>esse</strong></span> <span class='ocrx_word' id='word_1_411' title='bbox 3231 2155 3439 2210; x_wconf 86' lang='lat' dir='ltr'><strong>inveni-</strong></span> 
     </span>
    </p>
   </div>
   <div class='ocr_carea' id='block_1_51' title="bbox 1914 2237 3441 2312">
    <p class='ocr_par' dir='ltr' id='par_1_51' title="bbox 1914 2237 3441 2312">
     <span class='ocr_line' id='line_1_51' title="bbox 1914 2237 3441 2312; baseline 0.005 -24"><span class='ocrx_word' id='word_1_412' title='bbox 1914 2247 2017 2289; x_wconf 92' lang='lat' dir='ltr'><strong>tur.</strong></span> <span class='ocrx_word' id='word_1_413' title='bbox 2050 2237 2182 2290; x_wconf 89' lang='lat' dir='ltr'><strong>Sunt</strong></span> <span class='ocrx_word' id='word_1_414' title='bbox 2221 2239 2378 2292; x_wconf 89' lang='lat' dir='ltr'><strong>verba</strong></span> <span class='ocrx_word' id='word_1_415' title='bbox 2428 2254 2525 2292; x_wconf 91' lang='lat' dir='ltr'><strong>nec</strong></span> <span class='ocrx_word' id='word_1_416' title='bbox 2571 2241 2723 2305; x_wconf 88' lang='lat' dir='ltr'><strong>bene,</strong></span> <span class='ocrx_word' id='word_1_417' title='bbox 2758 2257 2857 2295; x_wconf 88' lang='lat' dir='ltr'><strong>nec</strong></span> <span class='ocrx_word' id='word_1_418' title='bbox 2885 2241 3048 2307; x_wconf 89' lang='lat' dir='ltr'><strong>juste,</strong></span> <span class='ocrx_word' id='word_1_419' title='bbox 3085 2256 3181 2295; x_wconf 87' lang='lat' dir='ltr'><strong>nec</strong></span> <span class='ocrx_word' id='word_1_420' title='bbox 3211 2244 3441 2312; x_wconf 87' lang='lat' dir='ltr'><strong>legitime</strong></span> 
     </span>
    </p>
   </div>
   <div class='ocr_carea' id='block_1_52' title="bbox 1909 2328 3439 2395">
    <p class='ocr_par' dir='ltr' id='par_1_52' title="bbox 1909 2328 3439 2395">
     <span class='ocr_line' id='line_1_52' title="bbox 1909 2328 3439 2395; baseline 0.005 -16"><span class='ocrx_word' id='word_1_421' title='bbox 1909 2335 2329 2395; x_wconf 84' lang='lat' dir='ltr'><strong>congregata,ut</strong></span> <span class='ocrx_word' id='word_1_422' title='bbox 2357 2328 2724 2380; x_wconf 68' lang='lat' dir='ltr'><strong>haereticorum</strong></span> <span class='ocrx_word' id='word_1_423' title='bbox 2758 2330 2916 2383; x_wconf 88' lang='lat' dir='ltr'><strong>verba</strong></span> <span class='ocrx_word' id='word_1_424' title='bbox 2941 2340 3084 2394; x_wconf 90' lang='lat' dir='ltr'><strong>sunt,</strong></span> <span class='ocrx_word' id='word_1_425' title='bbox 3115 2339 3169 2383; x_wconf 89' lang='lat' dir='ltr'><strong>et</strong></span> <span class='ocrx_word' id='word_1_426' title='bbox 3198 2331 3439 2388; x_wconf 87' lang='lat' dir='ltr'><strong>doctrina</strong></span> 
     </span>
    </p>
   </div>
   <div class='ocr_carea' id='block_1_53' title="bbox 1909 2416 3436 2488">
    <p class='ocr_par' dir='ltr' id='par_1_53' title="bbox 1909 2416 3436 2488">
     <span class='ocr_line' id='line_1_53' title="bbox 1909 2416 3436 2488; baseline 0.003 -19"><span class='ocrx_word' id='word_1_427' title='bbox 1909 2427 2090 2469; x_wconf 89' lang='lat' dir='ltr'><strong>contra</strong></span> <span class='ocrx_word' id='word_1_428' title='bbox 2116 2417 2276 2484; x_wconf 83' lang='lat' dir='ltr'><strong>legem</strong></span> <span class='ocrx_word' id='word_1_429' title='bbox 2305 2416 2390 2468; x_wconf 87' lang='lat' dir='ltr'><strong>Dei</strong></span> <span class='ocrx_word' id='word_1_430' title='bbox 2419 2425 2754 2483; x_wconf 82' lang='lat' dir='ltr'><strong>congregata,</strong></span> <span class='ocrx_word' id='word_1_431' title='bbox 2780 2430 2897 2484; x_wconf 79' lang='lat' dir='ltr'><strong>qua:</strong></span> <span class='ocrx_word' id='word_1_432' title='bbox 2920 2434 3014 2472; x_wconf 87' lang='lat' dir='ltr'><strong>nos</strong></span> <span class='ocrx_word' id='word_1_433' title='bbox 3040 2419 3181 2473; x_wconf 88' lang='lat' dir='ltr'><strong>velut</strong></span> <span class='ocrx_word' id='word_1_434' title='bbox 3207 2420 3436 2488; x_wconf 87' lang='lat' dir='ltr'><strong>iniquam</strong></span> 
     </span>
    </p>
   </div>
   <div class='ocr_carea' id='block_1_54' title="bbox 1907 2502 3442 2571">
    <p class='ocr_par' dir='ltr' id='par_1_54' title="bbox 1907 2502 3442 2571">
     <span class='ocr_line' id='line_1_54' title="bbox 1907 2502 3442 2571; baseline 0.003 -15"><span class='ocrx_word' id='word_1_435' title='bbox 1907 2504 2181 2571; x_wconf 87' lang='lat' dir='ltr'><strong>pecuniam</strong></span> <span class='ocrx_word' id='word_1_436' title='bbox 2217 2513 2269 2555; x_wconf 91' lang='lat' dir='ltr'><strong>et</strong></span> <span class='ocrx_word' id='word_1_437' title='bbox 2313 2502 2640 2571; x_wconf 83' lang='lat' dir='ltr'><strong>pestiferam,</strong></span> <span class='ocrx_word' id='word_1_438' title='bbox 2674 2512 2727 2556; x_wconf 92' lang='lat' dir='ltr'><strong>et</strong></span> <span class='ocrx_word' id='word_1_439' title='bbox 2763 2505 2828 2557; x_wconf 90' lang='lat' dir='ltr'><strong>de</strong></span> <span class='ocrx_word' id='word_1_440' title='bbox 2874 2506 3009 2559; x_wconf 86' lang='lat' dir='ltr'><strong>malo</strong></span> <span class='ocrx_word' id='word_1_441' title='bbox 3051 2507 3326 2562; x_wconf 88' lang='lat' dir='ltr'><strong>collectam</strong></span> <span class='ocrx_word' id='word_1_442' title='bbox 3356 2524 3442 2562; x_wconf 85' lang='lat' dir='ltr'><strong>rc-</strong></span> 
     </span>
    </p>
   </div>
   <div class='ocr_carea' id='block_1_55' title="bbox 1908 2590 3438 2665">
    <p class='ocr_par' dir='ltr' id='par_1_55' title="bbox 1908 2590 3438 2665">
     <span class='ocr_line' id='line_1_55' title="bbox 1908 2590 3438 2665; baseline 0.006 -22"><span class='ocrx_word' id='word_1_443' title='bbox 1908 2591 2094 2660; x_wconf 84' lang='lat' dir='ltr'><strong>fugere</strong></span> <span class='ocrx_word' id='word_1_444' title='bbox 2118 2593 2387 2646; x_wconf 83' lang='lat' dir='ltr'><strong>debemus.</strong></span> <span class='ocrx_word' id='word_1_445' title='bbox 2424 2590 2583 2645; x_wconf 89' lang='lat' dir='ltr'><strong>Orate</strong></span> <span class='ocrx_word' id='word_1_446' title='bbox 2610 2607 2736 2661; x_wconf 85' lang='lat' dir='ltr'><strong>ergo</strong></span> <span class='ocrx_word' id='word_1_447' title='bbox 2770 2603 2823 2647; x_wconf 91' lang='lat' dir='ltr'><strong>ut</strong></span> <span class='ocrx_word' id='word_1_448' title='bbox 2859 2595 2969 2648; x_wconf 56' lang='lat' dir='ltr'><strong>haec</strong></span> <span class='ocrx_word' id='word_1_449' title='bbox 3004 2607 3179 2650; x_wconf 88' lang='lat' dir='ltr'><strong>nostra</strong></span> <span class='ocrx_word' id='word_1_450' title='bbox 3215 2599 3438 2665; x_wconf 84' lang='lat' dir='ltr'><strong>pecunia</strong></span> 
     </span>
    </p>
   </div>
   <div class='ocr_carea' id='block_1_56' title="bbox 1908 2681 3440 2755">
    <p class='ocr_par' dir='ltr' id='par_1_56' title="bbox 1908 2681 3440 2755">
     <span class='ocr_line' id='line_1_56' title="bbox 1908 2681 3440 2755; baseline 0.003 -21"><span class='ocrx_word' id='word_1_451' title='bbox 1908 2696 2062 2749; x_wconf 87' lang='lat' dir='ltr'><strong>quam</strong></span> <span class='ocrx_word' id='word_1_452' title='bbox 2088 2683 2235 2735; x_wconf 88' lang='lat' dir='ltr'><strong>vobis</strong></span> <span class='ocrx_word' id='word_1_453' title='bbox 2270 2681 2592 2734; x_wconf 72' lang='lat' dir='ltr'><strong>fmnerainus</strong></span> <span class='ocrx_word' id='word_1_454' title='bbox 2627 2690 2730 2734; x_wconf 88' lang='lat' dir='ltr'><strong>tota</strong></span> <span class='ocrx_word' id='word_1_455' title='bbox 2768 2683 3064 2738; x_wconf 85' lang='lat' dir='ltr'><strong>inveniatur</strong></span> <span class='ocrx_word' id='word_1_456' title='bbox 3091 2701 3153 2739; x_wconf 82' lang='lat' dir='ltr'><strong>ex</strong></span> <span class='ocrx_word' id='word_1_457' title='bbox 3179 2687 3339 2755; x_wconf 84' lang='lat' dir='ltr'><strong>justis</strong></span> <span class='ocrx_word' id='word_1_458' title='bbox 3363 2688 3440 2740; x_wconf 85' lang='lat' dir='ltr'><strong>la-</strong></span> 
     </span>
    </p>
   </div>
   <div class='ocr_carea' id='block_1_57' title="bbox 1907 2769 3441 2839">
    <p class='ocr_par' dir='ltr' id='par_1_57' title="bbox 1907 2769 3441 2839">
     <span class='ocr_line' id='line_1_57' title="bbox 1907 2769 3441 2839; baseline 0.003 -16"><span class='ocrx_word' id='word_1_459' title='bbox 1907 2769 2143 2831; x_wconf 90' lang='lat' dir='ltr'><strong>boribus,</strong></span> <span class='ocrx_word' id='word_1_460' title='bbox 2169 2778 2278 2822; x_wconf 92' lang='lat' dir='ltr'><strong>tota</strong></span> <span class='ocrx_word' id='word_1_461' title='bbox 2305 2769 2369 2821; x_wconf 83' lang='lat' dir='ltr'><strong>(ie</strong></span> <span class='ocrx_word' id='word_1_462' title='bbox 2402 2770 2664 2823; x_wconf 90' lang='lat' dir='ltr'><strong>dominica</strong></span> <span class='ocrx_word' id='word_1_463' title='bbox 2712 2780 2918 2826; x_wconf 86' lang='lat' dir='ltr'><strong>moneta</strong></span> <span class='ocrx_word' id='word_1_464' title='bbox 2948 2775 3260 2839; x_wconf 82' lang='lat' dir='ltr'><strong>procedens,</strong></span> <span class='ocrx_word' id='word_1_465' title='bbox 3292 2785 3349 2827; x_wconf 93' lang='lat' dir='ltr'><strong>ut</strong></span> <span class='ocrx_word' id='word_1_466' title='bbox 3387 2786 3441 2830; x_wconf 91' lang='lat' dir='ltr'><strong>et</strong></span> 
     </span>
    </p>
   </div>
   <div class='ocr_carea' id='block_1_58' title="bbox 1908 2856 3441 2924">
    <p class='ocr_par' dir='ltr' id='par_1_58' title="bbox 1908 2856 3441 2924">
     <span class='ocr_line' id='line_1_58' title="bbox 1908 2856 3441 2924; baseline 0.002 -16"><span class='ocrx_word' id='word_1_467' title='bbox 1908 2870 2003 2911; x_wconf 87' lang='lat' dir='ltr'><strong>vos</strong></span> <span class='ocrx_word' id='word_1_468' title='bbox 2027 2856 2199 2910; x_wconf 63' lang='lat' dir='ltr'><strong>faenus</strong></span> <span class='ocrx_word' id='word_1_469' title='bbox 2237 2856 2511 2924; x_wconf 84' lang='lat' dir='ltr'><strong>integrum</strong></span> <span class='ocrx_word' id='word_1_470' title='bbox 2532 2857 2876 2924; x_wconf 88' lang='lat' dir='ltr'><strong>consignetis,</strong></span> <span class='ocrx_word' id='word_1_471' title='bbox 2907 2866 2959 2910; x_wconf 89' lang='lat' dir='ltr'><strong>et</strong></span> <span class='ocrx_word' id='word_1_472' title='bbox 2984 2871 3079 2909; x_wconf 82' lang='lat' dir='ltr'><strong>nos</strong></span> <span class='ocrx_word' id='word_1_473' title='bbox 3110 2873 3213 2910; x_wconf 92' lang='lat' dir='ltr'><strong>non</strong></span> <span class='ocrx_word' id='word_1_474' title='bbox 3256 2860 3441 2911; x_wconf 84' lang='lat' dir='ltr'><strong>audia-</strong></span> 
     </span>
    </p>
   </div>
   <div class='ocr_carea' id='block_1_59' title="bbox 1909 2944 3435 3011">
    <p class='ocr_par' dir='ltr' id='par_1_59' title="bbox 1909 2944 3435 3011">
     <span class='ocr_line' id='line_1_59' title="bbox 1909 2944 3435 3011; baseline 0.001 -16"><span class='ocrx_word' id='word_1_475' title='bbox 1909 2958 2023 2997; x_wconf 88' lang='lat' dir='ltr'><strong>mus</strong></span> <span class='ocrx_word' id='word_1_476' title='bbox 2046 2944 2089 2975; x_wconf 81' lang='grc'><strong>³¹</strong></span> <span class='ocrx_word' id='word_1_477' title='bbox 2111 2982 2127 3008; x_wconf 89' lang='lat'><strong>,</strong></span> <span class='ocrx_word' id='word_1_478' title='bbox 2154 2945 2279 3011; x_wconf 89' lang='lat' dir='ltr'><strong>quia</strong></span> <span class='ocrx_word' id='word_1_479' title='bbox 2299 2945 2532 3011; x_wconf 85' lang='lat' dir='ltr'><strong>Oportuit</strong></span> <span class='ocrx_word' id='word_1_480' title='bbox 2564 2953 2611 2997; x_wconf 91' lang='lat' dir='ltr'><strong>te</strong></span> <span class='ocrx_word' id='word_1_481' title='bbox 2629 2945 2897 3011; x_wconf 79' lang='lat' dir='ltr'><strong>pecuniam</strong></span> <span class='ocrx_word' id='word_1_482' title='bbox 2934 2960 3095 2998; x_wconf 86' lang='lat' dir='ltr'><strong>meam</strong></span> <span class='ocrx_word' id='word_1_483' title='bbox 3117 2946 3241 2998; x_wconf 86' lang='lat' dir='ltr'><strong>dare</strong></span> <span class='ocrx_word' id='word_1_484' title='bbox 3285 2962 3435 2999; x_wconf 89' lang='lat' dir='ltr'><strong>num-</strong></span> 
     </span>
    </p>
   </div>
   <div class='ocr_carea' id='block_1_60' title="bbox 233 3034 2167 3122">
    <p class='ocr_par' dir='ltr' id='par_1_60' title="bbox 233 3034 2167 3122">
     <span class='ocr_line' id='line_1_60' title="bbox 233 3034 2167 3122; baseline -0.007 -22"><span class='ocrx_word' id='word_1_485' title='bbox 233 3052 337 3122; x_wconf 85' lang='lat' dir='ltr'><strong>qui</strong></span> <span class='ocrx_word' id='word_1_486' title='bbox 397 3064 473 3103; x_wconf 84' lang='lat' dir='ltr'><strong>ex</strong></span> <span class='ocrx_word' id='word_1_487' title='bbox 507 3044 779 3098; x_wconf 82' lang='lat' dir='ltr'><strong>Abraham</strong></span> <span class='ocrx_word' id='word_1_488' title='bbox 827 3050 972 3102; x_wconf 91' lang='lat' dir='ltr'><strong>sunt,</strong></span> <span class='ocrx_word' id='word_1_489' title='bbox 1004 3040 1163 3092; x_wconf 87' lang='lat' dir='ltr'><strong>etiam</strong></span> <span class='ocrx_word' id='word_1_490' title='bbox 1214 3051 1393 3091; x_wconf 80' lang='lat' dir='ltr'><strong>semen</strong></span> <span class='ocrx_word' id='word_1_491' title='bbox 1427 3039 1693 3091; x_wconf 78' lang='lat' dir='ltr'><strong>Abraham</strong></span> <span class='ocrx_word' id='word_1_492' title='bbox 1726 3040 1808 3090; x_wconf 81' lang='lat' dir='ltr'><strong>ili-</strong></span> <span class='ocrx_word' id='word_1_493' title='bbox 1832 3062 1875 3118; x_wconf 69' lang='grc' dir='ltr'>ο</span> <span class='ocrx_word' id='word_1_494' title='bbox 1906 3034 2167 3086; x_wconf 84' lang='lat' dir='ltr'><strong>mulariis.</strong></span> 
     </span>
    </p>
   </div>
   <div class='ocr_carea' id='block_1_61' title="bbox 233 3126 1801 3203">
    <p class='ocr_par' dir='ltr' id='par_1_61' title="bbox 233 3126 1801 3203">
     <span class='ocr_line' id='line_1_61' title="bbox 233 3126 1801 3203; baseline -0.011 -8"><span class='ocrx_word' id='word_1_495' title='bbox 233 3152 483 3198; x_wconf 73' lang='lat' dir='ltr'><strong>eluitur,</strong></span> <span class='ocrx_word' id='word_1_496' title='bbox 514 3135 714 3203; x_wconf 89' lang='lat' dir='ltr'><strong>quibus</strong></span> <span class='ocrx_word' id='word_1_497' title='bbox 747 3128 942 3182; x_wconf 88' lang='lat' dir='ltr'><strong>dicitur</strong></span> <span class='ocrx_word' id='word_1_498' title='bbox 971 3129 1017 3158; x_wconf 77' lang='grc'><strong>’⁸</strong></span> <span class='ocrx_word' id='word_1_499' title='bbox 1046 3145 1059 3179; x_wconf 87' lang='lat'><strong>:</strong></span> <span class='ocrx_word' id='word_1_500' title='bbox 1094 3126 1152 3180; x_wconf 88' lang='lat' dir='ltr'><strong>Si</strong></span> <span class='ocrx_word' id='word_1_501' title='bbox 1173 3127 1270 3193; x_wconf 82' lang='lat' dir='ltr'><strong>ﬁlii</strong></span> <span class='ocrx_word' id='word_1_502' title='bbox 1305 3127 1562 3178; x_wconf 80' lang='lat' dir='ltr'><strong>Abraham</strong></span> <span class='ocrx_word' id='word_1_503' title='bbox 1608 3128 1801 3191; x_wconf 85' lang='lat' dir='ltr'><strong>essetis,</strong></span> 
     </span>
    </p>
   </div>
   <div class='ocr_carea' id='block_1_62' title="bbox 232 3216 1806 3297">
    <p class='ocr_par' dir='ltr' id='par_1_62' title="bbox 232 3216 1806 3297">
     <span class='ocr_line' id='line_1_62' title="bbox 232 3216 1806 3297; baseline -0.009 -14"><span class='ocrx_word' id='word_1_504' title='bbox 232 3245 410 3297; x_wconf 83' lang='lat' dir='ltr'><strong>opera</strong></span> <span class='ocrx_word' id='word_1_505' title='bbox 474 3226 656 3293; x_wconf 81' lang='lat' dir='ltr'><strong>utique</strong></span> <span class='ocrx_word' id='word_1_506' title='bbox 697 3221 958 3274; x_wconf 78' lang='lat' dir='ltr'><strong>Abraham</strong></span> <span class='ocrx_word' id='word_1_507' title='bbox 995 3218 1261 3285; x_wconf 79' lang='lat' dir='ltr'><strong>faceretis;</strong></span> <span class='ocrx_word' id='word_1_508' title='bbox 1290 3217 1361 3268; x_wconf 87' lang='lat' dir='ltr'><strong>ita</strong></span> <span class='ocrx_word' id='word_1_509' title='bbox 1389 3217 1547 3268; x_wconf 89' lang='lat' dir='ltr'><strong>etiam</strong></span> <span class='ocrx_word' id='word_1_510' title='bbox 1597 3216 1669 3268; x_wconf 91' lang='lat' dir='ltr'><strong>illi</strong></span> <span class='ocrx_word' id='word_1_511' title='bbox 1718 3216 1806 3284; x_wconf 90' lang='lat' dir='ltr'><strong>qui</strong></span> 
     </span>
    </p>
   </div>
   <div class='ocr_carea' id='block_1_63' title="bbox 234 3305 1807 3373">
    <p class='ocr_par' dir='ltr' id='par_1_63' title="bbox 234 3305 1807 3373">
     <span class='ocr_line' id='line_1_63' title="bbox 234 3305 1807 3373; baseline -0.01 0"><span class='ocrx_word' id='word_1_512' title='bbox 234 3318 551 3373; x_wconf 81' lang='lat' dir='ltr'><strong>audierunt</strong></span> <span class='ocrx_word' id='word_1_513' title='bbox 579 3312 795 3366; x_wconf 85' lang='lat' dir='ltr'><strong>Petrum</strong></span> <span class='ocrx_word' id='word_1_514' title='bbox 839 3319 891 3361; x_wconf 93' lang='lat' dir='ltr'><strong>et</strong></span> <span class='ocrx_word' id='word_1_515' title='bbox 921 3307 1160 3371; x_wconf 88' lang='lat' dir='ltr'><strong>Paulum,</strong></span> <span class='ocrx_word' id='word_1_516' title='bbox 1188 3314 1241 3358; x_wconf 89' lang='lat' dir='ltr'><strong>et</strong></span> <span class='ocrx_word' id='word_1_517' title='bbox 1270 3320 1373 3357; x_wconf 92' lang='lat' dir='ltr'><strong>non</strong></span> <span class='ocrx_word' id='word_1_518' title='bbox 1411 3305 1650 3359; x_wconf 89' lang='lat' dir='ltr'><strong>fecerunt</strong></span> <span class='ocrx_word' id='word_1_519' title='bbox 1689 3321 1807 3373; x_wconf 66' lang='lat' dir='ltr'><strong>qua:</strong></span> 
     </span>
    </p>
   </div>
   <div class='ocr_carea' id='block_1_64' title="bbox 235 3398 1806 3463">
    <p class='ocr_par' dir='ltr' id='par_1_64' title="bbox 235 3398 1806 3463">
     <span class='ocr_line' id='line_1_64' title="bbox 235 3398 1806 3463; baseline -0.01 -2"><span class='ocrx_word' id='word_1_520' title='bbox 235 3408 519 3461; x_wconf 86' lang='lat' dir='ltr'><strong>docuerat</strong></span> <span class='ocrx_word' id='word_1_521' title='bbox 543 3402 733 3455; x_wconf 88' lang='lat' dir='ltr'><strong>Petrus</strong></span> <span class='ocrx_word' id='word_1_522' title='bbox 749 3399 829 3452; x_wconf 86' lang='lat' dir='ltr'><strong>vel</strong></span> <span class='ocrx_word' id='word_1_523' title='bbox 864 3398 1075 3463; x_wconf 85' lang='lat' dir='ltr'><strong>Paulus,</strong></span> <span class='ocrx_word' id='word_1_524' title='bbox 1104 3410 1206 3449; x_wconf 90' lang='lat' dir='ltr'><strong>non</strong></span> <span class='ocrx_word' id='word_1_525' title='bbox 1235 3406 1578 3449; x_wconf 89' lang='lat' dir='ltr'><strong>erantsemen</strong></span> <span class='ocrx_word' id='word_1_526' title='bbox 1601 3410 1806 3461; x_wconf 89' lang='lat' dir='ltr'><strong>eorum,</strong></span> 
     </span>
    </p>
   </div>
   <div class='ocr_carea' id='block_1_65' title="bbox 233 3487 1804 3564">
    <p class='ocr_par' dir='ltr' id='par_1_65' title="bbox 233 3487 1804 3564">
     <span class='ocr_line' id='line_1_65' title="bbox 233 3487 1804 3564; baseline -0.007 -16"><span class='ocrx_word' id='word_1_527' title='bbox 233 3496 374 3564; x_wconf 82' lang='lat' dir='ltr'><strong>quia</strong></span> <span class='ocrx_word' id='word_1_528' title='bbox 441 3498 699 3557; x_wconf 90' lang='lat' dir='ltr'><strong>suscepta</strong></span> <span class='ocrx_word' id='word_1_529' title='bbox 745 3488 811 3541; x_wconf 89' lang='lat' dir='ltr'><strong>ab</strong></span> <span class='ocrx_word' id='word_1_530' title='bbox 841 3487 920 3540; x_wconf 91' lang='lat' dir='ltr'><strong>eis</strong></span> <span class='ocrx_word' id='word_1_531' title='bbox 962 3487 1104 3540; x_wconf 86' lang='lat' dir='ltr'><strong>verbi</strong></span> <span class='ocrx_word' id='word_1_532' title='bbox 1151 3487 1373 3549; x_wconf 89' lang='lat' dir='ltr'><strong>semina,</strong></span> <span class='ocrx_word' id='word_1_533' title='bbox 1402 3499 1469 3538; x_wconf 76' lang='lat' dir='ltr'><strong>ex</strong></span> <span class='ocrx_word' id='word_1_534' title='bbox 1504 3487 1678 3538; x_wconf 89' lang='lat' dir='ltr'><strong>anima</strong></span> <span class='ocrx_word' id='word_1_535' title='bbox 1711 3500 1804 3539; x_wconf 91' lang='lat' dir='ltr'><strong>sua</strong></span> 
     </span>
    </p>
   </div>
   <div class='ocr_carea' id='block_1_66' title="bbox 235 3573 1801 3644">
    <p class='ocr_par' dir='ltr' id='par_1_66' title="bbox 235 3573 1801 3644">
     <span class='ocr_line' id='line_1_66' title="bbox 235 3573 1801 3644; baseline -0.005 -10"><span class='ocrx_word' id='word_1_536' title='bbox 235 3584 400 3636; x_wconf 85' lang='lat' dir='ltr'><strong>velut</strong></span> <span class='ocrx_word' id='word_1_537' title='bbox 449 3577 735 3632; x_wconf 87' lang='lat' dir='ltr'><strong>abortione</strong></span> <span class='ocrx_word' id='word_1_538' title='bbox 777 3577 1003 3643; x_wconf 88' lang='lat' dir='ltr'><strong>quadam</strong></span> <span class='ocrx_word' id='word_1_539' title='bbox 1054 3575 1357 3644; x_wconf 87' lang='lat' dir='ltr'><strong>abjecerunt</strong></span> <span class='ocrx_word' id='word_1_540' title='bbox 1388 3583 1440 3627; x_wconf 92' lang='lat' dir='ltr'><strong>et</strong></span> <span class='ocrx_word' id='word_1_541' title='bbox 1486 3573 1801 3627; x_wconf 84' lang='lat' dir='ltr'><strong>eﬂ’udernnt.</strong></span> 
     </span>
    </p>
   </div>
   <div class='ocr_carea' id='block_1_67' title="bbox 237 3663 1803 3740">
    <p class='ocr_par' dir='ltr' id='par_1_67' title="bbox 237 3663 1803 3740">
     <span class='ocr_line' id='line_1_67' title="bbox 237 3663 1803 3740; baseline -0.007 -13"><span class='ocrx_word' id='word_1_542' title='bbox 237 3674 499 3740; x_wconf 83' lang='lat' dir='ltr'><strong>Denique</strong></span> <span class='ocrx_word' id='word_1_543' title='bbox 538 3679 596 3723; x_wconf 87' lang='lat' dir='ltr'><strong>et</strong></span> <span class='ocrx_word' id='word_1_544' title='bbox 635 3668 686 3719; x_wconf 91' lang='lat' dir='ltr'><strong>in</strong></span> <span class='ocrx_word' id='word_1_545' title='bbox 722 3666 823 3719; x_wconf 92' lang='lat' dir='ltr'><strong>hoc</strong></span> <span class='ocrx_word' id='word_1_546' title='bbox 871 3665 986 3732; x_wconf 90' lang='lat' dir='ltr'><strong>ipso</strong></span> <span class='ocrx_word' id='word_1_547' title='bbox 1035 3665 1238 3732; x_wconf 92' lang='lat' dir='ltr'><strong>psalmo</strong></span> <span class='ocrx_word' id='word_1_548' title='bbox 1272 3664 1399 3717; x_wconf 89' lang='lat' dir='ltr'><strong>dicit</strong></span> <span class='ocrx_word' id='word_1_549' title='bbox 1439 3663 1543 3715; x_wconf 91' lang='lat' dir='ltr'><strong>alio</strong></span> <span class='ocrx_word' id='word_1_550' title='bbox 1573 3663 1685 3715; x_wconf 92' lang='lat' dir='ltr'><strong>loco</strong></span> <span class='ocrx_word' id='word_1_551' title='bbox 1711 3664 1756 3696; x_wconf 78' lang='lat'><strong><em>“</em></strong></span> <span class='ocrx_word' id='word_1_552' title='bbox 1789 3681 1803 3716; x_wconf 90' lang='lat'><strong>:</strong></span> 
     </span>
    </p>
   </div>
   <div class='ocr_carea' id='block_1_68' title="bbox 236 3751 1802 3824">
    <p class='ocr_par' dir='ltr' id='par_1_68' title="bbox 236 3751 1802 3824">
     <span class='ocr_line' id='line_1_68' title="bbox 236 3751 1802 3824; baseline -0.008 -8"><span class='ocrx_word' id='word_1_553' title='bbox 236 3762 450 3817; x_wconf 83' lang='lat' dir='ltr'><strong>Semen</strong></span> <span class='ocrx_word' id='word_1_554' title='bbox 497 3756 779 3824; x_wconf 85' lang='lat' dir='ltr'><strong>impiorum</strong></span> <span class='ocrx_word' id='word_1_555' title='bbox 806 3753 1250 3807; x_wconf 69' lang='lat' dir='ltr'><strong>exterminabitur.</strong></span> <span class='ocrx_word' id='word_1_556' title='bbox 1281 3751 1491 3804; x_wconf 87' lang='lat' dir='ltr'><strong>Certum</strong></span> <span class='ocrx_word' id='word_1_557' title='bbox 1518 3760 1599 3804; x_wconf 86' lang='lat' dir='ltr'><strong>est</strong></span> <span class='ocrx_word' id='word_1_558' title='bbox 1629 3762 1802 3804; x_wconf 89' lang='lat' dir='ltr'><strong>autem</strong></span> 
     </span>
    </p>
   </div>
   <div class='ocr_carea' id='block_1_69' title="bbox 234 3841 1806 3919">
    <p class='ocr_par' dir='ltr' id='par_1_69' title="bbox 234 3841 1806 3919">
     <span class='ocr_line' id='line_1_69' title="bbox 234 3841 1806 3919; baseline -0.005 -18"><span class='ocrx_word' id='word_1_559' title='bbox 234 3851 377 3919; x_wconf 85' lang='lat' dir='ltr'><strong>quia</strong></span> <span class='ocrx_word' id='word_1_560' title='bbox 410 3846 708 3915; x_wconf 91' lang='lat' dir='ltr'><strong>impiorum</strong></span> <span class='ocrx_word' id='word_1_561' title='bbox 741 3857 923 3897; x_wconf 89' lang='lat' dir='ltr'><strong>semen</strong></span> <span class='ocrx_word' id='word_1_562' title='bbox 967 3841 1247 3909; x_wconf 87' lang='lat' dir='ltr'><strong>corporale</strong></span> <span class='ocrx_word' id='word_1_563' title='bbox 1293 3856 1396 3894; x_wconf 93' lang='lat' dir='ltr'><strong>non</strong></span> <span class='ocrx_word' id='word_1_564' title='bbox 1427 3842 1806 3894; x_wconf 77' lang='lat' dir='ltr'><strong>exterminabi-</strong></span> 
     </span>
    </p>
   </div>
   <div class='ocr_carea' id='block_1_70' title="bbox 237 3930 1807 4001">
    <p class='ocr_par' dir='ltr' id='par_1_70' title="bbox 237 3930 1807 4001">
     <span class='ocr_line' id='line_1_70' title="bbox 237 3930 1807 4001; baseline -0.007 -9"><span class='ocrx_word' id='word_1_565' title='bbox 237 3949 359 3992; x_wconf 80' lang='lat' dir='ltr'><strong>tur.</strong></span> <span class='ocrx_word' id='word_1_566' title='bbox 391 3936 500 3989; x_wconf 83' lang='lat' dir='ltr'><strong>Job</strong></span> <span class='ocrx_word' id='word_1_567' title='bbox 552 3933 788 4001; x_wconf 84' lang='lat' dir='ltr'><strong>denique</strong></span> <span class='ocrx_word' id='word_1_568' title='bbox 822 3944 1003 3984; x_wconf 87' lang='lat' dir='ltr'><strong>semen</strong></span> <span class='ocrx_word' id='word_1_569' title='bbox 1032 3930 1168 3983; x_wconf 88' lang='lat' dir='ltr'><strong>Esau</strong></span> <span class='ocrx_word' id='word_1_570' title='bbox 1196 3945 1372 3984; x_wconf 87' lang='lat' dir='ltr'><strong>semen</strong></span> <span class='ocrx_word' id='word_1_571' title='bbox 1417 3930 1559 3998; x_wconf 90' lang='lat' dir='ltr'><strong>impii</strong></span> <span class='ocrx_word' id='word_1_572' title='bbox 1589 3940 1726 3994; x_wconf 90' lang='lat' dir='ltr'><strong>erat,</strong></span> <span class='ocrx_word' id='word_1_573' title='bbox 1754 3938 1807 3982; x_wconf 89' lang='lat' dir='ltr'><strong>et</strong></span> 
     </span>
    </p>
   </div>
   <div class='ocr_carea' id='block_1_71' title="bbox 235 4018 1807 4097">
    <p class='ocr_par' dir='ltr' id='par_1_71' title="bbox 235 4018 1807 4097">
     <span class='ocr_line' id='line_1_71' title="bbox 235 4018 1807 4097; baseline -0.005 -15"><span class='ocrx_word' id='word_1_574' title='bbox 235 4031 445 4097; x_wconf 83' lang='lat' dir='ltr'><strong>utique</strong></span> <span class='ocrx_word' id='word_1_575' title='bbox 498 4039 606 4077; x_wconf 94' lang='lat' dir='ltr'><strong>non</strong></span> <span class='ocrx_word' id='word_1_576' title='bbox 639 4023 1045 4084; x_wconf 81' lang='lat' dir='ltr'><strong>exterminatur,</strong></span> <span class='ocrx_word' id='word_1_577' title='bbox 1080 4022 1172 4074; x_wconf 88' lang='lat' dir='ltr'><strong>sed</strong></span> <span class='ocrx_word' id='word_1_578' title='bbox 1222 4018 1586 4074; x_wconf 88' lang='lat' dir='ltr'><strong>manifestatus</strong></span> <span class='ocrx_word' id='word_1_579' title='bbox 1621 4021 1807 4085; x_wconf 85' lang='lat' dir='ltr'><strong>estju-</strong></span> 
     </span>
    </p>
   </div>
   <div class='ocr_carea' id='block_1_72' title="bbox 231 4111 1805 4178">
    <p class='ocr_par' dir='ltr' id='par_1_72' title="bbox 231 4111 1805 4178">
     <span class='ocr_line' id='line_1_72' title="bbox 231 4111 1805 4178; baseline -0.007 -4"><span class='ocrx_word' id='word_1_580' title='bbox 231 4131 367 4174; x_wconf 86' lang='lat' dir='ltr'><strong>stus</strong></span> <span class='ocrx_word' id='word_1_581' title='bbox 414 4133 447 4170; x_wconf 90' lang='lat' dir='ltr'><strong>a</strong></span> <span class='ocrx_word' id='word_1_582' title='bbox 503 4114 754 4176; x_wconf 90' lang='lat' dir='ltr'><strong>Domino,</strong></span> <span class='ocrx_word' id='word_1_583' title='bbox 783 4120 837 4165; x_wconf 90' lang='lat' dir='ltr'><strong>et</strong></span> <span class='ocrx_word' id='word_1_584' title='bbox 886 4111 1143 4178; x_wconf 85' lang='lat' dir='ltr'><strong>propheta</strong></span> <span class='ocrx_word' id='word_1_585' title='bbox 1176 4125 1294 4164; x_wconf 91' lang='lat' dir='ltr'><strong>esse</strong></span> <span class='ocrx_word' id='word_1_586' title='bbox 1331 4111 1629 4163; x_wconf 81' lang='lat' dir='ltr'><strong>ostenditur</strong></span> <span class='ocrx_word' id='word_1_587' title='bbox 1650 4149 1664 4171; x_wconf 89' lang='lat'><strong>,</strong></span> <span class='ocrx_word' id='word_1_588' title='bbox 1690 4120 1742 4163; x_wconf 92' lang='lat' dir='ltr'><strong>et</strong></span> <span class='ocrx_word' id='word_1_589' title='bbox 1773 4125 1805 4163; x_wconf 89' lang='lat' dir='ltr'><strong>a</strong></span> 
     </span>
    </p>
   </div>
   <div class='ocr_carea' id='block_1_73' title="bbox 234 4200 1807 4274">
    <p class='ocr_par' dir='ltr' id='par_1_73' title="bbox 234 4200 1807 4274">
     <span class='ocr_line' id='line_1_73' title="bbox 234 4200 1807 4274; baseline -0.006 -11"><span class='ocrx_word' id='word_1_590' title='bbox 234 4211 363 4263; x_wconf 89' lang='lat' dir='ltr'><strong>Deo</strong></span> <span class='ocrx_word' id='word_1_591' title='bbox 394 4219 566 4274; x_wconf 86' lang='lat' dir='ltr'><strong>supra</strong></span> <span class='ocrx_word' id='word_1_592' title='bbox 589 4218 775 4257; x_wconf 88' lang='lat' dir='ltr'><strong>omnes</strong></span> <span class='ocrx_word' id='word_1_593' title='bbox 793 4202 967 4269; x_wconf 88' lang='lat' dir='ltr'><strong>justos</strong></span> <span class='ocrx_word' id='word_1_594' title='bbox 989 4200 1273 4253; x_wconf 85' lang='lat' dir='ltr'><strong>collaudari</strong></span> <span class='ocrx_word' id='word_1_595' title='bbox 1297 4210 1547 4253; x_wconf 87' lang='lat' dir='ltr'><strong>meretur.</strong></span> <span class='ocrx_word' id='word_1_596' title='bbox 1578 4200 1679 4253; x_wconf 88' lang='lat' dir='ltr'><strong>Sed</strong></span> <span class='ocrx_word' id='word_1_597' title='bbox 1708 4201 1807 4253; x_wconf 92' lang='lat' dir='ltr'><strong>hoc</strong></span> 
     </span>
    </p>
   </div>
   <div class='ocr_carea' id='block_1_74' title="bbox 230 4288 1801 4366">
    <p class='ocr_par' dir='ltr' id='par_1_74' title="bbox 230 4288 1801 4366">
     <span class='ocr_line' id='line_1_74' title="bbox 230 4288 1801 4366; baseline -0.009 -13"><span class='ocrx_word' id='word_1_598' title='bbox 230 4310 330 4353; x_wconf 85' lang='lat' dir='ltr'><strong>est</strong></span> <span class='ocrx_word' id='word_1_599' title='bbox 361 4298 517 4366; x_wconf 92' lang='lat' dir='ltr'><strong>quod</strong></span> <span class='ocrx_word' id='word_1_600' title='bbox 565 4293 809 4361; x_wconf 83' lang='lat' dir='ltr'><strong>superius</strong></span> <span class='ocrx_word' id='word_1_601' title='bbox 839 4292 1089 4351; x_wconf 82' lang='lat' dir='ltr'><strong>diximus,</strong></span> <span class='ocrx_word' id='word_1_602' title='bbox 1121 4290 1245 4357; x_wconf 91' lang='lat' dir='ltr'><strong>quia</strong></span> <span class='ocrx_word' id='word_1_603' title='bbox 1275 4288 1413 4341; x_wconf 87' lang='lat' dir='ltr'><strong>sicut</strong></span> <span class='ocrx_word' id='word_1_604' title='bbox 1455 4303 1634 4341; x_wconf 86' lang='lat' dir='ltr'><strong>semen</strong></span> <span class='ocrx_word' id='word_1_605' title='bbox 1672 4289 1801 4356; x_wconf 89' lang='lat' dir='ltr'><strong>justi</strong></span> 
     </span>
    </p>
   </div>
   <div class='ocr_carea' id='block_1_75' title="bbox 228 4378 1802 4449">
    <p class='ocr_par' dir='ltr' id='par_1_75' title="bbox 228 4378 1802 4449">
     <span class='ocr_line' id='line_1_75' title="bbox 228 4378 1802 4449; baseline -0.008 -6"><span class='ocrx_word' id='word_1_606' title='bbox 228 4403 437 4443; x_wconf 84' lang='lat' dir='ltr'><strong>sermo</strong></span> <span class='ocrx_word' id='word_1_607' title='bbox 463 4393 520 4438; x_wconf 87' lang='lat' dir='ltr'><strong>et</strong></span> <span class='ocrx_word' id='word_1_608' title='bbox 542 4384 787 4438; x_wconf 89' lang='lat' dir='ltr'><strong>doctrina</strong></span> <span class='ocrx_word' id='word_1_609' title='bbox 827 4381 942 4449; x_wconf 89' lang='lat' dir='ltr'><strong>ejus</strong></span> <span class='ocrx_word' id='word_1_610' title='bbox 993 4392 1095 4442; x_wconf 89' lang='lat' dir='ltr'><strong>est,</strong></span> <span class='ocrx_word' id='word_1_611' title='bbox 1121 4380 1208 4446; x_wconf 92' lang='lat' dir='ltr'><strong>qui</strong></span> <span class='ocrx_word' id='word_1_612' title='bbox 1249 4392 1424 4431; x_wconf 89' lang='lat' dir='ltr'><strong>sermo</strong></span> <span class='ocrx_word' id='word_1_613' title='bbox 1450 4378 1521 4431; x_wconf 89' lang='lat' dir='ltr'><strong>ita</strong></span> <span class='ocrx_word' id='word_1_614' title='bbox 1553 4380 1722 4445; x_wconf 89' lang='lat' dir='ltr'><strong>pascit</strong></span> <span class='ocrx_word' id='word_1_615' title='bbox 1749 4388 1802 4431; x_wconf 89' lang='lat' dir='ltr'><strong>et</strong></span> 
     </span>
    </p>
   </div>
   <div class='ocr_carea' id='block_1_76' title="bbox 226 4465 1797 4535">
    <p class='ocr_par' dir='ltr' id='par_1_76' title="bbox 226 4465 1797 4535">
     <span class='ocr_line' id='line_1_76' title="bbox 226 4465 1797 4535; baseline -0.01 -4"><span class='ocrx_word' id='word_1_616' title='bbox 226 4476 432 4531; x_wconf 79' lang='lat' dir='ltr'><strong>reﬁcit</strong></span> <span class='ocrx_word' id='word_1_617' title='bbox 465 4473 703 4533; x_wconf 87' lang='lat' dir='ltr'><strong>animas,</strong></span> <span class='ocrx_word' id='word_1_618' title='bbox 751 4478 807 4521; x_wconf 91' lang='lat' dir='ltr'><strong>ut</strong></span> <span class='ocrx_word' id='word_1_619' title='bbox 837 4478 1096 4535; x_wconf 72' lang='lat' dir='ltr'><strong>negentur</strong></span> <span class='ocrx_word' id='word_1_620' title='bbox 1135 4466 1361 4533; x_wconf 85' lang='lat' dir='ltr'><strong>panibus</strong></span> <span class='ocrx_word' id='word_1_621' title='bbox 1398 4466 1651 4533; x_wconf 84' lang='lat' dir='ltr'><strong>indigere,</strong></span> <span class='ocrx_word' id='word_1_622' title='bbox 1676 4465 1797 4532; x_wconf 91' lang='lat' dir='ltr'><strong>quia</strong></span> 
     </span>
    </p>
   </div>
   <div class='ocr_carea' id='block_1_77' title="bbox 225 4556 1797 4629">
    <p class='ocr_par' dir='ltr' id='par_1_77' title="bbox 225 4556 1797 4629">
     <span class='ocr_line' id='line_1_77' title="bbox 225 4556 1797 4629; baseline -0.009 -9"><span class='ocrx_word' id='word_1_623' title='bbox 225 4566 504 4620; x_wconf 84' lang='lat' dir='ltr'><strong>Christus</strong></span> <span class='ocrx_word' id='word_1_624' title='bbox 532 4561 689 4629; x_wconf 86' lang='lat' dir='ltr'><strong>panis</strong></span> <span class='ocrx_word' id='word_1_625' title='bbox 714 4572 896 4612; x_wconf 91' lang='lat' dir='ltr'><strong>eorum</strong></span> <span class='ocrx_word' id='word_1_626' title='bbox 930 4568 1048 4610; x_wconf 89' lang='lat' dir='ltr'><strong>est:</strong></span> <span class='ocrx_word' id='word_1_627' title='bbox 1079 4558 1150 4609; x_wconf 90' lang='lat' dir='ltr'><strong>ita</strong></span> <span class='ocrx_word' id='word_1_628' title='bbox 1184 4571 1214 4610; x_wconf 94' lang='lat' dir='ltr'><strong>e</strong></span> <span class='ocrx_word' id='word_1_629' title='bbox 1242 4556 1512 4609; x_wconf 89' lang='lat' dir='ltr'><strong>contrario</strong></span> <span class='ocrx_word' id='word_1_630' title='bbox 1558 4556 1797 4608; x_wconf 87' lang='lat' dir='ltr'><strong>doctrina</strong></span> 
     </span>
    </p>
   </div>
   <div class='ocr_carea' id='block_1_78' title="bbox 224 4644 1798 4719">
    <p class='ocr_par' dir='ltr' id='par_1_78' title="bbox 224 4644 1798 4719">
     <span class='ocr_line' id='line_1_78' title="bbox 224 4644 1798 4719; baseline -0.008 -12"><span class='ocrx_word' id='word_1_631' title='bbox 224 4653 545 4719; x_wconf 82' lang='lat' dir='ltr'><strong>impiorum</strong></span> <span class='ocrx_word' id='word_1_632' title='bbox 570 4658 624 4702; x_wconf 89' lang='lat' dir='ltr'><strong>et</strong></span> <span class='ocrx_word' id='word_1_633' title='bbox 655 4661 834 4701; x_wconf 87' lang='lat' dir='ltr'><strong>sermo</strong></span> <span class='ocrx_word' id='word_1_634' title='bbox 856 4661 1032 4699; x_wconf 89' lang='lat' dir='ltr'><strong>semen</strong></span> <span class='ocrx_word' id='word_1_635' title='bbox 1061 4660 1242 4699; x_wconf 91' lang='lat' dir='ltr'><strong>eorum</strong></span> <span class='ocrx_word' id='word_1_636' title='bbox 1272 4652 1352 4697; x_wconf 92' lang='lat' dir='ltr'><strong>est</strong></span> <span class='ocrx_word' id='word_1_637' title='bbox 1382 4644 1520 4710; x_wconf 90' lang='lat' dir='ltr'><strong>quod</strong></span> <span class='ocrx_word' id='word_1_638' title='bbox 1544 4644 1798 4698; x_wconf 75' lang='lat' dir='ltr'><strong>exterrui-</strong></span> 
     </span>
    </p>
   </div>
   <div class='ocr_carea' id='block_1_79' title="bbox 225 4731 1796 4801">
    <p class='ocr_par' dir='ltr' id='par_1_79' title="bbox 225 4731 1796 4801">
     <span class='ocr_line' id='line_1_79' title="bbox 225 4731 1796 4801; baseline -0.004 -10"><span class='ocrx_word' id='word_1_639' title='bbox 225 4738 493 4792; x_wconf 85' lang='lat' dir='ltr'><strong>nandum</strong></span> <span class='ocrx_word' id='word_1_640' title='bbox 530 4735 750 4796; x_wconf 90' lang='lat' dir='ltr'><strong>dicitur,</strong></span> <span class='ocrx_word' id='word_1_641' title='bbox 789 4733 913 4801; x_wconf 88' lang='lat' dir='ltr'><strong>quia</strong></span> <span class='ocrx_word' id='word_1_642' title='bbox 954 4747 1019 4784; x_wconf 83' lang='lat' dir='ltr'><strong>ex</strong></span> <span class='ocrx_word' id='word_1_643' title='bbox 1044 4732 1272 4784; x_wconf 82' lang='lat' dir='ltr'><strong>falsitate</strong></span> <span class='ocrx_word' id='word_1_644' title='bbox 1314 4731 1661 4795; x_wconf 90' lang='lat' dir='ltr'><strong>compositum</strong></span> <span class='ocrx_word' id='word_1_645' title='bbox 1695 4741 1796 4794; x_wconf 92' lang='lat' dir='ltr'><strong>cst,</strong></span> 
     </span>
    </p>
   </div>
   <div class='ocr_carea' id='block_1_80' title="bbox 219 4819 1795 4886">
    <p class='ocr_par' dir='ltr' id='par_1_80' title="bbox 219 4819 1795 4886">
     <span class='ocr_line' id='line_1_80' title="bbox 219 4819 1795 4886; baseline -0.005 -6"><span class='ocrx_word' id='word_1_646' title='bbox 219 4835 297 4880; x_wconf 80' lang='lat' dir='ltr'><strong>et</strong></span> <span class='ocrx_word' id='word_1_647' title='bbox 346 4823 675 4878; x_wconf 87' lang='lat' dir='ltr'><strong>adveniente</strong></span> <span class='ocrx_word' id='word_1_648' title='bbox 703 4820 818 4873; x_wconf 90' lang='lat' dir='ltr'><strong>luce</strong></span> <span class='ocrx_word' id='word_1_649' title='bbox 846 4820 1099 4883; x_wconf 87' lang='lat' dir='ltr'><strong>veritatis,</strong></span> <span class='ocrx_word' id='word_1_650' title='bbox 1132 4827 1332 4871; x_wconf 89' lang='lat' dir='ltr'><strong>certum</strong></span> <span class='ocrx_word' id='word_1_651' title='bbox 1363 4825 1445 4871; x_wconf 89' lang='lat' dir='ltr'><strong>est</strong></span> <span class='ocrx_word' id='word_1_652' title='bbox 1476 4819 1599 4886; x_wconf 87' lang='lat' dir='ltr'><strong>quia</strong></span> <span class='ocrx_word' id='word_1_653' title='bbox 1644 4834 1795 4873; x_wconf 92' lang='lat' dir='ltr'><strong>men-</strong></span> 
     </span>
    </p>
   </div>
   <div class='ocr_carea' id='block_1_81' title="bbox 224 4912 1047 4979">
    <p class='ocr_par' dir='ltr' id='par_1_81' title="bbox 224 4912 1047 4979">
     <span class='ocr_line' id='line_1_81' title="bbox 224 4912 1047 4979; baseline -0.011 -8"><span class='ocrx_word' id='word_1_654' title='bbox 224 4916 390 4971; x_wconf 84' lang='lat' dir='ltr'><strong>dacii</strong></span> <span class='ocrx_word' id='word_1_655' title='bbox 435 4915 674 4977; x_wconf 73' lang='lat' dir='ltr'><strong>tenebrze</strong></span> <span class='ocrx_word' id='word_1_656' title='bbox 705 4912 1047 4979; x_wconf 87' lang='lat' dir='ltr'><strong>fugabuntur.</strong></span> 
     </span>
    </p>
   </div>
   <div class='ocr_carea' id='block_1_82' title="bbox 313 4994 1794 5065">
    <p class='ocr_par' dir='ltr' id='par_1_82' title="bbox 313 4994 1794 5065">
     <span class='ocr_line' id='line_1_82' title="bbox 313 4994 1794 5065; baseline -0.005 -5"><span class='ocrx_word' id='word_1_657' title='bbox 313 5007 372 5060; x_wconf 75' lang='grc'><strong>4.</strong></span> <span class='ocrx_word' id='word_1_658' title='bbox 394 5006 531 5059; x_wconf 81' lang='lat' dir='ltr'><strong>Tota</strong></span> <span class='ocrx_word' id='word_1_659' title='bbox 559 5004 646 5055; x_wconf 85' lang='lat' dir='ltr'><strong>die</strong></span> <span class='ocrx_word' id='word_1_660' title='bbox 668 5002 938 5053; x_wconf 80' lang='lat' dir='ltr'><strong>miseretur</strong></span> <span class='ocrx_word' id='word_1_661' title='bbox 958 5009 1003 5050; x_wconf 89' lang='lat' dir='ltr'><strong>et</strong></span> <span class='ocrx_word' id='word_1_662' title='bbox 1035 4999 1248 5065; x_wconf 69' lang='lat' dir='ltr'><strong>fleuerat</strong></span> <span class='ocrx_word' id='word_1_663' title='bbox 1277 4996 1338 5047; x_wconf 81' lang='grc' dir='ltr'><strong>³ο.</strong></span> <span class='ocrx_word' id='word_1_664' title='bbox 1365 4994 1545 5049; x_wconf 82' lang='lat' dir='ltr'><strong>Justus</strong></span> <span class='ocrx_word' id='word_1_665' title='bbox 1569 5007 1681 5051; x_wconf 90' lang='lat' dir='ltr'><strong>tota</strong></span> <span class='ocrx_word' id='word_1_666' title='bbox 1711 4999 1794 5053; x_wconf 88' lang='lat' dir='ltr'><strong>die</strong></span> 
     </span>
    </p>
   </div>
   <div class='ocr_carea' id='block_1_83' title="bbox 222 5086 1796 5155">
    <p class='ocr_par' dir='ltr' id='par_1_83' title="bbox 222 5086 1796 5155">
     <span class='ocr_line' id='line_1_83' title="bbox 222 5086 1796 5155; baseline -0.007 -2"><span class='ocrx_word' id='word_1_667' title='bbox 222 5099 567 5155; x_wconf 75' lang='lat' dir='ltr'><strong>miseretur,</strong></span> <span class='ocrx_word' id='word_1_668' title='bbox 606 5101 662 5145; x_wconf 90' lang='lat' dir='ltr'><strong>et</strong></span> <span class='ocrx_word' id='word_1_669' title='bbox 695 5098 804 5144; x_wconf 90' lang='lat' dir='ltr'><strong>tota</strong></span> <span class='ocrx_word' id='word_1_670' title='bbox 851 5090 934 5143; x_wconf 87' lang='lat' dir='ltr'><strong>die</strong></span> <span class='ocrx_word' id='word_1_671' title='bbox 976 5090 1164 5143; x_wconf 90' lang='lat' dir='ltr'><strong>dicitur</strong></span> <span class='ocrx_word' id='word_1_672' title='bbox 1213 5086 1509 5140; x_wconf 77' lang='lat' dir='ltr'><strong>fmnerare:</strong></span> <span class='ocrx_word' id='word_1_673' title='bbox 1549 5087 1616 5138; x_wconf 90' lang='lat' dir='ltr'><strong>ad</strong></span> <span class='ocrx_word' id='word_1_674' title='bbox 1665 5089 1796 5141; x_wconf 90' lang='lat' dir='ltr'><strong>nihil</strong></span> 
     </span>
    </p>
   </div>
   <div class='ocr_carea' id='block_1_84' title="bbox 221 5172 1796 5241">
    <p class='ocr_par' dir='ltr' id='par_1_84' title="bbox 221 5172 1796 5241">
     <span class='ocr_line' id='line_1_84' title="bbox 221 5172 1796 5241; baseline -0.006 -2"><span class='ocrx_word' id='word_1_675' title='bbox 221 5183 398 5241; x_wconf 85' lang='lat' dir='ltr'><strong>aliud</strong></span> <span class='ocrx_word' id='word_1_676' title='bbox 434 5189 594 5234; x_wconf 84' lang='lat' dir='ltr'><strong>vacat</strong></span> <span class='ocrx_word' id='word_1_677' title='bbox 617 5179 718 5233; x_wconf 89' lang='lat' dir='ltr'><strong>nisi</strong></span> <span class='ocrx_word' id='word_1_678' title='bbox 742 5188 799 5232; x_wconf 92' lang='lat' dir='ltr'><strong>ut</strong></span> <span class='ocrx_word' id='word_1_679' title='bbox 821 5179 1047 5231; x_wconf 69' lang='lat' dir='ltr'><strong>fieneret</strong></span> <span class='ocrx_word' id='word_1_680' title='bbox 1074 5178 1137 5230; x_wconf 89' lang='lat' dir='ltr'><strong>de</strong></span> <span class='ocrx_word' id='word_1_681' title='bbox 1163 5188 1224 5227; x_wconf 82' lang='lat' dir='ltr'><strong>ea</strong></span> <span class='ocrx_word' id='word_1_682' title='bbox 1264 5172 1481 5239; x_wconf 89' lang='lat' dir='ltr'><strong>pecunia</strong></span> <span class='ocrx_word' id='word_1_683' title='bbox 1519 5189 1649 5241; x_wconf 67' lang='lat' dir='ltr'><strong>quae</strong></span> <span class='ocrx_word' id='word_1_684' title='bbox 1695 5176 1796 5229; x_wconf 89' lang='lat' dir='ltr'><strong>sibi</strong></span> 
     </span>
    </p>
   </div>
   <div class='ocr_carea' id='block_1_85' title="bbox 220 5260 1798 5335">
    <p class='ocr_par' dir='ltr' id='par_1_85' title="bbox 220 5260 1798 5335">
     <span class='ocr_line' id='line_1_85' title="bbox 220 5260 1798 5335; baseline -0.006 -7"><span class='ocrx_word' id='word_1_685' title='bbox 220 5274 514 5329; x_wconf 80' lang='lat' dir='ltr'><strong>abundat.</strong></span> <span class='ocrx_word' id='word_1_686' title='bbox 546 5270 793 5335; x_wconf 87' lang='lat' dir='ltr'><strong>Nunquid</strong></span> <span class='ocrx_word' id='word_1_687' title='bbox 828 5276 882 5320; x_wconf 89' lang='lat' dir='ltr'><strong>et</strong></span> <span class='ocrx_word' id='word_1_688' title='bbox 915 5268 998 5320; x_wconf 89' lang='lat' dir='ltr'><strong>hic</strong></span> <span class='ocrx_word' id='word_1_689' title='bbox 1022 5268 1121 5318; x_wconf 89' lang='lat' dir='ltr'><strong>hoc</strong></span> <span class='ocrx_word' id='word_1_690' title='bbox 1152 5260 1437 5330; x_wconf 89' lang='lat' dir='ltr'><strong>putabitur,</strong></span> <span class='ocrx_word' id='word_1_691' title='bbox 1459 5264 1590 5328; x_wconf 90' lang='lat' dir='ltr'><strong>quia</strong></span> <span class='ocrx_word' id='word_1_692' title='bbox 1623 5265 1798 5329; x_wconf 83' lang='lat' dir='ltr'><strong>justus</strong></span> 
     </span>
    </p>
   </div>
   <div class='ocr_carea' id='block_1_86' title="bbox 222 5351 1795 5423">
    <p class='ocr_par' dir='ltr' id='par_1_86' title="bbox 222 5351 1795 5423">
     <span class='ocr_line' id='line_1_86' title="bbox 222 5351 1795 5423; baseline -0.007 -4"><span class='ocrx_word' id='word_1_693' title='bbox 222 5375 362 5423; x_wconf 70' lang='lat' dir='ltr'><strong>tota</strong></span> <span class='ocrx_word' id='word_1_694' title='bbox 404 5364 495 5417; x_wconf 92' lang='lat' dir='ltr'><strong>die</strong></span> <span class='ocrx_word' id='word_1_695' title='bbox 547 5362 731 5415; x_wconf 88' lang='lat' dir='ltr'><strong>sedeat</strong></span> <span class='ocrx_word' id='word_1_696' title='bbox 768 5359 835 5412; x_wconf 90' lang='lat' dir='ltr'><strong>ad</strong></span> <span class='ocrx_word' id='word_1_697' title='bbox 882 5369 1130 5417; x_wconf 90' lang='lat' dir='ltr'><strong>mensam,</strong></span> <span class='ocrx_word' id='word_1_698' title='bbox 1158 5361 1211 5405; x_wconf 91' lang='lat' dir='ltr'><strong>et</strong></span> <span class='ocrx_word' id='word_1_699' title='bbox 1254 5351 1444 5403; x_wconf 87' lang='lat' dir='ltr'><strong>habens</strong></span> <span class='ocrx_word' id='word_1_700' title='bbox 1489 5355 1795 5421; x_wconf 89' lang='lat' dir='ltr'><strong>pecuniam</strong></span> 
     </span>
    </p>
   </div>
   <div class='ocr_carea' id='block_1_87' title="bbox 350 5484 2440 5592">
    <p class='ocr_par' dir='ltr' id='par_1_87' title="bbox 350 5484 2440 5592">
     <span class='ocr_line' id='line_1_87' title="bbox 350 5484 2440 5592; baseline -0.008 -3"><span class='ocrx_word' id='word_1_701' title='bbox 350 5484 569 5592; x_wconf 60' lang='lat' dir='ltr'><strong>&quot;Cen.</strong></span> <span class='ocrx_word' id='word_1_702' title='bbox 611 5533 700 5588; x_wconf 68' lang='grc' dir='ltr'><strong>ΩΙ.</strong></span> <span class='ocrx_word' id='word_1_703' title='bbox 772 5533 814 5564; x_wconf 81' lang='grc'><strong>’⁷</strong></span> <span class='ocrx_word' id='word_1_704' title='bbox 861 5530 987 5585; x_wconf 87' lang='lat' dir='ltr'><strong>Gen.</strong></span> <span class='ocrx_word' id='word_1_705' title='bbox 1039 5535 1156 5579; x_wconf 76' lang='lat' dir='ltr'><strong>xxv.</strong></span> <span class='ocrx_word' id='word_1_706' title='bbox 1235 5516 1452 5592; x_wconf 44' lang='lat'><strong>&quot;.1989.</strong></span> <span class='ocrx_word' id='word_1_707' title='bbox 1513 5537 1649 5587; x_wconf 80' lang='grc' dir='ltr'><strong>νιη,</strong></span> <span class='ocrx_word' id='word_1_708' title='bbox 1704 5526 1796 5580; x_wconf 80' lang='lat'><strong>39.</strong></span> <span class='ocrx_word' id='word_1_709' title='bbox 1873 5530 1917 5560; x_wconf 81' lang='lat'><strong>&quot;</strong></span> <span class='ocrx_word' id='word_1_710' title='bbox 1957 5527 2093 5583; x_wconf 82' lang='lat' dir='ltr'><strong>Psal.</strong></span> <span class='ocrx_word' id='word_1_711' title='bbox 2126 5539 2319 5584; x_wconf 72' lang='lat' dir='ltr'><strong>xxxvi,</strong></span> <span class='ocrx_word' id='word_1_712' title='bbox 2349 5521 2440 5592; x_wconf 64' lang='lat'><strong>28.</strong></span> 
     </span>
    </p>
   </div>
   <div class='ocr_carea' id='block_1_88' title="bbox 224 5584 1807 5668">
    <p class='ocr_par' dir='ltr' id='par_1_88' title="bbox 224 5584 1798 5668">
     <span class='ocr_line' id='line_1_88' title="bbox 224 5584 1798 5668; baseline -0.013 -4"><span class='ocrx_word' id='word_1_713' title='bbox 224 5610 285 5640; x_wconf 78' lang='lat'><strong><em>”</em></strong></span> <span class='ocrx_word' id='word_1_714' title='bbox 327 5584 781 5668; x_wconf 50' lang='grc' dir='ltr'><strong>Μειῖιῖξᾶιέιῖίυ.</strong></span> <span class='ocrx_word' id='word_1_715' title='bbox 854 5584 896 5631; x_wconf 76' lang='grc'><strong>³³</strong></span> <span class='ocrx_word' id='word_1_716' title='bbox 922 5594 1051 5650; x_wconf 88' lang='lat' dir='ltr'><strong>Psal.</strong></span> <span class='ocrx_word' id='word_1_717' title='bbox 1088 5598 1268 5649; x_wconf 68' lang='lat' dir='ltr'><strong>xxx&quot;,</strong></span> <span class='ocrx_word' id='word_1_718' title='bbox 1293 5584 1377 5650; x_wconf 83' lang='lat'><strong>25,</strong></span> <span class='ocrx_word' id='word_1_719' title='bbox 1402 5588 1483 5644; x_wconf 82' lang='lat'><strong>26.</strong></span> <span class='ocrx_word' id='word_1_720' title='bbox 1573 5584 1798 5650; x_wconf 62' lang='lat' dir='ltr'><strong>“ibid.</strong></span> 
     </span>
    </p>
   </div>
   <div class='ocr_carea' id='block_1_89' title="bbox 1909 5584 2829 5668">
    <p class='ocr_par' dir='ltr' id='par_1_89' title="bbox 1912 5584 2829 5651">
     <span class='ocr_line' id='line_1_89' title="bbox 1912 5584 2829 5651; baseline -0.025 0"><span class='ocrx_word' id='word_1_721' title='bbox 1912 5634 1929 5651; x_wconf 94' lang='lat'><strong>.</strong></span> <span class='ocrx_word' id='word_1_722' title='bbox 2002 5595 2045 5627; x_wconf 85' lang='grc'><strong>³⁸</strong></span> <span class='ocrx_word' id='word_1_723' title='bbox 2075 5593 2203 5647; x_wconf 88' lang='lat' dir='ltr'><strong>ibid.</strong></span> <span class='ocrx_word' id='word_1_724' title='bbox 2233 5593 2320 5644; x_wconf 78' lang='lat'><strong>28.</strong></span> <span class='ocrx_word' id='word_1_725' title='bbox 2395 5589 2437 5618; x_wconf 78' lang='lat'><strong>&#39;°</strong></span> <span class='ocrx_word' id='word_1_726' title='bbox 2471 5584 2627 5638; x_wconf 85' lang='lat' dir='ltr'><strong>Eccli.</strong></span> <span class='ocrx_word' id='word_1_727' title='bbox 2662 5591 2829 5638; x_wconf 78' lang='lat' dir='ltr'><strong>xxxii,</strong></span> 
     </span>
    </p>
   </div>
   <div class='ocr_carea' id='block_1_90' title="bbox 1974 3121 3434 3190">
    <p class='ocr_par' dir='ltr' id='par_1_90' title="bbox 1974 3121 3434 3190">
     <span class='ocr_line' id='line_1_90' title="bbox 1974 3121 3434 3190; baseline 0 -15"><span class='ocrx_word' id='word_1_728' title='bbox 1974 3122 2028 3175; x_wconf 84' lang='lat'><strong>5.</strong></span> <span class='ocrx_word' id='word_1_729' title='bbox 2067 3122 2275 3175; x_wconf 69' lang='lat' dir='ltr'><strong>Iuvenis</strong></span> <span class='ocrx_word' id='word_1_730' title='bbox 2295 3138 2386 3190; x_wconf 88' lang='lat' dir='ltr'><strong>ego</strong></span> <span class='ocrx_word' id='word_1_731' title='bbox 2412 3123 2510 3190; x_wconf 77' lang='lat' dir='ltr'><strong>fui,</strong></span> <span class='ocrx_word' id='word_1_732' title='bbox 2539 3134 2584 3175; x_wconf 89' lang='lat' dir='ltr'><strong>et</strong></span> <span class='ocrx_word' id='word_1_733' title='bbox 2613 3123 2776 3186; x_wconf 86' lang='lat' dir='ltr'><strong>senui,</strong></span> <span class='ocrx_word' id='word_1_734' title='bbox 2807 3131 2853 3173; x_wconf 86' lang='lat' dir='ltr'><strong>et</strong></span> <span class='ocrx_word' id='word_1_735' title='bbox 2877 3137 2979 3174; x_wconf 86' lang='lat' dir='ltr'><strong>non</strong></span> <span class='ocrx_word' id='word_1_736' title='bbox 3002 3121 3105 3174; x_wconf 84' lang='lat' dir='ltr'><strong>vidi</strong></span> <span class='ocrx_word' id='word_1_737' title='bbox 3123 3121 3320 3189; x_wconf 75' lang='lat' dir='ltr'><strong>justum</strong></span> <span class='ocrx_word' id='word_1_738' title='bbox 3342 3122 3434 3175; x_wconf 81' lang='lat' dir='ltr'><strong>de-</strong></span> 
     </span>
    </p>
   </div>
   <div class='ocr_carea' id='block_1_91' title="bbox 1907 3211 3440 3278">
    <p class='ocr_par' dir='ltr' id='par_1_91' title="bbox 1907 3211 3440 3278">
     <span class='ocr_line' id='line_1_91' title="bbox 1907 3211 3440 3278; baseline -0.001 -12"><span class='ocrx_word' id='word_1_739' title='bbox 1907 3214 2160 3276; x_wconf 83' lang='lat' dir='ltr'><strong>relictum,</strong></span> <span class='ocrx_word' id='word_1_740' title='bbox 2182 3228 2271 3263; x_wconf 85' lang='lat' dir='ltr'><strong>nec</strong></span> <span class='ocrx_word' id='word_1_741' title='bbox 2294 3228 2460 3263; x_wconf 86' lang='lat' dir='ltr'><strong>semen</strong></span> <span class='ocrx_word' id='word_1_742' title='bbox 2475 3212 2587 3278; x_wconf 79' lang='lat' dir='ltr'><strong>ejus</strong></span> <span class='ocrx_word' id='word_1_743' title='bbox 2607 3227 2837 3278; x_wconf 74' lang='lat' dir='ltr'><strong>qumrens</strong></span> <span class='ocrx_word' id='word_1_744' title='bbox 2864 3226 3045 3277; x_wconf 83' lang='lat' dir='ltr'><strong>panem</strong></span> <span class='ocrx_word' id='word_1_745' title='bbox 3075 3228 3090 3263; x_wconf 91' lang='lat'><strong>:</strong></span> <span class='ocrx_word' id='word_1_746' title='bbox 3119 3220 3223 3263; x_wconf 85' lang='lat' dir='ltr'><strong>tota</strong></span> <span class='ocrx_word' id='word_1_747' title='bbox 3243 3211 3326 3265; x_wconf 80' lang='lat' dir='ltr'><strong>die</strong></span> <span class='ocrx_word' id='word_1_748' title='bbox 3341 3214 3440 3265; x_wconf 83' lang='lat' dir='ltr'><strong>mi-</strong></span> 
     </span>
    </p>
   </div>
   <div class='ocr_carea' id='block_1_92' title="bbox 1905 3298 3435 3367">
    <p class='ocr_par' dir='ltr' id='par_1_92' title="bbox 1905 3298 3435 3367">
     <span class='ocr_line' id='line_1_92' title="bbox 1905 3298 3435 3367; baseline -0.001 -11"><span class='ocrx_word' id='word_1_749' title='bbox 1905 3312 2103 3356; x_wconf 80' lang='lat' dir='ltr'><strong>seretur</strong></span> <span class='ocrx_word' id='word_1_750' title='bbox 2139 3312 2185 3354; x_wconf 88' lang='lat' dir='ltr'><strong>et</strong></span> <span class='ocrx_word' id='word_1_751' title='bbox 2221 3299 2433 3367; x_wconf 75' lang='lat' dir='ltr'><strong>{wnerat</strong></span> <span class='ocrx_word' id='word_1_752' title='bbox 2473 3299 2536 3353; x_wconf 86' lang='grc'><strong>³³.</strong></span> <span class='ocrx_word' id='word_1_753' title='bbox 2566 3299 2620 3350; x_wconf 89' lang='grc' dir='ltr'><strong>1η</strong></span> <span class='ocrx_word' id='word_1_754' title='bbox 2655 3299 3016 3363; x_wconf 83' lang='lat' dir='ltr'><strong>superioribus</strong></span> <span class='ocrx_word' id='word_1_755' title='bbox 3064 3298 3279 3362; x_wconf 91' lang='lat' dir='ltr'><strong>dicitur,</strong></span> <span class='ocrx_word' id='word_1_756' title='bbox 3313 3303 3435 3367; x_wconf 88' lang='lat' dir='ltr'><strong>quia</strong></span> 
     </span>
    </p>
   </div>
   <div class='ocr_carea' id='block_1_93' title="bbox 1907 3383 3438 3454">
    <p class='ocr_par' dir='ltr' id='par_1_93' title="bbox 1907 3383 3438 3454">
     <span class='ocr_line' id='line_1_93' title="bbox 1907 3383 3438 3454; baseline -0.002 -11"><span class='ocrx_word' id='word_1_757' title='bbox 1907 3397 2174 3443; x_wconf 89' lang='lat' dir='ltr'><strong>mutuatur</strong></span> <span class='ocrx_word' id='word_1_758' title='bbox 2216 3398 2461 3454; x_wconf 88' lang='lat' dir='ltr'><strong>peccator</strong></span> <span class='ocrx_word' id='word_1_759' title='bbox 2513 3396 2566 3439; x_wconf 94' lang='lat' dir='ltr'><strong>et</strong></span> <span class='ocrx_word' id='word_1_760' title='bbox 2612 3400 2715 3437; x_wconf 91' lang='lat' dir='ltr'><strong>non</strong></span> <span class='ocrx_word' id='word_1_761' title='bbox 2755 3383 2926 3437; x_wconf 88' lang='lat' dir='ltr'><strong>reddit</strong></span> <span class='ocrx_word' id='word_1_762' title='bbox 2958 3401 2970 3436; x_wconf 93' lang='lat'>:</span> <span class='ocrx_word' id='word_1_763' title='bbox 3009 3384 3095 3436; x_wconf 92' lang='lat' dir='ltr'><strong>hic</strong></span> <span class='ocrx_word' id='word_1_764' title='bbox 3124 3385 3438 3451; x_wconf 86' lang='lat' dir='ltr'><strong>quiajustns</strong></span> 
     </span>
    </p>
   </div>
   <div class='ocr_carea' id='block_1_94' title="bbox 1906 3471 3439 3538">
    <p class='ocr_par' dir='ltr' id='par_1_94' title="bbox 1906 3471 3439 3538">
     <span class='ocr_line' id='line_1_94' title="bbox 1906 3471 3439 3538; baseline -0.005 -6"><span class='ocrx_word' id='word_1_765' title='bbox 1906 3487 2010 3532; x_wconf 89' lang='lat' dir='ltr'><strong>tota</strong></span> <span class='ocrx_word' id='word_1_766' title='bbox 2036 3478 2120 3530; x_wconf 90' lang='lat' dir='ltr'><strong>die</strong></span> <span class='ocrx_word' id='word_1_767' title='bbox 2148 3479 2426 3529; x_wconf 87' lang='lat' dir='ltr'><strong>miseretur</strong></span> <span class='ocrx_word' id='word_1_768' title='bbox 2448 3484 2503 3527; x_wconf 92' lang='lat' dir='ltr'><strong>et</strong></span> <span class='ocrx_word' id='word_1_769' title='bbox 2531 3474 2773 3527; x_wconf 78' lang='lat' dir='ltr'><strong>fcenerat.</strong></span> <span class='ocrx_word' id='word_1_770' title='bbox 2795 3472 2860 3524; x_wconf 88' lang='lat' dir='ltr'><strong>Et</strong></span> <span class='ocrx_word' id='word_1_771' title='bbox 2896 3471 3011 3523; x_wconf 87' lang='lat' dir='ltr'><strong>vide</strong></span> <span class='ocrx_word' id='word_1_772' title='bbox 3031 3486 3187 3538; x_wconf 90' lang='lat' dir='ltr'><strong>quam</strong></span> <span class='ocrx_word' id='word_1_773' title='bbox 3225 3473 3274 3525; x_wconf 91' lang='lat' dir='ltr'><strong>in</strong></span> <span class='ocrx_word' id='word_1_774' title='bbox 3309 3489 3439 3528; x_wconf 80' lang='lat' dir='ltr'><strong>con-</strong></span> 
     </span>
    </p>
   </div>
   <div class='ocr_carea' id='block_1_95' title="bbox 1905 3558 3437 3631">
    <p class='ocr_par' dir='ltr' id='par_1_95' title="bbox 1905 3558 3437 3631">
     <span class='ocr_line' id='line_1_95' title="bbox 1905 3558 3437 3631; baseline -0.003 -13"><span class='ocrx_word' id='word_1_775' title='bbox 1905 3566 2084 3618; x_wconf 89' lang='lat' dir='ltr'><strong>trariis</strong></span> <span class='ocrx_word' id='word_1_776' title='bbox 2113 3578 2266 3631; x_wconf 88' lang='lat' dir='ltr'><strong>pares</strong></span> <span class='ocrx_word' id='word_1_777' title='bbox 2291 3564 2415 3617; x_wconf 90' lang='lat' dir='ltr'><strong>sint.</strong></span> <span class='ocrx_word' id='word_1_778' title='bbox 2441 3561 2694 3614; x_wconf 76' lang='lat' dir='ltr'><strong>Pet-calor</strong></span> <span class='ocrx_word' id='word_1_779' title='bbox 2725 3573 2826 3610; x_wconf 92' lang='lat' dir='ltr'><strong>non</strong></span> <span class='ocrx_word' id='word_1_780' title='bbox 2856 3558 3025 3612; x_wconf 91' lang='lat' dir='ltr'><strong>solum</strong></span> <span class='ocrx_word' id='word_1_781' title='bbox 3070 3570 3250 3612; x_wconf 90' lang='lat' dir='ltr'><strong>mutuo</strong></span> <span class='ocrx_word' id='word_1_782' title='bbox 3296 3563 3437 3614; x_wconf 90' lang='lat' dir='ltr'><strong>acci-</strong></span> 
     </span>
    </p>
   </div>
   <div class='ocr_carea' id='block_1_96' title="bbox 1904 3647 3434 3724">
    <p class='ocr_par' dir='ltr' id='par_1_96' title="bbox 1904 3647 3434 3724">
     <span class='ocr_line' id='line_1_96' title="bbox 1904 3647 3434 3724; baseline -0.002 -17"><span class='ocrx_word' id='word_1_783' title='bbox 1904 3656 2002 3724; x_wconf 90' lang='lat' dir='ltr'><strong>pit,</strong></span> <span class='ocrx_word' id='word_1_784' title='bbox 2026 3656 2116 3708; x_wconf 87' lang='lat' dir='ltr'><strong>sed</strong></span> <span class='ocrx_word' id='word_1_785' title='bbox 2144 3663 2199 3706; x_wconf 90' lang='lat' dir='ltr'><strong>et</strong></span> <span class='ocrx_word' id='word_1_786' title='bbox 2227 3668 2345 3706; x_wconf 91' lang='lat' dir='ltr'><strong>cum</strong></span> <span class='ocrx_word' id='word_1_787' title='bbox 2380 3649 2644 3717; x_wconf 82' lang='lat' dir='ltr'><strong>acceperit</strong></span> <span class='ocrx_word' id='word_1_788' title='bbox 2672 3663 2774 3699; x_wconf 91' lang='lat' dir='ltr'><strong>non</strong></span> <span class='ocrx_word' id='word_1_789' title='bbox 2810 3648 2979 3700; x_wconf 89' lang='lat' dir='ltr'><strong>reddit</strong></span> <span class='ocrx_word' id='word_1_790' title='bbox 3013 3664 3027 3699; x_wconf 90' lang='lat'><strong>:</strong></span> <span class='ocrx_word' id='word_1_791' title='bbox 3055 3647 3229 3715; x_wconf 88' lang='lat' dir='ltr'><strong>justus</strong></span> <span class='ocrx_word' id='word_1_792' title='bbox 3257 3660 3434 3704; x_wconf 83' lang='lat' dir='ltr'><strong>autem</strong></span> 
     </span>
    </p>
   </div>
   <div class='ocr_carea' id='block_1_97' title="bbox 1905 3737 3434 3804">
    <p class='ocr_par' dir='ltr' id='par_1_97' title="bbox 1905 3737 3434 3804">
     <span class='ocr_line' id='line_1_97' title="bbox 1905 3737 3434 3804; baseline -0.005 -6"><span class='ocrx_word' id='word_1_793' title='bbox 1905 3760 2007 3798; x_wconf 92' lang='lat' dir='ltr'><strong>non</strong></span> <span class='ocrx_word' id='word_1_794' title='bbox 2044 3744 2212 3797; x_wconf 90' lang='lat' dir='ltr'><strong>solum</strong></span> <span class='ocrx_word' id='word_1_795' title='bbox 2256 3751 2437 3794; x_wconf 90' lang='lat' dir='ltr'><strong>mutuo</strong></span> <span class='ocrx_word' id='word_1_796' title='bbox 2477 3754 2579 3791; x_wconf 91' lang='lat' dir='ltr'><strong>non</strong></span> <span class='ocrx_word' id='word_1_797' title='bbox 2614 3737 2827 3804; x_wconf 83' lang='lat' dir='ltr'><strong>accipit,</strong></span> <span class='ocrx_word' id='word_1_798' title='bbox 2856 3738 2946 3789; x_wconf 90' lang='lat' dir='ltr'><strong>sed</strong></span> <span class='ocrx_word' id='word_1_799' title='bbox 2987 3744 3040 3789; x_wconf 90' lang='lat' dir='ltr'><strong>et</strong></span> <span class='ocrx_word' id='word_1_800' title='bbox 3073 3737 3299 3790; x_wconf 76' lang='lat' dir='ltr'><strong>fmnerat</strong></span> <span class='ocrx_word' id='word_1_801' title='bbox 3336 3756 3348 3792; x_wconf 90' lang='lat'><strong>:</strong></span> <span class='ocrx_word' id='word_1_802' title='bbox 3379 3750 3434 3792; x_wconf 85' lang='lat' dir='ltr'><strong>et</strong></span> 
     </span>
    </p>
   </div>
   <div class='ocr_carea' id='block_1_98' title="bbox 1904 3824 3431 3890">
    <p class='ocr_par' dir='ltr' id='par_1_98' title="bbox 1904 3824 3431 3890">
     <span class='ocr_line' id='line_1_98' title="bbox 1904 3824 3431 3890; baseline -0.005 -3"><span class='ocrx_word' id='word_1_803' title='bbox 1904 3849 2007 3887; x_wconf 87' lang='lat' dir='ltr'><strong>non</strong></span> <span class='ocrx_word' id='word_1_804' title='bbox 2035 3832 2209 3886; x_wconf 91' lang='lat' dir='ltr'><strong>solum</strong></span> <span class='ocrx_word' id='word_1_805' title='bbox 2239 3829 2404 3883; x_wconf 88' lang='lat' dir='ltr'><strong>semel</strong></span> <span class='ocrx_word' id='word_1_806' title='bbox 2434 3827 2513 3881; x_wconf 85' lang='lat' dir='ltr'><strong>vel</strong></span> <span class='ocrx_word' id='word_1_807' title='bbox 2547 3826 2650 3888; x_wconf 89' lang='lat' dir='ltr'><strong>bis,</strong></span> <span class='ocrx_word' id='word_1_808' title='bbox 2672 3825 2764 3878; x_wconf 87' lang='lat' dir='ltr'><strong>sed</strong></span> <span class='ocrx_word' id='word_1_809' title='bbox 2793 3833 2900 3879; x_wconf 90' lang='lat' dir='ltr'><strong>tota</strong></span> <span class='ocrx_word' id='word_1_810' title='bbox 2932 3824 3016 3878; x_wconf 89' lang='lat' dir='ltr'><strong>die</strong></span> <span class='ocrx_word' id='word_1_811' title='bbox 3047 3824 3299 3890; x_wconf 68' lang='lat' dir='ltr'><strong>insuerat,</strong></span> <span class='ocrx_word' id='word_1_812' title='bbox 3330 3824 3431 3880; x_wconf 79' lang='lat' dir='ltr'><strong>lioc</strong></span> 
     </span>
    </p>
   </div>
   <div class='ocr_carea' id='block_1_99' title="bbox 1904 3915 3432 3984">
    <p class='ocr_par' dir='ltr' id='par_1_99' title="bbox 1904 3915 3432 3984">
     <span class='ocr_line' id='line_1_99' title="bbox 1904 3915 3432 3984; baseline -0.006 -7"><span class='ocrx_word' id='word_1_813' title='bbox 1904 3933 1985 3976; x_wconf 89' lang='lat' dir='ltr'><strong>est</strong></span> <span class='ocrx_word' id='word_1_814' title='bbox 2023 3931 2131 3974; x_wconf 88' lang='lat' dir='ltr'><strong>toto</strong></span> <span class='ocrx_word' id='word_1_815' title='bbox 2156 3922 2274 3972; x_wconf 74' lang='lat' dir='ltr'><strong>vita:</strong></span> <span class='ocrx_word' id='word_1_816' title='bbox 2301 3933 2409 3971; x_wconf 65' lang='lat' dir='ltr'><strong>suae</strong></span> <span class='ocrx_word' id='word_1_817' title='bbox 2433 3926 2663 3984; x_wconf 88' lang='lat' dir='ltr'><strong>tempore</strong></span> <span class='ocrx_word' id='word_1_818' title='bbox 2682 3916 2950 3968; x_wconf 87' lang='lat' dir='ltr'><strong>foenerans</strong></span> <span class='ocrx_word' id='word_1_819' title='bbox 2971 3915 3270 3978; x_wconf 87' lang='lat' dir='ltr'><strong>miseretur,</strong></span> <span class='ocrx_word' id='word_1_820' title='bbox 3294 3915 3432 3968; x_wconf 86' lang='lat' dir='ltr'><strong>unde</strong></span> 
     </span>
    </p>
   </div>
   <div class='ocr_carea' id='block_1_100' title="bbox 1903 4005 2849 4076">
    <p class='ocr_par' dir='ltr' id='par_1_100' title="bbox 1903 4005 2849 4076">
     <span class='ocr_line' id='line_1_100' title="bbox 1903 4005 2849 4076; baseline -0.012 -12"><span class='ocrx_word' id='word_1_821' title='bbox 1903 4021 1948 4065; x_wconf 87' lang='lat' dir='ltr'><strong>et</strong></span> <span class='ocrx_word' id='word_1_822' title='bbox 1972 4026 2141 4063; x_wconf 85' lang='lat' dir='ltr'><strong>semen</strong></span> <span class='ocrx_word' id='word_1_823' title='bbox 2161 4009 2274 4076; x_wconf 85' lang='lat' dir='ltr'><strong>ejus</strong></span> <span class='ocrx_word' id='word_1_824' title='bbox 2289 4008 2341 4060; x_wconf 89' lang='lat' dir='ltr'><strong>in</strong></span> <span class='ocrx_word' id='word_1_825' title='bbox 2363 4005 2710 4059; x_wconf 78' lang='lat' dir='ltr'><strong>benedictione</strong></span> <span class='ocrx_word' id='word_1_826' title='bbox 2730 4005 2849 4055; x_wconf 83' lang='lat' dir='ltr'><strong>erit.</strong></span> 
     </span>
    </p>
   </div>
   <div class='ocr_carea' id='block_1_101' title="bbox 1971 4093 3429 4162">
    <p class='ocr_par' dir='ltr' id='par_1_101' title="bbox 1971 4093 3429 4162">
     <span class='ocr_line' id='line_1_101' title="bbox 1971 4093 3429 4162; baseline -0.005 -10"><span class='ocrx_word' id='word_1_827' title='bbox 1971 4100 2022 4152; x_wconf 88' lang='lat'><strong>6.</strong></span> <span class='ocrx_word' id='word_1_828' title='bbox 2056 4099 2266 4152; x_wconf 83' lang='lat' dir='ltr'><strong>Declina</strong></span> <span class='ocrx_word' id='word_1_829' title='bbox 2290 4115 2319 4149; x_wconf 82' lang='grc' dir='ltr'><strong><em>(ι</em></strong></span> <span class='ocrx_word' id='word_1_830' title='bbox 2349 4097 2483 4149; x_wconf 87' lang='lat' dir='ltr'><strong>malo</strong></span> <span class='ocrx_word' id='word_1_831' title='bbox 2506 4102 2552 4148; x_wconf 85' lang='lat' dir='ltr'><strong>et</strong></span> <span class='ocrx_word' id='word_1_832' title='bbox 2587 4095 2671 4162; x_wconf 78' lang='lat' dir='ltr'><strong>[ac</strong></span> <span class='ocrx_word' id='word_1_833' title='bbox 2700 4095 2965 4155; x_wconf 84' lang='lat' dir='ltr'><strong>bonum,et</strong></span> <span class='ocrx_word' id='word_1_834' title='bbox 2991 4093 3223 4145; x_wconf 81' lang='lat' dir='ltr'><strong>inhabita</strong></span> <span class='ocrx_word' id='word_1_835' title='bbox 3247 4094 3299 4144; x_wconf 84' lang='lat' dir='ltr'><strong>in</strong></span> <span class='ocrx_word' id='word_1_836' title='bbox 3326 4109 3429 4145; x_wconf 73' lang='lat' dir='ltr'><strong>ste--</strong></span> 
     </span>
    </p>
   </div>
   <div class='ocr_carea' id='block_1_102' title="bbox 1903 4181 3428 4251">
    <p class='ocr_par' dir='ltr' id='par_1_102' title="bbox 1903 4181 3428 4251">
     <span class='ocr_line' id='line_1_102' title="bbox 1903 4181 3428 4251; baseline -0.007 -7"><span class='ocrx_word' id='word_1_837' title='bbox 1903 4191 2074 4244; x_wconf 88' lang='lat' dir='ltr'><strong>culum</strong></span> <span class='ocrx_word' id='word_1_838' title='bbox 2089 4190 2263 4242; x_wconf 76' lang='lat' dir='ltr'><strong>swculi</strong></span> <span class='ocrx_word' id='word_1_839' title='bbox 2278 4187 2339 4239; x_wconf 77' lang='lat'><strong>“.</strong></span> <span class='ocrx_word' id='word_1_840' title='bbox 2358 4186 2499 4246; x_wconf 72' lang='lat' dir='ltr'><strong>llam,</strong></span> <span class='ocrx_word' id='word_1_841' title='bbox 2515 4184 2704 4251; x_wconf 90' lang='lat' dir='ltr'><strong>inquit,</strong></span> <span class='ocrx_word' id='word_1_842' title='bbox 2721 4183 2939 4235; x_wconf 86' lang='lat' dir='ltr'><strong>audiens</strong></span> <span class='ocrx_word' id='word_1_843' title='bbox 2957 4182 3040 4233; x_wconf 87' lang='lat' dir='ltr'><strong>fac</strong></span> <span class='ocrx_word' id='word_1_844' title='bbox 3066 4181 3205 4249; x_wconf 89' lang='lat' dir='ltr'><strong>quod</strong></span> <span class='ocrx_word' id='word_1_845' title='bbox 3234 4183 3428 4235; x_wconf 89' lang='lat' dir='ltr'><strong>bonum</strong></span> 
     </span>
    </p>
   </div>
   <div class='ocr_carea' id='block_1_103' title="bbox 1904 4262 3429 4345">
    <p class='ocr_par' dir='ltr' id='par_1_103' title="bbox 1904 4262 3429 4345">
     <span class='ocr_line' id='line_1_103' title="bbox 1904 4262 3429 4345; baseline -0.009 -11"><span class='ocrx_word' id='word_1_846' title='bbox 1904 4289 2004 4345; x_wconf 91' lang='lat' dir='ltr'><strong>est,</strong></span> <span class='ocrx_word' id='word_1_847' title='bbox 2049 4277 2309 4331; x_wconf 90' lang='lat' dir='ltr'><strong>habitabis</strong></span> <span class='ocrx_word' id='word_1_848' title='bbox 2350 4277 2401 4328; x_wconf 93' lang='lat' dir='ltr'><strong>in</strong></span> <span class='ocrx_word' id='word_1_849' title='bbox 2449 4273 2719 4333; x_wconf 65' lang='lat' dir='ltr'><strong>saeculum,</strong></span> <span class='ocrx_word' id='word_1_850' title='bbox 2755 4273 2854 4323; x_wconf 93' lang='lat' dir='ltr'><strong>hoc</strong></span> <span class='ocrx_word' id='word_1_851' title='bbox 2896 4262 3003 4331; x_wconf 81' lang='lat' dir='ltr'><strong>est,</strong></span> <span class='ocrx_word' id='word_1_852' title='bbox 3046 4269 3090 4321; x_wconf 92' lang='lat' dir='ltr'><strong>si</strong></span> <span class='ocrx_word' id='word_1_853' title='bbox 3135 4269 3204 4321; x_wconf 86' lang='lat' dir='ltr'><strong>ita</strong></span> <span class='ocrx_word' id='word_1_854' title='bbox 3256 4268 3429 4336; x_wconf 86' lang='lat' dir='ltr'><strong>egeris</strong></span> 
     </span>
    </p>
   </div>
   <div class='ocr_carea' id='block_1_104' title="bbox 1904 4357 3429 4437">
    <p class='ocr_par' dir='ltr' id='par_1_104' title="bbox 1904 4357 3429 4437">
     <span class='ocr_line' id='line_1_104' title="bbox 1904 4357 3429 4437; baseline -0.008 -17"><span class='ocrx_word' id='word_1_855' title='bbox 1904 4366 2340 4437; x_wconf 89' lang='lat' dir='ltr'><strong>quemadmodum</strong></span> <span class='ocrx_word' id='word_1_856' title='bbox 2376 4364 2592 4417; x_wconf 90' lang='lat' dir='ltr'><strong>edoctus</strong></span> <span class='ocrx_word' id='word_1_857' title='bbox 2621 4376 2696 4424; x_wconf 90' lang='lat' dir='ltr'><strong>es,</strong></span> <span class='ocrx_word' id='word_1_858' title='bbox 2728 4358 2984 4411; x_wconf 89' lang='lat' dir='ltr'><strong>habitatio</strong></span> <span class='ocrx_word' id='word_1_859' title='bbox 3021 4365 3110 4411; x_wconf 90' lang='lat' dir='ltr'><strong>tua</strong></span> <span class='ocrx_word' id='word_1_860' title='bbox 3140 4357 3241 4411; x_wconf 91' lang='lat' dir='ltr'><strong>erit</strong></span> <span class='ocrx_word' id='word_1_861' title='bbox 3268 4366 3429 4410; x_wconf 68' lang='lat' dir='ltr'><strong>teter-</strong></span> 
     </span>
    </p>
   </div>
   <div class='ocr_carea' id='block_1_105' title="bbox 1905 4444 3429 4519">
    <p class='ocr_par' dir='ltr' id='par_1_105' title="bbox 1905 4444 3429 4519">
     <span class='ocr_line' id='line_1_105' title="bbox 1905 4444 3429 4519; baseline -0.008 -9"><span class='ocrx_word' id='word_1_862' title='bbox 1905 4471 1994 4510; x_wconf 88' lang='lat' dir='ltr'><strong>ua.</strong></span> <span class='ocrx_word' id='word_1_863' title='bbox 2029 4456 2084 4509; x_wconf 91' lang='lat' dir='ltr'><strong>Si</strong></span> <span class='ocrx_word' id='word_1_864' title='bbox 2117 4455 2256 4507; x_wconf 91' lang='lat' dir='ltr'><strong>enim</strong></span> <span class='ocrx_word' id='word_1_865' title='bbox 2284 4450 2532 4519; x_wconf 88' lang='lat' dir='ltr'><strong>respicias</strong></span> <span class='ocrx_word' id='word_1_866' title='bbox 2564 4463 2665 4501; x_wconf 92' lang='lat' dir='ltr'><strong>non</strong></span> <span class='ocrx_word' id='word_1_867' title='bbox 2696 4448 2761 4499; x_wconf 88' lang='lat' dir='ltr'><strong>ad</strong></span> <span class='ocrx_word' id='word_1_868' title='bbox 2803 4461 2865 4499; x_wconf 86' lang='lat' dir='ltr'><strong>ea</strong></span> <span class='ocrx_word' id='word_1_869' title='bbox 2895 4459 3010 4513; x_wconf 69' lang='lat' dir='ltr'><strong>qua:</strong></span> <span class='ocrx_word' id='word_1_870' title='bbox 3044 4444 3307 4507; x_wconf 89' lang='lat' dir='ltr'><strong>videntur,</strong></span> <span class='ocrx_word' id='word_1_871' title='bbox 3336 4445 3429 4498; x_wconf 89' lang='lat' dir='ltr'><strong>sed</strong></span> 
     </span>
    </p>
   </div>
   <div class='ocr_carea' id='block_1_106' title="bbox 1907 4533 3431 4613">
    <p class='ocr_par' dir='ltr' id='par_1_106' title="bbox 1907 4533 3431 4613">
     <span class='ocr_line' id='line_1_106' title="bbox 1907 4533 3431 4613; baseline -0.006 -19"><span class='ocrx_word' id='word_1_872' title='bbox 1907 4558 2024 4613; x_wconf 70' lang='lat' dir='ltr'><strong>quae</strong></span> <span class='ocrx_word' id='word_1_873' title='bbox 2046 4557 2148 4596; x_wconf 93' lang='lat' dir='ltr'><strong>non</strong></span> <span class='ocrx_word' id='word_1_874' title='bbox 2177 4541 2438 4601; x_wconf 90' lang='lat' dir='ltr'><strong>videntur,</strong></span> <span class='ocrx_word' id='word_1_875' title='bbox 2468 4537 2714 4604; x_wconf 90' lang='lat' dir='ltr'><strong>quoniam</strong></span> <span class='ocrx_word' id='word_1_876' title='bbox 2748 4549 2862 4601; x_wconf 68' lang='lat' dir='ltr'><strong>quae</strong></span> <span class='ocrx_word' id='word_1_877' title='bbox 2893 4533 3139 4586; x_wconf 90' lang='lat' dir='ltr'><strong>videntur</strong></span> <span class='ocrx_word' id='word_1_878' title='bbox 3162 4540 3431 4599; x_wconf 84' lang='lat' dir='ltr'><strong>tempora-</strong></span> 
     </span>
    </p>
   </div>
   <div class='ocr_carea' id='block_1_107' title="bbox 1906 4623 3431 4700">
    <p class='ocr_par' dir='ltr' id='par_1_107' title="bbox 1906 4623 3431 4700">
     <span class='ocr_line' id='line_1_107' title="bbox 1906 4623 3431 4700; baseline -0.009 -11"><span class='ocrx_word' id='word_1_879' title='bbox 1906 4638 1972 4689; x_wconf 90' lang='lat' dir='ltr'><strong>lia</strong></span> <span class='ocrx_word' id='word_1_880' title='bbox 1997 4635 2141 4698; x_wconf 85' lang='lat' dir='ltr'><strong>sunt,</strong></span> <span class='ocrx_word' id='word_1_881' title='bbox 2166 4647 2281 4700; x_wconf 75' lang='lat' dir='ltr'><strong>qua:</strong></span> <span class='ocrx_word' id='word_1_882' title='bbox 2308 4638 2484 4682; x_wconf 91' lang='lat' dir='ltr'><strong>autem</strong></span> <span class='ocrx_word' id='word_1_883' title='bbox 2514 4643 2616 4682; x_wconf 90' lang='lat' dir='ltr'><strong>non</strong></span> <span class='ocrx_word' id='word_1_884' title='bbox 2653 4628 2897 4681; x_wconf 91' lang='lat' dir='ltr'><strong>videntur</strong></span> <span class='ocrx_word' id='word_1_885' title='bbox 2925 4632 3120 4678; x_wconf 69' lang='lat' dir='ltr'><strong>aeterna</strong></span> <span class='ocrx_word' id='word_1_886' title='bbox 3144 4630 3287 4685; x_wconf 90' lang='lat' dir='ltr'><strong>sunt,</strong></span> <span class='ocrx_word' id='word_1_887' title='bbox 3331 4623 3431 4682; x_wconf 79' lang='lat' dir='ltr'><strong>ha-</strong></span> 
     </span>
    </p>
   </div>
   <div class='ocr_carea' id='block_1_108' title="bbox 1902 4722 2462 4780">
    <p class='ocr_par' dir='ltr' id='par_1_108' title="bbox 1902 4722 2462 4780">
     <span class='ocr_line' id='line_1_108' title="bbox 1902 4722 2462 4780; baseline -0.014 -1"><span class='ocrx_word' id='word_1_888' title='bbox 1902 4726 2095 4780; x_wconf 90' lang='lat' dir='ltr'><strong>bitabis</strong></span> <span class='ocrx_word' id='word_1_889' title='bbox 2116 4726 2167 4777; x_wconf 91' lang='lat' dir='ltr'><strong>in</strong></span> <span class='ocrx_word' id='word_1_890' title='bbox 2195 4722 2462 4776; x_wconf 60' lang='lat' dir='ltr'><strong>saeculum.</strong></span> 
     </span>
    </p>
   </div>
   <div class='ocr_carea' id='block_1_109' title="bbox 1969 4811 3431 4883">
    <p class='ocr_par' dir='ltr' id='par_1_109' title="bbox 1969 4811 3431 4883">
     <span class='ocr_line' id='line_1_109' title="bbox 1969 4811 3431 4883; baseline -0.006 -11"><span class='ocrx_word' id='word_1_891' title='bbox 1969 4821 2018 4872; x_wconf 89' lang='lat'><strong>7.</strong></span> <span class='ocrx_word' id='word_1_892' title='bbox 2063 4816 2197 4883; x_wconf 83' lang='lat' dir='ltr'><strong>Quia</strong></span> <span class='ocrx_word' id='word_1_893' title='bbox 2237 4815 2483 4867; x_wconf 84' lang='lat' dir='ltr'><strong>Dominus</strong></span> <span class='ocrx_word' id='word_1_894' title='bbox 2510 4821 2647 4864; x_wconf 86' lang='lat' dir='ltr'><strong>amat</strong></span> <span class='ocrx_word' id='word_1_895' title='bbox 2689 4812 2970 4880; x_wconf 81' lang='lat' dir='ltr'><strong>judicium,</strong></span> <span class='ocrx_word' id='word_1_896' title='bbox 2999 4822 3046 4866; x_wconf 90' lang='lat' dir='ltr'><strong>et</strong></span> <span class='ocrx_word' id='word_1_897' title='bbox 3076 4828 3176 4865; x_wconf 88' lang='lat' dir='ltr'><strong>non</strong></span> <span class='ocrx_word' id='word_1_898' title='bbox 3205 4811 3431 4865; x_wconf 83' lang='lat' dir='ltr'><strong>derelin-</strong></span> 
     </span>
    </p>
   </div>
   <div class='ocr_carea' id='block_1_110' title="bbox 1897 4901 3433 4979">
    <p class='ocr_par' dir='ltr' id='par_1_110' title="bbox 1897 4901 3433 4979">
     <span class='ocr_line' id='line_1_110' title="bbox 1897 4901 3433 4979; baseline -0.008 -15"><span class='ocrx_word' id='word_1_899' title='bbox 1897 4920 2011 4979; x_wconf 87' lang='lat' dir='ltr'><strong>quet</strong></span> <span class='ocrx_word' id='word_1_900' title='bbox 2039 4916 2241 4961; x_wconf 83' lang='lat' dir='ltr'><strong>sanctos</strong></span> <span class='ocrx_word' id='word_1_901' title='bbox 2280 4921 2399 4957; x_wconf 87' lang='lat' dir='ltr'><strong>suos</strong></span> <span class='ocrx_word' id='word_1_902' title='bbox 2418 4903 2483 4955; x_wconf 84' lang='grc'><strong>³⁸.</strong></span> <span class='ocrx_word' id='word_1_903' title='bbox 2508 4901 2783 4966; x_wconf 85' lang='lat' dir='ltr'><strong>Quomodo</strong></span> <span class='ocrx_word' id='word_1_904' title='bbox 2823 4904 3077 4957; x_wconf 90' lang='lat' dir='ltr'><strong>Dominus</strong></span> <span class='ocrx_word' id='word_1_905' title='bbox 3103 4908 3244 4952; x_wconf 89' lang='lat' dir='ltr'><strong>amat</strong></span> <span class='ocrx_word' id='word_1_906' title='bbox 3289 4901 3433 4966; x_wconf 82' lang='lat' dir='ltr'><strong>judi-</strong></span> 
     </span>
    </p>
   </div>
   <div class='ocr_carea' id='block_1_111' title="bbox 1898 4983 3432 5058">
    <p class='ocr_par' dir='ltr' id='par_1_111' title="bbox 1898 4983 3432 5058">
     <span class='ocr_line' id='line_1_111' title="bbox 1898 4983 3432 5058; baseline -0.011 -6"><span class='ocrx_word' id='word_1_907' title='bbox 1898 5000 2037 5052; x_wconf 90' lang='lat' dir='ltr'><strong>cium</strong></span> <span class='ocrx_word' id='word_1_908' title='bbox 2065 4997 2089 5048; x_wconf 84' lang='lat'><strong>?</strong></span> <span class='ocrx_word' id='word_1_909' title='bbox 2118 4996 2248 5048; x_wconf 89' lang='lat' dir='ltr'><strong>Dum</strong></span> <span class='ocrx_word' id='word_1_910' title='bbox 2293 4991 2421 5044; x_wconf 86' lang='lat' dir='ltr'><strong>nihil</strong></span> <span class='ocrx_word' id='word_1_911' title='bbox 2448 4990 2585 5058; x_wconf 90' lang='lat' dir='ltr'><strong>apud</strong></span> <span class='ocrx_word' id='word_1_912' title='bbox 2623 5002 2742 5043; x_wconf 88' lang='lat' dir='ltr'><strong>eum</strong></span> <span class='ocrx_word' id='word_1_913' title='bbox 2790 4992 2903 5044; x_wconf 81' lang='lat' dir='ltr'><strong>sine</strong></span> <span class='ocrx_word' id='word_1_914' title='bbox 2940 4990 3139 5057; x_wconf 91' lang='lat' dir='ltr'><strong>judicio</strong></span> <span class='ocrx_word' id='word_1_915' title='bbox 3175 4986 3253 5047; x_wconf 84' lang='lat' dir='ltr'><strong>iit,</strong></span> <span class='ocrx_word' id='word_1_916' title='bbox 3299 4983 3432 5036; x_wconf 91' lang='lat' dir='ltr'><strong>nihil</strong></span> 
     </span>
    </p>
   </div>
   <div class='ocr_carea' id='block_1_112' title="bbox 1901 5072 3437 5153">
    <p class='ocr_par' dir='ltr' id='par_1_112' title="bbox 1901 5072 3437 5153">
     <span class='ocr_line' id='line_1_112' title="bbox 1901 5072 3437 5153; baseline -0.012 -12"><span class='ocrx_word' id='word_1_917' title='bbox 1901 5088 2017 5141; x_wconf 93' lang='lat' dir='ltr'><strong>sine</strong></span> <span class='ocrx_word' id='word_1_918' title='bbox 2045 5085 2265 5139; x_wconf 91' lang='lat' dir='ltr'><strong>ratione.</strong></span> <span class='ocrx_word' id='word_1_919' title='bbox 2285 5083 2361 5136; x_wconf 92' lang='lat' dir='ltr'><strong>lta</strong></span> <span class='ocrx_word' id='word_1_920' title='bbox 2383 5099 2513 5153; x_wconf 88' lang='lat' dir='ltr'><strong>ergo</strong></span> <span class='ocrx_word' id='word_1_921' title='bbox 2532 5091 2586 5137; x_wconf 91' lang='lat' dir='ltr'><strong>et</strong></span> <span class='ocrx_word' id='word_1_922' title='bbox 2609 5090 2664 5134; x_wconf 88' lang='lat' dir='ltr'><strong>tu</strong></span> <span class='ocrx_word' id='word_1_923' title='bbox 2693 5080 2871 5134; x_wconf 87' lang='lat' dir='ltr'><strong>sciens</strong></span> <span class='ocrx_word' id='word_1_924' title='bbox 2895 5078 3141 5143; x_wconf 87' lang='lat' dir='ltr'><strong>quoniam</strong></span> <span class='ocrx_word' id='word_1_925' title='bbox 3174 5072 3437 5123; x_wconf 85' lang='lat' dir='ltr'><strong>Dominus</strong></span> 
     </span>
    </p>
   </div>
   <div class='ocr_carea' id='block_1_113' title="bbox 1902 5159 3441 5241">
    <p class='ocr_par' dir='ltr' id='par_1_113' title="bbox 1902 5159 3441 5241">
     <span class='ocr_line' id='line_1_113' title="bbox 1902 5159 3441 5241; baseline -0.014 -12"><span class='ocrx_word' id='word_1_926' title='bbox 1902 5185 2044 5229; x_wconf 85' lang='lat' dir='ltr'><strong>amat</strong></span> <span class='ocrx_word' id='word_1_927' title='bbox 2085 5174 2364 5241; x_wconf 86' lang='lat' dir='ltr'><strong>judicium,</strong></span> <span class='ocrx_word' id='word_1_928' title='bbox 2423 5186 2519 5241; x_wconf 87' lang='lat' dir='ltr'><strong>age</strong></span> <span class='ocrx_word' id='word_1_929' title='bbox 2562 5170 2741 5225; x_wconf 90' lang='lat' dir='ltr'><strong>omnia</strong></span> <span class='ocrx_word' id='word_1_930' title='bbox 2785 5166 2930 5231; x_wconf 89' lang='lat' dir='ltr'><strong>justo</strong></span> <span class='ocrx_word' id='word_1_931' title='bbox 2957 5159 3161 5228; x_wconf 88' lang='lat' dir='ltr'><strong>judicio</strong></span> <span class='ocrx_word' id='word_1_932' title='bbox 3200 5163 3256 5208; x_wconf 89' lang='lat' dir='ltr'><strong>et</strong></span> <span class='ocrx_word' id='word_1_933' title='bbox 3285 5171 3441 5241; x_wconf 87' lang='lat' dir='ltr'><strong>vero.</strong></span> 
     </span>
    </p>
   </div>
   <div class='ocr_carea' id='block_1_114' title="bbox 1901 5240 3445 5329">
    <p class='ocr_par' dir='ltr' id='par_1_114' title="bbox 1901 5240 3445 5329">
     <span class='ocr_line' id='line_1_114' title="bbox 1901 5240 3445 5329; baseline -0.017 -10"><span class='ocrx_word' id='word_1_934' title='bbox 1901 5240 2122 5319; x_wconf 87' lang='lat' dir='ltr'><strong>audiens</strong></span> <span class='ocrx_word' id='word_1_935' title='bbox 2146 5264 2289 5317; x_wconf 91' lang='lat' dir='ltr'><strong>illum</strong></span> <span class='ocrx_word' id='word_1_936' title='bbox 2309 5262 2394 5329; x_wconf 89' lang='lat' dir='ltr'><strong>qui</strong></span> <span class='ocrx_word' id='word_1_937' title='bbox 2426 5240 2476 5313; x_wconf 88' lang='lat' dir='ltr'><strong>te</strong></span> <span class='ocrx_word' id='word_1_938' title='bbox 2500 5261 2747 5311; x_wconf 88' lang='lat' dir='ltr'><strong>admonet</strong></span> <span class='ocrx_word' id='word_1_939' title='bbox 2774 5252 2956 5304; x_wconf 88' lang='lat' dir='ltr'><strong>dicens</strong></span> <span class='ocrx_word' id='word_1_940' title='bbox 2972 5244 3186 5299; x_wconf 79' lang='lat' dir='ltr'><strong>“:Cum</strong></span> <span class='ocrx_word' id='word_1_941' title='bbox 3211 5240 3445 5292; x_wconf 82' lang='lat' dir='ltr'><strong>consilio</strong></span> 
     </span>
    </p>
   </div>
   <div class='ocr_carea' id='block_1_115' title="bbox 1901 5340 2930 5423">
    <p class='ocr_par' dir='ltr' id='par_1_115' title="bbox 1901 5340 2930 5423">
     <span class='ocr_line' id='line_1_115' title="bbox 1901 5340 2930 5423; baseline -0.021 -12"><span class='ocrx_word' id='word_1_942' title='bbox 1901 5359 2071 5410; x_wconf 87' lang='lat' dir='ltr'><strong>omnia</strong></span> <span class='ocrx_word' id='word_1_943' title='bbox 2098 5355 2205 5423; x_wconf 77' lang='lat' dir='ltr'><strong>fac,</strong></span> <span class='ocrx_word' id='word_1_944' title='bbox 2228 5369 2341 5407; x_wconf 81' lang='lat' dir='ltr'><strong>cum</strong></span> <span class='ocrx_word' id='word_1_945' title='bbox 2369 5350 2582 5403; x_wconf 72' lang='lat' dir='ltr'><strong>consilio</strong></span> <span class='ocrx_word' id='word_1_946' title='bbox 2611 5347 2781 5398; x_wconf 84' lang='lat' dir='ltr'><strong>vinum</strong></span> <span class='ocrx_word' id='word_1_947' title='bbox 2799 5340 2930 5391; x_wconf 88' lang='lat' dir='ltr'><strong>bibe.</strong></span> 
     </span>
    </p>
   </div>
   <div class='ocr_carea' id='block_1_116' title="bbox 2545 5494 3464 5567">
    <p class='ocr_par' dir='ltr' id='par_1_116' title="bbox 2545 5494 3464 5567">
     <span class='ocr_line' id='line_1_116' title="bbox 2545 5494 3464 5567; baseline -0.028 0"><span class='ocrx_word' id='word_1_948' title='bbox 2545 5518 2588 5548; x_wconf 75' lang='grc'>³⁸</span> <span class='ocrx_word' id='word_1_949' title='bbox 2627 5513 2749 5567; x_wconf 88' lang='lat' dir='ltr'><strong>ibid.</strong></span> <span class='ocrx_word' id='word_1_950' title='bbox 2780 5508 2868 5561; x_wconf 87' lang='lat'><strong>26.</strong></span> <span class='ocrx_word' id='word_1_951' title='bbox 2969 5504 3012 5536; x_wconf 78' lang='grc' dir='ltr'><strong><em>ἰ</em></strong></span> <span class='ocrx_word' id='word_1_952' title='bbox 3048 5503 3210 5554; x_wconf 88' lang='lat' dir='ltr'><strong>Deut.</strong></span> <span class='ocrx_word' id='word_1_953' title='bbox 3243 5508 3359 5567; x_wconf 54' lang='lat' dir='ltr'><strong>xv;</strong></span> <span class='ocrx_word' id='word_1_954' title='bbox 3404 5494 3464 5547; x_wconf 82' lang='lat'><strong>6.</strong></span> 
     </span>
    </p>
   </div>
   <div class='ocr_carea' id='block_1_117' title="bbox 2855 5560 3387 5638">
    <p class='ocr_par' dir='ltr' id='par_1_117' title="bbox 2855 5560 3387 5638">
     <span class='ocr_line' id='line_1_117' title="bbox 2855 5560 3387 5638; baseline -0.03 -13"><span class='ocrx_word' id='word_1_955' title='bbox 2855 5575 2958 5638; x_wconf 59' lang='lat' dir='ltr'><strong>2i;</strong></span> <span class='ocrx_word' id='word_1_956' title='bbox 3001 5567 3184 5622; x_wconf 83' lang='lat' dir='ltr'><strong>Ecclc.</strong></span> <span class='ocrx_word' id='word_1_957' title='bbox 3217 5576 3298 5622; x_wconf 55' lang='grc' dir='ltr'><strong>ιτ,</strong></span> <span class='ocrx_word' id='word_1_958' title='bbox 3324 5560 3387 5611; x_wconf 77' lang='grc' dir='ltr'><strong>Ἰ.</strong></span> 
     </span>
    </p>
   </div>
  </div>
