3910 6248
264 343 398 397 4559

1643 323 1727 379 EX
1767 323 2061 378 ORlGENE

3589 297 3711 351 i580

331 452 490 527 675
520 451 570 504 8.
601 449 666 502 Et
702 463 799 499 non
823 445 1132 513 derelinquet
1161 444 1403 497 Dominus
1428 449 1630 496 sanctos
1652 457 1795 503 suos,
1826 446 1870 499 Α
1897 448 2116 508 gerunt.
2171 435 2376 491 Solent
2424 431 2596 488 enim
2669 420 2972 494 imperiti
3046 415 3318 473 habere
3370 410 3548 467 etiam
3589 413 3717 467 istud

219 566 221 568 ·
265 547 319 599 in
353 553 598 597 aeternum
631 535 1086 590 conservabuntur.
1119 533 1270 587 Sicut
1313 533 1460 596 dicit,
1491 531 1613 599 quia
1649 531 1798 586 babi-

267 635 400 688 tabit
421 634 473 685 in
497 629 770 689 saeculum,
792 626 863 678 ita
890 633 942 678 et
963 624 1420 676 conservabuntur
1442 624 1494 675 in
1517 630 1798 675 internum.

267 723 418 788 Quod
457 730 740 785 utrumque
786 715 852 768 ad
904 713 1138 765 futurum
1183 713 1404 780 respicit
1453 723 1684 780 tempus,
1724 711 1805 763 vel

269 812 538 874 szeculum,
561 806 646 861 cui
670 803 1117 859 conservabuntur
1162 802 1351 865 sancti,
1383 809 1440 854 ut
1467 802 1719 868 deinceps
1753 802 1805 854 in

270 902 561 957 aeternitate
605 897 909 965 perdurent.
957 890 1151 958 Injusti
1199 891 1501 958 punientur,
1550 899 1595 942 et
1638 905 1808 942 semen

272 993 548 1058 impiorum
573 986 752 1055 peribit
769 1001 787 1047 ;
801 982 932 1050 justi
953 987 1121 1033 autem
1142 981 1516 1034 Itazreditabunt
1535 987 1724 1032 terram
1742 977 1807 1030 ³⁷.

273 1082 512 1135 Diximus
542 1078 650 1146 jam
677 1077 806 1131 hinc
838 1074 1084 1142 superius
1119 1071 1273 1140 quale
1306 1071 1586 1136 impiorum
1624 1069 1692 1121 sit
1722 1081 1809 1121 se-

273 1186 416 1233 men,
445 1184 564 1223 cum
599 1166 663 1220 ad
695 1165 912 1218 verbum
959 1161 1362 1226 doctrinamque
1410 1157 1687 1210 retulimus
1719 1173 1732 1208 :
1760 1164 1814 1208 et

275 1259 538 1328 quomodo
575 1253 1037 1316 exterminabitur,
1071 1251 1193 1302 dum
1228 1261 1385 1300 omne
1423 1244 1753 1298 mendacium
1784 1259 1812 1296 a

276 1350 394 1402 luce
419 1344 658 1400 veritatis
703 1343 842 1396 velut
879 1342 1110 1394 tenebrae
1150 1336 1431 1404 effugatur.
1462 1333 1600 1386 Justi
1644 1340 1814 1384 autem

277 1434 648 1490 hereditabunt
681 1443 891 1484 terram.
922 1427 986 1479 Et
1017 1427 1139 1480 hinc
1169 1425 1409 1492 superius
1429 1421 1534 1490 jam
1561 1419 1814 1481 diximus,

278 1525 540 1594 quomodo
593 1522 703 1575 sive
757 1519 885 1584 justi
945 1519 1056 1570 sive
1122 1513 1386 1568 mansueti
1449 1511 1816 1565 luereditatem

282 1623 436 1667 terrae
461 1611 614 1665 bona:
636 1618 688 1661 et
721 1619 920 1675 magna:
967 1603 1109 1656 illius
1139 1609 1538 1668 consequantur
1590 1611 1645 1652 et
1683 1610 1818 1663 quo-

283 1705 437 1757 modo
470 1700 704 1754 habitent
738 1698 788 1750 in
821 1710 881 1748 ea
917 1695 968 1747 in
1001 1691 1249 1746 saeculum
1278 1689 1481 1750 saeculi,
1511 1702 1613 1741 non
1646 1686 1819 1740 solum

284 1793 337 1845 in
381 1789 653 1851 sarculum,
691 1787 784 1840 sed
835 1786 886 1838 in
936 1781 1183 1836 saeculum
1237 1778 1435 1833 saaculi.
1470 1776 1605 1831 Vide
1656 1790 1817 1844 quam
1855 1747 1894 1800 Β
1925 1787 2096 1829 strum
2127 1775 2193 1828 "3.
2222 1775 2319 1828 Est
2345 1775 2501 1828 enim
2540 1785 2602 1827 et
2632 1775 2772 1827 lucc
2816 1747 2975 1825 non
3030 1784 3256 1839 parva
3297 1768 3618 1838 sapientia:
3647 1781 3749 1820 me-

287 1896 473 1948 magna
505 1877 711 1932 Domini
759 1874 1056 1929 retributio.
1109 1870 1214 1923 Pro
1257 1869 1440 1922 labore
1474 1866 1690 1934 triginta
1729 1872 1821 1917 aut

287 1967 652 2038 quadraginta,
687 1973 743 2016 ut
785 1963 1002 2016 multum
1038 1968 1182 2014 certe
1225 1955 1611 2025 quinquaginta
1654 1967 1821 2005 anno-

288 2070 402 2109 rum
436 2053 622 2122 recipit
647 2053 806 2105 homo
835 2065 937 2103 non
980 2049 1150 2102 solum
1193 2045 1370 2100 Stecnli
1401 2042 1560 2108 hujus
1595 2041 1823 2093 retribu-

290 2147 508 2207 tionem,
541 2143 630 2196 sed
667 2143 717 2194 in
752 2139 998 2192 saaculum
1030 2135 1227 2189 saaculi.
1259 2132 1313 2186 Si
1348 2146 1474 2184 vero
1519 2136 1824 2196 permaneat

288 2234 407 2302 quis
437 2234 487 2286 in
521 2231 684 2284 verbo
714 2229 827 2294 Dei,
859 2239 912 2281 et
954 2223 1226 2293 sapientiae
1267 2221 1381 2286 ejus
1423 2219 1708 2279 adhaereat,
1740 2225 1817 2268 at-

287 2337 390 2390 que
417 2322 467 2374 in
489 2320 624 2373 lucis
651 2317 949 2372 aeternitate
977 2313 1246 2382 persistat,
1278 2308 1550 2378 perveniet
1580 2306 1740 2360 etiam
1772 2306 1825 2357 in

291 2414 405 2472 hoc,
433 2420 489 2463 ut
517 2409 715 2464 referat
745 2408 852 2461 Deo
888 2404 1111 2474 gloriam
1159 2401 1213 2456 in
1259 2398 1449 2454 saecula
1490 2395 1823 2451 saeculorum.

290 2503 482 2553 Amen.

867 2601 1147 2660 llOMlLIA
1183 2600 1247 2655 ν.

293 2701 365 2755 De
392 2701 564 2754 eodem
598 2697 886 2768 psalmo‘ab
913 2711 972 2747 ea
999 2690 1215 2768 parte“
1248 2705 1262 2741 :
1302 2707 1320 2739 ‹
1357 2687 1428 2741 Os
1449 2687 1585 2756 justi
1616 2685 1833 2738 medita-

773 2765 911 2816 bitur
947 2760 1280 2826 sapientiam.
1319 2775 1340 2803 ι

360 2860 385 2912 i
398 2903 410 2912 .
426 2858 531 2912 Lex
549 2855 760 2924 quidem
776 2850 958 2904 volens
975 2861 1071 2900 nos
1087 2846 1292 2912 aperire
1307 2859 1366 2898 os
1391 2849 1456 2897 ad
1477 2841 1694 2896 verbum
1720 2840 1832 2903 Dei,

292 2947 542 3018 pracepit
566 2946 750 2997 dicens
768 2946 810 2975 ³⁸
845 2957 858 2991 :
892 2937 1154 3003 Loqueris,
1183 2933 1375 2998 inquit,
1408 2933 1529 2984 haec
1571 2931 1751 2984 sedens
1782 2932 1836 2982 in

1903 504 2026 578 cum
2056 523 2281 578 caneris
2320 521 2661 590 pessimum
2711 513 2991 572 vitium,
3044 514 3128 560 ut
3189 504 3424 557 inanes
3457 511 3516 553 et
3546 515 3719 567 super-

1905 611 2042 665 ﬂuos
2077 619 2272 678 putent
2302 623 2406 662 eos
2438 607 2546 674 qui
2575 602 2774 656 verbo
2809 608 2874 653 et
2906 594 3259 650 doctrinae
3294 603 3546 659 operam
3572 590 3722 643 dede.

1908 703 2041 763 rint,
2069 710 2125 754 et
2153 697 2594 766 amplectuntur
2630 691 2846 759 magis
2893 683 3342 753 imperitiam
3377 693 3544 732 suam
3575 693 3724 745 quam

1910 792 2126 844 illorum
2161 765 2345 842 studia
2384 803 2454 841 ac
2505 785 2793 838 laborem
2845 797 2861 832 :
2922 777 3362 840 unitatisque
3424 770 3726 824 nominibus

1911 881 2172 936 exercitia
2213 894 2414 934 eorum
2459 875 2974 932 verbositatem,
3027 881 3230 920 suam
3281 879 3441 918 vero
3475 862 3729 916 indocibi-

1912 973 2120 1025 litatem
2159 970 2245 1024 vel
2290 967 2692 1036 imperitiam,
2731 958 3283 1032 simplicitatem
3321 963 3564 1008 vocant.
3594 953 3731 1022 Opti-

1913 1076 2036 1115 mus
2072 1068 2256 1113 tamen
2293 1068 2352 1113 et
2403 1058 2505 1111 ille
2555 1065 2651 1111 est
2710 1053 2827 1122 qui
2873 1046 3319 1119 sapientiam
3363 1045 3578 1112 probat
3613 1045 3733 1096 acti-

1917 1154 2037 1213 bus,
2071 1160 2126 1204 ct
2153 1148 2549 1217 essetsapiens
2577 1146 2720 1198 vitae
2757 1157 2906 1195 suae
2961 1137 3329 1208 probitate
3359 1133 3732 1200 cognoscitur.

1915 1239 2119 1292 Beatus
2143 1253 2277 1306 ergo
2307 1238 2404 1306 qui
2443 1251 2512 1290 os
2551 1249 2730 1289 suum
2777 1230 3031 1300 aperit
3099 1225 3324 1281 verbo
3363 1225 3501 1287 Dei,
3535 1234 3592 1277 et
3628 1237 3742 1290 pro-

1921 1331 2109 1382 ficiens
2131 1336 2296 1380 aetate
2326 1326 2656 1380 secundum
2693 1321 3074 1376 Christum
3113 1315 3431 1384 proficiet
3455 1322 3516 1365 et
3537 1313 3739 1379 sapien-

1919 1419 2017 1474 tia.
2070 1418 2235 1471 Certe
2281 1416 2329 1470 si
2389 1415 2650 1483 amplius
2708 1428 2842 1464 non
2908 1421 3306 1478 possumus
3368 1406 3429 1458 in
3483 1405 3738 1470 sapientia

1920 1507 2208 1575 proficere,
2257 1505 2460 1560 saltem
2517 1503 2664 1556 illud
2723 1502 3143 1553 observare
3219 1510 3354 1547 non
3417 1497 3650 1564 pigeat,
3697 1495 3742 1546 in

1922 1597 2148 1664 psalmis
2178 1606 2234 1649 et
2261 1595 2492 1666 hymnis
2523 1603 2584 1647 et
2615 1593 2913 1645 canticis
2964 1587 3415 1657 spiritalibus
3443 1597 3508 1639 et
3547 1589 3601 1638 in
3629 1601 3741 1638 ora-

1929 1687 2074 1738 tione
2122 1686 2205 1737 vel
2253 1686 2474 1739 lionore
2533 1683 2636 1735 Dei
2695 1680 3172 1750 frequentius
3244 1678 3506 1746 aperire
3550 1690 3617 1729 os
3657 1690 3744 1727 no-

1924 1864 2136 1927 ditatio,
2169 1872 2230 1916 ut
2276 1877 2378 1930 per
2415 1863 2528 1915 hoc
2572 1861 2978 1914 inveniatur
3028 1872 3322 1924 semper
3370 1873 3446 1910 os
3493 1856 3627 1924 justi
3670 1871 3747 1908 sa-

1923 1953 2180 2020 pientiam
2214 1951 2504 2005 meditari.
2532 1951 2662 2004 Non
2701 1960 2945 2004 tamen
2998 1949 3184 2002 mihi
3226 1948 3496 2001 videtur
3523 1947 3744 2002 otiosum

1924 2043 2050 2108 quia
2083 2056 2188 2094 non
2229 2041 2396 2104 dixit,
2423 2058 2491 2096 os
2523 2042 2672 2110 justi
2725 2042 3164 2102 meditatur,
3221 2040 3404 2107 quod
3460 2041 3656 2105 utique
3686 2039 3742 2088 ad

1925 2147 2164 2200 praesens
2199 2140 2418 2200 tempus
2443 2140 2726 2198 spectare
2762 2139 3094 2196 poterat,
3125 2128 3268 2193 sed
3311 2127 3501 2190 dixit,
3543 2129 3744 2182 nudita-

1926 2223 2069 2274 bitur
2096 2222 2463 2288 sapientiam;
2499 2219 2659 2287 quod
2723 2220 2885 2274 sine
2951 2221 3186 2274 dubio
3228 2221 3317 2273 ad
3370 2218 3638 2272 futurum
3675 2233 3745 2270 re-

1927 2310 2089 2379 SpiCit
2158 2321 2411 2378 tempus,
2469 2315 2526 2363 in
2587 2325 2714 2378 quo
2792 2312 3032 2364 etiam
3112 2311 3358 2365 caeteri
3426 2311 3746 2380 interpretes

1927 2414 2116 2453 omnes
2151 2399 2362 2466 absque
2412 2412 2527 2450 uno
2574 2399 3070 2452 consentiunt.
3109 2399 3218 2454 Ne
3273 2399 3447 2454 forte
3483 2415 3623 2466 ergo
3659 2397 3746 2450 ali-

1930 2490 2057 2556 quid
2103 2489 2394 2556 mysticum
2432 2487 2709 2554 designet
2773 2487 2912 2542 hoc
2983 2498 3308 2558 tempus,
3375 2504 3505 2558 quo
3558 2488 3748 2542 scilicet

1931 2576 2426 2630 indiceturfuturaz
2477 2577 3065 2644 repromissionis,
3123 2590 3202 2633 et
3248 2583 3507 2648 gratiae,
3552 2589 3609 2632 et
3645 2581 3744 2632 h2-

1934 2667 2179 2720 reditatis
2216 2679 2346 2732 spes
2385 2665 2514 2718 talis
2547 2670 2850 2733 quaedam
2908 2669 3201 2732 futura,
3255 2681 3330 2722 ut
3378 2687 3455 2724 os
3485 2671 3746 2740 justorum

1934 2772 2037 2809 non
2066 2755 2220 2810 cibis
2252 2764 2306 2809 et
2356 2765 2512 2824 potu,
2574 2772 2790 2826 neque
2842 2761 3140 2814 deliciis
3205 2773 3281 2816 et
3336 2764 3746 2830 voluptatum,

1937 2860 2040 2897 non
2067 2847 2341 2900 vescendo
2377 2846 2586 2914 epulis,
2623 2849 2741 2901 sed
2784 2850 3228 2904 meditando
3260 2851 3639 2919 sapientiam
3667 2866 3746 2904 re-

1935 2935 2160 3003 pleatur.
2195 2933 2354 2989 Ultra
2403 2938 2556 2990 enim
2609 2951 2734 2991 non
2795 2940 2945 2992 erit
3007 2941 3282 3010 aliquis
3344 2942 3663 3010 imperitus
3700 2944 3745 2993 in

294 3041 463 3101 domo,
496 3045 542 3088 et
581 3047 789 3101 pergens
819 3031 872 3080 in
915 3029 1017 3087 via,
1047 3033 1091 3075 et
1133 3022 1326 3086 iacens,
1367 3031 1412 3074 et
1454 3036 1691 3086 surgens.
1730 3018 1833 3073 Sed
1861 3043 1905 3100 α
1940 3039 2101 3091 regno
2134 3024 2249 3088 Dei,
2285 3040 2396 3078 non
2432 3027 2713 3081 indocilis
2759 3036 3291 3100 permanebit,
3339 3035 3547 3088 nullus
3585 3033 3689 3088 erit
3719 3047 3744 3083 ι

295 3122 627 3180 ρι’ὃδὶοπιοη
659 3121 710 3171 in
751 3113 1050 3169 Proverbiis
1081 3107 1253 3162 simile
1285 3107 1483 3172 aliquid
1509 3108 1656 3160 brevi
1687 3123 1836 3161 com-

299 3213 587 3269 monitione
611 3206 904 3274 distinguit,
933 3205 1111 3256 dicens
1132 3200 1176 3230 ⁵⁰
1205 3217 1218 3252 :
1248 3198 1398 3265 Aperi
1428 3214 1482 3250 os
1509 3207 1655 3250 tuum
1685 3199 1834 3252 verba

298 3307 415 3360 Dei.
447 3301 702 3356 Similiter
725 3297 884 3350 etiam
917 3308 1054 3346 Itllth
1078 3291 1342 3358 Propheta
1376 3302 1472 3341 nos
1504 3291 1677 3350 docet,
1713 3303 1835 3341 cum

298 3392 425 3446 dicit
448 3390 533 3442 δίε
575 3386 644 3440 Os
692 3384 824 3454 justi
875 3379 1205 3434 meditabitur
1255 3377 1582 3442 sapientiam.
1632 3375 1837 3429 Revera

297 3481 437 3535 enim
472 3493 568 3533 nec
601 3476 754 3530 debet
801 3472 942 3525 aliud
984 3470 1268 3537 quidquam
1318 3465 1608 3533 procedere
1647 3465 1712 3517 de
1744 3479 1838 3519 ore

295 3569 443 3635 justi,
474 3567 570 3620 nisi
612 3564 894 3632 sapientia.
929 3557 1077 3612 Unde
1113 3567 1168 3610 et
1203 3570 1297 3608 vos
1330 3553 1688 3621 imperitiores
1721 3553 1839 3620 qui-

303 3675 404 3730 que
453 3659 646 3711 fratres
691 3653 964 3706 audientes
1011 3659 1308 3702 sermonem
1356 3643 1666 3710 Prophetas,
1719 3643 1840 3694 date

298 3751 528 3804 studium
556 3755 612 3800 et
647 3739 972 3798 meditamini
999 3751 1118 3791 cum
1151 3734 1370 3802 iustitia:
1397 3733 1648 3800 cperibus
1677 3731 1836 3784 etiam

300 3842 364 3893 de
397 3854 491 3892 ore
520 3845 695 3889 vestro
741 3831 979 3900 proferre
1017 3839 1318 3881 sermonem
1365 3823 1660 3890 sapientiae.
1688 3821 1840 3887 Quod

299 3941 369 3980 ne
393 3924 600 3980 difﬁcile
634 3921 781 3974 vobis
812 3919 1053 3969 videatur
1104 3923 1445 3981 prasceptum,
1481 3913 1697 3964 brevem
1741 3924 1838 3963 vo-

302 4015 383 4070 bis
423 4011 700 4079 sapientia?
737 4003 1013 4060 insinuabo
1064 4014 1384 4054 sermonem.
1425 3998 1710 4066 Apostolus
1742 3998 1839 4059 ait,

303 4104 426 4172 quia
461 4100 700 4153 Christus
731 4095 820 4148 Dei
847 4102 930 4147 est
957 4092 1126 4144 virtus
1162 4099 1216 4142 et
1253 4089 1346 4142 Dei
1392 4088 1654 4156 sapientia
1680 4087 1745 4140 ".
1783 4086 1838 4139 Si

303 4191 463 4254 igitur
486 4188 751 4242 Christum
784 4195 990 4249 semper
1022 4178 1335 4247 loquamini,
1380 4177 1425 4230 si
1473 4190 1684 4244 semper
1725 4174 1842 4240 ejus

302 4278 462 4331 verba
491 4271 834 4334 meditemini,
864 4271 906 4324 si
942 4277 1198 4338 prrecepta
1230 4267 1344 4332 ejus
1384 4265 1436 4317 in
1471 4278 1565 4318 ore
1595 4263 1839 4327 teneatis,

1937 3131 2115 3170 rerum
2169 3114 2400 3168 scientia
2453 3119 2872 3186 peregrinus;
2955 3137 3223 3179 omnes
3290 3125 3653 3186 etiiciemur,
3704 3124 3744 3174 si

1941 3214 2117 3258 tamen
2151 3205 2516 3270 merebimur,
2558 3207 2870 3276 discipuli
2924 3215 3341 3281 sapientia).
3384 3217 3452 3269 Si
3511 3215 3637 3284 quis
3667 3213 3745 3265 hic

1937 3295 2144 3362 pasitus
2199 3294 2470 3347 imbuitur
2521 3304 2582 3348 et
2636 3296 3032 3356 instruitur
3079 3304 3156 3359 in
3225 3305 3338 3362 his
3395 3323 3532 3373 quae
3585 3305 3745 3373 potuit

1939 3382 1992 3434 in
2039 3396 2204 3435 carne
2253 3381 2468 3448 positus
2520 3385 2876 3453 attingere,
2936 3391 3034 3445 ibi
3101 3393 3254 3461 jam
3333 3395 3743 3448 tiiun‘iiuabitur

1938 3470 2354 3538 perfectioribus
2385 3471 2752 3540 disciplinis,
2820 3488 2898 3531 et
2963 3496 3047 3535 ea
3116 3498 3283 3552 quze
3324 3485 3434 3540 hic
3475 3487 3660 3540 studio
3686 3498 3742 3536 ac

1941 3557 2122 3611 labore
2153 3558 2382 3626 quaesita
2415 3569 2569 3626 sunt,
2629 3563 2707 3614 ad
2771 3575 3287 3636 compendium
3347 3577 3575 3629 [ιιιυι-εε
3623 3575 3738 3627 inibi

1942 3648 2300 3700 institutionis
2360 3648 2663 3702 accedent.
2716 3652 2852 3719 Qui
2914 3673 3091 3715 γει-ο
3161 3663 3288 3719 hic
3345 3670 3614 3720 nondum
3662 3671 3745 3719 de,

1940 3738 2120 3805 posuit
2150 3738 2324 3805 prima
2359 3741 2719 3804 rudimenta,
2766 3747 2896 3800 sed
2954 3752 3198 3808 adhuc
3241 3764 3318 3809 ut
3358 3759 3642 3825 parvulus
3670 3757 3740 3807 lo-

1942 3828 2124 3891 quitur
2175 3835 2228 3879 et
2258 3838 2315 3879 ut
2347 3829 2620 3894 parvulus
2655 3835 2867 3900 sapit,
2917 3841 3133 3895 etiam
3189 3845 3286 3898 ibi
3328 3846 3668 3900 instituitur
3691 3856 3744 3900 ut

1940 3917 2220 3982 parvulus,
2252 3930 2358 3982 quo
2407 3915 2650 3973 effectus
2689 3921 3071 3990 aliquando
3116 3935 3234 3988 vir
3271 3951 3396 4005 per
3435 3936 3739 4005 profectum

1941 4006 2219 4068 sapientia:
2257 4020 2375 4072 qua:
2406 4008 2631 4074 parvuli
2689 4025 2854 4066 sunt
2915 4020 3263 4088 deponat.
3321 4027 3456 4080 Am
3498 4042 3613 4080 ηοη
3647 4026 3741 4078 ωε

1943 4093 2168 4160 aliquid,
2203 4095 2246 4146 si
2283 4095 2621 4161 Spiritaliter
2677 4100 3141 4176 intelligatur,
3203 4117 3418 4169 etiam
3476 4118 3573 4170 lex
3608 4114 3739 4168 dest.

1941 4191 2095 4251 gnat,
2119 4197 2240 4284 cum
2269 4182 2404 4283 dicit
2437 4183 2525 4237 ’ὥς
2559 4186 2864 4256 Loqueris
2921 4197 2994 4251 in
3057 4203 3155 4255 eis
3215 4208 3455 4260 sedens
3501 4207 3674 4270 donli,
3698 4215 3741 4258 rt

1943 4287 2160 4339 pergens
2175 4274 2237 4364 in
2264 4274 2371 4364 via,
2396 4283 2445 4325 et
2467 4274 2702 4342 jncens,
2742 4293 2800 4333 et
2829 4300 3206 4359 exsurgens
3229 4297 3266 4349 .’
3299 4297 3491 4363 Quod
3523 4302 3598 4350 ita
3627 4311 3740 4364 pos-

303 4365 559 4458 digne-os
602 4367 834 4458 vestrum
883 4355 1220 4458 meditabitur
1266 4352 1606 4419 sapientiam.
1655 4351 1837 4418 Neque
1869 4352 1912 4406 D
1943 4375 2129 4414 smnus
2174 4361 2486 4430 intelligere
2523 4380 2538 4416 :
2578 4367 2883 4425 sedentes
2944 4379 3011 4431 in
3040 4351 3419 4442 “domo‘et
3462 4351 3721 4458 jactur-tes

304 4452 445 4507 enim
474 4451 587 4502 haec
613 4447 722 4499 sola
753 4455 834 4499 est
875 4445 1146 4512 sapientia:
1192 4443 1488 4506 meditatio,
1516 4443 1559 4495 si
1595 4441 1714 4509 quis
1741 4441 1839 4494 do-

305 4555 426 4593 cere
460 4544 652 4604 potest,
680 4533 760 4586 vel
805 4533 962 4586 latius
1007 4533 1058 4585 in
1103 4532 1334 4586 Ecclesia
1381 4533 1678 4600 disputare,
1708 4543 1840 4584 con-

305 4629 632 4683 tradicentes
658 4622 951 4676 revincere.
985 4622 1076 4674 Est
1103 4622 1315 4690 quidem
1355 4632 1409 4674 et
1451 4621 1553 4674 hoc
1583 4633 1717 4686 opus
1748 4632 1830 4672 sa-

306 4721 538 4789 pientiae,
570 4715 659 4770 sed
687 4713 821 4768 alius
870 4712 1122 4780 amplius,
1169 4713 1305 4766 alius
1348 4722 1521 4764 autem
1562 4710 1757 4763 minus.
1781 4709 1837 4762 lu

305 4811 409 4864 alio
433 4810 534 4862 hoc
558 4807 726 4874 ipsum
757 4805 897 4870 quod
931 4804 1099 4857 credit
1139 4802 1231 4857 Dei
1259 4804 1550 4871 sapientiae,
1578 4801 1836 4870 sapientia

306 4905 577 4966 reputatur
607 4911 620 4946 :
649 4894 702 4946 in
731 4892 834 4946 alio
863 4901 916 4946 et
955 4893 1053 4945 hoc
1085 4892 1223 4958 quod
1259 4891 1542 4959 acquiescit
1578 4889 1837 4957 sapienti-

305 4987 403 5040 bus
449 4993 501 5038 et
544 4991 688 5036 amat
731 4981 870 5035 dicta
915 4981 1255 5048 sapientium,
1285 4981 1545 5046 sapientia
1594 4978 1836 5032 dicitur:

305 5073 568 5128 nonnullis
598 5087 724 5125 vero
761 5071 922 5123 etiam
978 5071 1430 5134 interrogantibus
1472 5066 1838 5120 tantummodo

305 5166 371 5216 de
391 5161 668 5229 sapientia,
717 5157 972 5225 sapientia
1022 5164 1316 5223 reputatur.
1353 5154 1480 5207 Illud
1522 5155 1692 5206 solum
1745 5153 1841 5206 ob-

307 5257 533 5309 servate,
572 5247 786 5308 fratres,
825 5259 892 5298 ne
937 5244 1056 5312 quis
1110 5251 1339 5295 vestrum
1383 5244 1682 5296 inveniatur
1732 5256 1837 5295 non

307 5335 474 5388 solum
509 5350 611 5388 non
635 5334 776 5400 loqui
809 5347 908 5385 nec
936 5331 1174 5384 meditari
1209 5330 1541 5398 sapientiam,
1572 5345 1756 5382 verum
1786 5339 1840 5383 et

309 5423 481 5476 odisse
535 5432 693 5490 atque
735 5421 1000 5473 adversari
1045 5420 1108 5473 iis
1153 5421 1241 5487 qui
1283 5420 1515 5474 studium
1567 5417 1840 5484 sapientiae

380 5527 421 5592 '7"
445 5526 586 5580 Psal.
616 5541 799 5587 xxxvr,
822 5528 910 5592 28,
936 5529 1025 5583 29.

314 5591 358 5622 δ’
384 5591 580 5646 Coloss.
621 5609 700 5658 ιιι,
732 5595 813 5646 16.
916 5595 960 5627 ⁸⁸
985 5598 1136 5650 Deut.
1184 5611 1255 5660 vt,
1285 5597 1334 5647 7.

1099 5527 1145 5559 ⁸⁸
1171 5529 1302 5582 ibid.
1334 5526 1421 5580 30.
1495 5525 1538 5556 ’9
1570 5523 1718 5576 Deut.
1749 5537 1825 5585 vn,
1861 5526 1914 5578 7.

1425 5593 1468 5626 "
1490 5591 1641 5645 Joau.
1667 5592 1850 5656 V1,”.

1939 4463 2064 4546 cum
2095 4448 2146 4500 in
2172 4447 2440 4512 Ecclesia,
2469 4465 2596 4518 qua:
2637 4464 2734 4508 est
2770 4461 3020 4522 domus
3066 4471 3220 4539 Dei,
3273 4447 3605 4546 loqui;nur
3631 4447 3742 4531 ver.

1940 4538 2067 4639 bum
2096 4538 2293 4639 Dei-,"iu
2329 4539 2438 4593 hoc
2463 4542 2695 4639 scilicet
2719 4563 3016 4620 corpore
3048 4538 3290 4628 positi,
3334 4538 3661 4639 pergentes
3691 4570 3738 4622 in

1940 4628 2054 4728 via,
2096 4631 2148 4683 in
2195 4628 2306 4728 ilmla.
2336 4645 2465 4698 qua
2511 4633 2654 4686 dicit
2722 4636 2780 4669 η
2813 4657 2831 4692 ε
2879 4641 3025 4714 Ego
3064 4667 3217 4706 sum
3273 4628 3412 4722 mia,
3455 4628 3742 4728 foq‘limm

1940 4716 2167 4770 verbum
2213 4718 2352 4771 Dei:
2393 4731 2450 4774 et
2485 4736 2929 4798 exsurgentes,
2981 4752 3129 4794 cum
3185 4699 3738 4804 exsitrrel‘e‘riiiiu;

1943 4820 2213 4908 eusomno
2271 4812 2472 4908 mortis
2526 4811 2582 4863 in
2646 4828 3170 4896 resurrectione,
3231 4842 3404 4892 tunc
3454 4839 3740 4908 loquimur

1945 4892 2038 4994 illa
2077 4909 2198 4994 qua:
2229 4896 2476 4994 perfecta
2507 4909 2670 4964 sunt,
2713 4892 3163 4982 eat-surgente;
3186 4925 3279 4978 de
3317 4892 3558 4982 εωώὲ
3594 4944 3735 4982 mor.

1946 4984 2217 5088 ξξῗξῃθίξιξξ
2257 4984 2867 5088 78'.S"1l°“‘°“_676
2911 5004 3073 5060 dicit
3112 5011 3202 5066 de
3246 5030 3333 5069 eo
3367 5021 3481 5086 qui
3518 5023 3737 5088 sapFeu-

1945 5069 2491 5172 ti.atn.sibi.amicam
2539 5089 2597 5132 et
2639 5065 3017 5145 familiarem
3055 5065 3737 5174 ΐεοίιξξιῶζ

1948 5255 2148 5344 capies,
2174 5259 2362 5350 etnon
2389 5255 2602 5310 timebis
2631 5269 2914 5322 terrorem
2944 5283 3535 5346 διιρεννεηίεηερω.
3567 5303 3736 5351 neque

1947 5346 2176 5430 impetus
2233 5340 2529 5409 impiorum
2574 5347 2860 5407 irruentes
2913 5375 3088 5425 super
3155 5375 3226 5419 te
3276 5371 3367 5424 ⁸⁸.

1951 5419 2054 5474 ista
2088 5424 2157 5477 de
2197 5439 2266 5480 eo
2305 5431 2458 5496 quod
2511 5438 2798 5506 scriptum
2831 5455 2918 5497 est
2944 5462 2958 5498 :
2983 5419 3297 5515 Ὀδίιιδιί

2017 5530 2456 5626 ﬁliumqui,
2483 5545 2543 5600 9.
2628 5548 2674 5580 δι
2707 5551 2858 5608 Psal.
2889 5569 3078 5620 xxxvi,
3145 5561 3272 5618 30.
3379 5569 3440 5600 “
3470 5570 3489 5624 Ι
3519 5572 3661 5626 Cor.
3694 5587 3732 5625 t-

1929 5595 1979 5627 ιο
2017 5548 2456 5674 ςτξεῐδῖςιῖίξξὶι
2483 5548 2543 5600 θ’
2628 5548 2674 5580 “
