3910 6308
947 360 1273 438 SELECTA
1304 363 1376 422 IN
1411 364 1746 426 PSALMOS.
1785 396 1854 408 -—

1979 364 2112 419 MIL.
2153 364 2195 417 Υ
2230 361 2295 415 IN
2326 351 2521 414 PSAL.
2553 352 2784 409 XXXVI.

3362 346 3498 400 1569.

152 440 252 584 li;
271 440 568 584 Ιξὲἓϊᾜηι
599 462 820 526 (“libus
865 485 1106 544 additur
1134 503 1152 538 :
1189 474 1253 531 Et
1287 474 1472 548 lingua
1500 479 1609 549 ejus
1635 482 1868 543 loquetur
1893 479 1940 534 Α
1966 473 2130 529 moria
2159 485 2212 527 et
2235 465 2542 538 diligentius
2576 464 2833 529 retinetis,
2870 462 3006 516 scire
3034 459 3239 515 debetis
3281 457 3404 528 quia
3450 461 3495 512 si

511 577 526 584 -
1972 561 2272 584 -__:-_-.:--..
2311 558 2399 584 nn:
2438 554 2754 584 mn.t:.n...:n:
2798 553 2846 584 :..
2887 566 2977 584 mm
3018 558 3192 584 unum
3236 558 3284 584 nl
3323 547 3495 584 Iinmm

306 624 619 740 ¢:Duplici
649 658 821 709 modo
857 664 1070 737 lingua
1110 662 1240 738 justi
1266 660 1589 733 intelligitur
1616 663 1756 731 loqui
1785 662 1870 728 ἱα-

251 739 650 834 ᾲὶθωιῐξνξίνθ
687 754 790 807 ντί)
843 761 922 804 εο
979 759 1121 824 quod
1166 750 1342 806 omnia
1385 761 1529 805 recto
1568 751 1786 816 judicio,
1816 756 1868 803 et

284 838 414 901 nit“
445 822 835 888 ἀθὶῖὶιετὶιὶῖοιιθ
875 851 940 895 et
979 822 1103 899 cum
1129 840 1348 898 consilio
1385 841 1618 910 loquitur
1655 855 1771 908 qua:
1795 840 1870 893 lo-

232 1000 240 1003 η
296 931 506 1007 quitur,
539 931 592 978 et
617 923 747 979 nihil
778 941 881 995 per
909 933 1270 994 iracundiam,
1304 933 1434 985 nihil
1470 942 1526 985 ut
1567 931 1871 985 hominibus

234 1055 249 1075 θ
311 1025 543 1094 placeat,
570 1015 703 1070 nihil
747 1031 814 1071 ex
861 1021 1116 1085 tristitia,
1158 1021 1282 1073 nihil
1316 1034 1378 1073 ex
1421 1029 1580 1080 metu,
1607 1035 1722 1088 quae
1758 1019 1870 1072 sin-

303 1113 441 1184 gula
470 1109 638 1165 solent
664 1108 847 1175 utique
881 1124 992 1162 non
1040 1112 1297 1177 integrum
1329 1110 1625 1161 hominibus
1660 1120 1870 1160 servare

282 1203 602 1273 judicium,
641 1199 725 1254 vel
750 1206 903 1253 certe
943 1200 1090 1267 quod
1124 1213 1330 1265 semper
1369 1199 1434 1251 de
1476 1198 1650 1249 futuro
1673 1196 1869 1264 judicio

275 1293 561 1359 taquitur
591 1288 801 1356 justus,
843 1298 904 1340 ut
947 1303 1293 1342 commonens
1329 1302 1536 1354 semper
1572 1288 1648 1339 vel
1680 1295 1874 1339 semet--

268 1378 520 1445 iptsum,
555 1377 638 1430 vel
665 1376 752 1442 qui
783 1388 841 1428 se
888 1375 1136 1437 audiunt,
1167 1377 1230 1427 de
1271 1373 1431 1425 futuri
1475 1371 1657 1438 jndicii
1707 1377 1868 1432 metu,

257 1477 369 1524 e-t
401 1469 474 1520 de
501 1465 780 1534 suppliciis
815 1480 934 1533 qua:
978 1473 1271 1533 prmparala
1315 1470 1438 1515 sunt
1481 1459 1868 1528 peccatoribus,

266 1558 372 1610 d-e
409 1555 606 1608 futura
637 1554 1060 1616 examinatione,
1092 1553 1182 1606 sed
1204 1561 1258 1604 ct
1282 1551 1347 1603 de
1376 1548 1872 1616 repromissionibus

269 1656 637 1700 sanctorum
663 1659 780 1710 quae
806 1652 1112 1711 praeparata:
1143 1650 1264 1692 sunt
1286 1639 1364 1692 eis
1393 1654 1422 1691 a
1444 1639 1572 1700 Deo,
1601 1649 1654 1692 et
1683 1646 1874 1691 semet-

269 1737 496 1804 ipsum
526 1733 737 1786 salvum
767 1732 948 1793 faciat,
982 1744 1034 1784 et
1057 1729 1264 1796 eosqui
1308 1742 1366 1781 se
1411 1727 1646 1781 audiunt.
1673 1727 1737 1779 Et
1773 1727 1871 1780 hoc

1967 561 2275 631 sapientiam
2311 558 2399 612 Dei
2438 554 2755 610 meditemini
2798 553 2846 606 in
2887 566 2977 606 ore
3018 558 3212 615 vestro,
3236 558 3288 602 et
3323 547 3496 615 lingua

1969 663 2141 706 vestra
2171 651 2413 717 loquatur
2439 645 2718 714 judicium,
2751 653 2802 695 ct
2834 643 2916 695 lex
2947 641 3034 694 Dei
3068 640 3137 693 sit
3169 639 3222 691 in
3250 637 3499 691 cordibus

1969 747 2196 807 vestris,
2245 752 2511 806 nunquam
2552 735 3034 803 supplantabuutur
3067 745 3281 798 gressus
3315 729 3499 784 vestri.

2035 835 2088 887 4.
2137 832 2260 885 Post
2297 829 2410 882 haec
2458 827 2573 880 ait:
2620 823 2944 884 Considerat,
2976 819 3230 885 inquit",
3267 827 3501 885 peccator

1959 923 2181 991 justum.
2216 919 2526 974 Cousiderat
2563 921 2616 968 et
2660 914 2894 966 intuetur
2920 917 3164 976 peccator
3198 908 3418 976 justum,
3446 914 3500 957 et

1968 1011 2141 1079 gravis
2191 1017 2269 1063 est
2321 1008 2369 1061 ei
2412 1006 2478 1059 ad
2517 1004 2821 1064 videndum,
2861 1007 2915 1052 et
2953 998 3068 1050 ideo
3113 997 3411 1050 considerat
3445 1003 3503 1045 ut

1969 1100 2124 1153 morti
2144 1113 2261 1152 eum
2291 1097 2462 1150 tradat
2485 1110 2498 1146 :
2519 1091 2658 1162 quod
2675 1090 2910 1144 fecerunt
2933 1087 3043 1140 sine
3063 1084 3219 1137 dubio
3251 1081 3504 1135 adversus

1969 1189 2294 1244 Salvatorem
2327 1186 2397 1238 illi
2422 1183 2509 1253 qui
2549 1180 2830 1250 prophetas
2875 1176 3202 1237 occiderunt,
3249 1179 3303 1226 et
3341 1171 3500 1223 Deum

1969 1282 2372 1342 crueilixcrunt,
2425 1287 2480 1332 et
2523 1290 2620 1329 nos
2660 1271 2921 1342 persecuti
2965 1277 3086 1323 sunt
3133 1266 3292 1321 etiam
3343 1277 3503 1324 nime,

1967 1368 2277 1437 etpOpulum
2299 1366 2388 1419 Dei
2407 1365 2494 1432 qui
2522 1372 2603 1416 est
2623 1360 2842 1423 Christi,
2863 1360 2912 1412 id
2939 1354 3254 1422 estjustitize
3284 1351 3508 1416 discipu-

1968 1457 2067 1520 los,
2093 1454 2425 1507 considerant
2453 1459 2503 1504 et
2525 1449 2677 1503 morti
2704 1446 2910 1500 tradere
2934 1443 3240 1511 cupiunt,et
3265 1445 3509 1507 qua‘runt

1968 1541 2290 1597 mortiﬁcare
2326 1553 2437 1593 eos.
2481 1537 2584 1591 Sed
2614 1535 2740 1603 quid
2783 1533 2910 1587 dicit
2947 1530 3168 1600 populus
3217 1528 3305 1581 Dei
3335 1528 3507 1596 justus

1969 1644 2020 1686 et
2054 1630 2275 1700 justitite
2301 1626 2628 1695 discipulus?
2658 1625 2746 1678 Ille
2784 1624 2949 1676 utitur
2980 1622 3138 1675 verbo
3171 1619 3426 1687 Magistri,
3455 1627 3502 1672 et

1973 1723 2096 1775 dicit
2119 1722 2195 1775 ⁸³ε
2227 1719 2347 1773 Non
2378 1717 2586 1770 haberes
2622 1715 2671 1766 in
2695 1730 2770 1766 me
2799 1721 3118 1782 potestatem,
3145 1712 3241 1764 nisi
3273 1710 3364 1762 tibi
3386 1710 3508 1762 data

267 1788 480 1877 l;l0d0
513 1821 895 1889 complcbitur,
919 1821 1042 1887 quia
1074 1791 1250 1888 lingua
1288 1819 1413 1886 justi
1459 1818 1706 1885 loquetur
1729 1816 1870 1883 judi-
1905 1788 1944 1838 Β
1973 1821 2100 1865 esset
2136 1812 2371 1872 desuper.
2401 1807 2578 1862 Potest
2613 1806 2711 1858 hoc
2738 1812 2789 1858 et
2819 1805 2871 1855 in
2911 1815 3146 1870 tempore
3180 1799 3507 1867 persecutio-

263 1915 485 1968 cium.
533 1911 594 1966 Si
646 1925 774 1964 vero
797 1919 1005 1978 oportet
1029 1910 1186 1963 etiam
1231 1909 1314 1963 hic
1353 1907 1757 1960 declinationem
1793 1907 1874 1960 t'u-

269 2002 421 2055 turi
459 2000 727 2066 temporis
758 1999 1064 2060 observare,
1100 1997 1219 2062 quia
1267 2012 1370 2048 non
1423 1995 1576 2057 dixit,
1620 1994 1871 2062 loquitur,

267 2093 400 2144 sed
434 2091 706 2158 loquetur,
736 2101 1016 2154 possumus
1049 2087 1206 2138 etiam
1232 2085 1282 2137 in
1313 2086 1412 2138 hoc
1436 2084 1538 2137 tale
1567 2083 1767 2149 aliquid
1795 2083 1876 2136 in-

268 2180 598 2248 telligere,
631 2178 755 2244 quia
793 2192 932 2228 nunc
962 2185 1428 2242 quantumcunque
1472 2173 1600 2226 illud
1627 2182 1708 2225 est
1737 2173 1873 2239 quod

271 2273 366 2324 de
409 2268 513 2322 Dei
542 2267 754 2336 judicio
788 2267 865 2319 vel
923 2266 1059 2332 loqui
1105 2279 1382 2332 possumus
1420 2263 1501 2316 vel
1541 2264 1760 2325 sentire,
1790 2276 1877 2316 ne-

273 2372 472 2414 cesse
504 2367 592 2409 est
625 2370 726 2408 nos
752 2354 878 2407 illud
910 2355 1052 2407 scire
1079 2352 1214 2419 quod
1243 2351 1425 2404 deﬁnit
1452 2352 1758 2418 Apostolus,
1795 2352 1876 2404 di-

279 2461 446 2500 cens
475 2445 574 2498 ‘7:
620 2444 790 2507 Quam
831 2441 1186 2494 inscrutubitia
1234 2450 1354 2493 sunt
1392 2441 1598 2506 judicia
1638 2441 1783 2507 ejus,
1830 2449 1873 2491 et

281 2533 712 2601 investigabiles
739 2533 830 2584 via:
856 2530 1001 2597 ejus!
1029 2528 1085 2582 Si
1119 2543 1244 2581 vero
1279 2531 1557 2596 pervenire
1589 2531 1877 2597 poterimus

284 2625 368 2677 ad
400 2625 564 2676 illam
599 2621 1005 2687 perfectionem,
1035 2620 1099 2671 de
1126 2633 1227 2684 qua
1264 2619 1390 2672 dicit
1419 2618 1464 2648 ’⁵⁸
1496 2635 1509 2670 ;
1541 2617 1681 2669 Tunc
1709 2627 1876 2671 autem

285 2714 454 2780 facie
493 2715 569 2766 ad
603 2713 813 2778 faciem,
847 2712 896 2764 id
927 2720 1008 2763 est
1037 2725 1155 2762 cum
1202 2722 1284 2762 res
1316 2710 1439 2777 ἱρείη
1485 2710 1638 2764 nobis
1663 2710 1878 2764 eviden-

293 2805 489 2857 tior-es
542 2803 698 2861 tlettt.
749 2815 869 2854 cum
920 2802 1240 2867 coeperimus
1287 2813 1573 2868 agnoscere
1622 2799 1875 2852 rationem

291 2890 666 2959 singularum
717 2904 895 2942 rerum
946 2889 1160 2956 quat-iu
1209 2888 1310 2942 hoc
1353 2887 1548 2940 mundo
1587 2886 1666 2940 vel
1717 2896 1878 2954 gesta:

289 2991 437 3032 sunt
464 2978 557 3030 vel
585 2988 870 3046 geruntur,
906 2979 1045 3043 quali
1085 2977 1277 3043 iudicio
1311 2985 1468 3045 gestze
1496 2987 1638 3038 sunt,
1672 2976 1749 3029 vel
1774 2991 1878 3043 quo

1973 1897 2056 1950 nis
2088 1895 2362 1964 gentilium
2397 1894 2461 1946 de
2506 1893 2704 1945 sanctis
2751 1889 3073 1958 martyribus
3111 1897 3165 1940 et
3192 1887 3510 1940 confessori.

1972 1987 2070 2040 bus
2117 1984 2309 2054 aptari.
2359 1984 2711 2036 Considerant
2757 1982 2898 2034 enim
2948 1980 3096 2048 impii
3146 1985 3510 2045 persecutores

1974 2088 2401 2142 unumquemque
2459 2073 2722 2140 justorum
2787 2079 2840 2124 et
2895 2078 3137 2138 quaerunt
3190 2066 3511 2121 mortiﬁcare

1973 2180 2115 2222 eum.
2155 2164 2258 2217 Sed
2293 2179 2358 2217 ne
2411 2177 2654 2216 securum
2700 2162 2884 2214 reddat
2929 2159 3075 2228 pacis
3103 2165 3359 2224 tempore
3411 2156 3510 2208 ista

1977 2255 2094 2308 talis
2142 2253 2424 2320 expositio,
2464 2258 2727 2304 memento
2776 2249 2901 2316 quia
2944 2245 3306 2314 quotidianum
3351 2245 3513 2297 habet

1969 2346 2144 2413 justus
2172 2350 2563 2411 persecutorem
2592 2337 2880 2400 diabolum,
2910 2345 2964 2389 et
2992 2337 3078 2390 ille
3103 2343 3184 2390 est
3212 2333 3304 2402 qui
3334 2333 3512 2387 consi-

1976 2437 2123 2487 derat
2154 2431 2373 2500 justum.
2407 2426 2686 2480 lnsidiatur
2726 2424 2865 2477 enim
2907 2436 3113 2491 semper
3158 2428 3213 2474 et
3251 2420 3387 2472 sicut
3431 2417 3514 2470 leo

1977 2523 2194 2591 rugiens
2238 2518 2426 2574 circuit
2457 2530 2704 2585 quazrens
2748 2529 2907 2582 quem
2955 2517 3276 2565 trausvoret.
3319 2505 3424 2559 Sed
3467 2506 3514 2560 si

1979 2613 2078 2664 title
2109 2609 2294 2677 plenus
2325 2622 2382 2661 es
2412 2616 2466 2660 et
2505 2605 2727 2658 confidis
2758 2603 2810 2655 in
2842 2600 3084 2660 Domino,
3116 2597 3235 2650 vide
3266 2595 3392 2663 quid
3433 2607 3515 2647 re-

1976 2698 2314 2767 promittatur
2365 2696 2411 2726 ⁸⁵
2455 2712 2468 2748 :
2518 2694 2765 2746 Dominus
2815 2696 2984 2742 autent
3041 2703 3140 2738 non
3199 2684 3513 2752 derelinquet

1975 2806 2090 2844 eum
2120 2790 2174 2841 in
2202 2786 2433 2838 ntanibus
2466 2784 2598 2850 ejus,
2634 2779 2929 2848 peccatoris
2973 2775 3192 2834 scilicet,
3239 2789 3328 2826 nec
3367 2780 3514 2824 dant-

1976 2877 2114 2930 nabit
2151 2891 2266 2928 eum
2293 2889 2409 2926 cum
2443 2871 2769 2940 judicabitur
2801 2867 2900 2920 illi.
2951 2864 3239 2933 Dupliciter
3271 2859 3518 2928 intelligit

1977 2967 2075 3019 hoc
2108 2966 2246 3033 quod
2282 2959 2718 3029 ail,judicabitur
2752 2955 2849 3018 illi,
2877 2955 2928 3008 id
2958 2961 3040 3006 est
3075 2953 3190 3006 sive
3226 2966 3346 3004 cum
3369 2948 3514 3014 judi-

283 3067 522 3134 judicio
569 3067 714 3120 Deus
745 3076 925 3118 utatur
959 3069 1008 3119 in
1043 3067 1280 3136 singulis,
1307 3041 1497 3132 quibus
1536 3041 1877 3133 providentiae

1981 3065 2133 3110 catur
2162 3055 2336 3122 justus
2383 3067 2412 3104 a
2456 3052 2581 3111 Deo,
2619 3049 2729 3101 sive
2768 3060 2887 3099 cum
2925 3046 3036 3111 ipse
3080 3042 3218 3096 Deus
3246 3041 3516 3108 iudicatur

291 3174 418 3213 sum
453 3158 954 3225 dispensationibus
979 3174 991 3208 :
1019 3157 1061 3209 si
1105 3156 1223 3222 quis
1261 3156 1450 3222 dignus
1498 3155 1658 3208 fuerit
1704 3157 1880 3209 consi-

294 3249 515 3300 derare
549 3253 606 3296 et
641 3246 947 3312 perspicere
984 3245 1248 3310 quomodo
1282 3243 1480 3311 judicia
1532 3243 1620 3295 Dei
1659 3243 1882 3312 ahyssus

299 3335 490 3388 multa
528 3344 649 3394 est;
688 3348 806 3385 cum
833 3333 1043 3399 plenius
1079 3332 1308 3398 recipere
1334 3333 1625 3401 poterimus
1655 3335 1879 3401 gratiam

296 3423 555 3490 spiritus
605 3421 746 3473 illius
797 3423 888 3487 qui
931 3422 1107 3473 omnia
1160 3431 1539 3488 perscrutatur,
1567 3425 1724 3476 etiam
1775 3423 1879 3475 alta

299 3510 428 3575 Dei,
466 3519 611 3563 tunc
642 3524 766 3560 vere
791 3519 846 3562 et
873 3509 1074 3576 integre
1103 3511 1390 3564 secundum
1416 3512 1710 3578 prophetici
1736 3512 1878 3566 verbi

297 3599 736 3652 distinctionem
765 3597 940 3664 lingua
967 3598 1092 3665 justi
1135 3597 1378 3664 loquetur
1401 3599 1595 3666 judicia
1627 3600 1742 3654 Dei.

376 3689 438 3742 5.
468 3685 589 3738 Lea:
614 3685 709 3736 Dei
732 3685 844 3752 ejus
863 3686 914 3736 in
944 3687 1096 3738 corde
1116 3686 1274 3749 ipsius
1290 3686 1353 3739 5°.
1373 3687 1482 3739 Non
1514 3688 1680 3740 solum
1711 3688 1762 3740 in
1789 3702 1882 3741 ore

286 3776 494 3842 justus
551 3773 901 3826 meditabitur
948 3775 1285 3841 sapientiam,
1320 3783 1372 3828 et
1415 3776 1588 3844 lingua
1641 3776 1884 3843 loquetur

286 3866 610 3934 judicium,
635 3864 727 3915 sed
753 3874 810 3916 et
841 3864 893 3914 in
919 3865 1079 3916 corde
1111 3878 1210 3916 suo
1238 3864 1405 3932 legem
1443 3864 1530 3918 Dei
1563 3866 1733 3933 gerit;
1760 3869 1881 3934 quia

295 3955 391 4006 lex
430 3950 590 4005 velut
631 3950 780 4001 radix
821 3950 1062 4012 mundam
1108 3951 1157 4003 in
1193 3951 1450 4017 profundo
1481 3955 1656 4008 cordis
1689 3956 1880 4021 posita,

290 4041 597 4109 germinat
628 4040 787 4090 verba
814 4036 1057 4104 justitite,
1095 4043 1254 4093 verba
1277 4043 1598 4104 sanctitatis,
1629 4059 1743 4111 qua:
1770 4061 1886 4112 prc-

295 4134 413 4184 tert
444 4130 642 4198 justus
677 4129 742 4180 de
772 4130 934 4181 corde
961 4143 1077 4190 suo,
1108 4139 1160 4184 et
1192 4145 1294 4182 non
1325 4133 1491 4184 solum
1529 4135 1764 4195 verbum,
1795 4148 1884 4185 ve-

291 4237 430 4274 rum
464 4229 528 4272 et
561 4228 718 4270 actus
743 4218 904 4268 etiam
935 4227 988 4270 et
1018 4227 1189 4286 gesta.
1214 4218 1377 4272 Judaei
1415 4235 1547 4286 pene
1580 4222 1882 4276 indesinen-

288 4320 388 4364 ter
423 4310 612 4376 legem
642 4306 736 4358 Dei
767 4320 861 4358 ore
893 4322 989 4360 suo
1020 4318 1072 4359 et
1099 4307 1254 4360 labiis
1286 4310 1626 4374 meditantur,
1660 4315 1748 4364 sed
1777 4327 1878 4364 non

1980 3161 2098 3200 cum
2122 3145 2286 3212 justo.
2315 3141 2639 3207 Frequenter
2668 3136 2809 3190 enim
2833 3135 3011 3188 divina
3055 3133 3330 3199 Scriptura
3362 3130 3516 3183 docet

1980 3238 2090 3289 haec
2136 3233 2270 3295 ﬁeri,
2301 3231 2480 3283 dicens
2501 3229 2546 3260 ⁸⁵
2577 3227 2699 3294 quia
2747 3225 2850 3292 ipse
2885 3223 3131 3276 Dominus
3172 3221 3223 3273 in
3251 3220 3515 3288 judicium

1978 3319 2159 3372 veniet.
2197 3319 2328 3370 Cum
2368 3330 2492 3382 ergo
2532 3311 2854 3380 iudicabitur
2891 3311 3065 3376 justus
3105 3323 3226 3362 cum
3269 3307 3512 3367 Domino,

1979 3425 2080 3463 non
2128 3406 2586 3468 condemnabitur,
2612 3416 2664 3457 et
2709 3404 2823 3456 ideo
2855 3402 2982 3455 dicit
3003 3401 3048 3430 “
3078 3415 3088 3448 :
3128 3397 3383 3463 Exspecta
3411 3399 3514 3450 Do-

1979 3498 2212 3558 minum;
2259 3495 2309 3548 id
2337 3502 2420 3547 est
2465 3494 2510 3547 si
2545 3492 2837 3554 tribularis,
2867 3490 2912 3544 si
2962 3489 3013 3542 in
3057 3489 3313 3556 angustiis
3347 3502 3425 3553 es,
3471 3489 3514 3542 si

1983 3587 2032 3639 in
2084 3581 2556 3652 persecutionibus,
2591 3587 2826 3646 exspecta
2871 3577 3166 3637 Dominum,
3215 3583 3264 3627 et
3314 3575 3516 3628 custodi

1980 3677 2110 3728 viam
2136 3675 2268 3742 ejus,
2297 3689 2395 3728 nec
2436 3671 2667 3726 declines
2707 3671 2773 3722 ad
2819 3669 3092 3721 dexteram
3130 3680 3301 3732 neque
3337 3669 3404 3718 ad
3442 3667 3518 3718 si-

1982 3767 2221 3818 nistram.
2251 3763 2306 3817 Si
2337 3764 2478 3816 enim
2512 3758 2951 3813 indeclinabiliter
2991 3755 3386 3823 exspectaveris
3415 3756 3516 3808 Do-

1983 3851 2204 3915 minum,
2237 3849 2547 3916 adipisceris
2583 3848 2710 3898 illud
2743 3846 2882 3913 quod
2912 3844 3190 3911 sequitur:
3224 3843 3287 3895 Et
3323 3843 3520 3896 exalta-

1982 3939 2049 3991 bit
2071 3949 2138 4004 te,
2169 3937 2336 4004 inquit
2356 3937 2420 4002 ⁸⁷,
2439 3947 2492 3989 ut
2511 3936 2782 3988 Itazretlites
2803 3942 3012 3987 terram.
3039 3931 3366 4000 Frequenter
3384 3930 3519 3983 dixi-

1982 4044 2098 4083 mus
2129 4031 2194 4083 de
2238 4038 2376 4081 terra
2420 4037 2622 4091 sancta,
2655 4036 2708 4079 et
2749 4025 2814 4078 de
2862 4034 3002 4078 terra
3046 4037 3164 4092 quae
3204 4023 3258 4075 in
3293 4020 3519 4074 haeredi-

1986 4127 2144 4172 tatem
2196 4117 2607 4185 promissionum
2660 4116 2954 4170 coelestium
2994 4114 3322 4176 nominatur,
3369 4111 3520 4182 cujus

1983 4217 2182 4260 natura:
2205 4208 2363 4260 etiam
2392 4208 2524 4260 situs
2549 4206 2705 4275 paulo
2735 4205 3031 4260 evidentius
3051 4204 3102 4257 in
3130 4204 3229 4257 hoc
3256 4202 3518 4256 versiculo

1982 4297 2306 4364 designatur.
2359 4296 2492 4350 Nam
2536 4297 2636 4349 ista
2685 4304 2826 4349 terra
2872 4296 2923 4347 in
2974 4307 3074 4361 qua
3123 4306 3263 4346 nunc
3291 4293 3520 4346 vivimus

285 4400 522 4451 habent
559 4407 681 4446 eam
712 4393 762 4445 iu
793 4395 1055 4460 profundo
1085 4396 1262 4448 cordis
1288 4397 1536 4459 deﬁxam,
1565 4407 1617 4448 et
1641 4408 1880 4466 propter-
1915 4378 1955 4430 ι)
1985 4387 2234 4440 deorsum
2277 4401 2394 4440 esse
2439 4386 2652 4448 dicitur,
2693 4383 2982 4438 secundum
3032 4384 3161 4437 illud
3209 4384 3347 4452 quod
3388 4383 3521 4437 scri-

283 4503 363 4541 ea
401 4483 620 4539 dicitur
655 4481 722 4532 ad
751 4495 845 4534 eos
869 4482 914 4513 '°
943 4499 956 4535 :
992 4480 1222 4550 Populus
1267 4485 1348 4536 hic
1390 4485 1538 4537 labiis
1585 4503 1663 4538 me
1715 4489 1878 4540 Itono-

286 4585 433 4638 rat,
483 4589 584 4626 cor
624 4583 799 4625 autem
853 4588 1030 4626 eorum
1061 4573 1212 4641 longe
1245 4584 1320 4627 est
1371 4592 1404 4627 a
1449 4593 1547 4628 me.
1603 4575 1706 4629 Nos
1755 4593 1882 4646 ergo

282 4667 342 4720 si
376 4661 695 4718 secundum
734 4663 830 4713 hoc
853 4661 994 4728 quod
1031 4661 1278 4729 legimus,
1314 4677 1407 4716 ore
1452 4675 1636 4718 nostro
1669 4667 1881 4733 sapien-

286 4755 442 4807 tiam
489 4747 822 4804 meditemur
863 4758 916 4801 et
956 4749 1130 4819 lingua
1183 4759 1367 4802 nostra
1414 4751 1697 4818 loquamur
1736 4755 1878 4822 judi-

280 4844 480 4906 cium,
517 4848 575 4893 et
621 4839 704 4890 lex
733 4837 824 4890 Dei
872 4837 940 4891 sit
987 4839 1038 4891 in
1085 4840 1340 4892 cordibus
1370 4842 1590 4904 uestris,
1621 4843 1882 4911 adipisce-

284 4948 432 4988 mur
474 4930 616 4985 illud
645 4929 784 4997 quod
815 4929 1053 4995 sequitur
1077 4930 1121 4960 ⁵¹
1155 4943 1171 4982 :
1216 4927 1287 4978 Et
1325 4943 1422 4980 non
1465 4931 1879 4997 supplantabun-

283 5035 392 5080 ,αν
420 5036 644 5093 gressus
691 5019 822 5086 ejus.
869 5017 1000 5073 Puto
1053 5033 1148 5073 nos
1192 5018 1508 5073 meminisse
1544 5035 1728 5077 eorum
1767 5039 1901 5094 quae"

267 5115 515 5168 dudum
549 5112 617 5164 de
645 5109 916 5178 gressibus
945 5106 1347 5176 disputavimus,
1389 5121 1438 5161 et
1480 5125 1618 5176 opus
1665 5126 1750 5168 est
1786 5134 1881 5172 nos

269 5208 343 5258 in
388 5199 721 5254 memoriam
753 5211 998 5251 revocare
1027 5210 1140 5263 qua:
1164 5192 1307 5245 dicta
1334 5205 1479 5259 sunt,
1505 5209 1566 5250 ut
1602 5201 1884 5261 videamus

267 5285 587 5357 quomodo
620 5284 970 5352 ingredientes
995 5280 1205 5349 quidam
1242 5281 1667 5347 supplantantnr
1712 5299 1774 5342 et
1810 5292 1887 5346 ef.

271 5378 616 5433 funduntur
638 5386 850 5442 gressus
883 5385 1077 5424 eorum.
1108 5365 1263 5428 Quod
1307 5371 1350 5421 si
1387 5359 1630 5428 servatis
1663 5377 1722 5431 in
1772 5399 1883 5438 me.

1985 4485 2131 4542 ptum
2169 4484 2249 4529 est
2279 4476 2324 4507 ⁵⁸
2352 4492 2364 4527 :
2408 4475 2545 4527 Deus
2576 4483 2747 4527 autem
2776 4473 2828 4526 in
2853 4473 2976 4526 caelo
2997 4489 3222 4539 sursum,
3258 4482 3314 4525 tu
3347 4481 3517 4524 autem

1985 4567 2036 4616 in
2069 4573 2203 4616 terra
2231 4564 2488 4616 deorsum.
2519 4561 2610 4615 illa
2651 4567 2826 4616 autem
2869 4569 3007 4614 terra
3049 4577 3166 4630 qua:
3207 4564 3259 4617 in
3300 4563 3520 4619 hatredi-

1987 4661 2144 4706 tatem
2172 4653 2328 4720 justis
2361 4652 2705 4717 promittitur,
2747 4665 2849 4704 non
2879 4652 3147 4717 deorsum,
3181 4652 3273 4706 sed
3304 4666 3516 4706 sursum

1986 4758 2106 4796 esse
2134 4744 2477 4810 promittitur.
2512 4745 2795 4812 Propterea
2840 4744 2907 4797 ad
2954 4756 3075 4796 eum
3120 4743 3208 4810 qui
3247 4749 3522 4810 exspectat

1985 4837 2144 4907 677
2189 4835 2464 4890 Dominum
2515 4842 2568 4888 et
2611 4833 2842 4888 custodit
2877 4832 3016 4886 viam
3057 4832 3191 4900 ejus,
3225 4831 3300 4885 ait
3333 4844 3521 4899 repro-

1988 4927 2261 4981 missionis
2294 4939 2470 4980 sermo
2497 4941 2512 4978 :
2542 4923 2808 4977 Exaltabit
2838 4932 2886 4975 te
2912 4931 2968 4974 ut
3000 4922 3271 4974 lueredites
3300 4928 3516 4972 terram.

1987 5017 2097 5072 Nisi
2130 5018 2271 5071 enim
2307 5015 2428 5084 quis
2470 5015 2736 5069 exaltetur
2769 5023 2825 5068 et
2869 5013 3123 5068 ascendat
3165 5012 3216 5063 in
3266 5009 3427 5060 altum
3463 5015 3518 5058 et

1989 5106 2250 5160 efﬁciatur
2287 5104 2539 5167 caelestis,
2582 5119 2686 5158 non
2729 5110 2900 5172 potest
2946 5100 3312 5154 hereditatem
3361 5103 3518 5148 terra:

1989 5199 2128 5251 illius
2157 5196 2429 5264 consequi.
2475 5195 2627 5250 Unde
2667 5209 2764 5260 ego
2793 5191 3042 5251 arbitror,
3073 5189 3194 5256 quia
3226 5187 3363 5238 sicut
3393 5185 3516 5237 ρωιί

1991 5289 2166 5350 istius,
2196 5287 2248 5340 id
2279 5296 2359 5340 est
2387 5283 2728 5346 ﬁrmamenti,
2758 5279 2979 5332 inferius
3021 5276 3191 5330 solum
3221 5272 3370 5325 arida
3399 5271 3515 5327 haec

1992 5383 2042 5436 in
2074 5393 2177 5448 qua
2218 5391 2313 5431 nos
2357 5374 2680 5434 habitamus,
2731 5379 2872 5421 terra
2923 5364 3041 5431 ejus
3079 5363 3271 5416 dicitur
3299 5375 3314 5411 :
3344 5359 3416 5410 ita
3464 5369 3522 5413 et

367 5563 414 5597 "
452 5559 608 5612 llom.
634 5553 825 5624 x555.
1006 5545 1362 5624 Constitui}.
1416 5550 1484 5624 μέν
1504 5553 1664 5624 Psal.
1693 5575 1877 5617 xxxvr

1978 5570 2009 5618 ἱ.
2083 5564 2126 5594 ³ο
2143 5560 2240 5615 lsa.
2269 5573 2419 5616 χχιι,
2450 5555 2533 5607 13.
2557 5547 2804 5624 __‘f_Ps_al.
2833 5547 3122 5624 ξείνη-51.
3195 5543 3239 5624 ξ’
3270 5540 3394 5594 ibid.
3428 5542 3522 5596 ὅδὲ.

272 5632 339 5664 ⁵³
369 5607 793 5689 Ιοῶιί-ξιὶίη.
869 5617 912 5648 ⁸⁵
936 5615 1017 5668 Ps.
1043 5622 1223 5672 xxxvr,
1249 5610 1340 5667 53.
1413 5619 1458 5650 ⁸⁵
1501 5620 1602 5675 lsa.
1656 5607 1876 5696 Vri-1,];

1978 5607 2012 5667 l5
2049 5607 2481 5691 rs.“x1{v'i;’zit.
2554 5621 2596 5652 ⁸⁷
2631 5619 2760 5674 ibid.
2832 5614 2877 5646 ⁵⁸
2907 5607 3082 5670 Eccle.
3114 5627 3167 5676 v,
3192 5611 3238 5663 l.
