3910 6204
277 294 297 345 1
309 293 413 347 365

274 408 419 460 illius
447 396 735 468 superioris
767 391 905 461 quod
953 386 1319 457 principaliter
1351 385 1543 440 cmlum
1593 383 1808 445 dicitur,

273 491 495 547 inferius
523 487 693 541 solum
728 485 780 536 in
811 496 915 550 quo
949 477 1283 532 habitatores
1305 474 1378 527 illi
1409 474 1655 529 caelestes
1682 486 1813 524 con-

274 587 577 640 versantur,
612 585 686 638 et,
720 581 779 626 ut
822 572 896 624 ita
935 569 1128 633 dicam,
1161 570 1378 621 dorsum
1411 564 1581 629 ipsum
1626 560 1811 613 ﬁrma-

277 669 440 724 menti
476 664 650 732 hujus,
687 661 899 724 tnerito,
938 667 996 711 ut
1026 657 1152 717 dixi,
1189 664 1331 708 terra
1366 651 1507 704 illius
1541 649 1662 703 coeli
1693 662 1813 701 esse

278 760 475 814 dicitur
506 754 635 809 :sed
664 762 806 804 terra
839 751 999 812 bona,
1029 755 1170 800 terra
1206 752 1416 804 sancta,
1449 751 1590 793 terra
1621 737 1813 801 multa,

226 836 233 870 ἶ
280 857 421 899 terra
452 844 714 908 vivorum,
745 851 888 895 terra
916 836 1086 891 ﬂuens
1123 835 1203 888 lac
1237 842 1291 887 et
1325 832 1427 887 mel
1456 849 1469 882 :
1497 840 1551 884 et
1580 830 1702 882 ideo
1735 828 1817 882 di-

280 935 354 988 cit
385 948 524 987 nunc
559 945 736 985 sermo
771 928 983 983 divinus
1017 942 1032 982 :
1064 923 1331 979 Exaltabit
1375 930 1423 974 te
1456 930 1508 972 ut
1543 917 1815 971 Itazredites

281 1032 496 1075 terram.

349 1115 402 1167 5.
422 1111 549 1166 Cum
575 1109 818 1178 perierint
831 1116 1116 1175 peccatores
1138 1104 1327 1159 videbis
1345 1096 1688 1154 “fortassis
1715 1096 1819 1149 hoc

280 1204 428 1272 prius
474 1200 600 1264 erit,
634 1209 694 1251 ut
746 1206 1055 1265 peccatores
1101 1202 1155 1246 et
1208 1190 1396 1258 impios
1435 1186 1566 1257 justi
1603 1184 1817 1237 videant

281 1291 678 1345 condemnatos.
733 1286 890 1339 Prius
940 1283 1082 1337 enim
1134 1277 1506 1349 peccatoribus
1561 1287 1732 1342 pinna:
1764 1277 1820 1322 et

282 1379 541 1447 supplicia
572 1378 929 1430 decernuntur
959 1396 969 1427 :
995 1386 1113 1439 quae
1156 1383 1278 1422 eum
1322 1365 1555 1420 viderint
1586 1361 1736 1429 justi,
1766 1365 1821 1411 et

284 1469 598 1539 agnoverint
626 1465 752 1533 quid
793 1461 1006 1516 intersit
1039 1462 1178 1513 inter
1216 1460 1408 1510 bonam
1437 1454 1598 1505 vitam
1626 1458 1680 1503 et
1711 1463 1819 1501 ma-

285 1538 414 1621 lam,
441 1567 637 1611 etcum
670 1553 1034 1607 intellexerint
1079 1550 1212 1600 bene
1248 1543 1473 1599 vivendo
1502 1542 1568 1594 de
1602 1538 1820 1607 quantis

285 1647 556 1704 evaserint
586 1645 758 1708 malis,
793 1644 864 1695 ita
897 1650 954 1695 ut
984 1641 1056 1693 illi
1085 1641 1175 1706 qui
1209 1640 1260 1691 in
1284 1635 1460 1704 pmnis
1490 1640 1614 1685 sunt
1638 1630 1822 1683 viden-

287 1751 367 1793 tes
397 1752 489 1791 eos
537 1737 589 1789 in
635 1734 801 1803 gloria
846 1732 1026 1784 dicant
1057 1745 1071 1781 :
1102 1725 1213 1779 Nos
1263 1723 1406 1777 stulti
1451 1722 1608 1774 vitam
1640 1732 1822 1772 eorum

286 1829 591 1890 putabamus
642 1820 968 1883 insaniam”,
1019 1826 1198 1885 postea
1232 1828 1358 1882 ergo
1392 1825 1552 1879 quam
1593 1807 1824 1861 viderint

286 1916 554 1987 quomodo
581 1917 804 1980 pereunt
850 1913 1181 1975 peccatores,
1217 1910 1344 1953 tunc
1372 1898 1470 1965 ipsi
1500 1892 1822 1948 exaltabun-

290 2019 376 2060 tur
409 2013 464 2059 et
502 2002 789 2056 eﬂ'erentur
823 1999 889 2050 ad
933 1995 1126 2048 coelum
1163 2000 1222 2044 ut
1263 1987 1577 2043 haereditent
1604 1993 1822 2037 terram.

288 2096 442 2149 Nunc
486 2092 597 2161 jam
635 2100 814 2143 sermo
841 2091 1020 2138 monet
1058 2088 1111 2135 et
1137 2078 1373 2133 solamen
1409 2073 1625 2127 adhibet
1652 2084 1828 2131 causa:

289 2185 435 2248 huic,
462 2196 583 2250 quae
613 2179 804 2233 crebro
839 2174 968 2229 satis
996 2186 1087 2225 cor
1117 2182 1252 2238 pene
1281 2166 1514 2220 omnium
1550 2162 1826 2216 hominum

289 2274 491 2341 pulsat.
536 2268 666 2323 Nam
711 2267 836 2334 quia
875 2263 1184 2330 frequenter
1213 2271 1308 2309 nos
1354 2253 1551 2308 infirmi
1586 2253 1829 2305 videntes

292 2340 502 2430 iniquos
539 2370 783 2427 quosque
834 2363 889 2407 et
937 2351 1127 2418 impios
1158 2348 1211 2400 in
1240 2347 1342 2399 hac
1380 2345 1488 2396 vita
1527 2357 1648 2397 cum
1682 2340 1829 2395 omni

292 2451 550 2506 felicitate
572 2447 822 2516 degentes
840 2453 889 2497 et
911 2439 1180 2509 pr05peris
1198 2436 1532 2490 successibus
1555 2431 1828 2492 ﬂorentes,

295 2535 828 2608 abundare-divitiis,
876 2529 1190 2591 honoribus,
1237 2524 1463 2578 fecunda
1493 2530 1547 2575 et
1582 2520 1831 2573 universa

294 2632 444 2702 prole
481 2627 730 2697 gaudere,
775 2620 981 2675 deliciis
1027 2616 1263 2677 ﬂuitare,
1313 2611 1738 2666 scandalizamur
1780 2616 1835 2661 et

295 2698 522 2776 dicimus
571 2718 622 2770 in
658 2713 906 2769 cordibus
934 2708 1135 2763 nostris
1168 2723 1184 2759 :
1218 2703 1317 2759 Ubi
1358 2711 1441 2757 est
1469 2700 1678 2768 justitia
1710 2698 1836 2753 Dei?

296 2814 353 2866 Si
396 2825 490 2881 per
527 2803 914 2879 providentiam
948 2800 1186 2854 divinam
1235 2810 1323 2862 res
1368 2800 1678 2860 agerentur,
1717 2804 1838 2858 per-

299 2902 533 2953 mitteret
562 2895 704 2948 Deus
743 2892 887 2944 bunc
917 2889 1155 2953 iniquum
1184 2891 1237 2936 et
1266 2881 1484 2949 impium
1531 2881 1583 2932 in
1631 2886 1836 2931 tantum

1651 265 1744 320 EX
1779 259 2085 320 ORIGENE

1840 385 1886 439 Α
1915 374 2197 431 catoribus
2221 380 2279 427 et
2301 366 2609 438 superbis,
2635 369 2891 418 certum
2917 362 3039 411 est
3072 364 3243 408 eum
3271 360 3407 401 non
3431 343 3725 406 transisse,

3596 229 3729 285 136i

1917 481 2019 521 nec
2062 465 2273 518 vidisse
2327 436 2460 530 quae
2500 471 2620 510 non
2663 460 2857 514 sntit,
2904 445 3033 502 sed
3100 450 3513 512 permanere
3540 436 3597 488 in
3630 436 3730 488 hoc

1916 555 2172 624 praesenti
2210 560 2386 614 statu,
2426 557 2489 601 et
2530 545 2781 599 idcirco
2824 535 3075 592 mirari
3112 533 3185 585 in
3242 533 3346 583 eis
3382 532 3731 594 prasean

1918 645 2174 713 gloriam.
2226 639 2285 693 Si
2320 648 2518 692 autem
2570 649 2647 689 eo
2688 629 2889 685 modo
2930 627 3271 678 transeat
3307 630 3443 685 quo
3472 613 3732 680 superius

1920 706 2184 796 diximus,
2218 731 2271 784 id
2301 737 2395 782 est
2445 734 2651 779 mente
2684 730 2752 775 et
2793 731 3004 772 sensu
3055 706 3506 765 transcendat
3531 718 3566 755 a
3597 716 3732 770 pra-

1918 823 2168 879 sentibus
2196 828 2254 873 et
2284 814 2720 886 temporalibus
2753 808 2837 863 ad
2892 806 3147 859 futura
3190 807 3405 867 atque
3439 803 3734 864 perpetua,

1923 923 2051 966 tunc
2099 925 2235 963 vero
2284 882 2424 960 dicit
2477 904 2553 956 de
2601 917 2678 955 eo
2730 911 2939 967 quem
3004 888 3283 944 viderit
3322 886 3564 939 elatum
3601 882 3737 934 sicut

1921 1002 2115 1056 cedros
2145 997 2367 1060 Libani,
2399 995 2537 1063 quia
2568 989 2847 1051 Transii,
2918 995 2981 1038 et
3026 996 3191 1034 ecce
3227 993 3363 1030 non
3399 985 3578 1037 erat;
3605 987 3735 1042 quo-

1922 1096 2070 1149 niam
2121 1102 2178 1145 et
2223 1091 2428 1145 emtum
2478 1088 2677 1154 ipsum
2736 1092 2808 1136 et
2875 1088 3085 1133 terra
3138 1073 3557 1128 transibunt.
3588 1069 3736 1136 Apud

1924 1184 2093 1236 Deum
2123 1180 2308 1235 omnia
2340 1194 2470 1246 quae
2504 1175 2714 1228 futura
2742 1181 2906 1226 sunt
2932 1169 3089 1236 jam
3127 1179 3260 1233 pro
3302 1161 3504 1216 factis
3533 1160 3737 1214 habea-

1925 1281 2029 1325 tur.
2067 1270 2314 1337 Denique
2361 1269 2593 1322 dicebat
2610 1264 2663 1297 ⁶⁶
2701 1280 2719 1316 :
2761 1261 3125 1315 Dederunt
3190 1256 3267 1307 in
3328 1268 3540 1306 escam
3574 1266 3740 1303 mea.

1925 1362 2020 1430 fel,
2064 1361 2210 1429 quod
2258 1359 2383 1413 sine
2420 1356 2598 1410 dubio
2653 1353 2966 1407 futurum
3016 1347 3262 1402 adhuc
3303 1353 3493 1408 erat,
3542 1350 3602 1397 et
3630 1342 3736 1411 jam

1926 1453 2131 1504 factum
2163 1448 2486 1502 dicebatur.
2534 1444 2607 1497 In
2641 1444 2748 1497 siti
2788 1457 2938 1494 mea
2987 1445 3409 1505 potaverunt
3447 1450 3541 1487 me
3567 1441 3736 1495 aceto,

1927 1548 1983 1593 et
2013 1555 2120 1593 non
2159 1538 2342 1592 dixit:
2371 1535 2682 1602 putabunt.
2744 1531 2863 1584 Sic
2902 1543 3091 1597 ergo
3149 1528 3342 1594 apud
3400 1523 3593 1577 Deum
3624 1537 3739 1591 quae

1930 1631 2112 1683 futura
2152 1635 2301 1691 sunt,
2326 1624 2441 1692 jam
2473 1623 2628 1677 facta
2663 1623 3030 1676 dicuntur.
3071 1618 3282 1684 Quod
3320 1618 3376 1670 si
3416 1626 3481 1668 et
3516 1624 3577 1668 tu
3616 1615 3738 1667 imi-

1928 1726 2070 1770 tator
2094 1731 2154 1770 es
2182 1716 2300 1779 Dei,
2345 1724 2404 1767 et
2456 1713 2718 1767 imitaris
2768 1709 3182 1771 Christum,
3246 1721 3382 1759 non
3432 1713 3733 1772 exSpectas

1927 1822 2217 1878 quousque
2262 1807 2369 1860 iste
2412 1804 2605 1858 elatus
2658 1801 3086 1855 bumilietur
3154 1809 3227 1852 et
3295 1799 3735 1864 exstinguatur,

1926 1900 2021 1953 sed
2051 1900 2192 1965 apud
2228 1896 2591 1963 temetipsum
2626 1902 2689 1948 et
2724 1893 2786 1946 in
2845 1901 3102 1946 mente
3167 1898 3382 1959 atque
3415 1887 3619 1941 animo
3650 1895 3735 1938 tuo

1928 1991 2195 2044 transisse
2214 2004 2275 2043 ea
2297 1988 2415 2057 jam
2442 1987 2663 2047 cernis,
2683 1986 2736 2039 si
2769 1985 2920 2052 ipse
2952 1998 3179 2037 sensu
3217 1997 3302 2035 ac
3325 1989 3541 2035 mente
3568 1992 3733 2031 trans-

1928 2093 2023 2132 eas
2054 2094 2084 2130 a
2130 2064 2508 2142 praesentibus
2556 2074 2629 2126 ad
2667 2070 2923 2124 futura.
2975 2070 3265 2138 Accipe
3304 2078 3376 2122 et
3406 2065 3729 2135 exemplum

1931 2169 1998 2222 ad
2037 2168 2154 2221 haec
2196 2181 2317 2233 qum
2364 2165 2635 2218 dicimus.
2695 2162 2767 2216 Si
2832 2163 3174 2229 navigas,
3227 2162 3301 2213 in
3341 2160 3494 2213 navi
3528 2160 3732 2226 positus

1930 2259 2083 2312 vides
2113 2266 2293 2310 terras
2321 2265 2380 2310 et
2407 2253 2833 2322 promontoria
2873 2261 2953 2305 et
2998 2261 3293 2305 montes
3329 2248 3731 2304 transeuntia:

1931 2361 2036 2417 non
2059 2344 2201 2413 quod
2222 2343 2311 2397 illa
2332 2344 2613 2397 continuo
2639 2350 3095 2405 moveantur,
3130 2340 3256 2395 sed
3303 2339 3459 2408 quia
3492 2349 3553 2391 tu
3581 2347 3733 2390 vento

1932 2448 2195 2504 prospero
2226 2433 2398 2486 ﬂante
2432 2431 2673 2494 transis,
2713 2430 2830 2484 illa
2869 2446 2954 2485 se
3020 2431 3428 2487 subducere
3482 2429 3732 2482 videntur

1933 2540 1998 2579 ac
2023 2523 2193 2589 ferri;
2228 2524 2305 2576 ita
2339 2530 2396 2576 et
2428 2524 2482 2575 in
2516 2523 2629 2575 hoc
2659 2536 2824 2590 ergo
2877 2522 2938 2575 si
3003 2531 3270 2576 sancto
3305 2520 3551 2590 Spiritu
3590 2535 3732 2573 nica.

1936 2623 2046 2667 tem
2075 2621 2220 2665 tuam
2253 2610 2525 2679 perﬂante
2548 2620 2610 2665 et
2641 2612 2986 2679 spirante,
3028 2611 3355 2666 secundo
3380 2623 3446 2665 et
3468 2624 3731 2679 prospero

1936 2703 2158 2772 naviges
2200 2716 2400 2763 cursu,
2459 2700 2803 2768 pertransis
2875 2716 3114 2755 sensu
3183 2710 3311 2755 tuo
3360 2701 3574 2755 omnia
3624 2701 3730 2753 hac

1936 2809 2057 2863 qua:
2088 2793 2365 2855 videntur,
2399 2791 2535 2857 quia
2567 2790 2964 2858 temporalia
3011 2800 3224 2856 sunt,
3266 2800 3340 2845 et
3374 2790 3629 2844 intueris
3648 2787 3729 2840 ilh

1938 2897 2058 2952 qua:
2082 2892 2283 2936 aeterna
2314 2890 2481 2944 sunt;
2511 2879 2641 2933 sine
2672 2879 2875 2933 dubio
2914 2880 3135 2943 dicis,
3173 2883 3339 2949 quia
3378 2881 3513 2936 haec
3550 2878 3723 2933 omnia

298 2986 570 3044 felicitatis
617 2976 938 3034 ascendere?
971 2973 1256 3040 Propterea
1305 2983 1432 3036 ergo
1465 2982 1611 3021 nunc
1657 2982 1837 3021 sermo
1864 2991 1908 3048 ρ
1942 2985 2061 3038 qua:
2082 2970 2340 3023 videntur
2361 2969 2479 3037 jam
2510 2982 2628 3020 non
2673 2976 2857 3030 sunt,
2915 2970 3098 3037 quia
3152 2985 3283 3024 nec
3341 2971 3555 3022 futura
3587 2975 3726 3022 sunt.

299 3077 508 3132 divinus
553 3086 620 3126 ex
650 3079 873 3137 persona
905 3065 1170 3131 justorum
1208 3057 1393 3110 dicit“
1416 3074 1428 3108 :
1455 3054 1574 3109 Vidi
1617 3057 1837 3123 impium

300 3179 405 3219 non
435 3163 604 3216 solum
635 3154 947 3213 exaltatum,
997 3148 1088 3202 sed
1133 3142 1571 3213 superexaltatum
1598 3152 1643 3195 et
1671 3143 1840 3196 eleua-

300 3266 430 3317 tum,
479 3265 580 3303 non
619 3258 778 3314 super
823 3240 1048 3295 arbores
1089 3233 1506 3302 qualescunque,
1557 3231 1654 3285 sed
1684 3245 1841 3297 super

303 3346 480 3400 cedrus
511 3336 725 3401 Libani;
757 3341 814 3386 ut
843 3338 896 3384 et
924 3327 1084 3381 arbor
1115 3322 1327 3378 excelsa
1361 3321 1520 3375 nimis
1546 3320 1641 3384 sit,
1673 3329 1729 3375 et
1757 3321 1839 3374 lo-

303 3450 399 3489 cus
428 3430 620 3485 montis
646 3423 858 3480 cunctis
893 3415 1176 3480 excelsior,
1204 3421 1258 3467 et
1286 3420 1462 3465 tamen
1510 3410 1699 3464 videns
1725 3411 1840 3463 haec

304 3510 998 3584 otnnia,transivi,inquit“,
1016 3516 1065 3562 et
1090 3522 1202 3560 ecce
1225 3519 1325 3557 non
1352 3510 1485 3554 erat.
1518 3498 1653 3565 Quid
1685 3508 1842 3567 putas

306 3614 434 3670 illud
462 3620 543 3666 est
570 3609 709 3678 quod
742 3603 931 3657 transit
974 3601 1168 3671 justus,
1200 3603 1257 3648 ut
1307 3593 1404 3646 ista
1439 3599 1613 3644 cesset
1642 3588 1843 3643 elatio?

309 3702 365 3755 Si
387 3695 703 3755 meministis
728 3693 780 3746 in
803 3688 1168 3758 superioribus
1195 3697 1316 3737 cum
1335 3680 1637 3735 diceremus
1663 3686 1843 3730 trans-

310 3793 418 3845 isse
447 3787 659 3856 Moysen
702 3790 759 3835 ut
800 3778 1001 3832 videret
1028 3776 1290 3829 visionem
1320 3788 1593 3844 magnam,
1621 3771 1846 3840 potestis

310 3890 366 3934 et
395 3890 531 3932 nunc
557 3874 696 3929 scire
726 3868 854 3939 quid
880 3875 963 3921 est
995 3866 1133 3934 quod
1175 3865 1409 3919 transire
1432 3864 1627 3918 dicitur
1645 3861 1843 3929 justus.

311 3968 442 4023 Cum
469 3965 706 4020 videmus
736 3959 919 4015 extolli
968 3957 1161 4025 impios
1215 3962 1270 4009 et
1305 3955 1358 4007 in
1403 3954 1623 4006 nimiam
1656 3966 1846 4018 super-

315 4057 455 4110 biam
481 4064 740 4114 crescere,
774 4058 1103 4102 transeamus
1131 4053 1185 4099 et
1216 4058 1311 4098 nos
1342 4051 1520 4096 mente
1550 4049 1604 4094 et
1631 4039 1846 4093 intelle—

315 4154 401 4198 ctu
434 4143 501 4196 ab
546 4142 631 4195 his
672 4154 789 4207 quae
828 4137 1076 4190 videntur
1123 4142 1181 4187 et
1224 4131 1539 4200 temporalia
1591 4138 1739 4194 sunt,
1793 4135 1850 4180 et

318 4229 702 4285 transferamus
744 4241 956 4282 sensum
1001 4231 1244 4277 nostrum
1291 4222 1358 4274 ad
1389 4234 1452 4273 ea
1487 4233 1606 4287 quae
1635 4234 1739 4272 non
1767 4218 1849 4269 vi—

1954 3059 2073 3112 Vidi
2100 3073 2231 3125 ergo
2280 3046 2515 3123 impium.
2552 3055 3135 3121 superexaltalum
3176 3070 3243 3113 et
3302 3059 3533 3113 elatum
3580 3071 3728 3126 super

1933 3143 2125 3203 'cedros
2145 3146 2361 3209 Libani,
2384 3153 2435 3198 et
2457 3145 2726 3210 transivi,
2752 3154 2811 3198 et
2841 3162 3002 3201 ecce
3043 3166 3187 3203 nou
3218 3162 3389 3204 erat.
3431 3149 3624 3205 Movet
3649 3161 3727 3199 me

1945 3239 2178 3307 amplius
2205 3237 2385 3290 adhuc
2425 3235 2648 3303 aliquid
2693 3235 2756 3289 in
2805 3236 2945 3292 hoc
3000 3239 3199 3295 loco.
3262 3241 3466 3296 Video
3498 3241 3647 3296 enim
3675 3247 3727 3293 et

1946 3330 2111 3383 alium
2150 3327 2377 3396 impium
2407 3327 2507 3395 qui
2539 3325 2863 3380 exaltatur
2896 3342 3129 3398 super
3164 3334 3415 3387 cedros
3451 3333 3647 3387 Libani
3674 3340 3726 3383 et

1946 3418 2245 3473 extollitur.
2294 3416 2433 3470 Cum
2482 3416 2642 3469 enim
2701 3416 3023 3474 haeretici
3102 3438 3324 3493 supra
3380 3423 3721 3479 conditorem

1949 3509 2116 3562 Deum
2146 3507 2251 3561 sibi
2287 3506 2503 3575 lingunt
2534 3504 2717 3557 alium
2770 3511 3165 3574 quemdam
3208 3515 3452 3579 Deum,
3487 3524 3547 3569 et
3576 3512 3724 3566 exal-

1950 3607 2132 3652 tantur
2178 3606 2344 3665 atque
2401 3597 2768 3651 extolluntur
2832 3598 2904 3651 iu
2970 3603 3206 3659 verbo
3267 3605 3599 3668 mendacii,
3633 3617 3721 3657 ne-

1948 3695 2139 3755 gantes
2184 3693 2496 3739 creatorem
2548 3686 2832 3739 omnium
2896 3686 3158 3757 Deum,
3199 3693 3412 3748 Deum
3458 3709 3591 3748 esse
3635 3694 3724 3747 bo-

1950 3790 2102 3837 num,
2129 3774 2316 3843 impiis
2359 3773 2474 3828 suis
2502 3775 3093 3843 praedicationibus
3132 3784 3547 3838 extolluntur
3570 3795 3722 3851 supra

1952 3862 2149 3916 cedrus
2206 3862 2443 3925 Libani,
2505 3862 2893 3919 adversariis
2981 3869 3274 3928 scilicet
3352 3875 3723 3942 potestatibus

1953 3949 2284 4012 eminentes,
2307 3949 3007 4035 quaruminspiratione
3037 3958 3515 4028 hujuscemodi
3545 3963 3721 4017 adver-

1954 4051 2047 4092 sus
2091 4047 2400 4091 creatorem
2451 4038 2713 4092 omnium
2774 4042 2998 4101 Deum
3066 4064 3459 4108 commenta
3500 4054 3721 4107 simuls-

1954 4131 2103 4187 runt,
2123 4138 2223 4191 pro
2244 4137 2310 4177 eo
2334 4123 2481 4190 quod
2505 4123 2690 4193 legem
2722 4135 3115 4190 secundum
3156 4139 3454 4196 litteram
3488 4152 3722 4196 tantum—

1955 4214 2115 4266 modo
2150 4210 2550 4278 intelligentes‘,
2600 4224 2663 4268 et
2713 4219 3103 4285 spiritalem
3165 4244 3324 4285 eam
3386 4248 3527 4288 esse
3578 4234 3721 4301 igua-

320 4320 513 4372 dentur
547 4323 602 4368 et
632 4325 826 4368 aeterna
857 4321 997 4367 sunt.
1051 4309 1356 4379 Cogitemus
1391 4307 1703 4377 temporalia
1736 4308 1836 4360 Ιηε(

2148 4340 2165 4365 ,
2213 4302 2433 4370 decepti
2493 4312 2631 4357 sunt
2678 4305 2738 4358 in
2802 4302 3361 4381 cogitationibus
3411 4323 3564 4376 suis.
3617 4319 3720 4373 Bos

320 4418 442 4460 esse
470 4413 524 4458 et
563 4416 851 4471 paucorum
896 4401 1099 4454 dierum
1147 4415 1266 4468 qua:
1297 4399 1543 4452 videntur
1568 4397 1726 4451 elata.
1764 4396 1853 4450 Iu-

322 4502 563 4548 tueamur
582 4487 766 4555 iudicii
797 4488 956 4549 diem,
989 4496 1045 4540 et
1072 4488 1143 4540 ita
1170 4501 1329 4541 sensu
1361 4495 1546 4540 nostro
1575 4500 1858 4540 cernemus

328 4585 491 4637 istum
522 4580 611 4647 qui
637 4576 1059 4645 superexaltatus
1086 4585 1169 4630 est
1195 4586 1248 4629 et
1274 4576 1450 4629 elatus
1492 4575 1634 4628 sicut
1662 4574 1858 4629 cedrus

325 4670 535 4734 Libani,
572 4669 625 4722 in
662 4666 747 4721 die
772 4664 956 4733 judicii
1000 4667 1218 4720 omnino
1264 4680 1367 4717 non
1407 4680 1545 4719 esse.
1578 4664 1677 4730 Qui
1716 4666 1857 4717 enim

327 4773 432 4814 non
476 4765 555 4811 est
592 4755 858 4824 particeps
895 4753 1038 4807 illius
1064 4754 1172 4819 .qui
1205 4767 1415 4820 semper
1441 4761 1544 4817 est,
1576 4753 1626 4805 id
1662 4761 1742 4805 est
1771 4752 1860 4820 qui

328 4849 465 4904 dixit
492 4846 537 4878 “
561 4863 576 4900 :
606 4843 718 4914 Ego
748 4860 860 4897 sum
887 4844 975 4913 qui
1002 4859 1138 4907 sum,
1169 4844 1269 4896 iste
1297 4856 1468 4909 neque
1491 4856 1611 4896 esse
1639 4842 1857 4895 dicitur.

328 4940 569 5006 Denique
598 4945 905 5003 peccatores
931 4949 1035 4988 non
1061 4942 1440 5000 computantur
1462 4948 1602 4987 esse.
1632 4931 1783 4986 Unde
1810 4941 1865 4985 et

330 5027 613 5099 Apostolus
649 5026 713 5080 de
747 5026 1022 5079 vocatione
1055 5024 1289 5092 gentium
1323 5023 1598 5076 dicebat“
1629 5042 1644 5076 :
1684 5021 1859 5088 Elegit

291 5164 299 5183 ἶ
334 5118 471 5170 Deus
501 5131 615 5186 qua:
641 5131 741 5168 non
771 5121 913 5178 sunt,
939 5123 994 5164 ut
1040 5128 1101 5164 ea
1135 5126 1249 5178 qua:
1280 5118 1397 5162 sunt
1428 5111 1680 5163 destruat.
1717 5111 1782 5162 Et
1809 5111 1862 5162 in

334 5207 476 5259 libro
489 5205 680 5258 Esther
696 5201 974 5257 dicitur“:
997 5200 1115 5252 Non
1135 5200 1330 5261 tradas,
1352 5197 1590 5262 Domine,
1614 5207 1865 5263 sceptrum

266 5362 273 5369 ἢ
340 5302 482 5345 tuum
524 5292 605 5345 Itis
632 5292 721 5359 qui
752 5305 854 5342 non
898 5298 1038 5342 sunt.
1084 5289 1261 5341 Donec
1307 5301 1434 5355 ergo
1479 5287 1598 5354 quis
1646 5286 1871 5338 miratur

341 5382 601 5447 superbos
629 5381 680 5433 in
711 5380 943 5434 elatione
972 5393 1091 5444 sua,
1125 5378 1294 5431 donec
1328 5377 1574 5430 adulatur
1602 5375 1720 5443 quis
1749 5388 1874 5441 pec-

412 5489 452 5519 "
479 5489 615 5541 Psal.
652 5505 834 5553 xxxvi,
866 5490 956 5543 54.

348 5489 615 5583 “1.133322
652 5505 836 5583 5’51“):
866 5490 985 5583 διε.
1016 5491 1075 5583 ,ξο
1101 5488 1224 5583 Ser
1256 5503 1308 5551 νο
1341 5488 1393 5540 4-

417 5555 624 5613 Esther.
657 5572 742 5611 xtv
782 5558 866 5610 11.

1471 5489 1512 5518 θ’
1542 5484 1681 5538 Psal.
1737 5500 1923 5548 xxxvi,
1967 5488 2059 5545 55,

941 5558 985 5589 ⁶⁶
1014 5557 1155 5611 Psal.
1178 5552 1372 5621 txvtu,
1405 5555 1495 5609 22.
1571 5554 1612 5584 ⁸⁷
1637 5552 1793 5606 item.
1837 5568 1930 5608 vn.

1954 4404 2084 4458 ergo
2131 4404 2234 4483 ego
2274 4390 2325 4483 si
2381 4390 2603 4445 videam
2653 4404 2717 4446 et
2766 4406 3155 4473 transeam,
3238 4413 3415 4467 ultra
3457 4413 3579 4483 jam
3621 4424 3717 4463 non

1955 4488 2134 4533 erunt.
2185 4478 2327 4544 Quid
2385 4483 2729 4536 transeam?
2787 4488 2843 4540 si
2912 4501 3272 4554 transeam
3336 4478 3628 4565 ιίιιεξι-εηην
3677 4498 3717 4552 ,ί

1958 4570 2336 4666 transgrediar
2368 4570 2877 4666 678‘_liistorim
2915 4590 3396 4657 superﬁciem,
3434 4603 3497 4647 et
3533 4607 3717 4663 perve-

1959 4656 2104 4752 niam
2130 4656 2201 4752 ad
2228 4672 2459 4752 sensum
2490 4662 2861 4752 spiritalem,
2906 4679 3245 4740 quoniam
3296 4656 3405 4736 lex
3455 4656 3717 4752 spiritalis

1958 4752 2042 4796 est
2061 4743 2129 4807 ",
2158 4744 2437 4841 si‘omnia
2490 4748 2590 4801 illa
2628 4750 2689 4804 in
2735 4756 2976 4820 quibus
3030 4778 3275 4822 errant
3342 4782 3410 4826 et
3436 4743 3717 4841 decipiun-

1968 4846 2075 4934 tur,
2103 4837 2432 4936 spiritaliter
2459 4842 2800 4911 explanem,
2835 4848 3158 4922 dogmata
3193 4876 3432 4917 eorum
3466 4837 3639 4932 impia
3664 4870 3718 4913 ει

1967 4933 2157 5026 iniqua
2183 4933 2301 5026 jam
2332 4941 2445 4981 non
2472 4941 2676 5026 erunt.
2710 4933 2785 4987 Et
2827 4936 2912 4991 ita
2968 4947 3447 5018 complebitur,
3482 4962 3542 5006 ut
3572 4950 3714 5006 enl-

1969 5020 2114 5108 tatus
2145 5018 2356 5083 impius
2387 5026 2446 5070 et.
2476 5018 2672 5076 elatus
2718 5040 2817 5080 me
2855 5036 3255 5092 transeunte
3300 5042 3439 5108 jam
3473 5058 3588 5096 non
3625 5041 3711 5095 sit.

1970 5101 2161 5201 Sedet
2190 5110 2647 5204 cunt-quaaritur
2681 5115 2858 5174 locus
2891 5120 3026 5189 ejus
3063 5141 3194 5181 non
3239 5101 3590 5188 invvenitur.
3613 5130 3711 5186 Lo-

1970 5194 2271 5300 cus-impii
2318 5197 2637 5270 dogmatis,
2689 5204 2896 5263 littera
2950 5211 3111 5284 legis
3162 5228 3301 5282 est,
3349 5236 3492 5290 quae
3533 5223 3708 5276 littera

1974 5289 2204 5344 occidit.
2230 5290 2377 5348 Cum
2406 5310 2551 5367 ergo
2583 5316 2699 5357 nos
2729 5322 2764 5359 a
2804 5308 3009 5365 littera
3035 5289 3383 5370 occidenth
3406 5317 3710 5371 transimus

1980 5377 2051 5430 ad
2108 5384 2382 5450 spiritum
2413 5389 2858 5464 viviﬁcantem,
2916 5416 2993 5457 ne
3041 5402 3211 5459 locus
3261 5407 3518 5473 quidem
3559 5405 3705 5472 impii

2145 5495 2193 5529 “
2229 5499 2371 5560 ibid.
2404 5505 2505 5564 56.
2594 5509 2649 5542 ’δ
2678 5509 2876 5571 Exod.
2912 5532 3006 5586 ut,
3039 5518 3128 5573 14.
3208 5517 3261 5549 ⁸⁸
3298 5518 3321 5572 Ι
3352 5519 3494 5574 Cor.
3531 5533 3574 5586 ι,
3614 5519 3702 5574 9.8.
