3910 6266
283 339 429 394 {365

957 317 1314 396 SELECTA
1349 343 1415 396 IN
1453 343 1778 398 PSALMOS.
1820 369 1888 382 -—
1921 339 2149 398 HOMIL.
2187 341 2231 396 V
2265 334 2338 394 ΙΝ
2367 325 2559 390 PSAL.
2601 340 2811 402 XXXVI

3364 349 3496 402 1566

287 449 326 500 d
368 449 554 517 gmatis
578 423 843 530 περιιιιίεξίεξ
863 420 1084 530 littera
1113 464 1306 518 potest
1330 459 1576 512 inveniri.
1601 460 1870 525 Quomodo
1900 464 1943 518 Α
1970 473 2150 512 eorum
2182 457 2272 526 qui
2314 451 2491 508 adhuc
2528 453 2581 508 in
2628 460 3040 526 profectionibus
3087 469 3243 524 sunt;
3279 475 3494 530 regnum

289 549 486 590 autem
520 527 791 601 (ιιιωΐῖιηθδ
815 525 993 620 eff“?
1053 534 1202 596 Cum
1249 548 1578 614 disputamus
1614 550 1868 603 adversus

293 636 401 676 eos
428 634 488 678 et
511 633 626 676 cum
663 620 1054 706 οοηψιιιςιπιιιε
1100 631 1172 684 ad
1218 635 1470 699 invicem,
1523 647 1645 691 tunc
1679 639 1870 706 quaeri-

292 726 432 765 mus
464 713 634 766 locum
657 698 914 793 dogmatis
952 706 1120 771 illius
1150 721 1204 774 in
1236 724 1409 778 littera
1448 698 1578 793 legis
1615 698 1866 792 historia),

292 807 354 848 et
383 798 686 852 ostenditur
715 789 1013 850 secundum
1051 803 1339 862 historiam
1373 789 1523 863 stare
1547 826 1648 863 non
1677 789 1864 877 possei

291 897 494 941 amota
523 890 697 941 littera
728 895 789 936 ac
821 878 1053 956 reiCCla,
1113 911 1378 962 nusquam
1415 900 1597 965 utique
1631 913 1869 965 quaeren-

295 972 463 1026 tibus
494 977 646 1030 nobis
682 982 734 1028 et
784 969 1184 1039 disserentibus
1230 987 1374 1039 locus
1421 987 1565 1054 impii
1608 987 1867 1056 dogmatis

298 1063 618 1115 invenitur.

381 1146 440 1199 6.
483 1149 699 1202 Custodi
730 1150 1078 1208 innocentiam
1123 1168 1170 1211 et
1209 1161 1320 1214 vide
1352 1164 1723 1231 a’qut'tatem“.
1755 1164 1863 1218 Cu-

293 1235 528 1289 stodirc
560 1238 912 1291 innocentiam
943 1257 1042 1296 nos
1076 1249 1318 1315 prrecipit
1353 1264 1527 1302 sermo
1550 1251 1662 1303 Dei.
1695 1252 1867 1304 lntan-

292 1330 428 1375 tum
486 1328 788 1394 corruptela
837 1345 1043 1384 morum
1088 1336 1309 1400 profecit
1358 1338 1406 1389 itt
1455 1339 1780 1399 hominibus,
1810 1349 1866 1393 ut

289 1413 456 1480 apud
489 1417 916 1484 quamplttritnos
942 1422 1244 1476 innocentia
1278 1440 1372 1493 pro
1398 1428 1619 1480 stultitia
1657 1428 1865 1494 judice-

291 1509 418 1555 tur:
438 1516 632 1556 verum
648 1505 918 1573 Scriptura
932 1523 1153 1563 summae
1173 1514 1269 1566 hoc
1283 1516 1696 1585 virtutisjudicat
1708 1534 1860 1586 opus,

285 1589 433 1654 quia
471 1591 832 1647 innocentiam
859 1596 1066 1664 judicat
1097 1600 1238 1652 illatn
1262 1616 1378 1668 quae
1423 1605 1618 1658 nemini
1651 1618 1857 1668 noceat,

287 1675 588 1730 neminem
605 1678 778 1732 hedat.
799 1680 927 1733 Dum
952 1696 1078 1751 ergo
1092 1685 1244 1738 dicit:
1267 1686 1478 1740 Custodi
1500 1689 1856 1755 innocentiam,

1970 565 2092 604 vero
2139 551 2251 613 Dei,
2283 559 2490 607 eorum,
2540 549 2628 615 qui
2662 551 2770 618 jam
2811 552 2876 603 ad
2907 552 3199 618 perfectum
3241 562 3498 604 venerunt

1969 637 2149 692 ﬁnem.
2191 637 2338 691 Unde
2366 643 2421 688 et
2465 649 2603 689 nunc
2647 638 2792 692 salus
2833 637 2960 703 justi
3008 639 3142 704 apud
3187 638 3349 691 Deum
3377 652 3495 692 esse

1965 725 2182 789 dicitur,
2207 740 2326 779 cum
2354 722 2536 792 utique
2557 725 2876 790 perfectione
2896 725 3014 778 vitae
3039 739 3204 792 usque
3229 725 3293 778 ad
3321 725 3491 793 ipsum

1966 813 2245 866 Dominum
2292 811 2551 865 meruerit
2597 813 2891 880 pervenire.
2932 811 2997 864 Et
3037 820 3292 879 protector
3331 821 3403 865 est
3439 813 3491 865 in

1967 914 2185 971 tempore
2211 902 2636 956 tribulationis".
2671 901 2818 965 Quod
2850 910 2929 954 est
2959 909 3161 966 tempus
3194 900 3488 952 tribulatio-

1965 993 2067 1057 nis,
2105 992 2204 1044 nisi
2255 992 2356 1045 hoc
2410 991 2460 1042 in
2499 1004 2604 1058 quo
2639 1004 2842 1054 sumus,
2892 1004 3011 1042 cum
3055 1003 3150 1056 per
3201 997 3401 1040 arctam
3437 997 3490 1040 et

1965 1091 2240 1149 angustam
2286 1082 2424 1132 viam
2477 1079 2771 1132 incedimus
2820 1091 2938 1144 qua:
2987 1078 3131 1130 ducit
3175 1077 3240 1129 ad
3292 1076 3491 1126 vitam?

1965 1163 2018 1217 Si
2054 1176 2227 1218 tamen
2265 1181 2360 1233 per
2400 1175 2674 1234 angustam
2718 1164 3033 1226 incedimus,
3083 1176 3198 1230 quae
3243 1162 3386 1214 ducit
3424 1163 3488 1214 ad

1963 1253 2143 1315 vitam,
2191 1261 2244 1304 et
2291 1266 2392 1305 non
2429 1268 2522 1321 per
2560 1254 2699 1306 illam
2741 1250 2900 1302 latam
2946 1259 3000 1304 et
3043 1252 3334 1317 spatiosam
3371 1264 3488 1316 qua:

1962 1340 2158 1392 divitiis
2204 1340 2454 1392 dilatatur
2500 1350 2554 1394 et
2603 1341 2812 1395 luxuria
2873 1340 3213 1404 dissolvitur,
3267 1353 3383 1405 quae
3435 1338 3486 1388 in

1961 1426 2135 1480 carnis
2161 1426 2519 1494 voluptatibus
2547 1429 2860 1492 emollescit,
2891 1443 3009 1497 quae
3035 1436 3350 1496 praesentem
3374 1426 3489 1495 glo-

1962 1514 2091 1566 riam
2132 1514 2317 1580 diligit.
2365 1514 2562 1567 l‘lorutn
2611 1524 2878 1583 protector
2918 1531 3021 1568 non
3068 1516 3204 1569 Deus
3238 1523 3338 1575 est,
3393 1516 3487 1568 sed

1960 1601 2256 1655 Mammona
2281 1620 2296 1655 :
2317 1617 2500 1656 eorum
2535 1615 2708 1656 autem
2738 1605 2825 1673 qui
2861 1605 2913 1657 in
2943 1604 3282 1658 tribulatione
3311 1612 3362 1657 et
3389 1620 3487 1657 an-

1960 1692 2134 1757 gustia
2166 1699 2311 1754 suut,
2353 1700 2620 1758 protector
2662 1704 2743 1746 est
2787 1695 2944 1756 Deus,
2984 1694 3106 1762 quia
3140 1695 3318 1746 multae
3361 1705 3486 1748 sunt

285 1763 406 1816 ltoc
430 1775 524 1818 est
545 1769 688 1833 quod
721 1783 818 1822 nos
850 1784 1066 1825 servare
1087 1773 1398 1842 praecipitut
1418 1779 1677 1830 neminem
1699 1779 1856 1832 laeda-
1893 1755 1933 1806 Β
1963 1755 2332 1834 iribulationes
2354 1755 2652 1849 justorum.
2688 1781 3032 1836 Tribulantur
3061 1785 3204 1836 enim
3237 1785 3485 1839 conside-

285 1867 452 1913 ntus,
506 1856 706 1907 nemini
751 1871 1054 1912 noceamus.
1091 1860 1202 1912 Hoc
1241 1871 1416 1915 autem
1459 1866 1781 1927 obtinemus,
1811 1867 1855 1920 si

283 1954 530 2008 semper
559 1944 764 1998 intento
790 1947 969 2000 animo
999 1958 1052 2002 et
1079 1950 1315 2018 vigilanti
1345 1953 1618 2006 videamus
1644 1955 1859 2021 aequita-

283 2037 435 2082 tem.
469 2030 806 2099 AEquitatem
838 2050 966 2103 ergo
992 2037 1043 2090 in
1081 2039 1182 2092 hoc
1206 2040 1320 2093 loco
1364 2041 1441 2094 sic
1469 2042 1689 2108 accipio,
1717 2043 1855 2096 sicut

279 2116 616 2184 veritatem,
637 2121 770 2173 sicut
789 2120 1074 2187 justitiam,
1099 2125 1237 2179 sicut
1254 2127 1436 2193 vitam,
1456 2129 1592 2195 quod
1609 2128 1854 2185 Christus

277 2202 571 2258 esu-Haec
597 2207 740 2260 enim
781 2210 1008 2264 videndo
1045 2213 1202 2265 simul
1244 2215 1404 2268 etiam
1455 2217 1616 2271 Deum
1649 2218 1852 2272 videbi-

278 2307 442 2347 ntus.
481 2292 708 2347 Custodi
749 2310 878 2366 ergo
917 2299 1265 2355 innocentiam
1305 2314 1351 2355 et
1386 2305 1496 2358 vide
1539 2308 1849 2375 a'quitatem,

274 2382 559 2447 quoniam
581 2394 698 2435 sunt
726 2385 956 2452 reliquiae
986 2390 1180 2441 homini
1208 2392 1442 2458 paciﬁca.
1471 2394 1705 2463 Requiro
1733 2413 1849 2465 qua:

275 2479 422 2522 sum
461 2469 704 2537 reliquis:
751 2472 870 2526 istae
905 2490 1024 2542 qua:
1066 2477 1264 2532 homini
1307 2481 1528 2546 pacifica
1572 2499 1850 2538 reservan-

279 2557 417 2609 tur?
460 2557 745 2626 Reliquias
771 2562 950 2616 dicere
981 2565 1212 2620 solemus
1233 2583 1353 2622 cum
1380 2571 1603 2638 spiritus
1632 2587 1849 2642 separa-

275 2653 375 2697 tur
405 2659 441 2697 a
471 2659 720 2714 corpore,
749 2649 890 2702 velut
921 2652 1122 2716 majore
1161 2666 1310 2720 parte
1351 2657 1620 2711 hominum
1663 2661 1712 2713 in
1737 2665 1847 2730 spi-

278 2733 399 2786 ritu
435 2734 722 2802 deputata,
761 2753 880 2804 quze
905 2750 1146 2806 superest
1181 2757 1302 2808 pars
1347 2747 1585 2812 corporis
1612 2748 1848 2817 reliquiae

279 2823 677 2878 nominantur.
722 2824 778 2878 Si
817 2841 945 2894 ergo
986 2829 1249 2884 credimus
1294 2833 1468 2886 verbis
1493 2836 1728 2904 Apostoli
1764 2843 1843 2893 di-

275 2911 471 2965 centis
493 2912 538 2943 ⁸⁸
559 2911 685 2979 quia
715 2917 1002 2968 seminatur
1028 2932 1222 2986 corpus
1256 2921 1309 2973 in
1339 2926 1682 2991 corruptione,
1701 2943 1840 2981 mor-

1958 1881 2137 1925 rantes
2168 1881 2370 1940 tempus
2396 1872 2580 1940 judicii
2601 1876 2985 1942 etsemetipsos
3011 1877 3372 1940 discutientes,
3415 1894 3482 1932 ne

1953 1963 2091 2018 forte
2115 1963 2316 2031 aliquid
2341 1963 2640 2016 inveniatur
2672 1965 2722 2017 in
2759 1964 2836 2017 eis
2859 1965 3000 2031 quod
3029 1973 3247 2018 vocetur
3279 1968 3343 2019 ad
3372 1968 3483 2020 cul-

1953 2068 2092 2120 patn.
2125 2051 2222 2112 Qui
2255 2065 2382 2120 ergo
2420 2060 2638 2118 propter
2683 2052 2782 2105 hoc
2814 2053 3138 2105 tribulantur
3172 2063 3226 2106 et
3264 2055 3480 2109 solliciti

1952 2147 2096 2198 sunt,
2131 2139 2236 2191 erit
2263 2137 2402 2191 Deus
2447 2145 2717 2205 protector
2745 2152 2928 2191 eorum
2964 2139 3015 2190 in
3046 2147 3282 2206 tempore
3309 2142 3480 2195 tribu-

1952 2231 2185 2294 lationis,
2227 2230 2279 2283 in
2327 2239 2564 2296 tempore
2591 2228 2796 2295 judicii,
2847 2243 2966 2281 cum
3014 2229 3290 2283 tradentur
3323 2231 3474 2299 impii

1951 2319 2014 2371 ad
2050 2332 2274 2386 poenas:
2304 2326 2429 2370 tunc
2458 2326 2515 2370 et
2541 2316 2806 2384 adjuvabit
2844 2329 2935 2370 eos
2969 2315 3221 2369 Dominus
3257 2319 3307 2370 in
3344 2327 3481 2371 tem-

1951 2421 2078 2474 pore
2125 2406 2503 2470 tribulationis,
2537 2414 2584 2458 et
2631 2403 2820 2470 eripiet
2867 2417 2984 2466 eos,
3015 2413 3069 2455 et
3098 2403 3300 2458 auferet
3327 2421 3420 2460 eos
3447 2421 3476 2460 a

1951 2494 2341 2562 peccatoribus,
2378 2508 2480 2546 non
2531 2492 2700 2546 solum
2749 2491 2816 2544 ab
2850 2491 3152 2546 hominibus
3179 2497 3476 2561 peccatori-

1948 2583 2066 2645 bus,
2098 2587 2189 2635 sed
2225 2583 2384 2635 etiam
2420 2596 2448 2633 a
2496 2579 2783 2634 contrariis
2812 2581 3184 2648 potestatibus,
3217 2581 3301 2636 vei
3330 2595 3476 2638 certe

1947 2684 2009 2724 eo
2069 2679 2301 2737 tempore
2347 2685 2467 2723 eum
2521 2669 2696 2722 anima
2748 2676 3025 2735 separatur
3068 2685 3096 2723 a
3149 2686 3391 2740 corpore,
3421 2683 3475 2728 et

1944 2769 2231 2813 occurrunt
2280 2760 2326 2812 ei
2379 2766 2681 2825 peccatores
2717 2759 3002 2824 daemones,
3040 2761 3278 2814 adversa:
3325 2769 3474 2829 pole-

1943 2856 2134 2913 states,
2166 2847 2386 2915 spiritus
2415 2849 2551 2901 aeris
2583 2848 2738 2915 hujus
2767 2849 2855 2914 qui
2889 2861 3003 2901 eam
3028 2847 3208 2901 volunt
3234 2849 3474 2903 detinere

1943 2947 1993 2991 et
2039 2951 2296 2990 revocare
2333 2938 2396 2989 ad
2435 2951 2494 2989 se
2540 2937 2583 2990 si
2620 2937 2745 3004 quid
2788 2938 2839 2991 in
2892 2953 2953 2992 ea
2994 2953 3208 2994 suorum
3253 2953 3471 3008 operum

278 3001 352 3054 I38
403 2999 626 3054 δοίιίοθι
658 3014 919 3071 tempore.
943 3011 1265 3076 elsurgelin
1291 3010 1695 3080 incorruptione.
1723 3033 1840 3070 cum
1871 3041 1910 3098 (ς
1945 3036 2319 3096 gestorumque
2362 2999 2724 3092 cognoverint.
2765 3024 2925 3080 Venit
2978 3029 3118 3081 enim
3171 3028 3235 3081 ad
3284 3043 3472 3081 unam-

277 3090 722 3145 resurrectionis
754 3101 961 3159 tempus
989 3095 1286 3160 advenerit,
1317 3113 1438 3151 cum
1469 3101 1629 3155 etiam
1657 3116 1841 3157 corru-

273 3176 488 3244 ptibile
514 3177 620 3231 hoc
653 3178 886 3232 induerit
912 3181 1386 3250 incorruptionem,
1415 3196 1468 3240 et
1489 3191 1712 3244 mortale
1740 3193 1839 3246 hoc

277 3266 540 3320 induerit
585 3267 1040 3323 immortalitatem
1068 3273 1146 3335 '°,
1204 3281 1330 3327 tunc
1396 3285 1552 3330 erunt
1599 3280 1838 3348 reliquiae

276 3354 502 3407 homini
549 3356 795 3422 paciﬁco.
828 3357 998 3410 Erunt
1038 3369 1212 3414 autem
1259 3362 1330 3415 ibi
1371 3364 1575 3430 paciﬁci
1607 3367 1838 3424 hominis

273 3443 542 3509 reliquia-
575 3443 629 3496 in
671 3459 802 3511 pace
847 3455 900 3499 et
945 3447 995 3499 in
1049 3449 1251 3514 requie.
1297 3449 1434 3504 Dicit
1464 3453 1602 3506 enim
1639 3464 1693 3508 et
1735 3457 1838 3510 Dn-

273 3533 474 3586 minus
502 3533 570 3586 de
597 3534 857 3600 paciﬁcis,
884 3538 1006 3602 quia
1034 3538 1192 3591 etiam
1215 3539 1833 3605 ﬁliiDeivocabuntur".

273 3620 474 3684 Pater,
513 3622 630 3674 volo
669 3633 722 3674 ut
753 3625 840 3675 ubi
873 3641 963 3693 ego
1007 3642 1142 3690 sum,
1174 3638 1220 3680 et
1266 3630 1356 3682 isti
1407 3648 1602 3686 mecum
1642 3637 1742 3689 sint
1764 3638 1830 3690 "'.

272 3711 432 3765 Sunt.
463 3727 597 3780 ergo
622 3727 741 3764 cum
773 3713 988 3768 Christo
1016 3716 1250 3782 reliquiae
1281 3719 1510 3775 hominis
1535 3725 1766 3790 pacifici.-

346 3802 412 3853 7.
447 3799 634 3868 Iniqui
666 3809 841 3854 autent
878 3805 1358 3859 exterminabuntur
1392 3812 1544 3862 simul
1559 3813 1622 3876 ⁷³,
1658 3816 1706 3867 id
1751 3827 1831 3871 est

269 3901 479 3941 omnes
510 3889 718 3956 pariter
743 3892 1258 3958 extertniuabuntur,
1281 3896 1402 3961 quia
1434 3913 1566 3952 unus
1593 3901 1713 3956 linis
1732 3905 1834 3958 erit

267 3991 472 4030 eorum
509 3978 778 4045 geltenna.
812 3977 1065 4048 Reliquiae
1109 3983 1383 4048 impiorum
1419 3988 1674 4053 peribunt,
1710 3999 1833 4047 tunc

268 4078 402 4116 cum
429 4078 636 4130 corpus
663 4075 716 4118 et
745 4067 974 4120 animam
1004 4071 1266 4134 perditum
1295 4072 1438 4125 dabit
1463 4075 1514 4127 in
1539 4078 1829 4144 gehennam

268 4151 316 4204 is
366 4152 470 4218 qui
525 4151 692 4205 habet
741 4163 1073 4222 potestatem.
1109 4155 1261 4208 Salus
1302 4172 1472 4213 autem
1497 4163 1760 4229 justorum
1799 4187 1831 4222 a

265 4239 592 4293 Domino".
626 4239 730 4293 Sed
757 4241 942 4295 melius
969 4243 1096 4296 dicit
1124 4244 1172 4296 itt
1203 4244 1386 4298 Graeco
1412 4265 1426 4300 :
1452 4248 1610 4304 Salus
1659 4264 1826 4308 autent

1941 3130 2202 3183 quamque
2229 3116 2458 3166 animam
2483 3114 2546 3166 de
2575 3115 2674 3167 hoc
2695 3119 2890 3169 mundo
2914 3125 3193 3170 exeuntem
3222 3118 3470 3185 princeps

1939 3203 2092 3270 hujus
2134 3203 2336 3264 mundi,
2368 3212 2421 3255 et
2451 3217 2621 3257 aereae
2662 3213 2973 3270 potestates,
3019 3213 3074 3258 et
3121 3206 3394 3273 requirunt
3422 3208 3467 3262 si

1938 3286 2208 3339 inveniant
2236 3287 2287 3338 in
2318 3301 2378 3339 ea
2414 3288 2611 3356 aliquid
2651 3303 2836 3352 suum;
2871 3291 2913 3343 si
2941 3292 3216 3345 avaritiam
3249 3293 3470 3349 invene-

1937 3375 2064 3440 rint,
2100 3391 2207 3429 suae
2239 3377 2404 3444 partis
2437 3386 2552 3441 est;
2589 3379 2631 3430 si
2668 3378 2821 3442 iram,
2863 3379 2906 3431 si
2937 3378 3220 3444 luxuriam,
3252 3382 3296 3435 si
3329 3383 3467 3436 invi-

1935 3463 2093 3524 diam,
2137 3475 2188 3518 et
2217 3465 2422 3533 singula
2456 3479 2680 3531 quaeque
2709 3479 2894 3517 eorum
2944 3467 3138 3521 similia
3167 3470 3212 3522 si
3247 3471 3462 3524 invene-

1935 3551 2070 3613 rint,
2106 3566 2212 3604 sua:
2256 3552 2423 3618 partis
2456 3559 2555 3612 est,
2587 3561 2640 3604 et
2670 3551 2772 3604 sibi
2809 3567 2926 3606 eam
2973 3555 3284 3620 defendunt,
3315 3567 3368 3610 et
3395 3559 3461 3612 ad

1933 3653 1990 3692 se
2011 3653 2128 3692 eam
2161 3641 2399 3702 trahunt,
2431 3649 2483 3693 et
2510 3640 2575 3692 ad
2608 3649 2810 3706 partem
2857 3656 2974 3696 eam
3002 3654 3337 3708 peccatorum
3369 3648 3461 3700 de-

1931 3725 2152 3779 clinant.
2200 3726 2255 3780 Si
2317 3741 2440 3780 vero
2492 3726 2684 3794 aliquis
2739 3729 2978 3784 imitatus
3027 3741 3107 3784 est
3159 3731 3304 3784 illum
3365 3733 3459 3800 qui

1930 3815 2122 3866 dixit"
2148 3831 2162 3866 :
2195 3815 2325 3868 Ecce
2356 3818 2510 3869 veniet
2534 3820 2767 3886 princeps
2797 3821 2974 3872 mundi
3006 3820 3183 3887 hujus,
3210 3829 3257 3872 et
3288 3822 3342 3872 in
3380 3838 3459 3874 me

1932 3919 2032 3956 non
2075 3904 2224 3957 habet
2262 3906 2559 3973 quidquam,
2599 3906 2642 3959 si
2690 3922 2747 3960 se
2783 3908 2974 3975 aliquis
3021 3909 3093 3960 ita
3128 3909 3454 3974 observavit,

1929 3993 2150 4045 veniunt
2178 3994 2390 4060 quidem
2439 3995 2524 4048 isti
2572 4005 2894 4064 peccatores,
2938 4005 2991 4050 et
3029 3997 3364 4064 requirentes
3402 3998 3454 4052 in

1928 4098 1991 4137 eo
2015 4099 2131 4152 quae
2161 4099 2256 4138 sua
2298 4093 2442 4149 sunt,
2476 4095 2528 4139 et
2561 4101 2660 4140 non
2698 4087 3026 4140 invenientes
3059 4088 3332 4140 tentabunt
3375 4089 3458 4140 ni-

1930 4171 2214 4224 hilominus
2257 4173 2321 4226 ad
2369 4170 2514 4226 suam
2549 4181 2754 4241 partem
2801 4173 3060 4226 violenter
3109 4189 3229 4226 eum
3275 4177 3456 4228 detor-

1931 4273 2112 4323 quere,
2138 4261 2229 4313 sed
2261 4261 2514 4314 Dominus
2543 4262 2730 4329 eripiet
2762 4276 2881 4314 eum
2917 4277 2943 4312 a
2975 4263 3364 4329 peccatoribus.
3391 4264 3458 4318 Et

254 4328 548 4396 justorum
579 4329 719 4394 apud
757 4328 1051 4386 Dominum.
1085 4330 1197 4384 Non
1243 4332 1395 4398 dixit,
1440 4338 1491 4389 in
1521 4341 1656 4394 coelo
1685 4343 1826 4398 salus
1858 4332 1902 4385 Β
1930 4344 2068 4397 forte
2123 4356 2399 4422 propterea
2441 4328 2694 4415 iubemur
2738 4361 2858 4400 cum
2912 4328 3142 4413 quodam
3201 4350 3456 4418 mysterio

255 4415 574 4482 justorum,
603 4424 657 4467 et
693 4415 792 4469 hoc
821 4418 960 4470 enim
1003 4425 1262 4487 praeterit;
1297 4441 1400 4480 non
1426 4426 1562 4491 apud
1591 4429 1822 4496 aliquam

263 4513 615 4562 creaturam,
665 4503 787 4569 quia
833 4505 962 4557 nihil
1015 4507 1283 4564 immobile
1330 4515 1412 4567 vel
1461 4516 1819 4573 immutabile:

261 4591 364 4644 sed
402 4589 553 4657 apud
589 4589 867 4643 Dontinum
899 4593 1040 4647 salus
1069 4591 1151 4648 est
1187 4599 1471 4664 justorum,
1496 4604 1583 4669 qui
1615 4620 1822 4673 semper

260 4687 485 4741 manet,
528 4692 743 4745 semper
791 4679 928 4733 idem
971 4691 1074 4748 est,
1125 4699 1331 4753 semper
1386 4689 1672 4748 immobilis
1716 4705 1817 4760 est,

262 4782 372 4820 nec
404 4781 642 4833 usquam
676 4776 853 4834 potest
886 4784 1002 4823 esse
1039 4773 1200 4826 tutius
1226 4774 1365 4828 salus
1399 4777 1628 4834 hominis
1657 4797 1815 4850 quam

259 4856 417 4922 apud
457 4853 767 4909 Dominum.
801 4855 894 4910 Ille
927 4857 1052 4910 mihi
1093 4859 1260 4925 locus,
1311 4863 1396 4917 ille
1443 4867 1573 4920 mihi
1607 4870 1812 4938 domus,

259 4944 357 4997 ille
401 4943 540 4996 mihi
577 4945 805 5009 mansio,
842 4945 931 4999 ille
963 4949 1188 5015 requies,
1220 4950 1305 5004 ille
1330 4951 1398 5004 sit
1428 4953 1812 5014 habitaculum.

258 5032 525 5100 Denique
557 5034 902 5088 annuntiatur
952 5037 1105 5092 nobis
1130 5054 1159 5092 a
1185 5049 1370 5094 sancta
1404 5040 1678 5110 Scriptura
1708 5065 1814 5103 non

252 5120 448 5174 solum
505 5133 725 5186 regnum
769 5122 1046 5184 caelorum,
1093 5127 1186 5179 sed
1241 5139 1457 5190 regnum
1508 5129 1627 5183 Dei.
1664 5133 1731 5187 Ut
1762 5145 1816 5189 et

251 5208 499 5264 memini
530 5221 615 5260 tne
638 5207 748 5276 jam
775 5223 914 5278 saepe
949 5212 1166 5278 dixisse,
1205 5226 1423 5279 regnum
1445 5216 1706 5275 caelorum
1734 5233 1814 5279 est

324 5475 375 5506 ’⁸
398 5471 550 5525 Psal.
577 5487 756 5536 xxxvr,
777 5473 862 5525 57.
939 5472 980 5504 ⁸³
1003 5473 1024 5526 Ι
1044 5473 1158 5526 Cor.
1191 5481 1277 5531 XV,
1304 5467 1385 5522 42.
1458 5474 1506 5504 το
1541 5476 1680 5535 ibid.
1705 5483 1789 5536 55.

252 5543 302 5576 "
335 5540 474 5596 ibid.
510 5539 600 5596 39.
675 5541 869 5596 "ibid.
900 5541 981 5595 59.
1052 5541 1095 5573 ⁷⁸
1117 5537 1270 5592 Joan.
1304 5549 1402 5604 xtv,
1433 5540 1525 5595 50.

1889 5489 1930 5518 ⁷¹
1955 5488 2136 5542 Matth.
2161 5503 2211 5549 v,
2235 5490 2286 5542 9.
2359 5486 2570 5538 "Joan.
2591 5502 2720 5551 xvn,
2740 5487 2828 5539 24.

1614 5548 1661 5578 ⁷⁷
1686 5549 1866 5608 Matth.
1908 5571 1981 5622 vt,
2009 5557 2093 5610 i5.
2169 5548 2211 5587 ⁷⁸
2241 5555 2378 5613 Psal.
2407 5568 2586 5620 xxxvi,
2628 5548 2716 5613 i0.

1928 4432 2090 4484 etiam
2111 4432 2160 4484 in
2187 4433 2426 4486 oratione
2456 4434 3004 4501 petere,dicentes":
3039 4435 3140 4489 Sed
3171 4437 3330 4490 libera
3361 4455 3454 4491 nos

1929 4533 1960 4568 a
2001 4518 2156 4570 malo.
2190 4520 2290 4573 Sed
2323 4535 2532 4574 causam
2571 4537 2674 4589 qua
2708 4521 2898 4589 eripiat
2919 4522 3094 4589 justos
3124 4539 3249 4580 suos
3272 4527 3450 4580 Domi-

1925 4621 2024 4660 nus
2050 4607 2211 4675 679
2242 4622 2270 4659 a
2300 4610 2686 4677 peccatoribus,
2720 4610 2830 4664 sive
2885 4609 2936 4663 in
2977 4622 3208 4680 tempore
3238 4616 3448 4679 exitus,

1924 4695 2036 4747 sive
2085 4697 2136 4749 in
2191 4705 2425 4766 tempore
2462 4698 2670 4764 judicii,
2707 4716 2826 4755 cum
2884 4703 2997 4758 dies
3030 4703 3116 4756 ille
3157 4705 3448 4758 secundum

1923 4780 2242 4850 Prophetam
2272 4789 2607 4843 necessitatis
2639 4799 2692 4843 et
2749 4791 3026 4857 angustiae,
3057 4792 3170 4847 dies
3203 4796 3447 4848 obscuri-

1924 4873 2048 4926 tatis
2097 4882 2150 4926 et
2197 4876 2531 4943 perditionis,
2581 4877 2761 4944 judicii
2806 4881 2922 4933 dies
2969 4882 3273 4946 advenerit;
3327 4893 3452 4938 tunc

1922 4977 2050 5029 ergo
2103 4977 2316 5016 causam
2368 4980 2477 5033 qua
2522 4969 2659 5037 eripi
2711 4980 3012 5025 mereantur
3071 4971 3346 5038 subjungit
3397 4980 3454 5024 et

1920 5051 2048 5104 dicit
2091 5052 2155 5114 ⁷⁸,
2195 5054 2318 5120 quia
2346 5068 2674 5121 speraverant
2718 5061 2772 5111 in
2811 5074 2947 5111 eum.
2999 5057 3291 5123 Sperantes
3321 5071 3448 5124 ergo

1915 5141 1966 5192 iu
2015 5154 2073 5194 se
2121 5141 2310 5208 eripiet
2363 5153 2416 5196 et
2470 5145 2535 5198 de
2588 5145 2931 5200 tribulatione
2989 5150 3045 5194 et
3103 5143 3170 5194 de
3213 5146 3457 5195 necessi-

1915 5237 2046 5282 tate.
2099 5228 2374 5292 Quomodo
2418 5241 2590 5286 autem
2645 5244 2863 5301 sperare
2906 5227 3124 5289 debeat,
3172 5227 3300 5280 volo
3359 5230 3457 5282 tibi

2915 5478 2968 5510 "
2987 5474 3129 5528 Psal.
3161 5487 3361 5536 xxxvt,
3390 5477 3486 5533 '58.
