3910 6234
243 283 426 365 r569

1003 313 1308 373 SELECTA
1341 319 1410 373 IN
1445 317 1774 374 PSALMOS.
1812 346 1881 355 —
1911 315 2138 372 IIOMIL.
2178 315 2198 368 I
2233 313 2300 368 IN
2335 301 2528 363 PSAL.
2566 309 2796 366 XXXVII

3358 310 3491 363 1570

275 404 469 506 εὐχῆς
498 405 586 474 τδν
665 417 763 491 Μὴ
801 425 1182 505 ὲγκαταλίπῃς
1231 453 1315 505 με,
1349 435 1514 506 Κύριε
1551 437 1578 486 ὁ
1601 435 1728 496 Θεός
1751 451 1869 504 μου,

1972 433 2112 486 dium
2141 441 2220 484 est
2250 425 2380 481 illud
2415 439 2429 474 :
2468 421 2544 476 Ne
2586 425 2907 494 derelinquas
2951 441 3048 489 me,
3097 423 3310 477 Domine
3358 423 3492 477 Deus

305 502 384 592 μὴ
416 499 668 592 ἀποστῇς
699 509 793 563 ἀπ’
813 515 953 585 ἐμοῦ
970 537 982 549 ·
1010 499 1242 592 πρόέεχεν
1265 526 1342 586 εἰς
1365 499 1460 592 τὴς)
1485 523 1723 592 βοήθειάν
1746 499 1866 591 μου,

301 591 490 662 Κύριε
540 591 641 663 τῆς
685 604 963 672 σωτηρίας
995 591 1093 676 pou
1114 625 1130 640 ο
1173 628 1190 660 ι
1222 610 1330 680 ἔχει
1354 591 1460 679 γὰρ
1493 591 1753 678 ὲνίὲαυτῷ
1779 611 1868 662 καὶ

299 683 410 755 τὴν
442 684 612 754 ἁγίαν
641 687 867 758 Τριὰδα.

1971 538 2134 583 meus,
2166 535 2227 571 ne
2271 514 2566 568 discesseris
2603 529 2634 564 a
2679 530 2790 576 me;
2841 514 3043 566 intende
3085 513 3139 564 in
3177 512 3493 579 adjutorium

1970 627 2159 675 meum,
2189 609 2405 662 Domine
2436 605 2569 656 Deus
2593 603 2776 657 salutis
2808 619 2932 658 mea:
2955 621 2974 658 :
2996 604 3156 658 habet
3177 604 3316 657 enim
3348 603 3399 655 in
3434 616 3493 656 se

1969 697 2130 751 etiam
2167 707 2405 749 sanctam
2434 692 2774 747 Trinitatem.

1227 973 1787 1064 ORIGENIS
1860 921 2612 1069 EXPLANATIO

478 1162 692 1239 Super
735 1162 1043 1240 psalmum
1087 1163 1474 1223 tricesimum
1523 1161 1885 1240 septimum,
1931 1161 2044 1240 qui
2089 1162 2323 1226 dicitur
2366 1181 2382 1220 :

834 1501 1105 1554 IlOlllLlA
1155 1501 1382 1556 PRIMA.

354 1592 386 1645 1
406 1592 686 1646 .Creator
701 1591 1050 1643 humanorum
1067 1605 1343 1658 corporum
1360 1592 1496 1646 Deus
1519 1593 1716 1648 sciebat
1731 1596 1869 1662 quod

284 1681 429 1734 talis
475 1688 636 1734 esset
659 1678 920 1746 fragilitas
942 1679 1157 1731 humani
1198 1681 1456 1746 corporis,
1486 1697 1602 1749 qua:
1641 1682 1870 1749 languo-

281 1785 377 1823 res
416 1770 697 1822 diversos
734 1778 912 1835 posset
939 1767 1193 1834 recipere,
1223 1777 1275 1821 et
1302 1769 1606 1823 vulneribus
1647 1771 1871 1839 aliisque

278 1857 707 1911 debilitatibus
731 1864 874 1908 esset
905 1855 1134 1908 obnoxia
1170 1872 1185 1910 :
1217 1864 1270 1909 et
1322 1857 1440 1911 ideo
1467 1859 1706 1912 venturis
1748 1875 1866 1926 pas-

279 1947 584 2001 siouibus
609 1945 922 2013 providens,
947 1947 1108 1998 etiam
1142 1946 1530 1999 medicamenta
1573 1949 1871 2015 procreavit

276 2049 344 2088 ex
396 2045 604 2097 terra,
629 2041 685 2085 et
736 2033 1018 2085 medicina:
1063 2032 1281 2085 tradidit
1327 2033 1679 2101 disciplinam,
1722 2042 1780 2087 ut
1825 2036 1868 2087 si

275 2123 609 2177 accideret
654 2121 914 2190 aegritudo
962 2121 1193 2187 corpori,
1242 2136 1345 2174 non
1395 2122 1601 2176 deesset
1645 2122 1868 2176 medela.

271 2212 415 2278 Quo
473 2211 648 2264 nobis
678 2209 850 2262 tendit
883 2209 980 2262 ista
1028 2208 1314 2274 praefatio?
1353 2208 1429 2262 Ad
1479 2209 1710 2263 animam
1756 2209 1871 2264 sine

272 2301 480 2355 dubio
526 2306 828 2352 revocatur
866 2297 1148 2363 :quoniam
1182 2305 1237 2350 et
1265 2297 1429 2363 ipsam
1479 2311 1596 2350 cum
1648 2295 1872 2350 Creator

269 2389 576 2444 omnium
601 2387 954 2446 condidisset,
992 2385 1194 2438 sciebat
1221 2385 1358 2451 quod
1397 2384 1572 2438 futura
1616 2392 1755 2438 esset
1788 2385 1871 2437 vi-

271 2480 520 2531 tiorum
559 2489 757 2542 capax,
791 2482 845 2526 et
872 2475 940 2527 ob
985 2473 1085 2526 hoc
1134 2473 1342 2526 subdita
1391 2481 1548 2539 atque
1584 2472 1869 2526 obonerata

272 2565 587 2634 peccatis.
616 2563 682 2615 Et
713 2565 830 2616 ideo
854 2563 994 2616 sicut
1023 2562 1234 2629 corpori
1263 2561 1643 2614 medicamenta
1668 2575 1872 2628 praepa-

274 2654 457 2706 ravit
500 2665 580 2706 ex
619 2650 803 2703 herbis
832 2659 947 2702 arte
994 2649 1379 2716 disciplinaque
1434 2649 1760 2716 compositis,
1797 2648 1871 2700 ita

273 2745 485 2798 etiam
523 2721 726 2794 anima!
759 2739 1143 2792 medicamenta
1178 2736 1500 2803 praeparavit
1541 2737 1593 2789 in
1639 2737 1720 2788 his
1753 2751 1866 2788 ser-

2426 1166 2700 1239 Domine,
2746 1184 2820 1225 ne
2846 1168 2912 1226 in
2941 1167 3175 1242 furore,
3219 1169 3334 1225 etc.

1895 1514 1938 1568 Β
1966 1508 2093 1576 quid
2120 1507 2227 1560 tale
2256 1506 2399 1560 ultra
2432 1507 2737 1562 committat
2773 1523 2787 1558 :
2819 1516 2872 1559 et
2905 1515 3182 1574 propterea
3238 1516 3366 1575 puto
3405 1522 3495 1560 sn-

1968 1594 2316 1662 perscriptnm
2351 1609 2466 1648 esse
2492 1595 2658 1662 ipsum
2683 1593 2938 1659 psalmum
2972 1594 3038 1658 ⁸³,
3071 1591 3307 1645 l’salmus
3332 1594 3494 1645 David

1967 1686 2020 1736 in
2062 1685 2490 1736 recordationem.
2510 1681 2642 1746 Quid
2666 1682 2734 1735 sit
2764 1690 2940 1734 autem
2971 1683 3027 1735 in
3061 1684 3490 1744 recordationem,

1969 1785 2064 1838 per
2101 1780 2267 1824 totum
2300 1769 2469 1837 ipsius
2497 1767 2684 1836 psalmi
2713 1783 2910 1836 corpus
2940 1779 3178 1823 enarrat.
3217 1769 3496 1822 Videamus

1971 1871 2094 1924 ergo
2139 1871 2238 1912 nos
2287 1871 2473 1911 omnes
2527 1867 2860 1923 peccatores,
2888 1858 2932 1910 si
2982 1858 3033 1909 in
3080 1858 3261 1925 aliquo
3303 1857 3496 1910 delicto

1969 1944 2232 1999 fuerimus
2271 1943 2497 2009 inventi,
2527 1945 2612 1998 vel
2644 1946 2771 2012 quid
2798 1946 2998 2010 dicere,
3031 1947 3114 1998 vel
3153 1947 3278 2013 quid
3321 1945 3498 1998 facere

1969 2034 2278 2096 debeamus,
2303 2041 2361 2085 ut
2393 2047 2512 2086 cum
2542 2031 2656 2085 haec
2682 2033 2734 2085 in
2762 2031 3035 2101 Scriptura
3066 2048 3214 2087 sacra
3246 2034 3503 2087 didiceri-

1971 2137 2109 2186 mus,
2139 2122 2300 2176 etiam
2325 2122 2586 2175 medelam
2615 2122 2850 2176 vulneris
2891 2121 3057 2176 nostri
3098 2122 3348 2188 consequi
3383 2135 3493 2174 me-

1974 2223 2206 2262 reamur.
2236 2208 2439 2262 Bonum
2469 2210 2682 2276 quidem
2717 2220 2834 2264 erat
2862 2225 3070 2277 semper
3089 2225 3300 2277 corpus,
3336 2220 3392 2263 ut
3424 2211 3494 2262 ita

1973 2299 2219 2364 dixerim,
2250 2299 2440 2352 anima:
2465 2309 2659 2354 nostra:
2691 2300 2743 2352 in
2773 2299 2998 2352 sanitate
3023 2299 3236 2362 durare,
3252 2309 3305 2354 et
3337 2302 3498 2353 armis

1974 2388 2064 2442 Dei
2097 2387 2480 2440 circumdatum
2517 2389 2583 2441 ab
2634 2388 2882 2441 omnibus
2907 2387 3025 2441 telis
3064 2388 3242 2454 ignitis
3291 2389 3493 2442 diaboli

1973 2476 2187 2544 maligni
2213 2476 2598 2531 invulnerabile
2625 2489 2956 2546 permanere,
2981 2476 3176 2529 nullius
3203 2476 3495 2545 languoris,

1973 2565 2168 2618 nullius
2226 2564 2556 2633 aegritudinis
2611 2564 2903 2632 quidquam
2949 2565 3200 2630 experiri,
3261 2563 3500 2631 nihilque

1973 2651 2276 2704 interiorem
2302 2661 2537 2704 nostrum
2566 2651 2831 2704 hominem
2860 2651 2974 2704 vitii
3015 2651 3290 2718 morbique
3329 2651 3499 2704 susci-

1974 2753 2122 2807 pere.
2150 2739 2298 2802 Quod
2347 2739 2394 2793 si
2443 2755 2540 2808 per
2588 2739 2968 2809 negligentiam
3005 2740 3084 2793 sui
3133 2748 3294 2806 atque
3337 2740 3496 2792 animi

277 2830 588 2885 monibus
637 2839 774 2894 quos
831 2841 927 2894 per
972 2825 1182 2878 divinas
1241 2822 1540 2892 Scripturas
1590 2825 1868 2878 seminavit
1896 2825 1941 2884 C
1971 2828 2227 2882 desidiam
2259 2829 2545 2882 incurrerit
2573 2829 2624 2882 in
2666 2839 2966 2897 peccatum,
3009 2828 3135 2894 quid
3174 2829 3342 2895 ipsum
3373 2843 3501 2881 con-

277 2931 484 2987 atque
509 2915 772 2984 dispersit
803 2931 818 2967 :
846 2921 905 2966 ut
929 2913 982 2966 hi
1020 2913 1108 2980 qui
1137 2913 1314 2979 aliqua
1338 2913 1650 2982 aegritudine
1674 2913 1866 2967 fuerint

277 3006 604 3079 oppressi,
632 3005 810 3060 statim
841 3009 899 3055 ut
927 3002 1030 3054 vim
1070 3001 1239 3054 morbi
1277 3003 1538 3055 senserint
1584 3009 1739 3069 atque
1770 3001 1869 3054 ali-

280 3099 473 3165 cujus
513 3093 760 3147 vulneris
788 3090 1061 3144 stimulum
1095 3089 1437 3158 doloremque
1483 3091 1867 3158 perspexerint,

281 3188 338 3240 id
386 3193 520 3249 est,
562 3197 685 3235 cum
722 3181 952 3233 viderint
983 3177 1215 3231 animam
1255 3177 1454 3245 aliquid
1491 3187 1688 3245 praeter
1712 3187 1868 3230 natu-

285 3290 427 3329 ram
469 3279 781 3340 gerentem,
832 3269 1108 3336 requirant
1139 3277 1314 3332 aptam
1365 3275 1416 3320 et
1465 3268 1866 3321 convenientem

284 3365 412 3421 sibi
460 3361 852 3415 rationabilem
893 3357 1251 3425 disciplinam,
1285 3371 1403 3423 quae
1433 3356 1512 3409 eis
1551 3369 1617 3408 ex
1667 3370 1868 3424 praece-

287 3453 418 3521 ptis
463 3449 568 3502 Dei
611 3448 781 3515 possit
824 3447 1022 3499 mederi
1053 3461 1067 3496 :
1100 3459 1220 3497 nam
1251 3443 1469 3496 tradidit
1508 3452 1562 3496 et
1593 3445 1868 3498 medicina:

291 3538 458 3593 artis
507 3533 862 3595 industriam,
890 3531 1044 3600 cujus
1071 3529 1369 3584 archiatros
1401 3539 1480 3582 est
1519 3529 1764 3582 Salvator
1792 3530 1871 3582 di-

289 3641 451 3683 cens
478 3625 555 3677 de
585 3637 645 3676 se
668 3623 734 3687 ⁸³,
772 3621 897 3688 quia
918 3620 1033 3674 Non
1077 3636 1202 3689 opus
1240 3619 1426 3671 habent
1466 3619 1554 3686 qui
1591 3620 1706 3671 sani
1751 3627 1869 3671 sunt

291 3713 553 3773 medico,
583 3709 673 3760 sed
720 3711 809 3775 qui
849 3707 980 3759 ntale
1022 3707 1228 3759 habent.
1272 3706 1338 3758 Et
1371 3706 1459 3760 ille
1491 3706 1701 3774 quidem
1749 3719 1871 3760 erat

295 3801 642 3855 archiatros
674 3798 764 3864 qui
802 3803 985 3862 posset
1011 3809 1199 3848 curare
1230 3809 1439 3848 omnem
1480 3793 1787 3862 languorem
1820 3804 1873 3849 et

295 3901 553 3947 onmem
607 3883 1011 3944 inﬁrmitatem;
1065 3882 1310 3950 discipuli
1355 3897 1484 3935 vero
1538 3881 1652 3948 ejus
1685 3883 1872 3937 Petrus

299 3980 393 4033 vel
428 3973 665 4035 Paulus,
699 3970 793 4025 sed
820 3978 873 4024 et
903 3971 1172 4038 prophetae
1195 3970 1384 4024 medici
1413 3980 1556 4034 sunt,
1582 3981 1634 4024 et
1678 3971 1726 4024 hi
1755 3987 1871 4024 om-

303 4084 418 4122 nes
447 4065 553 4132 qui
590 4070 714 4129 post
741 4060 1007 4127 apostolos
1040 4061 1091 4112 in
1121 4059 1354 4120 Ecclesia
1385 4060 1541 4126 positi
1573 4069 1716 4124 sunt,
1749 4060 1869 4127 qui-

1971 2925 2227 2984 sequatur
2279 2927 2552 2984 agnoscat.
2593 2918 2760 2984 Argoi
2807 2918 2890 2968 vel
2930 2916 3126 2982 corripi
3168 2925 3250 2969 est
3304 2916 3501 2969 doloris

1970 3018 2148 3072 paena,
2182 3006 2449 3059 cruciatus
2473 3014 2528 3059 et
2568 3006 2641 3059 ita
2689 3005 2869 3074 gravis
2894 3014 2998 3068 est,
3033 3013 3090 3058 ut
3115 3004 3272 3058 etiam
3325 3005 3375 3057 hi
3410 3007 3498 3072 qui

1971 3093 2155 3148 ﬁdeles
2200 3102 2255 3148 et
2303 3095 2536 3162 religiosi
2579 3095 2847 3158 videntur,
2893 3094 2936 3147 si
2979 3093 3116 3146 forte
3157 3103 3214 3146 ut
3254 3095 3499 3148 homines

1973 3181 2264 3248 aliquando
2296 3183 2347 3235 in
2383 3183 2579 3236 delicto
2611 3184 2790 3251 aliquo
2823 3184 3150 3238 incurrerint
3186 3192 3238 3236 et
3268 3197 3498 3250 arguan-

1972 3279 2080 3333 tur,
2110 3271 2456 3338 indignentur
2482 3271 2738 3324 adversus
2762 3286 2852 3325 eos
2885 3271 2972 3338 qui
3008 3280 3255 3338 arguunt,
3289 3279 3340 3321 et
3367 3269 3496 3321 ode-

1970 3361 2076 3413 rint
2124 3375 2234 3412 eos.
2277 3360 2588 3429 Corripiunt
2645 3360 2785 3414 enim
2837 3369 2895 3412 ut
2927 3361 3232 3413 emendent.
3279 3358 3344 3410 Et
3399 3359 3499 3410 hoc

1971 3446 2166 3500 malum
2191 3447 2366 3500 fuitin
2394 3462 2577 3512 causa,
2608 3456 2665 3500 ut
2697 3448 2858 3500 etiam
2911 3461 2940 3497 a
2992 3445 3155 3513 priori
3203 3443 3396 3513 populo
3442 3444 3492 3495 in

1973 3535 2156 3588 odium
2186 3537 2511 3590 haberentur
2531 3536 2819 3604 prophetae,
2849 3535 3312 3603 persecutionibus
3333 3533 3500 3601 agita-

1971 3632 2174 3676 rentur.
2205 3621 2316 3676 lloc
2357 3622 2460 3675 fuit
2502 3637 2676 3676 causae
2715 3622 2856 3690 quod
2904 3620 3098 3675 Isaiam
3146 3621 3318 3675 secari
3355 3621 3500 3681 fecit,

1971 3707 2111 3774 quod
2138 3707 2450 3761 Zachariam
2488 3709 2628 3762 inter
2656 3708 2904 3774 templum
2947 3716 3001 3762 et
3045 3707 3214 3762 altare
3243 3704 3498 3772 compulit

1974 3794 2243 3857 trucidari,
2277 3793 2562 3847 Jeremiam
2592 3794 2646 3847 in
2678 3795 2849 3848 lacum
2884 3795 3021 3848 caeni
3057 3793 3312 3862 demergi.
3344 3792 3408 3844 Et
3435 3794 3498 3842 ad

1971 3879 2214 3933 ultimum
2241 3881 2351 3934 haec
2383 3879 2484 3933 fuit
2513 3895 2677 3934 causa
2698 3895 2814 3949 qua:
2840 3881 3120 3934 Dominum
3145 3889 3381 3933 nostrum
3414 3877 3501 3930 Je-

1969 3983 2082 4022 sum
2101 3969 2368 4022 Christum
2385 3969 2493 4036 egit
2515 3970 2566 4022 in
2585 3984 2822 4024 crucem.
2845 3970 3034 4024 Omnia
3056 3971 3197 4023 enim
3213 3983 3328 4037 qua:
3341 3983 3498 4034 supra

1969 4056 2126 4125 681
2157 4058 2581 4110 enumeravimus
2607 4059 2808 4112 scelera
2832 4068 2988 4125 atque
3014 4057 3232 4124 ﬂagitia,
3261 4071 3363 4110 non
3395 4055 3498 4108 alia

304 4159 546 4221 busque
585 4149 946 4204 curandorum
979 4148 1251 4200 vulnerum
1285 4149 1559 4216 disciplina
1585 4150 1868 4203 commissa
1900 4133 1944 4187 Ῑ)
1973 4159 2040 4198 ex
2067 4160 2225 4198 causa
2265 4147 2545 4199 commissa
2573 4157 2726 4211 sunt,
2759 4147 2858 4200 nisi
2893 4147 3030 4213 quod
3065 4148 3188 4199 dum
3230 4158 3418 4197 omnes
3442 4143 3497 4195 in

307 4256 430 4309 est,
467 4256 615 4309 quos
644 4240 814 4293 voluit
842 4239 977 4292 Deus
1002 4239 1053 4290 in
1093 4236 1327 4289 Ecclesia
1354 4251 1447 4289 sua
1481 4251 1598 4289 esse
1644 4237 1875 4292 medicos

307 4335 672 4394 animarum,
699 4329 822 4396 quia
861 4343 966 4382 non
995 4328 1107 4380 vult
1133 4326 1268 4380 Deus
1298 4334 1475 4378 noster
1499 4333 1720 4378 mortem
1753 4341 1874 4393 pec-

309 4419 559 4477 catoris,
598 4416 693 4468 sed
723 4415 1088 4481 paenitentiam
1123 4422 1176 4467 et
1204 4414 1497 4466 orationem
1537 4411 1649 4478 ejus
1683 4428 1873 4480 exspe-

315 4516 468 4564 ctat.
515 4504 724 4558 Deinde
768 4513 823 4556 et
867 4504 965 4555 iste
995 4502 1227 4571 psalmus
1274 4502 1361 4568 qui
1406 4516 1544 4553 nunc
1577 4501 1745 4555 lectus
1772 4511 1873 4564 est,

318 4599 493 4653 nobis
546 4591 802 4653 ostendit,
857 4603 914 4645 ut
951 4593 994 4645 si
1039 4591 1176 4644 forte
1205 4584 1489 4658 aliquando
1527 4591 1876 4657 praaveuimur

318 4692 378 4744 in
435 4686 686 4749 delictis,
715 4683 943 4753 qualiter
969 4697 1064 4735 nos
1091 4690 1146 4734 et
1176 4695 1295 4732 cum
1327 4693 1432 4746 quo
1482 4678 1670 4733 aﬂ‘ectu
1719 4693 1874 4734 orare

319 4784 592 4848 oporteat
638 4783 694 4828 et
751 4772 956 4825 medico
1001 4769 1298 4839 supplicare
1351 4783 1445 4836 pro
1477 4767 1747 4822 doloribus
1791 4768 1874 4820 vel

321 4861 749 4922 inﬁrmitatibus
784 4859 1000 4912 nostris.
1047 4857 1103 4911 Si
1145 4857 1360 4925 quando
1380 4870 1508 4924 ergo
1538 4871 1878 4925 prmoccupa-

323 4953 482 5007 verit
516 4964 616 5003 nos
652 4947 900 5001 inimicus
920 4956 974 4998 et
1003 4946 1182 5013 ignitis
1209 4942 1401 5011 jaculis
1426 4944 1537 4998 suis
1565 4945 1876 4998 vulnerave-

328 5043 404 5094 rit
434 5038 680 5092 animam
711 5043 972 5099 nostram,
1006 5034 1181 5100 primo
1205 5033 1303 5086 hoc
1326 5047 1424 5086 nos
1444 5033 1593 5088 docet
1625 5035 1708 5087 hic
1737 5036 1876 5102 psal-

331 5146 485 5193 mus,
513 5126 659 5195 quod
692 5123 938 5178 convenit
966 5131 1084 5189 post
1118 5131 1395 5187 peccatum
1421 5123 1658 5175 conﬁteri
1690 5138 1876 5190 pecca-

332 5227 476 5281 tum,
506 5224 562 5267 et
609 5213 667 5267 in
701 5211 1016 5265 memoriam
1068 5206 1338 5260 recordari
1386 5205 1660 5272 delictum,
1693 5219 1748 5260 ut
1783 5225 1876 5276 per

333 5301 773 5356 recordationem
808 5299 978 5364 culpae
1007 5293 1328 5347 stimulatum
1351 5307 1446 5345 cor
1475 5303 1526 5347 et
1554 5297 1872 5350 concitatum

339 5402 442 5451 pro
481 5387 681 5441 delicto
737 5398 856 5449 suo,
882 5381 1098 5436 interim
1131 5381 1366 5432 refrenet
1413 5393 1476 5431 ac
1528 5393 1758 5447 revocet,
1809 5399 1874 5438 ne

410 5547 456 5577 ⁸¹
486 5545 672 5599 Matth.
707 5561 782 5612 Ix,
816 5545 902 5599 12.
941 5542 1020 5614 ﬁ”
1050 5541 1186 5595 Psal.
1220 5556 1415 5610 xxxvn,
1447 5545 1466 5595 ι

1977 4233 2275 4286 medicinali
2303 4234 2578 4302 disciplina
2610 4235 2840 4288 resecari
2871 4248 2964 4300 per
2992 4232 3380 4300 correptionem
3408 4230 3499 4282 de-

1975 4320 2321 4389 linquentium
2353 4324 2555 4385 nolunt,
2579 4336 2722 4376 curae
2753 4322 3031 4390 impatiens
3064 4321 3284 4389 pepulus
3309 4328 3362 4372 et
3389 4333 3499 4372 me-

1975 4411 2106 4464 dela:
2135 4411 2188 4464 in
2216 4412 2504 4479 perniciem
2535 4413 2795 4466 medentis
2822 4411 3045 4464 exarsit.
3074 4409 3222 4463 Beati
3257 4425 3381 4479 ergo
3411 4424 3500 4461 sa-

1974 4499 2177 4566 pientes
2218 4500 2328 4567 jam
2356 4515 2422 4553 ex
2469 4501 2581 4568 ipsa
2607 4500 2883 4569 Scriptura
2913 4500 3244 4568 appellantur
3273 4501 3326 4554 hi
3353 4539 3366 4564 ,
3407 4501 3496 4568 qui

1975 4601 2094 4640 cum
2119 4587 2455 4656 deliquerint,
2484 4590 2527 4643 si
2553 4599 2860 4658 arguantur,
2887 4604 2987 4644 non
3015 4592 3238 4644 oderunt
3265 4604 3496 4657 arguen-

1977 4684 2076 4730 tes.
2109 4677 2183 4730 lta
2217 4679 2354 4730 enim
2397 4681 2527 4732 dicit
2558 4681 2830 4748 Scriptura
2851 4680 2934 4734 3|’:
2973 4681 3097 4733 Noti
3138 4696 3351 4749 arguere
3385 4697 3503 4730 tuti--

1973 4765 2049 4817 los
2076 4781 2137 4818 ne
2158 4767 2355 4820 oderint
2386 4778 2452 4832 te,
2471 4785 2627 4836 argue
2651 4771 2927 4836 sapientem
2954 4780 2999 4824 et
3027 4770 3218 4823 amabit
3249 4780 3318 4822 te.
3341 4768 3453 4822 νεὼ
3473 4782 3503 4818 s

1974 4858 2234 4922 quomodo
2267 4858 2558 4925 sapientem
2601 4859 2887 4928 appellavit
2932 4859 3204 4926 Scriptura
3247 4873 3367 4911 eum
3406 4855 3495 4921 qui

1974 4945 2295 5012 correptioni
2324 4947 2584 5001 obnoxius
2613 4959 2716 5011 est,
2754 4963 2857 5001 non
2891 4957 3063 5001 tamen
3094 4948 3224 5011 odit,
3262 4945 3354 4998 sed
3383 4958 3500 4995 ma-

1975 5034 2054 5101 δῖε
2079 5035 2246 5103 diligit
2284 5037 2634 5104 arguentem?
2662 5037 2816 5091 Tales
2845 5045 2998 5090 erant
3035 5037 3108 5088 illi
3136 5035 3225 5101 qui
3261 5034 3327 5085 ab
3353 5035 3498 5099 Apo-

1973 5121 2108 5175 stolo
2131 5125 2510 5190 arguebantur,
2534 5137 2587 5180 et
2614 5126 2868 5180 confutati
2897 5139 2998 5177 non
3025 5124 3246 5176 oderant
3274 5135 3496 5188 arguen-

1976 5217 2076 5264 tes.
2109 5209 2259 5266 Unde
2280 5222 2335 5266 et
2355 5229 2452 5282 ego
2480 5216 2714 5268 arbitror
2739 5214 2883 5266 illum
2905 5213 2993 5280 qui
3019 5213 3069 5263 in
3097 5209 3357 5262 Corintho
3377 5224 3495 5277 gra-

1975 5298 2192 5354 vissime
2226 5301 2518 5368 deliquerat
2541 5302 2608 5366 '5,
2631 5302 2826 5354 idcirco
2859 5298 3273 5352 misericordiam
3303 5312 3495 5350 conse-

1976 5397 2190 5450 cutum,
2246 5392 2492 5457 quoniam
2543 5397 2817 5455 correptus
2870 5388 2936 5443 ab
2974 5387 3260 5456 Apostolo,
3321 5397 3375 5441 et
3423 5397 3494 5439 ita

1565 5549 1609 5580 “
1639 5549 1792 5603 Prov.
1833 5568 1905 5616 Ix,
1935 5555 1984 5608 8.
2058 5554 2144 5604 ⁸⁵1
2185 5554 2303 5605 Cor.
2347 5565 2395 5600 v.
