3910 6286
367 283 492 338 1⁸571

1741 285 1827 340 EX
1867 276 2162 340 ORIGENE

3625 261 3747 317 {572

361 403 552 456 acerbe
577 408 874 469 correptus.
909 409 968 454 ut
999 414 1029 453 a
1057 410 1321 455 conventu
1353 401 1750 456 abscinderetur
1791 404 1895 457 Ec-

2084 414 2217 454 :esse
2231 416 2362 454 eum
2389 396 2858 466 correptionem
2881 405 2960 460 pa
2971 396 3182 443 terna
3199 391 3376 439 austs
3393 390 3586 434 ritatis
3600 397 3750 447 agno-

362 488 560 549 clesire,
587 502 688 540 non
724 496 899 540 tamen
931 487 1051 541 odio
1081 488 1262 541 habuit
1291 501 1633 557 arguentem,
1659 493 1750 545 sed
1781 493 1898 545 ani-

363 576 781 629 madversionem
828 577 1090 644 patienter
1149 578 1354 644 accepit
1407 590 1460 631 et
1509 579 1718 632 fortiter
1753 582 1892 634 tulit.

366 669 475 736 Ego
498 668 726 721 arbitror
753 670 890 736 quod
917 669 1076 721 etiam
1107 667 1357 733 majorem
1381 667 1626 722 affectum
1657 673 1896 738 concepit

365 771 488 824 erga
520 755 735 808 Paulum
761 795 776 818 ,
806 765 962 822 atque
989 770 1111 823 erga
1137 770 1320 808 otnnes
1366 758 1455 822 qui
1504 761 1716 811 statutis
1745 758 1894 813 Pauli

365 846 417 898 in
449 845 562 911 ejus
591 845 1046 898 animadversione
1084 859 1388 912 paruerunt.
1425 846 1575 900 Unde
1619 860 1673 901 et
1704 849 1898 904 Paulus

361 935 675 985 sententiam
719 940 970 994 revocat,
1003 941 1054 985 et
1081 933 1308 1000 ejectum
1353 934 1683 1003 reconjungit
1715 938 1898 990 Eccle-

362 1021 473 1084 siae,
505 1029 555 1072 et
590 1021 738 1074 addit
767 1023 950 1075 dicens
978 1022 1025 1053 ⁸⁸
1051 1040 1064 1073 :
1091 1024 1405 1090 Con/innate
1442 1028 1492 1078 in
1519 1043 1633 1078 eum
1667 1029 1896 1080 Charita-

361 1117 481 1161 tem.
515 1107 655 1160 Vidit
687 1109 826 1161 enim
865 1125 985 1162 eum
1036 1123 1154 1176 post
1199 1113 1713 1168 animadversionem
1769 1132 1899 1170 con-

361 1209 605 1248 servasse
645 1195 960 1248 charitatetn
1003 1213 1017 1248 :
1064 1206 1115 1249 et
1162 1197 1280 1250 ideo
1326 1199 1461 1251 dixit
1509 1203 1746 1254 utetiam
1779 1213 1898 1269 post

361 1289 631 1348 peccatum
679 1296 781 1335 non
814 1291 918 1334 tam
961 1281 1281 1334 tribueretur
1313 1283 1359 1334 ei
1407 1284 1678 1348 charitas,
1723 1289 1898 1340 inerat

358 1369 521 1431 enim,
555 1371 647 1422 sed
676 1380 732 1420 ut
758 1371 825 1423 ab
853 1370 1103 1423 omnibus
1125 1387 1184 1424 ea
1225 1387 1340 1438 qua:
1373 1373 1543 1426 inerat
1570 1374 1894 1428 lirmaretur.

359 1456 586 1511 Necesse
613 1467 694 1511 est
737 1473 865 1525 ergo
892 1474 1011 1511 eum
1061 1462 1150 1528 qui
1201 1471 1386 1528 peccat
1412 1462 1562 1530 argui
1599 1480 1614 1514 :
1649 1464 1738 1516 sed
1762 1479 1896 1530 quo-

359 1545 500 1597 niam
530 1545 708 1613 gravis
737 1547 890 1600 nobis
928 1547 1329 1611 inﬁrmioribus,
1365 1551 1611 1615 quamvis
1646 1551 1717 1604 sit
1753 1553 1898 1606 utilis

359 1633 455 1685 ista
479 1635 766 1701 correptio,
793 1635 931 1688 ferre
953 1651 1070 1690 eam
1100 1639 1198 1690 sub
1223 1641 1460 1692 omnium
1491 1641 1774 1706 praesentia
1804 1643 1898 1695 de-

358 1722 605 1776 vitamus.
632 1724 695 1775 Et
720 1725 843 1792 quid
866 1725 981 1778 dico
1010 1729 1244 1781 omnium
1280 1705 1556 1797 praesentia
1581 1732 1894 1787 ilnterdum
1929 1705 1972 1758 Β

359 1825 426 1863 ne
465 1812 597 1864 duos
629 1813 838 1879 quidem
870 1829 991 1867 cum
1018 1819 1288 1884 arguimur
1324 1821 1511 1873 adesse
1551 1822 1787 1887 patimur
1817 1832 1897 1874 te-

358 1911 465 1952 stes
488 1937 504 1962 ,
533 1901 622 1952 sed
656 1900 927 1968 culpamus
984 1915 1292 1970 arguentem
1343 1916 1396 1960 et
1438 1908 1666 1963 dicimus
1693 1911 1894 1978 :Oporr

358 1997 533 2041 tuerat
565 1997 615 2041 te
645 1990 740 2042 soli
787 1990 914 2042 mihi
961 1991 1140 2046 dicere
1188 2008 1304 2061 qua:
1336 1996 1502 2059 velis,
1543 2007 1596 2051 et
1641 2015 1746 2053 non
1795 2002 1894 2056 sub

359 2077 643 2131 multorum
669 2082 946 2147 prmsentia
968 2082 1145 2136 facere
1169 2084 1297 2136 mihi
1326 2087 1593 2141 ruborem.
1620 2090 1892 2158 Dolemus,

356 2163 641 2232 iactamur,
677 2165 1065 2221 eii‘ervescimus
1089 2209 1102 2232 ,
1133 2181 1184 2224 et
1221 2172 1273 2224 in
1317 2175 1664 2231 interioribus
1701 2181 1895 2235 animae

358 2254 601 2307 sensibus
630 2256 953 2310 cruciamur.
983 2257 1131 2322 Quod
1161 2261 1204 2312 si
1237 2261 1351 2315 talis
1383 2266 1648 2333 correptio
1678 2277 1760 2320 est
1789 2284 1893 2336 qna

359 2340 426 2393 ab
455 2340 752 2395 hominibus
781 2343 864 2395 vel
893 2359 1071 2396 coram
1099 2345 1400 2403 hominibus
1430 2354 1724 2420 arguimur,
1767 2358 1894 2424 quid

361 2427 613 2482 faciemus
639 2430 681 2483 si
715 2430 850 2485 Deus
877 2448 971 2486 nos
999 2443 1216 2502 arguat,
1247 2438 1292 2490 si
1329 2440 1438 2507 ipse
1478 2442 1617 2497 Deus
1655 2447 1896 2503 confutet

358 2527 410 2568 ct
440 2527 628 2586 arguat
657 2520 707 2571 in
737 2520 955 2575 furore?
987 2524 1092 2578 Nos
1116 2527 1203 2594 qui
1236 2529 1470 2598 episcopi
1497 2536 1766 2602 arguentis
1790 2538 1894 2591 ira-

360 2605 601 2658 cundiam
637 2606 778 2661 ferre
807 2624 909 2661 nou
941 2625 1251 2680 possumus,
1299 2617 1392 2669 sed
1425 2618 1772 2689 indignanter
1806 2639 1896 2678 ac-

359 2692 607 2761 cipimus,
654 2695 796 2748 illum
845 2698 1075 2754 furorem
1119 2702 1210 2769 qui
1245 2702 1336 2757 Dei
1385 2720 1504 2762 esse
1544 2708 1772 2774 dicitur,
1805 2727 1895 2765 ar-

357 2791 603 2844 guentem
637 2799 732 2837 nos
774 2789 1040 2851 quomodo
1086 2789 1426 2847 tolerabimus
1461 2795 1484 2847 ?
1527 2797 1716 2853 Sciens
1766 2817 1895 2870 ergo

352 2871 610 2935 Propheta
661 2874 1076 2940 quamplurimas
1106 2894 1224 2931 esse
1255 2881 1582 2938 differentias
1613 2891 1892 2956 arguendi,

356 2966 407 3007 et
442 2956 621 3011 volens
652 2960 802 3025 quasi
838 2963 997 3016 homo
1020 2980 1114 3032 pro
1142 2968 1347 3023 delictis
1371 2974 1581 3037 quidem
1605 2981 1780 3044 argui,
1811 2997 1895 3036 ve-

361 3057 480 3096 rens
507 3058 680 3098 autem
706 3062 769 3100 ne
798 3053 1030 3116 graviori
1059 3056 1381 3120 pondere,id
1409 3071 1510 3125 est,
1538 3078 1604 3116 ne
1629 3066 1679 3118 in
1708 3068 1892 3126 furore

360 3132 566 3186 Domini
599 3149 936 3203 argueretur,
960 3141 1052 3202 ait,
1086 3144 1224 3196 sicut
1251 3147 1360 3212 jam
1388 3158 1442 3202 et
1470 3151 1522 3202 in
1553 3154 1656 3207 alio
1683 3159 1894 3224 psalmo

355 3229 480 3273 ante
501 3221 724 3286 dixerat,
750 3225 908 3278 etiam
943 3228 1092 3282 hic"
1125 3247 1140 3283 :
1179 3233 1413 3298 Domine,
1437 3251 1497 3289 ne
1520 3238 1572 3290 in
1597 3221 1774 3306 [urere
1803 3253 1894 3299 tuo

357 3327 545 3378 arguas
574 3328 671 3366 me.
708 3313 963 3370 Similiter
986 3328 1160 3372 autem
1191 3321 1320 3375 dicit
1350 3336 1404 3377 et
1443 3331 1584 3394 quod
1624 3333 1887 3400 sequitur:

358 3416 514 3469 neque
560 3402 722 3456 inira
770 3413 862 3458 tua
909 3411 1160 3476 corripias
1207 3428 1304 3466 me.
1352 3414 1574 3482 Oportet
1619 3433 1748 3487 ergo
1793 3440 1893 3481 nos

357 3491 532 3557 aliqua
562 3501 613 3543 et
642 3493 705 3546 de
734 3497 1068 3562 correptione
1097 3499 1274 3554 dicere
1297 3540 1312 3567 ,
1343 3503 1406 3556 de
1433 3519 1535 3572 qua
1571 3512 1894 3577 generaliter

358 3594 454 3631 nos
481 3580 767 3646 Apostolus
806 3585 962 3638 docet
994 3586 1175 3641 dicens
1205 3589 1251 3620 ⁸⁸
1283 3608 1296 3643 :
1333 3591 1512 3646 Omnis
1539 3597 1740 3663 quidem
1787 3616 1894 3652 cor-

358 3670 518 3734 reptio
549 3670 616 3721 ad
646 3688 867 3738 pra’seus
896 3691 995 3726 non
1033 3677 1234 3730 videtur
1257 3682 1435 3747 gaudii
1464 3699 1570 3736 esse
1593 3723 1608 3748 ,
1657 3690 1745 3739 sed
1779 3706 1893 3742 mae-

359 3765 526 3826 roris,
563 3775 738 3830 postea
775 3778 942 3820 autent
985 3769 1210 3836 fructum
1257 3775 1641 3838 pacatissimam
1681 3781 1760 3832 Itis
1805 3783 1892 3849 qui

357 3868 446 3914 per
477 3869 590 3905 eam
632 3857 897 3910 exercitati
938 3869 1090 3921 sunt,
1141 3863 1319 3915 reddet
1351 3863 1583 3926 institue.
1616 3867 1679 3920 Et
1719 3871 1893 3925 videte

356 3941 517 3993 etiam
546 3956 759 4009 pueros,
782 3948 1220 4011 quemadmodum
1238 3967 1356 4005 cum
1385 3955 1750 4022 corripiuntur
1771 3973 1893 4012 ver-

360 4030 572 4086 beribus
605 4047 634 4084 a
678 4036 978 4105 paedagogis
999 4075 1014 4100 ,
1047 4039 1127 4091 vel
1155 4053 1183 4090 a
1229 4041 1536 4099 doctoribus
1565 4048 1887 4113 excitantur,

358 4121 577 4175 moleste
603 4124 813 4191 quidem
843 4128 1127 4195 accipiunt,
1153 4139 1206 4182 et
1230 4145 1491 4186 summum
1522 4137 1715 4188 malum
1745 4137 1891 4206 judi-

357 4219 481 4262 cant
508 4211 740 4266 dolorem
771 4215 914 4268 illum
935 4256 949 4280 ,
977 4220 1065 4285 qui
1104 4221 1181 4274 eis
1209 4236 1367 4274 causa
1401 4226 1714 4280 eruditionis
1747 4228 1887 4281 inlli-

2001 505 2186 554 scere,
2214 505 2341 556 quae
2373 506 2447 544 ex
2503 483 2908 557 gravioribus
2962 476 3235 532 delictis
3273 488 3352 527 ac
3386 472 3748 540 ﬂagitiosiori-

1999 579 2100 631 bus
2132 587 2492 642 provocatur.
2534 576 2596 629 Si
2634 573 3038 638 corripiatur
3067 583 3105 620 a
3146 568 3418 620 doctore
3457 577 3628 630 puer,
3656 578 3748 616 non

1999 668 2073 720 ita
2103 678 2357 720 austerus
2388 668 2504 720 erit
2553 666 2853 733 magister
2895 663 3072 716 sicut
3133 664 3330 724 pater
3385 667 3522 707 esse
3571 663 3748 722 potest,

1998 757 2043 809 si
2089 757 2274 824 gravia
2311 756 2522 810 delicta
2560 757 2616 808 in
2657 756 2787 809 ﬁlio
2821 749 3251 822 cognoverit.
3302 745 3369 797 Si
3405 745 3562 797 enim
3605 747 3752 842 corri-

1997 844 2112 911 piat
2138 853 2288 910 pater
2320 859 2425 911 pro
2453 844 2789 911 majoribus
2818 838 3390 909 gravioribusque
3424 838 3752 899 peccatis,et

2001 941 2222 998 tantum,
2261 933 2336 985 sit
2385 933 2777 986 commissum
2841 931 2962 983 lilii
3030 925 3220 994 quod
3281 924 3362 976 ad
3419 923 3749 976 iracundiam

1997 1022 2360 1076 concitaverit
2385 1033 2636 1088 patrem,
2671 1024 2810 1075 sine
2845 1021 3056 1073 dubio
3101 1027 3256 1086 post
3290 1016 3625 1076 cruciatus,
3647 1029 3752 1085 post

1997 1109 2260 1175 supplicia
2307 1111 2482 1162 etiam
2534 1108 2962 1171 abdicationis
3018 1120 3228 1174 poena
3300 1103 3624 1156 metuenda
3661 1115 3751 1159 est.

1999 1201 2058 1253 Si
2090 1201 2414 1256 intellexisti
2459 1203 2970 1264 similitudinem,
3019 1199 3242 1252 transi
3283 1196 3437 1248 mihi
3475 1196 3549 1248 ab
3586 1209 3755 1248 exem-

1997 1287 2085 1355 plo
2113 1289 2179 1340 ad
2211 1304 2363 1353 rem,
2393 1298 2450 1342 et
2482 1289 2743 1356 intellige
2787 1290 2870 1342 de
2913 1288 3118 1341 nobis
3154 1284 3463 1338 omnibus
3512 1298 3635 1350 quae
3679 1284 3751 1336 di-

1997 1384 2220 1429 cuntur.
2285 1376 2498 1430 Omnes
2549 1376 2819 1446 episcopi
2886 1385 3100 1444 atque
3165 1388 3404 1427 omnes
3455 1375 3751 1441 presbyteri

1999 1465 2082 1518 vel
2134 1465 2353 1518 diaconi
2402 1467 2678 1519 erudiunt
2714 1482 2832 1520 nos
2862 1503 2883 1529 ,
2922 1475 2992 1518 et
3052 1463 3449 1517 erudientes
3505 1463 3751 1518 adhibent

1998 1559 2396 1625 correptiones,
2426 1569 2483 1612 et
2509 1557 2706 1612 verbis
2740 1556 3256 1611 austerioribus
3293 1555 3635 1622 increpant.
3668 1555 3752 1609 Est

1999 1655 2179 1698 autem
2209 1647 2432 1714 quando
2461 1647 2773 1700 erudimur
2806 1645 3018 1699 etiam
3060 1660 3100 1698 a
3142 1644 3669 1712 procuratoribus,
3701 1658 3748 1700 et

1997 1725 2299 1798 actoribus,
2325 1736 2376 1787 id
2400 1744 2490 1790 est
2525 1738 2597 1790 ab
2629 1737 2722 1790 his
2759 1735 3026 1805 angelis
3070 1735 3326 1802 quibus
3361 1735 3608 1788 credita:
3635 1748 3750 1789 sunt

1997 1822 2378 1890 dispensandae
2430 1835 2487 1878 et
2534 1827 2813 1892 regendae
2865 1825 3126 1878 animae
3162 1833 3411 1878 nostra
3443 1841 3460 1877 :
3497 1826 3744 1894 quemad-

1995 1912 2215 1965 modum
2246 1913 2586 1967 describitur
2619 1917 2679 1968 in
2727 1917 3025 1983 quodam
3094 1915 3249 1969 loco
3281 1916 3541 1982 angelus
3587 1918 3742 1982 ι)ωηί-

1996 2000 2208 2062 tentias,
2237 2002 2329 2067 qui
2375 2017 2478 2056 nos
2513 2004 2760 2072 suscipit
2814 2005 3269 2072 casti-gandos
3292 2043 3312 2067 ,
3370 2005 3529 2058 sicut
3563 2001 3742 2060 Pastor

1994 2092 2235 2158 exponit,
2275 2092 2321 2144 si
2354 2093 2444 2145 cui
2486 2101 2678 2146 tamen
2719 2093 2984 2148 libellus
3023 2094 3148 2147 ille
3184 2095 3580 2163 recipiendus
3609 2097 3736 2150 vide-

1995 2185 2103 2230 tur.
2151 2179 2376 2234 Interim
2430 2181 2673 2235 diversis
2744 2183 3264 2238 eruditionibus
3323 2184 3733 2240 succumbimus

1994 2283 2094 2321 nos
2120 2269 2373 2323 homines
2405 2271 2838 2339 castigantibus
2864 2311 2882 2335 .
2923 2289 3060 2328 nos
3119 2281 3191 2326 et
3251 2275 3734 2342 corripientibus:

1995 2358 2230 2412 nondum
2276 2367 2458 2412 tamen
2503 2361 2572 2412 ab
2621 2361 2749 2429 ipso
2800 2364 3324 2430 patrefamilias
3376 2368 3732 2436 castigamur,

1994 2447 2086 2500 sed
2142 2462 2172 2499 a
2223 2450 2690 2514 procuratoribus
2734 2453 2998 2519 angelis
3035 2493 3058 2520 ,
3111 2455 3230 2523 qui
3296 2457 3733 2526 uniuscujusque

1995 2534 2166 2588 nostri
2202 2535 2506 2604 castigandi
2548 2545 2727 2604 atque
2779 2541 3213 2596 emendandi
3264 2545 3602 2599 sortiuntur
3626 2546 3732 2601 om-

1995 2624 2159 2687 cium,
2189 2633 2247 2678 et
2273 2635 2356 2678 est
2395 2626 2757 2680 tolerabilius
2793 2643 2950 2682 cum
2983 2630 3078 2684 ab
3127 2631 3354 2700 aliquo
3390 2634 3594 2688 horum
3623 2651 3730 2690 cor-

1997 2715 2243 2782 ripimur.
2272 2715 2366 2769 Sic
2391 2730 2614 2785 quoque
2641 2717 2972 2772 interdum
3008 2721 3226 2776 etiam
3258 2724 3586 2794 paedagogo
3608 2740 3732 2779 com-

1995 2804 2156 2856 missa
2188 2814 2273 2857 est
2294 2816 2483 2858 nostra
2511 2809 2835 2875 correptio.
2874 2809 3055 2864 Nam
3099 2815 3480 2885 quicunque
3505 2821 3606 2872 sub
3628 2818 3729 2886 lege

1995 2901 2171 2956 erant,
2202 2893 2461 2959 quoniam
2508 2894 2595 2946 lex
2629 2894 3029 2966 paedagogus
3071 2912 3316 2957 noster
3347 2904 3464 2958 fuit
3497 2906 3550 2958 in
3583 2904 3726 2958 Chri-

1994 2988 2112 3044 sto,
2148 2978 2528 3047 delinquentes
2558 2981 2615 3032 in
2655 2981 2790 3050 lege
2837 2996 2873 3035 a
2924 2988 3304 3060 paedagogo
3351 2994 3724 3062 corripiens..-

1997 3075 2118 3132 tur,
2157 3081 2280 3120 cum
2316 3067 2696 3135 puniebantur
2741 3084 2817 3124 ex
2864 3074 3047 3141 lege.
3115 3077 3552 3135 Puniebantur
3593 3083 3723 3135 enim

1991 3159 2076 3210 vel
2107 3173 2228 3212 cum
2273 3159 2705 3226 lapidabautur,
2739 3162 2838 3215 vel
2893 3180 3059 3220 cum
3103 3171 3357 3239 aliquid
3393 3189 3591 3228 eorum
3619 3189 3723 3242 quae

1991 3249 2201 3318 Moyses
2241 3249 2542 3316 scripserat
2584 3250 3024 3317 perferebant.
3075 3257 3317 3316 Nullus
3362 3276 3506 3331 ergo
3549 3279 3720 3318 eorum

1993 3338 2063 3390 de
2088 3337 2285 3405 quibus
2336 3337 2595 3406 superius
2628 3339 2908 3398 diximus
2965 3347 3058 3400 ab
3125 3349 3270 3418 ipso
3327 3352 3722 3420 patrel‘amilias

1991 3425 2337 3493 puniebatur.
2373 3423 2493 3478 Non
2527 3425 2682 3478 enim
2717 3438 2860 3481 erat
2886 3436 3391 3498 paterfamilias
3422 3441 3538 3504 lex,
3564 3454 3718 3507 neque

1991 3513 2215 3582 angelus
2243 3513 2606 3581 poenitentiae.
2639 3513 2760 3569 Sed
2793 3529 2954 3575 sunt
2999 3524 3141 3578 alia
3189 3539 3456 3595 peccata
3485 3545 3586 3599 pro
3618 3530 3719 3599 qui-

1992 3602 2090 3654 bus
2119 3611 2432 3670 peccantem
2465 3605 2584 3670 ipse
2617 3607 3101 3673 paterfamilias
3147 3619 3365 3685 punit,
3425 3634 3556 3673 eum
3587 3621 3718 3672 vide»

1991 3689 2116 3744 licet
2143 3691 2310 3759 682
2352 3691 2447 3759 qui
2473 3707 2810 3749 mensuram
2859 3697 3255 3760 facinorum
3301 3721 3715 3780 supergressus,

1992 3779 2130 3832 ultra
2163 3789 2431 3834 creaturae
2477 3786 2910 3844 contumeliam
2974 3796 3270 3853 sceleris
3314 3802 3412 3854 sui
3449 3802 3716 3868 impietate

1993 3866 2242 3920 tetendit.
2285 3866 2395 3921 Nec
2440 3877 2626 3923 tamen
2674 3874 2836 3930 alius
2871 3881 3032 3946 quis
3083 3887 3274 3941 novit
3307 3866 3712 3958 prateriDeum

1992 3958 2186 4022 solum,
2222 3959 2314 4027 qui
2345 3960 2431 4014 vel
2465 3965 2698 4029 quando
2737 3979 3304 4034 procuratoribus
3339 3983 3494 4036 tradi
3535 3983 3713 4036 debeat

1991 4050 2366 4116 castigandus,
2400 4050 2487 4102 vel
2512 4053 2608 4119 qui
2643 4057 3098 4124 corripiendus
3131 4071 3485 4138 actoribus,
3511 4069 3712 4140 quando

1991 4139 2154 4194 etiam
2185 4140 2276 4206 qui
2307 4139 2506 4207 subjici
2540 4142 2745 4196 debeat
2775 4150 3145 4224 paedagogo
3166 4195 3185 4221 ,
3239 4162 3344 4214 cui
3374 4139 3551 4216 ειίοώ
3584 4161 3712 4215 infe.

1935 4285 1939 4290 ί
1993 4227 2168 4280 riores
2203 4228 2315 4280 sint
2357 4228 2558 4281 horum
2613 4234 2886 4289 omnium
2955 4249 3457 4316 correptiones,
3507 4252 3555 4305 si
3602 4250 3711 4319 quis

358 4297 534 4363 gitur:
565 4309 617 4351 et
646 4303 890 4366 quamvis
932 4307 1200 4371 profectus
1245 4323 1374 4362 suos
1423 4311 1472 4364 in
1525 4313 1888 4382 hujuscemodi
1923 4334 1966 4388 Ῑ)
1995 4316 2206 4370 scilicet
2237 4319 2358 4372 talis
2384 4328 2470 4372 est
2499 4321 2594 4386 qui
2631 4323 2848 4390 ipsam,
2896 4339 2968 4382 ut
3009 4333 3105 4388 ira
3141 4297 3457 4406 dixerim:
3481 4297 3707 4395 dividam

359 4386 766 4448 eruditionibus,
812 4393 894 4444 vel
938 4397 1361 4462 correptionibus
1399 4416 1516 4454 esse
1548 4403 1752 4469 positos
1787 4420 1890 4458 non

359 4472 623 4540 ignorent,
657 4483 827 4530 tamen
860 4483 1081 4537 moleste
1123 4495 1280 4554 atque
1317 4489 1661 4556 impatienter
1693 4491 1888 4548 ferunt.

359 4558 509 4624 Quod
542 4559 588 4612 si
617 4563 844 4650 eruditio
881 4583 1160 4635 puerorum
1209 4575 1574 4644 hujuscemodi
1617 4591 1736 4645 est,
1768 4585 1892 4650 quid

357 4649 558 4702 sentire
599 4649 849 4708 debemus
902 4660 966 4713 de
1007 4662 1160 4714 nobis
1195 4667 1450 4730 senibus,
1501 4670 1710 4736 qualem
1743 4649 1892 4726 nobis

358 4736 440 4788 vel
465 4738 834 4810 eruditionem,
868 4749 946 4802 vel
979 4751 1367 4817 correptionem
1401 4754 1681 4812 imminere
1708 4773 1894 4814 cense-

356 4841 495 4888 mus,
530 4841 649 4894 qute
674 4843 775 4882 non
809 4850 838 4889 a
869 4841 1348 4912 dispensatoribus,
1383 4857 1555 4910 neque
1585 4862 1612 4897 a
1647 4849 1892 4917 paedago-

352 4916 434 4983 gis
461 4915 727 4972 infertur?
748 4922 901 4988 Novit
932 4940 1130 5012 quippe
1164 4930 1437 4998 Scriptura
1468 4915 1821 5004 paedagogum
1839 4947 1893 4991 et

348 5008 761 5073 dispensatorem
792 5033 847 5078 ει
879 5008 1294 5100 proel—latorem
1329 5023 1531 5088 parvuli
1558 5040 1571 5075 :
1601 5026 1725 5092 quid
1751 5065 1766 5089 ,
1804 5026 1890 5078 in-

344 5109 499 5194 quam
523 5133 536 5158 ,
583 5098 930 5194 existimaré’
967 5128 1052 5190 νει
1105 5111 1310 5172 sentire
1339 5108 1593 5165 debemus
1620 5150 1635 5176 ,
1665 5127 1783 5165 cum
1826 5117 1894 5169 ab

341 5181 454 5288 ipso
479 5188 861 5288 patr-et‘gmmas
889 5181 1130 5288 άυῶὶίο
1158 5211 1338 5262 nostra
1358 5197 1496 5251 facta
1526 5198 1685 5255 fuerit
1729 5211 1894 5270 atque

336 5274 640 5389 :o'rre‘ptigd
664 5274 863 5373 lterum
894 5274 1192 5389 @3505
1221 5294 1288 5351 ad
1319 5288 1722 5389 similitudinem
1754 5305 1893 5389 pus--

334 5367 526 5415 rut-nm.
558 5363 614 5420 Si
640 5363 1158 5502 COrriéi'm-UTCSl-l'ér
1193 5409 1226 5454 ⁸
1258 5380 1548 5465 pmdagogo
1570 5417 1586 5445 ’
1637 5391 1740 5430 non
1784 5381 1892 5435 erit

385 5525 429 5555 ιο
455 5528 492 5581 ιι
517 5535 637 5611 Cor.
671 5584 713 5634 ιι
740 5629 756 5660 ³
787 5601 838 5666 8.
910 5616 951 5654 ,τ
989 5619 1082 5684 ΡΞ.
1117 5590 1342 5666 μιγῇ,

1994 4420 2215 4459 manum
2251 4409 2304 4462 in
2337 4423 2494 4463 suam
2543 4425 2823 4478 provocet
2869 4419 3215 4480 ultionem.
3273 4431 3341 4484 Si
3395 4432 3706 4486 intellexisti

1989 4511 2108 4564 qua:
2135 4498 2285 4553 dicta
2316 4509 2464 4564 sunt,
2497 4502 2543 4556 si
2575 4503 2842 4561 altiorem
2893 4524 3164 4572 secutus
3220 4535 3293 4575 es
3341 4523 3704 4584 intellectum,

1991 4588 2210 4644 intuere
2264 4608 2412 4648 nunc
2453 4595 2698 4664 qualiter
2749 4600 2880 4655 haec
2923 4604 3254 4676 PrOpheta
3321 4619 3702 4687 prosequitur,

1991 4690 2113 4768 cum
2143 4677 2288 4735 dicit
2329 4701 2345 4738 :
2379 4685 2550 4740 Etiam
2583 4687 2629 4740 si
2675 4691 2931 4758 corripis
2959 4711 3067 4752 me
3093 4738 3114 4764 ,
3148 4677 3360 4768 Deus,
3395 4677 3630 4762 noli'me
3654 4677 3702 4761 lli

1997 4761 2079 4816 ira
2116 4773 2436 4839 corripere.
2471 4774 2581 4829 Sed
2627 4790 2735 4831 nos
2784 4793 2897 4835 nec
2945 4790 3186 4859 corrigi
3238 4795 3562 4861 volumus,
3611 4809 3701 4850 nec

1997 4854 2374 4930 paedagogum
2401 4866 2640 4937 patimur
2661 4854 3179 4944 commonenteni,
3215 4897 3423 4954 neque
3448 4900 3700 4954 procura-

2001 4947 2190 4998 torum
2212 4953 2308 5007 vel
2331 4967 2581 5014 actorum
2613 4961 3016 5028 correptiones
3048 4947 3339 5027 libenter.
3364 4947 3694 5044 accipimus,

1999 5037 2057 5081 et
2081 5045 2406 5106 propterea
2440 5052 2508 5107 ab
2535 5050 2649 5121 ipsa
2688 5050 2770 5104 ira
2796 5048 2895 5105 Dei
2925 5058 3392 5123 correptionem
3428 5037 3590 5118 nobis
3613 5037 3692 5117 in?

2004 5124 2138 5219 duci
2172 5147 2431 5204 necesse
2455 5156 2558 5205 est.
2582 5143 2853 5215 Propheta
2878 5145 3031 5198 enim
3062 5149 3216 5203 dicit
3261 5169 3279 5205 :
3328 5153 3602 5219 Domine,
3635 5171 3693 5207 ne

2001 5213 2062 5318 ίθξ
2110 5219 2320 5288 lurore
2375 5247 2468 5296 tuo
2514 5252 2700 5309 arguas
2749 5249 2854 5302 me,
2898 5249 3066 5304 neque
3112 5237 3177 5293 in
3229 5241 3329 5296 ira
3375 5251 3479 5298 tua
3530 5244 3692 5298 corri-

2002 5319 2132 5372 Ptas
2164 5331 2287 5380 me.

2084 5399 2149 5455 2·
2191 5407 2322 5476 Sed
2365 5429 2473 5497 qui
2502 5429 2605 5487 boc
2631 5420 2790 5490 dicit,
2813 5417 2970 5476 debet
2999 5415 3277 5487 proferre
3321 5424 3577 5493 aliquam
3609 5438 3682 5478 ra-

1387 5558 1444 5616 2.
1516 5551 1561 5586 ⁸⁸
1585 5549 1743 5606 Hebr.
1769 5565 1848 5606 xu
1867 5593 1883 5622 ,
1913 5556 2006 5619 il.
