3910 6256
328 271 498 324 1573-

330 483 469 550 apud
515 479 834 533 Corinthum
884 485 1200 544 peccaverat
1256 471 1507 525 iudicavit
1558 467 1862 537 Apostolus,

329 572 512 623 dicens
557 570 602 600 "
644 585 659 621 :
714 566 941 619 Tradere
980 562 1279 632 hujnsmodi
1329 561 1588 612 hominem
1655 557 1865 610 Sutanw

326 661 379 712 in
407 659 671 711 interitum
692 657 883 708 carnis.
915 652 1158 720 Nunquid
1185 651 1471 717 putandum
1495 659 1580 700 est
1604 649 1742 714 quod
1765 648 1866 698 iui-

327 764 489 816 quum
517 747 630 800 ﬁeri
654 745 860 798 volebat
881 756 1036 810 quem
1056 741 1264 793 dicebat
1285 739 1416 791 tradi
1443 738 1638 791 debere
1656 737 1864 788 Satanae

328 839 382 890 in
407 838 680 890 interitum
711 834 929 888 carnis?
967 833 1102 896 Quin
1130 830 1304 898 potius
1335 836 1576 897 apparet,
1614 824 1862 892 quoniam

328 943 422 996 pro
454 927 620 981 salute
663 925 778 996 ejus
814 923 1051 976 tradebat
1097 935 1309 974 carnem
1349 919 1462 986 ejus
1487 918 1538 969 in
1567 915 1860 968 interitum.

329 1019 564 1084 Denique
579 1015 916 1069 additdicens
937 1030 948 1064 :
973 1010 1189 1063 Tradidi
1205 1009 1455 1077 ejusmodi
1473 1007 1730 1058 hominem
1759 1004 1864 1057 Sa-

326 1119 462 1160 tana:
500 1107 554 1158 in
576 1107 838 1158 interitum
858 1104 1048 1162 carnis,
1076 1111 1127 1152 ut
1149 1100 1358 1167 spiritus
1387 1096 1558 1149 salvus
1587 1095 1677 1162 ﬁat
1706 1095 1758 1146 in
1782 1094 1865 1146 die

329 1195 554 1260 Domini,
593 1195 885 1248 ostendens
910 1208 1013 1246 non
1055 1204 1208 1258 posse
1237 1187 1430 1242 salvari
1462 1185 1728 1253 spiritum,
1762 1183 1861 1237 nisi

325 1301 450 1341 caro
474 1287 528 1340 in
553 1287 824 1340 interitum
850 1284 1170 1337 traderetur.
1200 1281 1330 1345 Quis
1359 1292 1486 1343 ergo
1514 1277 1586 1329 sit
1615 1275 1862 1328 interitus

323 1378 528 1439 carnis,
554 1375 696 1428 audi.
739 1373 873 1437 Quia
906 1371 1049 1439 quod
1086 1369 1367 1429 interierit,
1393 1364 1507 1419 sine
1531 1365 1691 1417 dubio
1721 1377 1862 1415 mor-

326 1475 472 1518 tuutn
519 1472 623 1516 est.
658 1461 798 1514 Vivit
824 1469 1000 1512 autem
1041 1473 1167 1510 caro
1221 1458 1270 1508 in
1317 1464 1618 1522 peccatore,
1651 1463 1858 1505 mortua

323 1564 403 1608 est
439 1568 565 1608 caro
591 1553 641 1605 in
669 1550 1069 1617 bominejusto.
1104 1547 1326 1616 Propter
1357 1547 1494 1615 quod
1533 1553 1585 1598 et
1613 1543 1742 1609 justi
1781 1544 1859 1596 di-

322 1655 449 1698 cunt
490 1645 534 1675 ³³
579 1658 590 1691 :
643 1641 854 1706 Semper
907 1641 1350 1706 mortiﬁcationem
1395 1637 1522 1690 Jesu
1573 1635 1765 1688 Christi
1806 1637 1858 1684 in

1711 252 1796 305 tax
1832 209 2124 303 uincens

327 394 528 443 sanitas
580 389 634 441 in
679 403 833 440 carne
883 401 993 438 mea
1044 402 1076 438 a
1128 383 1264 451 facie
1302 382 1394 435 ira:
1429 390 1547 433 tum.
1587 378 1659 431 De
1683 394 1744 429 eo
1778 375 1864 442 qui
1899 373 1940 426 A
1969 370 2134 421 emori
2182 382 2309 421 eam
2365 365 2615 428 faceret,

3599 219 3728 272 £375

2673 369 3030 425 antequam
3088 349 3389 422 perfecte
3432 345 3731 398 mortiﬁca-

1971 468 2142 521 retur,
2177 459 2330 524 prius
2356 457 2504 510 dixit
2534 456 2775 510 inﬁrma
2791 452 2842 504 ri
2876 458 3164 503 carnem
3199 451 3428 499 suam;
3471 445 3532 487 et
3568 434 3733 486 donec

1972 547 2356 600 inlirmabatur
2384 545 2621 613 quidem
2657 556 2833 604 caro,
2863 536 3196 604 spiritum
3239 535 3596 596 promptum
3617 536 3734 613 esse

1971 637 2218 700 diccbat;
2263 649 2392 688 cum
2441 647 2584 686 vero
2643 630 2818 685 cruci
2867 641 3022 680 eam
3094 621 3304 673 tradit
3377 625 3442 668 et
3500 612 3734 681 perfecta

1973 733 2145 776 morte
2182 731 2565 783 consummat,
2595 730 2739 772 tunc
2785 731 2915 769 non
2956 714 3110 781 jam
3172 714 3538 777 promptum
3582 701 3736 771 spiri-

1974 824 2109 878 tum,
2139 812 2232 866 sed
2268 814 2320 864 in
2353 811 2624 864 manibus
2675 804 2884 860 Patris
2949 799 3264 868 positum
3303 796 3451 847 esse
3487 798 3736 844 testatur.

1972 902 2098 955 Haec
2128 910 2307 954 autem
2335 900 2427 953 ille
2465 899 2520 950 in
2565 911 2627 950 se
2659 893 3047 949 describens
3103 885 3363 940 nostris
3408 880 3740 936 eruditioni-

1972 998 2072 1047 bus
2103 992 2383 1060 prtebebat
2413 988 2780 1056 exemplum.
2837 985 3140 1050 Propter
3191 977 3318 1031 nos
3351 975 3520 1028 enim
3557 982 3615 1025 et
3647 987 3739 1024 no-

1970 1084 2052 1136 bis
2083 1082 2336 1135 inﬁrmus
2363 1089 2512 1134 erat.
2564 1077 2701 1130 ldeo
2741 1074 3266 1130 consideremus
3333 1064 3740 1133 nosmetipsos,

1923 1168 1934 1177 ’
1969 1173 2014 1226 si
2042 1172 2258 1224 inﬁrma
2285 1179 2373 1224 est
2397 1183 2531 1222 caro
2566 1175 2803 1229 nostra,
2848 1165 2903 1217 si
2953 1177 3097 1215 non
3177 1158 3444 1213 deliciis
3494 1155 3741 1207 luxuria-

1969 1275 2072 1329 que
2105 1259 2424 1322 resolvitur,
2460 1259 2579 1311 hzec
2620 1259 2670 1309 ei
2710 1255 2945 1308 vitiosa
3001 1251 3289 1306 sanitas
3346 1256 3580 1316 praesto
3628 1253 3742 1298 est:

1969 1351 2088 1404 vide
2109 1350 2154 1403 si
2179 1365 2276 1417 per
2298 1349 2715 1404 abstinentiam
2753 1343 3248 1419 quoudianam
3292 1339 3551 1392 inﬁrma
3584 1335 3746 1388 cilici-

1971 1455 2059 1498 tur
2098 1459 2254 1507 caro,
2279 1444 2324 1498 si
2352 1459 2451 1513 per
2470 1443 2920 1497 continentiam
2962 1435 3320 1492 desideria
3353 1429 3742 1490 refrenantur,

1968 1538 2132 1592 libido
2153 1539 2568 1608 comprimitur,
2589 1536 2732 1588 vitia
2760 1531 3272 1600 conquiescunt
3307 1544 3324 1578 :
3360 1535 3508 1577 tunc
3534 1521 3743 1574 etiamsi

1969 1634 2205 1682 nondum
2257 1637 2518 1682 emortua
2567 1635 2685 1691 est,
2747 1634 2970 1678 tamen
3037 1635 3184 1674 non
3259 1627 3367 1670 cst
3426 1613 3652 1668 sanitas
3695 1611 3741 1663 in

321 1750 534 1798 corpore
561 1744 734 1786 nostro
762 1730 1202 1796 circumferentes,
1231 1740 1284 1782 ut
1315 1741 1361 1781 et
1395 1730 1497 1780 vita
1522 1725 1646 1778 Jesu
1665 1725 1860 1778 Christi
1891 1696 1933 1747 Β
1964 1732 2128 1772 carne
2155 1727 2268 1781 tua,
2289 1718 2386 1772 sed
2412 1718 2588 1770 etiam
2614 1715 2897 1770 membra
2926 1725 3042 1765 tua
3085 1709 3366 1764 interim
3397 1705 3739 1759 mortiﬁcata

321 1821 680 1889 manifestetur
723 1822 776 1872 in
830 1836 986 1871 carne
1047 1829 1220 1870 nostra
1275 1816 1502 1869 mortali.
1558 1814 1622 1866 Et
1668 1814 1858 1866 iterum

322 1912 624 1963 mandatum
665 1910 968 1976 accepimus
1011 1909 1193 1960 dicens
1223 1907 1268 1938 ³⁸
1301 1922 1316 1959 :
1351 1905 1664 1970 Mortiﬁcate
1702 1919 1852 1955 ment-

323 1998 414 2048 bra
439 2010 605 2049 vestra
627 2011 744 2065 quw
761 2005 878 2048 sunt
899 2010 1052 2060 super
1074 2005 1284 2046 terram.
1313 1992 1374 2044 Et
1397 1992 1584 2043 beatus
1607 1991 1695 2058 qui
1725 2005 1861 2041 utor-

323 2095 444 2138 tuus
472 2096 552 2138 est
583 2096 820 2153 peccato,
857 2083 1148 2137 secundum
1199 2082 1340 2149 quod
1391 2081 1594 2133 dictum
1638 2088 1721 2132 est
1760 2079 1804 2111 ⁸⁸
1841 2098 1856 2132 :

319 2175 519 2242 Corpus
549 2176 751 2244 quidem
790 2183 1051 2226 mortuum
1087 2183 1161 2225 est
1205 2182 1409 2239 propter
1439 2180 1730 2238 peccatum,
1760 2170 1862 2235 spi—

321 2268 450 2317 ritus
479 2276 649 2316 autem
674 2265 777 2316 rita
801 2263 919 2316 vivit
947 2270 1151 2328 propter
1189 2260 1646 2328 justiﬁcationem.
1697 2258 1858 2312 Tradi

319 2365 447 2418 ergo
477 2351 527 2402 in
554 2350 823 2403 interitum
847 2349 1024 2402 carnis
1054 2350 1157 2400 tale
1187 2356 1286 2410 est,
1322 2355 1378 2398 ut
1417 2347 1710 2400 emoriatur
1736 2361 1860 2399 sen-

320 2455 410 2493 sus
447 2438 674 2492 carnalis
713 2438 762 2491 in
787 2438 957 2500 nobis,
991 2446 1043 2490 et
1087 2453 1190 2490 non
1227 2436 1367 2488 vivat
1393 2437 1575 2489 carnis
1596 2435 1860 2502 cupiditas

319 2528 372 2581 iu
403 2542 483 2581 ea.
515 2529 593 2580 Ex
618 2543 682 2581 eo
707 2527 850 2580 enim
902 2525 1041 2594 quod
1077 2526 1300 2578 moritur
1347 2540 1539 2579 sensus
1569 2525 1770 2585 carnis,
1802 2533 1862 2578 ut

322 2633 423 2669 nou
461 2617 750 2670 secundum
801 2630 1016 2669 carnem
1069 2615 1357 2681 sapiamus,
1405 2614 1628 2680 spiritus
1678 2613 1861 2667 salvus

319 2704 563 2757 ellicilur.
594 2704 838 2770 Alioquin
861 2703 982 2754 dum
1014 2701 1138 2754 vivit
1172 2716 1368 2754 sensus
1399 2701 1448 2753 in
1476 2701 1632 2754 nobis
1655 2701 1859 2765 carnis,

317 2803 366 2845 et
397 2808 520 2845 caro
559 2792 711 2851 vivit,
743 2805 848 2843 non
878 2805 1158 2858 possumus
1187 2791 1252 2843 de
1278 2790 1611 2858 spiritalibus
1648 2804 1857 2857 sapere.

320 2882 430 2935 Hoc
491 2896 617 2948 ergo
663 2881 817 2932 modo
857 2879 1140 2946 Apostolus
1205 2879 1424 2931 tradidit
1473 2880 1523 2931 in
1579 2879 1858 2933 interitum

1963 1815 2089 1860 sunt
2111 1821 2274 1873 super
2301 1816 2536 1860 terram.
2572 1805 2726 1870 Quid
2765 1814 2865 1856 est
2901 1811 3146 1855 autem
3191 1797 3372 1866 quod
3426 1795 3571 1849 facit
3598 1793 3741 1848 saui-

1966 1907 2130 1950 tatem
2165 1898 2218 1949 in
2253 1911 2423 1950 carne
2454 1911 2563 1949 non
2589 1894 2766 1948 esse?
2812 1893 2882 1948 Si
2946 1891 3353 1945 sentiamus
3397 1889 3609 1943 faciem
3652 1890 3740 1940 irae

1964 1985 2080 2037 Dei.
2148 1985 2316 2037 Deum
2378 1985 2527 2038 enim
2588 1983 3011 2037 recordamur
3077 1982 3261 2033 iram
3311 1979 3449 2040 Dei,
3503 1987 3564 2030 ct
3626 1987 3740 2028 ante

1960 2073 2146 2125 oculos
2190 2071 2397 2124 vultum
2445 2070 2569 2138 ejus
2609 2071 2993 2122 adducimus
3063 2081 3156 2120 cx
3217 2067 3365 2135 ipsa
3441 2064 3736 2117 intuitione

1960 2161 2112 2226 ejus,
2169 2175 2292 2228 qua:
2344 2170 2572 2228 propter
2602 2159 2714 2211 hoc
2777 2157 2993 2210 facies
3054 2157 3187 2210 ira:
3270 2155 3586 2224 appellata
3641 2165 3734 2210 est.

1961 2249 2287 2302 conturbata
2325 2257 2379 2303 et
2418 2247 2700 2302 exterrita
2743 2262 2902 2302 caro
2985 2246 3396 2300 inﬁrmatur
3429 2254 3608 2313 atque
3631 2244 3736 2298 lau-

1960 2340 2138 2406 guesci
2150 2349 2186 2393 t.

2033 2433 2088 2484 '5.
2127 2429 2250 2482 Non
2275 2438 2353 2482 est
2391 2443 2501 2495 pux-
2529 2429 2752 2480 ossibus
2812 2429 2978 2481 meis
3052 2445 3099 2481 a
3167 2428 3346 2495 facie
3385 2440 3730 2497 peccatorum

1961 2537 2218 2576 meorum.
2251 2520 2430 2573 Etiam
2473 2519 2594 2573 inec
2629 2519 2811 2572 debet
2871 2520 3122 2574 dicere
3177 2522 3299 2588 qui
3367 2521 3656 2590 peccavit,
3684 2530 3731 2571 et

1960 2621 2082 2679 post
2135 2618 2418 2677 peccatum
2465 2623 2745 2676 peccasse
2791 2623 2866 2662 se
2912 2611 3362 2675 recordatur,
3422 2611 3578 2666 sicut
3625 2612 3732 2679 ipse

1964 2702 2129 2754 David
2153 2700 2372 2753 dicebat
2400 2699 2454 2751 in
2481 2700 3009 2768 quinquagesimo
3059 2705 3336 2770 psalmo
3373 2703 3429 2734 "
3464 2722 3480 2756 :
3520 2701 3589 2752 Et
3620 2717 3731 2768 pec-

1963 2805 2138 2860 catum
2177 2805 2353 2842 meum
2404 2804 2590 2840 coram
2624 2805 2714 2841 me
2767 2803 2863 2841 est
2909 2807 3211 2860 semper.
3279 2793 3447 2847 Sunt
3511 2793 3727 2861 quidam

1962 2885 2053 2952 qui
2093 2899 2214 2936 cum
2239 2881 2595 2949 peccaverint
2632 2880 2843 2933 securi
2875 2892 3042 2935 sunt
3099 2898 3416 2952 prorsus,
3476 2900 3584 2936 nec
3638 2898 3728 2934 co-

315 2971 496 3024 rarnis
550 2985 671 3022 eum
733 2969 822 3035 qui
880 2968 1168 3021 secundum
1234 2982 1449 3020 carnem
1514 2969 1746 3035 vixerat,
1805 2979 1862 3022 ut
1889 2993 1932 3048 ο
1966 2975 2141 3042 gitant
2163 2975 2228 3025 de
2263 2980 2492 3039 peccato
2525 2985 2651 3032 suo,
2689 2983 2806 3022 nec
2866 2974 3067 3027 venit
3109 2976 3202 3027 ad
3246 2990 3510 3029 sensum
3544 2989 3725 3030 eorum

315 3073 475 3112 sensu
514 3057 696 3112 carnis
729 3065 972 3109 emortuo
1010 3055 1229 3122 spiritus
1259 3055 1316 3108 in
1348 3055 1434 3108 die
1485 3056 1688 3109 Domini
1751 3060 1859 3111 sal-

317 3155 554 3200 varetur.
595 3145 651 3200 Si
689 3143 997 3198 intellexisti
1043 3143 1393 3212 apostolicum
1431 3159 1758 3210 sermonem,
1791 3149 1859 3200 ad

319 3238 368 3290 id
394 3235 534 3303 quod
565 3234 892 3303 propositum
915 3243 996 3286 est
1028 3241 1380 3286 revertamur.
1410 3231 1622 3285 Utinam
1656 3235 1708 3286 in
1741 3249 1858 3288 cor-

317 3341 446 3395 pore
471 3339 589 3378 mea
616 3326 659 3378 si
688 3326 898 3392 quando
927 3322 1196 3389 delinquo,
1229 3331 1283 3375 ct
1318 3322 1566 3375 delictum
1603 3338 1666 3375 ex
1699 3340 1858 3377 sensu

316 3419 493 3473 carnis
515 3417 692 3491 venit,
745 3418 1188 3486 superduceretur
1240 3415 1492 3468 interitus
1539 3417 1748 3480 carnis,
1803 3426 1862 3470 ut

316 3509 534 3577 spiritus
562 3508 873 3561 salvaretur.
923 3506 977 3560 Si
1020 3507 1162 3559 enim
1211 3521 1338 3559 caro
1381 3505 1710 3570 inﬁrmatur,
1747 3507 1863 3560 sine

314 3600 477 3653 dubio
502 3598 779 3667 proﬁciens
799 3596 1082 3650 inﬁrmitas
1114 3597 1272 3650 etiam
1300 3595 1368 3648 ad
1395 3595 1857 3650 mortiﬁcationem

317 3690 556 3756 pervenit
599 3688 776 3741 carnis
811 3705 823 3740 :
863 3697 916 3739 et
956 3698 1080 3738 tunc
1126 3693 1211 3738 est
1258 3685 1398 3752 quod
1449 3692 1594 3737 recte
1643 3685 1857 3748 dicitur,

317 3779 564 3846 quoniam
589 3794 687 3830 non
711 3786 784 3830 est
810 3777 1006 3829 sanitas
1038 3778 1090 3828 in
1133 3791 1287 3827 carne
1325 3789 1459 3826 mea.
1497 3774 1550 3825 Si
1585 3788 1710 3826 vero
1752 3789 1856 3828 non

322 3869 619 3921 inlirmatur
675 3867 885 3934 quidem
935 3880 1079 3930 caro,
1127 3865 1218 3917 sed
1271 3863 1408 3917 redit
1458 3863 1522 3914 ad
1574 3864 1857 3916 sanitatem

319 3974 489 4022 suam,
516 3957 566 4010 id
596 3967 700 4019 est,
727 3965 785 4008 ut
817 3954 988 4022 sapiat
1016 3969 1131 4021 quae
1168 3963 1290 4006 sunt
1329 3953 1526 4016 carnis,
1558 3968 1622 4006 ac
1650 3954 1858 4006 deside-

320 4056 401 4100 ret
435 4048 654 4109 malum,
681 4057 806 4099 tunc
837 4045 1036 4098 sanitas
1073 4053 1156 4096 est
1187 4044 1237 4094 in
1287 4058 1470 4106 carne,
1504 4044 1644 4110 quod
1679 4044 1858 4110 utique

317 4139 527 4204 Spiritui
560 4152 662 4190 non
691 4146 771 4190 est
800 4137 1019 4189 bonum.
1067 4134 1168 4187 Iste
1209 4149 1339 4202 ergo
1382 4135 1472 4202 qui
1513 4135 1772 4197 arguitur,
1805 4143 1858 4186 et

320 4235 530 4280 recusat
563 4241 656 4294 per
692 4227 922 4278 furorem
963 4225 1166 4277 Domini
1211 4225 1360 4290 argui
1391 4234 1549 4292 atque
1581 4225 1853 4276 iracundia

1965 3063 2092 3133 quid
2127 3061 2266 3116 male
2291 3062 2588 3128 gesserint,
2622 3063 2725 3115 sed
2770 3063 2863 3116 ita
2903 3063 3165 3118 vivunt
3203 3067 3400 3134 quasi
3443 3066 3588 3119 nihil
3615 3080 3726 3117 out-

1965 3162 2096 3212 nino
2146 3155 2532 3211 commiserint
2565 3169 2579 3206 :
2615 3153 2712 3206 isti
2765 3170 2927 3225 ergo
2969 3171 3111 3210 non
3183 3168 3471 3226 possunt
3520 3158 3721 3221 dicere,

1964 3249 2089 3315 quia
2141 3255 2411 3315 peccatum
2472 3259 2651 3296 meum
2704 3259 2918 3297 coram
2959 3263 3065 3300 me
3132 3260 3233 3302 est
3299 3266 3558 3318 semper.
3596 3248 3721 3300 Cum

1965 3353 2092 3390 vero
2122 3345 2241 3405 post
2269 3335 2472 3388 dictum
2517 3334 2648 3400 quis
2698 3339 3129 3391 consumitur
3175 3349 3247 3393 el.
3291 3341 3584 3411 afﬂigitur
3628 3354 3721 3408 pro

1966 3426 2171 3478 delicto
2196 3439 2295 3478 suo
2321 3433 2376 3476 et
2401 3424 2778 3476 conscientiae
2805 3427 3110 3482 stimulis
3147 3433 3470 3501 agitatur,
3504 3431 3716 3484 morde-

1963 3521 2051 3566 tur
2091 3515 2210 3567 sine
2259 3512 2679 3566 intermissione
2737 3523 2941 3582 atque
3012 3523 3313 3576 occultis
3369 3521 3710 3577 conlutalio-

1964 3605 2126 3657 nibus
2153 3606 2530 3672 impugnatur,
2563 3606 2672 3658 iste
2713 3610 2952 3664 merito
2993 3613 3166 3668 dicit
3210 3632 3229 3667 :
3288 3615 3439 3670 Non
3481 3629 3562 3670 est
3612 3631 3710 3684 pa:

1963 3693 2165 3745 ossibus
2210 3694 2337 3744 meis
2372 3707 2404 3743 a
2437 3691 2578 3758 facie
2600 3705 2996 3760 peccatorum
3055 3717 3379 3756 meorum.
3431 3703 3538 3757 Est
3591 3717 3716 3756 sane

1964 3784 2132 3838 facies
2165 3784 2413 3851 qumdatn
2444 3785 2617 3836 etiam
2657 3797 3114 3856 peccatorum,
3148 3805 3247 3862 et,
3293 3806 3366 3850 ut
3425 3799 3507 3852 ita
3567 3799 3713 3850 dise-

1964 3873 2085 3938 rim,
2118 3873 2268 3926 color
2298 3874 2521 3940 quidam
2554 3881 2614 3926 et
2644 3876 2926 3940 species,
2970 3895 3096 3949 per
3149 3900 3363 3953 quam
3421 3886 3710 3942 recordari

1960 3971 2015 4013 et
2047 3963 2363 4030 recognosci
2408 3961 2590 4015 solent
2621 3977 2688 4014 ea
2739 3979 2885 4032 qua:
2947 3971 3327 4040 aliquando
3389 3982 3702 4033 commissa

1961 4058 2108 4104 sunt.
2137 4051 2275 4103 Cum
2309 4065 2440 4104 vero
2472 4061 2602 4105 ante
2627 4053 2842 4110 oculos
2907 4063 3132 4117 cordis
3184 4069 3401 4122 nostri
3441 4070 3710 4124 statueri-

1962 4153 2082 4193 mus
2129 4149 2354 4206 peccata
2406 4148 2618 4202 nostra,
2672 4150 2734 4195 et
2792 4156 3324 4224 unumquodque
3391 4159 3702 4221 intuentes,

1963 4236 2420 4296 recognoscentes
2461 4231 2875 4291 erubescimus
2946 4240 3249 4311 factique
3322 4251 3703 4315 ρωηῖιεηιυς,

319 4315 432 4382 ejus
456 4314 673 4384 corripi,
704 4313 1026 4381 justissimas
1049 4327 1236 4366 causas
1281 4312 1437 4380 hujus
1487 4314 1853 4368 excusationis
1886 4292 1930 4343 Ῑ)
1964 4332 2090 4373 tunc
2117 4323 2428 4375 conturbati
2451 4332 2507 4375 et
2531 4326 2800 4380 exterriti
2833 4333 3073 4387 merito
3109 4292 3703 4396 dicimgiiii;

315 4406 568 4466 ostendit,
608 4419 852 4458 asserens
904 4420 960 4458 se
1013 4406 1221 4473 sagittis
1274 4407 1556 4459 verborum
1603 4406 1693 4458 Dei
1737 4419 1854 4458 esse

317 4493 604 4555 rmtﬁxum,
639 4503 691 4545 et
719 4493 790 4544 ita
817 4495 1077 4546 turbatum
1130 4505 1287 4563 atque
1309 4496 1653 4562 perterritum
1682 4511 1708 4546 a
1741 4496 1850 4548 sola

319 4584 460 4636 facie
492 4583 586 4637 ira:
624 4583 849 4643 Domini,
900 4592 955 4635 ut
991 4585 1131 4636 nulla
1165 4601 1382 4652 prorsus
1434 4588 1488 4638 iu
1535 4592 1696 4640 carne
1735 4589 1851 4656 ejus

318 4673 543 4735 sanitas,
578 4672 628 4724 id
657 4680 738 4724 est
789 4671 985 4724 nullum
1028 4676 1278 4740 peccandi
1334 4677 1474 4729 ultra
1527 4675 1847 4730 desiderium

319 4762 592 4816 manserit.
644 4759 857 4812 Memini
907 4774 989 4812 me
1037 4761 1322 4828 aliquando
1375 4765 1440 4817 de
1490 4764 1581 4818 illo
1614 4765 1849 4832 capitulo

321 4849 583 4918 Evangelii
606 4848 978 4914 disputantem,
1011 4849 1060 4901 in
1094 4865 1197 4917 quo
1229 4852 1481 4918 scriptum
1515 4863 1596 4906 est
1620 4855 1664 4885 9“
1690 4868 1704 4906 :
1733 4854 1852 4920 Spi-

321 4942 449 4991 ritus
475 4938 678 5006 quidem
709 4947 975 5004 promptus
1001 4947 1098 5001 est,
1121 4956 1241 4990 caro
1271 4950 1439 4992 autem
1475 4942 1704 5008 inﬁrma,
1747 4944 1849 4997 tale

319 5027 515 5094 aliquid
572 5025 822 5088 sensisse,
873 5025 1011 5092 quod
1063 5035 1344 5090 antequam
1381 5024 1628 5079 Salvator
1671 5037 1854 5080 noster

320 5116 522 5166 veniret
558 5115 622 5166 ad
655 5127 889 5176 crucem,
925 5122 980 5166 et
1024 5111 1362 5170 crueiﬁeerat
1417 5108 1657 5176 carnem,
1689 5113 1849 5182 atque

415 5231 460 5260 θ’
490 5231 504 5280 Ι
538 5231 661 5283 Cor.
707 5246 764 5294 v,
802 5230 854 5283 5.
957 5230 1001 5263 ⁸³
1024 5229 1065 5282 ιι
1099 5230 1223 5284 Cor.
1273 5245 1346 5294 tv,
1387 5231 1474 5284 10.

321 5296 364 5325 ³⁷
395 5295 532 5351 Psal.
564 5313 615 5361 1.,
648 5299 701 5351 5.

379 5408 500 5483 ,(47)
526 5409 626 5473 Qui
649 5412 782 5483 enim
809 5428 899 5483 nec
926 5413 1119 5476 dolent,
1149 5423 1253 5483 etc.
1284 5411 1484 5483 Catena
1514 5414 1754 5469 Corderii
1785 5422 1839 5468 et

323 5471 438 5546 aliae
464 5471 829 5546 niaiiuscripta:
856 5479 1038 5533 Graeca
1068 5471 1225 5535 verba
1275 5480 1501 5535 alleruut
1553 5499 1667 5546 qua:
1719 5498 1840 5536 cum

328 5538 424 5591 hoc
472 5542 586 5596 loco
642 5538 862 5600 multum
917 5547 1108 5600 habent
1159 5549 1429 5602 alliuitatis
1474 5567 1487 5602 :
1542 5538 1651 5602 ύύκ
1693 5550 1838 5605 ἔστιν

1577 5231 1624 5262 ⁸⁸
1682 5232 1887 5288 Coloss.

1964 4410 2167 4464 habere
2193 4426 2385 4478 pacem
2437 4411 2492 4464 in
2525 4413 2760 4470 ossibus
2822 4425 3075 4480 nostris
3114 4442 3148 4480 a
3191 4428 3373 4486 facie
3435 4445 3701 4501 peccato-

1964 4511 2080 4548 I'lllll
2108 4509 2448 4554 nostrorum.

2033 4584 2089 4676 4.
2119 4586 2300 4676 Addat
2322 4589 2490 4676 etiam
2523 4587 2643 4642 haec
2670 4592 2774 4658 qui
2805 4600 3078 4662 pmnitet
3111 4621 3235 4673 pro
3263 4614 3544 4676 peccatis
3566 4614 3696 4675 suis,

1961 4680 2016 4725 et
2041 4673 2186 4725 dicat
2212 4687 2228 4726 :
2265 4673 2402 4738 Quia
2437 4676 2763 4744 iniquitates
2799 4701 2949 4740 mea
2973 4692 3174 4764 684
3195 4673 3698 4769 ειίρεφοευεηυιξ

1961 4775 2115 4859 caput
2156 4783 2354 4830 meum,
2391 4769 2533 4822 sicut
2581 4787 2723 4826 onus
2771 4791 2961 4841 grave
3001 4798 3288 4851 gravatae
3353 4805 3499 4846 sunt
3539 4811 3696 4859 super

1958 4874 2057 4910 me.
2085 4858 2188 4960 Qui
2217 4861 2361 4960 enim
2391 4865 2739 4960 nec-dolent
2786 4870 2952 4940 (47),
3013 4893 3128 4932 nec
3191 4896 3553 4949 gravantur
3593 4858 3691 4953 pro

1960 4951 2203 5013 peccatis
2238 4951 2373 5016 suis,
2411 4955 2512 5006 sed
2554 4957 2742 5010 securi
2773 4971 2920 5014 sunt
2959 4974 3144 5034 atque
3184 4975 3253 5024 in
3291 4975 3544 5028 deliciis
3573 4951 3691 5027 ﬁui-

1961 5038 2245 5136 tant,.lia-c
2298 5039 2490 5095 dicere
2540 5059 2655 5098 non
2689 5061 2968 5118 possunt,
3029 5071 3140 5111 nec
3210 5065 3504 5119 sentiunt
3545 5068 3689 5135 quod

1961 5129 2282 5192 iniquitates
2321 5129 2554 5198 quidem
2590 5150 2713 5192 sua:
2751 5154 3147 5212 excrescunt,
3196 5159 3268 5204 et
3311 5153 3482 5207 ultra
3529 5129 3684 5224 capi-

1947 5251 2032 5305 tn,
2085 5241 2140 5299 5.
2245 5244 2292 5278 ’⁸
2325 5243 2491 5301 Rom.
2555 5255 2830 5321 “11,10.
2941 5259 2994 5291 ⁰⁶
3056 5260 3291 5321 Matth.
3374 5284 3547 5334 xm,
3589 5271 3676 5324 41.

1949 5421 2134 5515 sine?
2159 5428 2339 5484 ταῦτα.
2363 5436 2496 5515 "fon;
2523 5435 2609 5515 ιὲὴ
2629 5438 2747 5515 τῶν
2779 5439 2928 5515 ἱᾷίων
2952 5439 3195 5515 épgp'zrj
3208 5445 3440 5512 μάτων
3478 5449 3679 5501 αἰσθα-

1951 5493 2260 5577 Ϊῖ⁵ξιένο9ς
2286 5503 2433 5577 τινὲς
2465 5493 2612 5572 ἧόῦὗ
2665 5513 2765 5564 καὶ
2813 5493 3672 5577 ὲκκαυὶῶἷαταίρὲξιῖ

1951 5563 2072 5626 τοῖς
2116 5569 2304 5630 αὐτῶν
2337 5557 2853 5654 πλημῖμελήμασιν,
2889 5580 2963 5644 ὼς
2987 5557 3165 5650 iich
3215 5583 3428 5637 ταῦτα
