3910 6278
265 319 399 375 1579

1639 306 1729 360 EX
1761 303 2056 360 ORIGENE

3593 273 3741 328 15ῗο

262 450 382 489 nem
409 432 630 502 geritur.
651 428 814 497 llujus
831 441 1061 496 namque
1082 439 1316 496 opusres
1335 433 1416 480 est
1436 424 1705 493 illa'quam
1728 425 1788 476 Αο
1829 428 1874 482 Α
1899 423 1947 476 ei
1976 420 2152 488 major
2197 433 2375 488 poena
2415 411 2732 471 recordari
2771 422 2921 479 quae
2986 398 3344 502 penduli}.
3385 407 3585 502 (illam
3619 396 3740 498 βξῑὶ

261 521 505 592 postolus
538 519 865 586 interprima
885 518 1160 586 sacrilegia
1183 515 1502 582 designavit,
1536 513 1752 567 dicens'
1779 529 1793 564 :

261 611 422 682 685
452 610 656 662 Tollens
675 626 796 676 ergo
835 609 1061 660 membra
1097 605 1290 658 Christi
1336 604 1530 671 faciam
1571 603 1801 654 membra

263 701 546 754 meretricis
563 701 588 751 ?
625 699 808 752 Absit!
831 698 962 751 Cum
987 710 1113 763 ergo
1139 697 1259 764 quis
1282 694 1600 762 propensius
1629 701 1682 744 et
1707 691 1793 742 in-

265 790 624 844 continentius
678 789 730 840 in
807 785 1172 854 hujuscemodi
1228 784 1496 837 lasciviam
1546 781 1801 843 ﬂuxerit,

271 889 399 932 tunc
443 890 599 930 renes
625 875 759 942 ejus,
792 874 874 928 vel
902 873 1066 927 lumbi
1098 871 1282 939 repleti
1316 884 1434 923 esse
1463 869 1804 922 illusionibus

266 977 597 1022 asseruntur.
629 963 808 1017 lllusio
831 963 974 1016 enim
1004 970 1088 1015 est
1117 959 1315 1013 diaboli
1342 957 1607 1011 illudentis
1635 957 1806 1010 homi-

267 1071 389 1110 nem
456 1063 615 1120 atque
668 1050 1035 1120 hujuscemodi
1095 1048 1296 1115 peccati
1359 1046 1804 1100 incontinentiam

267 1139 628 1212 provocantis.
683 1139 797 1192 Non
845 1152 973 1205 ergo
1019 1137 1216 1188 mirum
1251 1144 1334 1188 est
1381 1135 1425 1188 si
1471 1141 1804 1202 peccatorum

269 1229 542 1283 hominum
577 1241 731 1281 renes
778 1224 1110 1278 illusionibus
1155 1221 1344 1290 repleti
1390 1229 1533 1283 sunt,
1571 1234 1692 1272 cum
1751 1225 1808 1270 et

266 1317 366 1371 Job
395 1317 460 1371 de
488 1317 718 1370 dracone
766 1312 878 1381 (49)
923 1311 1017 1379 qui
1057 1309 1297 1364 diabolus
1349 1307 1680 1374 intelligitur,
1732 1306 1806 1358 ita

268 1406 407 1459 dicat
433 1406 454 1436 ⁸
481 1421 496 1457 :
544 1401 720 1456 Virtus
749 1401 862 1468 ejus
898 1399 1060 1452 omnis
1085 1401 1140 1451 in
1161 1397 1347 1448 lumbis
1368 1403 1463 1457 est,
1492 1402 1541 1446 et
1579 1391 1809 1460 potentia

266 1493 378 1561 ejus
416 1493 470 1544 in
515 1489 774 1542 umbiculo
825 1488 1014 1540 ventris
1059 1486 1195 1554 ejus.
1229 1485 1410 1538 Virtus
1445 1498 1572 1551 ergo
1599 1482 1804 1535 diaboli

269 1580 532 1649 praecipue
559 1579 703 1633 circa
729 1578 935 1630 lumbos
967 1575 1198 1628 hominis
1221 1581 1325 1637 est,
1358 1573 1499 1627 unde
1527 1571 1810 1625 fornicatio

269 1669 635 1736 adulteriaque
674 1667 995 1736 procedunt,
1019 1665 1159 1717 unde
1188 1676 1471 1730 puerorum
1499 1660 1806 1727 corruptio,

269 1761 407 1814 unde
458 1757 634 1812 omnis
686 1757 939 1824 spurcitia
991 1762 1298 1824 generatur.
1335 1751 1412 1803 lla
1464 1764 1595 1804 sane
1641 1751 1805 1802 etiam
1837 1733 1879 1786 Β

270 1849 556 1904 mulierum
606 1845 750 1898 circa
776 1842 1086 1917 umbilicum
1119 1840 1322 1893 ventris
1353 1848 1436 1893 est
1464 1838 1635 1905 culpa,
1663 1838 1806 1906 quod

271 1936 578 1991 honestiore
612 1933 779 1986 voluit
813 1930 1056 1984 indicare
1084 1941 1352 1991 sermone,
1398 1927 1450 1979 in
1501 1927 1695 1994 quibus
1724 1927 1808 1979 vi-

271 2027 462 2082 delicet
509 2025 753 2092 utrisque
796 2021 1044 2076 draconis
1093 2019 1288 2073 diaboli
1337 2019 1583 2071 virtutem
1617 2028 1807 2084 poten-

271 2117 508 2182 tiamque
535 2129 653 2168 esse
678 2112 938 2180 designat.
985 2109 1049 2162 Et
1077 2126 1178 2162 non
1222 2119 1296 2162 est
1341 2110 1540 2161 sanitas
1575 2124 1628 2160 ιη
1655 2123 1810 2160 carne

269 2221 402 2259 mea.
451 2203 506 2256 ln
560 2203 660 2257 hoc
697 2201 996 2271 profectum
1044 2215 1200 2254 suum
1244 2200 1500 2260 ostendit,
1541 2208 1594 2250 et
1628 2197 1810 2264 proxi-

273 2305 415 2343 mum
443 2303 564 2344 esse
591 2288 658 2342 ad
700 2287 1166 2342 mortiﬁcationem
1199 2287 1378 2339 carnis
1421 2284 1624 2337 indicat
1652 2291 1812 2352 atque

272 2381 552 2435 interitum
597 2377 728 2446 ejus.
766 2377 896 2431 Nam
944 2377 1062 2430 ideo
1094 2376 1199 2430 hoc
1231 2385 1286 2428 et
1321 2375 1409 2428 hic
1436 2373 1676 2426 secundo
1727 2387 1814 2426 re-

271 2474 430 2544 petit,
460 2480 519 2525 ut
545 2470 841 2525 adhibitum
888 2469 995 2536 jam
1043 2482 1162 2521 esse
1214 2465 1507 2519 remedium
1563 2461 1813 2516 tentatio-

271 2578 398 2617 num
451 2561 709 2616 molestiis
739 2559 1061 2614 declararet.
1097 2557 1329 2626 Aﬁlictus
1367 2570 1501 2616 sum,
1542 2562 1587 2604 et
1636 2552 1812 2603 humi-

273 2654 430 2706 liatus
454 2669 568 2705 sum
595 2650 762 2705 ualde.
795 2647 1204 2702 Festivitatibus
1234 2644 1437 2698 Domini
1481 2642 1592 2710 (50)
1623 2653 1812 2707 panem

275 2756 372 2795 nos
403 2739 704 2793 alliictionis
727 2738 887 2791 edere
911 2736 1185 2805 jubemur,
1211 2743 1266 2787 et
1300 2735 1353 2784 in
1381 2731 1512 2801 ipsis
1557 2728 1816 2782 festivita-

274 2831 417 2882 tibus
447 2829 667 2889 dicitur,
702 2837 762 2879 ut
786 2825 1029 2878 humiliet
1066 2824 1226 2876 homo
1256 2821 1493 2874 animam
1528 2832 1680 2871 suam
1713 2833 1728 2869 :
1761 2824 1817 2869 et

274 2934 395 2973 cum
447 2913 1155 2982 festivitaspropitiationis
1200 2909 1470 2974 indicitur,
1518 2905 1814 2960 dicitur":

1899 526 2019 581 quae
2049 487 2342 579 perferat?
2372 509 2461 561 Ad
2501 507 2686 574 hujus
2723 497 3014 566 exempli
3057 487 3610 581 similitudinem
3653 487 3741 539 in-

1904 580 2056 656 tuere
2095 601 2232 654 mihi
2288 600 2468 653 etiam
2524 611 2664 651 eum
2725 592 2840 662 qui
2882 590 3104 642 vitam
3165 585 3242 637 in
3285 580 3653 634 sobrietate
3689 588 3746 630 et

1901 689 2524 756 castitatejustitiaque
2552 683 2890 750 transegit,
2959 676 3080 744 qui
3138 673 3216 726 in
3263 668 3541 722 actibus
3603 664 3746 718 bene

1902 782 2005 836 sibi
2035 781 2298 834 conscius
2325 785 2456 831 erat
2490 793 2506 828 :
2542 774 2663 828 iste
2701 773 2755 824 si
2788 769 3066 822 decidat
3113 763 3208 816 de
3252 761 3486 828 patria
3523 771 3664 818 sua,
3694 756 3746 806 id

1903 877 1989 923 est
2043 869 2109 921 de
2168 866 2447 929 Ecclesia,
2515 863 2573 915 in
2644 859 2926 913 insulam
2978 851 3385 922 quamdam
3440 856 3638 915 atque
3689 849 3742 898 in

1903 961 2193 1012 horrentes
2227 953 2501 1023 scopulos
2523 966 2660 1021 quae
2717 949 2978 1019 peccati
3022 944 3245 998 sedes
3283 948 3395 994 est
3427 937 3746 1007 [πορθηθ-

1908 1054 2021 1107 tur,
2069 1052 2127 1096 et
2173 1058 2245 1095 ex
2307 1040 2696 1093 facultatibus
2735 1050 2814 1089 ac
2847 1029 3126 1087 divitiis
3176 1026 3342 1082 Suis
3383 1038 3536 1091 quae
3579 1029 3752 1075 erant

1906 1135 1955 1188 ei
1985 1135 2039 1186 in
2075 1132 2337 1186 omnibus
2384 1129 2670 1196 operibus
2724 1125 2866 1179 suis
2933 1120 3183 1182 bonis,
3228 1113 3666 1174 devolvatur,
3695 1122 3751 1163 ct

1908 1224 2090 1277 videat
2143 1237 2201 1276 se
2250 1222 2306 1274 in
2365 1220 2572 1271 ultima
2635 1223 3036 1284 paupertate
3094 1209 3426 1279 positum
3471 1221 3490 1256 :
3537 1218 3753 1256 omnes

1910 1313 2056 1366 enim
2105 1309 2223 1378 ejus
2270 1307 2514 1374 justitizc
2554 1321 2706 1374 quas
2775 1304 2941 1358 fecit
3012 1315 3160 1354 non
3236 1294 3754 1350 reminiscentur

1911 1409 2134 1470 propter
2184 1409 2484 1466 peccatum
2518 1413 2533 1448 :
2567 1395 2614 1448 si
2678 1409 2746 1448 se
2807 1405 2982 1459 ergo
3046 1389 3118 1441 in
3195 1387 3470 1439 talibus
3525 1386 3752 1447 videat,

1911 1492 2114 1559 quibus
2164 1488 2481 1558 gemitibus,
2517 1487 2876 1554 quibusque
2938 1479 3319 1548 rugitibus
3383 1476 3753 1544 proclama-

1910 1583 2011 1642 bit,
2043 1581 2233 1633 dicens
2265 1595 2280 1630 :
2314 1577 2620 1646 Rugiebam
2647 1593 2681 1628 a
2711 1575 2952 1642 gemitu
3019 1571 3269 1624 cordis
3296 1569 3483 1622 mei?
3551 1568 3754 1620 Domi-

1915 1685 1999 1732 ne,
2025 1671 2080 1721 in
2105 1677 2396 1736 conspectu
2429 1676 2524 1718 tuo
2575 1680 2748 1717 omne
2779 1661 3218 1716 desiderium
3251 1675 3512 1723 nicum,
3564 1669 3621 1713 et
3655 1676 3750 1728 ge-

1908 1761 2069 1811 mitus
2094 1774 2242 1811 meus
2266 1775 2298 1810 a
2326 1766 2375 1810 te
2402 1771 2512 1809 non
2548 1763 2628 1807 est
2659 1753 3130 1808 absconditus.
3180 1751 3451 1806 Omnia
3489 1765 3646 1818 ergo
3681 1765 3748 1801 cx

1907 1862 2019 1914 quo
2051 1848 2285 1916 deliqui,
2317 1848 2438 1900 sive
2468 1845 2793 1914 concupivi
2829 1842 3518 1912 concupiscentiam
3552 1855 3741 1893 saecu-

1906 1938 2099 2000 larem,
2127 1937 2243 1991 sive
2269 1936 2406 2004 quid
2445 1937 2602 1989 aliud
2629 1936 2973 2000 commisi,
3019 1935 3277 1988 omnia
3318 1942 3484 1986 ante
3521 1941 3582 1983 te
3611 1946 3744 1998 pro-

1909 2025 2046 2089 fero,
2075 2025 2213 2079 etin
2247 2025 2608 2078 orationibus
2649 2023 2810 2076 meis
2845 2024 2914 2075 in
2963 2030 3375 2089 conspectu
3424 2029 3538 2074 tuo
3571 2034 3745 2088 pono.

1907 2114 1974 2167 Et
1995 2115 2218 2182 gemitus
2258 2129 2407 2165 meus
2433 2131 2464 2164 a
2493 2120 2545 2165 te
2571 2128 2682 2164 non
2709 2122 2800 2164 est
2833 2112 3332 2165 absconditus.
3369 2111 3561 2165 Nosti
3591 2112 3742 2164 enim

1907 2207 2035 2271 quia
2064 2216 2283 2269 semper
2317 2202 2658 2268 ingemisco.
2695 2201 2821 2254 Cor
2860 2197 3097 2254 meum
3130 2201 3618 2255 conturbatum
3639 2211 3739 2262 est,

1910 2301 1958 2344 et
2002 2292 2240 2344 deseruit
2290 2307 2375 2344 me
2425 2292 2604 2344 virtus
2644 2307 2806 2346 mea.
2848 2291 2955 2345 Tu
3003 2291 3210 2357 vide,
3254 2292 3573 2352 Domine,
3639 2307 3739 2343 cor

1910 2394 2114 2444 meum,
2145 2380 2272 2447 quia
2307 2381 2724 2433 conturbatum
2768 2391 2874 2434 est
2920 2395 3053 2446 pro
3091 2382 3423 2448 peccatis
3466 2381 3651 2434 meis.
3678 2381 3740 2432 Et

1911 2479 2317 2536 consequenter
2345 2483 2524 2522 exoro
2560 2484 2633 2522 ne
2681 2469 2742 2522 in
2779 2469 3028 2524 furore
3092 2486 3402 2540 arguar,
3451 2485 3657 2539 neque
3686 2472 3736 2522 in

1913 2557 1992 2610 ira
2023 2557 2314 2626 corripiar.
2349 2557 2508 2622 Quod
2540 2557 2586 2610 si
2638 2572 2776 2610 mea
2836 2574 2952 2613 me
3020 2558 3390 2613 fortitudo
3431 2559 3736 2620 deseruit,

1921 2645 2046 2698 sine
2090 2645 2256 2697 dubio
2288 2644 2366 2698 fui
2401 2646 2718 2712 aliquando
2753 2646 2955 2700 fortis
2989 2648 3180 2718 (5|),
3229 2659 3305 2702 ct
3339 2651 3740 2704 conversatio

1915 2747 2032 2786 mea
2067 2733 2170 2787 fuit
2222 2733 2389 2797 bona,
2443 2744 2645 2802 postea
2699 2750 2861 2790 vero
2921 2741 3192 2804 cecidi,
3263 2741 3433 2807 quia
3478 2742 3734 2792 deseruit

1915 2838 1996 2874 me
2036 2821 2296 2890 fortitudo
2329 2839 2467 2888 mea,
2501 2834 2551 2876 et
2577 2824 2779 2878 lumen
2836 2829 3210 2882 oculorum
3276 2847 3577 2884 meorum
3630 2848 3737 2883 non

1915 2920 1989 2962 est
2036 2927 2258 2964 "tecum.
2322 2912 2452 2966 llazc
2482 2929 2596 2966 vox
2630 2914 2804 2968 illius
2848 2917 3140 2972 videtur
3211 2936 3380 2976 esse
3435 2923 3547 2989 qui
3607 2931 3734 2989 post

279 3006 566 3059 Humiliate
606 3006 808 3056 animas
833 3012 1047 3055 vestras.
1077 3001 1334 3064 Quoniam
1369 3012 1497 3066 ergo
1527 2998 1614 3064 qui
1643 2997 1813 3064 pmni-
1845 3041 1887 3097 ο
1922 2999 2405 3064 illuminationem,
2455 3013 2584 3067 post
2648 3003 3091 3060 traditionem
3169 3010 3546 3074 doctrina,
3607 3020 3734 3078 post

280 3103 358 3151 tet
407 3109 501 3162 pro
537 3093 748 3146 delictis
797 3092 908 3145 suis
949 3091 1180 3157 seipsum
1233 3087 1417 3155 aﬂligit
1453 3095 1506 3140 et
1552 3087 1817 3152 humiliat,

278 3186 421 3241 sicut
448 3194 503 3237 et
543 3183 629 3237 ille
664 3182 1000 3251 publicanus,
1031 3182 1096 3234 de
1139 3194 1243 3248 quo
1287 3178 1528 3246 superius
1567 3179 1818 3244 diximus,

279 3281 564 3343 pr0pterea
607 3279 662 3322 et
707 3277 1094 3337 consequenter
1134 3267 1264 3320 dicit
1291 3267 1344 3320 in
1375 3280 1438 3319 eo
1469 3267 1610 3332 quod
1650 3280 1708 3318 se
1754 3281 1819 3318 ex

277 3363 442 3418 corde
474 3359 731 3430 paenitere
762 3359 1056 3426 cognoscit,
1103 3357 1393 3409 obsecrans
1437 3370 1504 3408 ne
1536 3356 1588 3406 in
1638 3357 1821 3408 furore

282 3449 490 3502 Domini
529 3456 808 3516 arguatur,
854 3458 1028 3511 neque
1077 3443 1155 3495 ira
1204 3441 1320 3510 ejus
1365 3441 1716 3508 corripiatur,
1750 3456 1818 3494 ex

279 3541 381 3595 hoc
421 3537 562 3606 quod
610 3536 738 3590 dicit
773 3552 787 3588 :
817 3534 1045 3603 Aﬁlirtus
1078 3547 1211 3593 sum,
1255 3539 1303 3582 et
1348 3529 1654 3582 humiliatus
1706 3547 1821 3582 sum

280 3629 447 3681 valde.
479 3625 592 3679 Non
616 3625 756 3679 enim
786 3626 955 3676 solum
999 3620 1228 3674 aﬂlictus
1272 3633 1410 3679 sum,
1445 3633 1615 3685 neque
1648 3619 1819 3671 solum

282 3717 592 3770 humiliatus
625 3728 767 3777 sum,
812 3711 964 3775 dicit,
1015 3709 1109 3762 sed
1143 3707 1292 3761 valde
1318 3706 1542 3760 amictus
1569 3721 1708 3770 sum,
1768 3715 1823 3759 et

282 3805 439 3856 valde
481 3800 791 3855 humiliatus
829 3813 967 3852 sum.
1007 3795 1073 3850 Ut
1102 3794 1329 3863 exempli
1361 3794 1530 3860 gratia
1563 3792 1822 3856 dixerim,

283 3893 326 3946 si
395 3893 541 3944 dives
598 3889 793 3958 aliquis
864 3885 1158 3939 secundum
1229 3884 1482 3936 sacculum
1545 3882 1598 3934 in
1655 3879 1819 3932 multa

283 3977 546 4032 aﬂluentia
591 3979 813 4045 positus,
849 3985 904 4028 et
954 3975 1044 4027 hic
1091 3971 1270 4026 subito
1317 3970 1534 4024 decidat
1579 3968 1820 4035 atquein

285 4080 574 4138 egestatem
625 4069 864 4122 ultimam
914 4066 1213 4132 redigatur,
1251 4065 1411 4118 domo
1443 4077 1655 4129 quoque
1705 4059 1824 4127 pul-

287 4174 378 4212 sus
423 4169 474 4211 et
526 4159 738 4225 patria,
773 4156 967 4209 insulis
1001 4169 1062 4205 ac
1087 4153 1327 4220 scopulis
1353 4151 1619 4219 relegatus
1659 4164 1824 4218 squa-

288 4247 484 4300 lentem
513 4258 672 4315 atque
721 4245 985 4298 infelicem
1015 4244 1066 4297 in
1100 4242 1388 4296 solitudine
1417 4242 1598 4308 exigat
1631 4240 1820 4302 vitam,

291 4343 419 4428 tunc
445 4333 983 4428 deinde-recordatus
1008 4331 1196 4428 patriae
1225 4345 1288 4384 ac
1317 4340 1626 4428 parentum,
1663 4329 1788 4380 nobi
1853 4339 1897 4391 ι)
1929 4337 2057 4388 tiam
2110 4338 2677 4407 emendalionemque
2731 4329 3097 4421 conﬁeri“,
3138 4329 3497 4428 quonm.do

287 4423 452 4475 litatis
474 4460 490 4485 ,
519 4422 732 4474 latitilia:
751 4460 766 4485 ,
801 4421 1062 4474 bonorum
1096 4420 1409 4474 substantia:
1433 4458 1448 4482 ,
1509 4418 1817 4471 divitiarum

288 4511 650 4570 abundantia,
703 4523 766 4562 ac
819 4509 981 4562 totius
1035 4509 1177 4562 illius
1222 4509 1345 4561 vitae
1373 4522 1478 4574 qua
1531 4507 1583 4558 in
1615 4505 1822 4558 deliciis

289 4599 518 4660 vixerat,
553 4595 746 4663 quibus
800 4595 900 4648 iste
947 4595 1265 4663 planctibus,
1309 4597 1502 4663 quibus
1531 4594 1819 4661 mugitibus

289 4686 708 4741 recordationem
739 4682 928 4752 priscae
971 4684 1315 4738 beatitudinis
1374 4683 1593 4744 recolet,
1643 4692 1700 4735 ut
1749 4684 1820 4737 sit

1921 3088 2252 3156 agnitionem
2305 3089 2560 3143 veritatis
2611 3091 2672 3143 in
2732 3089 3068 3149 tenebris
3106 3097 3418 3152 decidit.
3460 3099 3553 3152 Ne
3598 3114 3733 3166 ergo

1921 3187 1976 3231 et
2011 3192 2110 3231 nos
2140 3178 2332 3232 eadem
2366 3181 2676 3246 patiamur,
2714 3186 2828 3238 sed
2883 3191 3127 3254 potius
3197 3202 3283 3245 ut
3346 3193 3566 3248 lumen
3630 3207 3730 3245 no-

1921 3279 2091 3324 strum
2121 3272 2192 3324 sit
2221 3286 2442 3340 semper
2469 3272 2522 3323 in
2545 3274 2718 3327 nobis
2755 3285 2821 3329 et
2856 3292 3074 3345 opera
3116 3281 3308 3338 lucis
3341 3296 3616 3354 agentes
3636 3285 3731 3337 ha-

1920 3359 2144 3412 beamus
2165 3359 2419 3413 ﬁduciam
2453 3371 2733 3429 tanquam
2763 3364 2880 3420 ﬁlii
2925 3368 3108 3425 lucis
3148 3373 3223 3426 in
3258 3376 3541 3430 Christo
3566 3375 3725 3441 Jesu,

1921 3463 2134 3517 semper
2171 3465 2418 3515 oremus,
2445 3460 2501 3503 et
2532 3451 2718 3506 Deum
2751 3452 3029 3510 Patrem
3076 3460 3599 3526 incessabiliter
3628 3467 3724 3519 de-

1920 3552 2232 3604 precemur,
2263 3538 2350 3590 cui
2379 3547 2465 3591 est
2494 3539 2679 3605 gloria
2733 3551 2800 3594 et
2835 3554 3159 3610 potestas
3224 3551 3299 3606 in
3341 3554 3585 3608 saecula
3616 3570 3724 3608 sses

1921 3625 2187 3678 culorum.
2220 3624 2416 3677 Amen.

2523 3735 2847 3795 llOMILIA
2892 3745 2977 3798 11.

1993 3824 2069 3876 De
2094 3825 2273 3876 eodem
2299 3822 2510 3888 psalmo
2534 3828 2602 3876 ab
2634 3827 2747 3905 illa
2771 3844 2966 3896 ραι-ιε
3000 3837 3028 3868 ο

2487 3909 2746 3956 proximi
2779 3907 2933 3954 mei.
2988 3923 3013 3955 ι

1991 3981 2044 4071 l.
2076 3979 2177 4071 Qui
2216 3995 2314 4048 pro
2347 3983 2600 4071 peccatis
2630 3987 2758 4040 suis
2793 3994 3171 4052 conﬁtetur
3208 4001 3387 4071 Deo,
3419 4015 3488 4061 et
3520 4009 3719 4062 animo

1921 4066 2070 4120 dolet
2121 4068 2566 4167 dumpmnitet,
2617 4073 2824 4128 Sciens
2889 4093 3044 4146 post
3087 4066 3381 4146 exitum
3411 4098 3562 4151 vitae
3592 4114 3718 4167 qua:

1921 4171 2079 4224 poena
2135 4159 2422 4260 immineat
2479 4164 2826 4230 peceatori,
2887 4169 3034 4226 hanc
3100 4177 3332 4248 dicit,
3401 4159 3716 4254 expc..an

2039 4259 2127 4300 uta
2169 4253 2303 4344 pati.
2331 4262 2568 4344 necesse
2615 4253 2696 4305 sit
2759 4271 2909 4311 eum
2972 4268 3089 4331 qui
3135 4284 3215 4324 se
3263 4277 3354 4326 ad
3401 4253 3712 4344 postnilen-

3062 3853 3086 3889 .’
3127 3859 3151 3890 s
3189 3844 3421 3899 Amici
3451 3850 3570 3902 mei
3595 3860 3648 3903 ει

1925 4424 2176 4522 linquant
2219 4439 2344 4476 cum
2398 4427 2568 4480 amici
2625 4439 2684 4482 et
2740 4439 3022 4501 proximi
3078 4424 3218 4511 sui,
3262 4464 3336 4507 es
3379 4457 3570 4526 longe
3596 4459 3714 4512 em-

1926 4511 2170 4615 ciantur,
2196 4527 2297 4579 pro
2341 4527 2410 4566 eo
2446 4517 2597 4582 quod
2627 4518 2752 4586 ipse
2807 4538 2878 4577 se
2912 4530 2996 4582 ad
3029 4511 3552 4613 exoumlogesfu
3586 4563 3712 4615 pec-

1926 4607 2033 4698 cati
2067 4607 2152 4652 sui
2182 4612 2603 4700 mteroremque
2632 4614 2970 4668 convertit.
3015 4619 3196 4678 Dicit
3243 4607 3422 4700 ergo

2015 4637 2033 4698 .'
2067 4637 2152 4700 εἶν’·
2182 4637 2603 4700 πινςοηῖιυηιξιυῠ
2632 4637 2970 4668 LVI-vanu.
3015 4637 3196 4678 Ultzll
3243 4644 3422 4700 ergo
3466 4652 3484 4686 :
3521 4637 3708 4686 Amici

1926 4697 2026 4739 met
2053 4697 2098 4739 et
2125 4697 2358 4755 proximi

2390 4693 2495 4744 mei
2523 4697 2832 4751 adversum
2876 4718 2978 4758 me
3027 4693 3708 4789 appropinquarent“

357 4815 381 4848 ⁸
419 4815 439 4868 ι
469 4813 591 4868 Cor.
619 4827 694 4878 vr,
727 4812 814 4867 l5.
886 4815 906 4844 ⁶
934 4811 1050 4867 Job.
1087 4829 1173 4876 XL,
1219 4815 1304 4868 ll.
1378 4816 1398 4845 τ
1428 4813 1601 4868 Levit.
1633 4826 1814 4879 xxm,‘

2032 4817 2174 4872 Psal.
2221 4835 2436 4887 xxxv",
2495 4826 2588 4879 12.

359 4937 471 5006 (49)
501 4933 630 5006 Cum
667 4943 710 4986 et
738 4933 849 5006 έοζ)
877 4934 938 4987 de
974 4935 1216 5006 dracone,
1239 4943 1341 5006 etc.
1368 4933 1577 5006 Catena
1610 4933 1816 5006 Corde:

200 5008 213 5034 ⁶
295 5000 523 5059 τίτὶηειέι
549 5004 662 5056 alia:
691 5018 718 5072 :_
738 5000 918 5072 Τρύτῳ
960 5002 1333 5072 παραπλῄσλιὸγ
1358 5005 1477 5072 ἐστι
1507 5002 1566 5072 eo
1610 5003 1666 5053 ὲν
1696 5001 1820 5072 γἸὼᾷ

779 5054 1087 5141 δράδὶοντοξο
1111 5054 1275 5141 ³18ᾉρ
1309 5069 1394 5141 δὴ
1422 5069 1602 5141 texit;
1642 5069 1824 5121 αὐτοῦ

290 5135 657 5208 caussas”
681 5135 766 5190 ’δὲ
809 5135 1057 5208 δύναμις
1084 5137 1273 5208 Δαρτοῦ
1307 5135 1682 5208 όμφάλου
1727 5153 1826 5208 ra-

293 5205 484 5278 ᾳτρρςέ.
510 5207 753 5278 galina
781 5207 887 5278 γὰρ
918 5205 1225 5278 (sicinio;
1251 5205 1383 5273 πρὸς
1404 5205 1526 5278 -τὰς
1575 5205 1823 5278 πορνείας

299 5219 484 5287 στρρς.
511 5219 753 5258 Μάλιστα
781 5219 887 5278 γαρ
918 5219 946 5259 o
985 5219 1221 5265 διαῠοΑος
1251 5219 1383 5273 προς
1404 5219 1526 5283 ,τας
1575 5219 1815 5321 cogitata;

299 5273 765 5343 {exustallpoxonh
795 5276 849 5328 δὲ
884 5279 974 5330 ἐπὶ
1001 5277 1088 5328 τὸν
1114 5271 1327 5342 ὀλεθρον
1370 5288 1465 5340 της
1508 5287 1645 5337 σαρκ
1675 5288 1722 5333 ς,
1755 5273 1815 5323 τὸ

295 5341 664 5409 ἥδη-δεύεέρον
689 5341 952 5408 λέγεσθαι.

365 5404 471 5485 (iiii)
501 5404 888 5485 .It‘cstigitut‘iltus
937 5410 1167 5473 Domini,
1198 5417 1300 5485 etc.
1335 5406 1530 5485 Catena
1580 5404 1812 5482 Danielis

299 5468 514 5524 Barbari
551 5491 565 5526 :
596 5494 614 5525 ι
643 5475 782 5529 Festi
813 5480 901 5536 Dei
925 5468 1034 5540 diés
1057 5493 1111 5534 et
1143 5468 1377 5530 celebres
1402 5473 1624 5526 instituti
1661 5473 1812 5526 aiunt

299 5548 538 5602 oportere
568 5556 728 5608 panes
767 5547 1064 5614 alllictionis
1094 5543 1388 5609 comedere,
1424 5552 1477 5596 et
1523 5541 1806 5595 bumiliare

1920 5414 2102 5492 ἀρετῇ

1921 5497 2028 5549 σας
2058 5492 2356 5575 ἀλήθειαν,
2393 5505 2515 5558 ἀντὶ
2549 5524 2674 5577 φωτ

1923 4946 2144 5058 iram“.
2159 4951 2408 5022 nostras,
2431 4946 2578 5026 licet
2602 4947 2967 5030 festivitates
3010 4965 3481 5029 nominentur.
3532 4978 3696 5032 Deci-

2057 5023 2203 5062 euun
2235 5025 2624 5085 expiationum
2655 5020 2771 5082 die,
2812 5023 3258 5085 lcumiliabitis-
3303 5042 3520 5085 imum
3577 5051 3696 5085 ηυε.

1925 5089 2045 5165 as
2054 5145 2066 5165 ξ
2079 5051 2341 5165 uestras?
2386 5051 2747 5165 impii:
2755 5051 3027 5156 pinati-iii:
3034 5051 3322 5161 αὲἑὲιέτξ
3478 5065 3492 5096 Ι
3502 5056 3700 5165 δέξιἸῖ

1935 5145 2165 5262 Ilentiarn
2197 5123 2336 5219 agit;
2370 5114 2740 5236 sléi‘élsulmpuxt
2764 5114 3459 5233 "sgittis-$233
3502 5118 3689 5235 pugni.

1956 5217 2292 5293 '“.'.‘.‘.‘!“‘_‘_el
2320 5220 2538 5293 aliiugtt.
2590 5246 2610 5278 ι
3424 5199 3507 5251 ge
3533 5201 3689 5249 scus,

1977 5282 2124 5397 1.(51.)
2159 5286 2291 5344 Sine
2319 5282 2488 5375 dubio
2518 5296 2602 5364 fui
2640 5299 2718 5354 ali
2763 5291 2950 5357 uando
2982 5305 3177 5374 fortis,
3231 5324 3383 5370 etc.
3435 5316 3687 5374 Catena

2007 5365 2141 5408 εθοῶ
2198 5375 2645 5424 manuscripts:
2675 5317 2872 5424 ’Ίῖιιτιν
2905 5375 3069 5424 ποτὲ.
3112 5384 3337 5424 mna-lu
3423 5389 3676 5424 imum).-

2059 5368 2141 5460 .i‘“
2167 5368 3069 5460 .‘li“2‘:i‘i‘1‘.!3§”_‘_',“&'t?“9%:
3109 5368 3202 5460 sa
3214 5368 3380 5460 σὶκίξ
3422 5368 3676 5460 ιῖἇέιᾶ

2113 5463 2127 5484 ’
2241 5432 2254 5448 ‘
2392 5469 2407 5485 δ
2762 5432 2774 5441 ,
2821 5432 2903 5480 ἐ-
3056 5432 3066 5437 τ
3125 5432 3140 5445 .
3185 5432 3364 5480 ...ην
3422 5432 3671 5460 ’νισι-*τ

2113 5432 3429 5576 nitidi?rfﬁiipﬁiiﬁizag“2316:?”
3460 5457 3684 5512 mu“

2770 5513 2965 5574 σκότος
2995 5513 3172 5566 ἀνέλα
3179 5513 3338 5574 60νῖ
