3910 6236
172 272 348 343 138i
929 298 1229 356 snserit
1259 301 1325 357 IN
1359 301 1690 362 ussuros.
1742 330 1790 341 η
1829 282 2057 358 no'mL.
2097 299 2142 356 ιι
2173 289 2251 354 1N
2277 295 2466 362 l’SAL.
2499 307 2753 364 xxxvn.
3293 308 3432 364 isse

188 413 250 454 et
321 398 614 486 steterunt.
651 402 906 478 lntellige
937 415 1066 468 mihi
1116 416 1324 471 ﬁdelem
1375 418 1586 486 quidem
1617 418 1790 472 homi-
1818 419 1864 474 Δ
1891 418 2021 471 nihil
2069 417 2237 471 latere
2283 413 2469 484 Deum,
2499 420 2590 474 sed
2635 419 2774 472 nuda
2821 433 2939 474 esse
2965 417 3142 472 omnia
3175 425 3230 472 et
3257 420 3426 472 mani-

202 495 378 544 ncm,
412 485 508 537 sed
547 498 733 548 tamen
793 499 1081 567 inﬁrmum,
1114 505 1201 572 qui
1240 485 1405 558 etiam,
1432 507 1570 559 vinci
1594 508 1660 560 ab
1690 509 1792 562 ali-
1893 506 2022 559 festa
2051 508 2100 559 in
2145 516 2430 571 conspectu
2453 507 2585 573 ejus,
2616 509 2870 576 quidquid
2899 507 3188 570 abscondo,
3212 509 3428 561 occulto

214 587 340 665 quo
380 586 612 665 peccato
644 588 848 665 potuit,
881 598 932 641 et
963 601 1178 658 propter
1202 594 1303 647 hoc
1345 597 1664 662 mugientem
1696 611 1792 665 pro

225 661 454 714 delictis
503 652 677 729 suis,‘
697 681 757 723 et
809 678 954 728 omni
1007 679 1165 731 modo
1211 695 1393 734 curam
1422 683 1658 736 vulneris
1696 652 1790 738 'sui

226 753 406 821 686
445 758 851 829 sanitatemque
894 767 1275 833 requirentem,
1323 771 1446 824 licet
1495 783 1792 840 praeventus

227 842 313 894 sit
355 854 407 895 et
445 843 646 913 lapsus,
679 852 948 907 volentem
973 865 1151 910 tamen
1182 861 1441 914 medelam
1470 879 1530 916 ac
1560 866 1786 920 salutem

230 945 526 995 reparare.
577 936 632 989 Si
679 953 808 1007 ergo
839 942 1133 1010 liujusmodi
1188 949 1347 1003 homo
1384 966 1584 1006 memor
1609 956 1786 1009 delicti

227 1020 325 1071 sui
378 1023 707 1078 confiteatur
752 1042 868 1094 quae
916 1037 1204 1097 commisit,
1250 1047 1302 1090 et
1345 1039 1572 1094 humana
1600 1044 1782 1096 conlu-

226 1109 399 1174 sione
425 1115 896 1182 parvipendateos
939 1125 1027 1190 qui
1074 1129 1402 1192 exprobrant
1453 1146 1572 1184 eum
1619 1134 1787 1186 conli-

226 1205 476 1263 tentem,
519 1213 574 1256 et
618 1215 806 1260 notant
832 1209 913 1262 vel
951 1211 1174 1267 irrident
1212 1234 1224 1268 :
1261 1217 1346 1270 ille
1379 1229 1553 1272 autem
1585 1221 1790 1275 intelli-

224 1301 372 1353 gens
402 1303 504 1356 per
541 1292 643 1347 hoc
676 1297 890 1350 veniam
926 1301 1025 1354 sibi
1060 1304 1195 1368 dari,
1226 1314 1279 1358 et
1309 1306 1359 1358 in
1407 1308 1494 1361 die
1544 1325 1788 1364 resurreo

223 1375 441 1430 ctionis
487 1395 586 1447 pro
619 1383 702 1436 his
731 1387 921 1452 quibus
958 1405 1094 1442 nunc
1120 1392 1458 1447 confunditur
1482 1411 1661 1450 coram
1693 1400 1787 1453 ho-

219 1463 508 1528 minibus,
543 1479 669 1521 tunc
695 1481 820 1525 ante
847 1474 1062 1541 angelos
1095 1476 1188 1530 Dei
1233 1479 1596 1535 confusionem
1627 1493 1785 1552 atque

220 1555 535 1620 opprobria
569 1572 880 1625 evasurum,
931 1574 987 1616 ut
1035 1567 1167 1620 nolit
1214 1577 1396 1636 tegere
1434 1582 1486 1624 et
1515 1575 1786 1630 occultare

219 1642 507 1696 maculam
545 1661 721 1711 suam,
757 1652 847 1704 sed
881 1655 1186 1718 pronuntiet
1215 1657 1463 1712 delictum
1486 1676 1664 1725 suum,
1684 1678 1782 1717 nec

1889 595 2027 661 quod
2055 595 2222 656 novit,
2247 608 2344 646 cur
2377 610 2479 649 non
2506 597 2679 663 potius
2703 597 2814 664 ipse
2845 613 2929 650 me
2961 612 3145 666 arguo,
3199 597 3308 664 ipse
3343 612 3427 651 me

1890 683 2150 735 confuto?
2180 678 2315 748 Quid
2344 694 2596 751 exspecto
2625 695 3020 749 accusatorem,
3048 701 3166 739 cum
3201 701 3426 739 accusa-

1892 777 1976 820 tor
2005 783 2155 821 meus
2189 771 2517 823 conscientia
2548 785 2661 822 mea
2692 785 2897 822 mecum
2927 772 3035 824 sit?
3075 771 3162 824 Sic
3193 772 3329 825 forte
3366 781 3426 828 et

1890 856 1978 908 ille
2031 857 2157 909 mihi
2195 866 2402 924 parcet,
2450 859 2492 910 si
2547 860 2671 910 mihi
2708 861 2820 924 ipse
2859 874 2960 911 non
3001 875 3240 926 parcam.
3281 862 3422 929 Ergo

1887 946 2111 1010 proximi
2139 947 2236 996 mei
2269 945 2330 998 de
2365 946 2510 1014 longe
2533 955 2802 1008 steterunt,
2829 957 2874 999 et
2901 949 2998 1000 vim
3039 949 3292 1014 faciebant
3331 951 3421 1018 qui

1889 1033 2181 1100 qua’rebant
2236 1035 2462 1085 animam
2501 1051 2684 1088 meam.
2711 1035 2776 1087 Et
2810 1037 2900 1103 qui
2943 1038 3239 1105 quwrebant
3279 1039 3420 1092 mala

1887 1118 2013 1170 mihi
2035 1119 2193 1171 locuti
2218 1131 2335 1172 sunt
2361 1123 2661 1174 vanitatem.
2707 1122 2825 1176 llaec
2857 1125 3048 1177 iterum
3085 1126 3149 1177 de
3193 1126 3314 1178 aliis
3340 1127 3424 1179 di-

1888 1208 1980 1258 cit.
2011 1204 2144 1258 Sunt
2176 1207 2316 1259 enim
2345 1207 2558 1274 quidam
2589 1209 2676 1274 qui
2715 1219 2961 1276 quierunt
3003 1211 3140 1262 mala
3167 1214 3327 1276 justo,
3365 1221 3420 1264 et

1888 1308 1994 1346 non
2037 1294 2115 1346 sic
2145 1295 2372 1362 gaudent
2421 1309 2541 1346 cum
2575 1297 2841 1349 audierint
2881 1299 2944 1348 de
2977 1298 3132 1351 bonis
3161 1299 3280 1367 ejus
3314 1300 3417 1353 ali-

1888 1380 2034 1448 quid,
2066 1381 2201 1433 sicut
2225 1380 2561 1448 gratulantur
2585 1396 2701 1434 cum
2738 1385 3006 1436 audierint
3037 1385 3199 1448 mala,
3229 1397 3281 1439 et
3302 1386 3416 1440 vel-

1887 1477 1946 1520 ut
1993 1469 2246 1522 insultant
2291 1485 2410 1523 cum
2462 1471 2513 1523 in
2561 1470 2712 1524 malis
2754 1471 3018 1539 aliquibus
3060 1474 3290 1527 viderint
3330 1475 3418 1542 ju-

1887 1567 2046 1610 stum.
2081 1559 2144 1611 Et
2196 1561 2280 1612 isti
2317 1561 2556 1628 suntqui
2607 1576 2726 1614 cum
2771 1562 2998 1614 viderint
3023 1562 3220 1626 justum
3249 1564 3419 1618 conli-

1887 1657 2086 1702 tentem
2138 1661 2356 1718 peccata
2405 1667 2521 1716 sua,
2573 1653 2716 1706 velut
2747 1654 2962 1706 noxium
2986 1656 3249 1722 quoddam
3284 1671 3413 1709 evo-

221 1728 365 1782 velit
423 1746 550 1786 esse
604 1708 910 1804 sepulcrum
965 1741 1264 1797 dealbatum
1294 1748 1336 1810 ο,
1387 1748 1527 1814 (μιοά
1577 1708 1781 1805 acim-is
1810 1708 1856 1767 Β
1883 1749 2033 1789 ηιιιιιι
2067 1740 2230 1802 virus,
2263 1751 2478 1808 propter
2533 1741 2672 1808 quod
2712 1741 2840 1794 dicit
2872 1759 2885 1794 :
2918 1741 2982 1792 Et
3014 1743 3112 1794 vim
3157 1743 3444 1810 faciebant.

218 1818 454 1884 quidem
487 1834 745 1891 appareat
790 1827 1095 1884 hominibus
1139 1833 1458 1899 speciosum,
1491 1837 1541 1888 id
1589 1847 1694 1902 est,
1727 1847 1782 1892 ut

218 1906 549 1964 videntibus
600 1928 658 1966 se
703 1918 854 1982 quasi
907 1919 1084 1983 justus
1112 1933 1388 1988 appareat,
1427 1925 1570 1979 intus
1603 1937 1779 1981 autem

218 1995 300 2047 sit
324 1997 570 2064 repletus
591 2004 737 2055 omni
773 2005 1102 2061 immunditia
1119 2020 1170 2063 et
1192 2013 1402 2066 ossibus
1428 2023 1779 2069 mortuorum.

220 2085 286 2137 Si
320 2101 459 2154 ergo
491 2089 565 2142 sit
590 2091 782 2159 aliquis
809 2094 920 2166 (52)
970 2098 1038 2150 ita
1071 2098 1237 2153 ﬁdelis
1277 2110 1333 2154 ut
1378 2103 1422 2155 si
1477 2104 1602 2171 quid
1655 2119 1782 2158 con-

216 2175 377 2228 scius
408 2178 482 2230 sit
512 2178 640 2241 sibi,
680 2185 930 2248 procedat
984 2187 1034 2239 in
1073 2190 1302 2242 medium
1343 2201 1397 2245 et
1440 2194 1552 2261 ipse
1584 2195 1662 2248 sui
1687 2210 1778 2249 ace

218 2273 459 2318 cusator
506 2267 734 2322 exsistat
770 2287 783 2322 :
825 2273 875 2324 hi
904 2283 1078 2327 autem
1123 2278 1211 2344 qui
1245 2277 1479 2333 futurum
1517 2281 1606 2336 Dei
1633 2283 1778 2351 judi-

213 2351 367 2405 cium
400 2369 510 2406 non
543 2365 808 2423 metuunt,
852 2361 962 2416 haec
993 2365 1270 2420 audientes
1304 2382 1424 2421 cum
1457 2370 1776 2424 infirmanti-

211 2438 324 2492 bus
351 2441 581 2508 quidem
610 2459 716 2498 non
755 2446 1110 2515 inlirmentur,
1145 2467 1266 2505 cum
1291 2457 1777 2514 scandalizantibus

217 2541 329 2580 non
361 2539 630 2604 urantur,
662 2546 782 2586 cum
823 2534 989 2602 lapsis
1034 2553 1136 2591 non
1159 2539 1397 2606 jaceant,
1427 2546 1519 2598 sed
1549 2546 1726 2600 dicant
1756 2564 1771 2600 :

212 2613 410 2684 Longe
440 2629 494 2671 te
522 2619 610 2673 fac
639 2636 668 2673 a
696 2637 800 2687 me,
836 2639 1007 2692 neque
1034 2630 1256 2682 accedas
1277 2629 1340 2681 ad
1378 2646 1482 2696 me,
1515 2635 1772 2700 quoniam

212 2706 462 2760 mundus
523 2713 682 2774 sum‘,
740 2719 795 2764 et
842 2711 1092 2766 detestari
1147 2715 1398 2784 incipiant
1441 2733 1559 2772 eum
1617 2735 1772 2789 quem

187 2804 348 2848 'ante
391 2796 826 2862 admirabantur,
863 2809 915 2854 et
945 2801 1011 2854 ab
1060 2804 1314 2858 amicitiis
1358 2808 1608 2861 recedant
1656 2809 1773 2877 ejus

213 2885 307 2945 qui
363 2885 626 2938 delictum
677 2901 828 2941 suum
886 2890 1054 2943 noluit
1109 2893 1382 2948 occultare
1427 2913 1442 2948 :
1493 2912 1652 2965 super
1688 2899 1772 2953 his

1881 1828 1969 1894 qui
2009 1827 2304 1891 qttmrebant
2347 1828 2573 1880 animam
2631 1844 2816 1881 meam.
2877 1827 2942 1881 Et
2984 1831 3071 1896 qui
3115 1832 3410 1898 qaterebant

1879 1915 2017 1966 mala
2043 1917 2166 1966 mihi
2189 1915 2344 1967 locuti
2371 1926 2486 1968 sunt
2515 1919 2783 1968 vanitates.
2817 1917 2876 1970 Et
2926 1933 3055 1971 vere
3084 1919 3412 1975 manifestis-

1879 2003 2016 2055 sitne
2039 2005 2368 2070 pervidetur,
2395 2006 2516 2071 quia
2545 2021 2649 2058 non
2681 2005 2851 2058 solum
2895 2005 2929 2058 ii
2977 2005 3065 2072 qui
3093 2007 3242 2074 justo
3265 2023 3412 2074 qua:-

1880 2101 2005 2142 runt
2053 2090 2214 2151 mala,
2261 2091 2352 2144 sed
2388 2091 2545 2144 etiam
2575 2092 2750 2144 omnis
2789 2093 2877 2159 qui
2933 2093 3230 2161 cuicunque
3271 2097 3407 2148 mala

1877 2190 2100 2233 conatur
2140 2180 2357 2246 inferre,
2398 2181 2634 2248 loquitur
2661 2182 2975 2235 vanitatem.
3007 2180 3120 2235 Non
3151 2185 3289 2236 enim
3326 2183 3407 2235 ln-

1876 2269 2058 2336 quitur
2081 2283 2142 2321 ea
2191 2283 2308 2336 qua:
2359 2271 2648 2323 secundum
2687 2268 2854 2322 Deum
2905 2278 3050 2335 sunt,
3097 2271 3187 2338 qui
3216 2274 3408 2340 quaerit

1877 2370 2035 2424 agere
2062 2356 2220 2409 mala.
2275 2355 2424 2411 Unde
2472 2366 2681 2425 oportet
2737 2358 2908 2426 magis
2963 2373 3203 2424 quaerere
3245 2360 3406 2414 bona.

1879 2444 2090 2498 Utinam
2119 2460 2394 2513 possemus
2432 2446 2591 2498 etiam
2632 2446 2716 2499 his
2762 2447 2848 2512 qui
2882 2447 3110 2500 oderunt
3161 2461 3257 2501 nos
3288 2449 3411 2502 red-

1875 2533 2000 2586 dere
2027 2535 2162 2586 bona
2197 2548 2293 2601 pro
2348 2535 2520 2599 malis,
2552 2543 2606 2588 et
2639 2535 2870 2588 inimicis
2917 2537 3116 2589 nostris
3157 2537 3240 2590 vel
3276 2553 3405 2591 sua-

1875 2622 1999 2675 dere
2021 2637 2138 2689 quae
2163 2621 2300 2675 bona
2326 2633 2466 2686 sunt,
2496 2621 2578 2674 vel
2607 2631 2792 2690 optare
2822 2623 3026 2677 feroces
3070 2626 3277 2678 animos
3304 2640 3431 2680 eo--

1874 2727 1991 2765 rum
2026 2714 2091 2766 ad
2116 2713 2453 2766 concordiam
2491 2725 2650 2778 atque
2679 2726 2861 2778 pacem
2911 2726 3190 2778 revocare,
3225 2724 3280 2766 ut
3310 2729 3406 2780 per

1872 2801 1974 2854 hoc
2001 2803 2282 2870 efﬁciamur
2307 2801 2406 2867 ﬁlii
2427 2799 2602 2852 Patris
2622 2801 2710 2867 qui
2740 2801 2794 2852 in
2829 2801 2968 2854 caelis
2992 2811 3089 2866 est,
3123 2803 3212 2870 qui
3243 2803 3402 2856 solent

1870 2905 2020 2943 suum
2043 2892 2170 2942 oriri
2190 2891 2334 2957 jubet
2361 2905 2517 2956 super
2539 2889 2697 2942 bonos
2722 2897 2770 2942 et
2799 2889 2985 2953 malos,
3023 2899 3071 2944 et
3094 2890 3224 2958 pluit
3246 2907 3400 2958 super

212 2989 350 3044 ergo
378 2989 786 3044 consequenter
833 2981 962 3034 dicit
995 2982 1085 3047 qui
1128 2985 1540 3050 exontologesin,
1590 2987 1639 3039 id
1690 2997 1770 3042 est

1871 2978 2036 3044 iustos
2065 2990 2110 3031 et
2143 2979 2365 3046 injustas
2407 2979 2470 3030 ¹¹.

214 3063 628 3118 c0nfessionem
655 3066 781 3120 facit
809 3084 821 3120 :
851 3067 1014 3120 Amici
1042 3070 1139 3121 mei
1161 3081 1207 3122 et
1237 3074 1457 3137 proximi
1477 3075 1573 3126 mei
1593 3077 1773 3129 adver-

217 3169 339 3204 sum
387 3169 472 3206 me
499 3156 1042 3223 appropinquaverunt
1070 3167 1115 3209 et
1141 3169 1412 3223 steterant,
1455 3172 1502 3213 et
1549 3166 1770 3228 proximi

215 3240 322 3292 mei
362 3240 434 3292 de
456 3240 614 3309 longe
635 3250 904 3294 steterunt.
947 3243 1051 3297 Sed
1078 3246 1188 3299 haec
1214 3261 1315 3299 non
1347 3259 1556 3314 oportet
1581 3249 1770 3305 formi-

219 3328 356 3381 dare
388 3344 516 3381 eum
549 3330 641 3396 qui
691 3341 810 3397 post
852 3331 1105 3384 delictum
1163 3334 1359 3387 salvari
1395 3337 1558 3402 cupit,
1599 3353 1770 3406 neque

213 3426 406 3470 notam
440 3431 634 3470 eorum
685 3421 1087 3486 pertimescere,
1125 3422 1214 3488 qui
1269 3438 1360 3476 sua
1395 3425 1607 3491 quidem
1640 3441 1766 3490 pec-

214 3517 337 3558 cata
371 3522 480 3560 non
515 3507 776 3574 cogitant,
803 3525 897 3562 nec
935 3525 1198 3563 memores
1226 3512 1514 3577 Scriptura:
1541 3522 1664 3565 sunt
1689 3515 1768 3566 di-

210 3598 356 3648 vinae
401 3596 639 3649 dicentis
687 3596 730 3626 ¹⁰
767 3613 781 3648 :
833 3595 959 3649 Noli
1005 3598 1359 3665 improperare
1405 3601 1600 3652 homini
1641 3617 1766 3654 con~

209 3685 437 3738 vertenti
469 3700 526 3738 se
553 3701 586 3735 a
603 3694 832 3751 peccato,
863 3684 951 3737 sed
975 3701 1170 3740 memor
1189 3696 1295 3738 esto
1316 3690 1559 3755 quoniam
1587 3706 1762 3744 omnes

208 3790 398 3826 sumus
436 3775 492 3826 in
529 3773 716 3840 culpis.
751 3772 866 3826 Non
896 3789 1024 3841 ergo
1069 3777 1266 3841 cogitet
1308 3776 1374 3828 de
1406 3775 1617 3843 talibus,
1671 3779 1764 3832 sed

208 3862 421 3931 cogitet
472 3861 542 3914 de
592 3861 767 3914 anima
805 3876 921 3922 sua,
969 3876 1196 3916 exorans
1230 3864 1414 3926 Deum,
1461 3875 1518 3917 ut
1548 3867 1614 3918 ab
1649 3866 1762 3934 ipso

207 3953 542 4005 exaudiatur
591 3959 643 4002 et
686 3950 993 4004 sublevetur
1048 3961 1161 4018 post
1223 3968 1405 4007 casum
1468 3970 1643 4020 suum,
1701 3967 1762 4010 ut

207 4042 388 4108 possit
435 4042 602 4092 etiam
629 4040 807 4092 dicere
835 4055 952 4108 quae
982 4050 1273 4107 sequuntur
1311 4059 1326 4094 :
1356 4042 1612 4106 Quoniam
1659 4046 1762 4097 ini-

203 4129 467 4194 quitatem
498 4143 666 4179 meam
687 4143 776 4194 ego
808 4128 1173 4193 pronuntiabo,
1195 4139 1240 4179 et
1271 4131 1504 4196 cogitabo
1528 4148 1619 4196 pro
1645 4148 1761 4198 pec-

204 4225 326 4267 cato
363 4231 502 4266 meo.
535 4213 682 4266 Licet
712 4215 866 4268 amici
902 4214 1002 4266 mei
1043 4221 1096 4266 et
1117 4217 1344 4281 proximi
1374 4217 1472 4269 mei
1506 4219 1756 4272 contrarii

1938 3067 1991 3120 2.
2028 3066 2128 3130 Qui
2158 3082 2284 3136 ergo
2310 3065 2601 3135 quaerebant
2662 3064 2804 3118 mala
2830 3065 2954 3118 milii
2979 3065 3140 3119 locuti
3164 3077 3280 3121 sunt
3309 3084 3401 3121 va-

1870 3159 2078 3218 nitates,
2111 3167 2156 3208 et
2187 3155 2364 3207 dolum
2407 3162 2516 3206 tota
2546 3155 2628 3206 die
2676 3155 3080 3208 meditabantur.
3106 3156 3238 3211 Vide
3267 3158 3400 3210 insi-

1873 3247 2129 3299 diatorem
2159 3243 2308 3309 justi.
2346 3241 2462 3295 Jam
2491 3245 2632 3296 enim
2671 3243 2872 3310 justum
2915 3259 3048 3298 voco
3070 3260 3192 3298 eum
3225 3248 3314 3313 qui
3341 3245 3400 3300 in

1869 3333 2048 3398 primis
2090 3333 2174 3383 sui
2223 3333 2326 3397 ipse
2391 3342 2662 3382 accusator
2719 3331 2978 3394 elIicitur,
3027 3333 3164 3385 sicut
3223 3347 3402 3388 sermo

1870 3421 2156 3486 Scriptura:
2181 3419 2423 3485 designat
2445 3421 2508 3469 η.
2539 3417 2665 3470 Nam
2695 3427 2753 3470 ut
2779 3418 2920 3470 illum
2945 3421 3242 3486 sapientem
3271 3422 3400 3474 dicit

1868 3505 2141 3574 Scriptura
2162 3545 2176 3566 ,
2204 3507 2292 3573 qui
2338 3522 2456 3558 cum
2490 3506 2748 3574 arguitur,
2777 3521 2879 3558 non
2923 3506 3033 3559 odit
3064 3516 3398 3574 arguentem,

1865 3598 1956 3652 sed
2008 3596 2222 3662 insuper
2263 3594 2434 3661 diligit
2465 3607 2584 3646 eum
2614 3609 2628 3646 :
2657 3598 2736 3646 sic
2778 3603 2833 3646 et
2862 3594 3040 3660 iustus
3074 3596 3272 3650 dicitur
3301 3597 3392 3663 qui

1865 3695 1982 3756 post
2009 3687 2256 3740 delictum
2287 3699 2389 3736 non
2429 3693 2702 3750 permanet
2743 3683 2796 3736 in
2821 3684 3052 3746 delictis,
3081 3699 3179 3739 nec
3202 3699 3396 3752 exspe-

1864 3784 1973 3831 ctat
2004 3774 2266 3828 diabolum
2316 3772 2428 3824 ﬁeri
2465 3781 2830 3825 accusatorem
2884 3787 3061 3836 suum,
3116 3789 3290 3841 neque
3335 3784 3395 3830 ut

1863 3866 1949 3918 ille
1974 3865 2206 3934 proferat
2235 3863 2286 3914 in
2315 3862 2547 3914 medium
2579 3869 2798 3928 peccata
2829 3861 3018 3929 ipsius,
3057 3865 3152 3916 sed
3188 3866 3302 3932 ipse
3334 3879 3394 3917 se

1863 3954 2037 4021 arguit
2077 3960 2130 4003 et
2160 3949 2444 4010 convincit,
2473 3958 2524 4001 et
2569 3964 2666 4016 per
2707 3951 3096 4004 confessionem
3127 3967 3276 4004 suam
3328 3952 3392 4005 li-

1863 4044 2080 4094 beratur
2111 4054 2139 4090 a
2173 4048 2363 4092 morte.
2407 4036 2510 4100 Qui
2561 4038 2701 4090 enim
2746 4039 3043 4106 quaerebant
3087 4039 3227 4093 mala
3266 4040 3391 4091 mihi

1861 4131 2021 4182 locuti
2048 4137 2165 4180 sunt
2199 4127 2499 4190 vanitatem,
2526 4135 2572 4178 et
2611 4127 2787 4178 dolum
2816 4138 2921 4180 tota
2951 4129 3032 4180 die
3068 4129 3390 4181 meditaban-

1860 4230 1963 4270 tur.
2017 4217 2123 4284 Ego
2169 4227 2339 4268 autem
2371 4216 2504 4268 velut
2547 4216 2742 4268 surdus
2788 4231 2888 4267 non
2921 4216 3213 4271 audiebam.
3245 4217 3387 4270 Nihil

203 4304 338 4364 sint,
374 4312 431 4354 et
459 4303 743 4370 propinqui
781 4303 881 4355 ntei
922 4301 1076 4368 longe
1123 4316 1181 4354 se
1210 4301 1413 4355 faciant
1441 4320 1466 4355 a
1494 4320 1600 4366 me,
1631 4307 1755 4359 dutn
1787 4309 1832 4365 ι)
1864 4310 1963 4362 hac
1994 4307 2187 4358 virtute
2239 4304 2567 4371 prmclarius,
2601 4303 2730 4355 nihil
2757 4303 3109 4358 excellentius
3161 4305 3384 4358 inveniri

202 4404 305 4459 ego
344 4392 462 4458 ipse
521 4390 625 4442 tnei
667 4399 945 4443 accusator
990 4389 1206 4453 elIicior,
1235 4391 1357 4443 dum
1387 4393 1606 4445 crii'nina
1641 4410 1753 4448 mea

203 4480 357 4532 nullo
393 4495 483 4532 me
508 4489 765 4545 urguente
795 4479 1072 4545 conﬁteor,
1099 4480 1223 4532 dum
1253 4480 1372 4532 nolo
1397 4481 1594 4534 imitari
1640 4497 1752 4547 eos,

202 4571 298 4632 qui
345 4573 518 4627 etiam
562 4585 682 4624 cum
714 4570 764 4621 in
812 4569 1029 4635 judiciis
1079 4577 1395 4635 arguantur,
1430 4579 1484 4621 et
1530 4572 1754 4628 testibus

201 4668 632 4724 convincantur,
661 4667 714 4710 et
738 4657 1023 4710 tortoribus
1041 4658 1198 4709 etiam
1232 4667 1541 4721 arguantur,
1572 4668 1754 4727 tegunt

204 4768 391 4812 "me"
425 4753 570 4806 "ulla
600 4766 716 4810 sua.
753 4756 808 4801 et
831 4747 946 4815 plus
975 4747 1109 4813 apud
1134 4760 1226 4798 eos
1248 4745 1452 4798 obtinet
1481 4751 1751 4804 ροιιιιηῑεεί

200 4831 383 4913 pudor
454 4856 579 4894 uatn
619 4836 908 4893 cruciantis
943 4848 1119 4903 paena.
1178 4833 1286 4900 Ego
1321 4848 1446 4887 vero
1499 4838 1588 4902 qui
1638 4840 1752 4892 scio

271 4983 300 5014 ⁸
348 4974 543 5028 Matth.
593 4968 852 5025 xxttt.27.
929 4969 972 5000 ¹⁹
1003 4968 1161 5022 Eccli.
1199 4981 1318 5028 vttt,
1342 4964 1393 5018 6.

271 5111 391 5181 (52)
424 5108 485 5162 Si
519 5121 643 5181 ergo
669 5105 978 5181 sitAaliquis,
1009 5113 1114 5181 etc.
1147 5102 1358 5181 (Entella:
1393 5099 1595 5180 Grecae
1625 5119 1744 5181 nra-
1837 5108 1910 5181 ἐστ

1471 4967 1512 4996 ⁸⁸
1543 4965 1733 5026 Matth.
1759 4990 1812 5038 ν,
1845 4971 1931 5026 45.

1861 4403 2051 4463 potest,
2104 4400 2160 4444 ut
2216 4393 2438 4444 audiens
2488 4391 2854 4458 unusquisque
2908 4388 3193 4445 maledicos
3226 4402 3383 4460 atque

1859 4489 2248 4536 obtrectatores
2277 4495 2400 4533 suos
2445 4477 2580 4530 male
2612 4478 2777 4544 loqui,
2805 4492 3047 4545 carpere,
3083 4480 3388 4540 detrahere,

1861 4574 2126 4633 incitare,
2168 4570 2278 4637 ipse
2312 4577 2517 4620 avertat
2545 4582 2724 4620 aurem
2755 4580 2904 4619 suam
2934 4566 3084 4632 quasi
3137 4580 3238 4618 non
3293 4581 3390 4617 an-

1860 4661 2030 4724 diens,
2061 4667 2115 4712 et
2167 4658 2401 4712 declinet
2431 4654 2642 4708 oculum
2693 4670 2845 4709 suum
2891 4664 3139 4721 tanquam
3170 4668 3274 4706 non
3308 4654 3391 4704 vi-

1859 4751 2026 4811 dens,
2079 4761 2144 4800 ne
2203 4744 2476 4799 iracundia
2525 4755 2874 4812 exasperetur
2924 4753 2977 4796 et
3026 4740 3266 4810 prosiliat
3317 4741 3384 4793 ad

1856 4837 2166 4897 vindictam,
2219 4849 2285 4888 ne
2331 4841 2534 4899 quierat
2557 4832 2767 4886 oculum
2799 4847 2895 4902 pro
2923 4830 3100 4896 oculo,
3128 4843 3228 4883 nec
3261 4842 3386 4880 ver-

2008 4967 2048 4996 "
2073 4963 2226 5016 Prov.
2261 4975 2407 5023 xvnt,
2439 4959 2523 5012 l7.

1953 5103 2020 5155 ὲν
2058 5103 2127 5154 ἐν
2171 5098 2462 5165 ἐπιθυμίᾳ.
2505 5096 2640 5165 ’ᾼλλ’
2687 5096 2832 5163 ὅμως
2865 5093 2966 5165 καὶ
3019 5087 3382 5165 ἐκβιάζονται..

190 5155 501 5244 "omne
737 5155 988 5241 δίήγέτταί
1020 5173 1080 5220 ἐκ
1263 5165 1597 5244 amem
1627 5155 1746 5244 see»
1837 5155 2096 5244 ᾒοίλλέικις
2133 5169 2236 5244 ap
2285 5155 2381 5244 ξάξ
2415 5155 2782 5244 ansam.
2802 5155 3264 5244 «orsae:_°:az.
3292 5158 3386 5244 se

243 5231 785 5313 ολογίίσεωςρνείδηῖ
803 5231 819 5288 ί
835 5231 1120 5313 Μονοῖουκέ
1148 5231 1236 5313 εέοίι
1255 5231 1368 5313 ίῖτῷν
1387 5231 1550 5313 πάλαὲ
1577 5231 1746 5300 φίλεον

231 5300 476 5379 εγόὖτξυν
495 5327 508 5340 ο
538 5300 852 5380 Πόρῥω’ἁπ’
884 5305 1028 5373 ἐμοῦ,
1062 5300 1132 5368 μὴ
1154 5300 1383 5380 ,ἐγξίςξῃς
1408 5300 1608 5380 μοίβτι
1647 5319 1747 5354 κα-

201 5365 370 5450 Babae
388 5382 522 5450 είμςι
550 5395 568 5424 ι
588 5365 1566 5450 1‘93th.mﬁmﬁlfé‘ﬁi‘ﬂ‘tﬂﬁfa;
1584 5384 1752 5433 μετα·

539 5429 1054 5523 πειθαρχρύγτωνῖβῖ).
1069 5429 1753 5523 Μέιζειρνθρῳπον

200 5496 662 5580 ἇλὸὰὲρὶίροντα
679 5496 791 5561 die
807 5496 1090 5572 ἀμαρτι’ὶις⁶
1099 5496 1395 5562 μνήσθητι
1413 5496 1498 5548 ὅτι
1518 5499 1754 5569 πάντες

1841 5220 2219 5308 ἷωίκᾶ
2249 5234 2324 5308 τῷ
2354 5231 2567 5308 δικαίῳζ
2592 5231 2686 5308 οὐχ
2730 5227 2864 5308 οξτιιξ
2905 5223 3178 5308 χείροντξξ
3307 5223 3386 5291 τῷ

2084 5283 2421 5366 λῖᾶρεῖττω
2454 5283 2578 5366 napi.
2625 5283 2803 5366 α’ὖτοῆ,
2837 5293 2908 5350 ὡς
2940 5291 3062 5339 ὅταν
3108 5288 3392 5366 ἐινχεῖρον

2199 5350 2306 5418 Καὶ
2335 5350 2543 5439 lsi/opai.
2595 5350 2967 5439 ιέαιεςξιόέῃταὶςρ

1842 5417 2416 5511 ἕὸῖὲἒίαὲῃγςνρήσαντοέ
2677 5429 2748 5511 9°
2778 5425 2882 5511 τάξ
2911 5417 3394 5511 Ξὲἒξῗῗέῗῖῗιλα·

1955 5483 2318 5574 'g’ﬁkﬁii'éwé.
2341 5483 2502 5561 κάκὰ,
2535 5496 2646 5548 ἀλλ’
2674 5496 2702 5546 ὁ
2723 5483 2877 5544 ποίντὶ
2907 5483 3077 5554 ζὴλέῶν
3104 5483 3312 5550 ἀγαθά.
