3910 6238
195 319 352 375 1335

830 329 1128 387 SELECTA
1166 333 1229 385 ΙΝ
1260 332 1592 387 PSALMOS.
1737 333 1961 387 llOilllL.
2000 335 2039 387 11
2080 335 2143 388 ΙΝ
2173 333 2365 390 PSAL.
2406 337 2665 392 XXXVII.

3255 343 3389 398 lSSb

194 456 330 492 rum
366 455 485 507 qum
516 441 695 503 docet,
730 444 860 514 agit.
903 448 992 501 lsti
1020 464 1146 518 ergo
1174 450 1276 502 tale
1305 450 1427 517 quid
1460 450 1636 502 dicant
1673 464 1761 503 nc-
1790 451 1831 504 Α
1927 449 1978 502 6.
2008 449 2261 514 Quoniam
2285 449 2601 517 iniquitatem
2624 467 2787 504 meam
2809 456 3106 521 pronuntio.
3148 456 3389 511 Pronun-

190 546 370 585 rt-sse
393 540 480 585 est
517 546 533 583 :
586 532 724 585 Dum
773 548 1151 590 comntoreatar
1196 540 1343 606 pedes
1390 540 1486 590 mei
1513 556 1661 605 super
1689 555 1764 592 me

188 635 409 685 magna
432 620 593 672 locuti
627 632 771 678 sunt.
802 625 956 678 Alius
978 635 1150 680 autem
1181 627 1278 681 hoc
1304 628 1489 680 melior
1513 637 1761 693 quantum

186 709 264 759 ad
295 725 576 775 personas
625 713 860 778 pertinet
888 730 1006 783 quae
1054 717 1373 768 inducuntur
1417 733 1443 767 a
1476 719 1760 783 prolihetis,

189 798 291 849 vel
332 799 474 864 ipsa:
507 799 611 852 sibi
659 813 1062 869 comparantur,
1098 804 1220 857 illud
1266 804 1459 856 dicit“
1490 823 1503 859 :
1534 805 1638 857 Mei
1670 822 1764 857 au-

184 897 305 939 tem
358 887 527 953 paulo
578 890 751 942 minus
799 893 925 944 moti
972 903 1090 945 sunt
1142 897 1311 959 pedes.
1377 894 1521 948 Illius
1553 896 1760 961 quidem

186 975 342 1026 moti
386 986 516 1028 sunt
542 978 721 1043 pedes,
762 980 861 1031 tnei
883 991 1057 1032 autem
1087 984 1242 1047 paulo
1275 982 1446 1036 minus
1468 984 1594 1036 moti
1620 993 1758 1038 sunt.

185 1062 496 1116 Fortassis
529 1075 709 1115 antetn
739 1065 809 1117 sit
856 1068 989 1119 alius
1023 1067 1235 1134 aliquis,
1274 1070 1422 1138 cujus
1456 1086 1550 1122 nec
1575 1086 1758 1137 parmn

184 1152 452 1217 quidem,
510 1168 611 1205 nec
641 1151 803 1219 paulo
839 1154 1014 1205 minus
1064 1157 1189 1208 ιιιοιί
1228 1166 1349 1209 sunt
1398 1159 1573 1223 pedes,
1624 1159 1762 1209 illius

183 1239 411 1307 opinor
456 1241 552 1307 qui
610 1242 743 1295 dicit
768 1244 808 1274 ¹⁹
862 1259 875 1295 :
922 1241 1118 1297 Statuit
1170 1262 1320 1312 super
1366 1254 1561 1312 petram
1608 1248 1758 1313 pedes

181 1342 369 1379 meos.
408 1326 505 1379 llle
535 1328 667 1380 nihil
695 1344 914 1395 prorsus
943 1333 1008 1384 de
1038 1334 1387 1385 commotione
1415 1335 1603 1400 pedum
1638 1350 1759 1388 suo-

183 1430 354 1478 rum,
384 1417 483 1467 sed
516 1418 583 1468 de
631 1418 920 1471 stabilitate
960 1428 1205 1473 testatur.
1248 1421 1392 1474 Beati
1424 1437 1548 1490 ergo
1576 1438 1758 1476 sumus

182 1503 233 1554 si
273 1503 436 1556 nulla
470 1505 697 1557 omnino
725 1508 1011 1561 commotio
1038 1509 1087 1560 in
1122 1511 1313 1563 nostris
1345 1510 1566 1577 pedibus
1597 1528 1755 1565 accu-

182 1599 381 1651 satur,
426 1592 525 1643 sed
555 1603 680 1643 sunt
700 1593 866 1662 688
895 1604 1099 1649 stantes
1134 1612 1294 1663 super
1323 1608 1547 1665 petram,
1580 1601 1628 1652 id
1655 1610 1753 1663 est,

183 1693 371 1746 super
424 1679 600 1745 ipsum
637 1681 916 1734 Dominum
950 1682 1127 1737 Jesum
1175 1685 1467 1740 Christum.
1523 1688 1671 1751 Quod
1710 1690 1751 1741 si

1870 537 2138 590 tiationem
2176 538 2490 605 iniquitatis,
2546 541 2597 592 id
2626 550 2704 593 est
2746 543 3129 598 confessionem
3161 548 3385 614 peccati,

1864 624 2195 691 frequentius
2242 625 2493 677 diximus.
2552 625 2681 678 Vide
2729 642 2854 695 ergo
2900 632 3025 697 quid
3059 635 3245 686 edocet
3289 650 3387 690 nos

1863 709 2138 777 Scriptura
2163 710 2360 769 divina.
2388 710 2508 778 quia
2535 720 2741 778 Oportet
2786 725 3055 780 peccatum
3081 732 3181 770 non
3213 724 3388 773 celare

1863 802 2201 853 intrinsecus.
2243 800 2510 853 Fortassis
2538 801 2678 853 enim
2713 800 2850 854 sicut
2894 803 2927 854 ii
2962 805 3049 870 qui
3080 805 3273 859 habent
3302 808 3385 860 in-

1863 898 1946 941 tus
1993 889 2246 940 inclusam
2294 903 2468 941 escam
2516 888 2852 955 indigestam,
2903 901 2997 944 aut
3039 894 3273 949 humoris
3302 897 3383 949 vel

1860 975 2173 1042 phlcgtuatis
2203 977 2476 1029 stomacho
2502 977 2738 1046 graviter
2759 986 2811 1031 et
2835 980 3052 1034 moleste
3089 982 3375 1036 immanen—

1862 1066 1927 1117 tis
1973 1064 2375 1128 abundantiam,
2426 1066 2470 1118 si
2521 1068 2839 1130 vomuerint,
2891 1068 3192 1122 relevantur
3247 1090 3259 1124 :
3309 1073 3380 1125 ita

1858 1153 2015 1205 etiam
2049 1154 2100 1206 lti
2133 1156 2221 1220 qui
2271 1164 2643 1221 peccaverunt,
2695 1156 2736 1208 si
2773 1157 2985 1222 quidem
3010 1158 3280 1210 occultant
3328 1167 3382 1211 et

1859 1242 2085 1293 retinent
2113 1242 2248 1294 intra
2296 1256 2352 1295 se
2386 1252 2683 1309 peccatum,
2734 1245 3055 1298 intrinsecus
3104 1256 3378 1314 urgentur,

1853 1339 1905 1382 et
1939 1331 2316 1396 propemodum
2366 1331 2695 1386 sutfocantur
2740 1348 2770 1385 a
2815 1335 3134 1402 phlegmate,
3168 1337 3249 1389 vel
3282 1338 3382 1388 hu-

1856 1429 2002 1468 more
2052 1419 2277 1484 peccati.
2339 1418 2395 1470 Si
2441 1428 2618 1471 autem
2670 1421 2781 1487 ipse
2830 1422 2909 1474 sui
2956 1433 3234 1477 accusator
3267 1423 3374 1490 ﬁat,

1855 1507 1980 1559 dum
2011 1517 2228 1561 accusat
2266 1510 2605 1576 semetipsum
2655 1518 2709 1562 et
2740 1512 3040 1574 conﬁtetur,
3075 1513 3227 1564 simul
3254 1527 3380 1566 evo-

1856 1595 1949 1645 mit
1981 1603 2032 1646 et
2060 1595 2330 1659 delictum,
2382 1606 2540 1663 atque
2584 1612 2795 1652 omnem
2823 1599 2990 1652 morbi
3024 1602 3215 1668 digerit
3247 1616 3376 1655 cau-

1854 1697 1985 1737 sam.
2027 1684 2412 1737 Tantummodo
2438 1688 2792 1754 circumspice
2819 1689 3141 1757 diligcntius,
3171 1693 3253 1744 cui
3288 1693 3379 1746 de-

184 1768 264 1820 ita
300 1770 540 1823 stabiles
572 1786 692 1823 esse
727 1787 827 1823 non
862 1788 1170 1840 possumus,
1216 1780 1480 1829 secundus
1507 1792 1606 1831 nos
1657 1780 1753 1831 iste
1785 1753 1824 1805 Β
1854 1772 1978 1826 beas
2003 1774 2239 1825 conﬁteri
2278 1783 2550 1840 peccatum
2600 1785 2768 1828 luum-
2828 1776 2994 1831 Proba
3027 1780 3175 1846 prius
3211 1782 3378 1833 medi-

184 1856 395 1907 saltem
436 1870 492 1909 et
538 1858 765 1911 inferior
813 1862 1066 1929 suscipiat
1118 1865 1333 1930 gradus,
1383 1875 1440 1916 ut
1469 1867 1545 1917 vel
1594 1868 1751 1934 paulo

186 1945 386 1997 minus
430 1957 753 1999 moveantur
774 1962 989 2015 gressus
1016 1950 1203 2003 nostri.

258 2032 321 2084 5.
356 2032 632 2096 Quoniam
675 2050 767 2101 ego
817 2034 868 2086 in
894 2036 1098 2104 ﬂagella
1130 2047 1344 2103 paratus
1390 2055 1524 2093 sum.
1583 2040 1750 2094 Etiam

183 2120 309 2174 hac
341 2136 455 2173 vox
488 2121 614 2173 boni
657 2130 711 2174 et
741 2123 949 2190 optimi,
983 2132 1038 2176 ut
1072 2125 1143 2177 ita
1172 2125 1416 2189 dixerim,
1459 2130 1750 2195 peccatoris

183 2217 296 2272 est,
328 2209 430 2276 qui
464 2208 753 2276 deliquerit
773 2211 1010 2276 quidem,
1044 2222 1500 2280 exspectettamen
1530 2217 1747 2269 delicto-

185 2310 312 2347 rum
376 2293 628 2362 ﬂagella,
691 2297 882 2362 quibus
941 2299 992 2350 in
1046 2300 1291 2366 praesenti
1360 2309 1506 2367 optet
1571 2317 1753 2354 emen-

182 2383 335 2449 dari,
369 2400 444 2437 ne
471 2387 730 2452 puniatur
757 2396 810 2439 et
839 2396 1019 2451 pereat
1071 2387 1120 2436 in
1155 2385 1350 2440 futuro.
1390 2386 1628 2457 Propone
1658 2393 1746 2446 tibi

187 2482 323 2526 ante
378 2473 579 2526 oculos
628 2483 962 2540 peecatorem
1004 2473 1264 2527 dicentem
1308 2477 1371 2526 ad
1424 2476 1746 2533 Dominum:

182 2563 304 2634 Ego
337 2565 607 2633 quoniam
635 2565 870 2632 peccavi,
898 2564 1007 2632 jam
1053 2580 1189 2617 nunc
1220 2566 1270 2617 in
1306 2565 1504 2634 ﬂagella
1534 2582 1748 2636 paratus

185 2668 338 2715 sum,
383 2651 499 2704 noli
530 2668 617 2705 me
644 2666 918 2706 reservare
950 2652 1054 2720 igni
1083 2661 1298 2717 aeterno,
1334 2653 1437 2707 noli
1467 2670 1548 2709 me
1579 2671 1749 2711 reser-

186 2754 321 2792 vare
379 2739 749 2792 exterioribus
776 2739 1027 2791 tenebris.
1090 2738 1218 2790 Dum
1248 2741 1296 2790 in
1341 2741 1439 2792 hac
1466 2741 1571 2794 vita
1607 2757 1742 2807 sunt,

184 2828 363 2881 redde
403 2827 539 2880 mihi
568 2838 785 2895 peccata
818 2842 953 2888 mea,
995 2827 1243 2894 quoniam
1274 2826 1504 2895 ﬂagellas
1537 2847 1775 2911 omnem,

185 2912 363 2967 lilium
419 2928 583 2981 quem
635 2913 846 2981 recipis.
883 2912 989 2967 Oro
1037 2921 1109 2975 te,
1148 2913 1350 2981 ﬂagella
1385 2930 1466 2969 me
1511 2931 1742 2988 quoque,

181 3015 237 3058 et
271 3005 392 3058 noli
428 3017 517 3057 me
547 3016 829 3056 reservare
861 3017 979 3053 cum
1017 3003 1096 3054 his
1123 3003 1208 3070 qui
1253 3017 1353 3055 non
1399 3003 1741 3073 flagellantur,
1769 3034 1810 3089 ε

186 3096 279 3162 qui
308 3097 371 3147 in
409 3092 678 3145 laboribus
708 3092 967 3143 hominum
995 3106 1094 3143 non
1121 3100 1259 3154 sunt,
1295 3102 1342 3144 et
1379 3110 1492 3145 cum
1520 3097 1741 3148 homini-

184 3183 282 3232 bus
313 3194 431 3231 non
478 3176 887 3245 ﬂagellabuutur
911 3177 977 3240 ²⁰,
1030 3177 1082 3230 id
1114 3187 1214 3239 est,
1244 3180 1331 3245 qui
1361 3182 1570 3246 penitus
1591 3182 1745 3235 dere-

183 3268 523 3334 linquuntur
555 3280 582 3316 a
615 3274 683 3326 te,
717 3279 939 3332 quorum
986 3266 1402 3319 emendationem
1454 3272 1747 3336 correptio-

185 3369 436 3423 nemque
470 3368 575 3405 non
606 3354 819 3420 quaeris.
860 3352 1048 3406 Sciens
1093 3367 1221 3420 ergo
1248 3368 1365 3421 quae
1403 3355 1472 3407 sit
1500 3355 1743 3409 dill'eren-

187 3444 263 3495 tia
303 3458 440 3495 cunt
478 3441 779 3508 ﬂagellatur
802 3448 1050 3507 peccator
1082 3441 1146 3506 ab
1175 3455 1237 3492 eo
1265 3442 1352 3507 qui
1377 3442 1606 3509 ﬂagellat
1632 3460 1742 3497 ont—

192 3547 308 3584 nem
357 3531 542 3598 ﬁliam
590 3544 740 3598 quem
794 3530 968 3595 recipit
997 3531 1061 3593 '1,
1097 3537 1150 3582 et
1199 3546 1317 3597 quae
1343 3533 1414 3586 sit
1442 3533 1741 3589 differentia

182 3621 306 3688 ejus
334 3621 433 3689 qui
481 3619 677 3685 dignus
708 3632 809 3670 non
838 3619 1060 3670 habetur
1088 3616 1321 3686 ﬂagellis,
1362 3620 1434 3672 ait
1464 3622 1530 3674 ad
1562 3622 1740 3676 Domi-

184 3727 315 3763 num
352 3729 366 3763 :
409 3710 521 3775 Ego
545 3709 597 3759 itt
632 3707 835 3775 ﬂagella
867 3718 1082 3774 paratus
1108 3722 1247 3771 sum,
1283 3709 1335 3762 id
1362 3719 1464 3774 est,
1493 3712 1535 3765 si
1566 3713 1742 3766 volue-

184 3802 262 3853 ris
292 3798 672 3867 superducere
703 3797 986 3863 languores
1020 3795 1071 3847 in
1116 3811 1217 3858 me,
1269 3799 1478 3852 mittere
1524 3801 1740 3868 aegritu-

181 3889 370 3950 dines,
411 3884 766 3937 tolerabiliter
817 3882 981 3935 feram
1028 3900 1040 3934 :
1079 3883 1192 3937 scio
1235 3885 1359 3951 quia
1410 3887 1598 3956 dignus
1624 3904 1739 3941 sum

184 3989 243 4031 ut
273 3992 387 4031 non
422 3974 598 4029 solum
624 3986 719 4041 per
761 3973 1106 4040 a‘gritudines
1144 3982 1362 4039 peccata
1390 3990 1502 4028 mea
1526 3977 1739 4029 solvan-

181 4076 295 4131 tnr,
352 4064 455 4117 sed
505 4076 604 4131 per
646 4074 836 4113 omnes
880 4058 1190 4113 atllictiones
1231 4064 1445 4130 purgari
1476 4065 1736 4131 desidero,

182 4165 406 4209 tantum
443 4162 504 4205 ut
535 4150 755 4205 aeternis
783 4149 956 4216 panis
985 4159 1039 4201 et
1083 4152 1410 4205 cruciatibus
1434 4167 1539 4207 non
1569 4169 1740 4209 reser-

183 4258 305 4297 ver.
351 4242 417 4296 Si
469 4240 650 4307 placet
694 4236 892 4289 inferre
921 4236 1132 4299 damna,
1174 4238 1443 4302 sustineo;
1493 4242 1534 4292 si
1565 4242 1737 4307 placet

1850 1874 1990 1924 cum,
2017 1862 2100 1913 cui
2139 1862 2331 1914 debeas
2377 1877 2591 1915 causam
2643 1864 2910 1931 languoris
2954 1879 3238 1933 exponere,
3282 1870 3375 1936 qui

1849 1950 1983 2003 sciat
2031 1950 2285 2002 inﬁrmari
2334 1964 2455 2003 cum
2503 1951 2823 2015 inﬁrmante,
2871 1952 2996 2008 ﬂere
3029 1970 3146 2008 cum
3193 1955 3373 2021 ﬂente,

1848 2037 1937 2104 qui
1971 2038 2284 2091 condolendi
2307 2048 2359 2091 et
2385 2041 2736 2106 compatiendi
2768 2043 2978 2094 noverit
3006 2043 3371 2110 disciplinam:

1851 2134 1904 2176 ut
1934 2126 2007 2176 ita
2042 2126 2247 2177 demum
2298 2126 2340 2178 si
2373 2126 2498 2194 quid
2548 2127 2636 2181 ille
2664 2128 2880 2191 dixerit,
2928 2132 3018 2197 qui
3054 2145 3111 2184 se
3149 2132 3293 2198 prius
3319 2143 3372 2186 et

1849 2214 2107 2266 eruditum
2143 2213 2400 2266 medicum
2449 2216 2733 2269 ostemlerit
2772 2226 2825 2270 et.
2855 2217 3274 2282 misericordem,
3325 2222 3371 2273 si

1847 2302 1971 2369 quid
2001 2302 2205 2355 consilii
2236 2303 2456 2368 dederit,
2492 2303 2673 2365 facias,
2721 2314 2773 2357 et
2800 2306 3059 2372 sequaris,
3089 2309 3131 2359 si
3162 2306 3372 2360 itelle—

1847 2387 1985 2440 xerit
2030 2396 2085 2440 et
2137 2387 2435 2454 praeviderit
2491 2388 2646 2441 talem
2692 2404 2809 2444 esse
2865 2390 3171 2460 languorem
3219 2398 3368 2445 tuum

1847 2476 1933 2541 qui
1965 2475 2016 2528 in
2047 2486 2304 2529 conventu
2355 2477 2514 2530 totius
2544 2476 2792 2531 Ecclesia:
2841 2480 3031 2545 exponi
3078 2479 3264 2533 debeat
3312 2491 3370 2535 et

1846 2565 2042 2624 curari,
2068 2578 2130 2616 ex
2163 2579 2265 2631 quo
2291 2564 2529 2618 fortassis
2552 2573 2606 2617 et
2628 2566 2804 2618 caeteri
2829 2565 3077 2619 aediﬁcari
3100 2577 3367 2634 poterunt,

1845 2662 1898 2705 et
1943 2662 1994 2705 tu
2024 2654 2133 2720 ipse
2168 2653 2319 2707 facile
2369 2654 2567 2718 sanari,
2616 2654 2777 2707 multa
2811 2655 2911 2706 hoc
2962 2656 3365 2721 deliberatione,

1845 2749 1897 2793 et
1933 2741 2062 2794 satis
2091 2742 2260 2807 perito
2304 2739 2491 2793 iucdiei
2526 2740 2664 2793 illius
2709 2742 2930 2794 consilio
2979 2744 3367 2810 procurandum

1845 2840 1942 2882 est.
2001 2830 2256 2894 Quoniam
2298 2831 2617 2900 iniquitatem
2660 2846 2823 2882 meam
2874 2846 2964 2898 ego
3005 2832 3365 2899 pronuntiabo,

1844 2927 1892 2970 et
1938 2917 2168 2984 cogitabo
2206 2932 2297 2983 pro
2345 2927 2552 2984 peccato
2597 2933 2731 2970 meo.
2791 2918 3105 2986 Quicunque
3134 2928 3367 2970 vestrum

1844 3004 2086 3058 conscius
2128 3005 2227 3058 sibi
2259 3014 2340 3057 est
2385 3005 2435 3056 in
2470 3004 2650 3070 aliquo
2694 3013 2933 3071 peccato,
2963 3014 3017 3057 et
3043 3007 3116 3057 ita
3151 3018 3372 3059 securus

1843 3102 1924 3147 est
1967 3093 2115 3160 quasi
2150 3092 2279 3145 nihil
2325 3091 2446 3144 mali
2496 3092 2701 3154 fecerit,
2733 3102 3131 3146 commoveatur
3159 3108 3224 3145 ex
3269 3094 3369 3144 hoc

1842 3197 2087 3234 sermone
2110 3182 2198 3248 qui
2234 3180 2358 3234 dicit
2392 3198 2406 3232 :
2439 3180 2684 3247 Cogitabo
2725 3196 2819 3248 pro
2866 3192 3069 3247 peccato
3099 3197 3228 3233 meo.
3267 3180 3370 3233 Bo-

1843 3285 1966 3321 num
1996 3278 2078 3321 est
2108 3282 2226 3320 eum
2258 3268 2346 3334 qui
2379 3267 2637 3334 delinquit
2664 3283 2768 3320 non
2800 3282 2920 3321 esse
2964 3282 3235 3332 securum,
3269 3282 3369 3321 nec

1844 3356 1984 3409 velut
2009 3358 2097 3424 qui
2127 3355 2256 3408 nihil
2282 3356 2584 3422 deliquerit,
2614 3356 2809 3408 nullam
2835 3356 3242 3410 sollicitudinem
3272 3371 3366 3424 ge-

1844 3461 1980 3509 rere,
2031 3460 2126 3499 nec
2177 3445 2412 3512 cogitare
2463 3443 2726 3510 quomodo
2772 3443 2941 3509 possit
2985 3457 3139 3495 suum
3189 3443 3366 3498 delere

1843 3543 2136 3600 peccatum.
2180 3531 2235 3583 Si
2268 3532 2317 3582 in
2347 3542 2571 3597 corpore
2591 3538 2682 3581 tuo
2710 3528 2913 3581 macula
2943 3528 3118 3596 aliqua
3146 3530 3228 3582 vel
3255 3530 3366 3581 vul-

1842 3634 1940 3672 nus
1972 3619 2194 3679 oriatur,
2242 3626 2332 3669 aut
2376 3630 2441 3667 ex
2485 3613 2758 3667 collisione
2802 3613 2975 3681 aliqua
3024 3615 3362 3678 intumescat,

1840 3708 2096 3762 sollicitus
2129 3720 2187 3759 es
2223 3714 2279 3758 et
2326 3703 2586 3771 perquiris
2637 3703 2763 3770 quid
2813 3716 2952 3754 cura:
2984 3702 3178 3756 debeat
3211 3706 3364 3759 adhi-

1840 3797 1974 3856 beri,
2025 3793 2290 3862 quomodo
2334 3792 2545 3859 corpori
2594 3791 2797 3844 sanitas
2830 3790 3044 3857 antiqua
3092 3791 3365 3846 reddatur.

1841 3885 1896 3938 Si
1929 3884 2067 3935 circa
2090 3881 2269 3935 oculos
2300 3895 2358 3934 se
2383 3881 2571 3947 aliquis
2600 3864 2831 3953 acerbus,
2867 3878 3058 3931 humor
3089 3879 3363 3941 infuderit,

1838 3971 2095 4025 sollicitus
2139 3976 2318 4031 es,'et
2358 3967 2627 4036 perquiris
2672 3967 2935 4034 quomodo
2975 3982 3262 4022 succurras
3315 3983 3368 4019 et

1840 4057 2131 4126 prmvenias
2176 4054 2492 4108 caecitatem.
2549 4052 2682 4107 Cum
2725 4053 2898 4106 anima
2926 4065 3012 4106 tua
3042 4063 3289 4120 aegrotet,
3319 4069 3371 4105 et

1836 4152 2175 4211 peccatorum
2204 4138 2545 4204 languoribus
2567 4149 2840 4206 urgeatur,
2866 4152 3089 4191 securus
3116 4152 3194 4200 es,
3240 4153 3369 4190 can-

1839 4232 2030 4286 temnis
2053 4232 2352 4301 gehennam
2385 4237 2546 4297 atque
2592 4229 2732 4296 ignis
2762 4228 2948 4281 κιαι-ιιί
2983 4228 3236 4295 supplicia
3281 4228 3371 4280 de-

177 4347 382 4387 omnes
410 4329 700 4383 facultates
730 4325 925 4394 perire,
958 4325 1265 4391 depereant,
1295 4335 1498 4379 tantum
1524 4344 1591 4383 ne
1619 4331 1734 4382 ani-

1846 4320 1998 4387 spicis
2046 4327 2100 4371 et
2144 4317 2378 4370 irrides?
2421 4315 2681 4368 Judicium
2734 4313 2826 4366 Dei
2882 4313 3254 4381 parvipendis,
3318 4322 3372 4366 et

178 4437 271 4475 ma
304 4426 506 4488 pereat
560 4415 704 4482 apud
755 4422 829 4467 te.
870 4412 925 4464 Si
958 4424 1051 4479 per
1100 4420 1320 4463 mortem
1364 4412 1647 4468 cbarorum
1680 4425 1736 4470 et

178 4512 619 4580 propinquorum
652 4504 732 4555 vis
755 4516 836 4555 me
861 4498 1092 4568 purgari,
1112 4500 1408 4553 moriantur
1427 4503 1587 4555 etiam
1612 4504 1734 4571 ipsi,

177 4609 237 4652 ut
265 4608 325 4654 et
354 4597 461 4665 ipsi
484 4609 551 4647 ex
577 4591 875 4659 huiusmodi
898 4592 1120 4647 vinculis
1158 4586 1465 4655 liberentur,
1489 4591 1736 4644 auferan-

180 4700 270 4739 tur
299 4685 426 4747 fllii,
462 4683 587 4736 dum
614 4681 789 4733 adhuc
818 4682 963 4747 pueri
998 4690 1139 4743 sunt,
1164 4691 1219 4731 et
1245 4679 1296 4731 in
1328 4677 1548 4731 rudibus
1577 4680 1732 4732 annis

179 4776 346 4845 positi
411 4772 652 4827 nondum
706 4770 1039 4836 gravioribus
1105 4777 1438 4837 peccatorum
1486 4768 1733 4822 sordibus

182 4865 448 4919 maculati
497 4870 643 4915 sunt.
699 4859 955 4928 Omnibus
989 4860 1148 4927 igitur
1171 4858 1388 4924 ﬂagellis
1434 4859 1728 4923 emendari,

178 4955 580 5020 verberarique
612 4959 827 5017 paratus
853 4962 988 5007 sum,
1023 4956 1078 4999 et
1122 4947 1253 4999 nihil
1286 4947 1473 4997 horum
1521 4960 1729 5010 recuso,

180 5054 400 5099 tantum
438 5052 497 5094 ut
536 5037 796 5105 supplicia
822 5033 1003 5088 aeterni
1043 5034 1181 5100 ignis
1207 5032 1471 5098 eﬂ'ugiam.
1512 5031 1623 5100 Ego
1647 5048 1733 5086 er-

178 5150 248 5203 go
276 5135 333 5186 in
362 5113 581 5200 ﬂagella
613 5134 822 5192 paratus
852 5136 986 5181 sum,
1016 5131 1063 5172 et
1107 5120 1253 5172 dolor
1275 5134 1416 5170 meus
1444 5133 1622 5170 coram
1654 5136 1732 5172 me

178 5235 253 5277 est
280 5234 510 5285 semper.
548 5219 686 5268 Ante
709 5211 889 5264 oculos
910 5223 1053 5261 meos
1079 5207 1242 5259 habeo
1269 5203 1505 5256 dolorem
1531 5217 1727 5268 meum,

180 5322 243 5364 ut
297 5312 519 5363 futuros
570 5316 846 5372 pmnarum
893 5298 1101 5350 dolores
1145 5289 1496 5362 praesentibus
1527 5291 1725 5355 possim

178 5400 468 5453 doloribus
498 5401 864 5457 compensare.

256 5576 299 5607 ⁸⁸
324 5571 480 5626 Psal.
510 5580 677 5626 uxu,
705 5565 760 5615 2.
837 5560 879 5591 ¹⁹
908 5558 1044 5609 ῐ⁹>θι.
1066 5563 1237 5613 xxxix,
1266 5542 1323 5595 5.

470 5659 742 5733 ΒΑι-ιιοι..
787 5650 900 5709 Gn.
943 5643 1069 5704 Xll.

1400 5548 1443 5577 '°
1466 5545 1603 5599 Psal.
1633 5559 1803 5612 Lxxu,
1827 5547 1879 5601 ὃ.

1839 4415 2258 4459 commonentem
2285 4416 2335 4458 te
2358 4403 2646 4456 Ecclesiam
2670 4402 2932 4468 despicis?
2959 4401 3363 4459 Commuuicare

1839 4511 1939 4550 non
1976 4497 2128 4548 times
2151 4509 2343 4562 corpus
2364 4492 2558 4547 Christi
2588 4491 2846 4544 accedens
2866 4490 2932 4543 ad
2955 4490 3358 4555 Eucharistiam,

1839 4587 1989 4657 quasi
2030 4587 2257 4639 mumlus
2284 4591 2337 4637 et
2383 4597 2567 4652 purus,
2597 4581 2749 4647 quasi
2796 4580 2927 4633 nihil
2961 4580 3015 4633 in
3050 4592 3099 4634 te
3128 4582 3197 4633 sit
3221 4581 3358 4633 indi-

1836 4688 2025 4745 gnum,
2069 4683 2121 4725 et
2144 4673 2194 4724 in
2226 4674 2308 4724 his
2333 4671 2578 4724 omnibus
2604 4678 2758 4733 putas
2790 4668 2928 4734 quod
2964 4665 3184 4734 cﬂugias
3223 4668 3365 4735 judi-

1834 4766 1974 4818 t-itnn
2027 4761 2156 4814 Dei?
2215 4760 2326 4813 Non
2378 4758 2679 4811 recordaris
2728 4756 2854 4809 illud
2914 4756 3052 4823 quod
3105 4755 3363 4823 scriptum

1835 4863 1914 4907 est
1935 4853 2000 4913 ",
2038 4850 2158 4917 quia
2187 4845 2463 4914 Propterea
2509 4847 2563 4898 in
2617 4845 2756 4898 vobis
2787 4843 3003 4910 infirmi,
3043 4852 3091 4894 et
3112 4845 3271 4909 agri,
3314 4854 3362 4894 et

1835 4941 2094 4994 dormiunt
2120 4937 2304 4990 murti?
2328 4934 2503 5001 Quare
2527 4934 2676 4986 mttlti
2703 4932 2938 4985 inﬁrmi?
2971 4930 3227 4993 Quoniam
3255 4945 3360 4979 non

1837 5032 2040 5097 seipsos
2081 5026 2393 5093 diiudicant,
2444 5038 2615 5091 neque
2660 5022 2863 5088 seipsos
2888 5018 3213 5075 examinant,
3261 5028 3361 5066 nec

1835 5118 2132 5185 intelligunt
2157 5115 2282 5181 quid
2305 5124 2385 5167 est
2411 5111 2802 5166 communicare
2828 5104 3095 5161 Ecclesitc,
3126 5100 3202 5150 \el
3230 5099 3363 5164 quid

1835 5215 1915 5256 est
1943 5203 2195 5256 accedere
2241 5202 2306 5253 ad
2356 5211 2501 5253 tanta
2548 5209 2600 5251 et
2632 5207 2733 5248 tam
2769 5189 2960 5244 eximia
2993 5194 3360 5238 sacramenta.

1839 5291 2118 5344 Patiuntur
2150 5291 2249 5340 hoc
2292 5288 2431 5354 quod
2467 5283 2827 5337 febricitantes
2857 5270 2970 5361 pati
2991 5266 3203 5361 solent,
3236 5281 3362 5361 cum

1832 5389 2076 5429 sanorum
2109 5373 2257 5426 cibos
2306 5350 2647 5437 prtesnmunt,
2695 5351 3036 5419 sibimetipsis
3064 5350 3368 5406 inferentes

1955 5546 2002 5579 “
2022 5544 2177 5600 Prov.
2205 5553 2289 5601 ut,
2315 5538 2401 5590 12.
2469 5540 2512 5569 ³³
2532 5537 2551 5590 ι
2571 5537 2695 5590 Cor.
2723 5546 2794 5593 XI,
2816 5527 2904 5582 50.
3015 5609 3090 5667 ιώ
