3910 6268
285 366 443 420 1593

978 366 1278 423 SELECTA
1315 364 1380 417 IN
1414 363 1823 418 PSALMOS.—
1858 362 2085 417 IIOMIL.
2120 362 2143 415 Ι
2170 364 2240 417 ιΝ
2266 364 2456 419 PSAL.
2485 365 2764 421 XXXVIII.

3342 364 3470 418 £7591

272 482 485 551 lingua
533 499 667 536 mea.
707 480 868 536 Ροεκί
909 485 986 536 ori
1031 501 1139 537 meo
1187 484 1493 535 custodiam.
1543 484 1679 535 Alibi
1720 483 1833 550 qni-
1862 485 1907 541 Α
1934 479 2142 569 εἐξθιιιῐηι
2159 495 2278 536 esse
2310 483 2449 551 quod
2481 482 2642 536 dicit:
2671 483 2803 535 Dum
2835 483 3062 536 constitit
3097 493 3341 553 peccator
3375 486 3471 537 ad-

274 570 421 623 dem
444 572 1275 638 scriptumest":0mnicustodia
1288 587 1429 624 serva
1444 586 1531 623 cor
1555 581 1718 631 tuum,
1751 571 1835 624 hic

272 667 485 712 autem
529 679 544 714 :
583 660 743 713 Posui
795 661 875 715 ori
929 674 1039 711 meo
1074 660 1378 712 custodiam.
1408 659 1471 712 Et
1503 660 1688 712 iterum
1712 659 1832 713 alibi

272 749 563 815 scriptum
582 757 665 801 est
683 747 757 800 “:
783 747 928 810 Vide,
944 750 1404 815 circumducsepem
1420 750 1680 810 spinarum
1697 749 1835 801 circa

273 838 673 900 possessionem
714 847 869 888 tuam.
925 837 983 889 Et
1025 837 1210 889 iterum
1257 837 1334 889 ³¹ε
1373 836 1648 890 Pecuniam
1693 846 1834 890 tuam

269 933 327 976 et
357 924 533 993 692
558 939 744 976 aurum
776 932 919 975 tuum
951 923 1140 990 alliga,
1166 932 1215 975 et
1245 924 1324 977 ori
1353 932 1440 976 tuo
1469 924 1627 992 facito
1649 926 1834 977 ostium

270 1024 325 1068 et
348 1030 533 1067 seram
556 1054 571 1079 ,
606 1023 652 1065 et
682 1013 842 1065 verbis
870 1014 972 1063 tuis
985 1011 1170 1079 jugum
1189 1021 1235 1064 et
1261 1023 1526 1068 stateram.
1558 1014 1666 1081 Ego
1695 1016 1835 1069 arbi-

273 1112 409 1156 tror
453 1104 597 1170 quod
649 1102 954 1155 observatio
1015 1102 1201 1155 horum
1243 1106 1608 1158 mandatorum
1651 1107 1834 1159 obser-

270 1202 514 1245 vantem
543 1203 598 1245 et
626 1202 958 1247 mansuetum
989 1192 1147 1245 faciat
1184 1200 1236 1244 et
1263 1193 1468 1245 beatum
1487 1231 1505 1257 ,
1534 1209 1635 1247 non
1664 1196 1831 1249 solum

269 1294 475 1333 rerum
505 1282 687 1335 exitus
707 1322 720 1345 ,
756 1298 940 1336 verum
968 1284 1130 1336 etiam
1160 1285 1271 1350 ipsa
1311 1283 1667 1336 observantia.
1699 1286 1830 1338 Dum

267 1368 438 1420 enim
470 1382 685 1436 semper
708 1371 955 1423 observat
981 1384 1042 1425 os
1066 1386 1249 1436 suum,
1294 1381 1346 1424 et
1384 1371 1616 1440 linguam
1653 1382 1834 1427 custo-

269 1455 386 1518 dit,
437 1470 507 1509 ne
554 1457 704 1523 prius
749 1472 1047 1511 sermonem
1087 1459 1319 1526 proferat
1361 1473 1518 1526 quam
1561 1459 1830 1526 discutiat,

268 1552 332 1597 et
367 1553 675 1612 pertractet
710 1545 847 1611 apud
880 1546 1222 1615 semetipsum
1269 1546 1312 1600 si
1340 1556 1579 1614 oporteat
1617 1547 1751 1615 dici,
1788 1551 1831 1605 si

275 1648 480 1686 sermo
512 1634 635 1686 talis
657 1643 738 1687 est
767 1635 855 1701 qui
889 1635 1079 1688 debeat
1110 1635 1365 1703 proferri,
1393 1636 1436 1689 si
1466 1649 1689 1705 persona
1714 1638 1833 1692 talis

268 1732 367 1775 est
392 1737 523 1790 qua:
565 1732 658 1775 aut
697 1723 923 1785 debeat,
960 1733 1048 1776 aut
1080 1724 1245 1791 possit
1284 1725 1499 1791 audire,
1543 1728 1584 1780 si
1628 1736 1831 1795 tempus

271 1819 664 1879 opportunum
698 1820 779 1864 est
802 1811 1107 1878 proferendi
1135 1813 1432 1867 sermonis:
1479 1815 1602 1866 dum
1629 1816 1831 1885 singula

268 1898 384 1950 ista
408 1896 701 1965 perpendit
721 1935 736 1957 ,
760 1898 1060 1950 excluditur
1080 1901 1254 1951 omnis
1279 1900 1544 1954 iracundia
1569 1912 1619 1956 et
1657 1904 1833 1967 timor,

268 1993 332 2038 et
363 1985 661 2039 inconsulti
692 1984 886 2039 furoris
930 1986 1157 2052 impetus
1200 1988 1469 2057 mitigatur
1490 2031 1504 2053 ,
1535 2000 1692 2060 atque
1723 2007 1835 2045 om-

268 2087 408 2125 nem
435 2073 657 2141 penitus
686 2072 1116 2126 deliberationem
1162 2073 1283 2127 talis
1324 2075 1619 2139 abscindit;
1660 2087 1713 2132 et
1762 2080 1833 2133 ita

271 2161 505 2214 demum
556 2162 702 2214 velut
733 2177 796 2215 ex
827 2163 1211 2228 tranquillitate
1236 2165 1463 2232 quadam
1511 2176 1563 2219 et
1603 2168 1828 2222 convicti

270 2251 455 2304 animi
504 2266 601 2318 per
640 2251 1101 2306 mansuetudinem
1139 2266 1315 2305 sermo
1354 2255 1674 2320 procedens,
1712 2271 1834 2324 pro-

236 2337 594 2400 _fercntibus
647 2339 875 2407 gratiam
921 2347 1136 2407 praestat
1179 2347 1232 2392 et
1287 2340 1622 2397 audientibus
1669 2346 1834 2399 medi-

268 2428 493 2481 cinam.

345 2515 407 2569 4.
444 2515 649 2569 Verum
689 2515 937 2581 quoniam
974 2515 1025 2568 in
1060 2515 1148 2569 illo
1175 2517 1405 2571 maxime
1441 2526 1679 2586 tempore
1711 2536 1833 2589 pec-

271 2617 506 2667 camus,
541 2602 757 2669 quando
798 2609 1049 2668 peccator
1092 2605 1342 2658 consistit
1391 2606 1666 2659 adversnm
1712 2623 1828 2673 nos,

272 2691 558 2758 instigans
585 2698 641 2743 et
667 2703 962 2758 provocans
994 2698 1053 2743 ut
1077 2690 1273 2758 aliquid
1300 2691 1403 2745 tale
1431 2695 1735 2748 emittamus
1764 2712 1828 2750 ex

268 2794 402 2843 ore,
449 2779 509 2831 in
563 2792 670 2845 quo
708 2776 783 2829 rei
821 2786 1099 2831 teneamur
1149 2778 1199 2830 in
1238 2777 1417 2833 futuro
1459 2780 1690 2849 judicio,
1729 2783 1829 2838 hoc

272 2866 608 2921 describens
650 2872 870 2918 sanctus
905 2863 1168 2932 Propheta
1211 2865 1374 2920 dicit:
1426 2867 1561 2920 Dum
1599 2872 1827 2923 constitit

270 2962 532 3020 peccator
569 2955 841 3006 adversum
869 2969 981 3017 me,
1026 2954 1256 3006 obmutui
1282 2963 1328 3006 et
1363 2957 1687 3012 humilitatus
1714 2975 1828 3012 sum

267 3055 318 3096 et
349 3044 487 3097 silui
532 3060 564 3095 a
593 3044 759 3095 bonis.
800 3042 856 3094 Si
902 3041 1114 3110 quando
1148 3054 1399 3111 peccator
1443 3047 1614 3101 astitit
1646 3049 1828 3103 adver—
1852 3071 1896 3131 ρ

269 3149 392 3186 sum
421 3146 517 3186 me
541 3140 595 3184 et
639 3131 953 3199 laquebatur
989 3131 1053 3183 de
1091 3146 1175 3182 me
1210 3133 1376 3197 male,
1411 3146 1464 3188 et
1492 3138 1824 3193 obtrectabat

267 3228 439 3288 atque
472 3216 726 3271 irritabat
763 3229 850 3269 me
879 3226 935 3268 ut
959 3215 1151 3268 similia
1185 3218 1231 3269 ei
1265 3221 1539 3274 redderem
1561 3262 1577 3285 ,
1597 3233 1650 3276 et
1677 3225 1822 3291 paria

268 3309 339 3362 de
364 3322 496 3361 meo
520 3320 619 3360 ore
644 3304 934 3373 proferrem
954 3343 968 3367 ,
998 3318 1095 3372 ego
1116 3305 1167 3357 in
1186 3305 1274 3359 illo
1297 3315 1533 3376 tempore
1555 3310 1818 3366 silentium

270 3396 591 3450 meditabar
609 3432 624 3457 ,
654 3402 710 3447 ut
735 3393 862 3446 nihil
885 3394 1090 3460 penitus
1118 3396 1512 3463 responderem.
1537 3397 1822 3467 Propterea

267 3499 403 3554 ergo
451 3483 625 3537 dicit:
667 3482 802 3533 Dum
849 3484 1077 3535 constitit
1115 3493 1352 3550 peccator
1402 3486 1672 3539 adversum
1721 3505 1820 3553 me,

266 3561 520 3626 obmutui
561 3578 610 3623 et
654 3570 977 3621 humilitatus
1025 3585 1141 3622 sum
1188 3580 1237 3625 et
1281 3572 1405 3625 silui
1442 3588 1474 3624 a
1517 3574 1679 3628 bonis.
1719 3575 1822 3630 Nos

268 3677 402 3715 vero
436 3659 737 3726 aliquando
784 3659 827 3712 si
863 3658 1106 3713 nolumus
1145 3659 1447 3724 humiliari,
1478 3661 1581 3715 alia
1612 3664 1817 3731 cogita-

266 3765 392 3803 mus
423 3758 485 3803 et
523 3747 752 3801 dicimus
783 3748 919 3814 apud
965 3746 1344 3816 nosmetipsos:
1381 3748 1514 3813 Quid
1562 3750 1663 3804 hoc
1704 3752 1820 3805 est?

269 3840 379 3892 Iste
415 3850 513 3890 me
546 3835 869 3903 contemptui
912 3835 1099 3888 habuit
1138 3844 1192 3889 et
1227 3851 1387 3891 ausus
1412 3845 1495 3891 est
1521 3838 1644 3892 talia
1676 3840 1726 3892 in
1759 3855 1821 3895 os

267 3926 570 3993 ingerere,
606 3931 661 3976 et
696 3921 768 3974 ita
801 3923 1082 3977 adversum
1118 3936 1200 3976 me
1244 3936 1456 3976 movere
1499 3937 1819 3990 sermonem,

267 4027 459 4066 nonne
494 4020 551 4064 et
568 4024 669 4078 ego
698 4011 820 4065 huic
847 4010 1039 4064 similia
1059 4051 1074 4077 ,
1098 4021 1188 4066 aut
1214 4012 1373 4066 etiam
1402 4014 1649 4081 graviora
1688 4015 1823 4069 infe-

264 4117 386 4156 ram
409 4141 428 4166 ,
454 4109 521 4153 ut
548 4110 603 4153 et
631 4101 741 4167 ipse
762 4101 943 4154 audiat
965 4099 1141 4167 pejora
1164 4117 1318 4169 quam
1337 4103 1502 4157 dixit?
1525 4104 1628 4159 Sed
1650 4105 1822 4172 justus

266 4204 378 4243 non
406 4190 490 4242 ita
525 4188 664 4253 agit,
693 4188 819 4253 quin
850 4188 1029 4254 potius
1056 4187 1300 4240 humiliat
1330 4203 1386 4242 se
1408 4226 1423 4252 ,
1453 4190 1662 4244 etiamsi
1702 4206 1820 4244 ser-

264 4292 371 4331 vus
401 4278 482 4329 sit
519 4275 607 4327 ille
637 4275 726 4340 qui
772 4274 1039 4327 obtrectat
1091 4283 1143 4326 ct
1195 4275 1430 4329 convicia
1467 4277 1693 4344 ingerit,
1730 4289 1820 4332 aut

1931 585 2126 623 versum
2156 586 2234 622 me
2254 610 2270 634 ,
2302 570 2532 622 obmutui
2560 582 2608 624 et
2634 571 2939 625 humiliatus
2963 588 3075 625 sum
3103 582 3149 625 et
3168 573 3293 626 silui
3329 588 3364 627 α
3382 574 3470 625 bo-
3528 626 3535 633 ,

1934 658 2054 710 nts?
2077 666 2167 711 aut
2195 657 2463 725 profectus
2496 659 2706 726 quidem
2732 669 2843 727 est,
2878 662 3109 714 nondum
3139 670 3315 716 tamen
3351 674 3469 730 per-

1878 734 1891 747 ’
1933 744 2110 800 lectio.
2136 745 2260 797 Tria
2290 760 2517 812 namque
2544 746 2597 799 in
2630 747 2732 800 hoc
2762 746 2880 801 loco
2909 748 2975 801 de
3012 747 3306 817 Scripturis
3338 758 3468 818 puto

1931 845 2086 899 posse
2106 833 2395 902 assignari,
2428 836 2479 887 in
2512 848 2618 902 quo
2646 834 2774 889 dicit
2804 842 2948 888 stare
2987 843 3324 903 peccatorem
3373 836 3469 888 ad-

1933 935 2141 973 versum
2169 936 2258 985 se,
2292 930 2344 976 et
2374 922 2513 991 loqui
2553 924 2605 976 in
2650 923 2865 977 auribus
2887 924 2996 978 suis
3025 937 3086 976 ea
3110 926 3303 993 quibus
3339 924 3466 978 irri-

1933 1011 2031 1063 tari
2067 1023 2121 1064 et
2159 1013 2469 1067 exacerbari
2516 1014 2685 1082 possit
2729 1017 2793 1067 ad
2845 1013 3271 1067 retribuendum.
3311 1014 3379 1068 Et
3419 1013 3465 1066 si

1931 1101 2142 1169 quidem
2177 1116 2274 1172 ego
2324 1117 2520 1171 parvus
2562 1118 2708 1165 sum,
2743 1101 2968 1166 similia,
3014 1109 3067 1155 et
3114 1100 3324 1155 oculum
3361 1116 3459 1170 pro

1930 1190 2083 1255 oculo
2112 1194 2363 1258 requiro,
2394 1192 2605 1246 dentem
2637 1206 2730 1259 pro
2754 1191 2912 1245 dente
2934 1230 2949 1255 ,
2978 1200 3033 1245 et
3058 1190 3334 1245 maledicta
3364 1206 3460 1259 pro

1931 1278 2225 1332 maledictis
2254 1294 2469 1347 repono.
2500 1280 2556 1333 Si
2582 1295 2706 1334 vero
2729 1281 2838 1349 jam
2869 1281 3195 1348 aliquantum
3230 1278 3457 1348 proieci,

1931 1366 2159 1419 nondum
2187 1376 2359 1421 tamen
2386 1368 2647 1436 perlectus
2675 1385 2787 1421 sum
2808 1412 2822 1435 ,
2851 1377 2905 1422 et
2928 1379 3074 1424 taceo
3101 1378 3155 1423 et
3194 1370 3307 1423 fero
3339 1383 3465 1423 con-

1927 1454 2062 1508 vicia
2083 1456 2371 1524 patienter,
2418 1472 2516 1511 nec
2556 1457 2843 1524 quidquam
2885 1459 3104 1511 omnino
3143 1444 3459 1525 respondeo.

1932 1543 1987 1598 Si
2022 1559 2146 1599 vero
2188 1547 2287 1599 sim
2322 1546 2623 1614 perfectus,
2670 1564 2774 1600 non
2803 1556 2980 1612 taceo,
3017 1549 3110 1601 sed
3144 1562 3263 1601 cum
3298 1546 3461 1600 male-

1932 1634 2108 1697 dicor,
2136 1631 2391 1685 benedice
2415 1672 2430 1698 ,
2460 1634 2603 1687 sicut
2631 1644 2683 1687 et
2714 1632 2911 1687 Paulus
2945 1633 3154 1687 dicebat
3181 1633 3258 1688 ”:
3296 1631 3463 1685 Male-

1931 1721 2152 1772 dicimur
2196 1728 2242 1772 et
2290 1720 2669 1786 benedicimus,
2708 1722 3104 1788 persecutionem
3156 1722 3382 1789 patimur
3413 1732 3461 1773 et

1934 1808 2279 1872 sustinemus,
2327 1807 2659 1871 blasphemati
2704 1810 3058 1875 deprecamur.
3102 1809 3167 1863 Et
3208 1812 3458 1878 quoniam

1934 1896 2022 1963 qui
2043 1895 2153 1947 haec
2182 1904 2364 1962 agunt,
2385 1894 2435 1948 id
2463 1904 2563 1959 est,
2581 1897 2668 1963 qui
2694 1911 2789 1963 pro
2806 1897 3266 1950 maledictionibus
3296 1898 3459 1952 bene-

1933 1982 2189 2035 dictiones
2208 1984 2431 2035 reddunt
2456 2021 2471 2046 ,
2494 1984 2583 2051 qui
2608 1999 2702 2051 pro
2723 1984 3063 2050 blasphemiis
3087 1986 3459 2053 deprecantur,

1931 2069 2174 2123 videntur
2219 2069 2522 2124 hominibus
2555 2072 2719 2123 velut
2755 2073 2986 2139 pecudes
3012 2081 3066 2126 et
3089 2083 3467 2143 purgamenta,

1935 2167 2181 2225 tanquam
2213 2159 2302 2223 qui
2326 2173 2539 2213 sensum
2568 2159 2774 2228 injuria:
2802 2175 2904 2223 non
2927 2162 3156 2225 habent,
3179 2171 3459 2230 propterea

1930 2260 2054 2314 ergo
2088 2245 2288 2298 addidit
2318 2246 2501 2300 dicens
2528 2246 2607 2298 ’δε
2635 2245 2901 2315 Tanquam
2928 2260 3264 2317 purgamenta
3303 2250 3459 2315 huius

1930 2336 2108 2387 mundi
2138 2336 2265 2401 facti
2299 2351 2476 2388 sumus
2509 2336 2737 2388 omnium
2764 2336 3066 2403 peripsema.
3113 2337 3218 2392 Sed
3242 2353 3337 2392 nos
3365 2353 3467 2393 no-

1929 2423 2102 2477 lumns
2124 2438 2245 2475 cum
2269 2425 2527 2492 apostolis
2553 2433 2901 2491 purgamenta
2926 2423 3085 2489 hujus
3108 2427 3287 2479 mundi
3321 2427 3458 2492 ﬁeri,

1928 2516 2019 2564 sed
2046 2511 2286 2565 volumus
2321 2527 2422 2564 non
2451 2512 2716 2566 contemni
2752 2512 2818 2567 ab
2851 2512 3186 2580 hominibus,
3219 2516 3327 2570 imo
3359 2532 3458 2584 po-

1929 2601 2031 2654 tius
2052 2611 2104 2654 et
2130 2600 2321 2664 timeri,
2341 2610 2393 2654 et
2416 2600 2544 2655 satis
2562 2600 2764 2668 agimus
2786 2600 3006 2655 reddere
3028 2602 3108 2656 his
3129 2604 3215 2670 qui
3243 2604 3472 2670 laedunt,

1927 2700 1979 2743 et
2007 2691 2302 2758 praevenire
2331 2690 2617 2742 vindictam
2659 2705 2817 2759 quam
2857 2691 2956 2745 sibi
2998 2690 3251 2746 Dominus
3284 2708 3458 2747 reser-

1927 2779 2066 2830 vavit
2099 2777 2374 2832 dicens”:
2413 2777 2542 2831 Mihi
2591 2778 2848 2843 vindicta,
2883 2795 2974 2848 ego
3004 2780 3306 2846 retribuam,
3333 2782 3459 2835 dicit

1927 2866 2196 2918 Dominus.
2226 2867 2424 2919 Verum
2457 2866 2499 2919 si
2537 2880 2640 2918 non
2672 2879 2953 2934 possumus
2994 2868 3045 2921 in
3085 2876 3292 2921 tantum
3333 2884 3458 2938 pro-

1926 2954 2080 3006 licere
2102 2991 2116 3016 ,
2158 2963 2213 3007 et
2243 2954 2308 3006 ad
2340 2952 2481 3006 istud
2526 2953 2735 3009 culmen
2774 2954 3016 3009 veritatis
3046 2958 3371 3020 ascendere,
3401 2967 3460 3009 ut

1926 3041 2166 3093 dicamus
2198 3055 2317 3094 cum
2357 3041 2553 3095 Paulo:
2598 3042 2964 3096 Ila/edicimur
3005 3053 3051 3097 et
3093 3046 3457 3107 benedicimus,

1924 3128 2319 3193 persecutionem
2372 3131 2600 3196 patimur
2639 3139 2686 3182 et
2725 3132 3068 3196 sustinemus,
3114 3133 3453 3201 blasphemati

1925 3216 2277 3282 deprecamur,
2302 3217 2385 3269 vel
2409 3219 2507 3270 hoc
2545 3220 2685 3286 quod
2713 3220 2889 3274 adhuc
2915 3237 3010 3290 per
3025 3218 3341 3288 Prophetam
3362 3222 3461 3274 do-

1926 3318 2141 3367 cemur,
2174 3305 2444 3359 dicamus:
2484 3305 2615 3358 Dum
2652 3309 2880 3360 constitit
2918 3319 3155 3374 peccator
3183 3310 3454 3362 adversum

1927 3408 2022 3452 me,
2048 3394 2277 3445 obmutui
2300 3404 2345 3445 et
2374 3396 2675 3446 humiliatus
2701 3411 2813 3447 sum
2837 3434 2851 3459 ,
2884 3405 2933 3448 et
2960 3397 3083 3448 silui
3105 3413 3134 3448 a
3162 3398 3323 3449 bonis.

1994 3477 2046 3529 5.
2075 3479 2140 3531 Et
2165 3478 2291 3546 quid
2309 3481 2514 3532 addidit
2548 3479 2671 3531 bis?
2701 3478 2765 3531 Et
2798 3480 2965 3545 dolor,
2993 3481 3181 3549 inquit,
3211 3498 3351 3535 meus
3383 3499 3459 3536 re-

1929 3578 2140 3622 novatus
2160 3578 2256 3622 est.
2293 3569 2353 3622 lli
2379 3569 2465 3636 qui
2496 3571 2546 3620 in
2571 3571 2756 3635 agonis
2777 3571 3068 3623 certamine
3092 3572 3288 3625 mutuis
3316 3572 3455 3624 inter

1928 3672 1986 3711 sc
2010 3657 2319 3712 verberibus
2346 3666 2539 3725 agunt,
2568 3658 2619 3710 in
2663 3658 2745 3712 his
2793 3671 3003 3725 semper
3034 3671 3332 3726 prmparare
3358 3673 3452 3712 co-

1926 3755 2153 3812 nantur,
2191 3753 2249 3799 ut
2288 3745 2433 3799 illata
2456 3745 2558 3799 sibi
2585 3747 2651 3799 ab
2684 3745 3007 3799 adversariis
3041 3746 3265 3798 verbera
3295 3744 3451 3798 forti-

1927 3846 2008 3890 ter
2033 3836 2235 3900 l‘erant,
2269 3849 2368 3888 nec
2394 3848 2611 3889 sensum
2644 3835 2841 3889 doloris
2868 3835 3163 3901 accipiant,
3187 3844 3243 3887 et
3275 3845 3356 3888 est
3376 3835 3455 3888 eis

1925 3938 2128 3978 summa
2155 3923 2358 3977 virtus:
2388 3923 2711 3977 lacertorum
2740 3922 2876 3977 ictus
2897 3923 2976 3975 vel
3001 3923 3222 3976 calcium
3250 3923 3454 3991 absque

1924 4013 2105 4066 dolore
2142 4013 2430 4081 suscipere.
2465 4011 2524 4065 In
2555 4011 2747 4079 quibus
2778 4010 2865 4065 ille
2893 4019 2971 4064 est
3000 4009 3322 4078 perfectior,
3355 4014 3449 4086 qui

1926 4103 1991 4154 ad
2029 4101 2191 4155 ictum
2218 4100 2456 4155 vulneris
2482 4138 2498 4163 ,
2530 4100 2733 4153 nullum
2776 4101 2964 4168 recipit
2997 4099 3270 4153 stimulum
3303 4089 3472 4152 dolo--

1927 4190 2019 4244 ris.
2042 4189 2313 4244 Secundus
2341 4203 2467 4243 vero
2492 4196 2574 4241 est
2604 4189 2649 4241 is
2677 4188 2766 4256 qui
2797 4188 2941 4241 dolet
2963 4189 3199 4256 quidem,
3233 4187 3327 4241 sed
3352 4201 3448 4240 ne-

1925 4292 2186 4345 quaquam
2229 4276 2496 4330 doloribus
2551 4276 2712 4328 ccdit.
2770 4274 2899 4329 Tale
2952 4275 3151 4344 aliquid
3207 4275 3451 4343 intelligo

264 4366 311 4419 si
359 4362 596 4418 humilis
641 4371 694 4412 et
736 4371 985 4428 peccator
1027 4362 1095 4414 sit
1135 4370 1188 4414 et
1227 4362 1489 4430 indignus.
1518 4363 1608 4418 Ille
1657 4366 1817 4419 dicit:
1852 4359 1895 4413 Ι)
1921 4366 2080 4418 etiam
2119 4364 2173 4417 in
2218 4365 2368 4419 nobis
2392 4404 2407 4429 ,
2436 4379 2556 4418 cum
2582 4361 2980 4429 maledicimur,
3008 4373 3063 4418 et
3103 4363 3312 4417 assistit
3355 4366 3451 4417 ad-

265 4455 410 4509 Dum
443 4451 681 4506 constitit
702 4462 939 4516 peccator
961 4449 1230 4502 aduersum
1262 4466 1359 4514 me,
1394 4452 1621 4504 obmutui
1651 4464 1697 4506 et
1724 4455 1821 4506 Itu-

265 4546 514 4597 sniliatus
556 4557 672 4593 sum
702 4550 748 4593 et
794 4540 916 4591 silui
959 4555 990 4590 a
1037 4539 1199 4591 bonis.
1238 4537 1351 4591 Non
1390 4539 1520 4591 dixit
1561 4556 1575 4591 :
1617 4552 1673 4595 et
1702 4543 1823 4595 silui

268 4630 688 4692 tantummodo,
714 4628 805 4680 scd
826 4645 856 4679 a
881 4627 1023 4680 bonis
1046 4627 1202 4690 silui;
1230 4627 1279 4679 in
1305 4641 1409 4695 quo
1431 4631 1661 4683 ostendit
1682 4633 1821 4698 quod

265 4736 392 4774 cum
424 4722 542 4776 sint
574 4719 629 4771 in
670 4732 755 4770 me
786 4718 955 4779 bona,
999 4726 1053 4770 et
1080 4718 1305 4769 edoctus
1348 4724 1506 4781 atque
1550 4717 1823 4773 institutus

266 4812 371 4862 sint
401 4809 564 4862 bonis
591 4805 925 4874 dogmatibus
967 4815 1126 4872 atque
1165 4803 1460 4869 disciplinis
1479 4841 1497 4868 ,
1524 4815 1579 4858 et
1616 4808 1816 4875 possint

266 4899 443 4951 etiam
474 4902 701 4949 caeteros
729 4894 920 4947 docere
956 4908 1071 4960 quze
1096 4894 1229 4947 bona
1254 4902 1408 4958 sunt,
1445 4905 1621 4952 tamen
1667 4898 1722 4951 in
1751 4913 1818 4953 eo

270 4996 525 5054 tempore
545 4997 650 5050 quo
678 4991 925 5050 peccator
948 4980 1148 5034 assistit
1175 4979 1456 5034 adversum
1494 5000 1580 5039 me
1606 4994 1659 5039 et
1687 5001 1816 5041 con-

269 5075 432 5128 viciis
465 5069 682 5123 lacessit
707 5084 767 5122 ac
787 5068 975 5136 jurgiis
996 5105 1011 5129 ,
1043 5082 1137 5133 ego
1155 5067 1316 5118 etiam
1349 5068 1487 5139 bona
1511 5072 1677 5124 verba
1700 5087 1817 5126 mea

218 5210 221 5213 _
266 5162 506 5215 cohibeo
530 5167 585 5211 et
612 5158 839 5225 reprimo
864 5174 877 5207 :
914 5171 977 5207 ne
1002 5155 1080 5206 vel
1107 5152 1180 5204 illi
1215 5150 1384 5217 ignem
1418 5167 1535 5208 sua:
1560 5160 1817 5223 perditio-

206 5232 233 5301 ί
269 5249 355 5304 nis
385 5246 714 5302 inﬂamment
737 5283 751 5307 ,
777 5245 896 5297 dum
931 5258 1026 5296 non
1046 5245 1220 5308 potest
1248 5237 1443 5302 pariter
1470 5256 1670 5307 parere
1699 5263 1816 5301 ma-

267 5337 335 5392 lis
354 5375 373 5401 ,
403 5346 462 5390 et
484 5334 792 5401 conspicere
821 5336 952 5384 bona
972 5370 987 5393 ,
1020 5330 1091 5382 vel
1118 5338 1425 5378 sermonum
1459 5343 1708 5386 meorum
1738 5335 1816 5388 fa-

268 5426 413 5478 ciam
447 5421 842 5476 detrimentum.
866 5418 993 5480 Quid
1018 5427 1142 5479 ergo
1161 5411 1186 5460 ἶ)
1235 5409 1346 5466 Iloc
1374 5415 1660 5471 videbitur
1693 5435 1815 5489 per.

338 5594 384 5624 ﬂ
411 5594 571 5647 Prov.
605 5605 677 5653 tv,
711 5588 792 5641 53.
861 5588 898 5619 ³⁸
924 5582 1068 5638 Eccli.
1101 5590 1303 5645 xxvm,
1331 5582 1417 5637 28.
1499 5588 1545 5620 ³¹
1577 5592 1710 5648 ibid.
1732 5597 1821 5654 29.

1924 4467 2132 4505 versum
2175 4466 2271 4507 nos
2312 4453 2680 4521 antagonista,
2708 4451 2753 4506 si
2782 4451 2994 4518 quidem
3042 4451 3178 4504 bene
3223 4451 3450 4505 instituti

1922 4555 2137 4607 sumus,
2181 4550 2236 4594 et
2276 4542 2452 4595 animo
2493 4541 2646 4611 longa
2697 4542 3041 4595 meditatione
3088 4541 3365 4602 roborati,
3395 4541 3451 4593 iu

1925 4629 2067 4682 nullo
2094 4629 2302 4697 penitus
2327 4644 2392 4683 ex
2417 4630 2578 4683 illatis
2606 4629 2897 4684 maledictis
2919 4630 3005 4683 vel
3027 4628 3287 4683 conviciis
3323 4642 3453 4683 con-

1925 4716 2230 4780 tristamur,
2256 4718 2350 4771 sed
2389 4732 2573 4771 sumus
2600 4732 2699 4785 pro
2723 4719 2885 4771 nimia
2915 4717 3112 4771 mentis
3149 4716 3451 4770 constantia

1923 4818 1985 4855 ac
2035 4803 2290 4869 patientia
2333 4804 2476 4859 velut
2515 4820 2671 4860 sensu
2708 4805 2906 4859 doloris
2950 4812 3196 4861 carentes
3221 4841 3236 4866 ,
3268 4814 3322 4856 et
3358 4815 3453 4869 per

1922 4892 2138 4943 multam
2166 4893 2612 4946 mansuetudinem
2635 4933 2650 4956 ,
2682 4903 2741 4946 ut
2767 4895 2992 4947 audeam
3026 4891 3096 4943 ita
3146 4891 3449 4950 nominare,

1922 4982 2063 5035 velut
2106 4982 2399 5036 imitatores
2440 4983 2697 5038 ellicitnur
2726 4979 3111 5050 quodammodo
3151 4976 3284 5028 Dei:
3318 4976 3457 5026 Deus

1923 5075 2064 5127 enim
2113 5074 2444 5128 maledicitur
2499 5079 2566 5129 ab
2608 5073 2907 5132 haereticis,
2939 5064 3345 5131 blasphematur
3393 5061 3460 5112 ab

1921 5163 2004 5216 bis
2031 5164 2120 5232 qui
2156 5163 2538 5231 providentiam
2568 5162 2682 5228 ejus
2712 5165 2945 5226 negant,
2988 5150 3235 5213 culpatur
3274 5146 3346 5199 ab
3378 5147 3465 5200 his

1920 5251 2010 5319 qui
2045 5253 2321 5305 thesauros
2353 5251 2626 5320 sapientiae
2655 5248 2766 5314 ejus
2795 5243 3070 5325 ignorant:
3089 5241 3151 5325 et
3181 5232 3272 5285 die
3311 5234 3468 5325 mihi,

1918 5318 2157 5407 nunquid
2186 5346 2340 5407 potes
2367 5318 2467 5390 hoc
2495 5336 2728 5404 cogitare
2746 5371 2759 5394 ι
2784 5324 2931 5397 «ιιιοά
2962 5334 3058 5414 ιξτθ
3089 5318 3175 5414 “1'
3203 5320 3475 5414 9mm?“

1918 5423 2128 5491 injuriis
2178 5406 2355 5478 doleat
2416 5422 2629 5490 quidem
2676 5420 2858 5478 Deus,
2907 5406 3007 5461 sed
3048 5406 3299 5470 patiatur
3344 5406 3484 5459 Sicut

1900 5601 2246 5664 ωιαοων,
2278 5596 2363 5650 is.
2438 5597 2756 5652 "ibiu.15.
2839 5587 2889 5621 ³⁸
2921 5583 3079 5636 ῐιοιιιι
3112 5590 3214 5641 ιιι»
3246 5578 3360 5634 ίθι
