3910 6258
335 341 353 393 i
364 339 466 394 395

1699 323 1786 376 EX
1819 318 2114 376 ORIGENE

3645 289 3778 342 5396

334 453 465 508 nos?
507 451 588 505 An
638 458 890 518 tanquam
937 447 1110 502 divina
1168 454 1354 500 natura
1386 459 1478 514 per
1529 442 1867 513 impassibili-
1894 444 1938 498 Α
1967 439 2158 491 dolens
2187 437 2368 490 corde
2404 429 2884 488 concalescente
2924 419 3169 474 fervet
3229 413 3411 466 intra
3447 421 3518 462 se
3555 422 3623 462 ac
3657 424 3775 475 per-

338 549 522 604 tatem,
551 539 710 609 693
755 551 924 606 neque
953 550 1140 591 sensus
1172 535 1369 589 doloris
1419 534 1680 586 ullatenus
1737 530 1868 584 reci-

338 629 442 695 pit,
473 640 644 694 neque
663 626 782 680 ullis
812 634 902 678 aut
925 625 1153 692 injuriis,
1181 633 1271 675 aut
1299 621 1553 676 conviciis
1579 619 1866 674 excitatur?

337 716 482 770 Talis
522 731 650 784 ergo
679 715 805 778 erit,
831 715 937 767 imo
976 713 1269 766 imitabitur
1294 713 1450 764 talem
1478 711 1653 764 omnis
1685 708 1894 776 perfe-'

335 815 456 858 ctus
484 813 536 857 et
559 803 757 872 justus,
801 801 974 869 qualis
999 811 1114 854 erat
1145 801 1231 852 ille
1255 799 1340 866 qui
1373 799 1616 852 dicebat:
1645 798 1869 850 Maledi-

334 897 500 945 eimur
525 903 571 944 et
598 891 962 948 benedicimus.
990 890 1398 956 persecutionem
1425 890 1658 954 patimur
1681 899 1727 940 et
1755 905 1869 940 sus-

334 983 573 1042 tinemus,
619 978 951 1047 blasphemati
995 977 1348 1039 deprecamur.
1392 975 1489 1040 Qui
1532 983 1706 1028 autem
1737 990 1868 1027 nan-

337 1070 461 1120 dum
510 1077 591 1119 est
636 1066 924 1134 perlectus,
953 1063 1162 1131 prolicit
1210 1074 1406 1128 tamen,
1437 1079 1556 1117 cum
1599 1064 1865 1117 maledici-

337 1166 426 1210 tur
459 1156 781 1210 obmutescit
810 1165 863 1208 et
903 1154 1212 1208 humiliatus
1245 1161 1297 1206 et
1343 1153 1461 1206 silet
1486 1167 1516 1204 a
1546 1153 1716 1206 bonis.
1763 1152 1869 1205 Sed

336 1247 436 1298 iste
481 1247 568 1311 qui
625 1243 926 1309 hujusmodi
981 1251 1064 1296 est
1115 1241 1256 1295 dolet
1297 1249 1352 1294 et
1399 1241 1570 1294 dicit:
1614 1239 1683 1293 Et
1721 1240 1872 1292 dolor

335 1349 473 1386 meus
503 1342 782 1385 renovatus
811 1340 909 1384 est.
936 1331 1188 1384 Describe
1220 1329 1347 1382 mihi
1383 1329 1574 1382 vulnus
1609 1329 1746 1395 quod
1778 1343 1871 1381 cu-

339 1429 511 1483 ratur,
537 1429 588 1471 et
615 1434 796 1472 curam
828 1418 941 1485 ejus
974 1417 1342 1484 proﬁcientem
1367 1427 1419 1471 et
1437 1417 1548 1483 jam
1572 1418 1869 1484 proximam

337 1509 580 1563 cicatrici
611 1516 761 1561 :tum
787 1507 976 1560 deinde
1006 1509 1055 1559 in
1086 1506 1200 1574 ipso
1222 1505 1438 1560 vulnere
1458 1508 1599 1573 quod
1622 1507 1730 1573 jam
1761 1521 1871 1560 cce.

337 1607 486 1666 perat
515 1599 778 1652 obducere
801 1597 1130 1659 cicatricem,
1167 1595 1378 1648 intuere
1400 1594 1538 1647 aliud
1567 1594 1761 1648 vulnus
1793 1597 1872 1647 in-

337 1687 468 1756 αἰεὶ,
507 1697 560 1740 et
589 1701 683 1753 per
706 1686 804 1738 hoc
829 1684 1020 1737 vulnus
1057 1697 1268 1743 recens.
1311 1683 1437 1735 illud
1470 1681 1756 1750 pristinum
1782 1697 1867 1735 reo

340 1790 559 1828 novare.
595 1775 722 1827 Tale
776 1775 936 1826 etiam
981 1773 1162 1826 evenit
1204 1773 1330 1826 huic
1370 1771 1462 1839 qui
1507 1771 1736 1838 proiicit,
1775 1771 1869 1824 sed

339 1865 572 1917 nondum
599 1860 866 1927 perlectus
895 1866 997 1922 est,
1029 1873 1126 1911 nec
1155 1857 1260 1924 iam
1290 1859 1355 1910 ad
1383 1872 1644 1911 summam
1690 1858 1878 1924 perdu-

338 1959 458 2004 ctus
501 1959 586 2002 est
631 1949 934 2003 sanitatem.
986 1946 1039 1999 Si
1087 1961 1214 2014 ergo
1243 1947 1363 1998 dum
1407 1947 1579 1998 adhuc
1605 1947 1654 1997 in
1690 1955 1876 1999 tenero

337 2049 421 2092 est
467 2037 626 2101 cutis,
665 2037 921 2089 accedant
964 2035 1010 2087 ei
1055 2034 1461 2086 maledictorum
1510 2043 1564 2086 et
1600 2033 1875 2086 conviciov

345 2141 462 2178 rum
493 2124 1046 2187 vulnera,renovatur
1091 2121 1262 2183 dolor,
1310 2130 1362 2172 et
1405 2133 1658 2186 parantur
1710 2135 1876 2187 angu-

339 2215 475 2275 stiae,
504 2223 558 2267 et
600 2223 724 2266 tunc
765 2211 955 2264 merito
993 2211 1162 2264 dicit:
1192 2209 1327 2261 Dum
1361 2210 1594 2261 constitit
1640 2220 1877 2275 peccator

340 2304 607 2357 adversum
641 2318 739 2366 me,
771 2302 998 2354 obmutui
1035 2310 1080 2352 et
1118 2299 1422 2351 humiliatus
1455 2315 1588 2362 sum,
1621 2308 1669 2350 et
1699 2298 1821 2351 silui
1843 2316 1874 2351 a

339 2392 502 2453 bonis,
527 2401 574 2444 et
622 2391 770 2442 dolor
808 2405 948 2442 meus
972 2398 1242 2441 renovatus
1278 2396 1372 2438 est.
1415 2386 1542 2439 Vide
1578 2401 1704 2457 ergo
1737 2402 1874 2454 quo-

342 2479 498 2533 modo
530 2480 576 2532 is
601 2477 690 2546 qui
726 2481 779 2530 in
810 2477 1105 2531 certamine
1144 2476 1348 2544 positus
1376 2484 1476 2538 est,
1505 2476 1592 2542 qui
1621 2489 1680 2529 se
1707 2476 1876 2528 refre-

343 2581 472 2622 nare
515 2568 662 2635 cupit
700 2566 766 2619 ab
811 2565 1086 2618 iracundia
1133 2564 1212 2616 vel
1268 2564 1464 2624 lurore,
1498 2574 1550 2615 et
1592 2564 1714 2616 dum
1763 2565 1875 2631 ipse

347 2657 458 2708 haec
497 2655 634 2722 apud
679 2668 736 2708 se
776 2655 1086 2716 meditatur,
1115 2661 1169 2704 et
1212 2652 1442 2704 irritatio
1486 2653 1533 2706 ei
1569 2654 1877 2720 supervenit

345 2744 660 2808 peccatoris,
711 2758 828 2811 qua:
857 2756 977 2795 eum
1018 2740 1299 2795 conturbet
1338 2741 1552 2807 quidem
1583 2749 1635 2794 et
1666 2739 1873 2810 fatiget,

345 2847 449 2884 non
494 2841 666 2885 tamen
699 2833 897 2893 vincat.
929 2832 1020 2884 sed
1071 2832 1315 2897 quamvis
1350 2841 1669 2896 provocetur
1713 2841 1767 2885 et
1795 2833 1878 2885 in-

345 2918 644 2972 ﬂammetur
686 2920 750 2971 ad
821 2919 1269 2984 respondendum,
1325 2921 1633 2974 remordens
1697 2928 1875 2974 tamen

1968 528 2246 590 turbatur,
2285 523 2386 576 sed
2427 536 2540 574 non
2582 533 2658 570 eo
2693 526 2930 581 usque,
2979 515 3061 559 ut
3123 514 3198 556 et
3246 511 3619 590 sermonem
3654 511 3775 562 pro-

1967 613 2108 667 ferat
2141 586 2312 665 corde
2352 609 2616 666 turbato,
2660 615 2888 654 verum
2951 589 3413 650 concalescit
3458 586 3700 655 quidem
3729 587 3777 636 in

1966 701 2340 755 interioribus
2392 699 2517 751 suis
2562 695 2647 748 rei
2685 690 3098 755 indignitate
3146 689 3535 752 permotus,
3572 676 3672 729 sed
3700 689 3784 727 ea-

1968 791 2098 846 loris
2129 791 2212 843 sui
2252 789 2521 842 ﬂammas
2552 799 2660 851 per
2701 779 3064 836 silentium
3109 769 3478 837 decoquit.

2041 879 2094 931 7.
2138 879 2445 932 Videamus
2469 878 2648 930 etiam
2695 873 2897 925 alium
2951 857 3589 926 sermonemjusti,
3627 871 3782 920 quem

1969 977 2020 1021 et
2049 980 2266 1020 summo
2311 965 2503 1019 studio
2547 963 2850 1014 debemus
2890 951 3257 1009 mmulari.
3311 948 3397 1000 Et
3451 946 3514 996 in
3563 944 3785 995 medita-

1971 1059 2110 1109 tione
2137 1072 2254 1108 mea
2283 1055 2608 1106 exardescet
2640 1049 2832 1118 ignis.
2866 1047 2951 1099 Et
2980 1057 3126 1110 ego
3179 1037 3482 1092 meditor
3519 1033 3644 1097 (69)
3675 1033 3782 1084 elo-

1970 1146 2096 1213 quia
2130 1143 2464 1204 Domini,et
2498 1139 2868 1206 frequenter
2941 1135 3015 1186 in
3096 1127 3280 1198 ipsis
3349 1137 3455 1176 me
3516 1135 3780 1184 exerceo,

1971 1233 2063 1287 sed
2097 1233 2285 1285 nescio
2317 1230 2364 1283 si
2403 1230 2538 1282 talis
2574 1242 2740 1287 sum,
2773 1233 2846 1276 ut
2915 1223 2986 1274 in
3065 1216 3537 1273 meditatione
3569 1226 3695 1264 mea
3722 1227 3786 1264 es

1971 1335 2302 1388 unoquoque
2338 1332 2606 1372 sermone
2662 1315 2769 1368 Dei
2829 1312 3016 1380 ignis
3064 1307 3449 1378 procedat,
3489 1312 3554 1356 et
3595 1315 3790 1354 acren-

1973 1415 2064 1466 dat
2111 1427 2209 1466 cor
2264 1423 2474 1471 meum,
2530 1415 2590 1460 et
2636 1403 3009 1457 inﬂammet
3081 1397 3407 1450 animam
3448 1393 3527 1444 ad
3569 1406 3641 1444 ea
3675 1406 3788 1458 qua

1973 1504 2209 1556 meditor
2245 1497 2633 1555 observanda.
2673 1496 2746 1548 Et
2781 1507 2912 1558 ego
2945 1503 3152 1543 nunc
3197 1488 3457 1552 loquor
3493 1495 3784 1534 sermones

1974 1591 2092 1652 Dei,
2123 1590 2218 1642 sed
2251 1595 2507 1655 optarem
2569 1593 2633 1636 ut
2685 1581 2903 1651 primo
2945 1580 3019 1630 in
3063 1587 3236 1629 meo
3278 1571 3511 1632 corde,
3542 1566 3789 1621 secundo

1975 1693 2184 1748 quoque
2227 1679 2281 1730 in
2309 1678 2638 1730 auditorum
2673 1671 3021 1726 mentibus
3058 1665 3604 1721 exardescerent
3645 1678 3660 1714 :
3694 1659 3787 1712 sie-

1902 1738 1944 1789 Β
1977 1738 2032 1822 ut
2065 1738 2223 1822 erant
2270 1767 2348 1818 illi
2398 1778 2703 1818 sermones
2747 1775 2923 1828 quos
3006 1756 3452 1825 loquebatur
3483 1752 3683 1815 Iesus,
3722 1753 3784 1806 de

1976 1858 2176 1927 quibus
2229 1856 2496 1910 dicebant
2555 1854 2639 1906 illi
2690 1853 2799 1919 qui
2847 1849 3244 1903 audierant
3273 1847 3332 1877 ³⁸
3368 1863 3386 1898 :
3423 1845 3643 1898 Nonne
3701 1857 3784 1894 cor

1979 1958 2217 2001 nostrum
2267 1955 2382 1998 erat
2427 1946 2634 1996 ardens
2682 1944 2744 1996 in
2795 1943 2986 1994 nobis
3046 1955 3212 1992 cum
3269 1938 3344 1990 in
3401 1937 3501 1990 uia
3553 1936 3780 2001 aperiret

1977 2037 2124 2091 nobis
2167 2033 2525 2102 Scripturas?
2557 2033 2804 2088 Utinam
2873 2039 2944 2084 et
3019 2044 3226 2083 nunc
3282 2026 3781 2095 adaperientibus

1979 2126 2132 2178 nobis
2164 2124 2489 2190 Scripturas
2519 2123 2754 2174 divinas
2783 2119 3340 2174 concalesceret
3385 2129 3502 2170 cor
3534 2123 3776 2168 nostrum

1979 2216 2114 2265 intra
2170 2225 2292 2274 nos,
2343 2219 2402 2263 et
2453 2210 2508 2262 in
2567 2207 2994 2262 meditatione
3061 2215 3319 2260 nostra
3355 2202 3777 2257 accenderetur

1977 2304 2141 2371 ignis,
2195 2311 2248 2355 et
2295 2301 2732 2354 concitarentur
2799 2298 2864 2350 in
2923 2313 3122 2366 opus
3163 2311 3416 2351 corum
3453 2309 3594 2364 qua:
3626 2292 3772 2345 audi-

1975 2408 2096 2445 mus
2141 2401 2195 2444 et
2245 2390 2509 2460 legimus.
2545 2387 2720 2442 Tales
2777 2389 3094 2455 denique
3147 2399 3364 2442 erant
3419 2396 3489 2441 et
3523 2383 3774 2438 Jeremiz

1976 2496 2276 2542 sermones,
2315 2479 2628 2534 secundum
2665 2479 2834 2545 quod
2881 2480 3256 2547 scriptum
3312 2486 3445 2538 est,
3479 2491 3616 2530 cum
3650 2473 3775 2527 dici:

1980 2574 2046 2626 ad
2079 2587 2201 2626 eum
2254 2571 2518 2625 Dominus
2535 2569 2581 2600 ³⁷
2615 2583 2628 2618 :
2667 2568 2826 2622 Ecce
2897 2572 3066 2624 dedi
3139 2586 3486 2624 sermones
3519 2584 3670 2619 nino:
3700 2582 3772 2615 τρ-

1977 2672 2206 2714 trorsum
2239 2661 2292 2713 in
2321 2677 2379 2714 os
2415 2671 2570 2714 tuum
2605 2663 2828 2729 ignem.
2865 2659 3121 2725 Quare
3153 2660 3390 2730 ignem
3417 2659 3442 2710 ’ἒ
3473 2657 3623 2724 Quia
3657 2670 3770 2709 ser-

1977 2764 2168 2805 mones
2207 2764 2344 2816 quos
2380 2749 2730 2816 loquebatur
2788 2749 3305 2804 accendebant
3348 2749 3686 2810 auditores,
3713 2754 3766 2798 et

1979 2840 2113 2894 nihil
2148 2839 2391 2907 tepidum
2451 2840 2508 2892 in
2551 2839 2636 2892 eis
2673 2853 2889 2906 neque
2930 2840 3288 2909 frigidum
3327 2838 3763 2908 permanebat:

1979 2931 2070 2983 sed
2097 2929 2236 2982 sicut
2261 2928 2407 2997 ignis
2436 2928 2732 2982 consumit
2754 2942 2834 2982 ac
2885 2929 3258 2984 interimit
3294 2946 3558 2984 omnem
3596 2939 3766 2981 mate-

345 3003 579 3057 dolorem
614 3019 766 3057 suum
807 3006 1056 3057 cohibeat
1081 3014 1131 3056 et
1159 3006 1431 3071 reprimat,
1464 3007 1548 3059 hic
1571 2997 1738 3062 dicit:
1767 3010 1875 3062 Da-
1904 3031 1946 3088 ο
1981 3015 2137 3080 riam,
2175 3029 2276 3069 nec
2304 3015 2659 3067 immundum
2699 3014 2949 3083 aliquid
2985 3017 3066 3070 in
3120 3033 3201 3072 se
3244 3019 3506 3086 recipit,
3535 3025 3638 3070 aut
3663 3012 3768 3084 pol-

344 3092 427 3144 lor
462 3107 603 3144 meus
641 3101 911 3145 renovatus
956 3101 1052 3144 est.
1102 3093 1204 3145 Pro
1239 3105 1302 3146 eo
1334 3095 1473 3161 quod
1523 3096 1731 3152 scilicet
1761 3099 1876 3167 jam

344 3182 711 3249 proﬁciebam,
742 3191 796 3237 et
833 3183 942 3251 jam
989 3197 1070 3236 me
1116 3185 1182 3236 ad
1228 3187 1514 3239 sanitatem
1564 3189 1877 3253 pervenisse

345 3267 650 3332 credebam,
681 3275 959 3335 antequam
984 3271 1354 3334 exacerbarer,
1377 3281 1428 3325 et
1446 3280 1727 3341 antequam
1745 3290 1875 3330 con-

347 3355 500 3408 viciis
545 3354 869 3419 lacesserer;
931 3359 1021 3411 sed
1081 3360 1235 3413 modo
1293 3361 1618 3414 rescinditur
1679 3364 1874 3421 vulnus

349 3457 522 3495 meum
550 3480 567 3505 ,
609 3453 662 3496 et
707 3444 975 3498 maledicti
1022 3449 1360 3502 mucronibus
1405 3460 1716 3518 renovatur,
1749 3453 1875 3508 dum

350 3529 557 3598 injuria:
584 3529 734 3585 dolor
763 3534 1071 3600 patientiam
1104 3536 1321 3603 rumpit.

417 3619 470 3671 6.
512 3617 566 3671 In
612 3622 1060 3688 consequentibus
1107 3624 1280 3679 adhuc
1310 3627 1535 3695 amplius
1574 3631 1878 3696 passionem

349 3707 606 3760 describit
652 3707 770 3774 ejus
817 3709 906 3776 qui
955 3710 1192 3777 proﬁcit.
1254 3728 1372 3767 cum
1415 3717 1578 3771 dicit:
1607 3718 1878 3773 Concaluit

347 3811 435 3845 cor
458 3810 626 3848 meum
657 3797 794 3850 intra
823 3814 922 3850 me.
951 3799 1082 3852 Cum
1111 3801 1254 3855 enim
1285 3804 1436 3857 audit
1470 3807 1592 3873 quis
1618 3807 1728 3878 (68)
1760 3826 1874 3863 ma~

347 3881 666 3951 leloquentis
713 3895 766 3938 et
812 3887 1140 3942 detrahentis
1175 3903 1381 3955 vocem,
1407 3906 1511 3946 non
1552 3905 1728 3961 potest
1755 3899 1875 3952 sine

348 3973 702 4038 dolore,sicut
727 3977 813 4030 ille
836 3978 923 4044 qui
949 3978 1214 4045 perfectus
1241 3988 1344 4046 est,
1375 3982 1464 4050 qui
1486 3983 1595 4050 jam
1625 3985 1877 4041 diuturna

349 4065 648 4151 constantia
693 4065 1074 4120 beatitudinem
1116 4071 1344 4121 meruit:
1376 4070 1468 4124 sed
1503 4071 1604 4126 iste
1646 4074 1787 4128 dolet
1823 4087 1877 4129 et

418 4199 462 4231 ³⁸
483 4199 613 4254 Luc.
641 4217 788 4264 xstv,
815 4202 904 4255 5L
979 4203 1021 4233 ³⁷
1048 4205 1244 4257 Jerem.
1273 4221 1326 4271 v,
1354 4206 1440 4260 14.

418 4331 692 4412 (68)-στέγῃ
721 4351 853 4388 enim
875 4338 1026 4412 audit
1059 4339 1196 4412 quis,
1219 4349 1323 4392 etc.
1354 4339 1550 4412 Catena
1594 4343 1829 4399 Corderii
1856 4363 1870 4399 :

361 4402 454 4482 Ἐξ
486 4402 589 4482 θεῶν(
601 4402 782 4482 Λλόγωγ
804 4402 1222 4482 ξοῦβσυστάντᾷος
1235 4410 1569 4482 κατξναντίργ
1599 4428 1696 4480 μου
1713 4414 1880 4482 ἁμαρ-

349 4467 548 4549 ςωλοῦη
570 4465 867 4549 ἐθερμάνθη
899 4465 1290 4549 διᾳπυρωθεῖσᾳ
1334 4479 1388 4549 ἠ-
1410 4465 1610 4549 καρδίῷ
1644 4465 1764 4549 μους
1789 4465 1878 4533 κὰ).

349 4534 620 4618 proteri
645 4534 933 4618 θέρμανὲις
963 4534 1107 4618 evade
1144 4559 1242 4609 μου
1273 4534 1568 4618 enicem
1595 4534 1878 4618 ’σςελεεαν

350 4602 459 4667 ἕξιν
493 4602 790 4672 ἀναλαϐὼν,
822 4604 880 4672 ob
915 4602 1583 4672 κινεῖταίπαντέλῶξὺτὶὺ
1636 4616 1740 4666 τῶν
1767 4617 1874 4668 λοι-

349 4671 675 4752 δορουμένῳν
709 4671 1234 4752 αὑτῴλξΑὶξγεῖ-μὲν,
1260 4680 1349 4752 xa‘t
1383 4671 1476 4748 τὴν
1511 4682 1727 4750 καρδίαν
1765 4684 1872 4752 ἔχει

347 4719 748 4820 ταῖραοῖτομέγην
765 4779 780 4802 ,
814 4719 925 4820 ἀλλ’
956 4719 1066 4820 οὐᾶ.
1085 4719 1234 4820 die;
1268 4747 1359 4797 καὶ
1401 4719 1753 4818 τέαρατέέμψαι

350 4804 788 4885 στὸμςιτιλόῗον.
836 4807 918 4885 Ea:
944 4804 1125 4885 .vezr'bis
1170 4817 1451 4879 peccatoris
1481 4804 1761 4870 adversum
1796 4804 1874 4871 me

348 4876 672 4949 consistentis
721 4876 1137 4949 concaluit‘igne
1164 4876 1430 4932 accensum
1473 4898 1560 4936 cor
1601 4901 1789 4949 meum,
1823 4898 1870 4938 et

348 4941 642 5021 istiusmodi
668 4941 947 5021 cale/actio
985 4941 1123 5021 intra
1174 4963 1252 4998 me
1290 4959 1489 5001 servata
1538 4951 1659 5016 fuit.
1697 4953 1753 5004 Is
1776 4941 1873 5021 'qui

349 5009 630 5088 perfectum
656 5009 889 5088 [tacitum
931 5015 1156 5088 accep‘it,‘
1177 5029 1278 5065 non
1307 5009 1548 5088 movetur
1573 5021 1780 5072 omnino
1797 5009 1872 5072 ’τιὸ

350 5077 529 5151 iisqui
569 5077 668 5151 ipsi
701 5077 1204 5151 maledicunthalet
1231 5082 1432 5148 quidem
1468 5092 1517 5135 et
1556 5101 1644 5136 cor
1670 5097 1876 5151 pertur-

351 5142 524 5218 batum
579 5143 763 5207 habet;
816 5162 916 5198 non
975 5148 1050 5200 ita
1103 5142 1292 5211 tamen,
1345 5157 1397 5199 ut
1451 5165 1513 5202 ea:
1545 5167 1631 5204 ore
1668 5142 1874 5206 uerbum

351 5219 564 5262 θηιιειαι.

422 5277 528 5356 ((59)
567 5276 630 5328 Et
654 5294 796 5356 .ego_
821 5281 1060 5356 meditor,
1097 5292 1200 5356 etc.
1244 5282 1467 5356 _Caten_a‘
1500 5284 1722 5338 Barbari
1752 5303 1765 5338 :
1800 5286 1869 5338 Et

357 5347 626 5420 meditans,
654 5347 845 5420 inquit,
877 5350 1050 5420 dit-ina
1089 5351 1290 5420 eloquia
1321 5351 1586 5415 ardebant,
1618 5357 1864 5420 quemad-

357 5409 561 5477 modum
590 5422 634 5462 et
665 5413 912 5477 Cleon/tas
942 5418 1112 5468 dicens
1139 5433 1156 5468 :
1181 5409 1360 5470 Nonne
1400 5434 1493 5472 cor
1521 5409 1755 5473 nostrum
1779 5437 1868 5473 ar-

361 5471 486 5553 dens
523 5487 639 5553 erat
693 5479 742 5530 in
767 5471 1113 5553 _i_tobis._dum
1148 5485 1455 5553 loqueretur
1490 5471 1862 5550 nobisinﬁvia,

365 5546 408 5585 ἐι
431 5546 658 5604 aperiret
694 5546 844 5599 nobis
870 5546 1550 5620 Scripturasilluinsmorli
1584 5554 1724 5616 {uere
1747 5546 1861 5608 ver;

1515 4209 1560 4240 ³⁸
1593 4208 1721 4264 Luc.
1749 4229 1846 4275 xit,
1872 4215 1962 4269 49.

1983 3102 2193 3166 lutum;
2229 3101 2306 3155 ita
2346 3108 2402 3153 et
2436 3100 2490 3153 hi
2525 3108 2796 3167 quorum“
2843 3116 2972 3156 cor
3011 3103 3249 3159 divini
3281 3105 3467 3160 verbi
3505 3105 3654 3175 ignis
3681 3117 3765 3156 ac-

1984 3189 2251 3253 cenderit,
2286 3203 2392 3242 non
2424 3189 2721 3258 patientur
2761 3189 2940 3242 ultra
2975 3194 3477 3258 materialibus
3506 3204 3568 3248 et
3605 3209 3761 3246 mun-

1982 3278 2136 3332 danis
2154 3277 2414 3332 sordibus
2439 3277 2636 3344 pollui,
2679 3277 2843 3331 nihil
2873 3279 2945 3332 in
2985 3295 3070 3336 se
3112 3284 3430 3349 tepidum
3462 3284 3757 3351 recipient,

1979 3366 2209 3434 etquod
2247 3366 2429 3420 evomi
2467 3366 2707 3434 dignum
2755 3367 2868 3434 sit,
2907 3384 3044 3424 nec
3111 3375 3470 3438 patientur
3509 3371 3759 3439 multipli-

1982 3462 2100 3506 cata
2137 3451 2192 3506 in
2247 3466 2306 3507 se
2349 3452 2653 3520 iniquitate
2694 3453 3163 3524 refrigescere
3200 3462 3592 3515 cbaritatem
3620 3478 3635 3512 :
3665 3459 3753 3513 sed

1980 3551 2141 3596 erunt
2167 3555 2384 3610 semper
2415 3541 2711 3609 lampades
2749 3557 2991 3599 eorum
3037 3563 3392 3616 accensae,
3426 3561 3493 3606 et
3522 3551 3754 3603 lucerna.-

1980 3632 2257 3695 ardentes,
2283 3640 2341 3684 et
2373 3630 2477 3699 ipsi
2511 3631 2702 3697 parati
2731 3640 3065 3702 tanquam
3110 3643 3303 3696 servi
3335 3648 3748 3712 exspectantes

1991 3719 2270 3774 dominum
2301 3736 2461 3774 suum
2491 3721 2561 3774 de
2593 3722 2825 3789 nuptiis
2861 3727 3318 3788 redeuntem.
3349 3735 3480 3785 Aut
3513 3747 3626 3786 non
3657 3731 3752 3783 iste

1984 3818 2098 3862 erat
2140 3808 2286 3878 ignis
2323 3808 2418 3862 ille
2447 3809 2518 3862 de
2551 3824 2670 3877 quo
2730 3811 3057 3870 Salvator
3112 3830 3362 3875 noster
3407 3820 3746 3878 dicebat”:

1983 3899 2166 3966 Ignem
2188 3899 2304 3952 veni
2329 3899 2539 3952 mittere
2565 3901 2625 3951 in
2650 3909 2907 3970 terram,
2949 3916 3010 3960 et
3039 3913 3216 3978 quid
3250 3913 3396 3966 volo
3428 3915 3545 3967 nisi
3582 3923 3636 3965 ut
3661 3927 3749 3962 ar-

1981 3989 2147 4041 deat?
2172 3989 2278 4042 Iste
2310 3989 2502 4056 procul
2540 3989 2722 4044 dubio
2753 3992 2927 4061 ignis
2980 4009 3094 4052 est
3123 4005 3241 4070 qui
3298 4005 3505 4074 frigus
3539 4003 3745 4074 peccati

1985 4077 2154 4146 fugat,
2177 4087 2231 4130 et
2258 4078 2499 4131 calorem
2533 4080 2781 4144 spiritus
2818 4099 3129 4143 revocat.
3163 4093 3311 4149 Hoc
3348 4097 3638 4148 nimirum
3667 4102 3744 4146 cst

1983 4346 2550 4434 caaderentgitczlllude
2600 4352 2896 4434 scriptum
2958 4371 3055 4414 est
3123 4364 3338 4420 Deum
3378 4368 3473 4421 illi
3495 4367 3734 4421 dixisse:

1987 4415 2637 4506 9399.9?‘iifil‘13-91°3
2667 4415 2741 4506 δή
2766 4435 2843 4506 PS.
2883 4434 3093 4506 -ευιιιξξ
3126 4415 3736 4506 ῖεήῐὶὲιῗῖιᾶἰῖιὲῖιὶέ

2652 4571 2658 4572 7
2674 4494 2994 4572 apostolos

1982 4553 2730 4639 ξῖίὲἷὲίν⁰3.¹ζ¹,ξ¹.⁶ῗῖῗῖἷέῗΞπ¹²⁷⁷⁸
2767 4560 2915 4639 υεεφ
2943 4578 3103 4639 δὲυιι
3133 4553 3270 4626 illi:
3305 4589 3442 4626 esse
3474 4586 3729 4639 tamtum

1981 4618 2138 4695 ignis,
2170 4628 2226 4668 ut
2241 4617 2476 4697 _ill_orunt
2499 4636 2866 4697 sermoﬂesset
2919 4635 3006 4682 ad
3017 4617 3268 4697 urens:

2007 4682 2015 4683 ί
2059 4685 2069 4695 .
2241 4687 2252 4697 .
3023 4682 3242 4702 """vo
3296 4682 3356 4693 ν’
3407 4682 3726 4694 -ι--··’ν·“··’”

1980 4700 2186 4776 ῗέἷῗπξξ
2232 4687 2913 4776 ζ²ζ¹ἶίέη³¹ἶ¹ἐ¹νξξηίξὲιθη³
2976 4700 3294 4776 βοιηιετῖί
3338 4726 3356 4761 =
3393 4712 3522 4762 Καὶ
3575 4710 3728 4776 μέλε’

1977 4751 3161 4871 ἓῖἒιῗξαῗτᾶἒξοῖᾗςθῗῖῗιεὲἔξῗιτ,ἱ³ᾏ⁰ξξξ⁵
3169 4751 3722 4871 ξηῇέ,ξξ³ἶφὲἶτέξὲ

1978 4818 2260 4936 Ιξλαὲὀπαν
2272 4818 2549 4916 ’λέγρντες
2573 4841 2586 4853 ⁸
2610 4818 2789 4893 Οὐχί
2806 4832 2851 4897 ἡ

1977 4903 2078 5007 3'22.
2105 4889 2372 5007 ἔαέξῗῐεε
2421 4890 3718 5007 iiiiiiizifsiifiiftnz353299393;

1977 4953 2078 5026 let,
2105 4953 2249 5026 statuit
2278 4957 2372 5026 16f
2421 4953 2793 5026 Ὀργίξεὸθε,
2835 4953 2961 5023 καί
2982 4953 3496 5026 ηαξ)⁷

1982 5309 1992 5321 s
2035 5309 2046 5320 ι
2388 5305 2399 5314 ο
2505 5293 2514 5302 ⁷
2588 5307 2600 5318 ο
2748 5293 2933 5300 ί“’⁷““’
2963 5293 2978 5303 ⁹
3015 5293 3229 5310 ⁶“ν¹¹¹¹ν
3289 5293 3392 5313 νυ·
3447 5293 3484 5313 ll
3587 5293 3698 5312 111111

1981 5293 2340 5385 gliettserat
2373 5320 2441 5385 in
2474 5305 2676 5385 nobis?
2715 5309 2825 5385 Yet
2857 5323 3298 5380 concalescebat
3353 5293 3622 5385 "milia.
3650 5338 3698 5379 et

1981 5365 2474 5456 ζξξζζιλίίζηαειζειιυτ,
2516 5374 2708 5456 iusta
2728 5382 2884 5439 illud
2921 5405 2940 5442 :
2973 5365 3701 5456 {Siliani},"Sitizlaié

1979 5442 2262 5529 £51161
2356 5461 2443 5498 aut
2462 5437 2545 5528 ut.
2563 5448 2709 5529 nihil
2728 5437 2839 5529 με
2861 5437 2957 5512 ira
3349 5437 3710 5529 δεδι-ἱξξὲὶῖ

1976 5511 2360 5598 est:
2401 5517 2862 5598 consideratione
2897 5511 3316 5592 “infiniti:
3358 5511 3713 5597 “stilistas:

1972 5574 2238 5634 t’ossibile
2263 5593 2343 5638 est
2371 5589 2590 5642 sanctis.
