3910 6234
256 301 417 364 ιςεΠ

957 310 1260 366 SELECTA
1286 310 1351 364 ΙΝ
1378 307 1707 364 PSALMOS.
1747 337 1815 348 -—
1846 305 2073 361 HOMIL.
2115 308 2132 359 Ι
2178 308 2244 362 IN
2275 311 2465 368 PSAL.
2501 315 2777 371 XXXVI".

3346 323 3488 380 ηπ

282 422 458 476 etiam
488 423 636 488 quod
676 424 730 478 in
757 425 980 484 Actibus
1007 431 1360 500 apostolorum
1390 430 1617 484 refertur
1632 429 1697 491 ”,
1727 441 1844 481 cum
1873 429 1920 486 Α
1948 443 2073 484 cens
2095 430 2138 462 δ’
2171 444 2185 482 :
2212 431 2408 486 Deinde
2427 434 2550 501 ﬁnis
2577 451 2691 488 cum
2721 436 2996 490 tradiderit
3045 453 3258 508 regnum
3288 439 3397 496 Deo
3431 460 3475 497 ea

276 511 428 566 dicit
468 514 600 580 quia
629 516 763 570 visa:
793 529 918 572 sunt
954 522 1033 574 eis
1076 522 1258 575 divisae
1303 522 1496 589 lingua:
1527 520 1663 573 sicut
1685 521 1846 588 ignis,

278 612 353 658 et
381 606 697 660 consedisse
727 622 890 675 super
923 611 1209 674 apostolos,
1247 626 1340 677 pro
1369 626 1431 664 eo
1468 611 1672 664 scilicet
1706 611 1845 678 quod

284 697 584 765 Evangelii
621 699 843 752 verbum
884 701 1218 765 prmdiraturi
1264 713 1316 756 et
1361 704 1499 771 ignei
1527 705 1727 773 vigoris
1754 704 1848 757 de-

282 785 495 838 berent
529 789 700 854 gratia
750 791 1015 852 roborari,
1053 800 1108 842 ut
1140 793 1440 846 auditorum
1479 794 1668 846 anima:
1697 793 1848 846 ﬁam-

280 888 440 925 mam
495 889 594 941 per
629 878 892 929 sermonis
932 879 1204 932 traducem
1252 890 1540 935 sumerent.
1577 881 1679 936 Sed
1709 882 1847 935 unde

285 960 434 1013 mihi
464 963 566 1014 hoc
597 972 653 1014 ut
681 963 872 1031 lingua:
905 967 1040 1034 ignis
1069 968 1246 1021 veniat
1271 969 1322 1020 in
1351 985 1443 1022 cor
1466 985 1660 1036 meum,
1697 981 1751 1025 et
1778 972 1845 1026 de

275 1045 483 1115 lingua
531 1049 688 1116 ignea
732 1065 832 1117 ego
863 1067 1074 1119 quoque
1119 1056 1382 1121 proferam
1428 1072 1753 1122 sermonem,
1787 1068 1845 1113 ut

273 1149 350 1188 ex
387 1151 481 1188 me
513 1137 669 1190 velox
699 1141 1037 1194 sermonibus
1081 1144 1212 1196 meis
1253 1148 1576 1199 accendatur
1613 1148 1747 1214 ignis
1789 1148 1840 1202 in

277 1226 562 1279 cordibus
603 1228 927 1293 auditorum,
966 1231 1129 1301 695.
1157 1245 1209 1285 et
1241 1246 1429 1298 arguat
1450 1251 1569 1288 eum
1597 1238 1684 1303 qui
1718 1253 1843 1306 pec-

269 1315 458 1377 cavit,
498 1323 556 1367 et
599 1315 861 1371 eﬂiciatur
907 1319 955 1372 ei
1009 1335 1183 1374 sermo
1221 1337 1370 1378 meus
1417 1327 1751 1392 supplicium,
1786 1339 1842 1381 ut

269 1403 522 1458 adustus
552 1414 606 1457 et
649 1405 738 1457 inﬁ
759 1417 1006 1462 mnuatus
1043 1414 1376 1468 sermonibus
1421 1419 1550 1472 meis
1580 1421 1758 1473 veniat
1788 1421 1836 1473 in

269 1493 702 1559 paenitentiam,
737 1511 856 1564 quae
899 1498 1124 1552 salutem
1184 1504 1424 1557 stabilem
1471 1517 1723 1573 operatur
1771 1525 1835 1563 cx

274 1582 516 1635 tristitia
566 1597 687 1650 qute
729 1587 1018 1638 secundum
1069 1591 1231 1642 Deum
1270 1600 1368 1653 est,
1403 1608 1561 1660 quam
1594 1608 1657 1646 ex
1690 1596 1836 1648 verbi

273 1667 372 1722 Dei
430 1671 811 1739 increpatione
869 1678 1136 1743 suscepit?
1167 1680 1338 1746 Atque
1386 1681 1587 1734 utinam
1637 1685 1834 1749 possim

271 1760 346 1811 ita
394 1761 710 1812 accendere
738 1778 948 1816 onmem
981 1766 1210 1819 animam
1259 1770 1584 1834 auditorum,
1623 1786 1680 1824 ut
1720 1775 1840 1840 qui-

269 1862 506 1916 cunque
546 1850 649 1902 sibi
681 1853 929 1904 conscius
952 1863 1052 1916 est,
1080 1870 1182 1908 non
1216 1856 1391 1910 ferens
1435 1860 1600 1912 nostri
1641 1876 1840 1915 sermo-

272 1939 356 1989 nis
393 1939 743 2000 incendium,
787 1942 877 1992 sed
903 1944 1154 1998 munibus
1189 1946 1326 1999 intra
1358 1962 1414 2000 se
1444 1949 1738 2005 visceribus
1761 1953 1839 2005 in-

271 2026 628 2089 flammatus,
659 2029 899 2084 velocius
937 2044 1274 2088 consumeret
1322 2035 1544 2089 latentes
1582 2037 1838 2093 intrinse-

266 2131 367 2170 cus
403 2117 674 2171 vitiortnn
719 2121 946 2176 sordes:
979 2132 1035 2175 ut
1074 2133 1422 2192 posteaquam
1476 2126 1837 2182 interemisset

263 2220 444 2263 omne
485 2210 751 2276 quidquid
795 2212 974 2265 carnis
1013 2222 1067 2266 et
1119 2215 1356 2268 materia:
1404 2218 1688 2272 crassioris
1717 2233 1840 2286 pro-

266 2300 466 2364 prium
502 2310 590 2352 est
639 2312 691 2354 et
731 2303 984 2368 amicum,
1015 2316 1139 2358 tunc
1167 2305 1276 2371 jam
1305 2306 1442 2376 ignis
1470 2309 1570 2361 iste
1600 2309 1750 2362 ﬁeret
1781 2310 1832 2364 in

263 2402 326 2440 eo
371 2388 480 2440 lux
511 2398 566 2439 ct
599 2389 817 2443 lucerna
851 2392 1043 2445 ardens
1069 2407 1084 2444 :
1114 2409 1229 2460 qurc
1264 2410 1364 2447 non
1392 2397 1490 2448 sub
1520 2398 1717 2463 modio,
1742 2401 1837 2452 sed

263 2493 447 2545 super
492 2481 878 2533 candelabrum
930 2484 1056 2548 poni
1109 2485 1342 2547 deberet,
1403 2494 1459 2536 ut
1515 2486 1839 2542 illuminaret

263 2579 479 2621 omnes
535 2569 625 2634 qui
679 2569 729 2620 in
790 2571 948 2624 domo
994 2573 1192 2625 sunt“.
1226 2570 1282 2626 Si
1345 2587 1470 2642 ergo
1508 2578 1751 2630 accendit
1783 2588 1836 2632 te

261 2671 466 2710 sermo
534 2659 766 2724 auditus,
814 2668 870 2712 et
911 2661 1226 2717 intellexisti
1274 2665 1399 2731 quid
1446 2667 1578 2718 dixit
1609 2667 1836 2735 Aposto-

260 2748 344 2803 lus
374 2748 432 2780 ⁸¹
474 2765 489 2801 :
529 2748 598 2800 Et
629 2752 743 2817 quis
795 2753 978 2820 estqui
1018 2769 1094 2806 me
1126 2754 1369 2821 lwtiﬁcet,
1395 2759 1492 2810 nisi
1521 2760 1609 2827 qui
1639 2763 1835 2814 contri-

259 2847 458 2890 statur
500 2854 567 2890 ea:
612 2840 728 2891 me?
768 2841 1024 2904 Quoniam
1064 2843 1221 2895 verba
1275 2845 1436 2912 ipsius
1479 2858 1633 2901 erant
1673 2851 1832 2918 ignis,

256 2936 303 2978 et
344 2925 662 2978 laetabatur
695 2928 984 2994 -Aposlolus
1018 2930 1190 2982 sicubi
1237 2931 1449 2986 videbat
1481 2935 1708 3004 aliquem
1739 2954 1832 2991 au-

1949 517 2118 574 Patri.
2154 521 2233 573 Ad
2271 535 2426 589 quem
2478 524 2638 576 linem
2670 525 2852 592 utique
2901 526 3253 581 festinandum
3285 539 3388 594 est,
3423 539 3473 583 ut

1945 608 2015 661 sit
2049 623 2221 675 operae
2276 613 2503 678 pretium
2546 613 2648 667 hoc
2695 615 2864 683 ipsum
2907 619 3048 686 quod
3090 631 3120 670 a
3164 618 3273 673 Deo
3309 621 3474 674 creati

1944 712 2148 754 sumus.
2183 701 2248 753 Et
2304 717 2508 767 rursus,
2558 705 2695 758 sicut
2743 710 2983 775 corporis
3013 711 3475 780 nostri'compago

1945 801 2110 853 parva
2140 792 2382 859 quaedam
2406 805 2459 847 et
2483 795 2671 863 exigua
2719 795 2786 850 ab
2830 797 2979 850 initio
3018 801 3326 866 nativitatis,
3354 816 3478 856 con:

1943 877 2117 932 festim
2167 889 2340 936 tamen
2388 894 2541 952 urget
2581 893 2635 939 et
2672 886 2837 940 tendit
2871 887 2937 940 ad
2988 888 3144 942 ﬁnem
3192 892 3474 957 quemdam

1944 969 2278 1033 proceritatis
2325 986 2434 1026 suae
2481 988 2576 1041 per
2619 977 2787 1028 aetatis
2833 987 3132 1044 augmenta,
3163 988 3214 1032 et
3259 980 3472 1045 iterum,

1943 1057 2078 1110 sicut
2113 1061 2289 1114 anima
2334 1071 2512 1115 nostra
2544 1065 2834 1134 secundum
2861 1065 2964 1119 hoc
2994 1068 3136 1134 quod
3170 1068 3222 1120 in
3251 1083 3479 1138 corpore

1946 1144 2045 1198 hoc
2077 1148 2240 1216 degit,
2263 1148 2686 1218 festinat'primo
2712 1152 2975 1220 loquelam
3018 1155 3256 1224 recipere
3282 1158 3476 1212 balhuo

1945 1233 2186 1296 tientem,
2241 1238 2474 1291 secundo
2515 1240 2703 1292 deinde
2747 1241 3051 1309 clariorem,
3106 1253 3213 1296 tum
3260 1245 3472 1300 demum

1942 1321 2008 1372 ad
2037 1323 2448 1388 disputationem
2478 1327 2765 1392 perfectam
2793 1338 2952 1398 atque
2980 1332 3242 1400 integram
3281 1348 3474 1400 perve-

1943 1410 2096 1462 nire:
2127 1412 2226 1465 hoc
2256 1415 2410 1468 modo
2433 1417 2593 1470 etiam
2635 1419 2807 1472 omnis
2849 1421 2959 1474 vita
3003 1434 3182 1476 nostra
3219 1424 3476 1480 imbuitur

1941 1499 2152 1566 quidem
2180 1517 2319 1556 nunc
2345 1503 2486 1557 velut
2507 1506 2806 1562 balbutiens
2833 1508 2968 1563 inter
2995 1511 3241 1568 homines
3268 1515 3320 1568 in
3365 1524 3476 1570 ter-

1939 1590 2053 1643 ris:
2091 1605 2488 1649 consummatur
2529 1612 2654 1650 vero
2690 1606 2742 1652 et
2770 1603 2835 1654 ad
2859 1615 3119 1658 summum
3154 1607 3394 1674 pervenit
3421 1608 3473 1661 in

1940 1680 2244 1735 cmlestibus
2265 1686 2406 1750 apud
2438 1685 2629 1740 Deum.
2659 1688 2814 1757 Cupit
2835 1706 2965 1760 ergo
2990 1695 3249 1763 propheta
3282 1696 3384 1750 ista
3409 1699 3474 1751 de

1942 1784 2099 1824 causa
2133 1787 2418 1841 agnoscere
2462 1776 2621 1830 ﬁnem
2656 1793 2806 1832 suum
2841 1793 3059 1849 propter
3108 1799 3267 1852 quem
3298 1787 3472 1840 factus

1940 1871 2050 1925 est,
2101 1873 2160 1916 ut
2208 1865 2417 1921 intuens
2459 1868 2614 1922 ﬁnem
2648 1879 2702 1924 et
2749 1871 2860 1925 dies
2901 1887 3025 1927 suos
3059 1875 3388 1943 perspiciens
3419 1885 3472 1932 et

1939 1953 2286 2008 considerans
2315 1956 2717 2024 perfectionem,
2753 1961 2932 2015 videat
2961 1974 3216 2029 quantum
3253 1965 3352 2020 sibi
3379 1966 3472 2020 de-

1940 2051 2022 2096 est
2073 2045 2138 2096 ad
2187 2045 2332 2098 illum
2384 2048 2540 2102 ﬁnem
2578 2065 2685 2118 quo
2717 2053 2904 2106 tendit.
2933 2053 3092 2109 Verbi
3121 2057 3311 2124 gratia,
3339 2067 3398 2112 ut
3423 2061 3466 2114 si

1939 2144 2201 2196 ponamus
2221 2135 2450 2202 aliquem
2482 2139 2710 2193 artiﬁcio
2741 2143 3014 2206 traditttm,
3046 2153 3100 2198 et
3122 2144 3262 2200 hunc
3292 2147 3478 2202 dicere

1938 2220 2003 2270 ad
2037 2219 2346 2288 magistrum
2371 2223 2696 2285 suum,Volo
2725 2227 2862 2281 scire
2892 2244 3009 2297 quae
3036 2231 3107 2283 sit
3143 2233 3275 2286 artis
3308 2233 3476 2301 hujus

1937 2307 2210 2373 perfectio,
2241 2319 2294 2364 et
2335 2326 2493 2367 nosse
2521 2315 2609 2381 qui
2650 2316 2718 2368 sit
2746 2317 2896 2370 faber
2925 2318 3190 2386 perfectus
3220 2322 3302 2376 vel
3328 2332 3472 2377 stru-

1937 2405 2092 2449 ctor:
2127 2409 2179 2451 et
2206 2414 2324 2454 cum
2361 2401 2461 2456 hoc
2492 2404 2762 2469 didicerit,
2800 2409 3040 2475 requirat
3065 2419 3323 2477 quantum
3363 2412 3468 2467 sibi

1937 2484 2084 2538 deest
2123 2487 2188 2539 ab
2231 2487 2319 2540 illa
2365 2489 2715 2557 perfectione,
2760 2493 2843 2548 vel
2885 2503 3141 2562 quantum
3183 2496 3485 2563 profecerit:

1934 2572 1988 2626 in
2030 2574 2162 2628 artis
2202 2575 2505 2644 disciplina,
2540 2588 2596 2632 ut
2640 2596 2762 2634 cum
2793 2591 3078 2650 utrumque
3133 2587 3468 2654 cognoverit,

1934 2660 2070 2714 sciat
2102 2662 2228 2729 quid
2261 2663 2473 2730 habeat,
2510 2677 2562 2720 et
2599 2669 2727 2736 quid
2770 2671 3078 2738 perfectioni
3126 2673 3261 2727 desit
3302 2687 3482 2742 agno--

1933 2759 2077 2815 scat;
2130 2753 2202 2807 ita
2247 2754 2408 2808 etiam
2451 2766 2504 2808 et
2559 2773 2698 2811 nunc
2729 2761 2985 2826 propheta
3029 2770 3210 2815 orata
3245 2763 3357 2816 Deo
3380 2763 3468 2816 di-

1933 2854 2081 2894 scere
2127 2850 2183 2894 ut
2227 2842 2525 2898 innotescat
2568 2846 2666 2899 sibi
2710 2846 2851 2911 ﬁnis,
2886 2859 2940 2902 et
2972 2865 3227 2905 numerus
3255 2852 3477 2907 dierum

1933 2944 2148 2982 suorum
2182 2932 2270 3000 qui
2317 2933 2404 2986 sit.
2441 2933 2495 2986 In
2527 2949 2629 3001 quo
2653 2951 2756 2989 non
2787 2947 2869 2990 est
2906 2941 3199 3004 putandum
3227 2943 3366 3008 quod
3397 2943 3466 2996 de

256 3017 382 3070 dito
441 3031 702 3070 sermone
741 3033 837 3072 suo
885 3021 1252 3075 contristatum
1281 3035 1334 3078 et
1363 3038 1734 3094 compunctum
1763 3044 1829 3083 ex

1936 3019 2192 3086 corporali
2236 3029 2475 3088 tempore
2525 3033 2580 3077 et
2633 3026 2786 3080 annis
2830 3027 2986 3095 hujus
3022 3030 3144 3084 vitae
3194 3029 3473 3099 loquatur,

256 3109 346 3162 his
393 3121 532 3175 quae
574 3108 839 3172 audierat,
885 3110 1116 3177 quodam
1158 3115 1498 3168 conscientia:
1549 3132 1659 3170 sua:
1712 3119 1830 3186 igne

252 3213 611 3252 succensum
635 3215 701 3252 ex
735 3200 1100 3253 recordatione
1141 3203 1342 3265 delicti,
1373 3215 1655 3272 propterea
1685 3209 1830 3262 dice-

254 3290 352 3342 bat.
388 3303 406 3341 :
442 3285 518 3340 Et
555 3289 670 3355 quis
700 3297 774 3340 est
802 3290 889 3355 qui
918 3305 995 3342 me
1028 3291 1275 3357 lwti/icet,
1303 3294 1403 3345 nisi
1430 3295 1519 3360 qui
1551 3298 1832 3349 contrista—

187 3363 196 3376 ί
252 3388 345 3431 tur
385 3393 463 3430 ea:
517 3376 636 3429 me?
667 3377 741 3429 ita
773 3392 900 3446 ergo
939 3387 992 3431 et
1027 3393 1122 3433 nos
1165 3380 1517 3450 satisagamus
1542 3395 1599 3436 ut
1636 3385 1689 3437 in
1721 3401 1831 3439 tne-

253 3469 642 3524 dilationibus
691 3471 889 3522 nostris
931 3472 1256 3525 accendatur
1299 3472 1460 3541 ignis,
1482 3475 1571 3542 qui
1599 3490 1696 3528 nos
1724 3477 1832 3544 pri-

252 3575 349 3615 mo
389 3567 625 3620 exural,
660 3568 715 3611 et
752 3561 1121 3613 recordatione
1155 3569 1209 3614 et
1253 3563 1581 3616 conscientia
1630 3579 1825 3632 pecca-

254 3662 483 3714 torum,
525 3660 710 3711 postea
740 3663 868 3702 vero
889 3659 1216 3719 expurgatos
1241 3649 1350 3716 jam
1393 3652 1538 3707 vitiis
1567 3653 1830 3708 illuminet

251 3754 303 3797 et
341 3742 623 3796 illustret.

325 3831 394 3885 8.
442 3827 681 3880 Locutus
732 3842 869 3892 sum,
909 3827 1097 3894 inquit,
1132 3828 1185 3880 in
1223 3827 1401 3897 lingua
1440 3834 1574 3882 mea".
1601 3828 1735 3894 Quid
1761 3830 1832 3882 lo-

253 3932 438 3976 cutus
493 3921 566 3972 sit
621 3920 672 3972 in
715 3918 896 3986 lingua
932 3934 1051 3982 sua,
1097 3920 1502 3976 consideremus
1549 3936 1562 3971 :
1616 3921 1830 3974 videtur

255 4009 419 4062 enim
459 4005 593 4058 mihi
627 4020 720 4072 per
749 4005 862 4058 haec
893 4005 1176 4074 mysticum
1209 4005 1408 4072 aliquid
1445 4006 1703 4058 indicare.
1743 4006 1831 4058 Ait

258 4113 405 4166 ergo
439 4113 454 4149 :
483 4094 687 4148 Notum
730 4093 815 4161 [ac
862 4095 1009 4158 mihi,
1063 4095 1304 4158 Domine,
1357 4093 1514 4161 ﬁnem
1561 4111 1753 4158 meum,
1782 4105 1831 4148 et

260 4199 560 4239 numerum
610 4182 811 4234 dierum
847 4196 1072 4233 meorum
1123 4183 1237 4250 quis
1288 4191 1380 4243 est,
1421 4190 1478 4233 ut
1508 4183 1668 4234 sciam
1707 4182 1831 4250 quid

261 4276 409 4328 desit
439 4272 595 4324 mihi.
639 4271 720 4331 Si,
770 4270 959 4337 inquit,
997 4280 1178 4323 notum
1223 4270 1413 4323 feceris
1456 4271 1614 4324 ﬁnem
1653 4286 1826 4325 meum

264 4361 434 4424 mihi,
465 4369 524 4412 et
555 4367 790 4425 quantus
838 4357 909 4410 sit
951 4372 1203 4410 numerus
1226 4357 1429 4410 dierum
1462 4372 1701 4411 meorum
1734 4372 1827 4411 no-

265 4461 387 4506 tum
418 4450 623 4504 feceris
653 4449 800 4510 mihi,
837 4456 1026 4515 potero
1055 4461 1148 4514 per
1175 4448 1284 4500 haec
1309 4449 1469 4501 etiam
1503 4449 1634 4503 illud
1657 4465 1824 4518 agno-

262 4554 448 4602 scere,
487 4539 622 4605 quid
676 4536 814 4589 desit
853 4537 1000 4589 mihi.
1055 4538 1157 4588 Aut
1202 4536 1338 4590 forte
1382 4552 1476 4606 per
1514 4539 1626 4592 hac
1665 4539 1824 4592 etiam

268 4629 410 4683 illud
449 4627 724 4681 videbitur
757 4625 1004 4687 iudicari,
1035 4626 1160 4692 quia
1201 4627 1340 4680 sicut
1382 4628 1554 4681 omnis
1587 4629 1720 4681 artis
1745 4637 1829 4684 est

265 4714 478 4782 aliquis
516 4712 664 4773 linis,
689 4711 838 4763 verbi
873 4711 1040 4778 gratia
1073 4713 1386 4766 structionis
1422 4713 1563 4776 ﬁnis,
1605 4715 1820 4769 domum

268 4800 483 4861 facere,
516 4796 790 4865 uaupagii,
821 4811 1009 4850 navem
1045 4808 1351 4851 construere
1379 4813 1498 4866 qua:
1530 4804 1698 4868 possit
1725 4805 1825 4858 llu-

268 4900 396 4953 ctus
430 4889 604 4942 maris
632 4900 888 4955 superare
915 4896 968 4941 et
1006 4887 1146 4940 ferre
1175 4887 1402 4956 impetus
1425 4899 1728 4955 ventorum,
1771 4904 1827 4947 et

271 4975 708 5044 uniuscujusque
751 4975 884 5027 artis
921 4983 1000 5028 est
1037 4976 1230 5044 aliquis
1275 4975 1394 5028 talis
1424 4975 1565 5040 ﬁnis,
1600 4991 1819 5048 propter

271 5082 440 5138 quem
485 5079 578 5119 ars
622 5065 733 5131 ipsa
789 5063 999 5116 videtur
1042 5075 1286 5130 reperta:
1318 5065 1392 5116 ita
1443 5064 1685 5122 fortassis
1741 5079 1826 5125 est

269 5159 405 5212 vita:
440 5162 646 5209 nostra:
677 5153 762 5205 vel
798 5153 958 5206 totius
988 5153 1161 5205 llllllldl
1187 5152 1304 5204 ﬁnis
1335 5151 1573 5216 quidam,
1607 5168 1828 5226 propter

273 5266 446 5319 quem
483 5258 750 5316 geruntur
781 5246 958 5300 omnia
990 5258 1104 5310 qua;
1127 5249 1382 5311 geruntur
1409 5241 1458 5292 in
1478 5244 1585 5295 vita
1619 5259 1825 5315 nostra,

278 5339 369 5392 vel
399 5347 624 5407 propter
654 5350 808 5403 quem
843 5335 1064 5386 mundus
1095 5333 1199 5398 ipse
1218 5328 1302 5380 vel
1333 5328 1610 5384 institutus
1637 5345 1721 5388 est
1747 5340 1830 5391 vel

276 5436 527 5482 constat.
554 5425 718 5495 Cujus
773 5424 890 5477 ﬁuis
934 5421 1086 5475 etiam
1128 5415 1414 5486 Apostolus
1455 5419 1704 5475 meminit
1753 5426 1831 5480 di.

1209 5595 1244 5622 δι
1280 5589 1328 5642 ll
1364 5591 1484 5651 Cor.
1512 5614 1568 5664 tt,
1604 5597 1660 5650 ‘2.

359 5605 402 5634 ”
432 5605 547 5659 Act.
583 5620 637 5658 ll.
713 5605 754 5635 ⁸ο
779 5601 958 5655 Matth.
984 5614 1030 5662 v,
1061 5597 1133 5649 lii.

1749 5607 1793 5638 ’δ’
1825 5613 1864 5667 ll
1889 5612 2009 5666 Cor.
2041 5620 2128 5669 ιν.
2157 5603 2242 5659 24.

1932 3109 2023 3160 sed
2049 3123 2258 3162 omnem
2290 3127 2568 3165 numerum
2595 3113 2798 3169 dierum
2839 3117 2981 3173 scire
3013 3118 3147 3184 vult,
3177 3121 3267 3188 qui
3304 3120 3470 3175 fuerit

1932 3195 1984 3248 in
2014 3199 2186 3264 prima
2227 3198 2358 3263 vita,
2388 3202 2476 3268 qui
2519 3203 2682 3258 fuerit
2722 3207 2775 3259 in
2823 3210 3054 3262 secundo
3095 3210 3348 3274 incolatu,
3375 3210 3480 3278 quiv

1932 3287 1984 3337 in
2015 3289 2189 3341 tertio.
2233 3288 2459 3342 Multum
2487 3293 2647 3355 enim,
2691 3293 2948 3360 inquit“,
2985 3297 3157 3348 incola
3210 3298 3314 3365 fuit
3349 3301 3466 3351 ani-

1930 3391 2014 3428 ma
2041 3393 2174 3430 mea.
2199 3377 2353 3432 Velut
2378 3380 2421 3438 si
2453 3380 2687 3434 dicerent
2712 3382 2782 3434 illi
2809 3383 2899 3450 qui
2924 3387 3174 3439 exierunt
3201 3402 3264 3441 ex
3295 3388 3466 3458 [Egy-

1930 3473 2020 3531 pto
2045 3483 2059 3518 :
2085 3463 2282 3520 Notum
2325 3468 2408 3535 fac
2438 3471 2585 3533 mihi,
2620 3471 2854 3538 Domine,
2888 3473 3041 3538 linem
3076 3477 3320 3542 meum“,
3345 3493 3466 3546 quae

1930 3562 2011 3608 est
2046 3562 2188 3607 terra
2227 3556 2368 3609 bona
2398 3566 2451 3609 et
2481 3567 2626 3610 terra
2662 3567 2872 3624 sancta,
2898 3569 2944 3612 et
2973 3577 3236 3614 numerum
3264 3563 3477 3616 dierum.

1929 3658 2160 3695 meorum
2190 3643 2242 3696 in
2276 3645 2465 3712 quibus
2499 3644 2732 3708 ambulo,
2770 3652 2825 3698 ut
2850 3647 3011 3699 sciam
3042 3647 3170 3716 quid
3209 3649 3340 3701 desit
3363 3651 3464 3702 mi-

1928 3730 2003 3793 hi,
2027 3741 2284 3797 quantum
2327 3740 2493 3786 restat
2521 3747 2796 3800 usquequo
2822 3736 3141 3801 perveniam:
3171 3736 3236 3789 ad
3265 3743 3481 3790 terram-

1931 3829 2168 3871 sanctam
2195 3819 2662 3886 repromissionis:
2693 3821 2767 3872 ita
2812 3829 2866 3874 et
2911 3821 2998 3875 hic
3037 3823 3148 3876 vult
3179 3839 3335 3878 nosse
3363 3839 3482 3878 ιω·-

1931 3923 2134 3962 merum
2169 3909 2378 3962 dierqu
2427 3909 2478 3961 in
2516 3908 2711 3976 quibus
2743 3910 2843 3962 iter
2868 3911 2996 3978 agit.
3029 3910 3294 3965 Habemus
3319 3913 3496 3966 enim.

1931 3999 2043 4051 dies
2080 3999 2338 4066 quosdam
2367 3999 2578 4066 quidem
2613 3998 2665 4051 in
2708 4000 2810 4052 hoc
2841 3999 3060 4063 mundo,
3087 4001 3340 4067 quosdam
3373 4015 3481 4054 att--

1933 4095 2035 4138 tem
2071 4095 2124 4140 et
2146 4095 2296 4141 extra
2328 4088 2470 4142 hunc
2504 4091 2780 4141 mundum.
2805 4088 2982 4142 Alium
3009 4089 3152 4142 enim
3173 4088 3298 4143 facit
3322 4089 3477 4144 diem.

1931 4174 2058 4228 solis
2086 4175 2189 4229 iste
2221 4190 2411 4229 cursus
2438 4177 2605 4230 nostri
2638 4177 2797 4245 hujus
2828 4177 2948 4232 coeli
2993 4177 3178 4245 spatiis
3209 4178 3464 4232 termina-

1933 4271 2036 4326 tus,
2067 4263 2232 4316 alium
2266 4264 2425 4316 habet
2462 4266 2598 4318 diem
2627 4265 2714 4318 ille
2734 4266 2822 4331 qui
2856 4265 2918 4317 ad
2946 4267 3164 4320 secundi
3195 4267 3313 4321 coeli
3339 4282 3470 4336 per-

1937 4350 2116 4403 venire
2157 4362 2394 4405 meretur
2443 4367 2747 4406 ascensum.
2779 4355 2949 4408 Multo
2997 4357 3137 4408 enim
3183 4355 3462 4410 clariorem

1935 4439 2070 4493 diem
2095 4440 2243 4494 ducit
2262 4440 2352 4493 ille
2379 4442 2470 4508 qui
2495 4457 2660 4517 usque
2682 4442 2748 4496 ad
2781 4445 2993 4498 tertium
3020 4445 3213 4498 ctelum
3242 4445 3326 4498 vel
3349 4447 3478 4514 rapi-

1935 4531 2016 4583 vel
2039 4533 2317 4597 pervenire
2347 4535 2603 4602 potuerit,
2634 4533 2722 4588 ubi
2751 4550 2853 4589 non
2885 4536 3054 4591 solum
3093 4535 3358 4596 ineﬂ‘abile
3383 4537 3479 4590 lu--

1935 4635 2052 4675 men
2093 4622 2349 4687 inveniet,
2382 4638 2570 4678 verum
2608 4624 2768 4678 etiam
2807 4625 2966 4680 verba
3003 4640 3118 4694 quae
3158 4625 3362 4682 homini
3390 4627 3466 4679 ιυ-

1933 4709 2023 4777 qui
2063 4723 2165 4763 non
2208 4709 2384 4774 liceat,
2411 4713 2608 4766 audiet.
2646 4711 2777 4765 Novi
2818 4721 2872 4766 et
2901 4712 3034 4767 alios
3067 4714 3200 4778 dies,
3238 4727 3465 4782 quorum

1935 4813 2216 4852 numerum
2253 4799 2496 4855 fortassis
2526 4801 2781 4869 propheta
2828 4801 3019 4855 merito
3056 4802 3300 4870 requirit.
3329 4801 3474 4854 Nam.

1932 4891 2069 4944 sicut
2117 4892 2168 4944 in
2199 4891 2300 4944 hoc
2343 4892 2476 4946 coelo
2517 4892 2594 4946 sol
2625 4903 2840 4948 exortus
2882 4903 2935 4948 et
2964 4892 3269 4946 universum
3311 4905 3464 4944 mun-
3526 4951 3532 4960 ,

1933 4983 2058 5034 dum
2104 4981 2373 5035 illustrans
2417 4983 2556 5036 diem
2598 4981 2733 5036 facit
2759 4996 2782 5035 :.
2807 4983 2879 5035 ita
2922 4990 2980 5035 et
3017 4982 3068 5034 in
3111 4979 3462 5047 cordejusti,

1931 5073 2070 5140 quod
2105 5085 2198 5138 pro
2226 5072 2523 5125 constantia
2553 5079 2608 5125 et
2638 5070 2886 5124 ﬁrmitate
2925 5069 3018 5122 Dei
3067 5068 3466 5123 ﬁrmamentum
3527 5147 3530 5149 Α

1933 5162 2124 5214 merito
2166 5160 2485 5230 appellatur,
2519 5160 2564 5214 si
2601 5159 2874 5212 exoriatur
2920 5155 2996 5208 sol
3046 5153 3264 5220 iustitiae
3303 5153 3477 5210 Jesus

1931 5248 2180 5302 Christus
2220 5248 2477 5301 Dominus
2505 5257 2704 5305 noster.
2738 5253 2792 5296 et
2825 5243 3082 5296 illuminet
3111 5254 3229 5292 eum
3263 5238 3470 5297 lumine

1932 5338 2166 5391 scientiae
2205 5345 2256 5389 et
2295 5337 2554 5397 veritatis,
2583 5335 2720 5386 tliem
2758 5331 2885 5385 facit
2927 5331 2976 5382 in
3025 5329 3185 5381 corde
3213 5328 3379 5394 ejus:
3413 5343 3475 5388 et

1933 5437 2137 5494 quanto
2183 5426 2510 5487 frequentius
2563 5422 2804 5476 exoritur
2860 5430 2913 5474 et
2971 5417 3253 5480 illuminat,
3319 5429 3472 5477 tanto

2319 5603 2360 5634 "’
2383 5600 2519 5656 Psal.
2550 5614 2693 5665 cxrx,
2721 5601 2774 5654 6.
2850 5601 2891 5631 ⁸⁸
2923 5594 3058 5650 lo'sal.
3089 5605 3330 5660 xxxvm,
3358 5597 3424 5650 5,
