3910 6276
354 304 488 359 1399

1707 293 1794 348 EX
1824 288 2118 346 ORIGENE

3676 255 3809 305 M410

350 416 601 485 majorem
630 416 730 470 sibi
763 414 946 468 taliqu
980 413 1182 468 dierum
1221 425 1496 466 numerum
1525 411 1866 479 computabit.

2261 407 2353 456 tod
2411 399 2587 464 dixit,
2641 395 2794 465 quia
2855 384 3261 445 substantia
3328 394 3477 485 me:
3548 383 3802 444 (omnem

350 507 518 572 Digne
557 519 683 574 ergo
729 505 972 559 conscius
1002 503 1102 555 sibi
1134 501 1387 569 propheta
1419 501 1483 554 de
1516 499 1873 565 hujuscemodi

350 592 740 645 illuminatione
767 592 924 644 dicit:
953 589 1147 642 Notum
1182 589 1265 655 [ac
1288 589 1432 649 mihi,
1461 587 1693 650 Domine,
1721 586 1876 652 ﬁnem

350 697 541 744 meum,
591 689 638 733 et
694 695 960 732 numerum
1018 678 1215 730 dierum
1269 692 1495 730 meorum
1546 676 1658 743 quis
1696 686 1793 738 est,
1823 683 1875 725 ut

349 771 506 823 sciam
530 769 655 838 quid
681 769 812 821 desit
838 768 984 819 mihi.

418 858 472 911 9.
510 859 572 911 Et
623 855 966 909 additzEcce
1023 862 1210 906 veteres
1269 854 1488 918 posuisti
1544 856 1652 907 dies
1715 870 1875 907 meos.

347 946 404 999 lu
461 946 644 1000 Graeco
696 943 960 1003 scribitur,
1021 942 1353 1004 παλαιστάς,
1408 944 1550 1008 quod
1614 943 1881 1011 significat

351 1048 655 1088 mensuram
689 1043 917 1100 quatuor
949 1032 1255 1098 digitorum.
1293 1031 1507 1113 'Volens
1561 1046 1690 1099 ergo
1718 1032 1878 1102 695

349 1126 537 1178 docere
588 1132 683 1173 nos
740 1121 827 1188 qui
882 1122 990 1189 jam
1025 1122 1076 1173 iu
1129 1121 1230 1173 hac
1273 1122 1382 1175 vita
1419 1121 1604 1174 breves
1650 1132 1702 1174 et
1754 1137 1882 1191 per-

348 1227 545 1283 paucos
570 1211 811 1265 ducimus
839 1212 967 1274 dies.
1000 1213 1135 1267 dixit
1160 1214 1300 1268 hunc
1332 1215 1653 1267 versiculum
1685 1216 1749 1268 de
1774 1230 1881 1283 quo

348 1318 507 1371 supra
535 1303 785 1355 diximus.
834 1301 910 1355 Ex
956 1317 1061 1371 quo
1090 1303 1408 1372 intelligitur
1450 1303 1573 1371 quia
1611 1305 1779 1371 possit
1825 1312 1883 1358 et

350 1393 486 1446 alius
511 1392 711 1455 dicere,
744 1391 863 1459 quia
881 1391 1000 1443 Dies
1031 1406 1174 1444 meos
1198 1392 1421 1458 posuisti
1447 1407 1606 1443 unum
1635 1392 1877 1461 digitum,

348 1479 492 1532 velut
544 1492 876 1547 consequens
925 1480 990 1530 de
1023 1479 1272 1547 temporis
1312 1479 1605 1542 brevitate,
1645 1489 1699 1532 et
1746 1480 1882 1533 alius

348 1567 487 1618 duos
512 1566 703 1632 digitos
726 1565 805 1618 vel
837 1572 965 1621 tres.
996 1567 1185 1629 Quaero
1217 1576 1391 1620 autem
1422 1568 1466 1621 si
1496 1577 1671 1635 potest
1691 1567 1882 1634 aliquis

348 1653 619 1706 hominum
662 1653 840 1706 dicere
872 1655 995 1720 quia
1024 1655 1145 1707 Dies
1171 1655 1272 1708 mei
1321 1659 1500 1709 decem
1549 1657 1694 1722 digiti
1734 1667 1880 1721 sunt,

349 1750 440 1793 aut
470 1740 677 1807 viginti,
733 1748 823 1792 aut
849 1742 1006 1792 etiam
1038 1741 1287 1809 amplius.
1319 1742 1385 1795 Et
1416 1743 1543 1811 quia
1588 1745 1703 1797 loca
1746 1745 1879 1799 diﬂi-

348 1831 466 1884 cilia
501 1831 843 1894 incurrimus,
872 1831 1025 1883 velim
1056 1833 1327 1899 requirere
1356 1834 1525 1887 sicubi
1556 1834 1609 1887 in
1640 1834 1881 1903 Scriptu-

347 1922 422 1976 ris
477 1921 584 1974 tale
614 1921 813 1990 aliquid
845 1922 1162 1987 invenimus,
1210 1938 1275 1975 ex
1323 1938 1428 1989 quo
1474 1926 1640 1991 possit
1683 1925 1877 1993 aperiri

348 2010 554 2079 planius
588 2010 637 2064 id
662 2012 797 2079 quod
822 2011 1030 2065 videtur
1058 2011 1362 2065 obscurum.
1392 2012 1445 2065 ln
1474 2012 1605 2066 lsaia
1624 2014 1877 2080 scriptum

349 2100 603 2153 recordor
628 2100 672 2132 "
707 2116 721 2153 :
753 2099 878 2164 Quis
899 2105 1103 2153 metitus
1132 2109 1233 2163 est,
1271 2101 1464 2169 inquit,
1487 2117 1645 2153 manu
1667 2118 1878 2170 aquam,

346 2200 392 2240 et
422 2192 599 2242 cce/um
621 2190 809 2255 palmo,
834 2200 879 2242 et
907 2206 1105 2242 onmem
1129 2202 1315 2242 terram
1340 2190 1574 2258 pugillo?
1594 2190 1667 2242 Ex
1690 2192 1879 2258 quibus

349 2279 649 2329 consideret
692 2278 929 2345 quisquis
982 2278 1069 2330 ille
1099 2286 1181 2330 est
1231 2278 1541 2344 prudentior
1577 2278 1877 2329 auditorum

345 2379 441 2432 per
460 2367 659 2433 singula
694 2367 806 2419 loca
838 2366 1163 2420 did'erentias
1194 2382 1583 2430 mensurarum,
1617 2368 1880 2435 quomodo

347 2467 531 2506 eorum
564 2454 774 2521 quidem
801 2455 888 2521 qui
921 2455 1115 2508 cwlum
1155 2463 1425 2507 merentur
1456 2455 1728 2522 appellari,
1756 2471 1882 2522 pars

346 2541 467 2593 vitae
497 2557 614 2609 igua:
654 2542 888 2595 coelestis
929 2550 1029 2605 est,
1062 2544 1235 2610 palmo
1284 2543 1374 2595 Dci
1430 2543 1602 2596 metiri
1658 2543 1878 2607 dicitur,

346 2630 644 2696 quicunque
690 2630 775 2682 ille
821 2639 903 2683 est
937 2632 1025 2684 Dei
1059 2631 1260 2699 palmus
1294 2649 1306 2684 :
1340 2641 1392 2684 et
1420 2647 1603 2685 eorum
1650 2649 1877 2702 quorum

347 2716 452 2766 \‘i'a
487 2718 658 2769 adhuc
701 2725 907 2769 terrena
954 2727 1070 2778 est,
1130 2719 1325 2786 pugillo
1366 2720 1456 2773 Dei
1502 2721 1608 2773 vita
1638 2722 1877 2776 metitur.

347 2803 450 2855 Sed
494 2805 674 2872 pugilli
723 2805 886 2857 divini
936 2805 1283 2859 diderentiam
1329 2823 1467 2861 nunc
1500 2810 1795 2876 requirere,
1828 2818 1881 2861 ct

347 2905 585 2947 nostrum
620 2910 914 2949 sermonem
959 2905 1013 2948 et
1064 2897 1300 2948 auditum
1347 2906 1581 2950 vestrum
1631 2897 1879 2953 fortassis

346 2982 588 3036 excedat.
625 2981 999 3043 Verumtamen
1024 2982 1157 3034 sicut
1200 2983 1270 3033 ibi
1310 2997 1466 3034 manu
1498 2999 1688 3051 aquam
1716 2989 1876 3040 meti-

346 3078 432 3123 tus
455 3078 557 3130 est,
597 3068 769 3135 palmo
798 3069 1010 3132 etclam,
1037 3079 1090 3121 et
1112 3084 1320 3122 omnem
1351 3081 1546 3124 terram
1579 3074 1799 3141 pugillo,
1825 3090 1878 3131 et

351 3157 602 3224 appendit
633 3169 836 3210 montes
862 3159 913 3209 in
948 3167 1263 3229 statera,qet
1300 3159 1464 3211 colles
1500 3159 1554 3213 in
1589 3160 1759 3230 jugo;
1805 3165 1878 3218 ita

350 3248 507 3301 etiam
534 3248 627 3301 hic
665 3248 954 3301 secundum
987 3250 1225 3302 eamdem
1260 3252 1699 3316 consequentiam
1730 3269 1879 3307 men-

350 3350 472 3387 sura
517 3336 619 3388 ista
670 3345 725 3388 et
773 3335 1110 3402 intelligenda
1156 3345 1256 3401 est,
1292 3337 1543 3405 quoniam
1592 3340 1723 3392 nihil
1771 3341 1879 3393 Deo

347 3424 463 3477 sine
493 3434 738 3477 mensura
764 3434 864 3487 est,
896 3425 1027 3479 nihil
1058 3426 1173 3479 sine
1205 3428 1455 3494 pondere,
1484 3428 1577 3481 sed
1618 3429 1794 3481 omnia
1829 3431 1876 3481 ei

347 3511 402 3563 iu
447 3524 667 3564 numero
701 3520 947 3565 constant
987 3520 1038 3566 et
1074 3528 1339 3568 mensura.
1390 3515 1462 3568 Ita
1502 3531 1715 3585 quoque
1753 3533 1878 3586 pro-

349 3599 521 3664 phetat
553 3599 659 3650 vita
689 3608 739 3650 et
769 3609 1040 3653 numerata
1072 3611 1124 3654 et
1163 3602 1399 3656 dimetita
1441 3602 1549 3658 Deo
1583 3616 1662 3658 est
1683 3644 1698 3670 ,
1749 3610 1875 3658 duiu

348 3687 691 3754 providentiae
718 3686 831 3751 ejus
854 3690 1144 3744 rationibus
1173 3693 1393 3758 regitur.

419 3777 503 3830 10.
542 3778 698 3831 Addit
725 3777 884 3830 etiam
921 3779 970 3831 in
1002 3783 1343 3847 sequentibus
1366 3790 1419 3835 et
1443 3783 1601 3837 dicit:
1628 3783 1876 3837 Substan-

252 3910 257 3911 ,
347 3866 421 3916 tia
449 3882 559 3918 mea
587 3877 831 3937 tanquam
863 3869 1079 3922 nihilum
1107 3877 1226 3922 ante
1254 3878 1301 3922 te
1322 3880 1417 3924 est.
1448 3871 1558 3925 Nisi
1585 3874 1877 3928 addidiSSet

310 3972 323 3981 ο
347 3963 471 4006 ante
506 3963 576 4019 te,
606 3957 757 4010 valde
790 3958 1164 4021 contristahar,
1189 3972 1285 4026 pro
1323 3972 1386 4012 eo
1420 3963 1561 4028 quod
1589 3963 1871 4015 humanam

348 4042 697 4098 substantiam
742 4048 872 4100 nihil
918 4061 1037 4099 esse
1085 4049 1330 4103 dixisset.
1377 4049 1526 4105 Nunc
1578 4067 1703 4105 vero
1752 4055 1872 4121 quia

348 4131 480 4184 dixit
515 4141 636 4187 ante
663 4142 735 4198 te,
764 4134 907 4187 velut
946 4135 1150 4189 diceret
1182 4137 1247 4189 ad
1276 4141 1726 4205 comparationem
1756 4145 1877 4210 quiw

349 4221 466 4273 dem
503 4221 584 4273 vel
617 4223 922 4288 angelorum
964 4223 1047 4277 vel
1097 4225 1424 4292 reliquarum
1479 4236 1869 4295 creaturarum,

347 4320 450 4357 non
481 4316 563 4358 est
586 4308 815 4404 abjecta.
848 4325 945 4364 nec
976 4312 1190 4365 minima
1227 4313 1521 4367 substantia
1556 4330 1689 4368 mea.
1717 4316 1871 4370 Deui-
1901 4319 1947 4376 Β
1976 4308 2281 4372 ³¹¹8ε¹ίο³η¹
2313 4312 2487 4364 Vitam
2538 4321 2902 4383 ερθτδηάθω
2943 4344 3101 4387 esse
3166 4308 3439 4407 animus,

346 4403 449 4458 que
482 4398 534 4444 et
555 4391 599 4444 si
628 4393 762 4446 bene
778 4397 1059 4462 egerimus,
1097 4407 1151 4451 et
1177 4403 1424 4453 mandata
1451 4400 1660 4454 Domini
1690 4419 1873 4458 serva-

347 4478 617 4543 verimus,
666 4483 731 4533 ad
782 4486 1105 4539 consortium
1178 4489 1465 4543 invitamur
1521 4493 1869 4561 angelicum:

347 4564 533 4629 Erunt,
563 4565 730 4633 inquit
768 4566 831 4630 “,
862 4570 987 4621 sicut
1021 4574 1189 4641 angeli
1216 4575 1311 4626 Dei
1340 4577 1392 4627 in
1431 4577 1570 4630 celo.
1602 4578 1683 4632 Ad
1726 4595 1873 4634 com-

347 4655 668 4724 parationem
698 4655 790 4708 Dei
816 4672 940 4711 vero
965 4660 1121 4713 etiam
1163 4663 1206 4716 si
1250 4664 1436 4717 Petrus
1465 4667 1586 4728 sim,
1621 4669 1876 4725 adversus

345 4757 504 4812 quem
527 4750 693 4810 portae
719 4742 872 4796 inferi
900 4760 1007 4798 non
1038 4749 1417 4814 praevalebunt,
1445 4754 1735 4806 substantia
1760 4771 1876 4810 mea

347 4841 472 4885 ante
517 4846 637 4884 eum
681 4832 808 4885 nihil
851 4843 951 4887 est.
978 4836 1046 4889 Et
1077 4838 1204 4890 satis
1235 4842 1447 4907 proprio
1494 4845 1751 4898 vocabulo
1779 4861 1876 4898 na-

348 4928 480 4973 turae
510 4932 638 4971 usus
667 4926 764 4971 est.
794 4919 934 4973 Nihil
978 4924 1119 4975 enim
1163 4934 1244 4977 est
1272 4941 1427 4980 omne
1447 4966 1461 4989 ,
1492 4931 1732 4996 quamvis
1763 4948 1878 4985 ma-

347 5023 506 5077 gnum
542 5007 627 5067 sit,
656 5008 906 5076 quidquid
934 5025 999 5063 ex
1020 5012 1187 5065 nihilo
1214 5022 1313 5075 est,
1345 5016 1488 5068 solus
1516 5019 1658 5071 enim
1684 5030 1765 5073 est
1794 5021 1880 5074 ille

346 5096 436 5160 qui
475 5104 576 5158 est,
607 5104 661 5148 et
689 5097 777 5165 qui
808 5112 1015 5165 semper
1040 5108 1141 5152 est.
1170 5100 1359 5154 Nostra
1387 5113 1562 5156 autem
1586 5108 1881 5163 substantia

351 5190 597 5248 tanquam
636 5186 767 5236 nihil
795 5195 875 5238 est
905 5197 1027 5240 ante
1060 5202 1183 5241 eum
1219 5205 1231 5239 :
1258 5190 1453 5258 quippe
1481 5193 1603 5260 quia
1630 5196 1696 5248 ab
1724 5210 1788 5250 eo
1817 5214 1880 5251 ex

352 5270 516 5321 nihilo
537 5282 808 5338 procreata
835 5284 933 5328 est.

424 5356 508 5407 11.
563 5361 623 5410 1n
673 5364 1014 5426 sequentibus
1070 5380 1197 5419 vero
1257 5367 1399 5420 velut
1443 5371 1731 5437 explanans
1781 5374 1885 5429 hoc

431 5512 473 5543 “
506 5516 600 5568 lsa.
635 5534 718 5582 XL,
748 5521 831 5571 12.
919 5523 962 5552 ὀδ
993 5524 1173 5578 Matth.
1205 5543 1331 5593 XXII,
1361 5531 1447 5585 50.

1534 5536 1575 5564 "
1604 5536 1625 5585 Ι
1652 5534 1774 5589 Cor.
1807 5555 1926 5607 xm,
1953 5556 2043 5613 ιο,

1978 465 2374 547 ᾖίἠὶιιιηιάηιε
2405 497 2460 541 te
2493 496 2615 549 est,
2649 480 2908 537 addidit
2962 486 3041 531 et
3108 472 3294 527 dicit
3338 485 3359 523 :
3413 465 3804 519 Veratrum-eu

1978 584 2223 635 universa
2251 580 2479 633 uanitas
2516 574 2710 629 omnis
2742 571 2936 623 homo
2992 566 3264 618 vivens.
3300 555 3643 625 Quomodo
3672 558 3807 607 aeti-

1979 674 2061 740 pis
2095 670 2315 724 vivens?
2352 666 2648 735 siquidem
2686 674 2915 716 veram
2953 658 3186 709 vitam
3236 651 3609 740 vanitate—tn
3657 657 3804 740 puta—

1979 737 2122 822 mus,
2168 769 2228 811 ut
2272 758 2409 825 quid
2468 749 2889 809 laboramus?
2949 745 3101 800 Sed
3165 742 3336 795 vide
3402 751 3489 792 ne
3532 737 3805 790 fortelroc

1980 854 2126 920 quod
2171 852 2332 914 dicit,
2379 852 2573 903 omnis
2628 848 2859 900 vivens
2890 881 2912 905 ,
2979 841 3076 894 de
3145 838 3289 890 hac
3347 830 3650 900 praesenti
3701 831 3804 880 vita

1982 944 2370 1009 accipiendum
2411 941 2512 1001 sit,
2543 938 2703 991 sicut
2736 934 3086 1001 scriptum
3124 934 3282 987 est.
3348 931 3421 977 et
3458 921 3803 974 testimoniis

1983 1030 2496 1099 comprobahimus.
2538 1025 2762 1082 Omnia
2799 1022 2988 1076 enim
3038 1032 3211 1087 qum
3252 1017 3321 1067 in
3363 1016 3491 1067 bac
3528 1012 3655 1063 vita
3684 1022 3805 1099 sunt

1984 1120 2126 1187 apud
2155 1118 2438 1180 homines,
2495 1131 2646 1167 vana
2700 1121 2880 1176 sunt,
2942 1105 3243 1164 etiamsi
3306 1102 3570 1171 Moyses
3619 1099 3674 1152 in
3712 1098 3805 1153 hac

1984 1210 2091 1260 vita
2124 1207 2217 1266 sit,
2246 1216 2301 1259 et
2328 1207 2448 1272 ipse
2475 1206 2635 1257 enim
2672 1219 2749 1257 ex
2779 1210 2977 1269 parte
3012 1194 3425 1263 cognoscit,
3458 1202 3526 1245 et
3554 1206 3625 1243 ex
3658 1202 3806 1258 parte

1985 1298 2293 1365 prophetat,
2327 1305 2384 1348 et
2413 1308 2514 1362 per
2538 1291 2871 1360 speculum
2919 1298 2995 1343 et
3061 1288 3139 1339 in
3214 1287 3586 1350 aenigmate
3636 1280 3801 1343 videt,

1983 1396 2037 1438 et
2073 1388 2321 1439 umbram
2352 1383 2481 1445 scit,
2528 1397 2599 1435 ac
2642 1381 2883 1450 ﬁguras
2950 1379 3304 1436 docetur,
3372 1382 3435 1426 et
3498 1372 3796 1423 veritatem

1986 1475 2221 1527 nondum
2252 1473 2421 1535 videt,
2447 1481 2506 1525 et
2538 1471 2675 1524 ideo
2718 1478 2820 1522 est
2865 1466 3168 1537 quidem
3213 1463 3486 1524 vivens,
3519 1460 3628 1512 sed
3662 1460 3801 1510 vani.

1987 1570 2069 1615 tas
2091 1571 2173 1613 est
2204 1561 2312 1613 vita
2347 1562 2493 1627 ejus.
2525 1557 2599 1611 Et
2649 1557 2746 1610 vis
2803 1557 3053 1609 videre
3131 1552 3304 1620 quia
3376 1550 3631 1603 vanitas
3676 1548 3799 1602 est?

1985 1651 2116 1704 Cum
2163 1651 2370 1703 uenerit
2421 1648 2574 1712 quod
2606 1647 2961 1714 perfectum
3013 1651 3154 1705 est,
3230 1643 3649 1694 deslruemur
3702 1640 3795 1691 ista

1919 1716 1955 1770 Β
1985 1755 2098 1806 quae
2120 1754 2187 1791 ex
2217 1749 2370 1804 parte
2390 1747 2520 1789 sunt
2557 1736 2629 1788 "'.
2670 1735 2883 1789 Omne
2930 1741 3188 1786 autem
3236 1731 3427 1800 quod
3477 1730 3795 1784 destruitur

1982 1833 2193 1884 vanitas
2217 1845 2323 1885 est.
2348 1831 2418 1884 Et
2443 1832 2489 1883 si
2529 1830 2838 1898 quidquid
2874 1845 2959 1882 ex
3024 1837 3247 1897 parte
3294 1836 3407 1879 est
3450 1826 3789 1887 destruitur.

1980 1920 2024 1972 si
2046 1921 2325 1986 propheta:
2361 1934 2428 1974 ex
2462 1928 2628 1986 parte
2660 1928 3125 1984 cognoscunt,
3192 1925 3387 1969 recte
3421 1918 3613 1971 etiam
3649 1917 3785 1984 ipso-

1985 2024 2098 2060 rum
2154 2009 2264 2060 vita
2318 2009 2546 2062 vanitas
2602 2006 3031 2075 appellatur;
3100 2007 3566 2059 destruuntur
3610 2017 3782 2059 autem

1981 2098 2256 2158 inferiora,
2290 2112 2418 2152 cum
2458 2099 2730 2151 venerint
2769 2112 2845 2151 ea
2929 2112 3101 2163 qme
3188 2095 3486 2150 meliora
3545 2108 3678 2151 sunt
3727 2108 3780 2150 et

1980 2189 2245 2254 perfecta,
2272 2199 2326 2241 et
2356 2203 2455 2254 per
2485 2187 2597 2241 hoc
2627 2203 2782 2240 vana
2818 2202 2975 2242 esse
3023 2197 3467 2254 arguuntur,
3500 2202 3611 2256 per
3642 2191 3776 2253 quod

1979 2285 2233 2343 tauquam
2276 2291 2343 2328 ex
2375 2285 2541 2342 parte
2580 2284 2641 2329 et
2673 2275 3079 2342 imperfecta
3146 2278 3618 2332 destruuntur.
3651 2274 3776 2330 Uni.

1978 2381 2129 2417 versa
2170 2380 2301 2431 ergo
2345 2366 2584 2429 vanitas,
2616 2366 2809 2417 omnis
2865 2365 3082 2418 homo
3116 2370 3376 2422 vivens.
3418 2368 3576 2433 Quia
3603 2377 3775 2419 autem

1979 2451 2044 2502 de
2073 2451 2175 2503 hac
2212 2451 2323 2502 vita
2372 2452 2702 2518 accipiatur
2756 2451 2884 2504 ista
2939 2455 3352 2519 sententia,
3394 2456 3545 2509 auidi
3599 2455 3775 2510 Eccle-

1977 2538 2198 2592 siastcm
2227 2547 2632 2606 protestantem
2658 2548 2720 2593 et
2757 2542 3114 2597 dicentem
3149 2545 3210 2576 ⁸⁸
3235 2560 3252 2595 :
3289 2543 3575 2597 Laudari
3605 2563 3773 2599 orum

1975 2626 2064 2693 qui
2097 2628 2288 2678 mortui
2319 2637 2446 2679 sunt
2496 2643 2664 2689 super
2687 2644 2905 2681 omnes
2962 2634 3094 2698 qui
3148 2634 3412 2695 vivum,
3474 2636 3772 2703 quicunque

1977 2713 2080 2779 ipsi
2113 2714 2295 2766 vivunt
2347 2732 2517 2783 usque
2550 2717 2746 2779 modo,
2794 2727 2853 2769 et
2911 2718 3146 2773 boum
3190 2738 3394 2789 super
3450 2727 3594 2777 istos
3644 2731 3766 2776 duos

1976 2803 2064 2870 qui
2097 2803 2332 2854 nondum
2378 2816 2539 2856 natus
2582 2815 2687 2857 est.
2749 2805 3023 2859 Laudat
3079 2825 3259 2878 ergo
3307 2825 3594 2868 mortuos
3627 2815 3766 2885 plus-

1978 2904 2137 2954 quam
2168 2889 2344 2953 vivos,
2378 2894 2510 2957 quia
2539 2893 2620 2943 illi
2649 2894 2767 2945 hoc
2799 2894 3058 2948 saltem
3112 2899 3298 2954 lucri
3332 2903 3593 2965 habent,
3624 2904 3763 2970 quod

1980 2977 2048 3033 de
2080 2979 2312 3031 vinculis
2351 2981 2518 3046 hujus
2562 2988 2842 3051 torporis
2894 2990 3199 3046 liberati
3254 2970 3439 3057 sunt,
3490 3009 3599 3045 nec
3632 2994 3763 3047 ultra

1981 3080 2143 3120 carne
2172 3081 2236 3120 ac
2276 3066 2512 3136 pellibus
2544 3071 2733 3131 induti
2772 3085 2961 3141 sunt,
3008 3093 3151 3133 nec
3191 3081 3464 3136 ossibus
3488 3098 3560 3134 ac
3583 3083 3762 3134 nervis

1979 3154 2164 3209 inserti
2198 3166 2346 3221 sunt,
2377 3171 2479 3211 nec
2507 3158 2653 3212 ultra
2692 3162 3063 3229 subiacent
3124 3172 3520 3226 necessitati
3572 3188 3758 3242 corpo-

1981 3244 2075 3297 ris.
2127 3244 2185 3296 Si
2237 3259 2371 3313 ergo
2408 3244 2740 3302 intellexisti
2786 3253 2993 3318 quale
3046 3258 3149 3311 sit
3192 3262 3432 3316 vivere
3488 3264 3548 3315 iu
3596 3278 3757 3317 carne

1979 3333 2188 3386 etiamsi
2234 3332 2447 3402 Moyses
2477 3336 2550 3388 sit
2597 3338 2755 3405 quis,
2796 3341 2897 3392 vel
2946 3347 3292 3416 quisquis
3339 3352 3448 3407 ille
3480 3365 3613 3418 est,
3646 3369 3755 3405 mo-

1978 3419 2109 3474 lesta
2151 3423 2199 3474 ei
2258 3430 2343 3476 est
2385 3423 2488 3477 ista
2539 3426 2682 3481 vita.
2755 3427 2900 3483 Non
2984 3437 3188 3491 enim
3273 3456 3314 3494 a
3389 3446 3752 3510 corruptione

1980 3511 2292 3577 resolvitur,
2332 3526 2453 3579 qua:
2514 3517 2750 3570 mortali
2818 3535 3135 3592 corpore
3212 3540 3597 3601 terrenoque
3643 3536 3749 3587 cir—

1977 3599 2287 3657 cumdatur,
2350 3601 2490 3654 Vide
2540 3618 2682 3673 ergo
2744 3608 2902 3675 quia
2977 3618 3321 3677 universa
3391 3599 3627 3679 vanitas
3668 3636 3748 3679 est

1976 3687 2153 3739 onmis
2207 3687 2375 3741 homo
2423 3690 2641 3757 vivens,
2699 3706 3236 3763 contemnamus
3312 3727 3540 3766 vanam
3594 3715 3745 3766 istam

1974 3773 2166 3835 vitam,
2203 3781 2257 3827 et
2284 3774 2616 3832 festinemus
2664 3782 2741 3835 ad
2793 3799 3121 3846 sanctam
3178 3800 3389 3853 vitam
3426 3811 3489 3856 et
3535 3803 3742 3859 beatam

1974 3877 2039 3915 ac
2072 3877 2281 3923 veram,
2317 3874 2372 3917 et
2421 3867 2474 3919 in
2523 3869 2672 3922 illam
2728 3876 2959 3932 animo
3026 3894 3103 3937 et
3173 3901 3404 3947 mente
3457 3896 3741 3947 tendamus

1974 3954 2120 4003 oiuui
2151 3953 2397 4007 vanitate
2425 3957 2710 4015 discussa.
2746 3962 2883 4019 Nec
2917 3970 3250 4032 dicamus
3303 3983 3550 4038 dulcem
3585 3987 3737 4039 istam

1975 4040 2186 4143 lucem,
2210 4056 2320 4111 qua
2352 4059 2504 4098 nunc
2534 4047 2776 4103 utimur.
2819 4054 2968 4112 Hoc
3011 4065 3204 4119 enim
3249 4070 3351 4124 illi
3395 4075 3625 4139 dicunt,
3652 4078 3734 4143 Qui

1973 4129 2316 4184 dulcedinem
2363 4148 2514 4187 vera:
2567 4135 2716 4193 lucis
2786 4142 3139 4221 ignorant,
3197 4163 3319 4214 sed
3359 4178 3442 4218 ne
3495 4129 3732 4236 auspicia

1972 4221 2189 4315 quidem
2250 4223 2362 4275 veri
2432 4224 2665 4280 luminis
2732 4232 2860 4288 ulla
2939 4254 3346 4315 senserunt,
3392 4271 3510 4310 nec
3558 4221 3733 4311 sciuit

3492 4360 3623 4399 cum
3665 4361 3727 4400 ες

1976 4398 2385 4506 γειιίιιιιθΙγὶιιΒ
2429 4404 2600 4470 hujus
2660 4418 3015 4478 evaserint.
3085 4426 3282 4486 Unde
3345 4398 3437 4490 ρι’
3474 4454 3583 4491 nos
3638 4398 3724 4506 qui

1978 4488 2091 4539 "me
2122 4489 2422 4554 credimus.
2461 4494 2582 4563 iam
2636 4514 2840 4559 mente
2875 4520 2937 4562 et
2977 4513 3114 4571 ﬁde
3150 4488 3621 4583 transiet-amur
3657 4488 3723 4581 λιι

1973 4578 2192 4673 caelum,
2244 4591 2301 4633 et
2356 4583 2412 4636 in
2474 4589 2650 4644 terris
2709 4596 3128 4663 ambulantes
3188 4621 3720 4673 conversationem

1975 4667 2272 4722 habeamus
2303 4672 2358 4724 in
2388 4675 2579 4741 oculis,
2607 4692 2671 4734 ut
2703 4683 2716 4736 i

1965 4767 2043 4810 est
2069 4766 2123 4809 et
2144 4772 2243 4812 cor
2276 4773 2578 4868 nostrum,
2616 4781 2677 4824 et
2716 4784 2785 4828 ut
2822 4793 3090 4848 regnum
3129 4794 3406 4851 cmieste
3451 4766 3716 4868 consequi

1968 4861 2300 4949 “"‘Zreamuro
2324 4868 2427 4919 Pel'
2448 4854 2647 4914 Jesnm
2677 4862 2989 4925 Christum
3027 4875 3385 4940 Dominum
3427 4854 3709 4949 nostrai-ss,

1966 4940 2053 4988 ⁸⁸³⁵
2090 4946 2174 5040 θέει
2208 4940 2400 5040 8¹οτίξι
2437 4959 2497 5004 ει
2542 4965 2810 5022 potemas
2864 4973 2928 5016 et
2981 4966 3341 5040 imperium
3393 4940 3707 5034 metu.

1972 5027 2326 5092 saeculorum.
2361 5037 2571 5097 Amen,

2610 5156 2918 5221 HOMILIA
2951 5169 2997 5223 11

1971 5223 2051 5277 De
2105 5234 2299 5288 eodem
2353 5246 2596 5329 usalmo,
2641 5255 2713 5307 ab
2769 5258 2870 5311 illa
2904 5272 3057 5329 parte
3088 5279 3110 5316 :
3145 5284 3166 5315 ι
3193 5264 3615 5325 Verumtamen
3642 5271 3696 5322 in

2364 5326 2613 5384 imagine
2666 5326 2979 5391 pertransit
3030 5332 3220 5389 homo.
3279 5354 3305 5390 ι

2043 5384 2387 5463 Quanquam
2465 5406 2527 5460 in
2604 5384 2854 5489 imagine
2915 5384 3436 5484 ambuletwhomo.
3506 5429 3689 5496 ῐηιιεο

2125 5567 2173 5601 ⁸⁵⁸
2215 5570 2414 5636 Eccle.
2455 5599 2537 5653 tv,
2577 5586 2640 5643 2.
