3910 6282
238 328 387 383 μοι

907 327 1208 384 SELECTA
1237 328 1303 383 1N
1331 326 1658 384 PSALMOS.
1701 357 1769 366 —
1803 325 2032 382 HOMIL.
2068 325 2089 379 ι
2116 325 2182 379 1N
2211 324 2402 382 PSAL.
2438 326 2716 385 XXXVIII.

3250 315 3431 371 -1402

236 440 569 495 necessario
609 439 836 509 alicujus
873 450 957 496 est
982 442 1173 511 imago.
1233 441 1366 498 Nam
1418 451 1473 497 et
1521 442 1792 510 Scriptura
1817 447 1867 502 Α
1900 452 2093 506 torum,
2124 454 2279 508 quam
2306 442 2369 494 ad
2404 442 2627 495 nihilum
2658 443 2863 512 rediget
2912 442 3051 497 Deus
3108 441 3158 496 in
3208 441 3426 496 civitate

235 539 437 584 sancta
465 545 588 584 cum
620 530 910 600 imaginem
959 535 1219 599 nominat,
1269 533 1532 587 interdum
1581 533 1790 600 quidem

237 620 442 674 delinit
483 631 537 674 et
583 621 713 674 dicit
744 620 907 691 696
960 622 1125 688 cujus
1163 622 1233 675 sit
1281 624 1476 692 imago,
1530 623 1792 677 interdum

236 717 435 761 autem
497 709 702 778 absque
752 709 1229 765 ulla'delinitione
1282 713 1431 779 ponit
1488 712 1791 782 imaginem.

237 799 494 868 Denique
523 801 587 854 de
618 799 899 855 Salvatore
929 816 991 854 cu
1004 817 1053 855 m
1084 802 1211 857 dicit
1246 804 1335 873 qui
1360 811 1435 857 est
1473 804 1664 872 imago,
1691 818 1792 856 non

235 887 396 941 siluit
430 888 590 956 cujus
612 888 789 956 imago
818 895 979 952 esset,
1018 890 1109 944 sed
1144 891 1347 945 addidit
1372 891 1552 946 dicens
1577 892 1621 923 ἰ’
1651 909 1665 944 :
1692 890 1796 954 Qui

232 985 313 1026 est
349 974 537 1040 imago
570 973 665 1027 Dei
708 975 985 1028 invisibilis
1007 977 1374 1045 primogenitus
1400 977 1563 1029 omnis
1593 987 1796 1051 creatu-

233 1078 331 1117 m.
373 1062 447 1115 Et
477 1079 692 1117 rursum
728 1077 850 1117 cum
881 1064 1033 1118 docet
1063 1081 1158 1118 nos
1186 1066 1251 1118 de
1297 1065 1523 1120 diversis
1548 1065 1797 1133 imagini—

232 1149 363 1216 bus,
400 1159 461 1205 et
480 1152 610 1219 quia
655 1151 849 1219 singuli
877 1150 1073 1219 quique
1099 1153 1331 1221 aliquam
1361 1153 1643 1219 imaginem
1671 1167 1796 1221 por-

233 1247 377 1304 tent,
422 1240 561 1294 dicit
587 1241 633 1272 ⁸⁶
665 1257 680 1293 :
714 1240 862 1294 Sicut
901 1242 1215 1310 portavimus
1275 1242 1545 1308 imaginem
1585 1244 1775 1296 terreni

230 1331 309 1381 ita
361 1339 643 1396 portemus
685 1330 961 1398 imaginem
1014 1329 1250 1383 caelestis.
1289 1330 1419 1385 Cum
1478 1328 1797 1397 adiectione,

232 1417 319 1470 vel
349 1418 586 1482 terreni,
617 1417 700 1472 vel
734 1418 969 1472 caelestis
1003 1419 1283 1486 imaginem
1321 1420 1633 1476 nominavit.
1661 1418 1798 1472 Alibi

232 1517 428 1560 autem
484 1506 692 1574 absque
720 1507 825 1559 ulla
871 1508 1184 1563 deﬁnitione
1230 1509 1379 1572 dicit,
1427 1508 1563 1563 sicut
1602 1517 1657 1563 et
1699 1508 1800 1562 hoc

232 1595 360 1650 loco
382 1597 508 1648 ait:
537 1595 848 1665 Quanquam
883 1598 939 1651 in
972 1599 1196 1667 imagine
1220 1597 1446 1650 ambulet
1484 1599 1657 1651 homo.
1694 1596 1797 1651 Sed

235 1689 288 1738 in
318 1682 574 1752 imagine
603 1685 797 1751 cujus?
823 1686 933 1749 Dei,
962 1701 1026 1739 an
1058 1687 1290 1755 imagine
1314 1687 1533 1751 terreni,
1565 1701 1632 1740 an
1664 1687 1796 1739 ima-

231 1774 364 1842 gine
388 1772 683 1826 cmlestis?
712 1773 989 1839 Quomodo
1008 1776 1177 1830 sciam
1202 1776 1255 1828 in
1283 1775 1380 1831 hoc
1405 1776 1528 1843 quid
1552 1784 1632 1829 est
1656 1777 1792 1842 quod
1826 1756 1867 1811 Β

233 1865 447 1914 docere
472 1875 573 1914 nos
599 1862 711 1914 vult
746 1861 1023 1932 Scriptura
1053 1865 1256 1928 divina,
1301 1880 1418 1933 qua:
1459 1866 1658 1933 absque
1688 1865 1791 1919 ulla

233 1948 554 2015 adjectione
584 1949 658 2008 ait
689 1964 704 2001 :
730 1948 1037 2020 Quanquam
1064 1955 1116 2006 in
1145 1954 1366 2021 imagine
1393 1954 1596 2022 (nescio
1620 1954 1790 2023 cujus)

233 2036 479 2088 ambulet
518 2037 715 2089 homo?
746 2036 812 2090 Et
835 2038 876 2091 si
905 2039 1116 2104 quidem
1145 2040 1389 2106 dejustis
1419 2041 1546 2095 solis
1569 2040 1791 2105 diceret,

234 2122 357 2176 sine
383 2123 559 2176 dubio
587 2124 828 2188 dixisset,
854 2126 1166 2194 Quanquam
1197 2129 1248 2179 in
1292 2130 1520 2197 imagine
1561 2130 1793 2185 ccelestis

236 2210 492 2264 ambulet
516 2211 699 2265 homo.
729 2212 835 2265 A‘ut
863 2212 907 2266 si
928 2214 994 2267 de
1018 2215 1389 2281 peccatoribus
1420 2226 1624 2270 tantum
1651 2218 1795 2272 dice-

237 2306 342 2362 ret,
418 2298 652 2352 dixisset
707 2308 875 2362 certe,
928 2304 986 2355 In
1051 2302 1281 2372 imagine
1324 2306 1520 2358 terreni
1562 2306 1796 2360 ambulet

233 2387 431 2439 homo.
492 2387 694 2440 Verum
741 2388 989 2455 quoniam
1048 2392 1366 2458 generaliter
1420 2393 1489 2446 de
1534 2395 1796 2449 universis

237 2474 579 2528 mortalibus
631 2475 1029 2542 pronuntiatur,
1077 2493 1300 2546 quorum
1362 2482 1451 2534 alii
1514 2483 1795 2551 imaginem

235 2566 491 2620 ctelestis
530 2574 767 2632 portant,
799 2567 1105 2635 quicunque
1141 2570 1428 2623 secundum
1482 2572 1650 2641 legem
1703 2575 1795 2628 Dei

236 2655 463 2720 vivunt,
490 2655 585 2707 alii
615 2658 813 2709 terreni
857 2656 1139 2724 imaginem
1167 2666 1403 2726 portant,
1441 2662 1530 2729 qui
1565 2664 1795 2717 carnali-

236 2750 321 2796 ter
352 2743 590 2809 vivunt;
621 2751 903 2810 propterea
931 2744 1234 2798 necessario
1264 2746 1477 2801 reticuit
1515 2749 1796 2815 specialem

238 2834 512 2902 imaginis
562 2831 1011 2900 designationem,
1056 2838 1110 2886 et
1155 2836 1456 2902 generalem
1485 2839 1796 2892 sententiam

236 2922 304 2976 de
331 2921 605 2975 omnibus
632 2920 937 2975 hominibus
982 2922 1226 2989 protulit,
1275 2924 1397 2990 quia
1441 2927 1615 2979 omnis
1641 2927 1800 2980 homo

235 3008 293 3062 in
343 3007 598 3078 imagine
646 3008 903 3062 ambulet.
956 3008 1124 3062 Tuum
1167 3020 1250 3065 est
1282 3011 1390 3078 jam
1438 3013 1700 3069 discutere
1746 3026 1799 3069 et

238 3099 552 3168 exquirere
593 3112 659 3151 ex
708 3096 1124 3167 uniuscujusque
1166 3101 1271 3154 lide
1323 3113 1379 3155 et
1403 3105 1691 3171 operibus,
1746 3118 1800 3161 et

240 3185 681 3241 conversatione
713 3195 768 3240 et
796 3188 1005 3241 actibus
1025 3226 1041 3251 ,
1065 3202 1132 3240 ex
1164 3189 1578 3256 cogitationibus
1602 3207 1657 3247 et
1686 3209 1801 3249 ver-

236 3277 351 3339 bis,
386 3285 451 3330 et
488 3275 843 3328 considerare
871 3287 1045 3328 utrum
1082 3276 1135 3328 in
1165 3277 1396 3343 imagine
1427 3279 1663 3334 caelestis
1692 3295 1806 3334 am—

239 3368 421 3433 bulet,
458 3381 529 3417 an
561 3366 615 3417 in
643 3364 875 3433 imagine
907 3366 1124 3418 terreni.
1165 3364 1220 3418 Si
1250 3368 1552 3420 misericors
1586 3383 1645 3423 es
1669 3371 1806 3423 sicut

238 3456 417 3510 Pater
448 3464 573 3508 tuus
604 3453 847 3508 caelestis
870 3453 1175 3508 misericors
1196 3463 1300 3518 est,
1335 3457 1449 3508 sine
1479 3458 1641 3510 dubio
1671 3458 1722 3509 in
1755 3467 1805 3510 te

240 3545 434 3600 Patris
463 3543 707 3598 cmlestis
729 3542 905 3611 imago
933 3550 1033 3597 est.
1059 3541 1114 3596 Si
1142 3558 1247 3598 non
1283 3542 1455 3599 solum
1488 3545 1675 3598 amicis
1701 3546 1808 3599 tuis

241 3634 553 3707 benefacis,
584 3633 679 3686 sed
715 3631 877 3686 etiam
908 3631 1139 3686 inimicis
1183 3632 1360 3686 reddis
1391 3635 1529 3686 bona
1559 3649 1656 3702 pro
1689 3649 1807 3687 ma-

242 3726 332 3791 lis,
364 3724 518 3777 sicut
551 3720 712 3774 Pater
738 3720 970 3775 caelestis
996 3719 1154 3772 salem
1179 3735 1328 3772 suum
1353 3722 1481 3774 oriri
1504 3722 1628 3789 facit
1656 3738 1809 3789 super

242 3814 417 3867 bonos
455 3820 505 3864 et
549 3809 721 3861 malos
745 3844 761 3871 ,
797 3816 842 3860 et
885 3806 1015 3873 pluit
1041 3821 1193 3873 super
1214 3808 1386 3873 justas
1413 3816 1460 3859 et
1487 3807 1709 3873 injustas
1739 3807 1806 3871 ⁸¹,

239 3904 441 3971 imago
470 3903 527 3955 in
566 3909 620 3953 te
648 3898 882 3953 ctelestis
908 3905 1007 3951 est.
1050 3896 1117 3950 Et
1158 3896 1208 3950 si
1254 3898 1306 3949 in
1343 3898 1592 3951 omnibus
1631 3898 1806 3964 perle—

240 4006 371 4050 ctus
435 4007 520 4056 es,
583 3990 726 4044 sicut
773 3987 931 4041 Pater
970 3996 1091 4041 tuus
1140 3986 1378 4042 caelestis
1406 3989 1672 4056 perlectus
1708 3997 1805 4048 est,

239 4084 439 4154 imago
469 4082 526 4135 in
559 4090 612 4134 te
640 4078 875 4134 ccelestis
917 4086 1017 4131 est.
1069 4077 1136 4130 Et
1164 4091 1371 4130 rursum
1403 4078 1447 4130 si
1477 4093 1578 4130 non
1603 4092 1660 4131 es
1692 4077 1810 4130 imi-

244 4184 396 4228 tator
433 4169 641 4225 Christi
664 4183 766 4222 nec
800 4167 1022 4232 apostoli
1072 4165 1242 4228 Pauli,
1271 4165 1361 4232 qui
1393 4165 1523 4219 dicit
1549 4167 1592 4197 ⁵²
1624 4182 1639 4220 :
1676 4164 1808 4218 Imi-

244 4275 454 4318 tutores
479 4260 583 4314 mei
604 4268 788 4322 estote,
820 4258 953 4310 sicut
980 4272 1070 4324 ego
1100 4256 1313 4321 Christi,
1348 4258 1443 4309 sed
1479 4256 1716 4309 imitator
1753 4271 1811 4309 es

1892 546 2021 593 sua;
2054 533 2105 585 id
2137 542 2239 596 est,
2274 532 2317 585 si
2348 534 2467 600 quis
2486 533 2676 587 exierit
2704 534 2770 586 de
2804 533 2904 587 hoc
2938 532 3154 598 mundo,
3174 542 3230 585 et
3248 532 3425 585 tulerit

1893 635 2073 675 secum
2108 620 2388 689 imaginem
2421 621 2634 684 terreni,
2666 629 2880 688 propter
2900 620 3261 688 hujuscemodi
3296 622 3429 674 ima-

1892 712 2069 779 ginem
2107 710 2158 763 in
2191 710 2409 763 civitate
2439 708 2524 762 illa
2545 709 2636 764 Dei
2660 710 2727 763 ad
2761 710 2980 764 nihilum
3012 711 3299 779 redigetur,
3332 724 3428 764 nec

1894 805 2250 867 consequetur
2272 806 2479 867 partem
2509 798 2648 852 inter
2675 798 2819 852 cives
2851 799 3084 852 ctelestis
3118 799 3260 853 illius
3292 799 3427 853 civi-

1895 890 2042 954 tatis,
2069 888 2159 955 qui
2190 888 2424 942 ctelestis
2446 886 2697 954 imaginis
2744 901 2846 941 non
2893 895 3134 955 reportat
3179 888 3426 955 insignia.

1961 976 2018 1031 2.
2060 975 2167 1031 Sed
2193 986 2248 1030 et
2277 975 2418 1029 aliud
2444 982 2840 1029 sacramentum
2878 974 3008 1027 mihi
3034 974 3244 1027 videtur
3266 975 3430 1027 conti-

1895 1076 2026 1117 nere
2070 1063 2171 1117 iste
2221 1062 2536 1125 versiculus,
2590 1064 2729 1130 quod
2787 1061 2943 1128 hujus
2981 1060 3194 1129 quidem
3245 1060 3428 1113 mundi

1894 1152 2003 1206 vita
2031 1161 2085 1206 et
2103 1153 2440 1207 conversatio
2465 1150 2777 1220 imaginaria
2801 1150 3039 1219 quaedam
3066 1151 3136 1203 sit
3157 1158 3211 1202 et
3235 1149 3428 1216 imago,

1895 1243 2073 1297 futura
2097 1252 2276 1297 autem
2301 1257 2407 1297 non
2438 1242 2505 1295 sit
2543 1241 2882 1310 imaginaria,
2930 1240 3024 1295 sed
3053 1254 3207 1305 vera;
3249 1248 3303 1293 et
3332 1239 3432 1292 hoc

1895 1342 1977 1387 est
1999 1332 2140 1399 quod
2167 1332 2384 1396 dicitur,
2414 1332 2847 1402 quia‘imaginem
2875 1331 3036 1384 habet
3069 1329 3433 1397 unusquisque

1894 1420 2130 1486 virtutis,
2159 1434 2265 1473 non
2301 1429 2474 1473 tamen
2507 1421 2725 1490 proprie
2749 1427 2803 1473 et
2833 1419 3042 1473 sincere
3071 1419 3201 1470 vivit
3236 1417 3290 1470 in
3320 1417 3432 1484 ipsa

1897 1509 2118 1562 virtute.
2172 1505 2300 1560 Tale
2355 1518 2528 1560 autem
2561 1507 2700 1575 quod
2744 1507 3016 1561 dicimus:
3051 1504 3321 1574 Sapientia
3375 1512 3433 1557 et

1897 1598 2115 1652 scientia
2141 1611 2262 1667 pars
2286 1604 2369 1650 est
2400 1611 2593 1667 magna
2629 1598 2925 1661 virtutum;
2972 1596 3065 1650 sed
3102 1596 3158 1648 in
3185 1593 3434 1663 praesenti

1896 1690 2007 1741 vita
2035 1689 2079 1742 si
2115 1687 2237 1755 quis
2268 1694 2419 1755 putat
2444 1699 2504 1741 se
2531 1687 2877 1754 cognovisse,
2916 1686 3149 1740 nondum
3188 1684 3436 1754 cognovit

1890 1777 2029 1832 sicut
2053 1785 2263 1845 oportet
2299 1777 2437 1832 scire
2461 1815 2477 1841 ,
2524 1780 2613 1845 qui
2661 1776 2802 1830 enim
2838 1775 3131 1843 cognoscit,
3175 1775 3229 1826 in
3266 1773 3433 1840 amig-

1892 1878 2033 1921 mate
2057 1866 2348 1934 cognoscit.
2399 1865 2534 1931 Ergo
2570 1865 2620 1918 in
2651 1864 2885 1932 imagine
2906 1866 3146 1918 scientia:
3186 1861 3430 1916 ambula-

1893 1970 2010 2008 mus
2044 1963 2098 2008 et
2134 1968 2237 2008 non
2284 1955 2335 2007 in
2391 1955 2503 2022 ipsa
2533 1953 2795 2016 scicntia,
2840 1966 2937 2019 per
2977 1965 3135 2019 quam
3185 1949 3323 2002 l‘acie
3366 1949 3432 2002 ad

1893 2041 2083 2096 faciem
2129 2042 2498 2109 cognoscitur.
2557 2042 2631 2095 Ita
2692 2041 3036 2095 nihilominus
3099 2048 3155 2092 et
3215 2038 3267 2090 in
3320 2037 3433 2103 ipsa

1891 2130 2164 2200 sapientia:
2190 2130 2457 2198 imagine,
2500 2137 2554 2182 et
2599 2129 2833 2183 nondum
2893 2128 2945 2180 in
3006 2126 3119 2193 ipsa
3175 2126 3434 2193 sapientia

1894 2219 2246 2280 ambulamus.
2299 2221 2423 2286 quia
2472 2218 2708 2272 nondum
2751 2216 2984 2271 revelata
3024 2215 3161 2269 facie
3213 2214 3432 2282 gloriam

1892 2309 2103 2362 Domini
2153 2307 2515 2377 speculamur.
2558 2308 2755 2361 Eadem
2803 2306 2974 2360 audeo
3002 2304 3293 2373 dejustitia
3340 2303 3435 2356 Dei

1894 2400 2093 2461 dicere,
2146 2398 2284 2466 quod
2331 2397 2382 2449 in
2436 2396 2667 2464 imagine
2708 2395 2927 2463 justitiae
2980 2392 3331 2455 ambulamus,
3382 2400 3438 2445 et

1898 2490 2129 2543 nondum
2165 2489 2217 2540 in
2251 2485 2336 2540 illa
2366 2484 2581 2553 justitia
2634 2499 2753 2554 quae
2800 2492 2884 2538 est
2932 2482 3072 2536 facie
3127 2482 3193 2535 ad
3246 2481 3435 2535 faciem

1896 2577 2208 2631 incedimus.
2256 2576 2438 2644 Neque
2487 2575 2627 2628 enim
2695 2588 2888 2642 capere
2943 2573 3139 2642 poterit
3200 2574 3435 2626 humana

1899 2674 2091 2717 natura
2118 2664 2342 2733 pellibus
2365 2675 2419 2718 et
2451 2677 2613 2717 Carne
2640 2662 2870 2725 vestita,
2912 2661 3121 2716 ossibus
3158 2670 3214 2714 et
3261 2662 3438 2715 nervis

1899 2758 2117 2815 inserta,
2147 2757 2338 2807 nudam
2379 2753 2548 2820 ipSam
2573 2751 2799 2820 iustitiae
2840 2751 3214 2819 sinceramque
3242 2750 3438 2804 verita-

1901 2854 2002 2897 tem
2036 2844 2173 2897 l‘erre
2202 2852 2255 2896 et
2278 2842 2508 2897 tolerare
2539 2844 2832 2895 secundum
2861 2851 3066 2893 naturae
3108 2854 3219 2892 sua:
3245 2848 3437 2909 poten-

1898 2934 2024 2986 tiam
2086 2947 2148 2986 ac
2204 2933 2473 2985 virtutem.
2533 2929 2587 2984 Si
2627 2930 2839 2996 quidem
2902 2930 3016 3010 ipse
3068 2928 3308 3005 Christus
3357 2936 3441 2982 est

1902 3029 2086 3072 natura
2129 3020 2385 3072 virtutum
2420 3035 2433 3070 :
2466 3017 2580 3085 ipse
2609 3017 2749 3070 enim
2771 3013 3018 3082 iustitia,
3065 3032 3182 3085 qua:
3206 3018 3440 3070 humano
3516 3056 3519 3057 ν

1899 3111 2083 3179 generi
2113 3125 2214 3162 non
2243 3110 2297 3161 in
2321 3107 2700 3176 plenitudinem
2730 3105 3028 3173 splendoris
3055 3107 3289 3170 advenit,
3314 3108 3438 3174 quia

1899 3198 2052 3254 Jesus
2096 3198 2341 3252 Christus
2375 3197 2608 3263 seipsum
2661 3194 2956 3248 exinanivit
2990 3192 3161 3248 forma
3213 3196 3341 3259 Dei,
3380 3202 3441 3246 ut

1900 3288 2122 3341 formam
2152 3286 2292 3340 servi
2318 3286 2605 3352 acciperet.
2654 3282 2718 3334 Et
2757 3282 2801 3335 si
2831 3282 3045 3349 quidem
3088 3283 3153 3334 de
3195 3282 3323 3335 solis
3347 3281 3440 3334 Ju-

1902 3376 2029 3428 daeis
2051 3389 2227 3427 sermo
2253 3374 2541 3441 Scriptura:
2572 3374 2907 3442 loqueretur,
2939 3371 3159 3426 dixisset
3184 3370 3437 3434 forsitan,

1901 3465 2214 3531 Quanquam
2233 3466 2283 3515 in
2316 3465 2500 3516 umbra
2548 3463 2783 3517 ambulet
2835 3463 2994 3515 homo
3028 3478 3042 3514 :
3073 3462 3164 3514 sed
3204 3461 3350 3529 quia,
3384 3467 3442 3512 ut

1905 3552 2156 3615 arbitror,
2195 3552 2258 3604 de
2310 3549 2620 3604 melioribus
2669 3564 2845 3602 sermo
2878 3548 2936 3601 lit
2973 3562 3133 3616 quam
3168 3556 3322 3600 erant
3366 3547 3441 3600 illi

1904 3639 1992 3707 qui
2034 3638 2325 3693 secundum
2377 3639 2618 3690 umbram
2670 3638 2802 3706 legis
2833 3637 3114 3703 vivebant,
3162 3646 3439 3703 propterea

1906 3728 2158 3796 scriptum
2186 3735 2292 3789 est,
2325 3724 2633 3794 Quanquam
2661 3727 2713 3777 in
2743 3726 2965 3791 imagine
2999 3723 3220 3776 ambulet
3267 3723 3440 3774 homo.

1907 3816 2057 3882 Quod
2091 3815 2286 3867 clarius
2332 3814 2397 3867 ad
2429 3813 2751 3866 intellectum
2791 3814 2969 3867 veniet
3012 3828 3077 3865 ex
3103 3812 3441 3866 sermonibus

1908 3904 2128 3973 apostoli
2154 3902 2325 3966 Pauli,
2350 3906 2439 3969 qui
2467 3912 2575 3955 tres
2598 3904 2858 3970 quasdam
2877 3903 3078 3970 species
3102 3900 3442 3968 proprietatis

1908 3991 2150 4060 designat
2192 3990 2245 4043 in
2293 3989 2441 4057 lege,
2499 3989 2739 4041 umbram
2774 3990 2956 4042 dicens
2986 3997 3041 4041 et
3076 3989 3358 4055 imaginem
3389 3992 3444 4041 et

1908 4080 2210 4141 veritatem,
2245 4077 2318 4129 ait
2343 4091 2571 4142 namque
2601 4074 2646 4105 ⁸⁵
2681 4093 2694 4128 :
2725 4073 2970 4127 Umbram
2989 4076 3123 4127 enim
3149 4073 3339 4125 habens
3360 4074 3444 4124 lea:

1911 4168 2156 4219 bonorum
2197 4162 2517 4230 futurorum,
2569 4177 2671 4214 non
2718 4162 2881 4229 ipsam
2928 4162 3203 4228 imaginem
3251 4176 3443 4224 rerum,

1909 4271 1998 4324 per
2015 4253 2244 4322 singulos
2281 4268 2443 4303 annos
2469 4251 2649 4302 iisdem
2690 4250 2812 4318 ipsis
2847 4250 3025 4302 hostiis
3060 4265 3188 4316 quas
3222 4249 3447 4316 offerunt

245 4367 484 4422 operum
526 4347 733 4403 diaboli
782 4346 872 4414 qui
915 4344 1177 4398 homicida
1207 4343 1305 4395 fuit
1344 4345 1411 4397 ab
1458 4344 1609 4397 initio
1639 4362 1652 4398 :
1681 4353 1733 4398 et
1767 4344 1811 4396 si
1843 4356 1886 4409 ι)
1915 4344 2277 4404 indesinenter,
2302 4355 2565 4408 nunquam
2598 4347 2762 4402 potest
2798 4340 3092 4390 accedentes
3126 4339 3297 4404 facere
3333 4352 3449 4401 per-

247 4456 477 4499 tcrrena
527 4438 733 4506 sapias,
773 4445 826 4488 et
866 4441 1078 4486 terrena
1123 4432 1379 4499 loquaris,
1433 4440 1487 4484 et
1529 4432 1807 4485 thesaurus

246 4547 380 4589 tuus
414 4539 475 4585 et
516 4541 615 4581 cor
665 4534 814 4578 tuum
850 4525 901 4576 in
947 4530 1087 4576 terra
1121 4522 1209 4586 sit,
1273 4522 1467 4574 terreni
1526 4521 1807 4589 imaginem

247 4632 468 4692 portas.
504 4618 709 4670 Verum
744 4612 874 4681 quia
902 4611 954 4663 in
1001 4611 1084 4663 his
1112 4611 1241 4664 locis
1273 4609 1473 4663 inventi
1508 4625 1690 4664 sumus
1710 4650 1726 4675 ,
1754 4610 1807 4662 in

245 4711 457 4780 quibus
506 4707 574 4760 de
630 4702 861 4771 imagine
891 4714 1068 4754 sermo
1092 4709 1387 4753 commotus
1412 4705 1491 4752 est
1520 4737 1535 4762 ,
1564 4714 1811 4754 necessa-

242 4805 398 4857 rium
427 4799 652 4853 videtur
680 4794 839 4847 etiam
882 4789 1067 4859 psalmi
1098 4788 1239 4841 illius
1272 4786 1589 4842 versiculum
1619 4788 1669 4841 in
1701 4803 1811 4842 me-

243 4891 410 4945 dium
439 4887 771 4955 producere,
818 4881 873 4934 in
907 4882 1016 4949 quo
1061 4882 1126 4936 de
1159 4878 1526 4948 peccatoribus
1557 4881 1815 4948 scriptum

247 4989 343 5034 est
374 4978 422 5010 ⁸³
446 4992 462 5029 :
490 4976 738 5039 Domine,
766 4973 821 5024 in
837 4972 1047 5024 civitate
1066 4981 1155 5023 tua
1188 4969 1459 5036 imaginem
1482 4968 1713 5036 ipsorum
1748 4971 1815 5022 ad

248 5066 493 5122 nihilum
517 5064 741 5131 rediges.
775 5060 992 5114 Constat
1013 5073 1139 5129 ergo
1168 5058 1291 5127 quia
1316 5064 1659 5123 peccatorum
1685 5060 1817 5112 ima-

245 5159 449 5227 ginem
484 5155 540 5207 in
569 5153 789 5206 civitate
839 5164 935 5203 sua
988 5147 1126 5200 Deus
1173 5147 1239 5199 ad
1287 5144 1513 5197 nihilum
1572 5148 1814 5216 redigit:

252 5247 538 5313 iustorum
592 5250 773 5296 autem
831 5239 1111 5309 imaginem
1157 5236 1272 5288 sine
1328 5233 1482 5286 dubio
1537 5244 1722 5290 tuetur
1764 5246 1819 5290 et

249 5343 472 5391 servat.
507 5332 639 5387 Haec
667 5340 749 5386 est
773 5343 900 5399 ergo
929 5332 1101 5397 imago
1127 5321 1360 5385 terreni,
1390 5322 1440 5375 id
1485 5332 1575 5375 est
1626 5339 1817 5392 pecca-

336 5538 384 5569 “
421 5533 634 5588 Coloss.
675 5528 829 5590 1,15.
899 5526 943 5558 ⁸ο
969 5523 1129 5593 [Cor-
1171 5529 1264 5579 ιν»
1304 5514 1383 5570 49-
1455 5515 1500 5548 "
1544 5515 1748 5576 Matth-
1790 5538 1801 5569 ε

1903 5529 1970 5585 l5.
2047 5528 2092 5560 ⁸³
2124 5526 2145 5581 l
2180 5525 2304 5580 Cor.
2346 5534 2420 5585 xl,
2456 5518 2507 5572 1.

253 5623 321 5677 x,
371 5608 421 5658 I.
498 5600 590 5650 "l
624 5597 789 5649 l’aral.
825 5609 960 5660 xxix,
998 5589 1074 5642 15.

1912 4435 2090 4501 factos.
2110 4432 2247 4500 Ergo
2273 4430 2356 4483 lex
2383 4431 2624 4482 umbram
2647 4427 2808 4481 habet
2835 4426 3132 4481 futurorum
3162 4428 3447 4490 bonorum,

1914 4538 2015 4575 non
2047 4522 2215 4588 ipSam
2248 4518 2537 4587 imaginem
2581 4530 2781 4581 rerum,
2828 4515 3108 4569 ostendens
3140 4513 3258 4567 sine
3289 4515 3449 4566 dubio

1914 4611 2072 4664 aliam
2098 4623 2217 4663 esse
2244 4607 2531 4676 imaginem
2579 4620 2754 4657 rerum
2806 4618 2963 4671 quam
3011 4603 3149 4654 illam
3178 4618 3295 4665 qua:
3321 4601 3449 4669 legis

1914 4700 2101 4752 umbra
2131 4695 2463 4764 designatur.
2520 4693 2586 4747 Et
2641 4693 2685 4746 si
2745 4694 2867 4761 quis
2927 4699 3102 4760 potest
3148 4692 3450 4744 describere

1915 4786 2305 4843 observantiam
2342 4784 2486 4838 illam
2512 4780 2722 4837 Judaici
2752 4781 2952 4847 cultus,
2986 4781 3290 4835 consideret
3319 4789 3452 4834 tem-

1917 4879 2059 4947 plum
2088 4876 2215 4929 illud
2243 4890 2345 4928 non
2379 4874 2634 4927 habuisse
2664 4872 2947 4942 imaginem
2988 4885 3187 4934 rerum,
3212 4872 3302 4923 sed
3335 4886 3450 4920 um-

1917 4969 2066 5032 bram
2095 4983 2109 5019 :
2139 4967 2312 5018 videat
2349 4979 2562 5032 quoque
2591 4963 2763 5018 altare
2796 4962 3036 5014 umbram
3075 4973 3193 5011 esse
3219 4998 3235 5024 ,
3277 4960 3450 5009 videat

1917 5066 1969 5110 et
2009 5057 2184 5109 hircos
2234 5064 2287 5108 et
2325 5054 2522 5108 vitulos
2559 5054 2649 5121 qui
2678 5052 3011 5105 adducuntur
3058 5047 3122 5096 ad
3182 5045 3450 5096 victimam

1921 5147 2160 5201 umbram
2221 5159 2339 5199 esse
2393 5145 2479 5198 illa
2536 5143 2735 5204 omnia,
2790 5136 3076 5192 secundum
3139 5132 3266 5183 illud
3309 5133 3457 5197 quod

1919 5236 2176 5304 scriptum
2206 5243 2289 5288 est
2312 5233 2359 5265 ⁸⁸
2391 5249 2406 5284 :
2436 5231 2631 5286 Umbra
2676 5229 2818 5283 enim
2849 5232 2922 5277 est
2957 5222 3058 5272 vita
3095 5229 3274 5269 nostra
3302 5233 3460 5283 super

1919 5338 2130 5382 terram.
2167 5325 2224 5381 Si
2262 5326 2383 5394 quis
2416 5337 2541 5377 vero
2567 5321 2794 5375 transire
2814 5310 3047 5384 potuerit
3090 5306 3160 5358 ab
3194 5306 3291 5357 hac
3332 5320 3460 5358 um-

2584 5517 2627 5548 η
2664 5515 2803 5571 ρεαι,
2837 5519 3009 5569 ιχιιι,
3043 5500 3131 5554 20.
3211 5489 3256 5520 ⁵⁵
3291 5496 3468 5554 Hebr.
