3910 6258
289 347 313 400 ε
332 345 423 399 50⁵5

1639 320 1724 374 EX
1761 312 2058 372 ORIGENE

3658 272 3681 324 Ι
3692 272 3794 325 5M

289 460 408 522 bra,
434 454 610 509 veniat
657 451 721 504 ad
766 446 1051 516 imaginem
1101 457 1278 499 rerum
1323 451 1376 497 et
1423 440 1599 494 videat
1632 438 1830 492 adven-
1858 437 1902 494 A
1931 432 2082 500 ipsos
2128 425 2386 496 probare
2448 420 2506 475 in
2567 414 2673 471 illo
2734 422 2944 512 opere
3018 411 3103 459 et
3170 400 3256 503 in.
3322 393 3791 522 Ῐέιὲἶηξξτῒίειίἓ

295 559 403 600 tum
452 542 612 612 697
656 539 852 594 Christi
898 538 950 591 in
988 549 1150 591 carne
1192 535 1427 597 factum,
1470 533 1651 586 videat
1710 545 1830 585 eum

292 633 618 703 pontiﬁcem,
636 628 944 682 oll'erentem
961 627 1174 694 quidem
1196 632 1250 678 et
1279 637 1419 677 nunc
1443 621 1584 676 Patri
1608 620 1835 683 hostias,

294 731 350 774 et
376 718 713 789 postmodum
745 714 1045 770 oblaturum
1075 728 1089 766 :
1125 721 1179 764 et
1223 710 1484 778 intelligat
1521 709 1635 762 hmc
1658 707 1839 760 omnia

295 809 554 876 imagines
602 819 719 859 esse
760 803 1078 872 spiritalium
1119 815 1334 861 rerum,
1371 807 1425 851 et
1471 795 1842 862 corporalibus

296 896 484 951 olliciis
501 893 738 947 ctelestia
753 889 1226 957 designari.lmago
1241 901 1366 955 ergo
1384 884 1576 938 dicitur
1587 883 1689 937 hoc
1704 884 1843 951 quod

297 987 551 1056 recipitur
567 983 630 1037 ad
652 997 902 1052 praesens,
919 988 971 1033 et
992 978 1182 1032 intueri
1201 986 1375 1045 potest
1394 977 1621 1028 humana
1635 982 1841 1027 natura.

303 1076 358 1129 Si
391 1085 540 1143 potes
570 1082 746 1125 mente
777 1079 829 1124 et
856 1070 1033 1123 animo
1055 1075 1340 1134 penetrare
1374 1064 1561 1127 ccelos,
1597 1073 1654 1117 et
1697 1062 1846 1130 sequi

303 1161 481 1215 Jesum
516 1160 604 1228 qui
639 1155 935 1227 penetravit
959 1153 1145 1220 ctelos,
1177 1160 1230 1206 et
1254 1151 1460 1206 assistit
1493 1165 1633 1204 nunc
1679 1148 1849 1201 vultui

305 1251 399 1305 Dei
422 1264 518 1317 pro
534 1250 704 1309 nobis.
722 1248 792 1300 ibi
820 1244 1161 1300 inveniesilla
1188 1244 1324 1298 bona
1351 1256 1581 1311 quorum
1605 1241 1849 1295 umbram

305 1340 490 1394 habuit
519 1339 622 1403 lex,
644 1349 695 1390 et
726 1336 1011 1405 imaginem
1043 1333 1286 1387 Christus
1313 1332 1544 1385 ostendit
1578 1331 1629 1382 in
1663 1343 1850 1392 carne,

305 1443 423 1496 quae
453 1435 751 1496 prcharata
791 1433 920 1478 sunt
958 1423 1151 1486 beatis,
1187 1435 1305 1489 quae,
1341 1435 1438 1474 nec
1467 1420 1659 1474 oculus
1701 1419 1850 1480 vidit,

309 1531 407 1571 nec
450 1516 596 1570 auris
641 1514 876 1576 audivit,
920 1526 1020 1565 nec
1062 1511 1114 1563 in
1164 1525 1260 1565 cor
1301 1508 1536 1564 hominis
1586 1508 1852 1562 ascendit.

311 1609 441 1674 Qua:
470 1622 591 1661 cum
616 1605 816 1659 videris
842 1603 1108 1670 intelliges
1136 1601 1260 1671 quia
1291 1601 1380 1669 qui
1417 1600 1470 1654 in
1511 1601 1639 1668 ipsis
1665 1598 1855 1652 ambu-

312 1699 409 1763 lat,
436 1705 492 1751 et
524 1697 575 1749 in
609 1695 820 1749 illorum
855 1694 1121 1749 desiderio
1155 1702 1210 1747 et
1245 1691 1537 1760 cupiditate
1566 1688 1856 1758 perdurat,

313 1788 419 1840 iste
444 1801 550 1839 non
577 1786 629 1838 in
662 1785 911 1853 imagine,
943 1782 1032 1837 sed
1082 1783 1134 1834 in
1169 1782 1280 1848 ipsa
1311 1781 1420 1847 jam
1451 1778 1689 1833 ambulat
1712 1778 1858 1831 veri-

317 1884 447 1930 tate.
480 1873 850 1928 Verumtamen
887 1873 942 1924 in
981 1872 1205 1940 imagine
1230 1869 1459 1924 ambulat
1485 1870 1658 1924 homo.
1683 1868 1858 1936 Repe-

319 1977 495 2020 tamus
519 1978 648 2032 ergo
681 1978 983 2018 sermonem
1015 1962 1161 2018 illum
1191 1976 1349 2030 quem
1385 1961 1523 2013 dixit
1545 1958 1860 2028 Apostolus,

318 2056 372 2110 in
401 2071 506 2124 quo
533 2056 812 2122 generales
845 2059 980 2107 duas
1035 2053 1295 2121 imagines
1332 2050 1658 2119 designavit,
1700 2063 1864 2103 unam

319 2146 533 2213 quidem
567 2155 855 2206 terrenam,
891 2145 1049 2198 aliam
1084 2156 1214 2195 vero
1237 2139 1535 2203 celestem,
1564 2147 1618 2193 et
1644 2152 1865 2207 compa-

321 2252 499 2291 remus
523 2236 588 2290 ad
624 2238 743 2298 hoc,
763 2235 1073 2304 Quanquam
1094 2234 1147 2286 in
1176 2232 1400 2299 imagine
1425 2225 1655 2282 ambulat
1677 2226 1829 2280 homo
1844 2242 1865 2290 ;

319 2334 372 2380 et
422 2326 527 2380 hoc
580 2325 721 2393 quod
778 2324 1103 2393 generaliter
1154 2322 1356 2375 dictum
1389 2327 1504 2380 est,
1560 2317 1615 2370 in
1672 2315 1868 2370 multas

321 2416 529 2485 species
550 2416 866 2476 dividamus,
900 2421 957 2467 ut
985 2427 1106 2466 cum
1137 2408 1396 2464 dividitur
1423 2418 1601 2460 sermo
1633 2417 1732 2472 per
1754 2402 1871 2457 sin-

321 2507 441 2575 gula
497 2515 658 2572 atque
708 2504 1026 2565 discutitur,
1065 2501 1324 2555 clarescat
1360 2496 1501 2565 quod
1548 2493 1873 2548 intrinsecus

321 2595 473 2650 latet.
502 2595 613 2648 Hoc
647 2606 726 2648 est
747 2603 925 2646 autem
962 2592 1102 2659 quod
1126 2590 1355 2644 dicimus
1386 2585 1609 2641 :Omnis
1636 2590 1898 2652 potestas‘

324 2684 562 2746 inimica,
598 2691 1006 2749 etunaqumque
1037 2679 1206 2731 virtus
1242 2676 1422 2729 divina
1460 2688 1582 2741 qua:
1615 2670 1874 2724 auxilium

323 2782 543 2841 praestat
576 2772 660 2825 his
680 2772 769 2838 qui
805 2771 1029 2823 salutem
1063 2765 1317 2833 consequi
1348 2765 1615 2830 cupiunt:
1653 2759 1878 2827 singulae

275 2899 282 2903 -
326 2865 515 2916 harum
533 2862 790 2927 imagines
809 2860 1064 2927 quasdam
1084 2857 1390 2922 exprimunt
1412 2853 1463 2904 in
1490 2849 1664 2903 anima
1690 2863 1878 2903 eorum

328 2954 418 3019 qui
454 2966 511 3005 se
543 2952 608 3004 ad
640 2946 1036 3016 receptaculum
1076 2958 1259 3020 earum
1291 2940 1524 2994 diversis
1570 2940 1763 2994 studiis
1788 2954 1884 2993 ex-

331 3040 534 3094 hibent.
558 3038 718 3091 Verbi
749 3036 942 3104 gratia.
974 3035 1112 3086 sicut
1145 3031 1388 3098 superius
1410 3029 1667 3094 diximus,
1690 3045 1883 3084 omnes
1909 3043 1952 3098 ο

330 3131 543 3198 quidem
589 3125 862 3187 homines,
901 3130 993 3175 aut
1038 3120 1295 3180 caelestis,
1328 3128 1420 3172 aut
1453 3120 1650 3172 terreni
1686 3119 1878 3187 imagi-

333 3236 454 3274 nem
478 3229 775 3287 portamus,
806 3216 900 3269 sed
927 3222 983 3268 et
1013 3212 1065 3266 in
1098 3211 1182 3265 his
1206 3209 1335 3279 ipsis
1364 3208 1530 3263 multa
1568 3208 1876 3263 diversitas.

333 3308 528 3374 Ulputa
572 3306 747 3361 omnis
797 3310 1050 3372 peccator
1100 3308 1277 3369 portat
1311 3297 1596 3366 imaginem
1656 3297 1881 3360 terreni,

332 3399 427 3453 sed
463 3412 568 3450 non
598 3394 772 3449 omnis
805 3390 1052 3446 similiter
1087 3409 1100 3444 :
1135 3403 1238 3442 non
1271 3402 1423 3456 atque
1448 3386 1736 3456 imaginem
1771 3396 1882 3442 ter-

338 3488 452 3543 reni
487 3495 666 3555 portat
719 3483 989 3538 homicida
1035 3490 1091 3534 et
1147 3478 1398 3540 mendax,
1437 3485 1530 3531 aut
1575 3476 1790 3531 adulter
1825 3486 1882 3531 et

338 3577 714 3639 conviciosus,
778 3584 872 3628 aut
931 3586 1214 3640 puerorum
1278 3570 1566 3636 corruptor
1627 3576 1682 3622 et
1747 3567 1873 3631 fur,

337 3668 582 3738 quamvis
640 3679 826 3719 omnes
884 3662 971 3717 isti
1031 3659 1226 3715 terreni
1288 3658 1577 3726 imaginem
1632 3666 1884 3725 portent,

344 3760 438 3814 sed
472 3758 633 3811 multa
664 3764 745 3809 est
778 3755 919 3807 inter
950 3749 1096 3820 ipsos
1119 3747 1418 3803 differentia
1446 3760 1544 3814 pro
1572 3745 1888 3800 diversitate

341 3846 565 3915 peccati.
614 3840 921 3897 Secundum
957 3841 1051 3892 has
1075 3850 1206 3905 ergo
1250 3834 1589 3887 diversitates
1636 3831 1889 3901 imaginis

342 3934 562 4000 terreni,
617 3928 978 3998 contemplare
1021 3927 1183 3980 etiam
1219 3923 1585 3978 diversitatem
1635 3920 1889 3988 imaginis

343 4025 600 4084 caelestis,
641 4029 696 4074 et
735 4019 945 4072 intuere
982 4014 1205 4069 Paulum
1255 4021 1554 4081 portantem
1599 4011 1888 4080 imaginem

344 4111 597 4176 caelestis,
622 4117 677 4163 et
701 4106 1061 4161 Timotheum.
1088 4104 1152 4157 Et
1180 4102 1343 4172 quid?
1377 4110 1628 4169 putamus
1653 4101 1782 4170 quia
1807 4100 1886 4156 si-

346 4198 543 4252 militer
571 4208 629 4249 ut
655 4198 706 4247 in
742 4194 927 4257 Paulo,
955 4193 1029 4245 ita
1069 4200 1124 4245 et
1163 4192 1214 4243 in
1253 4188 1532 4243 Timotheo
1563 4196 1682 4242 erat
1710 4187 1889 4257 imago

345 4286 614 4340 caelestis?
642 4285 779 4337 Nihil
825 4282 1082 4352 amplius,
1128 4279 1258 4333 nihil
1301 4279 1609 4347 praeclarius
1648 4278 1886 4332 habebat

1936 532 2121 573 utrum
2152 515 2440 576 caelestis,

1939 607 2284 676 depingitur.
2335 573 2455 656 Sed
2501 608 2562 653 et
2598 594 2757 650 illud
2815 590 3229 649 admonere
3262 591 3395 632 vos
3441 573 3667 676 inutile
3690 588 3796 676 non

1941 666 2237 758 videbitur,
2276 693 2435 764 quod
2474 688 2654 745 multi
2688 687 2751 739 in
2791 683 2927 737 hoc
2962 676 3255 734 mundo
3292 679 3575 742 Ρτοβιετ
3604 666 3801 769 ί¹¹¹³ξί⁹

2483 525 2561 563 an
2604 517 2870 562 terrena
2921 499 3178 563 imago
3235 490 3312 544 in
3345 486 3567 540 anima
3612 493 3796 536 uosua

1949 888 2099 940 runt,
2130 891 2233 945 pro
2258 875 2371 927 hoc
2392 848 2832 925 tantummodo
2860 858 3060 930 quod
3104 848 3799 945 tyrannicae-spurious

1950 937 2221 1034 imagines
2245 962 2628 1031 deprehensae
2653 963 2840 1018 sunt,
2885 958 2962 1005 et
3017 950 3166 1003 hoc
3196 943 3433 999 solum
3470 939 3569 994 eis
3590 937 3802 993 suilecit

1952 1056 2019 1109 ad
2051 1054 2286 1109 crimen.
2322 1030 2758 1105 Perscrutetur
2792 1057 2973 1110 ergo
3014 1051 3227 1094 nunc
3261 1048 3345 1088 se
3391 1030 3805 1098 unusquisque

1954 1155 2224 1208 vestrum,
2251 1152 2310 1196 et
2335 1141 2534 1195 cordis
2563 1138 2656 1192 sui
2695 1146 2963 1189 arcana
3012 1130 3442 1183 recenseat.
3468 1133 3548 1174 ac
3576 1117 3804 1189 diligen-

1957 1245 2037 1288 ter
2074 1235 2325 1302 inquirat
2355 1244 2500 1299 quas
2544 1227 2627 1281 ibi
2685 1223 3047 1292 imagines
3103 1223 3354 1283 gerat.
3414 1211 3492 1265 Si
3554 1210 3809 1262 iuventas

1959 1301 2395 1378 l‘uerisihabere
2453 1318 2528 1372 ibi
2603 1315 2855 1369 formas
2978 1304 3269 1363 diaboli
3354 1311 3429 1356 et
3494 1301 3803 1369 imaginem

1959 1415 2200 1477 Satanae,
2233 1411 2382 1480 quod
2419 1409 2524 1462 tibi
2564 1408 2683 1461 erit
2721 1405 2886 1457 vita:
2929 1398 3352 1466 refugium,
3387 1392 3545 1463 quis
3585 1392 3809 1445 misere-

1959 1505 2107 1559 bitur
2133 1502 2388 1565 tui,cum
2429 1498 2501 1552 de
2550 1496 2776 1549 intimo
2817 1488 3173 1546 conclavi
3213 1485 3465 1539 cordis
3505 1481 3595 1534 tui
3631 1489 3809 1550 tyran-

1960 1593 2080 1646 nica
2120 1591 2304 1658 imago
2336 1584 2724 1657 proferetur?
2761 1583 2887 1641 Sin
2942 1590 3209 1634 autem
3269 1576 3382 1631 vis
3417 1584 3494 1630 ut
3533 1588 3645 1642 per
3690 1586 3806 1639 spe-

1961 1682 2074 1736 cies
2101 1682 2199 1736 tibi
2237 1678 2566 1749 huiusmodi
2626 1675 2975 1744 imagines
3050 1670 3465 1738 designem,
3504 1664 3670 1718 audi.
3711 1662 3810 1725 Ira,

1963 1775 2143 1841 imago
2205 1770 2510 1840 tyrannica
2566 1775 2690 1834 est,
2750 1763 3116 1828 avaritia,
3190 1759 3457 1822 dolus,
3522 1755 3811 1824 superbia.

1961 1870 2164 1923 tumor,
2201 1860 2394 1930 gloriae
2456 1856 2821 1919 smeulares,
2892 1852 3247 1913 invidiae,
3316 1851 3691 1913 ebrietates,
3726 1861 3812 1901 co-

1963 1952 2356 2013 messationes,
2389 1957 2449 2003 et
2478 1949 2571 2003 his
2595 1948 2865 2002 similia.
2900 1945 3130 2011 Quas
3162 1943 3227 1997 si
3267 1956 3409 1997 non
3453 1940 3642 1996 citius
3672 1938 3810 2005 abie-

1964 2040 2107 2094 ceris
2136 2040 2204 2094 de
2233 2039 2403 2093 domo
2438 2047 2564 2099 tua,
2598 2036 2647 2090 si
2681 2050 2810 2089 non
2843 2032 3295 2087 detraxeris
3343 2040 3418 2085 et
3462 2027 3755 2083 abraseris
3781 2040 3807 2077 ι

1966 2128 2218 2185 sensibus
2256 2127 2366 2181 tuis
2388 2139 2625 2180 omnem
2656 2126 2887 2180 lucum
2935 2123 3301 2191 pessima:
3339 2120 3540 2190 hujus
3569 2118 3807 2189 picturas,

1968 2230 2024 2274 et
2056 2233 2221 2272 omne
2261 2217 2599 2287 ﬁgmentum
2656 2214 3000 2268 venenati
3093 2213 3378 2267 coloris
3442 2210 3804 2267 absterseris,

1970 2308 2100 2378 ipsa:
2139 2316 2193 2362 te
2230 2306 2509 2375 imagines
2550 2305 2756 2373 perire
2819 2304 3152 2359 facient.
3215 2301 3389 2357 Haec
3431 2304 3515 2357 de
3557 2314 3630 2356 eo
3678 2297 3807 2369 quod

1971 2400 2241 2467 scriptum
2270 2407 2358 2452 est
2389 2412 2404 2449 :
2446 2396 2516 2449 In
2545 2396 2815 2465 imagine
2854 2396 3207 2448 ambulat
3251 2397 3482 2448 Ιιοηιο.

2046 2535 2104 2590 5.
2138 2533 2410 2602 Sequitur
2442 2548 2459 2584 :
2495 2530 2910 2584 Thesaurizat
2956 2541 3031 2585 et
3070 2532 3363 2603 ignorat
3400 2535 3503 2586 cui
3530 2537 3811 2600 congregat

1977 2624 2393 2693 ea.’0portebat
2416 2623 2575 2677 enim
2614 2623 2866 2690 requiri
2904 2637 3095 2692 qua:
3137 2636 3315 2678 sunt
3363 2639 3512 2692 quae
3549 2618 3810 2677 thesauri-

1979 2723 2178 2768 zantur
2208 2724 2266 2768 et
2303 2714 2647 2783 ignorantur
2681 2713 2790 2767 cui
2831 2725 3435 2785 congregentnr,
3459 2725 3523 2769 et
3550 2731 3678 2783 qum
3695 2722 3810 2768 sunt

1979 2818 2102 2872 quae
2119 2814 2535 2871 congregantur
2559 2812 2620 2856 et
2654 2794 2783 2857 no‘n
2817 2804 3286 2873 ignorantur
3312 2807 3424 2861 cui
3457 2813 3807 2874 permanent.

1983 2894 2281 2961 Sequitur:
2321 2892 2389 2945 Et
2427 2908 2573 2946 nunc
2622 2909 2762 2960 qua:
2802 2906 2909 2947 est
2956 2898 3408 2962 exspectatio
3444 2895 3619 2951 mea?
3649 2908 3810 2948 nam

1986 2984 2298 3038 Dominus?
2347 2981 2509 3037 Sicut
2542 2985 2859 3051 sapientia
2927 2996 3204 3043 nostra
3251 2989 3567 3043 Christus
3611 2992 3718 3047 est,
3760 2992 3810 3037 et

1982 3072 2191 3144 iustitia
2215 3072 2483 3127 Christus
2507 3082 2620 3137 est,
2638 3076 3043 3131 secundum
3072 3080 3279 3148 quod
3311 3080 3625 3148 scriptum
3646 3074 3805 3131 cst":

1988 3162 2093 3228 Qui
2127 3162 2305 3230 [actus
2347 3172 2426 3215 est
2467 3163 2761 3225 sapientia
2804 3167 3019 3221 nobis
3063 3185 3113 3222 α
3176 3169 3358 3236 Deo,
3410 3180 3471 3224 et
3502 3169 3726 3240 insutis
3766 3175 3811 3218 et

1988 3252 2350 3317 sanctiﬁcatio
2375 3261 2427 3305 et
2464 3254 2831 3317 redemptio;
2870 3257 2973 3310 ita
3034 3268 3119 3314 et
3156 3261 3604 3331 exspectatio,
3641 3258 3697 3314 id
3734 3269 3809 3311 est

1991 3341 2258 3410 patientia
2303 3349 2497 3395 nostra
2547 3340 2850 3397 Christus
2912 3355 3069 3400 est.
3114 3346 3501 3419 Propterea
3540 3363 3654 3402 non
3701 3345 3808 3415 gloo

1992 3433 2162 3485 rietur
2192 3431 2417 3501 sapiens
2451 3432 2511 3485 in
2545 3431 2901 3500 sapientia,
2945 3451 3101 3495 nec
3137 3440 3359 3496 fortis
3390 3441 3458 3495 in
3485 3436 3807 3495 fortitudine

1988 3533 2107 3585 sua,
2133 3519 2260 3586 quia
2294 3519 2482 3605 omnia
2511 3519 2823 3591 habemus
2859 3522 2938 3579 in
3016 3527 3359 3586 Christo.
3393 3532 3474 3586 Et
3510 3545 3663 3584 nunc
3685 3542 3805 3597 ergo

1989 3623 2111 3676 qua:
2160 3617 2245 3663 est
2271 3610 2648 3679 exspectatio,
2693 3610 2758 3666 id
2828 3625 2947 3670 est
3007 3624 3385 3688 patientia
3428 3621 3606 3679 mea?
3642 3619 3806 3675 Domi-

1991 3713 2113 3751 nus.
2154 3695 2224 3749 Et
2256 3700 2569 3753 substantia
2602 3717 2817 3758 mean
2863 3714 2932 3761 te
2967 3723 3116 3767 est.
3172 3712 3253 3768 Si
3295 3715 3515 3770 habeo
3562 3713 3805 3767 substano

1994 3790 2127 3841 tiam
2159 3789 2481 3843 divitiarum
2526 3791 2955 3864 spiritalium,
3026 3817 3073 3856 ι
3148 3806 3301 3862 Deo
3345 3817 3474 3862 est.
3515 3804 3802 3875 Ιιυιμσιὲι

1992 3878 2137 3932 enim
2175 3880 2318 3933 Deus
2342 3881 2397 3933 in
2416 3880 2623 3947 faciem
2654 3884 2961 3944 hominis
2993 3895 3337 3963 spiritum
3365 3899 3537 3966 vita,
3564 3908 3619 3954 et
3639 3898 3800 3964 factu

1993 3974 2071 4021 est
2086 3967 2241 4022 homo
2269 3970 2324 4022 in
2364 3970 2618 4023 animum
2651 3974 2857 4028 vivam
2885 3976 2980 4033 ⁸⁸.

2065 4098 2121 4153 4.
2153 4098 2232 4151 Ab
2260 4099 2510 4187 omnibus
2545 4100 2999 4170 iniquitatibus
3041 4115 3222 4170 meis
3259 4118 3437 4187 eripe
3468 4134 3583 4173 me.
3613 4115 3799 4172 Neces-

1996 4189 2141 4242 sario
2191 4186 2407 4240 addidit
2457 4188 2526 4240 ab
2585 4190 2912 4258 omnibus,
2958 4212 3099 4265 pro
3170 4186 3454 4262 scilicet
3510 4204 3667 4261 nulla
3707 4216 3798 4259 nos

2000 4285 2181 4366 teneat
2209 4286 2261 4330 et
2290 4278 3065 4366 constringat.iniquitas.
3108 4292 3258 4349 Sed
3290 4298 3618 4366 quomodo
3669 4295 3799 4348 Dens

348 4374 523 4438 imago
549 4370 696 4424 Pauli
733 4348 928 4438 praeter
946 4368 1234 4436 imaginem
1269 4364 1569 4420 Timothei?
1598 4365 1707 4434 Ego
1735 4364 1883 4419 arhi-
1919 4348 1970 4405 Ῑ)
2002 4363 2071 4417 ab
2108 4364 2508 4434 iniquitatibus
2544 4348 2831 4436 eripiat;
2850 4348 3495 4440 consideremus.“
3637 4383 3797 4455 pani-

351 4472 462 4514 tror
477 4460 597 4529 quia
615 4460 902 4513 secundum
919 4457 1172 4527 hocquod
1194 4458 1527 4527 praecedebat
1543 4458 1662 4509 vita:
1680 4456 1892 4520 merito,

349 4552 496 4605 verbi
530 4547 785 4618 potentia,
809 4548 1244 4616 magnanimitate
1284 4547 1543 4616 propositi
1575 4545 1770 4600 Paulus
1799 4545 1894 4600 Ti-

351 4644 647 4701 motheum,
679 4640 749 4692 ita
785 4638 917 4690 etin
954 4638 1042 4690 illo
1078 4637 1245 4704 major
1271 4652 1335 4692 ac
1358 4636 1688 4706 Splendidior
1731 4635 1895 4690 reful-

351 4730 509 4799 gebat
532 4729 707 4797 imago
737 4724 990 4791 ctelestis,
1018 4725 1232 4794 qualem
1262 4726 1318 4780 in
1362 4725 1454 4780 illo
1487 4724 1719 4779 faciebat
1756 4724 1890 4778 ima-

352 4820 528 4888 ginem
554 4815 823 4880 Christus,
857 4829 976 4868 cum
1014 4816 1067 4868 in
1090 4830 1155 4868 eo
1178 4814 1487 4882 loqueretur
1519 4831 1533 4868 :
1567 4823 1621 4867 et
1651 4813 1808 4867 aliam
1837 4822 1891 4868 et

354 4908 532 4976 longe,
571 4915 624 4959 ut
657 4920 754 4974 ego
797 4907 1050 4968 arbitror,
1107 4903 1417 4958 inferiorem
1467 4904 1519 4956 in
1548 4903 1637 4957 illo
1665 4902 1894 4956 faciebat

356 4999 645 5066 imaginem
667 4998 756 5065 qui
789 4997 1001 5051 dicebat
1023 4997 1070 5029 "
1097 5012 1112 5049 :
1142 4992 1209 5045 Et
1235 4994 1368 5046 dixit
1389 4995 1603 5062 angelus
1618 4996 1707 5061 qui
1720 4994 1895 5062 loque-

357 5089 513 5140 batur
548 5088 602 5140 in
633 5102 728 5150 me,
753 5095 808 5139 et
827 5086 903 5139 sic
932 5101 1025 5154 per
1062 5082 1265 5148 singula
1308 5082 1468 5135 etiam
1501 5084 1640 5151 apud
1669 5087 1894 5151 teipsum

359 5179 658 5245 requirens,
688 5178 1052 5233 diversitatem
1085 5176 1323 5230 invenies
1368 5174 1618 5242 imaginis
1652 5174 1767 5228 sive
1790 5181 1898 5227 ter-

359 5277 501 5317 renae
524 5264 574 5316 in
599 5265 982 5331 peccatoribus,
1005 5265 1116 5317 sive
1148 5262 1383 5318 caelestis
1410 5260 1463 5314 in
1488 5263 1707 5316 sanctis.
1726 5260 1897 5315 Omne

360 5365 486 5419 ergo
518 5353 659 5419 quod
693 5355 868 5422 agitur
902 5369 930 5406 a
973 5353 1126 5407 nobis
1164 5366 1261 5420 per
1317 5350 1553 5420 singulas
1601 5352 1762 5405 horas
1808 5349 1896 5402 vel

364 5449 652 5504 momenta,
672 5442 955 5510 imaginem
981 5442 1216 5510 aliquam
1242 5440 1509 5496 deformat
1538 5455 1553 5491 :
1581 5448 1636 5495 et
1656 5440 1777 5494 ideo
1801 5452 1898 5507 per

364 5526 569 5592 siugnla
594 5530 818 5581 scrutari
849 5530 1102 5584 debemus
1127 5541 1281 5586 actus
1313 5538 1547 5603 nostros,
1575 5538 1630 5584 et.
1664 5537 1900 5583 nosmet-

438 5619 482 5649 “
508 5618 668 5673 Zach.
700 5637 737 5687 ι,
777 5622 862 5675 li.
933 5624 974 5655 ⁵⁷
1007 5621 1027 5674 l
1058 5626 1179 5678 Cos.
1205 5643 1242 5691 ι,
1273 5626 1359 5680 '50.
1435 5626 1480 5658 ³⁸
1508 5625 1641 5681 Gen.
1671 5638 1728 5689 tt,
1763 5624 1814 5678 7.

2000 4462 2183 4555 tentes
2216 4469 2319 4523 pro
2356 4456 2526 4510 malis
2556 4460 2745 4527 gestis
2772 4478 3297 4532 convertamur
3324 4483 3410 4535 ad
3453 4481 3664 4544 Deum.
3687 4493 3797 4533 sm.

2001 4546 2213 4644 ‘cipiens
2258 4546 2498 4644 auiobis
2529 4547 2688 4605 Dens
2728 4563 3280 4623 conversionem
3324 4582 3632 4636 nostram,
3657 4570 3797 4627 abso-

2000 4630 2267 4687 lutionem
2304 4633 2684 4703 iuiquitatum
2725 4643 2939 4702 donat
3010 4660 3413 4715 secundum
3480 4630 3791 4717 mensuram

1999 4723 2405 4822 conversionis.
2425 4726 2542 4822 Fui
2573 4729 2735 4783 enim
2772 4734 2930 4801 plus
2969 4748 3393 4815 remittitur,
3424 4752 3563 4822 plus
3588 4750 3788 4820 diligit:

2000 4818 2053 4864 et
2082 4825 2375 4882 propterea
2407 4817 2626 4871 dicitur
2647 4822 2699 4852 “
2727 4825 2881 4891 quia
2910 4835 3198 4895 mulieri
3226 4842 3329 4899 illi
3356 4817 3556 4899 multa
3581 4817 3787 4899 renisu

2001 4910 2147 5008 sunt,
2183 4903 2310 4972 quia
2345 4906 2542 5008 dilesit
2572 4910 2862 5008 multum.
2918 4920 3062 4979 Pro
3099 4944 3426 4989 mensura
3455 4951 3603 5008 ergo
3625 4932 3787 5005 Ρωείο

2006 4994 2219 5061 ιθιιιίω,
2260 4997 2623 5055 remissionis
2660 5010 2999 5073 quantitas
3054 5025 3461 5082 moderatur
3492 4994 3642 5084 :‘ne-
3672 5041 3787 5080 nos-

2005 5085 2277 5190 metipsos
2323 5087 2702 5190 seducamus,
2750 5109 3071 5167 putantes
3112 5114 3333 5172 nullis
3370 5119 3511 5175 hac
3566 5117 3783 5190 regulis,

2005 5174 2176 5280 nullis
2198 5178 2517 5280 dispensari
2541 5181 2820 5280 iudiciis.
2847 5191 3059 5268 698
3090 5199 3276 5261 Puto
3308 5174 3495 5265 enim
3528 5174 3681 5280 quod
3698 5174 3782 5276 qui

2003 5278 2207 5375 omnes
2227 5272 2476 5375 justitias
2494 5276 2861 5348 impleverit,
2901 5285 3014 5357 ille
3046 5306 3294 5354 omnes
3335 5272 3786 5375 abluat-iniqui-

2008 5365 2187 5462 ξθηθδο
2211 5365 2309 5434 qui
2335 5381 2473 5423 vero
2503 5382 2757 5438 paucas,
2788 5375 2886 5430 vel
2919 5391 3178 5445 partem
3230 5390 3525 5461 aliquam
3551 5365 3780 5462 iustitiae

2006 5458 2289 5541 operatus
2320 5466 2428 5524 est,
2454 5468 2681 5529 partem
2718 5461 2986 5535 aliquam
3026 5458 3463 5541 iniquilatum
3500 5458 3776 5537 resolvat:

2012 5540 2115 5605 (ιιιῑ
2141 5560 2285 5605 vero
2319 5552 2632 5622 perlectam
2677 5570 2788 5628 pro
2820 5560 3108 5618 omnibus
3148 5540 3357 5627 malis
3394 5583 3462 5629 et
3508 5574 3780 5645 integrata

1891 5627 1936 5658 ’³
1966 5628 2112 5695 Ῑιίυ.
2158 5660 2266 5715 ut,
2295 5650 2386 5707 47.
