3910 6246
254 352 283 404 1
298 347 408 404 405

909 349 1210 405 SELECTA
1245 351 1310 406 IN
1348 351 1678 408 rsawos.
1716 381 1778 389 —
1815 347 2040 403 llOMlL.
2081 314 2097 404 ι
2136 350 2203 403 IN
2232 350 2420 404 PSAL.
2453 348 2729 402 xxxvnt.

3292 343 3428 398 1406

252 458 646 528 ptenitentiam
675 462 923 530 gesserit,
965 464 1037 516 ita
1069 472 1126 517 ut
1155 479 1342 532 purum
1383 481 1476 519 cor
1503 465 1611 531 jam
1629 463 1810 517 oﬂeral
1835 466 1879 518 A
1904 462 2342 516 etconsistentem
2365 461 2642 514 adversum
2673 475 2768 512 nos
2793 467 3121 525 peccatorem
3142 457 3385 511 describit
3412 475 3425 509 :

252 555 400 615 Deo,
431 551 532 604 iste
561 551 724 603 simul
757 568 972 604 omnem
1009 553 1178 607 labem
1207 555 1708 621 diluitpeccatorum
1732 569 1747 604 :
1767 554 1810 605 si

246 655 400 694 vero
422 655 492 695 ex
513 650 664 707 parte
695 641 960 707 pteuitnit,
980 653 1030 693 et
1054 658 1114 694 ex
1143 653 1288 707 parte
1305 644 1411 708 jam
1440 645 1630 695 meruit
1652 643 1808 695 abso-

246 729 305 780 lu
319 731 552 782 ti0ttetn.
573 729 692 782 llu'c
713 744 843 798 ergo
860 731 1036 783 sciens
1054 735 1326 797 propheta,
1343 741 1394 783 et
1414 733 1538 798 quia
1556 735 1806 798 quosdam

239 818 486 882 quidem
518 819 678 886 eripit
721 820 859 872 Deus
891 822 957 871 ab
987 821 1232 872 omnibus
1264 821 1630 888 iniquitatibus
1657 822 1768 874 suis
1792 860 1807 884 ,

239 907 528 971 quosdam
585 906 653 957 ab
689 907 958 973 aliquibus
1003 907 1370 974 iniquitatibus
1419 909 1638 969 liberat,
1684 919 1808 976 puto

235 994 401 1060 quod
438 1004 725 1062 propterea
777 997 1051 1048 conlidens
1083 998 1257 1063 egisse
1304 1012 1360 1050 se
1388 1013 1449 1050 ea
1482 999 1672 1064 quibus
1726 998 1809 1049 di-

234 1093 427 1147 gnum
461 1092 609 1136 esset
655 1086 720 1136 ab
753 1085 998 1136 omnibus
1052 1085 1424 1152 iniquitatibus
1473 1087 1626 1152 eripi,
1680 1086 1808 1140 dicit

236 1170 531 1226 audacter
580 1171 646 1224 ad
698 1172 1019 1225 Dominum:
1052 1173 1128 1223 Ab
1175 1175 1408 1226 omnibus
1453 1175 1807 1242 iniquitatibus

234 1267 380 1318 meis
403 1265 555 1330 eripe
582 1276 680 1314 me.

315 1353 380 1407 5.
411 1351 774 1419 Opprobrium
798 1349 1062 1414 insipienti
1101 1350 1284 1401 dedisti
1310 1363 1407 1400 me.
1443 1347 1620 1400 Donec
1644 1347 1808 1399 habe-

232 1457 373 1497 mus
412 1450 667 1507 peccata,
703 1453 926 1492 necesse
956 1447 1038 1491 est
1079 1453 1172 1490 nos
1217 1436 1526 1504 exprobrari
1563 1437 1628 1488 ab
1672 1436 1804 1489 insi—

233 1529 444 1595 piente
480 1535 536 1578 et
569 1534 879 1578 accusatore
908 1536 1090 1579 nostro
1115 1525 1360 1578 diabolo:
1386 1533 1438 1577 et
1460 1525 1502 1576 si
1532 1523 1808 1575 invenian-

234 1624 334 1668 tur
375 1624 614 1682 peccata
651 1623 829 1665 nostra
863 1631 963 1665 non
998 1628 1116 1666 esse
1145 1613 1314 1665 deleta
1339 1652 1353 1675 ,
1393 1613 1483 1664 sed
1522 1611 1718 1679 scripta
1753 1611 1803 1662 in

233 1703 416 1756 nobis
457 1702 603 1771 stylo
630 1702 848 1762 diaboli,
878 1715 972 1766 per
997 1702 1108 1753 haec
1135 1700 1246 1767 ipsa
1277 1715 1396 1766 quae
1424 1700 1684 1767 gessimus
1717 1713 1808 1750 ex—

1905 556 1958 602 et
1992 549 2113 614 quia
2160 549 2260 600 hoc
2312 549 2480 610 ipsum
2525 548 2720 598 indicet
2768 545 2959 598 fecisse
2991 546 3186 608 Deum,
3222 546 3273 598 id
3306 559 3383 598 est
3409 584 3425 608 ,

1905 637 2042 704 quod
2075 637 2314 689 exercitii
2349 635 2514 686 nostri
2548 649 2706 686 eausa
2743 643 2794 686 et
2823 634 3089 700 profectus
3121 635 3257 688 Deus
3285 633 3426 687 fece-
3501 701 3503 704 q

1910 726 1977 776 rit
2021 725 2119 776 ista
2161 725 2476 776 certamina.
2514 723 2634 774 l.leo
2672 736 2798 787 ergo
2831 737 3034 773 memor
3059 739 3180 785 eru,
3211 723 3333 789 quia
3367 733 3420 774 ιιι

1906 810 2072 862 fecisti
2098 824 2293 876 agones
2323 811 2451 861 istos
2485 818 2533 859 et
2564 819 2613 858 tu
2648 807 2796 857 nobis
2819 807 2927 857 haec
2946 806 3196 857 exercitia
3223 807 3428 872 patien-

1906 900 1988 951 tia:
2011 900 2334 967 praeparasti.
2355 899 2481 950 Cum
2499 897 2636 949 enim
2661 898 2724 947 ad
2750 895 3073 947 iracundiam
3099 905 3428 960 provocaret,

1904 1003 2021 1042 eum
2045 988 2296 1041 conviciis
2335 988 2636 1048 lacesseret,
2669 1000 2732 1036 ne
2759 984 3024 1051 patientia:
3067 983 3232 1035 lineas
3259 997 3418 1035 etme--

1905 1075 2105 1142 derem,
2129 1084 2181 1128 et
2202 1076 2414 1127 vet-bum
2435 1074 2642 1141 aliquod
2659 1073 2796 1141 quod
2829 1071 2921 1123 tibi
2944 1085 3043 1122 non
3073 1069 3277 1137 placeat
3300 1085 3420 1136 pro-

1904 1160 2098 1216 ferrem
2137 1164 2200 1217 de
2236 1163 2391 1216 labiis
2436 1163 2598 1224 meis,
2643 1160 2871 1212 obmutui
2914 1168 2960 1211 et
3013 1174 3110 1210 non
3149 1159 3329 1224 aperui
3373 1175 3427 1209 os

1904 1268 2089 1304 meum.
2160 1249 2215 1302 Si
2281 1262 2409 1302 vero
2461 1251 2686 1317 amplius
2725 1248 2918 1316 aliquid
2959 1248 3246 1300 secundum
3280 1245 3428 1298 Pauli

1905 1347 2101 1391 statuta
2122 1335 2821 1404 “valueroproﬂigare,non
2849 1335 3019 1390 solum
3064 1338 3425 1389 obmutescam

1906 1431 1958 1474 et
1988 1437 2090 1474 non
2135 1424 2365 1488 aperiam
2412 1437 2473 1475 os
2509 1437 2713 1485 meum,
2749 1423 2840 1476 sed
2878 1431 2931 1476 et
2970 1437 3087 1475 cum
3117 1422 3425 1486 maledicor,

1906 1510 2212 1563 benedicam
2245 1521 2296 1562 et
2325 1511 2712 1576 blasphemalus
2739 1512 3068 1578 deprecabor

1975 1599 2025 1650 7.
2065 1599 2250 1650 Amore
2276 1615 2304 1649 τι
2342 1615 2419 1649 me
2443 1599 2623 1665 plagas
2651 1611 2788 1660 tuas,
2821 1616 2852 1650 a
2897 1600 3200 1661 fortitudine
3246 1615 3429 1652 manus

1907 1696 2008 1738 tua:
2048 1702 2137 1751 ego
2165 1685 2343 1746 deieci.
2381 1685 2528 1747 Quod
2558 1685 2729 1737 Latini
2767 1687 3085 1752 interpretes
3129 1687 3306 1755 plagas
3347 1690 3431 1742 di-

233 1791 555 1857 probrabit
592 1805 689 1841 nos
735 1789 1005 1841 inimicus.
1047 1789 1194 1840 Sicut
1240 1788 1378 1840 enim
1421 1789 1552 1840 bona
1586 1801 1799 1851 qumque

1911 1786 2118 1836 xerunt,
2168 1775 2218 1825 in
2252 1774 2452 1825 Graecis
2485 1773 2756 1826 codicibus
2790 1772 2993 1838 ﬂagella
3031 1753 3288 1843 scriptum
3328 1787 3430 1843 est,

232 1880 469 1945 scripta
509 1877 767 1929 dicuntur
813 1891 915 1926 non
974 1885 1293 1936 atramento,
1339 1877 1427 1927 sed
1477 1876 1662 1940 spiritu
1715 1874 1803 1927 Dei

235 1968 382 2030 vivi,
432 1967 515 2020 ita
563 1966 701 2016 mala
728 1979 950 2031 qua-que
981 1965 1390 2017 conscribuntur
1422 1971 1717 2014 atramento
1755 1972 1807 2013 et

235 2057 474 2110 calamo
505 2055 728 2106 diaboli.
759 2054 981 2120 Propter
1011 2054 1150 2121 quod
1195 2053 1446 2104 Dominus
1473 2062 1525 2104 et
1563 2050 1807 2103 Salvator

235 2149 449 2193 noster
503 2138 701 2192 delevit
749 2138 1163 2203 chirographum
1213 2146 1550 2204 peccatorum
1600 2148 1807 2190 nostru-

237 2239 394 2285 rum,
464 2222 609 2288 quod
659 2232 775 2274 erat
813 2225 1089 2275 adversum
1121 2237 1216 2274 nos
1255 2223 1464 2275 diabolo
1491 2223 1808 2291 astipulante

229 2310 654 2376 conscriptum,
686 2310 826 2362 sicut
865 2318 918 2361 et
947 2321 1071 2362 ante
1103 2311 1419 2376 praidixerat
1450 2321 1543 2378 per
1582 2314 1806 2379 prophe-

228 2404 351 2451 tam
389 2397 680 2451 dicentem
705 2398 752 2428 ⁸ο
781 2414 793 2449 :
821 2397 952 2450 Ecce
982 2399 1122 2450 deleo
1147 2399 1276 2450 sicut
1300 2401 1478 2451 nubem
1510 2401 1806 2463 iniquitates

223 2496 382 2552 tuas,
411 2494 473 2540 et
503 2488 639 2538 sicut
671 2486 908 2538 nebulam
945 2496 1151 2552 peccata
1197 2495 1306 2548 tua,
1348 2497 1392 2538 et
1433 2487 1564 2538 ultra
1592 2505 1690 2540 non
1721 2506 1806 2541 ero

227 2591 480 2630 menter.
524 2575 595 2629 Ut
633 2588 764 2642 ergo
813 2589 914 2627 non
959 2574 1340 2642 eXprobremur
1394 2577 1459 2627 ab
1508 2577 1804 2643 insipiente,

227 2671 642 2717 convertamus
671 2676 768 2714 nos
796 2664 861 2713 sb
893 2662 1137 2714 omnibus
1175 2661 1546 2727 iniquitatibus
1584 2665 1804 2726 nostris,

230 2765 304 2804 ne
346 2750 770 2818 reprehendens
814 2753 865 2802 in
905 2751 1056 2802 nobis
1096 2751 1324 2803 maculas
1360 2760 1716 2817 peccatorum,
1749 2754 1798 2804 id

228 2849 317 2891 est
366 2853 491 2890 sua:
549 2837 838 2889 voluntatis
891 2837 1136 2903 insignia,
1186 2839 1470 2905 exprobret
1513 2848 1568 2891 et
1617 2841 1801 2892 dicat:

226 2929 378 2982 Ecce
412 2927 514 2980 hic
567 2925 903 2979 Christianus
952 2927 1248 2989 dicebatur,
1291 2936 1346 2979 et
1392 2928 1542 2995 signo
1597 2929 1797 2982 Christi

1907 1875 1961 1914 ut
1985 1865 2052 1916 sit
2077 1881 2088 1915 :
2114 1864 2297 1914 Amore
2322 1879 2351 1914 α
2376 1879 2453 1914 me
2474 1862 2679 1929 ﬂagella
2709 1872 2820 1913 tua.
2846 1861 2995 1926 Quod
3019 1863 3229 1915 videtur
3251 1863 3433 1927 utique

1906 1955 2080 2005 dicere
2140 1954 2339 2018 positus
2377 1955 2528 2018 quasi
2589 1954 2638 2002 in
2693 1951 3026 2019 correptione
3065 1950 3429 2018 ﬂagellorum,

1904 2057 2021 2094 cum
2061 2041 2198 2092 sicut
2223 2042 2378 2092 homo
2412 2054 2506 2105 pro
2533 2040 2764 2107 peccatis
2793 2039 3106 2108 corripitur,
3151 2040 3228 2092 vel
3254 2030 3432 2104 ﬂagel-

1908 2130 2045 2182 latur
2073 2138 2129 2182 ut
2179 2129 2513 2182 emendetur.
2548 2129 2698 2182 Sicut
2727 2137 2781 2180 et
2812 2129 2937 2180 illttd
2969 2143 2997 2180 a
3025 2129 3428 2196 quamplurituis

1906 2219 2219 2287 intelligitur
2249 2220 2386 2286 quod
2413 2219 2670 2286 scriptum
2689 2229 2770 2272 est
2791 2221 2863 2273 “:
2886 2219 3016 2279 Fili,
3035 2217 3138 2270 noli
3175 2219 3431 2270 πράξω-εει

1902 2308 2177 2374 disciplina
2213 2306 2330 2370 Dei,
2355 2322 2512 2376 neque
2549 2307 2759 2374 deﬁcias
2787 2325 2901 2359 cum
2927 2309 2988 2358 ab
3033 2323 3092 2359 eo
3127 2307 3428 2372 increparis.

1907 2397 2071 2459 Quem
2104 2397 2236 2448 enim
2277 2395 2448 2463 diligit
2503 2395 2664 2458 Deus,
2717 2397 2956 2462 corripit,
2995 2394 3222 2462 ﬂagellat
3261 2402 3431 2446 autem
3491 2439 3497 2445 .

1905 2500 2102 2537 onmem
2133 2484 2297 2552 filium
2338 2499 2485 2552 quem
2532 2485 2732 2548 recipit.
2790 2483 2846 2537 Si
2891 2483 3100 2552 quando
3145 2497 3271 2548 ergo
3312 2483 3432 2549 quis

1908 2575 2274 2642 hujuscemodi
2308 2573 2737 2640 correptionibus
2768 2574 3096 2640 increpatur,
3131 2581 3432 2638 competen-

1908 2674 1989 2717 ter
2027 2662 2203 2716 dicere
2249 2661 2463 2715 videtur
2495 2682 2506 2715 :
2540 2661 2729 2715 Amove
2776 2678 2806 2712 a
2850 2676 2930 2713 me
2983 2657 3194 2726 ﬂagella
3241 2668 3354 2711 tua.
3387 2657 3430 2710 Α

1849 2746 1852 2748 ’
1905 2753 2214 2820 fortitudine
2247 2767 2431 2804 manus
2456 2761 2559 2804 tua:
2595 2767 2685 2820 ego
2715 2750 2899 2818 defeci.
2926 2748 3026 2802 Sed
3061 2749 3188 2802 illud
3216 2755 3430 2814 compe-

1907 2852 2077 2894 tenter
2113 2843 2320 2895 videtur
2350 2843 2517 2910 aptari
2567 2841 2707 2908 quod
2736 2840 2990 2905 scriptum
3024 2847 3104 2890 est
3136 2856 3150 2892 :
3177 2837 3242 2888 In
3267 2837 3430 2888 incre-

1903 2932 2195 2998 pationibus
2239 2941 2448 2999 propter
2492 2931 2818 2997 iniquitatem
2855 2927 3151 2993 corripuisti
3187 2925 3267 2978 vel
3310 2940 3430 2977 eru-

225 3015 654 3086 sig-nabaturin
687 3015 882 3080 fronte,
916 3031 1061 3069 meas
1083 3025 1257 3069 autem
1281 3018 1582 3072 voluntates
1604 3029 1654 3072 et
1685 3034 1799 3072 mea
1831 3043 1870 3098 ε
1904 3020 2026 3071 disti
2063 3020 2340 3072 hominem.
2370 3019 2471 3072 Sed
2492 3017 2634 3070 'novi
2674 3029 2771 3082 ego
2803 3023 2855 3066 et
2899 3013 3000 3066 alia
3059 3013 3264 3081 ﬂagella
3314 3012 3427 3081 (70)

226 3104 630 3172 chirographa
675 3105 896 3172 gerebat
943 3106 994 3157 in
1027 3106 1204 3159 corde.
1246 3105 1386 3160 Ecce
1424 3107 1522 3160 iste
1549 3107 1638 3174 qui
1675 3108 1799 3160 mihi

223 3205 282 3249 et
313 3195 597 3262 operibus
623 3193 758 3246 meis
787 3194 1114 3246 renuntiavit
1147 3195 1196 3245 in
1223 3194 1503 3262 baptismo,
1531 3197 1661 3249 meis
1693 3212 1804 3249 rur-

223 3296 354 3334 sum
419 3279 695 3343 operibus
734 3292 791 3331 se
833 3280 1056 3330 inseruit
1097 3280 1334 3346 meisque
1376 3280 1577 3344 legibus
1608 3288 1800 3348 paruit.

226 3366 502 3421 Liberali
549 3380 682 3431 ergo
717 3367 783 3418 ab
807 3368 1050 3420 omnibus
1077 3367 1468 3434 iniquitatibus,
1493 3370 1798 3424 studeamus

221 3469 297 3508 ne
331 3456 390 3508 in
430 3456 528 3508 die
556 3453 745 3520 jndicii
779 3455 1138 3520 hujuscemodi
1175 3457 1477 3524 opprobriis
1507 3457 1801 3525 insipientis

220 3543 440 3596 diaboli
478 3544 926 3597 succumbatnus.

295 3632 356 3685 6.
392 3632 670 3686 Obmutui
693 3642 741 3685 et
765 3649 866 3684 non
893 3628 1072 3699 aperiri
1100 3650 1156 3686 os
1185 3650 1384 3697 meum,
1409 3638 1532 3704 quia
1561 3646 1615 3687 tu
1636 3653 1686 3689 es
1710 3638 1797 3705 qui

216 3720 427 3783 fecisti.
466 3720 599 3774 Jam
629 3728 682 3774 et
721 3720 821 3773 hoc
861 3721 1106 3788 superius
1141 3723 1502 3788 exposuimus,
1538 3739 1655 3776 cum
1690 3735 1798 3778 tra-

214 3816 524 3860 ctaremus
561 3807 708 3858 illum
745 3807 1062 3860 versiculum
1123 3811 1209 3875 qui
1245 3812 1317 3862 ait
1349 3827 1361 3860 :
1398 3810 1529 3862 Dum
1567 3814 1796 3866 consistit

209 3905 492 3963 peccator
539 3897 816 3947 adversum
841 3911 940 3958 me,
968 3896 1196 3949 obmutui
1215 3907 1260 3950 et
1284 3898 1583 3950 humiliatus
1607 3916 1717 3952 sum
1749 3911 1797 3953 et

208 3983 351 4036 silui
374 4004 408 4036 a
439 3985 625 4036 bonis.
655 3983 858 4035 Bonum
897 3993 978 4036 est
1009 3986 1150 4038 enim
1179 4000 1241 4038 eo
1286 3996 1522 4054 tempore
1556 4002 1675 4041 cum
1700 3993 1795 4044 ad-

211 4086 454 4125 versum
498 4087 625 4134 nos,
656 4073 736 4123 vel
756 4075 1179 4142 dcrogationum,
1214 4075 1292 4128 vel
1315 4059 1694 4141 conviciorum,
1716 4080 1794 4130 vel

208 4163 578 4230 probroruut
619 4162 722 4213 tela
750 4163 1040 4228 jaeiuntur,
1089 4177 1185 4214 nos
1213 4163 1371 4229 hujus
1402 4167 1648 4221 versiculi
1686 4186 1794 4222 tne-

210 4249 484 4311 tninisse,
517 4247 615 4314 qui
649 4247 724 4299 ait
753 4264 767 4297 :
807 4250 1048 4300 Obmutui
1080 4258 1128 4300 et
1171 4267 1270 4301 non
1301 4255 1478 4317 aperui
1509 4271 1564 4306 os
1589 4272 1753 4307 meum
1776 4298 1789 4322 ,

1902 3108 2092 3176 quibus
2114 3107 2475 3161 vehementius
2495 3106 2812 3166 cruciantur,
2839 3105 2923 3158 illa
2950 3105 3155 3157 scilicet
3191 3117 3306 3170 quae
3331 3117 3427 3170 per

1902 3196 2214 3263 prophetam
2258 3195 2513 3248 describit
2553 3197 2809 3260 sapientia
2862 3193 3191 3263 (pr0phetam
3232 3191 3428 3245 etenim

1901 3298 2020 3335 eum
2045 3281 2184 3350 dicu)
2213 3282 2257 3312 ”
2289 3297 2302 3334 :
2337 3282 2464 3345 Quis
2499 3282 2641 3333 dabit
2681 3283 2732 3333 in
2753 3283 2975 3348 cogitatu
2999 3297 3108 3332 meo
3128 3281 3356 3346 ﬂagetta,
3381 3289 3428 3331 et

1901 3373 1954 3422 in
1979 3373 2130 3424 corde
2150 3387 2258 3423 meo
2283 3373 2652 3438 correptionem
2687 3371 2972 3438 sapientite,
3005 3379 3057 3421 ut
3087 3367 3426 3436 ignorationi-

1901 3461 1994 3513 bus
2021 3461 2146 3512 meis
2175 3475 2288 3527 qua:
2313 3460 2414 3526 feci
2452 3475 2556 3512 non
2591 3467 2855 3526 parcatur,
2880 3467 2927 3510 et
2953 3466 3162 3526 peccata
3193 3471 3304 3507 mea
3324 3471 3428 3508 non

1898 3549 2308 3616 prmtereantur?
2342 3545 2499 3600 Vides
2547 3548 2810 3614 quomodo
2863 3556 2980 3598 orat
3032 3543 3284 3612 ﬂagellari
3333 3556 3428 3596 cor

1899 3652 2046 3692 suum
2077 3653 2173 3706 pro
2209 3636 2442 3704 peccatis
2481 3636 2614 3700 suis,
2661 3645 2713 3689 et
2756 3635 3027 3688 verberari
3079 3632 3428 3701 cogitationes

1900 3723 2066 3778 suas?
2097 3723 2150 3776 Si
2171 3723 2380 3788 quando
2401 3735 2524 3787 ergo
2555 3722 2701 3775 vides
2731 3721 3064 3789 temetipsum
3090 3729 3207 3787 post
3236 3733 3426 3785 pecca-

1901 3825 2006 3866 tntu
2032 3812 2188 3880 allligi
2217 3822 2268 3864 et
2298 3812 2526 3864 cruciari
2561 3810 2612 3862 in
2650 3812 2830 3875 corde,
2858 3821 2912 3862 et
2939 3824 2968 3861 a
3018 3808 3246 3878 prepriis
3281 3809 3426 3875 cogi-

1901 3903 2196 3956 tationibus
2228 3903 2465 3954 accusari
2509 3914 2524 3952 :
2565 3900 2607 3954 si
2647 3900 2857 3968 quando
2905 3899 3075 3951 notari
3111 3910 3159 3950 te
3195 3898 3344 3951 vides
3395 3912 3424 3948 a

1896 3992 2217 4045 conscientia
2258 3999 2364 4052 tua,
2396 3999 2448 4042 et
2477 3988 2592 4055 ejus
2623 3987 2930 4040 verberibus
2958 3987 3228 4053 ﬂagellari,
3275 4001 3423 4054 spem

1897 4081 1988 4133 tibi
2013 4078 2396 4133 emendationis
2428 4093 2488 4130 ac
2512 4076 2696 4130 salutis
2722 4090 3000 4143 praesume.
3021 4075 3256 4128 Viciuior
3275 4090 3424 4127 natu-

1895 4185 1998 4235 que
2039 4169 2130 4221 tibi
2178 4167 2550 4221 conversionis
2588 4174 2667 4218 est
2701 4166 2811 4226 via,
2852 4180 3009 4232 quam
3053 4164 3154 4216 illis
3186 4164 3274 4231 qui
3326 4178 3425 4216 nec

1896 4272 2150 4324 peccasse
2197 4271 2253 4310 se
2299 4257 2510 4324 quidem
2562 4255 2819 4314 sentiunt,
2855 4268 2950 4306 nec
2997 4253 3047 4304 in
3082 4253 3285 4304 delictis
3314 4251 3424 4304 suis

204 4339 343 4402 quia
378 4346 444 4387 tu
475 4351 538 4388 es
570 4337 663 4401 qui
701 4335 886 4402 fecisti.
931 4337 1040 4390 lloc
1072 4351 1200 4389 sane
1233 4341 1606 4406 requirendum
1651 4345 1771 4398 vitle
1825 4327 1866 4379 ί)
1899 4345 2300 4406 contristantur,
2323 4358 2418 4395 nec
2439 4342 2641 4409 ﬂagella
2672 4339 3009 4394 conscientia}
3033 4341 3324 4406 patiuntur.
3343 4337 3423 4390 Tu

207 4433 326 4485 tur,
356 4422 509 4489 quid
546 4430 630 4473 est
658 4424 796 4488 quod
832 4424 966 4476 dixit
999 4440 1011 4474 :
1057 4422 1130 4473 Tu
1156 4440 1206 4474 es
1243 4426 1332 4489 qui
1355 4426 1540 4491 fecisti,
1584 4445 1680 4483 nec
1716 4440 1795 4482 ta-

207 4523 338 4563 men
383 4510 654 4577 adiunxit
681 4511 804 4576 quid
842 4511 1048 4565 fecerit.
1074 4511 1175 4564 Sed
1204 4514 1332 4566 ordo
1355 4515 1468 4582 ipse
1497 4531 1592 4568 nos
1624 4521 1791 4584 docet,

201 4600 490 4664 quoniam
530 4598 746 4664 quidem
781 4597 928 4651 velut
951 4613 1169 4665 agonem
1207 4603 1481 4668 quemdam
1527 4605 1661 4658 inter
1696 4622 1793 4660 nos

893 4711 933 4740 “
960 4710 1003 4762 ll
1037 4712 1156 4766 Cor.
1194 4729 1270 4768 tv.
1342 4716 1386 4747 “
1412 4717 1572 4772 Hebr.
1603 4737 1698 4786 xn,
1735 4725 1786 4778 5.

278 4800 562 4869 (770)7VSecl
593 4801 705 4852 novi
733 4815 825 4869 ego
848 4810 894 4852 et
914 4801 1019 4869 alia
1045 4802 1274 4868 ﬂagella,
1307 4815 1406 4859 etc.
1438 4808 1634 4864 Catena
1685 4813 1784 4866 Da-

206 4867 655 4942 nielis'B:u-.lrari
691 4884 706 4918 :
739 4867 839 4942 iis}
869 4877 916 4917 et
938 4867 1091 4942 aliud
1118 4867 1445 4942 ﬂagellorum
1498 4894 1678 4942 genus,
1724 4882 1786 4934 de

201 4935 403 5008 quibus
429 4935 662 5008 quidam
707 4935 844 5008 dicit
875 4946 897 4984 :
932 4933 1060 5008 Quis
1090 4933 1247 5008 dab—it
1278 4937 1328 4989 itt
1385 4933 1620 5008 cogitatu
1667 4933 1788 5000 ineo

201 5001 449 5077 qaggua,
475 5009 536 5050 cl
573 5001 624 5077 in
649 5000 808 5074 labiis
841 5002 978 5050 meis
1007 5001 1235 5066 sigillum
1277 5000 1589 5073 astutoFum,
1622 5024 1678 5067 ut
1723 5031 1788 5070 ne

203 5067 259 5115 in
305 5067 826 5140 igrioratitiisnttteis
884 5077 1119 5140 parcant,
1148 5077 1206 5121 et
1255 5083 1467 5136 peccata
1517 5067 1631 5131 mea
1685 5067 1788 5136 non

193 5130 616 5208 perdantnme?
648 5130 791 5207 Petit
827 5134 966 5208 enim
1020 5135 1069 5184 in
1116 5130 1343 5198 peccetis
1386 5130 1646 5208 ﬂagellari

194 5211 376 5247 suum.
418 5195 658 5271 Beatum
690 5198 838 5271 enim
869 5206 944 5246 est
962 5209 1081 5271 post
1116 5195 1342 5265 peccata
1386 5195 1418 5255 u
1461 5195 1791 5268 conscientia

195 5276 294 5345 sua
318 5263 542 5345 corripi.
585 5263 745 5338 Petit.
775 5269 1095 5345 vero'ptiigas
1127 5263 1377 5331 amoveri,
1409 5280 1523 5345 tum
1547 5263 1665 5341 qua;

191 5329 513 5378 (curationes
553 5328 1176 5399 ¢xterius_adltibeutur,
1221 5344 1324 5385 tum
1353 5328 1514 5390 etiam
1558 5328 1792 5399 'iute‘r'io'.

191 5408 269 5442 res
293 5409 453 5470 :_num
479 5410 665 5470 supra
700 5394 928 5470 modum
961 5399 1109 5470 a/jligi
1131 5394 1371 5470 interitus
1401 5407 1624 5470 quidam
1660 5394 1791 5467 Veii:

197 5461 334 5539 quod.
353 5463 549 5539 timens
593 5457 1078 5539 14)).0310-{tt8‘di1’bt'lj
1096 5468 1244 5539 :rNe
1265 5466 1390 5539 forte
1410 5457 1423 5470 ’
1447 5457 1565 5536 qui
1595 5457 1792 5539 litt-ius;

203 5527 474 5599 "“’di__85i.
501 5523 1159 5599 alguullantioritristitia
1197 5523 1548 5591 absorbeatur

216 5606 294 5642 na.
327 5593 513 5646 Catena
548 5589 814 5644 Corderii

287 4711 339 4742 ⁸ο
368 4709 508 4764 lsai.
553 4726 698 4776 κων,
725 4712 816 4762 22.

862 5607 873 5641 :
911 5593 1056 5649 Ἔστι
1091 5603 1185 5652 καὶ
1239 5601 1352 5652 ἄλλο
1389 5601 1534 5668 εἶδος
1589 5593 1790 5677 itaSi":-

1896 4433 2058 4502 699
2085 4447 2210 4500 ergo
2236 4433 2278 4486 si
2310 4433 2505 4484 videris
2545 4442 2594 4484 te
2621 4429 2870 4500 ﬂagellari
2913 4439 2965 4482 et
2997 4429 3230 4482 cruciari
3263 4429 3314 4480 in
3341 4443 3424 4480 co-

1898 4524 2240 4591 gitutionihus
2272 4524 2396 4580 tuis,
2430 4531 2481 4574 et
2527 4535 2672 4587 spem
2709 4520 2895 4572 salutis
2937 4519 3000 4571 de
3051 4518 3291 4584 proximo
3338 4527 3422 4568 at-

1901 4613 2138 4675 tendens,
2167 4610 2332 4663 dicito
2367 4610 2429 4663 de
2460 4609 2540 4662 his
2579 4608 2666 4676 qui
2713 4616 3063 4676 peccaverunt
3087 4607 3298 4675 quidem
3351 4607 3423 4659 si-

1861 4727 1904 4759 ”
1926 4725 2087 4779 Eccli.
2113 4739 2257 4785 χχιιι,
2285 4721 2334 4774 2.
2384 4765 2387 4768 .

1886 4833 2013 4884 γων,
2056 4818 2181 4884 περὶ
2215 4817 2287 4884 ὡν
2325 4830 2484 4882 φησιε
2526 4813 2618 4884 Ti;
2649 4811 2821 4884 δώσει
2847 4807 2944 4884 sui
2975 4807 3076 4884 tofi
3106 4805 3422 4884 διαγηήμᾳ-

1887 4871 2011 4946 ἑός(
2030 4871 2144 4950 ,ιιού
2178 4871 2499 4948 μάστὶπλαςη
2538 4871 2818 4950 Αἱὲεὶξῲοῦᾼν
2857 4872 3278 4950 ἁπρστῆὓαιΙάᾔ
3327 4871 3422 4950 εὖτ

1887 4937 1978 5002 τοῖς
2030 4937 2300 5017 ’μάστῖγας
2327 4986 2339 5007 ,
2543 4965 2615 5017 (fre
2659 4945 2864 5017 ﬁgwax!
2935 4937 3284 5017 ξπιιξειμένας.
3335 4937 3419 4985 διὰ

1890 5004 2229 5078 πειράσμῶνξ
2271 5004 2361 5066 itali.
2410 5004 2507 5076 τὰξς
2543 5004 2777 5082 ἔσωθεῖθη
2803 5010 3011 5082 Τριγᾴρ
3047 5007 3181 5082 ὑπὲρ
3214 5004 3419 5082 lat-5":ng

1893 5069 2163 5136 λυτέεῖσθαι
2219 5069 2503 5148 διαφθορὰξ
2559 5079 2694 5128 κατὰ
2733 5069 3421 5148 τὸνΑᾏῆτέσξτολρν,ρ1ήαξως

1894 5135 1964 5218 ἑῇ
1994 5135 2380 5218 περισσοτέρᾳ
2410 5135 2572 5218 ξλὺξζῃ
2594 5139 2909 5218 κιι-τίιφξρθῇ.
2938 5135 3128 5218 stet
3146 5135 3270 5218 “alia
3289 5146 3421 5218 _

1896 5204 1995 5272 cies
2029 5204 2321 5286 plagarum:
2337 5204 2398 5267 de
2419 5204 2598 5282 quibus
2621 5213 2691 5261 ait
2720 5225 2739 5260 :
2769 5209 2895 5280 Quis
2919 5204 3064 5286 dabit

1898 5269 2076 5354 plagas
2102 5269 2141 5336 id
2162 5269 2317 5335 Petit,
2339 5269 2454 5349 ergo
2484 5297 2527 5354 α.
2551 5293 2604 5329 se
2647 5269 2871 5354 antqtteri

1895 5339 2206 5406 extrinsecus
2233 5365 2320 5415 per
2349 5339 2650 5400 te'ntationes
2675 5343 2986 5415 inferantui,
3013 5339 3420 5415 'qullllluglffilor

1896 5399 2336 5482 ἓὲὲῖῇᾱῖνῖἓᾶρ⁷ω
2377 5399 2585 5464 modum
2627 5399 2838 5482 tristitia
2892 5399 3419 5482 uﬁici‘.perrt.ifzt'o.s_ttrn

1895 5468 2279 5540 ὶοὲῐέὶέέιῆάὶιὴι
2305 5483 2598 5547 Apostotum
2628 5488 2643 5523 :
2689 5471 2762 5523 Ne
2786 5468 3154 5521 abundantiori
3196 5468 3418 5515 tristitia

1897 5571 1922 5606 a
1933 5556 2171 5608 hsnrbeat
2182 5569 2210 5603 tt
2221 5569 2262 5603 ι’.
