3910 6276
255 269 427 324 5413

1292 261 1598 322 SELECTA
1635 267 1697 320 IN
1737 265 2062 322 PSALMOS.
2103 297 2171 310 -—
2203 266 2390 321 PSAL.
2436 265 2523 319 XL

3340 266 3472 323 ΜΗ

250 384 523 446 ινδεεῖς,
578 381 612 451 ἢ
678 383 905 437 συνιέναι
958 386 1038 437 ’ὡν
1110 375 1374 443 ἑκουσίως
1436 384 1830 454 πτωχεύσαντα.

1940 396 2057 447 nos,
2093 382 2174 437 vel
2202 392 2259 436 ut
2289 384 2650 452 intelligamus
2682 394 2802 434 cum
2834 382 2923 452 qui
2968 379 3317 436 voluntariam
3351 398 3468 437 am-

343 558 573 624 Κύριος
605 557 904 624 βοηθήσοι
935 555 1087 621 αὐτῷ
1117 554 1213 606 ἐπὶ
1247 558 1460 625 κλίνης
1485 558 1700 624 ὀδύνης
1729 559 1835 610 αὐ-

244 644 415 708 τοῦ,
438 662 491 696 κ.
526 663 577 697 τ.
603 645 841 716 ὲ.⁸Κλίνη
864 647 1046 717 ὀδύνης
1078 644 1187 714 (84)
1214 645 1274 697 τὸ
1304 647 1461 716 σῶμά
1483 650 1594 699 ἐστι
1623 649 1717 717 τῆς
1743 666 1835 700 τα-

240 733 614 796 πεινώσεως.
640 752 657 784 ι
696 735 860 804 Ὅλην
890 737 985 805 τὴν
1010 735 1191 802 κοίτην
1220 735 1381 788 αὐτοῦ
1407 736 1663 805 έστρεψας
1686 738 1742 788 ὲν
1768 739 1832 806 τῇ

239 824 570 895 appiane;
594 824 775 877 αὐτοῦ.
817 844 836 876 ι
873 825 1012 893 Πρὸς
1044 824 1109 876 τὰ
1135 824 1338 893 ἀμείνω
1370 825 1832 895 μετενεχθήσεται,

240 915 438 981 φησὶ,
472 914 569 967 καὶ
602 914 896 984 μεταϐολὴν
924 916 1030 978 ἕξει
1058 914 1191 984 πρὸς
1207 914 1519 984 εὐρωστίαν.
1549 916 1704 978 Ἔθος
1729 917 1835 986 γὰρ

239 1003 327 1071 τῇ
376 1002 581 1072 Γραφῇ
614 1003 711 1072 τὴν
751 1003 981 1073 στροφὴν
1008 1003 1125 1055 ἀντὶ
1156 1003 1251 1072 τῆς
1285 1003 1578 1074 μεταϐολῆς
1612 1005 1830 1067 τιθέναι,

240 1091 340 1154 ὡς
415 1092 497 1145 τό·
551 1110 571 1143 ι
620 1092 922 1162 Ἔστρεψας
963 1092 1053 1146 τὸν
1107 1092 1329 1145 κοπετόν
1386 1110 1485 1162 μου
1537 1094 1615 1156 είς
1664 1094 1833 1163 χαρὰν

242 1177 429 1247 ἐμοί.
462 1196 484 1229 ι

337 1269 422 1319 οι
445 1266 654 1334 ἐχθροί
667 1283 786 1335 μου
811 1262 986 1319 εἶπαν
1009 1265 1160 1318 κακά
1185 1283 1306 1334 μοι,
1348 1283 1402 1319 κ.
1433 1282 1483 1319 τ.
1507 1266 1552 1319 ὲ.
1584 1268 1644 1320 Οί
1672 1267 1834 1337 ἀόρα-

240 1371 344 1407 τοι
394 1354 517 1417 (85)
553 1353 647 1407 τοῦ
690 1354 937 1424 Σωτῆρος
973 1353 1125 1424 ἡμῶν
1162 1355 1338 1424 ἐχθροὶ
1369 1355 1634 1425 ἠθέλησαν
1672 1357 1831 1409 αὑτὸν

242 1443 602 1505 ἀποθανεῖν,
651 1442 726 1505 ὡς
754 1444 839 1495 ἵνα
872 1444 1097 1496 σϐέσωσι
1137 1445 1233 1514 τὴν
1276 1445 1429 1508 δόξαν
1454 1445 1547 1497 τοῦ
1579 1447 1833 1516 ὀνόματος

242 1531 467 1584 αὐτοῦ·
493 1529 633 1582 ἀλλά
662 1530 797 1600 πρὸς
817 1529 894 1599 τῷ
916 1531 988 1599 μὴ
1023 1528 1308 1583 ἀπολέσθαι
1339 1533 1431 1584 καὶ⁵
1454 1532 1654 1602 κάμψει
1680 1535 1736 1585 ὲν
1757 1531 1832 1602 τῷ

242 1621 506 1689 ὀνόματι
552 1618 725 1685 Ἰησοῦ
755 1620 860 1671 πᾶν
888 1619 1033 1686 γόνυ,
1064 1619 1156 1672 καὶ
1183 1621 1331 1673 πᾶσα
1353 1620 1567 1688 γλῶσσα
1585 1619 1830 1690 ἐξομολο-

241 1712 534 1779 γήσεται.
588 1710 777 1772 Είποις
800 1709 857 1761 δὲ
886 1709 1044 1763 αὐτὸν
1091 1712 1183 1762 καὶ
1214 1711 1350 1782 ὑπὲρ
1386 1710 1492 1763 τῶν
1537 1710 1701 1763 αὐτοῦ
1734 1728 1835 1780 μα-
1864 1696 1906 1754 Β

247 1798 458 1869 θητῶν
503 1799 830 1870 ποιήσασθαι
867 1800 963 1870 τὴν
990 1799 1171 1869 εὐχὴν,
1200 1799 1291 1864 οὒς
1323 1801 1509 1871 ὥσπερ
1540 1801 1712 1871 ψυχὴν
1740 1801 1835 1853 αὐ-

243 1887 355 1939 τοῦ
420 1888 800 1957 τυγχάνοντας
846 1889 1068 1957 νοσῆσαι
1117 1891 1231 1941 κατ’
1261 1892 1463 1942 ἐκεῖνον
1516 1890 1708 1959 συνέϐη
1743 1889 1833 1941 τὸν

248 1976 469 2046 καιρὸν
532 1976 629 2028 καὶ¹
675 1978 1067 2048 ἡμαρτηκέναι,
1100 1979 1185 2031 ὅτε
1229 1980 1422 2042 πάντες
1460 1980 1834 2043 καταλιπόντες

247 2065 433 2118 αὐτὸν
464 2064 696 2134 ᾤχοντο,
730 2066 932 2137 Πέτρος
955 2068 1011 2121 δὲ
1044 2070 1137 2122 καὶ
1166 2069 1343 2139 τρίτον
1372 2069 1660 2138 ἠρνήσατο.

327 2156 449 2209 Καὶ
491 2158 552 2207 εὶ
580 2158 986 2222 εἰσεπορεύετο
1017 2157 1121 2211 τοῦ
1163 2158 1325 2219 ἰδεῖν,
1366 2157 1563 2225 μάτην
1608 2157 1830 2221 ἐλάλει,

248 2261 309 2296 κ.
350 2262 407 2296 τ.
446 2245 501 2296 ὲ.
535 2246 600 2296 Oi
625 2246 840 2312 ἀφανεῖς
870 2246 975 2316 (86)
1003 2247 1095 2299 καὶ
1109 2246 1365 2316 ὁρώμενοι
1394 2246 1571 2316 ἐχθροὶ
1602 2246 1832 2316 Χριστοῦ

250 2329 506 2384 θάνατον
541 2329 688 2400 αὐτῷ
732 2331 1146 2393 κατεσκεύαζον.
1189 2333 1248 2384 Ὀ
1279 2330 1336 2384 δὲ
1393 2332 1589 2394 Ἰούδας
1619 2334 1831 2384 εἰσεπο-

254 2419 460 2489 ρεύετο
500 2420 608 2487 μὲν
639 2419 732 2470 τοῦ
781 2418 903 2472 ἰδεῖν
929 2418 996 2470 τὰ
1038 2420 1310 2489 γινόμενα,
1354 2420 1445 2473 καὶ
1490 2421 1752 2489 λεγόμενα
1777 2423 1833 2472 ὲν

250 2507 641 2577 παραϐολαῖς,
686 2508 862 2560 ἐλάλει
899 2507 956 2560 δὲ
1006 2508 1195 2578 μάτην,
1236 2508 1328 2561 ἀτε
1360 2508 1433 2579 μὴ
1465 2508 1654 2578 χωρῶν
1698 2510 1833 2562 αὑτά

252 2600 479 2668 νοῆσαι,
510 2597 608 2649 διὰ
642 2599 739 2666 τὴν
765 2595 1171 2664 τυφλώττουσαν
1199 2597 1355 2651 αὐτὸν
1384 2597 1597 2650 κακίαν.
1634 2598 1832 2667 ’Ᾱρμό-

250 2688 338 2751 ζει
357 2688 419 2740 δὲ
453 2688 531 2739 τὸ
561 2687 721 2756 ῥητὸν
739 2687 831 2738 καὶ
856 2688 983 2738 πᾶσι
1004 2689 1114 2747 τοῖς
1140 2685 1421 2756 ἀπόρρητα
1441 2685 1831 2756 ἐπαγγελλομέ-

251 2794 368 2839 νοις
393 2779 525 2838 τοῖς
586 2773 926 2844 ἑτεροδόξοις.
961 2775 1029 2825 Ἦ
1059 2774 1160 2836 ἔξω
1195 2774 1283 2826 τοῦ
1316 2775 1561 2844 Σωτῆρος
1598 2775 1689 2826 καὶ
1737 2776 1834 2844 τῆς

248 2865 362 2916 τῶν
390 2865 509 2916 ἀπο
530 2861 730 2914 στόλων
773 2860 1148 2924 καταστάσεως
1187 2862 1286 2931 ἤδη
1335 2861 1619 2931 γενόμενος
1660 2863 1831 2931 μάτην

251 2953 459 3016 ἐλάλει,
504 2950 837 3004 διδάσκαλον
881 2947 1294 3018 προσαγορεύων
1330 2950 1421 3001 τὸν
1461 2948 1680 3020 Κύριον,
1732 2950 1830 3016 τῆς

254 3042 495 3113 καρδίας
526 3038 700 3093 αὐτοῦ
728 3037 953 3107 ἀνομίας
992 3037 1409 3106 συναγαγούσης.
1443 3031 1605 3100 Οὗτος
1634 3039 1689 3091 δὲ
1737 3040 1828 3091 καὶ

257 3129 731 3201 ἐκπορευόμενος,
771 3127 1040 3179 τουτέστιν
1072 3126 1173 3191 ἔξω
1206 3128 1304 3196 τῆς
1339 3126 1510 3195 Ἰησοῦ
1541 3127 1830 3197 μαθητείας

254 3218 581 3286 γινόμενος,
616 3214 791 3268 ἐλάλει
831 3215 922 3267 ἐπὶ
949 3213 1008 3265 τὸ
1045 3214 1174 3266 αὐτὸ
1200 3216 1309 3275 τοῖς
1336 3214 1644 3282 Φαρισαίοις
1690 3216 1826 3267 κατά

252 3305 353 3358 τοῦ
403 3304 694 3372 Σωτῆρος,
748 3300 841 3354 καὶ
887 3301 1058 3369 λάθρα
1111 3301 1207 3371 τὴν
1253 3301 1531 3369 προδοσίαν
1572 3302 1823 3355 ὲκινοῦτο.

268 3394 429 3448 Ἀλλά
461 3394 565 3447 καὶ
608 3391 702 3443 τοῦ
749 3390 957 3460 πονηρά
991 3388 1436 3459 διαλογιζομένου,
1470 3389 1677 3442 καὶτοῦ
1710 3392 1829 3442 ἑπι-

253 3482 516 3544 νοοῦντος
541 3479 617 3533 τὰ
645 3478 940 3549 αἱρετικάη
967 3477 1155 3546 καρδία
1175 3478 1388 3545 συνάγει
1416 3478 1637 3547 ἀνομίαν
1660 3477 1824 3546 αὐτῷ·

258 3568 413 3626 ὅστις
468 3565 587 3620 κᾶν
658 3565 799 3632 λάϐῃ
824 3603 838 3627 ,
896 3565 1242 3634 ἐκπορεύεται
1269 3566 1391 3629 ἔξω.
1451 3567 1584 3635 Περὶ
1646 3560 1720 3619 ὧν
1752 3566 1828 3618 εῖ-

253 3672 445 3726 ρηται·
482 3673 505 3706 ι
554 3654 687 3714 Τοῖς
729 3653 786 3704 δὲ
835 3652 938 3718 ἔξω
980 3656 1037 3709 ὲν
1073 3655 1418 3725 παραϐολαῖς·
1449 3674 1467 3705 ι
1491 3656 1601 3721 καὶ,
1638 3673 1657 3706 ι
1692 3656 1826 3719 Τοὺς

249 3744 460 3809 ἔξωθεν
490 3745 522 3796 6
544 3742 684 3803 Θεὸς
717 3742 907 3811 κρίνει.
943 3761 961 3792 ι

317 3834 423 3899 Μὴ
457 3834 495 3884 ὁ
522 3828 894 3897 κοιμώμενος
923 3828 1055 3895 οὐχὶ
1084 3829 1408 3897 προσθήσει
1431 3830 1533 3883 τοῦ
1572 3830 1827 3897 ἀναστῆ-

242 3933 376 3985 ναι;
401 3937 463 3973 κ.
498 3936 558 3971 τ.
595 3918 646 3969 ἑ.
689 3915 1018 3983 ’Δναγκαίως
1049 3916 1158 3986 (87)
1188 3916 1329 3985 λέγει
1355 3921 1419 3988 τῇ
1450 3920 1699 3989 κοιμήσει
1728 3922 1825 3991 τὴν

244 4007 566 4060 ἀνάστασιν
607 4004 853 4057 ἔπεσθαι.
917 4005 977 4055 Ἠ
1034 4005 1090 4056 δὲ
1128 4005 1375 4076 κοίμησίς
1417 4008 1561 4059 ἐστιν
1614 4010 1642 4061 6
1667 4008 1826 4061 θάνα-

240 4109 360 4155 τος.
442 4091 794 4160 ’Δναγκαίως
854 4090 931 4161 τῷ
980 4091 1191 4160 θανάτῳ
1254 4081 1600 4164 ἀκολουθήσει
1655 4098 1748 4149 καὶ
1790 4097 1823 4165 ἡ

241 4183 585 4245 ἀνάστασις.

314 4272 405 4323 Σὺ
438 4271 536 4333 δὲ,
565 4271 766 4336 Κύριε,
805 4269 1064 4335 ἐλέησόν
1074 4284 1170 4336 με,
1202 4284 1255 4324 κ.
1279 4285 1329 4324 τ.
1357 4270 1402 4322 ὲ.
1434 4270 1534 4323 Τὸν
1551 4270 1693 4324 ἔλεον
1710 4272 1818 4342 (88)
1852 4294 1898 4351 ο

239 4360 338 4411 καὶ
366 4359 476 4428 τὴν
507 4359 814 4412 ἀνάστασιν
835 4358 932 4426 οὐχ
958 4357 1154 4427 ἑαυτῷ,
1183 4358 1293 4409 ἀλλ’
1318 4361 1447 4429 ἡμῖν
1482 4361 1637 4413 αἰτεῖ.
1668 4362 1821 4414 Ἐστι

237 4445 382 4499 δὲτὸ
414 4448 547 4515 μὲν,
600 4467 621 4497 ι
652 4446 947 4514 ἀνάστησόν
981 4464 1067 4516 με,
1104 4466 1123 4497 ι
1154 4447 1645 4521 ἀνθρωποπρεπῶς’
1676 4451 1734 4503 τὸ
1763 4452 1820 4503 δὲ

243 4551 263 4582 ι
299 4534 696 4588 ἀνταποδώσω
717 4534 920 4597 αὐτοῖς,
958 4553 976 4584 ι
999 4534 1197 4605 δηλαδὴ
1217 4539 1328 4599 τοῖς
1352 4538 1580 4607 ἐχθροῖς,
1607 4538 1823 4613 θεν-’ρε-

241 4620 383 4684 πῶς.
430 4621 750 4691 Ἑπιχαίρει
785 4620 842 4672 δὲ
889 4624 1001 4683 τοῖς
1037 4622 1364 4690 ἡττωμένοις
1390 4627 1418 4677 6
1452 4625 1656 4696 ἐχθρός.
1687 4625 1817 4680 Εἶτα

236 4710 406 4763 πάλιν
450 4710 943 4781 ἀνθρωπινώτερον
967 4710 1092 4780 ἔφη*
1124 4728 1143 4761 ι
1188 4710 1274 4762 Ἐν
1308 4713 1479 4784 τούτῳ
1507 4714 1696 4782 ἔγνων,
1733 4718 1813 4770 ὅτι

237 4799 552 4869 τεθέληκάς
571 4816 665 4868 με,
703 4816 722 4850 ι
749 4798 805 4851 ἐν
830 4798 974 4867 τετῷ
997 4797 1211 4865 ἐλεῆσαι
1230 4800 1327 4851 καὶ
1352 4799 1825 4872 ἀναστῆσαι.Τουτ-

235 4883 389 4935 ἐστιν
443 4888 767 4955 ἠγάπησας·
798 4886 856 4940 ὲν
879 4886 1068 4956 ἀγάπῃ
1094 4887 1199 4955 γὰρ
1229 4889 1343 4941 πᾶν
1372 4890 1609 4961 θελητόν.
1652 4890 1811 4961 Ἐμοῦ

238 4972 299 5024 δὲ
336 4977 681 5038 ἀναστάντος
716 4975 775 5027 οὐ
807 4976 877 5045 μὴ
917 4976 1150 5041 ἐπιχαρῆ
1190 4977 1217 5026 6
1261 4978 1371 5047 τῆς
1408 4981 1814 5052 ἀνθρωπότητος

238 5060 431 5131 ἐχθρὸς
476 5066 509 5114 6
552 5064 814 5129 διάϐολος,
850 5067 878 5115 6
906 5064 995 5114 τὸν
1018 5061 1239 5117 θάνατον
1282 5065 1357 5117 δι’
1389 5069 1654 5138 ἁμαρτίας
1677 5072 1812 5123 ἑπα-

315 5212 360 5244 ”
384 5214 531 5269 Psal.
576 5233 723 5282 XXIX,
754 5216 835 5270 12.
907 5215 951 5245 ⁸³
972 5212 1134 5265 Marc.
1159 5228 1225 5279 iV,
1283 5217 1308 5268 1
1331 5218 1386 5271 Ι.
1464 5220 1510 5251 ⁸⁸
1533 5219 1549 5271 Ι
1574 5219 1695 5273 Cor.
1727 5236 1778 5285 τ,
1810 5222 1873 5274 13

457 5372 648 5435 Κλίνη
679 5369 905 5433 ὀδύνης,
932 5375 1039 5437 etc.
1069 5363 1255 5420 Codex
1298 5370 1700 5426 Coisliniauus.

319 5429 427 5499 (85)
458 5440 523 5489 Οἱ
547 5429 796 5501 ἀόρατοι,
822 5429 914 5485 ac.
932 5429 1131 5501 _C:tteua
1160 5437 1485 5493 (λογείου-ἦ.

311 5496 423 5571 (863
443 5506 509 5556 οι
531 5496 789 5570 ἀφανεῖς,
811 5512 899 5553 etc.
925 5496 1129 5551 Eadem.

1937 469 2126 540 plexus
2153 479 2235 524 est
2262 478 2667 549 paupertatem.‘

2009 561 2170 613 Vsus.
2200 560 2252 612 4.
2300 559 2548 612 Dominus
2595 574 2737 627 opem
2779 558 2911 625 [erat
2952 558 3032 611 itii
3084 573 3239 627 super
3281 558 3470 612 lectum

1937 649 2132 703 doloris
2157 650 2294 716 ejus,
2322 656 2431 703 etc.
2460 648 2653 701 Lectus
2691 648 2886 703 doloris
2922 664 3116 717 corpus
3148 658 3229 704 est
3251 651 3471 704 humili-

1940 740 2086 793 tatis.
2125 757 2142 788 ι
2176 738 2492 792 Universum
2527 747 2753 793 stratum
2792 738 2908 804 ejus
2943 741 3167 793 versasti
3216 741 3267 793 in
3316 739 3469 793 inﬁr-

1940 827 2121 879 mitate
2148 826 2282 893 ejus.
2314 843 2333 877 ι
2378 825 2457 878 Ad
2505 826 2720 878 meliora
2768 824 3137 890 transferetur,
3189 814 3471 895 inquinet

1938 916 2280 969 mutationem
2302 915 2516 967 habebit
2546 916 2610 966 ad
2642 914 2948 968 sanitatem.
2976 914 3123 969 Solet
3149 916 3291 969 enim
3318 916 3467 972 Scri-

1937 1014 2090 1071 ptura
2115 1004 2518 1059 conversionem
2555 1017 2650 1072 pro
2683 1004 2977 1057 mutatione
3011 1017 3229 1071 ponere,
3265 1014 3323 1057 ut
3346 1020 3467 1059 cum

1937 1093 2063 1147 dicit
2085 1094 2172 1149 8'z
2212 1113 2230 1146 ι
2263 1094 2581 1150 ConvertiSti
2624 1094 2895 1163 planctum
2926 1107 3100 1147 meum
3127 1093 3178 1146 in
3217 1094 3463 1163 gaudium

1936 1184 2083 1237 mihi.
2117 1202 2136 1236 ι

2009 1275 2169 1329 Vsus.
2210 1275 2263 1328 6.
2310 1275 2521 1328 Inimici
2557 1277 2657 1328 mei
2699 1276 2943 1328 dixerunt
2983 1274 3123 1326 mala
3158 1274 3318 1337 mihi,
3360 1282 3464 1328 etc.

1935 1364 2231 1417 lnvisihiles
2263 1363 2560 1419 Salvatoris
2582 1365 2749 1418 nostri
2775 1364 2980 1417 inimici
3016 1364 3261 1417 volebant
3296 1363 3465 1430 ipsum

1937 1452 2200 1515 occidere,
2229 1461 2285 1504 ut
2313 1452 2536 1521 gloriam
2580 1451 2812 1505 nominis
2851 1452 2964 1520 ejus
3011 1452 3452 1519 exstinguerent;

1935 1554 2144 1605 verum,
2168 1541 2356 1593 nedum
2387 1541 2672 1604 interierit,
2714 1542 2764 1593 in
2803 1542 3017 1594 numine
3040 1540 3198 1593 etiam
3223 1537 3347 1591 Jesu
3376 1538 3471 1591 lle-

1935 1637 2115 1681 cletur
2174 1643 2330 1682 omne
2383 1644 2542 1698 genu,
2575 1639 2630 1683 et
2685 1629 2860 1683 omnis
2911 1628 3087 1697 lingua
3124 1627 3469 1682 conﬁtebitur

1934 1715 2002 1770 ei.
2067 1716 2254 1769 Dicere
2314 1730 2527 1784 quoque
2596 1718 2765 1784 possis
2812 1717 2982 1782 ipsum
3051 1730 3147 1782 pro
3199 1714 3468 1782 disripulis

1932 1815 2118 1878 orare,
2174 1817 2325 1869 quos,
2372 1818 2491 1855 cum
2537 1805 2685 1869 quasi
2734 1804 2907 1855 anima
2945 1800 3059 1866 ejus
3104 1810 3302 1863 essent,
3342 1815 3471 1854 con-

1937 1892 2050 1958 lig‘it
2097 1891 2186 1943 illo
2237 1899 2473 1959 tempore
2521 1899 2805 1958 aagrotasse
2854 1901 2908 1945 et
2939 1902 3214 1957 peccasse,
3258 1894 3470 1958 quando

1932 1992 2118 2030 omnes
2157 1978 2271 2044 ipso
2297 1978 2484 2031 relicto
2514 1975 2781 2045 fugerunt,
2833 1987 2887 2030 et
2932 1976 3119 2029 Petrus
3172 1976 3334 2030 etiam
3390 1984 3471 2030 ter

1933 2064 2077 2117 illum
2105 2065 2337 2131 negarit.

2003 2153 2165 2206 Vens.
2191 2152 2242 2204 7.
2272 2152 2336 2204 Et
2363 2153 2408 2205 si
2430 2153 2816 2221 ingrediebatur
2839 2165 2890 2206 ut
2908 2156 3120 2216 videret,
3140 2170 3272 2207 uana
3299 2154 3469 2223 loque-

1932 2239 2105 2304 batur,
2133 2249 2240 2294 etc.
2266 2239 2470 2294 Occulti
2499 2249 2554 2294 et
2583 2240 2845 2294 manifesti
2869 2243 3071 2295 inimici
3099 2243 3295 2298 ειη-ιλιι
3321 2259 3467 2297 mor—

1934 2334 2038 2378 tem
2079 2326 2127 2379 ei
2178 2326 2640 2380 machinabantur.
2693 2327 2858 2383 ludas
2911 2345 3037 2385 vero
3074 2330 3469 2400 ingrediebatur

1931 2413 2168 2480 quidem,
2199 2424 2259 2467 ut
2281 2415 2486 2469 videret
2505 2432 2567 2469 ea
2617 2432 2734 2485 qua:
2769 2419 2966 2474 ﬁebant
2991 2430 3047 2474 et
3071 2420 3385 2474 dicebantur
3414 2422 3466 2476 in

1932 2501 2233 2568 parabolis;
2275 2503 2592 2572 loquebatur
2618 2516 2795 2560 autem
2821 2524 2973 2573 vane,
3008 2510 3203 2578 quippe
3239 2510 3330 2576 qui
3361 2524 3465 2563 nou

1931 2590 2144 2645 valebat
2192 2592 2291 2646 ista
2345 2596 2799 2661 comprehendere
2851 2609 3067 2667 propter
3108 2608 3466 2653 excaecantem

1932 2679 2102 2747 ipsum
2146 2681 2426 2736 malitiam.
2462 2683 2716 2751 Congruit
2757 2689 2917 2740 etiam
2952 2688 3149 2741 dictum
3184 2688 3313 2743 illud
3350 2704 3468 2742 om-

1932 2766 2107 2829 nibus,
2131 2768 2221 2834 qui
2251 2783 2448 2823 arcana
2484 2774 2749 2835 nuntiant,
2778 2774 3140 2829 heterodosis.
3168 2774 3262 2830 Vel
3286 2790 3407 2829 cum
3435 2792 3464 2828 a

1932 2852 2206 2909 Salvatore
2239 2864 2293 2910 et
2323 2859 2683 2925 apostolorum
2717 2864 3121 2919 conversatione
3147 2864 3261 2934 jam
3296 2866 3467 2919 desci-

1931 2944 2134 3007 visset,
2186 2960 2321 2999 vane
2368 2947 2700 3016 loquebatur,
2757 2964 3138 3022 praeceptorem
3181 2954 3462 3009 Dominum

1927 3035 2219 3102 appellans,
2244 3037 2368 3090 dum
2403 3053 2496 3092 cor
2532 3039 2674 3095 illius
2708 3042 3041 3108 iniquitatem
3094 3054 3464 3114 congregaret.

1925 3123 2025 3179 llic
2059 3126 2181 3178 item
2218 3128 2518 3195 egrediens,
2566 3130 2617 3182 id
2654 3140 2738 3184 est
2789 3148 2817 3183 a
2864 3130 2986 3185 Jesu
3039 3133 3313 3203 disciplina
3369 3138 3460 3190 de-

1926 3214 2184 3278 scisceus,
2211 3216 2529 3284 loquebatur
2552 3220 2603 3272 in
2619 3218 2671 3271 id
2689 3220 2859 3284 ipsum
2894 3220 3180 3276 Pharisxeis
3207 3226 3465 3279 adversus

1927 3299 2281 3371 Salvatorem,
2310 3316 2361 3361 et
2407 3308 2543 3361 clam
2594 3310 2841 3362 movebat
2881 3312 3255 3377 proditionem.
3291 3313 3460 3378 Quin-

1925 3391 2084 3442 etiam
2125 3407 2218 3446 cor
2246 3408 2407 3461 prava
2455 3396 2737 3463 cogitantis
2780 3407 2833 3450 et
2879 3398 3127 3453 haretica
3173 3403 3458 3459 commini-

1926 3479 2124 3533 sceutis
2169 3492 2457 3551 congregat
2506 3484 2844 3550 iniquitatem
2906 3486 3042 3551 sibi,
3098 3488 3209 3554 qui,
3247 3493 3458 3558 quando

1924 3572 2211 3637 acceperit,
2245 3571 2389 3626 foras
2410 3576 2704 3642 egreditur.
2739 3574 2810 3628 De
2837 3578 3033 3644 quibus
3056 3580 3254 3632 dictum
3279 3593 3361 3635 est
3376 3584 3453 3631 κει

1929 3674 1949 3706 ι
1983 3657 2049 3710 lis
2078 3660 2165 3725 qui
2196 3658 2326 3713 foris
2358 3662 2557 3713 suntin
2589 3666 2888 3731 parabolis;
2929 3684 2949 3718 ι
2983 3676 3038 3721 ει
3063 3667 3109 3699 ⁸⁵
3140 3684 3154 3723 :
3182 3685 3202 3719 ι
3234 3668 3339 3724 Eos
3367 3672 3459 3739 qui

1924 3743 2054 3799 furis
2084 3756 2230 3811 sunt,
2274 3748 2661 3817 Deusjudicat.
2698 3771 2717 3805 ι

1994 3835 2151 3889 Vsus.
2176 3837 2227 3890 9.
2254 3836 2504 3907 Nunquid
2520 3842 2829 3909 quidormit,
2856 3860 2956 3897 non
2981 3846 3188 3910 adiiciet
3211 3857 3262 3900 ut
3288 3863 3459 3902 resur-

1921 3921 2047 3991 gat?
2081 3933 2185 3979 etc.
2244 3925 2383 3980 Dicit
2438 3932 2884 3986 resurrectionem
2934 3936 3284 3989 necessariam
3338 3952 3457 3991 esse

1923 4010 2259 4066 dormitiouis
2306 4016 2598 4084 sequelam.
2654 4019 2914 4073 Durmitio
2947 4032 3235 4077 autemest
3286 4041 3451 4081 mors.

1924 4096 2143 4153 Mortem
2174 4105 2472 4157 necessario
2499 4118 2753 4173 sequetur
2776 4112 3117 4163 resurrectio.

1987 4262 2144 4332 703
2173 4267 2332 4319 Vens.
2364 4267 2448 4322 li.
2474 4267 2548 4320 Tu
2578 4281 2772 4335 autem,
2804 4272 3035 4337 Domine,
3070 4279 3306 4332 miserere
3327 4284 3447 4340 mei.

1918 4362 2021 4407 etc.
2052 4352 2467 4410 Misericordiam
2490 4368 2545 4411 et
2579 4362 3020 4417 resurrectionem
3057 4380 3161 4419 non
3200 4368 3301 4422 sibi
3326 4369 3449 4437 ipsi,

1914 4440 2007 4492 sed
2046 4442 2199 4495 nobis
2227 4445 2378 4511 petit.
2421 4445 2518 4500 Est
2541 4457 2716 4503 autem
2756 4450 2906 4513 illud,
2933 4469 2953 4503 ι
2985 4456 3243 4509 resuscita
3283 4473 3386 4522 me,
3424 4479 3444 4509 ι

1914 4529 2146 4583 humano
2182 4546 2332 4586 more
2353 4534 2584 4600 dictum;
2609 4536 2747 4591 istud
2770 4553 2897 4593 vero
2920 4556 2941 4590 ι
2982 4543 3269 4597 retribuam
3302 4546 3399 4609 eis,
3426 4565 3443 4596 ι

1920 4634 2111 4686 nempe
2142 4621 2394 4688 inimicis,
2424 4625 2626 4679 divino.
2668 4625 2876 4682 Gaudet
2901 4639 3078 4683 autem
3110 4632 3357 4688 inimicus
3385 4638 3449 4689 de

1909 4708 2235 4763 adversariis
2262 4713 2542 4779 superatis.
2577 4714 2775 4769 Deinde
2795 4730 2981 4771 rursus
3012 4719 3251 4774 humano
3303 4736 3451 4775 more

1912 4794 2046 4848 dixit
2077 4810 2090 4847 :
2136 4812 2156 4846 ι
2178 4794 2234 4850 1η
2262 4798 2362 4853 hoc
2390 4802 2637 4868 c0gnuvi.
2672 4803 2925 4871 quoniam
2960 4805 3175 4859 voluisti
3204 4821 3309 4871 me,
3347 4826 3367 4858 ι
3399 4808 3449 4860 id

1911 4893 1994 4939 est
2023 4884 2329 4943 miserando
2358 4898 2413 4943 et
2437 4892 2828 4947 resuscitando.
2873 4892 2985 4946 Hoc
3008 4903 3114 4953 est,
3159 4892 3399 4946 dilexisti
3432 4912 3449 4945 :

1911 4986 2035 5027 nam
2071 4975 2123 5027 in
2161 4977 2445 5033 dilectione
2467 4991 2551 5035 est
2568 4996 2727 5037 omne
2754 4980 3131 5036 desiderabile.
3167 4977 3254 5029 Me
3278 4987 3455 5030 autem

1913 5075 2223 5133 resurgente
2261 5084 2364 5121 non
2394 5070 2647 5137 gaudebit
2673 5067 3031 5127 humanitatis
3063 5062 3327 5116 inimicus
3353 5063 3468 5115 dia-

1982 5372 2090 5443 (87)
2139 5372 2499 5442 Ἀναγκαίως,
2527 5376 2643 5443 etc;
2665 5364 2855 5443 Codcx‘
2867 5350 3300 5443 Dirigit-inimum.

1980 5423 2089 5512 i833
2130 5423 2570 5501 iba'iixébrfe'tc.
2605 5432 2807 5486 Catena
2838 5423 3124 5476 Uurdem.

3498 536 3519 575 ,
