3910 6268
272 253 445 309 HI“
1173 286 1190 295 α
1279 258 1582 316 SELEC'I'A
1618 259 1687 315 IN
1718 256 1816 313 P51

1952 256 2046 312 DS.
2087 287 2154 299 —
2180 259 2367 316 PSAL.
2407 259 2540 315 XLI.
3364 262 3496 318 HIS

268 364 576 433 μὲνκατὰ
621 366 826 422 Μωσέα
873 367 980 440 (94)
1021 368 1077 421 ὲν
1116 370 1303 442 Ἐξόδῳ
1351 372 1517 443 σκηνὴ
1561 372 1745 436 τύπος,
1785 368 1812 423 ο

1967 368 2227 425 Existimo
2287 371 2681 427 tabernaculum
2743 366 2937 440 Moysis
2994 370 3046 425 in
3100 368 3282 426 Exodo
3339 372 3495 441 hujus

268 468 428 521 μαι,
471 456 676 526 ταύτης
705 454 793 527 ἦν’
834 459 864 510 6
900 459 1039 512 κατὰ
1070 460 1382 529 Σολομῶντα
1408 463 1532 525 ναὸς
1559 462 1723 525 τύπος
1762 479 1812 514 τι

1957 464 2135 525 typum
2184 456 2382 524 fuisse;
2436 459 2688 526 templum
2732 470 2860 512 vero
2911 459 3214 516 Salomonis
3272 460 3492 530 ﬁguram

266 541 559 612 ἀληθινοῦ
588 546 739 599 οἴκου
766 546 858 600 τοῦ
885 547 1037 601 Θεοῦ.
1069 550 1208 612 Ὅτι,
1238 552 1418 620 φησὶν,
1449 551 1527 604 ἔτι
1551 552 1810 622 προκόπτο

1960 543 2123 599 fuisse
2144 561 2281 600 verre
2302 548 2488 600 domus
2506 547 2617 601 Dei.
2641 546 2935 618 Quoniam,
2953 549 3144 617 inquit,
3173 549 3344 604 adhuc
3370 564 3492 617 pro-

267 635 392 687 καὶ
429 634 586 687 οὔπω
607 636 808 699 τέλειός
842 637 974 706 είμι.
1005 626 1273 707 Σύμϐολον
1305 639 1360 691 δὲ
1380 640 1474 708 τῆς
1508 641 1781 710 προκοπῆς

1958 636 2098 699 licio,
2122 645 2174 691 et
2199 636 2428 691 nondum
2447 636 2715 703 perfectus
2744 650 2878 690 sum.
2895 637 3028 691 Cum
3049 647 3223 693 autem
3245 638 3489 695 taberna-

268 721 505 791 σκηνὴ,
529 720 859 790 θαυμαστῶς
880 723 1031 794 φέρει
1048 724 1138 776 ἐπὶ
1159 725 1246 777 τὸν
1259 720 1402 778 οἷκον
1420 727 1577 778 αὐτοῦ
1596 726 1686 778 τοῦ
1702 726 1812 778 Θεοί

1957 723 2130 778 culum
2149 724 2591 794 essetsymbolum
2610 724 2902 793 profectus,
2919 727 3303 782 admirabiliter
3325 730 3490 783 tendit

264 811 556 862 τουτέστι
601 809 698 880 τὴν
744 811 1071 880 τελειότητα,
1113 813 1233 865 καθ’
1277 816 1342 884 ἢν
1387 816 1522 867 οίκεϊ
1551 816 1647 884 μὲν
1678 815 1804 868 ἔνθα

1962 813 2027 864 ad
2072 813 2287 870 domum
2337 814 2455 876 Dei,
2487 816 2537 868 id
2580 824 2660 869 est
2690 815 3105 883 perfectionem,
3139 818 3190 871 in
3224 834 3322 887 qua
3356 819 3493 873 Deus

263 898 455 961 Θεὸς.
501 900 567 951 Ui.
592 899 650 951 δὲ
672 901 1052 970 πνευματικῶς
1076 902 1414 973 ἑορτάζοντες
1448 899 1668 973 ’ὴχοῦσιν
1688 904 1807 971 ἀγα]

1958 900 2173 957 habitat
2209 917 2272 958 ac
2313 915 2698 959 commoratur.
2742 905 2908 960 Porro
2949 906 3039 974 qui
3077 908 3383 974 spiritaliter
3413 911 3491 963 l‘e-

261 982 561 1056 λιώμενοι
583 989 677 1040 καλ⁵
712 988 1199 1060 ἐξομολογούμενοι.
1230 994 1295 1044 Ἦ
1325 992 1477 1044 τοῦτό
1503 1008 1649 1061 φησι’
1685 994 1805 1063 Παρ

1964 1002 2108 1046 stum
2142 992 2440 1058 celebrant,
2464 994 2824 1050 vociferantur
2865 995 3199 1052 exsultantes
3239 1007 3293 1052 et
3325 1000 3493 1054 conti.

270 1073 590 1144 μυθούμην
637 1075 728 1127 ἐπὶ
758 1075 1028 1139 τοιαύταις
1071 1079 1299 1147 ἐμαυτὸν
1334 1080 1558 1143 ἐλπίσιν,
1592 1099 1611 1130 ι
1639 1082 1756 1133 Ἵνα
1782 1098 1812 1132 τ

1960 1089 2150 1138 tentes.
2186 1082 2279 1139 Vel
2306 1084 2408 1139 hoc
2430 1085 2542 1138 ait:
2574 1080 2942 1155 Memetipsum
2964 1085 3261 1148 istiusmodi
3300 1088 3494 1156 spebus

266 1159 500 1229 λέγων,
538 1162 834 1235 περίλυπος
865 1163 934 1231 εἴ,
961 1170 992 1237 ἡ
1016 1168 1156 1239 ψυχή
1192 1186 1322 1237 μου;
1350 1189 1368 1219 ι
1392 1170 1733 1240 Προσεδόκων
1751 1170 1810 1237 γὰ

1957 1170 2290 1235 consolabar,
2318 1172 2501 1226 dicens
2524 1188 2539 1226 :
2562 1190 2581 1223 ι
2606 1172 2783 1240 Quare
2811 1174 2977 1228 tristis
2998 1189 3076 1239 es,
3097 1175 3272 1229 anima
3301 1177 3451 1232 mea?
3472 1196 3490 1227 ι

266 1251 362 1314 ὡς
422 1253 730 1317 διαδέξεταί
761 1273 827 1326 με
860 1258 919 1310 τὸ
971 1261 1233 1329 μακάριον
1271 1261 1440 1324 τέλος,
1494 1262 1528 1330 ἡ
1576 1260 1810 1330 θαυμασσι

1957 1256 2269 1326 Exspectavi
2289 1261 2429 1315 enim
2451 1270 2508 1313 ut
2524 1275 2609 1316 me
2641 1262 2875 1330 excipiat
2892 1263 3078 1319 beatus
3102 1265 3243 1332 linis,
3270 1266 3499 1322 admira-

266 1342 476 1413 σκηνὴ
514 1344 608 1397 τοῦ
642 1345 797 1410 Θεοῦ,
833 1348 926 1400 καὶ
956 1350 984 1400 6
1015 1349 1274 1402 ἐνδοτάτω
1305 1346 1448 1412 οἶκος
1475 1350 1657 1413 αὐτοῦ,
1687 1353 1765 1413 είς
1800 1352 1810 1402 t‘

1957 1343 2065 1399 bile
2119 1346 2519 1403 tabernaculum
2553 1348 2670 1415 Dei,
2694 1359 2754 1407 et
2788 1351 3010 1407 interior
3036 1355 3224 1410 domus
3248 1354 3384 1425 ejus,
3441 1359 3493 1413 in

264 1428 329 1479 οἱ
364 1428 524 1494 ἅγιοι
548 1430 653 1481 ὑπὸ
673 1431 972 1499 άγγελικῶν
1004 1434 1278 1504 δυνάμεων
1300 1436 1574 1506 αίρόμενοι
1604 1437 1808 1506 είσαχθί

1958 1448 2119 1501 quam
2153 1437 2324 1490 sancti
2354 1436 2421 1490 ab
2450 1439 2704 1507 angelicis
2726 1440 3011 1498 virtutibus
3035 1443 3227 1499 elevati
3256 1446 3497 1503 introdu-

269 1533 505 1569 σονται.
529 1519 594 1571 Εἰ
616 1519 672 1570 δὲ
709 1539 726 1570 ι
755 1522 896 1591 χαρὰ
926 1522 1127 1590 γίνεται
1165 1526 1221 1576 ὲν
1247 1526 1356 1588 τοῖς
1383 1526 1627 1596 οὐρανοῖς
1662 1528 1754 1579 ἐπὶ
1776 1528 1813 1580 ἐκ

1966 1531 2176 1576 centur.
2212 1522 2364 1590 Quod
2394 1527 2443 1581 si
2472 1541 2602 1583 vero
2634 1546 2655 1579 ι
2684 1530 2934 1599 gaudium
2981 1533 3056 1587 sit
3101 1533 3154 1589 in
3183 1534 3316 1590 caelo
3338 1551 3497 1604 super

268 1602 612 1675 ἁμαρτωλῷ
656 1608 1017 1675 μετανοοῦντι,
1058 1628 1077 1659 ι
1118 1610 1233 1673 πῶς
1266 1612 1365 1663 οὒκ
1408 1613 1649 1676 εἰκότως,
1681 1613 1812 1684 ψυχῖ

272 1689 437 1722 ηραν-λιν
473 1692 784 1722 νηηυηρεη..
808 1694 885 1722 .2-
911 1693 976 1722 -.1.
1009 1694 1130 1722 1......
1159 1697 1225 1722 -1.
1246 1699 1533 1722 :_----1.-....
1568 1701 1812 1722 -ι....-----Α

1958 1625 2066 1665 uno
2081 1624 2360 1680 peccatore
2382 1617 2751 1682 paenitentiam
2773 1628 2965 1686 agente
2983 1622 3048 1690 Ι’·⁷;
3068 1640 3087 1673 ι
3119 1638 3217 1678 cur
3247 1639 3353 1680 non
3385 1602 3497 1681 me-

1959 1698 2057 1722 ..τιΔ
2109 1701 2225 1722 .1“...
2253 1711 2370 1722 ---ι
2408 1703 2598 1722 I-_A.__-
2640 1719 2653 1722 _
2706 1707 2718 1718 ο
2789 1721 2797 1722 ,
2850 1707 2863 1719 ο
3062 1718 3073 1722 Α
3141 1709 3192 1722 οη
3346 1712 3358 1722 .
3448 1714 3459 1722 .

270 1689 439 1757 μετὰ
473 1692 784 1759 γυμνασίαν
807 1694 885 1756 εἰς
911 1693 978 1746 τά
1005 1694 1133 1762 ἅγια
1159 1697 1226 1748 τὰ
1245 1699 1537 1769 ἐπουράνια
1565 1701 1814 1771 είσαγομέ

1957 1698 2079 1765 rito,
2103 1701 2229 1754 dum
2253 1711 2373 1768 post
2406 1703 2603 1758 luctam
2633 1707 2810 1761 anima
2849 1707 2902 1761 in
2926 1689 3109 1764 saneta
3140 1709 3225 1764 illa
3258 1712 3494 1767 caelestia

268 1791 409 1845 νης,
450 1776 638 1847 φωνὴν
670 1777 910 1848 εὔφημον
931 1780 1175 1848 γίνεσθαι
1205 1784 1437 1852 πλήθους
1468 1787 1812 1857 πανηγυριζόι

1954 1785 2323 1853 introducitur,
2342 1806 2442 1845 vox
2463 1790 2555 1845 ﬁat
2579 1794 2893 1850 exsultantis
2917 1804 2971 1850 et
2988 1797 3180 1852 festum
3210 1799 3492 1854 celebrau-

268 1882 396 1919 των
429 1866 527 1919 ἐπὶ
552 1870 620 1938 τῇ
648 1866 740 1920 τοῦ
772 1869 1073 1940 σωζομένου
1105 1874 1370 1944 σωτηρίας
1410 1875 1497 1937 Ὦς
1519 1876 1604 1928 ἐπ’
1638 1877 1812 1948 ἀληθές

1956 1877 2023 1930 tis
2051 1875 2424 1943 multitudinis,
2447 1890 2664 1949 propter
2691 1883 2918 1939 salutem
2942 1884 3059 1953 ejus
3092 1888 3183 1957 qui
3223 1888 3493 1945 salvatur?

257 1955 337 2023 ,δὲ
352 1956 582 2022 τούτοις
607 1960 928 2031 εὐχαριστεῖ.
968 1979 987 2011 ‹
1021 1963 1134 2015 Ἵνα
1166 1963 1218 2016 τί
1250 1964 1574 2035 περίλυπος;
1610 1984 1629 2017 ι
1660 1966 1758 2020 καὶ
1788 1985 1801 2015 ι

1953 1964 2055 2017 Pro
2083 1964 2165 2020 his
2192 1965 2374 2034 igitur,
2393 1978 2452 2022 ut
2481 1971 2623 2025 veris
2652 1973 2827 2035 bonis,
2861 1975 3062 2043 gratias
3092 1955 3222 2044 agit.
3254 1996 3275 2029 ι
3315 1978 3493 2045 Quare

272 2043 446 2114 ἑξῆς.
470 2046 846 2116 Δυπουμένοις
881 2044 972 2101 οὖν
995 2050 1201 2114 ἑαυτοῖς
1237 2051 1407 2117 οὕτως
1446 2053 1816 2124 ὲπιπλήττωμε

1956 2050 2121 2104 tristis
2145 2051 2243 2106 es?
2262 2071 2281 2104 ι
2305 2064 2415 2108 etc.
2433 2053 2522 2110 Sic
2538 2057 2701 2126 igitur
2718 2061 3073 2129 nosmetipsos
3095 2043 3277 2120 tristes
3296 2043 3354 2120 et
3365 2082 3494 2122 con-

272 2133 386 2188 καὶ
440 2138 981 2206 συνταρασσομένοις.
1018 2140 1145 2191 Ὅτε
1182 2131 1441 2210 σωτήριον
1473 2145 1502 2196 6
1539 2143 1670 2206 Θεὸς
1703 2143 1816 2213 ἡμιῖ

1956 2140 2197 2194 turbatos
2220 2141 2573 2210 increpemus.
2606 2146 2867 2211 Quoniam
2888 2148 3026 2204 Deus
3044 2160 3223 2206 noster
3254 2162 3337 2208 est
3360 2156 3495 2210 salu-

272 2220 381 2274 τοῦ
418 2222 717 2292 προσώπου
739 2223 892 2294 ἡμῶν
920 2227 1085 2289 ἐστιν,
1122 2244 1142 2278 ι
1175 2227 1668 2301 ἀνακεκαλυμμένῳ
1693 2248 1816 2302 προς

1956 2235 2069 2282 tare
2099 2228 2271 2284 vultus
2298 2232 2487 2297 nostri,
2521 2236 2735 2302 quando
2766 2252 2787 2288 ι
2826 2238 3060 2293 revelata
3103 2239 3241 2296 facie
3267 2242 3491 2313 gloriam

277 2310 428 2382 ώπῳ
468 2311 574 2382 τὴν
604 2313 763 2379 δόξαν
786 2314 990 2384 Κυρίου
1037 2317 1532 2388 κατοπτριζόμενοι,
1564 2320 1660 2391 τὴν
1690 2323 1821 2392 αὐτὴ

1956 2313 2162 2369 Domini
2179 2317 2539 2386 speculantes,
2565 2323 2616 2376 in
2644 2326 2884 2381 eamdem
2916 2328 3199 2399 imaginem
3235 2310 3491 2391 transfor-

278 2400 482 2453 εἰκόνα
519 2403 1030 2473 μεταμορφούμεθα.
1073 2422 1092 2455 ι
1955 2417 2163 2457 mamur
2191 2406 2256 2457 ⁸⁸.
2291 2423 2310 2456 ι

351 2492 469 2545 Διὰ
498 2492 677 2546 τοῦτο
707 2494 1126 2562 μνησθήσομαι
1151 2510 1264 2550 σου
1287 2496 1355 2550 ἐκ
1385 2499 1497 2566 γῆς
1549 2500 1854 2567 Ἰορδάνου,
2026 2490 2186 2547 νειδ·
2219 2496 2270 2547 7·
2305 2493 2586 2566 Ρνοριενεα
2606 2517 2801 2557 ’κακον
2827 2520 2914 2560 ϐνο
2937 2508 3016 2561 ικί
3051 2508 3116 2563 de
3139 2518 3280 2566 terra
3300 2513 3496 2570 Ιυτάα-

278 2579 387 2633 καὶ
417 2579 763 2647 Ἑρμωνιεὶμ
791 2581 904 2633 ἀπὸ
923 2581 1094 2648 ὄρους
1103 2585 1336 2651 μικροῦ,
1357 2602 1411 2638 κ.
1432 2602 1481 2638 τ.
1498 2586 1544 2638 ὲ.
1574 2587 1822 2659 Ἰορδάνης

1955 2580 2034 2633 nis
2060 2590 2108 2633 et
2136 2581 2463 2640 Hemoniiut
2505 2604 2538 2643 a
2569 2599 2740 2646 monte
2788 2593 3026 2661 modico,
3067 2607 3172 2654 etc.
3207 2600 3492 2675 Iordanis,

277 2668 606 2731 κατάϐασις
638 2668 767 2739 (95)’
797 2670 1148 2741 Ἑρμωνιεὶμ,
1175 2673 1620 2744 άναθεματισμός.
1649 2676 1821 2731 Ἐοικε

1955 2668 2279 2738 descensus;
2313 2674 2665 2742 liermoniim,
2707 2683 3010 2738 anathema.
3057 2687 3189 2743 Dum
3218 2690 3273 2745 in
3298 2668 3498 2751 metuo;

278 2757 593 2827 ἀσχάλλειν
622 2760 716 2811 καὶ
757 2759 1038 2812 ὀδυνᾶσθαι
1081 2762 1208 2831 παρ’
1230 2763 1423 2833 ἐαυτῷ,
1453 2764 1822 2837 ἀναμιμνησκό

1957 2757 2090 2811 riam
2136 2771 2355 2817 revocat
2392 2764 2706 2820 miraculum
2757 2771 2897 2838 quod
2940 2773 3039 2827 sub
3072 2773 3197 2831 Iesu
3236 2777 3379 2834 Nave
3410 2778 3495 2835 fa-

281 2861 461 2914 μενος
492 2842 589 2896 τοῦ
609 2844 700 2896 ἐπὶ
718 2844 812 2896 τοῦ
851 2845 1021 2916 Ἰησοῦ
1045 2845 1137 2898 τοῦ
1170 2848 1325 2918 Ναυῆ
1357 2851 1633 2917 γεγονότος
1659 2852 1825 2923 θαύμο

1957 2855 2104 2902 ctum
2130 2859 2213 2905 est
2236 2852 2288 2905 in
2319 2850 2570 2921 Iordane,
2600 2859 2820 2926 quando
2854 2860 3024 2917 divisa
3054 2874 3138 2932 est
3160 2880 3300 2936 aqua
3324 2870 3496 2928 donec

276 2950 376 2997 τος
427 2935 494 2986 ὲν
543 2932 622 3002 τῷ
665 2932 921 3004 Ἰορδάνῃ,
960 2935 1047 2987 ὅτε
1095 2935 1313 3006 διῃρέθη
1345 2939 1404 2992 τὸ
1438 2938 1579 3011 ὕδωρ
1608 2943 1764 3014 ἄχρις
1798 2961 1820 2997 η

1961 2936 2179 2993 ﬂuvium
2213 2941 2515 2999 transiisset
2552 2945 2801 3014 populus,
2833 2957 2889 3005 et
2924 2949 3052 3007 illud
3082 2932 3227 3024 quod
3263 2958 3334 3013 ad
3372 2975 3493 3032 pro-

279 3025 479 3094 διῆλθε
537 3023 630 3078 τὸν
668 3023 905 3093 ποταμὸν
933 3024 962 3076 6
987 3024 1133 3088 λαός’
1163 3028 1257 3080 καὶ
1292 3026 1384 3080 τοῦ
1421 3028 1560 3083 κατὰ
1594 3030 1655 3083 τὸ
1687 3050 1823 3105 παρα

1959 3028 2160 3082 ximum
2190 3038 2426 3087 montem
2461 3033 2712 3102 contigit,
2740 3035 2957 3092 videtur
2986 3042 3210 3098 tristitia
3232 3053 3289 3101 et
3310 3023 3496 3105 dolore

278 3114 555 3183 κείμενον
582 3110 912 3181 βραχύτατον
943 3109 1086 3182 ὅρος,
1112 3112 1193 3164 ὅτι
1225 3112 1299 3183 μὴ
1321 3114 1419 3183 τῆς
1453 3116 1619 3186 αὐτῆς
1654 3118 1747 3172 καὶ
1767 3115 1822 3175 οὗ

1957 3115 2112 3183 aﬂici,
2144 3120 2292 3186 quod
2326 3119 2430 3189 ipsi
2459 3135 2563 3176 non
2601 3125 2788 3180 eadem
2819 3141 2935 3197 quae
2972 3131 3047 3185 illi
3079 3134 3273 3203 populo
3309 3138 3491 3195 obtin-

277 3220 379 3266 τος
432 3202 701 3270 τυγχάνει
745 3200 993 3270 προνοίας
1044 3203 1230 3266 ὁποίας
1269 3207 1537 3269 κάκεῖνος.
1595 3209 1744 3279 Τάχα
1797 3213 1821 3264 δ

1956 3214 2045 3273 gat
2090 3209 2444 3273 providentia.
2481 3210 2750 3271 Fortassis
2792 3208 2955 3275 etiam
2992 3200 3234 3292 quaedam
3285 3241 3493 3286 morum

281 3295 384 3347 καὶ
420 3291 686 3362 ὴθοποιία
711 3291 793 3353 τίς
816 3293 929 3343 ἐστι
953 3291 1049 3361 τῆς
1076 3291 1251 3361 ψυχῆς
1283 3294 1415 3363 πρὸς
1433 3295 1592 3349 αὐτὸν
1620 3297 1825 3368 διαλεγο

1955 3293 2353 3367 aﬂ'ectuumque
2387 3305 2664 3371 expressio
2687 3315 2768 3364 est
2805 3291 3152 3368 animzeicum
3194 3314 3311 3383 ipso
3331 3319 3498 3376 collo-

284 3382 494 3453 μένης.

1955 3385 2183 3450 qttentis.

368 3471 636 3542 Ἡμέρας
672 3468 990 3524 ἐντελεῖται
1037 3471 1249 3538 Κύριος
1278 3471 1341 3527 τὸ
1369 3473 1561 3541 ἕλεος,
1603 3478 1698 3531 καὶ
1746 3496 1851 3532 νυ-

2023 3473 2180 3543 705
2196 3474 2353 3533 Vens.
2373 3479 2425 3535 8.
2444 3480 2510 3535 In
2543 3482 2627 3536 die
2654 3486 2917 3542 mandabit
2935 3486 3187 3548 Dominus
3200 3496 3494 3554 misericor-

281 3562 436 3630 κτὸς
470 3560 756 3629 δηλώσει,
784 3579 837 3615 κ.
865 3578 917 3615 τ.
948 3563 994 3614 ὲ.
1035 3562 1305 3631 Ῥαψάκου
1342 3563 1449 3634 (96)
1479 3568 1606 3620 ποτὲ
1637 3568 1822 3640 πολιορ

1954 3562 2118 3626 diem,
2135 3574 2184 3617 et
2202 3576 2348 3620 nocte
2369 3570 2739 3638 manifestabit,
2759 3585 2861 3630 etc.
2881 3575 3119 3637 Rabsace
3131 3582 3256 3638 olim
3275 3584 3494 3642 Ierusa-

282 3652 529 3714 κοῦντος
556 3650 657 3719 τὴν
694 3650 996 3722 Ἱερουσαλὴ
1004 3667 1062 3721 μ,
1095 3652 1186 3704 καὶ
1227 3653 1318 3705 τὸν
1362 3653 1468 3707 τῶν
1504 3655 1641 3708 ὅλων
1668 3656 1743 3721 ὡς
1776 3660 1826 3729 μῆ

1956 3651 2058 3705 lem
2085 3653 2378 3720 obsidente,
2410 3667 2462 3711 et
2489 3661 2858 3719 universorum
2883 3665 3046 3723 Deum
3068 3674 3220 3739 quasi
3251 3675 3369 3732 illos
3393 3680 3495 3732 sat-

278 3741 598 3812 δυνάμενον
648 3739 844 3801 αὐτοὺς
894 3739 1062 3792 σῶσαι
1100 3738 1532 3810 βλασφημοῦντος
1570 3744 1719 3810 Θεὸν,
1756 3764 1822 3816 μιι

1957 3753 2079 3795 vare
2105 3756 2206 3795 non
2223 3752 2402 3811 posset
2429 3746 2849 3816 blasphemante,
2880 3771 2983 3813 una
3000 3738 3146 3826 plaga
3162 3769 3317 3816 noctu
3334 3761 3501 3816 inter-

282 3830 483 3902 πληγῇ
536 3831 595 3882 ἐν
624 3830 777 3882 νυκτὶ
820 3836 934 3901 ρπε¹
966 3830 1196 3900 χιλιάδες
1230 3832 1567 3903 ἀνῃρέθησαν
1595 3836 1704 3888 τῶν
1755 3837 1826 3889 air

1949 3828 2126 3884 ierunt
2159 3839 2372 3888 centum
2428 3838 2697 3907 octoginta
2718 3841 2954 3912 quinque
2977 3847 3138 3903 millia
3157 3852 3492 3920 Assyriorum

284 3918 449 3988 αὐτῷ
484 3916 655 3970 ὄντων
695 3916 1009 3986 Ἀσσυρίων.
1037 3915 1143 3969 Τοῦ
1175 3917 1307 3970 Θεοῦ
1337 3918 1509 3973 τοίνυν
1530 3922 1595 3991 τῇ
1628 3922 1731 3992 πρὸ
1757 3941 1828 3976 νυ·

1953 3918 2042 3980 qui
2062 3932 2183 3972 cum
2203 3920 2314 3989 ipso
2342 3925 2655 3980 erant.Cum
2688 3929 2852 3998 igitur
2869 3934 2956 3988 die
2980 3949 3098 4003 qua:
3118 3915 3325 3997 noctem
3359 3942 3495 4001 hanc

287 4006 425 4068 κτδς
461 4003 649 4074 ἡμέρᾳ
674 4002 750 4073 τῷ
792 4003 1005 4074 Ἐζεκίᾳ
1031 4006 1436 4075 προειρηκότος·
1465 4026 1483 4059 ι
1506 4008 1831 4079 Ὑπερασπιᾶ

1951 4008 2240 4073 praecessit,
2262 4009 2395 4063 Deus
2430 4011 2665 4069 Ezechiae
2695 4002 3026 4085 prmdixisset
3061 4024 3107 4057 "
3139 4032 3194 4080 τι
3218 4027 3493 4102 Protegam

284 4094 391 4163 τῆς
423 4090 641 4156 πόλεως
670 4091 869 4161 ταύτης
897 4091 962 4143 δι’
993 4091 1092 4160 ἐμὲ
1121 4095 1213 4146 καὶ
1254 4093 1339 4147 διὰ
1379 4095 1538 4148 Δαυῖδ
1569 4097 1658 4149 τὸν
1689 4099 1828 4152 παῖδε

1953 4094 2140 4148 urbem
2172 4096 2309 4152 hanc
2350 4111 2568 4170 propter
2593 4119 2705 4172 me,
2730 4116 2784 4161 et
2819 4121 3036 4178 propter
3073 4112 3240 4173 David
3281 4090 3491 4174 servum

290 4198 399 4251 μου
416 4197 432 4211 ·
476 4197 499 4231 ι
521 4179 610 4232 διὰ
637 4178 697 4231 τὸ
730 4180 787 4233 ὲν
813 4180 991 4252 ἡμέρᾳ.
1028 4180 1125 4250 μὲν
1152 4182 1397 4249 γενέσθαι
1422 4184 1520 4255 τὴν
1544 4185 1834 4254 ὑπόσχεσιντ

1952 4198 2125 4237 meum
2146 4223 2161 4249 ,
2196 4205 2215 4238 ι
2243 4189 2364 4256 quia
2399 4190 2453 4244 in
2476 4193 2560 4246 die
2585 4196 2865 4260 promissio
2908 4198 3049 4254 facta
3094 4213 3197 4268 est,
3232 4214 3289 4260 et
3335 4217 3493 4265 noctu

289 4273 354 4324 ὲν
388 4268 556 4323 νυκτὶ
583 4267 640 4321 δὲ
665 4267 726 4321 τὸ
753 4268 932 4338 ἔργον,
974 4271 1105 4341 φησὶ
1137 4270 1218 4335 τὸ,
1246 4290 1265 4321 ι
1297 4273 1534 4343 Ἡμέρας
1567 4276 1833 4331 ἐντελεῖταη

1952 4275 2254 4342 adimpleta,
2284 4278 2398 4331 ait:
2442 4296 2461 4329 ι
2496 4277 2555 4331 In
2583 4281 2668 4336 die
2710 4286 2984 4341 mandabit
3025 4267 3302 4359 Dominus,
3336 4312 3357 4348 ι
3386 4306 3491 4353 etc.

287 4363 532 4434 Κύριος,
565 4379 585 4412 ι
640 4362 735 4412 καὶ
768 4361 837 4413 τά
874 4362 1016 4432 ἑξῆς.
1062 4361 1133 4414 Τὸ
1157 4361 1233 4423 δὲ,
1276 4380 1295 4413 ι
1325 4363 1601 4435 Προσευχὴ
1631 4365 1707 4434 τῷ
1733 4367 1831 4437 Gai]

1954 4363 2045 4416 Ait
2067 4374 2240 4419 autem
2267 4381 2283 4417 :
2314 4383 2334 4419 ι
2362 4366 2549 4435 Oratio
2582 4370 2691 4426 Deo
2722 4374 2843 4428 vitae
2874 4391 3023 4443 meae,
3065 4396 3085 4429 ι
3110 4386 3363 4449 quoniam
3394 4387 3496 4443 hoc

289 4450 397 4520 τῆς
428 4449 581 4519 ζωῆς
611 4464 743 4517 μου,
771 4467 791 4498 ι
837 4449 919 4501 ὅτι
959 4448 1127 4513 οὓτως
1169 4449 1316 4502 οὐδὲν
1351 4452 1654 4522 εὑρίσκεται
1694 4457 1833 4526 μέσοι

1956 4453 2113 4507 modo
2143 4454 2272 4509 nihil
2298 4457 2526 4512 medium
2552 4459 2817 4516 invenitur
2843 4465 2981 4520 inter
3005 4448 3329 4539 pmceptum
3350 4488 3493 4533 tuum

288 4538 391 4591 τοῦ
422 4554 487 4590 τε
513 4536 606 4590 σοῦ
636 4538 1045 4608 προστάγματος
1071 4538 1165 4591 καὶ
1194 4539 1292 4610 τῆς
1320 4541 1456 4611 ὲμῆς
1479 4543 1823 4610 ἀπολαύσεως

1956 4547 2010 4592 et
2053 4554 2226 4595 meam
2280 4546 2741 4614 tranquillitatem,
2767 4552 2861 4607 sed
2895 4536 3095 4619 statim,
3125 4536 3318 4627 inquit,
3344 4561 3493 4617 inve—

290 4629 415 4681 ear
457 4626 644 4690 εὐθὺς,
676 4630 856 4699 φησὶν,
888 4629 1190 4700 εὑρίσκεται
1215 4632 1271 4682 ἐν
1297 4630 1416 4700 ἐμοὶ
1442 4631 1753 4703 εὐχαριστία
1776 4636 1834 4706 τι]

1958 4628 2177 4684 niturin
2214 4647 2302 4687 me
2348 4635 2638 4703 gratiarum
2673 4642 2815 4695 actio
2841 4641 2952 4697 Deo
2989 4645 3113 4701 vita:
3140 4626 3290 4705 mea.
3320 4649 3388 4707 Et
3409 4650 3495 4709 die

290 4716 420 4788 Θεῷ
462 4717 889 4787 ἀναπεμπομένη
926 4718 1002 4787 τῷ
1031 4717 1124 4787 τὴν
1161 4718 1302 4787 ζωήν
1352 4735 1441 4788 μοι
1485 4725 1834 4795 χαρισαμένῳς

1959 4731 2022 4772 ae
2042 4726 2221 4785 nocte,
2239 4721 2432 4791 inquit,
2456 4739 2762 4783 concessam
2789 4744 2819 4782 a
2848 4738 2901 4786 te
2926 4732 3347 4795 misericordiam
3364 4738 3498 4792 scite

296 4806 414 4858 Καὶ
440 4804 657 4867 νυκτὸς,
688 4807 839 4875 φησὶ,
872 4806 964 4858 καὶ
988 4808 1195 4879 ἡμέρας
1223 4807 1373 4878 παρὰ
1401 4810 1491 4862 σοῦ
1521 4815 1840 4885 χορηγούμε-

897 4806 964 4858 εαὶ
988 4808 1195 4879 ἡμέρας
1223 4807 1373 4878 παρὰ
1401 4810 1491 4862 σοῦ
1521 4815 1852 4885 χορηγούμε·
1958 4821 2094 4863 callo
2120 4820 2175 4864 ει
2208 4812 2441 4870 celebro.

293 4911 389 4947 νον
419 4893 514 4947 τὸν
554 4893 701 4946 ἔλεον
726 4895 1095 4964 ἐπισταμένως
1121 4897 1227 4968 ᾄδω
1259 4901 1351 4951 καὶ
1373 4899 1541 4970 ὑμνῶ.
2248 4890 2253 4895 ’

375 4982 498 5037 Τοῦ
546 4982 753 5037 αὐτοῦ.
796 4982 875 5035 Τὰ
924 4982 1021 5052 μὲν
1077 4986 1255 5053 ἀγαθὰ
1294 4986 1402 5057 (97)
1446 4987 1537 5041 τοῦ
1579 4988 1856 5059 μέλλοντος

2029 4989 2297 5060 Ejusdem.
2328 4994 2469 5050 Bona
2510 4997 2672 5054 futuri
2715 4998 2894 5055 saeculi
2928 5010 3047 5053 esse
3079 4998 3265 5062 docet,
3284 5000 3415 5053 dum
3441 5000 3503 5053 il-

295 5073 505 5135 αἰῶνος
532 5066 671 5124 εἶναι
708 5071 969 5133 διδάσκει,
1002 5070 1186 5124 τοῦτον
1230 5092 1247 5124 ι
1270 5074 1478 5143 ἡμέραν
1501 5094 1519 5126 ι
1553 5076 1747 5149 καλῶν,
1776 5081 1839 5143 είς

1963 5078 2046 5135 Iud
2082 5098 2101 5133 ι
2144 5082 2281 5140 diem
2318 5104 2339 5139 ι
2381 5096 2559 5157 vocat,
2591 5089 2643 5144 in
2682 5103 2809 5159 quo,
2840 5087 3034 5156 inquit,
3073 5085 3222 5140 Deus
3256 5088 3507 5154 promisit

361 5202 410 5236 ³⁷
440 5199 580 5257 Luc.
604 5215 687 5255 xv.
725 5200 778 5257 7.
851 5196 942 5252 “I
970 5196 1096 5254 Cor.
1126 5213 1210 5264 ut,
1236 5199 1320 5254 18.
1392 5200 1436 5232 θ’
1475 5201 1537 5255 IV
1571 5202 1699 5271 Reg.
1724 5220 1836 5271 XIX,
1865 5206 1953 5265 δι.

376 5317 509 5389 (91!)
548 5315 618 5389 _'_H
639 5312 927 5389 gerund
982 5311 1215 5389 Ιῌῳσέα,
1255 5320 1360 5369 etc.
1405 5314 1628 5389 catena
1672 5317 1938 5389 Corderii.

885 5379 1245 5471 itﬁtdggﬂ'fa,
1293 5391 1399 5436 etc.
1457 5380 1679 5438 Schedae
1739 5385 1944 5443 Grabii.

400 5451 495 5521 ορ)
539 5448 864 5521 Ῥαψᾴκου,
886 5456 988 5521 etc.
1024 5448 1250 5521 Eaedem.

374 5476 495 5522 ww
556 5476 864 5517 ru‘srwwvo
886 5476 988 5500 τιτι·
1025 5476 1250 5501 ινσευεηιο
1418 5515 1433 5531 ,
1596 5517 1628 5530 ,,
1701 5508 1706 5512 .

378 5519 498 5591 (97)
536 5517 612 5572 Τὰ
630 5516 749 5584 μὲν
775 5513 982 5581 ἀγαθά,
1014 5522 1117 5567 etc.
1162 5517 1364 5571 Catena
1393 5515 1652 5574 (.ordertt.

628 5607 898 5667 ΡΛτιιοι..
930 5604 1043 5663 Gtt.
1080 5605 1216 5665 XII.

3136 5594 3220 5653 1ιὸ
