3910 6224
302 278 473 332 1421
1270 288 1571 345 SELECTA
1604 291 1668 345 IN
1700 291 2030 348 PSALMOS.
2070 321 2137 333 -
2168 295 2355 350 PSAL.
2387 297 2565 354 XLIII.
3369 306 3508 361 “22

294 393 459 458 Φῶς
488 396 548 450 δὲ
588 398 680 450 καὶ
707 398 959 469 ἀλήθειαν
982 402 1083 472 τὴν
1107 402 1312 458 δικαίαν
1341 410 1433 460 καὶ
1470 409 1725 479 σωτήριον
1760 411 1873 462 ὲπι-

1979 413 2416 478 quemadmodum
2444 417 2781 471 tenebrarum
2808 420 3022 474 nomine
3051 421 3387 477 calamitates
3408 436 3505 493 ap-

299 481 562 550 φάνειαν
593 485 758 554 λέγει,
799 488 982 560 ὥσπερ
1006 492 1193 554 σκότος
1221 493 1318 556 τάς
1354 497 1647 566 συμφοράς.

1978 498 2208 566 pellavit.
2245 530 2258 544 -

399 571 523 626 Τοῦ
554 576 761 628 αὑτοῦ.
796 578 869 629 Τὸ
894 578 1348 651 ὲξαπεσταλμένον
1377 584 1562 652 (3)é1tl
1589 585 1686 655 τὴν
1710 584 1873 655 Ἰησοῦ

2046 586 2315 653 Ejusdem.
2347 588 2457 642 Lux
2504 591 2594 645 Dei
2620 602 2673 645 et
2718 595 2911 650 veritas
2954 598 3116 666 ipsius
3144 590 3195 653 in
3228 599 3353 656 Jesu
3386 604 3502 658 ani-

296 656 507 730 ψυχὴν
558 663 675 730 φῶς
726 665 858 718 Θεοῦ
880 705 894 730 ,
948 669 1042 720 καὶ
1083 670 1304 739 ἀλήθεια
1344 671 1504 724 αὐτοῦ
1529 676 1558 725 ὁ
1581 676 1873 744 Μονογενής

1978 687 2114 725 mam
2156 676 2366 739 emissa,
2387 686 2466 730 est
2498 677 2954 760 Uuigcnitus._Nos
2978 687 3117 739 enim
3153 689 3346 743 habere
3371 705 3506 760 pon-

298 747 499 804 ὲστιν.
544 752 664 806 Ὅτι
695 753 801 824 γὰρ
828 754 1018 825 ἔχομεν
1046 758 1300 829 ἀρχιερέα
1331 760 1497 830 μέγαν
1533 763 1733 832 Ἰησοῦν
1759 766 1873 833 Χρι-

1979 760 2170 817 tiliccm
2217 779 2463 833 magnum
2514 747 2692 822 Iesum
2729 756 2997 825 Christum
3041 776 3130 843 qui
3170 747 3388 834 indutus
3421 790 3504 836 est

304 835 459 890 στὸν
484 838 579 891 τὸν
611 841 738 893 Υίὸν
765 842 857 893 τοῦ
895 842 1027 895 Θεοῦ
1056 844 1411 915 ἐνδεδυμένον,
1439 848 1660 919 δηλώσει
1695 852 1792 920 μὲν
1820 853 1873 905 τὸ

1979 847 2165 903 Filium
2219 852 2327 912 Dei.
2369 854 2654 909 declaravit
2703 856 2791 911 lux
2845 835 3075 925 quidem-
3104 865 3195 917 Dei
3238 867 3291 920 in
3330 869 3502 936 ipsum

301 921 702 986 ὲξαποσταλὲν
729 927 815 979 ἐπ’
836 928 994 980 αὐτὸν
1022 928 1134 997 φῶς
1160 931 1251 982 τοῦ
1274 933 1424 985 θεοῦο
1445 935 1696 1005 ἀλήθειαν
1735 938 1873 998 δὲ,οὐ

1979 938 2210 1003 emissa;
2245 940 2522 993 veritatem
2553 957 2701 1009 vero,
2740 960 2844 999 non
2878 954 3057 1015 typum
3092 965 3230 1017 esse,
3269 921 3504 1022 praesens

299 1011 525 1078 τύπον,
556 1014 856 1086 διδάσκειή
903 1020 1231 1089 προκειμένη
1269 1021 1426 1085 λέξις.
1470 1025 1677 1089 Ἀτινα,
1718 1026 1873 1079 αὐτὸν

1978 1025 2140 1078 dictio
2165 1028 2369 1081 edocet.
2397 1026 2515 1083 Haec
2543 1045 2660 1084 cum
2697 1033 2864 1100 ipsum
2893 1011 3233 1103 deducerent,
3269 1011 3505 1097 adduxe-

299 1101 706 1172 ὁδηγήσαντα,
752 1106 952 1175 ἤγαγον
985 1109 1063 1170 είς
1100 1108 1158 1160 τὸ
1192 1112 1547 1181 πνευματικὸν
1592 1114 1741 1180 ἅγιον
1786 1116 1873 1169 τοῦ

1976 1123 2098 1168 runt
2119 1130 2238 1170 eum
2278 1118 2330 1170 in
2373 1119 2660 1187 spiritalem
2697 1132 2925 1177 montem
2958 1124 3047 1179 Dei
3077 1138 3339 1192 sanctum,
3368 1142 3421 1186 et
3451 1136 3502 1187 iu

299 1188 465 1243 Θεοῦ
494 1190 640 1262 ὅρος,
673 1194 767 1247 καὶ
792 1197 871 1256 είς
898 1196 964 1248 τὰ
993 1197 1217 1266 ἀληθινὰ
1246 1200 1566 1271 σκηνώματα
1592 1203 1772 1264 αὑτοῦ,
1795 1206 1879 1257 ἵνα

301 1277 400 1340 ὡς
418 1278 715 1350 ἀρχιερεὺς
740 1281 953 1354 εἰσέλθῃ
974 1283 1107 1353 πρὸς
1133 1284 1190 1336 τὸ
1219 1284 1590 1358 θυσιαστήριον
1606 1290 1696 1342 τοῦ
1724 1292 1872 1345 Θεοῦ.

303 1366 484 1436 Τάχα
513 1368 571 1421 δὲ
607 1386 626 1419 ι
656 1368 778 1441 ὅρος
808 1371 956 1439 ἆγιον
983 1390 1002 1422 ι
1041 1371 1133 1424 τοῦ
1172 1372 1302 1426 Θεοῦ
1334 1376 1530 1445 ήοίκία
1554 1379 1647 1431 τοῦ
1672 1380 1879 1450 Πατρός

302 1458 468 1511 ἐστι·
509 1476 531 1508 s
557 1458 885 1530 σκηνώματα
908 1480 926 1513 s
950 1460 1006 1512 δὲ
1038 1460 1197 1515 αὑτοῦ
1229 1465 1285 1516 αἱ
1319 1465 1504 1519 πολλαὶ
1532 1469 1589 1521 ἐν
1619 1470 1751 1539 αὐτῇ
1786 1487 1879 1539 μο-

302 1546 435 1600 ναί.
473 1548 550 1600 Ἦ
589 1566 610 1599 s
645 1548 715 1601 τὰ
762 1549 1106 1620 σκηνώματα,
1138 1571 1156 1604 ι
1202 1554 1362 1607 αὐτοῦ
1412 1556 1613 1611 αἰώνιοι
1666 1559 1872 1629 σκηναί.

305 1638 602 1707 Ζητήσεις
644 1639 701 1692 δὲ
731 1640 954 1710 πότερον
985 1644 1033 1696 εί
1061 1646 1119 1697 ὲν
1146 1644 1221 1715 τῷ
1245 1646 1383 1714 ἁγίῳ
1414 1645 1525 1716 ὄρει
1566 1648 1632 1700 τὰ
1669 1649 1875 1719 σκηνώ-

310 1727 485 1796 ματὰ
535 1728 676 1791 ἐστι,
717 1729 811 1782 καὶ
845 1709 964 1783 τίνα
991 1709 1267 1785 ταῦτα-ἐἰ
1403 1709 1536 1804 πρὸς
1585 1709 1875 1789 αὐτὸίτὸν
1906 1709 1947 1762 Β

305 1814 461 1868 Θεὸν
492 1815 849 1884 εὐφραίνοντα
892 1819 991 1889 τὴν
1032 1820 1252 1890 νεότητα
1282 1822 1460 1875 αὐτοῦ.
1508 1825 1579 1876 Οὐ
1620 1824 1726 1896 γὰρ
1766 1822 1875 1897 εἶχε

304 1902 687 1973 1τῑαλωότεητα.
725 1907 832 1958 Kal
863 1907 953 1969 τὸ,
987 1926 1007 1958 ί
1046 1909 1414 1980 Ἔνδυσάμενοι
1454 1912 1508 1964 δὲ
1536 1914 1625 1967 τὸν
1668 1915 1782 1968 νέον
1805 1955 1819 1979 ,
1852 1935 1869 1965 ι

305 1989 411 2043 διὰ
447 1990 659 2059 ταύτην
687 1991 784 2060 τὴν
811 1992 1033 2059 νεότητα
1076 1993 1303 2063 εἴρηται.
1345 1996 1452 2048 Kal
1479 1997 1583 2049 τῶν
1627 1997 1875 2050 τοιούτων

305 2078 466 2132 νέων
500 2080 650 2132 ἐστὶν
680 2083 712 2150 ἡ
753 2083 929 2153 ἑορτή.

391 2166 524 2221 Τοῦ
561 2169 768 2221 αὐτοῦ.
795 2171 955 2238 Ὄρος
981 2169 1130 2237 ἅγιόν
1154 2170 1228 2240 (4)
1255 2153 1365 2223 ἐστι
1403 2171 1533 2225 Θεοῦ
1558 2174 1586 2224 ὁ
1627 2174 1871 2245 Χριστός·

309 2255 669 2326 σκηνώματα
701 2258 757 2310 δὲ
791 2258 975 2323 αὐτοῦ,
1009 2261 1064 2312 αἱ
1098 2260 1246 2327 ἆγιαι
1271 2262 1519 2331 δυνάμεις
1544 2264 1601 2315 ὲν
1636 2258 1723 2324 αἷς
1750 2280 1877 2315 κατ-

309 2352 485 2402 «xei.

388 2437 562 2506 Πρὸς
592 2437 699 2491 τὸν
727 2440 874 2493 Θεὸν
900 2441 1292 2508 εὐφραίνοντα
1325 2441 1438 2508 τὴν
1467 2440 1713 2507 νεότητὰ
1734 2460 1872 2511 μου,

308 2527 850 2597 ἐξομολοτήοὈμαί
868 2545 964 2583 σοι
985 2530 1054 2583 ἐν
1067 2530 1290 2598 κιθάρᾳ,
1309 2532 1341 2584 ὁ
1358 2530 1518 2594 Θεὸς,
1536 2533 1568 2583 ὀ
1584 2530 1725 2595 Θεός
1735 2548 1872 2598 μου,

311 2635 371 2672 κ.
407 2636 463 2672 τ.
499 2619 546 2670 ἑ.
584 2619 694 2671 Kal
724 2620 782 2670 ὲν
808 2618 883 2688 τῷ
910 2618 984 2689 (5)
1019 2619 1354 2689 ὀγδοηκοστῷ
1400 2619 1563 2689 τρίτῳ
1601 2620 1735 2690 πρὸς
1779 2620 1874 2690 τὴν

308 2710 508 2779 ψυχήν
540 2725 704 2778 φησιν
723 2725 737 2737 ·
762 2728 781 2759 s
804 2710 1327 2779 Ἀνακαινισθήσεται
1349 2710 1423 2772 ώς
1443 2708 1598 2761 ἀετοῦ
1628 2712 1662 2780 ἠ
1690 2710 1874 2780 νεότης

314 2813 438 2851 σου.
467 2816 488 2848 ι
523 2796 708 2851 Ταῦτα
736 2797 1101 2868 διηγηματικά
1119 2798 1249 2867 πρὸς
1274 2799 1416 2868 ἡμᾶς
1438 2796 1522 2850 διὰ
1545 2798 1722 2866 μέσου.
1745 2793 1874 2851 Εἶτα

311 2888 491 2941 πόλιν
520 2887 656 2958 πρὸς
684 2888 813 2940 Θεὸν
845 2889 951 2941 ἀπὸ
978 2888 1072 2940 τοῦ
1092 2925 1108 2950 ,
1133 2906 1152 2938 s
1192 2888 1672 2958 Ἐξομολογήσομαί
1702 2906 1783 2942 σοι
1813 2890 1874 2943 ἐν

313 2976 553 3046 κιθάρᾳ·
588 2998 609 3029 s
648 2978 854 3047 μήποτε
880 2977 957 3047 τῷ
976 2978 1293 3049 ἀρμοσθέντι
1323 2977 1424 3030 ὑπὸ
1449 2978 1541 3030 τοῦ
1576 2979 1873 3049 πνεύματος
1898 2995 1941 3051 α

314 3065 567 3137 σώματι.

391 3158 705 3209 Ἔλπισον
730 3154 829 3206 ἐπὶ
864 3154 970 3208 τὸν
999 3154 1170 3217 Θεὸν,
1228 3155 1315 3207 ὅτι
1367 3153 1886 3222 ἐξομολογήσομαι

312 3244 508 3309 αὐτῷ,
543 3242 839 3310 σωτήριον
870 3243 974 3296 τοῦ
1003 3242 1318 3309 προσώπου
1339 3260 1456 3311 μου
1501 3246 1533 3296 ὁ
1566 3245 1706 3307 Θεός
1730 3260 1868 3310 μου,

313 3350 372 3388 κ.
405 3350 463 3386 τ.
499 3334 547 3384 ἐ.
604 3332 668 3383 Ἦ
700 3330 843 3399 ψυχὴ
876 3330 1040 3382 δεῖται
1057 3329 1132 3397 (6)
1161 3331 1507 3399 ὑπομνήσεως
1541 3331 1656 3399 τῆς,
1686 3347 1704 3379 ‹
1738 3331 1860 3382 "El.-

316 3440 486 3478 πισον
512 3423 607 3474 ἐπὶ
633 3422 724 3474 τὸν
751 3421 896 3474 Θεόν.
913 3439 930 3471 ι
947 3421 1208 3490 Σωτήριον
1233 3420 1289 3473 δὲ
1314 3418 1408 3472 τοῦ
1435 3420 1721 3491 προσώπου
1748 3421 1874 3473 ἀνα-

312 3509 767 3580 κεκαλυμμένου,
812 3509 905 3561 καὶ
936 3508 1034 3579 τὴν
1076 3508 1229 3572 δόξαν
1257 3509 1456 3585 Κυρίου
1504 3510 1875 3580 κατοπτρίζειν

312 3600 467 3655 κατὰ
497 3600 599 3670 τὴν
631 3597 796 3668 αὐτὴν
819 3635 835 3660 ,
867 3598 1136 3650 τουτέστιν
1173 3598 1426 3659 ὡσαύτως
1450 3597 1691 3666 ἔχουσαν,
1716 3615 1877 3668 μετα-

319 3686 711 3761 μορφουμένου
739 3686 936 3748 παντὸς
954 3724 969 3748 ,
998 3686 1090 3738 καὶ
1120 3687 1347 3755 μάλιστα
1376 3686 1466 3738 τοῦ
1506 3685 1677 3755 Ἰησοῦ
1709 3690 1869 3739 ἐστιν.

880 3864 1165 3918 ΨΑΛΜΟΣ
1198 3864 1325 3918 Ml".

402 3954 459 4008 Ὀ
481 3952 731 4019 Θεὸς-,ἐν
749 3951 869 4017 τοῖς
894 3952 1043 4006 ὠσὶν
1061 3953 1225 4021 ἡμῶν
1248 3952 1600 4022 ἠκούσαμεν
1615 3957 1680 4007 Ol
1695 3956 1869 4010 πατέ-

304 4061 420 4112 pec
445 4041 619 4112 ἡμῶν
632 4026 989 4110 ἀνήγγειλάν
1005 4041 1169 4109 ἡμῖν,
1186 4059 1239 4094 κ.
1252 4058 1303 4093 τ.
1318 4044 1365 4094 ὲ.
1383 4043 1474 4095 Ἐκ
1490 4043 1775 4114 προσώπου
1792 4046 1867 4117 (7)

311 4131 428 4183 τῶν
457 4131 519 4181 ὲν
546 4131 615 4198 τῇ
645 4128 906 4198 διασπορᾷ
940 4129 969 4178 ὁ
1009 4128 1240 4197 ψαλμὺς,
1269 4129 1302 4198 ἢ
1337 4131 1401 4182 ὲκ
1436 4131 1720 4200 προσώπου
1758 4133 1866 4188 τῶν

311 4220 428 4272 ἀπὸ
459 4217 573 4270 τῶν
614 4215 800 4283 ἐθνῶν,
827 4216 1017 4278 οἵτινες
1046 4217 1383 4281 ἐπίστευσαν,
1411 4220 1469 4280 ἐξ
1489 4221 1654 4290 ἀκοῆς
1692 4239 1866 4293 παρα-

313 4308 581 4368 λαϐόντες
601 4306 690 4359 τὸν
713 4305 866 4373 λόγον
893 4306 1002 4357 ἀπὸ
1025 4304 1118 4356 τοῦ
1156 4306 1384 4377 Ἰσραὴλ,
1413 4302 1457 4374 ᾧ
1484 4307 1634 4379 ώφθη
1660 4312 1688 4362 ὁ
1715 4310 1862 4372 Θεός.

313 4399 392 4450 Τὸ
439 4397 500 4449 δὲ
536 4394 664 4464 ἑξῆς
697 4393 784 4445 διά
817 4392 907 4455 τὸ,
936 4411 954 4443 ι
991 4392 1358 4463 Ἐπερώτησον
1380 4394 1469 4447 τὸν
1514 4396 1720 4465 πατέρα
1752 4413 1865 4460 σου,

313 4489 415 4542 καὶ
449 4484 741 4553 ἀναγγελεῖ
769 4499 866 4535 σοι.
900 4502 918 4533 s
956 4483 1102 4552 Πλὴν
1128 4482 1181 4534 εἰ
1203 4500 1283 4545 τις
1311 4484 1652 4551 ἀναγγέλλει,
1689 4487 1867 4556 πατήρ

314 4574 490 4627 ἐστιν.

401 4751 468 4805 Ἠ
494 4749 624 4818 χείρ
651 4761 769 4801 σου
794 4748 937 4816 ἔθνη
962 4746 1379 4815 ἐξωλόθρευονε,
1410 4766 1462 4802 κ.
1494 4765 1543 4801 τ.
1567 4749 1613 4802 ἑ.
1650 4749 1861 4803 Κακίαν

318 4840 421 4908 μὲν
452 4838 530 4908 (8)
563 4836 954 4903 καὶιάγνωσίαν
994 4833 1323 4907 ὲξολοθρεύει
1377 4837 1505 4900 Θεὸς
1524 4876 1539 4902 ,
1577 4837 1771 4909 ἀρετὴν
1806 4838 1862 4891 δὲ

314 4930 415 4980 καὶ
446 4926 647 4994 γνῶσιν
676 4923 1048 4992 καταφυτεύει.
1083 4942 1102 4974 ι
1131 4926 1283 4978 Πᾶσα
1320 4926 1427 4997 γὰρ
1459 4926 1647 4995 φυτεία
1672 4928 1738 4997 ἢν
1764 4928 1862 4981 οὐκ

314 5016 615 5085 ἐφύτευσεν
644 5016 672 5066 6
699 5014 849 5075 Θεὸς,
881 5010 1316 5081 ὲκριζωθήσεται.
1344 5034 1363 5064 ι
1402 5015 1564 5085 Ἔονη
1594 5016 1740 5083 λέγει
1763 5016 1862 5079 τὰς

316 5104 487 5156 πέντε
500 5117 740 5171 σατραπε
749 5100 831 5161 ίας
840 5097 937 5158 τὰς
950 5098 1006 5147 ὲν
1026 5096 1367 5170 Παλαιστίνῃ,
1382 5100 1688 5167 Γεθθαίους,
1705 5101 1861 5165 ’Δζω-

427 5239 475 5273 ”
504 5236 810 5299 Coloss.m,
831 5232 919 5286 Io.
989 5230 1033 5261 ”
1059 5229 1197 5285 Psal.
1221 5248 1313 5298 cu,
1346 5234 1399 5289 5.
1472 5234 1716 5289 “Matth.
1744 5250 1832 5301 xv,
1871 5236 1957 5291 15.

457 5350 476 5415 )
503 5348 569 5401 Τὸ
586 5339 1125 5415 ἐξαπεσταλμένος,
1152 5351 1254 5415 etc.
1270 5344 1491 5415 _Cat_ena
1513 5344 1773 5402 Corderii.

419 5407 476 5480 4')
508 5407 673 5480 Ὀροξ-
703 5413 893 5480 ἄτεον,
925 5407 1043 5480 etc;
1056 5407 1641 5480 Codex_Coislinianus.

419 5419 476 5535 ιγ
508 5419 673 5480 Ὄρος
703 5419 893 5479 ἄτιον,
925 5419 1028 5460 etc.
1056 5419 1232 5461 uouex
1261 5419 1482 5465 Coistini

417 5486 469 5542 5_
505 5483 613 5539 Καὶ
643 5482 714 5532 ἐν
737 5477 847 5542 τῷ,
876 5482 979 5542 etc.
1004 5471 1197 5526 Catena
1221 5476 1483 5542 Qorderii.

415 5538 469 5620 (ἡ
515 5538 586 5605 Ἦ
619 5538 795 5614 ψυχή’
823 5539 1023 5603 δεῖται,
1044 5549 1150 5594 etc.
1184 5538 1406 5602 Eadem.

1976 1219 2099 1258 vera
2128 1205 2467 1261 tabernacula
2499 1209 2684 1277 ipsius,
2710 1223 2765 1265 ut
2790 1228 2884 1268 ceu
2907 1217 3141 1283 pontifex
3168 1219 3411 1275 introiret
3436 1226 3502 1276 ad

1974 1292 2145 1347 altare
2164 1294 2274 1348 Dei.
2294 1295 2559 1351 Fortassis
2572 1309 2777 1354 autem:
2804 1318 2984 1357 mons»
3003 1304 3092 1359 Dei
3117 1322 3137 1357 ι
3154 1317 3368 1363 sanctus
3387 1328 3407 1361 ι
3424 1321 3508 1365 est

1975 1379 2161 1434 domus
2175 1379 2381 1447 Patris;
2408 1400 2428 1433 ι
2456 1384 2787 1440 tabernacula
2811 1406 2829 1438 ι
2854 1404 2977 1443 vero
2991 1392 3363 1460 ipsius,multae
3386 1411 3505 1465 qua:

1977 1466 2027 1521 in
2045 1466 2156 1535 ipsa
2170 1479 2294 1523 sunt
2310 1471 2627 1527 mansiones.
2648 1475 2741 1529 Vel
2756 1480 3122 1534 «tabernacula
3142 1500 3162 1534 ι
3180 1483 3362 1551 ipsius,
3379 1493 3505 1539 sunt

1973 1564 2171 1607 atterna
2226 1560 2480 1613 tentoria.
2534 1560 2701 1616 Porro
2742 1579 2947 1631 quaeres
2995 1578 3170 1623 utrum
3223 1570 3276 1624 in
3322 1580 3505 1628 monte

1975 1652 2158 1695 sancto
2196 1645 2534 1700 tabernacula
2587 1649 2714 1715 sint,
2748 1659 2800 1704 et
2827 1652 3004 1720 qualia
3025 1654 3134 1708 sint
3170 1671 3274 1710 :an
3300 1672 3363 1713 ea
3385 1672 3504 1727 qua:

1974 1729 2110 1794 apud
2153 1729 2322 1797 ipsum
2360 1731 2523 1786 Deum
2561 1734 2832 1790 lastilicant
2872 1736 3196 1804 iuventutem
3225 1744 3358 1813 ejus.
3383 1744 3500 1802 Non

1974 1815 2113 1868 enim
2143 1816 2326 1870 habuit
2352 1829 2698 1875 senectutem.
2728 1824 2862 1889 Quin
2897 1836 2950 1880 et
2982 1828 3106 1883 illud
3132 1833 3196 1893 ”,
3231 1849 3250 1883 ι
3277 1834 3501 1890 Induen-

1978 1907 2056 1954 tes
2086 1915 2297 1967 novum,
2333 1921 2354 1955 ι
2380 1915 2597 1973 prapter
2630 1907 2768 1961 hanc
2788 1909 3117 1974 iuventutem
3164 1914 3361 1969 dictum
3396 1925 3498 1973 est.

1975 1988 2040 2041 Et
2070 1989 2366 2046 istiusmodi
2390 1991 2640 2060 iuvenum
2672 2004 2754 2051 est
2779 1997 3056 2053 festivitas.

2045 2165 2313 2233 Ejusdem.
2345 2168 2496 2224 Mons
2534 2169 2625 2223 Dei
2658 2183 2872 2228 sanctus
2908 2185 2987 2229 est
3015 2176 3297 2246 Christus;
3324 2158 3531 2235 taber-V

1973 2255 2162 2307 uacula
2212 2264 2386 2310 autem
2432 2257 2578 2325 ejus,
2612 2271 2805 2315 sancta:
2850 2263 3095 2331 virtutes,
3126 2268 3176 2321 in
3202 2268 3391 2337 quibus
3419 2271 3503 2325 iu-

1973 2342 2195 2398 habitat.

2041 2431 2197 2501 707
2228 2432 2383 2488 Vsus.
2406 2436 2458 2489 4.
2497 2438 2579 2490 Ad
2615 2437 2775 2493 Deum
2807 2439 2896 2510 qui
2935 2441 3163 2512 la'tiﬁcat
3192 2446 3500 2509 iuventutem

1974 2535 2156 2585 meam,
2184 2522 2462 2589 conﬁtebor
2490 2524 2581 2578 tibi
2621 2527 2675 2579 in
2721 2528 2943 2594 cithara,
2996 2532 3132 2588 Deus
3159 2534 3294 2591 Deus
3321 2555 3460 2593 meus
3481 2578 3497 2604 ,

1972 2615 2077 2661 etc.
2106 2608 2274 2662 Etiam
2306 2610 2356 2663 in
2378 2615 2702 2681 octogesimo
2732 2617 2886 2672 tertio
2910 2619 3113 2686 psalmo
3132 2623 3299 2677 ait":
3340 2642 3360 2676 α
3395 2626 3497 2682 Ile-

1972 2698 2253 2752 novabitur
2277 2707 2337 2752 ut
2368 2701 2558 2769 aquilas
2582 2702 2828 2772 juventus
2867 2713 2975 2762 tua.
3025 2727 3044 2760 ι
3078 2709 3201 2766 Haec
3232 2714 3500 2771 mediante

1971 2787 2210 2855 exemplo
2230 2787 2409 2855 aliquo
2439 2791 2590 2843 nobis
2626 2793 2976 2859 explicantur.
3004 2796 3198 2854 Deinde
3218 2816 3402 2859 rursus
3430 2807 3498 2861 ad

1972 2873 2133 2928 Deum
2168 2876 2400 2945 loquitur
2436 2879 2503 2931 ab
2540 2879 2624 2932 bis
2671 2880 2845 2935 verbis
2878 2899 2893 2936 :
2922 2901 2941 2934 ι
2983 2884 3284 2948 Conﬁtebor
3306 2891 3400 2946 tibi
3442 2893 3495 2947 in

1970 2962 2200 3031 cithara,
2238 2986 2258 3018 ι
2302 2967 2437 3022 forte
2480 2981 2711 3037 corpore
2756 2972 2895 3033 quod
2942 2987 2971 3026 a
3025 2976 3213 3045 spiritu
3261 2988 3497 3049 aptatum

1969 3062 2074 3110 est.

2042 3142 2204 3199 Vsus.
2244 3144 2296 3199 5.
2336 3146 2499 3216 Spera
2522 3151 2574 3201 in
2600 3149 2728 3213 Deo,
2755 3155 2996 3219 quoniam
3025 3155 3194 3207 adhuc
3217 3156 3496 3224 conﬁtebor

1972 3233 2050 3286 illi
2081 3250 2098 3285 :
2123 3232 2351 3289 salutare
2377 3237 2543 3291 vultus
2563 3240 2662 3291 mei
2683 3239 2819 3293 Deus
2843 3256 3003 3304 meus,
3029 3251 3128 3295 etc.
3156 3243 3343 3298 Anima
3366 3260 3500 3315 opus

1976 3324 2131 3377 habet
2158 3325 2256 3378 hac
2277 3327 2706 3391 commonitione,
2728 3347 2746 3379 ι
2767 3328 2930 3405 Spera
2961 3330 3011 3382 in
3040 3329 3166 3384 Deo.
3195 3349 3217 3384 ι
3250 3332 3499 3390 Salutare

1967 3422 2141 3467 autem
2162 3414 2338 3468 vultus
2375 3415 2609 3483 revelati,
2643 3425 2696 3471 et
2722 3418 2942 3486 gloriam
2981 3420 3188 3474 Domini
3240 3430 3400 3491 prout
3441 3424 3494 3478 in

1967 3517 2025 3557 se
2053 3512 2154 3570 est,
2197 3505 2296 3559 hoc
2324 3514 2407 3560 est
2430 3507 2612 3561 eodem
2645 3508 2798 3562 modo
2828 3523 2884 3563 se
2910 3509 3189 3564 habentem
3213 3550 3229 3577 ,
3254 3525 3494 3581 eernere,

1968 3603 2048 3645 est
2071 3591 2304 3659 cujusvis
2335 3594 2720 3662 transformati,
2742 3605 2796 3651 et
2822 3600 3049 3655 maxime
3074 3599 3218 3655 Iesu.

2466 3859 2776 3916 PSALMUS
2806 3850 2984 3917 XLIII.

2042 3953 2195 4006 Vsus.
2232 3951 2286 4006 Ω.
2312 3950 2470 4016 Deus,
2496 3951 2705 4004 auribus
2728 3953 2918 4006 nostris
2951 3954 3239 4009 audivimus
3265 3971 3285 4009 :
3308 3954 3494 4014 Patres

1969 4043 2129 4096 nostri
2165 4043 2602 4094 annuntiauerunt
2643 4041 2808 4108 nobis,
2836 4049 2943 4097 etc.
2972 4043 3208 4098 Psalmus
3238 4045 3326 4100 hic
3364 4061 3495 4115 pro-

1966 4130 2238 4184 nuntiatus
2262 4136 2345 4183 est
2380 4142 2445 4182 ex
2487 4142 2708 4197 persona
2739 4142 2920 4182 eorum
2951 4133 3039 4197 qui
3076 4131 3286 4187 fuerunt
3323 4134 3377 4188 in
3409 4137 3493 4190 di-

1966 4218 2267 4288 spersione;
2288 4217 2367 4271 vel
2393 4231 2458 4272 ex
2482 4230 2705 4285 persona
2730 4216 2959 4285 gentium
2989 4233 3106 4286 qua:
3136 4218 3492 4287 crediderunt,

1968 4324 2033 4364 ex
2083 4308 2262 4362 auditu
2310 4321 2608 4363 sermonem
2641 4308 2996 4374 percipientes
3043 4312 3111 4363 ab
3162 4310 3374 4378 lsraele,
3406 4315 3492 4368 cui

1968 4399 2105 4452 Deus
2135 4403 2469 4465 apparuerat.
2498 4393 2646 4459 Quod
2682 4406 2857 4450 autem
2906 4398 3167 4465 sequitur,
3192 4399 3387 4454 dictum
3412 4412 3494 4456 est

1966 4494 2183 4554 propter
2218 4483 2343 4537 illud
2375 4500 2390 4536 τ
2420 4501 2438 4533 ι
2472 4483 2737 4552 Interroga
2780 4492 2986 4552 patrem
3027 4494 3251 4551 tuum,et
3283 4503 3492 4543 annun-

1968 4572 2120 4625 tiabit
2159 4569 2272 4625 tibi.
2328 4588 2348 4621 ι
2378 4570 2685 4639 Quanquam
2727 4580 2779 4625 et
2806 4572 2851 4626 si
2893 4573 3014 4642 quis
3061 4576 3363 4642 annuntiat,
3402 4592 3495 4647 pa—

1970 4668 2049 4713 ter
2079 4667 2179 4712 εει.

2036 4744 2194 4799 Vsus.
2228 4746 2282 4801 5.
2319 4746 2509 4799 Manus
2559 4755 2650 4821 tua
2682 4754 2851 4815 gentes
2882 4747 3210 4815 disperdidit,
3252 4755 3360 4804 etc.
3402 4751 3494 4805 Vi-

1967 4833 2093 4889 tium
2123 4841 2175 4888 et
2217 4833 2565 4900 ignorantiam
2591 4833 2847 4902 disperdit
2876 4834 3051 4900 Deus;
3077 4837 3324 4890 virtutem
3363 4851 3492 4891 vero

1962 4928 2018 4975 et
2037 4922 2307 4976 scientiam
2338 4921 2561 4990 plantat.
2589 4918 2818 4976 (Omnis
2864 4923 3004 4976 enim
3047 4921 3301 4990 plantatio
3328 4935 3488 4989 quam

1962 5025 2066 5065 non
2101 5011 2366 5078 plantavit
2397 5013 2550 5077 Deus,
2571 5011 2926 5067 eradicabitur
2952 5009 3017 5063 ⁸⁸.
3054 5027 3074 5061 ι
3110 5010 3353 5063 Gentium
3392 5027 3496 5068 no-

1961 5100 2106 5156 mine
2158 5101 2403 5172 intelligit
2446 5102 2679 5172 quinque
2716 5100 3015 5171 provincias
3047 5098 3357 5163 Palastinte,
3385 5101 3493 5157 Ge-

2033 5346 2110 5417 (7)
2148 5348 2246 5400 Ἐκ
2280 5346 2615 5420 προσώπου,
2641 5343 2981 5420 ειοκῼρωιιω
3009 5331 3250 5395 Corderii
3273 5342 3331 5389 et
3348 5336 3509 5395 Bar-'

1965 5408 2102 5480 bari,
2137 5429 2235 5468 nec
2268 5408 2372 5467 non
2401 5412 2608 5464 scheda:
2636 5408 2839 5464 Grabii.
3121 5478 3129 5480 _
3338 5477 3355 5480 _
3504 5420 3512 5446 ι

2031 5477 2103 5551 (8)
2124 5487 2361 5551 indutae
2383 5482 2513 5547 μέν,
2555 5491 2657 5551 et_c.
2687 5484 2882 5551 catena
2910 5478 3165 5551 Barbari,
3196 5484 3250 5531 et
3276 5477 3501 5537 schedtn

1878 5609 1883 5613 ,
1962 5547 2155 5616 Grabii,
2193 5549 2488 5618 partimque
2518 5547 2684 5603 codex
2709 5547 3076 5636 Coisllnianus.
