3910 6290
283 340 437 404 Hi9

1232 346 1532 406 SELEC'IA
1568 349 1633 404 1N
1666 348 1994 405 PSALMOS.
2028 358 2095 389 -‘-
2131 347 2323 404 PSAL.
2359 347 2515 404 XLIV

3320 342 3451 398 M30

280 455 537 522 λέγεται,
571 449 634 509 οῦ
667 455 879 524 γλῶσσα
908 416 1157 525 ’κάλαμος
1192 452 1258 527 ἧν
1309 456 1666 528 γραμματέως
1718 457 1823 521 ὀξυ-

1938 470 2034 525 gua
2053 464 2169 510 erat
2185 454 2423 510 calamus
2449 453 2635 509 scribae
2656 451 2911 507 velociter
2925 451 3225 508 scribentis.
3255 449 3450 508 Dillusa

282 546 534 614 γράφου.
571 545 823 615 Ἑξεχύθη
850 545 906 599 δὲ
942 546 1095 617 χάρις
1131 549 1186 598 ὲν
1219 550 1328 609 τοῖς
1365 547 1557 616 χείλεσι
1588 546 1678 598 τοῦ
1741 562 1828 615 μι-

284 632 470 701 μητοῦ
503 631 598 685 τοῦ
628 632 883 701 Χριστοῦ,
910 634 1000 686 καὶ
1025 632 1184 686 αὐτοῦ
1209 634 1298 685 τοῦ
1318 634 1565 703 Χριστοῦ,
1586 633 1647 686 οὐ
1677 633 1830 701 μόνον

272 723 383 774 διὰ
412 723 543 784 τοὺς
599 721 787 789 λόγους
824 723 920 791 τῆς
959 723 1172 792 χάριτος
1221 723 1342 784 τοὺς
1387 722 1831 792 ἐκπορευομένους

276 810 381 863 διὰ
407 812 680 879 στόματος
710 811 893 876 αὐτοῦ,
946 810 1079 865 ἀλλὰ
1127 810 1213 862 διὰ
1249 810 1344 879 τὴν
1388 810 1542 880 χάριν
1581 810 1679 878 τῆς
1724 809 1830 861 τῶν

275 899 581 968 ἁμαρτιῶν
611 900 876 966 ἀφέσεως,
894 898 1133 964 λέγοντος
1159 897 1318 951 αὑτοῦ
1337 914 1349 928 ·
1386 917 1404 949 ι
1428 897 1716 965 Ἀφέωνταί
1750 913 1830 948 σοι

274 989 340 1041 αἱ
379 987 649 1058 ἁμαρτίαι
676 1005 788 1040 σου.
825 1006 843 1039 ι

364 1077 481 1129 Τοῦ
510 1076 714 1131 αὐτοῦ.
742 1076 852 1145 Τὴν
882 1076 1067 1143 σοφίαν
1099 1074 1205 1144 (55)
1223 1075 1320 1145 τὴν
1351 1075 1713 1145 πνευματικὴν
1740 1075 1830 1128 καὶ

273 1164 448 1231 λόγον
470 1164 564 1217 τοῦ
588 1163 721 1216 Θεοῦ
768 1165 1040 1234 συγκρίνει
1101 1163 1256 1233 σοφίᾳ
1308 1165 1535 1234 κοσμικῇ
1567 1165 1658 1218 καὶ
1691 1164 1829 1233 λόγῳ

269 1253 634 1323 ἀνθρωπίνῳ.
1360 1300 1368 1307 .

354 1340 685 1408 Περίζωσαι
722 1339 834 1406 τὴν
879 1340 1171 1407 ῥομφαίαν
1202 1353 1317 1394 σου
1355 1338 1450 1392 ἐπὶ
1483 1339 1586 1393 τὸν
1638 1341 1830 1409 μηρόν

268 1442 427 1493 σου,
457 1426 704 1491 δυνατὲ,
733 1445 787 1481 κ.
819 1444 869 1480 τ.
894 1430 938 1480 ὲ.
957 1427 1101 1498 Αὕτη
1137 1429 1168 1496 ἡ
1198 1427 1433 1497 ῥομφαία
1463 1427 1573 1496 (54)
1611 1428 1827 1498 χωρίζει

265 1517 465 1588 ψυχὴν
498 1516 715 1579 κακίας,
744 1518 835 1570 καὶ
858 1517 980 1570 νοῦν
1008 1517 1292 1584 ἀγνωσίας,
1320 1517 1410 1569 τὸν
1424 1516 1702 1585 λεγόμενον
1728 1534 1829 1570 πα-

263 1607 435 1660 λαιὸν
467 1606 752 1676 ἄνθρωπον
795 1605 1163 1675 διαφθείρουσα
1184 1645 1200 1670 ,
1238 1607 1331 1659 καὶ
1373 1605 1594 1660 ποιοῦσα
1648 1606 1826 1660 καινὸν

264 1697 332 1749 ὲν
365 1694 602 1765 Χριστῷ
632 1697 752 1748 κατ’
780 1696 959 1748 εἰκόνα
981 1693 1073 1746 τοῦ
1107 1693 1403 1755 κτίσαντος.

1928 552 2008 597 est
2032 554 2208 597 autem
2247 543 2415 610 gratia
2458 544 2510 596 in
2554 543 2711 596 labiis
2743 542 2854 607 ejus
2898 541 2988 610 qui
3032 539 3272 595 imitatur
3295 541 3449 595 Chri-

1927 643 2085 699 stum,
2116 643 2169 687 et
2209 633 2482 700 ipsiusmet
2508 630 2728 691 Christi,
2756 644 2859 683 non
2887 630 3057 684 solum
3094 639 3310 699 propter
3334 646 3451 685 ser-

1930 735 2109 775 mones
2156 721 2339 789 gratia:
2382 720 2474 788 qui
2515 720 2875 786 procedebant
2912 720 2979 773 de
3032 734 3126 774 ore
3172 720 3307 790 ejus,
3358 719 3449 773 sed

1932 811 2092 864 etiam
2144 817 2361 877 propter
2423 809 2645 878 gratiam
2691 809 2982 863 dimittendi
3040 816 3274 876 peccata,
3324 807 3447 863 dum

1927 899 2055 955 dicit
2083 900 2125 932 ”
2160 913 2174 951 :
2217 915 2235 949 ι
2271 896 2620 951 Dimittutttur
2654 898 2746 951 tibi
2784 907 2997 968 peccata
3038 907 3142 951 tua.
3176 914 3234 967 ι,

1996 1076 2148 1144 711
2172 1073 2436 1141 Ejusdem.
2468 1072 2786 1142 Sapientiam
2827 1074 3115 1141 spiritalem
3151 1082 3204 1129 et
3232 1078 3444 1131 verbum

1926 1165 2016 1219 Dei
2042 1172 2311 1233 comparat
2348 1177 2466 1219 cum
2498 1166 2755 1232 sapientia
2793 1166 3052 1219 mundana
3081 1173 3133 1220 ct
3166 1166 3324 1220 verbo
3348 1168 3447 1221 hu-

1920 1266 2098 1313 mano.

1992 1338 2152 1393 Vsus.
2192 1339 2247 1397 4.
2284 1341 2558 1409 Accmgere
2580 1341 2752 1409 gladio
2784 1352 2870 1395 tuo
2898 1358 3051 1410 super
3090 1345 3257 1411 [einur
3279 1353 3447 1406 tuum,

1923 1438 2119 1496 potens,
2147 1439 2253 1483 etc.
2295 1426 2394 1482 Hic
2435 1430 2641 1497 gladius
2674 1432 2905 1484 animam
2933 1442 3197 1498 separata
3227 1431 3446 1493 malitia,

1922 1524 1974 1569 et
2008 1525 2237 1571 mentem
2270 1518 2335 1570 ab
2359 1517 2668 1585 ignorantia,
2698 1533 2817 1572 eum
2839 1520 2924 1586 qui
2953 1528 3100 1573 vetus
3125 1520 3337 1584 dicitur,
3357 1521 3450 1574 ho-

1925 1604 2119 1658 minem
2151 1605 2444 1666 destruens,
2472 1617 2524 1659 et
2566 1607 2765 1663 faciens
2799 1622 2990 1662 novum
3021 1609 3072 1661 in
3113 1607 3325 1662 Christo
3360 1623 3448 1663 se-

1922 1691 2150 1744 cundum
2187 1692 2774 1760 itnaginetncreatoris.

349 1760 477 1840 To}?
508 1760 715 1838 αύτοῦ.
738 1785 957 1853 Μήποτε
1006 1801 1023 1834 ι
1055 1782 1083 1833 ὁ
1133 1782 1299 1851 μηρὸς
1342 1783 1453 1850 (55)
1492 1801 1511 1834 ι
1568 1782 1823 1851 σύμϐολόν

1991 1776 2261 1849 Ejusdem.
2289 1779 2537 1862 Fortasse
2564 1800 2582 1833 ι
2620 1783 2793 1836 femur
2830 1801 2851 1834 ι
2892 1783 3187 1853 symbolum
3219 1795 3300 1840 est
3321 1788 3450 1840 nati-

261 1874 394 1925 ἐστι
433 1872 720 1938 γενέσεως.
746 1869 914 1922 Οίονεὶ
937 1864 1025 1922 οὖν
1045 1866 1104 1921 τὸ
1119 1867 1398 1936 λεγόμενον
1427 1868 1654 1921 τοιοῦτόν
1678 1871 1818 1920 ἐστι’

260 1959 531 2026 Σύναψον
559 1960 625 2028 τῇ
656 1957 861 2025 γενέσει
903 1973 994 2008 σου
1023 1957 1085 2008 τὸ
1112 1958 1378 2024 αἱρετικὸν
1404 1956 1506 2009 τῶν
1536 1956 1819 2025 πολεμίων.

260 2049 385 2102 Καὶ
418 2046 596 2114 σαφὲς
633 2046 728 2114 μὲν
751 2046 783 2114 ἡ
806 2046 1011 2112 γένεσις
1056 2045 1228 2114 Ἰησοῦ
1250 2044 1397 2111 ξίφος
1430 2044 1638 2110 ἐγένετο
1686 2044 1822 2096 κατὰ

259 2136 380 2189 τῶν
414 2134 632 2204 ἐχθρῶν
663 2133 845 2189 αὐτοῦ.
874 2135 943 2187 Ἦ
966 2136 995 2186 ὁ
1019 2134 1075 2187 ὲν
1095 2134 1280 2203 ἁγνείᾳ
1307 2133 1418 2203 βίου
1467 2134 1638 2200 λόγος,
1675 2136 1823 2187 ἀναι-

262 2225 383 2296 ρῶν
423 2218 507 2275 τᾶ
534 2222 701 2291 πάθη,
735 2219 1063 2292 περιζῶσθαι
1085 2221 1350 2292 ῥομφαίαν
1370 2221 1578 2288 λέγεται
1613 2223 1702 2274 ἐπὶ
1734 2223 1823 2274 τὸν

263 2315 458 2385 μηρὸν
503 2313 691 2366 αὐτοῦ.
726 2313 943 2382 Πρῶτος
992 2314 1048 2366 δὲ
1104 2312 1303 2383 Ἰησοῦς
1356 2298 1512 2366 τοῦτο
1553 2314 1820 2383 ἐποίησεν,

260 2405 395 2458 ἐπεὶ
413 2404 577 2456 οὐδὲν
614 2403 887 2472 ἀνειμένον
916 2403 1008 2456 καὶ
1065 2402 1409 2472 ἐκλελυμένον
1470 2405 1527 2454 ὲν
1587 2402 1818 2472 Χριστῷ.

258 2491 435 2545 Κατὰ
468 2489 629 2543 τοῦτο
652 2492 858 2559 νοήσεις
884 2490 986 2561 τὸ,ι
1016 2488 1259 2545 ἔντεινον.
1293 2508 1310 2541 ι
1346 2491 1453 2542 Kal
1478 2489 1567 2541 τὸν
1593 2492 1687 2557 μὲν
1714 2491 1822 2542 Σω-

256 2582 415 2649 τῆρα
451 2578 550 2630 καὶ⁸
603 2578 729 2640 τοὺς
779 2576 961 2644 ἁγίους
1015 2576 1176 2631 αὐτοῦ
1223 2580 1255 2634 ἡ
1295 2577 1438 2642 δεξιὰ
1482 2577 1640 2630 αὐτοῦ
1698 2578 1820 2646 ὁδη-

257 2689 374 2738 γει.

338 2759 605 2811 Ἕνεκεν
625 2757 904 2823 ἀληθείας
931 2755 1026 2808 καὶ
1046 2756 1367 2823 πραότητος
1400 2754 1494 2808 καὶ
1525 2754 1819 2808 δικαιοσύ-

256 2863 404 2911 νης,
442 2861 504 2897 κ.
526 2861 579 2897 τ.
607 2846 651 2896 ὲ.
688 2844 750 2896 Ol
777 2843 991 2911 ἀληθεῖς
1008 2843 1136 2911 ('56),
1169 2844 1262 2895 καὶ
1283 2845 1490 2912 πραεῖς,
1517 2843 1608 2894 καὶ
1629 2842 1820 2895 δίκαιοι

258 2934 656 3001 βασιλεύονται
693 2933 797 2985 ὑπὸ
828 2932 918 2985 τοῦ
952 2932 1202 3002 Χριστοῦ.
1257 2950 1276 2983 ι
1331 2933 1437 2985 Kal
1476 2933 1721 3003 ὁδηγήσει
1762 2949 1819 2985 σε

1922 1868 2113 1921 vitatis.
2132 1868 2280 1934 Quod
2299 1885 2427 1936 ergo
2454 1871 2601 1934 dicit,
2625 1872 2773 1938 quasi
2797 1871 3049 1938 ejusmodi
3074 1883 3152 1927 est
3184 1891 3197 1928 :
3220 1873 3450 1928 Acconi-

1922 1956 2076 2015 moda
2126 1957 2388 2010 nativitati
2450 1968 2551 2013 tute
2592 1959 2695 2014 vim
2742 1961 3022 2028 quamdam
3073 1961 3294 2016 tollendi
3347 1963 3449 2016 ini-

1921 2042 2102 2097 micos.
2156 2042 2361 2097 Etenim
2418 2046 2669 2102 nativitas
2726 2046 2853 2101 Jesu
2912 2048 3222 2103 manifestus
3269 2049 3447 2114 utique

1921 2129 2123 2197 gladius
2152 2133 2357 2188 exstitit
2408 2135 2663 2189 adversus
2711 2135 2952 2190 inimicos
2991 2135 3126 2204 ejus.
3158 2135 3253 2190 Vel
3302 2148 3446 2192 casta

1924 2220 2127 2273 vivendi
2168 2222 2321 2284 ratio,
2365 2237 2482 2289 qua:
2524 2222 2693 2277 malos
2736 2222 2959 2279 affectus
2993 2239 3024 2279 e
3072 2225 3247 2281 medio
3289 2226 3446 2281 tollit.

1919 2305 2148 2372 gladium
2191 2308 2465 2375 accingere
2497 2309 2690 2362 dicitur
2725 2324 2885 2378 super
2928 2311 3100 2367 femur
3128 2328 3301 2367 suum.
3332 2313 3447 2367 Pri-

1923 2409 2037 2445 mus
2061 2404 2235 2449 autcm
2271 2396 2370 2450 hoc
2401 2397 2529 2452 fecit
2556 2397 2729 2461 Jesus,
2768 2399 3017 2466 quoniam
3049 2399 3178 2453 nihil
3205 2400 3259 2454 in
3290 2401 3447 2456 Citri-

1920 2493 2002 2536 sto
2031 2482 2129 2536 l'uit
2174 2484 2448 2537 remissum
2484 2495 2572 2537 aut
2621 2487 2956 2551 dissolutum.
3005 2488 3305 2543 Secundum
3345 2489 3446 2544 hoc

1920 2569 2179 2637 intelliges
2231 2570 2356 2622 illud
2384 2590 2403 2621 ι
2451 2571 2714 2625 intendes.
2745 2590 2762 2622 ι
2809 2575 3066 2628 Caeterum
3115 2572 3445 2630 Salvatorcm

1921 2669 1981 2711 ac
2010 2670 2225 2713 sanctos
2249 2660 2363 2727 ejus
2387 2661 2601 2714 dextera
2636 2661 2801 2729 ipsius
2834 2663 3065 2718 deducit.

1992 2747 2145 2802 Vens.
2190 2749 2244 2801 5.
2284 2746 2509 2816 Propter
2556 2753 2812 2804 veritatem
2836 2793 2850 2817 ,
2885 2764 2937 2822 et!
2961 2754 3401 2808 mansuetudinem
3426 2796 3442 2821 ,

1916 2846 1962 2888 et
1984 2836 2264 2903 justitiam,
2293 2848 2396 2891 etc.
2447 2836 2668 2892 Veraces
2689 2880 2704 2904 ,
2735 2841 2889 2895 mites
2930 2851 2984 2896 et
3017 2842 3144 2910 justi
3191 2856 3446 2912 reguntur

1918 2940 1946 2975 ιι
1976 2923 2206 2977 Christo.
2244 2941 2259 2974 t
2292 2924 2357 2977 Et
2379 2924 2597 2977 deducet
2620 2935 2675 2979 te
2698 2926 3008 2987 mirabiliter
3046 2931 3259 2985 dextera
3298 2940 3438 2986 tua.-

256 3023 612 3094 θαυμαστῶς
643 3024 676 3092 ἡ
699 3023 843 3088 δεξιά
865 3040 977 3078 σου.
1014 3042 1034 3076 ι
1061 3023 1217 3087 Δεξιὰ
1242 3023 1334 3077 τοῦ
1370 3022 1501 3075 Θεοῦ
1527 3024 1670 3077 ἐστιν
1704 3025 1732 3076 ὁ
1763 3025 1818 3076 ὲν

1921 3011 2140 3067 Dextera
2172 3012 2262 3066 Dei
2289 3022 2371 3066 est
2394 3011 2536 3067 Deus
2565 3013 2788 3069 Verbum
2822 3018 2960 3085 quod
2994 3017 3047 3072 in
3090 3021 3202 3085 ipso
3235 3030 3337 3074 est.

252 3112 417 3182 αὑτῷ
453 3111 592 3173 Θεὸς
613 3113 800 3179 Λόγος.

336 3201 425 3254 Τὰ
448 3198 617 3264 βέλη
654 3213 769 3252 σου
814 3198 1166 3267 ἠκονημένα,
1207 3199 1442 3253 δυνατέ·
1493 3200 1629 3253 λαοὶ
1681 3203 1823 3255 ὑπο-

254 3289 426 3339 κάτω
464 3299 586 3336 σου
616 3284 954 3347 πεσοῦνται,
982 3284 1051 3337 ἐν
1071 3284 1277 3351 καρδίᾳ
1312 3286 1426 3339 τῶν
1459 3286 1681 3353 ἐχθρῶν
1717 3290 1821 3342 τοῦ

247 3373 603 3441 βασιλέως,
631 3389 685 3426 κ.
718 3390 769 3425 τ.
801 3375 846 3425 ἑ.
872 3373 1007 3441 Βέλη
1043 3372 1273 3442 Χριστοῦ
1306 3373 1414 3441 ('57)
1448 3376 1504 3427 αἱ
1531 3376 1823 3445 πρακτικαὶ

253 3460 495 3534 ἀρεταὶ,
530 3461 625 3513 καὶ
655 3462 720 3529 τῇ
751 3461 847 3528 μὲν
868 3459 1170 3528 δικαιοσύνῃ
1203 3460 1402 3524 τοξεύει
1428 3460 1516 3512 τὸν
1537 3460 1733 3524 ἄδικον,
1757 3465 1820 3531 τῇ

251 3553 314 3606 δὲ
348 3551 628 3621 φρονήσει
657 3550 748 3601 τὸν
791 3551 1013 3619 ἄφρονα,
1064 3548 1152 3601 τὸν
1190 3549 1356 3601 δειλὸν
1377 3552 1440 3618 τῇ
1472 3550 1720 3620 ἀνδρείᾳ,
1757 3555 1820 3621 τῇ

251 3638 580 3711 ἐγκρατείᾳ
611 3637 701 3689 τὸν
733 3637 1045 3699 ἀκόλαστον,
1067 3639 1130 3705 τῇ
1153 3636 1494 3707 μακροθυμίᾳ
1543 3638 1633 3691 τὸν
1674 3640 1821 3709 ὀργί-

252 3731 375 3792 λον,
402 3728 512 3781 καὶ
538 3730 606 3795 τῇ
638 3727 816 3778 πίστει
836 3724 925 3777 τὸν
953 3725 1191 3778 ἄπιστον.
1226 3727 1499 3794 Πέμπεται
1522 3726 1579 3780 δὲ
1599 3728 1702 3797 πρὸ
1719 3729 1822 3780 τῶν

224 3817 448 3872 ’ἄλλων
481 3813 546 3866 τὸ
568 3813 719 3881 βέλος
743 3813 844 3880 τῆς
875 3812 1122 3877 πίστεως.
1137 3815 1225 3867 Δεῖ
1254 3815 1360 3884 γὰρ
1383 3814 1593 3883 πρῶτον
1617 3815 1824 3869 πιστεῦ-

250 3923 350 3960 σαι
376 3906 476 3958 ὅτι
507 3902 630 3955 ἐστὶ
659 3901 809 3965 Θεός.

332 4014 463 4070 Τοῦ
492 4012 704 4066 αὐτοῦ.
739 4012 844 4064 Τοῦ
881 4012 1073 4074 ἱκανῶς
1108 4013 1487 4081 πρεσϐεύοντος
1524 4014 1631 4084 (58)
1684 4016 1820 4087 ὑπὲρ

246 4103 557 4172 ἀληθείας,
606 4098 700 4151 καὶ
739 4098 974 4160 δυνατῶς
997 4099 1057 4152 τὸ
1087 4098 1274 4166 ψεῦδος
1328 4100 1722 4169 καθαιροῦντος,
1757 4104 1824 4156 τὰ

1987 3191 2144 3246 Vens.
2182 3191 2234 3246 6.
2275 3191 2496 3261 Sagith
2528 3204 2630 3247 tute
2676 3203 2863 3259 acutae,
2889 3204 3110 3261 potens;
3149 3196 3325 3264 populi
3348 3196 3444 3250 sub

1918 3289 1965 3333 te
1994 3282 2172 3334 cadent
2193 3319 2207 3344 ,
2239 3283 2290 3336 in
2329 3287 2482 3335 corde
2526 3282 2847 3335 inimicorum
2897 3283 3059 3350 regis,
3092 3293 3196 3338 etc.
3228 3284 3442 3353 Sagitta:

1917 3368 2110 3422 Christi
2133 3378 2254 3423 sunt
2273 3371 2502 3424 actrices
2532 3371 2774 3434 virtutes,
2805 3382 2857 3423 et
2889 3370 3093 3438 justitia
3122 3371 3333 3439 quidem
3366 3372 3441 3425 fe-

1920 3455 1988 3525 rit
2013 3454 2282 3522 injustum,
2321 3458 2597 3523 prudentia
2649 3457 3007 3525 insipientem,
3042 3457 3351 3514 fortitudine
3382 3460 3442 3513 ti-

1918 3546 2135 3609 tnidunt,
2164 3548 2509 3614 temperantia
2558 3547 3018 3613 intemperantem,
3050 3548 3303 3615 patientia
3333 3552 3444 3604 ira-

1918 3636 2187 3700 cundum,
2227 3636 2329 3689 ﬁde
2377 3632 2726 3690 incredulum.
2777 3635 3046 3689 Emittitur
3099 3647 3274 3690 autem
3318 3645 3442 3692 ante

1919 3738 2100 3779 omnes
2146 3724 2265 3778 ﬁdei
2297 3725 2510 3793 sagitta.
2542 3722 2758 3793 Oportet
2791 3724 2931 3781 enim
2968 3724 3197 3794 primum
3227 3725 3442 3781 credere

1917 3814 2056 3881 quod
2081 3813 2219 3869 Deus
2244 3821 2342 3869 est.

1991 4010 2256 4080 Ejusdem.
2286 4010 2412 4079 Ejus
2441 4013 2530 4080 qui
2552 4012 2893 4075 ,sullicienter
2940 4028 3034 4082 pro
3064 4015 3281 4068 veritate
3315 4025 3443 4069 con-

1919 4099 2177 4164 ciouatur,
2199 4110 2253 4154 et
2292 4109 2530 4168 potenter
2560 4103 2828 4170 redarguit
2858 4101 3138 4157 falsitatem
3156 4141 3171 4166 ,
3208 4103 3438 4156 ratimta-

244 4190 470 4260 λογικὰ
496 4190 756 4259 ὴκόνηται
791 4188 937 4256 βέλη.
974 4188 1082 4239 Καὶ
1114 4190 1161 4240 ol
1188 4189 1437 4241 ὑποκάτω
1462 4188 1554 4242 τοῦ
1590 4191 1819 4261 Χριστοῦ

1921 4190 2050 4244 biles
2085 4198 2319 4244 exacutze
2341 4200 2465 4243 sunt
2488 4192 2712 4259 sagittae.
2740 4192 2805 4244 Et
2838 4191 2927 4259 qui
2973 4191 3070 4244 sub
3093 4191 3302 4244 Christo
3346 4205 3442 4243 ca-

239 4280 571 4339 πίπτοντες
597 4277 654 4327 ὲν
675 4279 737 4346 τῇ
769 4277 959 4345 καρδίᾳ
1009 4275 1098 4326 καὶ
1128 4277 1239 4337 τοῖς
1281 4277 1536 4346 νοήμασίν
1570 4279 1671 4330 εισι
1715 4278 1819 4330 τῶν

1921 4278 2069 4341 dunt,
2105 4278 2158 4332 hi
2179 4279 2231 4331 in
2257 4280 2413 4331 corde
2444 4286 2499 4331 et
2536 4278 2936 4346 cogitationibus
2960 4279 3441 4332 suntlnimicorum

236 4366 486 4439 ἐχθρῶν
534 4364 630 4418 τοῦ
671 4340 1009 4433 Χριστοῦξός
1050 4366 1163 4415 ἐστι
1215 4340 1476 4432 βασιλεύς.
1527 4366 1715 4433 Σαφῶς
1763 4367 1817 4418 δὲ

1921 4340 2136 4426 Christi,
2171 4366 2260 4432 qui
2283 4374 2363 4419 est
2384 4380 2494 4419 rex.
2528 4340 2804 4420 Mahit‘este
2832 4377 3007 4419 autem
3030 4366 3270 4420 Christus
3301 4366 3439 4420 Deus

233 4458 385 4522 Θεὸς
429 4458 466 4509 ό
501 4454 756 4523 Χριστός.
808 4453 915 4506 Kal
942 4453 1079 4522 τάχα
1108 4458 1217 4510 ἐστι
1266 4457 1433 4508 ποιεῖν
1461 4455 1816 4520 δικαιοσύνην,

1921 4462 2020 4507 εει.
2047 4453 2112 4507 Ει
2136 4453 2357 4507 fortasse
2380 4455 2543 4520 possit
2573 4455 2695 4523 quis
2723 4455 2898 4509 facere
2925 4455 3180 4523 justitiam
3204 4464 3259 4508 et
3280 4454 3445 4509 absti-

235 4548 342 4599 καὶ
381 4540 702 4611 ἀπέχεσθαι
748 4541 971 4610 ἀνομίας
1007 4541 1152 4619 φόᾷῳ
1181 4542 1332 4605 Θεοῦ,
1370 4543 1461 4594 καὶ
1486 4544 1550 4595 οὐ
1597 4547 1659 4613 τῇ
1688 4545 1819 4614 πρὸς

1922 4558 2048 4597 nere
2070 4543 2136 4596 ah
2180 4543 2458 4611 iniquitate
2507 4544 2695 4598 timore
2734 4544 2850 4610 Dei,
2881 4554 2934 4598 et
2975 4559 3079 4596 non
3121 4558 3301 4597 amore
3353 4545 3443 4598 Dvi

236 4640 388 4691 Θεὸν
433 4631 596 4703 παρὰ
627 4630 687 4682 τὸ
712 4629 913 4683 δίκαιον
961 4631 1165 4701 ἀγάπῃ,
1209 4632 1327 4684 οὐδὲ
1379 4630 1453 4700 τῷ
1503 4635 1674 4700 μισεῖν
1721 4633 1818 4703 τὴν

1921 4645 2134 4706 propter
2161 4637 2443 4705 justitiam,
2470 4652 2640 4709 neque
2666 4638 2788 4691 odio
2828 4638 3147 4705 iniquitatis.
3179 4636 3285 4690 Sed
3340 4653 3444 4692 non

243 4729 342 4778 ivo
355 4723 530 4792 μίαν.
569 4719 705 4771 Ἀλλ’
735 4719 794 4770 οὐ
818 4717 1050 4782 τοιοῦτος
1077 4722 1104 4771 ὀ
1130 4720 1375 4789 Χριστός.

1921 4726 2213 4781 istiusmodi
2241 4725 2505 4780 Christus.

336 4831 597 4894 Ῥὰϐδος
610 4830 927 4893 εὐθύτητος
952 4828 989 4895 ἡ
1009 4828 1218 4894 ῥάϐδος
1245 4829 1351 4896 τῆς
1365 4831 1674 4896 βασιλείας
1683 4849 1814 4896 σου,

1990 4835 2149 4889 Vens.
2191 4834 2243 4887 7.
2296 4832 2455 4902 Virgo
2499 4834 2792 4888 directionis
2836 4835 2975 4902 uirga
3025 4832 3162 4899 regni
3198 4832 3309 4891 tui,
3342 4839 3443 4883 etv.

244 4940 303 4975 κ.
338 4939 394 4974 τ.
439 4922 497 4972 ὲ.
545 4918 609 4971 Ἦ
641 4917 832 4988 ῥάϐδος
871 4916 1096 4985 Χριστοῦ
1120 4919 1223 4985 (59)
1341 4920 1533 4988 χρῆται
1582 4920 1814 4984 κολάζων

1924 4926 2078 4993 Virga
2098 4939 2196 4992 qua
2220 4923 2462 4977 Christus
2494 4925 2660 4978 utitur
2691 4933 2747 4978 ut
2772 4926 2951 4992 puniat
2972 4930 3275 4990 peccatores
3305 4918 3444 4981 virgt

243 5011 387 5074 τοὺς
423 5007 843 5078 ἁμαρτάνοντας
868 5041 882 5067 ,
913 5004 1098 5073 ῥάϐδος
1126 5006 1407 5075 εὐθύτητος
1448 5007 1694 5077 εἴρηται,
1730 5013 1815 5063 εὑ-

1922 5012 2228 5068 directionis
2266 5011 2582 5080 appellatur,
2619 5012 2850 5079 dirigens
2875 5019 2929 5064 et
2959 5010 3026 5061 ab
3052 5003 3194 5059 omni
3232 5015 3449 5067 pervet-

320 5167 373 5201 ”
402 5164 605 5221 Matth.
634 5177 714 5227 II,
742 5160 797 5213 5.

321 5285 454 5367 (33f
488 5299 611 5365 Τὴν
634 5294 883 5368 σοφίαν,
916 5302 1018 5349 etc.
1047 5294 1219 5348 Codex
1255 5292 1610 5348 Coisliuianus
1634 5304 1685 5350 et
1729 5313 1817 5353 ca.

1985 5300 2094 5368 (37)
2128 5299 2279 5365 Βέλη
2304 5297 2574 5364 Χριστοῦ,
2605 5305 2710 5349 etc.
2746 5291 2952 5347 Eadem
2981 5280 3197 5338 schedae
3222 5287 3278 5332 et
3302 5291 3462 5336 cate-

247 5364 379 5422 tcna
426 5364 604 5418 Barba
615 5364 685 5415 ri.
1208 5424 1219 5425 ί
1458 5423 1469 5425 ᾗ
1914 5385 1981 5425 na
2008 5364 2245 5421 Barbari.

319 5411 724 5504 ’ἡ
744 5426 1026 5504 ρρμςραία,
1056 5434 1160 5481 etc.
1181 5423 1640 5504 "Scltedtel‘Grabii.

2262 5429 2471 5495 ἱκανῶς
2495 5427 2937 5496 πρεσϐεύοντος,
2970 5424 3084 5470 etc.
3114 5411 3321 5465 Catena
3339 5412 3456 5468 Cor

319 5435 423 5504 (54
478 5434 648 5493 Αὕτη
680 5434 724 5492 ἢ
744 5434 1026 5492 ῥομφαία,
1056 5434 1160 5481 etc.
1196 5434 1414 5479 Scaeuae
1441 5434 1640 5481 Crabii.
1984 5438 2071 5504 (δε

313 5434 1032 5569 (δδῖλπήξτρτξρμηρόςλ
1049 5492 1647 5569 θηίεοιοῖὶέθιιξὶ.βοΐαει’ίί.
1919 5504 2073 5558 ἀργῇ.

314 5549 435 5639 δέ)
468 5549 843 5627 δί’ἀληθεῖξ,
872 5549 1214 5613 ἔιοίεείιούαι
1235 5558 1434 5614 Crabii.

1921 5549 2097 5635 wIlii-{ll
2134 5570 2201 5621 Ἡ
2215 5564 2427 5633 ,ῥάϐδος
2456 5561 2724 5629 Χριστοῦ,
2746 5569 2846 5614 etc.
2873 5555 3078 5612 Eadem
3099 5549 3327 5603 Catena.
