3910 6228
229 281 392 338 1437
1173 282 1471 338 SELECTA
1509 281 1574 335 ΙΝ
1608 276 1938 333 PSALMOS.
1980 308 2048 318 —
2088 278 2276 334 PSAL.
2315 278 2519 333 XLVII.
3286 274 3416 327 H38

231 397 744 470 μαθητευομένοις,
783 391 905 452 οῦσί
951 399 1174 461 πολλοῖς.
1219 401 1387 462 Αὐτὸς
1436 401 1492 452 δέ
1533 403 1560 451 6
1591 398 1775 468 Κύριος

1889 395 2002 464 [pse
2029 402 2203 451 autem
2232 399 2484 451 Dominus
2515 404 2719 460 noster,
2742 409 2866 449 cum
2899 407 3001 448 non
3038 393 3294 446 sciremus
3318 408 3412 445 no-

225 487 432 558 ὴμῶν,
466 487 539 555 μὴ
595 486 968 555 ἐπισταμένων
1015 490 1222 549 ἑαυτοῖς
1254 486 1566 552 ἐκλέξασθαι
1593 486 1620 537 ὃ
1665 485 1769 552 κλη

1890 487 1972 540 bis
1995 487 2194 553 eligere
2242 487 2627 551 bmreditatem,
2657 488 2816 554 elegit
2843 486 2992 539 nobis
3022 495 3226 550 partem
3255 498 3410 550 quam

230 575 643 645 ρονομήσομεν,
679 573 952 638 ἐξελέξατο
986 577 1114 644 ἡμῖν
1147 576 1333 644 μερίδα
1368 577 1433 646 ἣν
1459 574 1774 644 κληρονομήι

1889 575 2195 628 haereditate
2243 575 2606 641 acciperemus
2635 612 2650 639 ,
2701 577 2904 628 scilicet
2952 575 3180 641 speciem
3226 573 3411 637 Jacoh,

231 681 440 733 σομεν,
469 665 590 732 ἥτις
621 663 736 714 ἐστὶ
778 662 870 715 τοῦ
911 663 1098 716 Ἰακὼϐ
1132 664 1375 733 καλλονή,
1410 664 1475 732 ἣν
1516 665 1775 731 ήγάπησεπ

1007 663 1098 716 ιὼϐ
1132 664 1375 733 καλλονή,
1410 664 1475 732 ἣν
1516 665 1792 731 ἠγάπησεν
1889 678 2044 729 quain
2068 663 2250 715 dilexit
2278 662 2551 715 Dominus.

222 754 257 804 ὁ
293 751 535 821 Κύριος.

314 842 438 894 Τοῦ
478 843 684 895 αὑτοῦ.
727 842 959 893 Ἔδωκεν
991 843 1120 910 ἡμῖν
1149 843 1254 910 (59)
1293 842 1533 906 ἐξουσίαν
1566 840 1655 893 τοῦ
1687 857 1791 891 πα-

1961 839 2226 906 Ejusdem.
2269 840 2422 892 Dedit
2451 841 2602 892 nobis
2625 849 2943 908 potestatem
2978 839 3216 891 calcandi
3259 850 3413 904 super

221 929 357 981 τεῖν
387 929 576 981 ἐπάνω
600 929 772 996 ὄφεων
806 930 898 981 καὶ
930 929 1218 999 σκορπίων,
1251 931 1343 982 καὶ
1370 931 1461 982 ἐπὶ
1493 931 1667 982 πᾶσαν
1695 930 1765 999 τὴ

1889 939 2158 994 serpentes
2203 937 2256 980 et
2299 930 2626 996 scorpiones,
2661 939 2714 982 et
2743 943 2904 997 super
2933 942 3143 980 omnem
3168 928 3410 978 virtutem

225 1015 479 1087 δύναμιν
502 1018 596 1069 τοῦ
619 1017 832 1087 ἐχθροῦ.

563 1018 596 1069 ηῦ
619 1017 832 1087 ἐχθροῦ.
1891 1015 2107 1068 inimici.

319 1104 532 1172 Ἀνέϐη
574 1107 606 1157 ό
660 1105 800 1170 Θεὸς
846 1105 915 1157 ἐν
943 1106 1282 1174 ἀλαλαγμῷ.
1332 1123 1387 1161 κ.
1413 1123 1463 1157 τ.
1515 1105 1561 1160 ἐ.
1589 1105 1791 1173 Ὠσπερ

1959 1104 2118 1158 Vens.
2149 1104 2200 1157 6.
2240 1105 2479 1157 Ascendit
2524 1105 2661 1157 Deus
2703 1107 2754 1157 in
2780 1103 2962 1172 iubilo,
3011 1111 3112 1155 etc.
3150 1101 3412 1166 Quemad-

224 1194 259 1246 ὁ
282 1192 507 1262 Κύριος
536 1192 650 1271 ,(60)
683 1191 956 1246 ἐλεύσεται
1006 1212 1024 1245 ι
1054 1197 1109 1248 ἐν
1142 1197 1287 1263 φωνῇ
1322 1193 1569 1261 ἀγγέλου,
1615 1193 1707 1246 καὶ
1736 1195 1768 1244 ἐι

1889 1195 2100 1245 modum
2133 1195 2385 1246 Dominus
2413 1196 2587 1246 veniet
2623 1213 2640 1244 ι
2677 1195 2728 1247 in
2755 1209 2880 1246 voce
2908 1192 3099 1260 angeli,
3127 1200 3179 1243 et
3211 1190 3260 1240 in
3292 1189 3413 1241 tuba

228 1282 513 1350 σάλπιγγι
557 1281 689 1334 Θεοῦ
735 1283 1091 1352 καταϐήσεται
1138 1285 1230 1336 ἀπ’
1277 1281 1522 1352 ούρανοῦ,
1555 1299 1574 1332 ι
1623 1280 1772 1333 οὕτως

1890 1281 1981 1334 Dei
2017 1283 2299 1335 descendet
2338 1284 2400 1335 de
2439 1284 2574 1336 male
2609 1285 2674 1342 ⁶;
2723 1302 2741 1332 ι
2777 1284 2848 1336 ita
2897 1281 3135 1334 ascendit
3178 1279 3318 1332 Deus
3365 1278 3414 1329 in

226 1370 411 1440 ἀνέϐη
457 1371 488 1422 6
527 1369 658 1432 Θεὸς
699 1372 756 1422 ἐν
811 1371 1123 1440 ἀλαλαγμῷ.
1159 1372 1358 1440 Κύριος
1400 1371 1456 1424 δέ
1493 1389 1512 1421 ι
1539 1373 1595 1422 ἐν
1642 1373 1770 1438 φωνὶ

1883 1370 2070 1435 jubilo.
2123 1373 2376 1426 Dominus
2403 1383 2577 1426 autem
2616 1391 2636 1423 ι
2682 1373 2730 1426 iu
2765 1387 2891 1425 voce
2921 1373 3061 1424 tuba:
3113 1389 3132 1420 ι
3179 1379 3234 1422 et
3279 1368 3419 1422 forte

227 1458 580 1525 σάλπιγγος,
613 1476 631 1508 ι
678 1459 772 1510 καὶ
819 1459 958 1527 τάχα
1011 1459 1306 1528 ἀλαλαγμῷ
1363 1459 1574 1511 πάντων
1625 1458 1771 1511 ἐθνῶπ

1882 1460 2050 1527 jnbilo
2079 1462 2318 1513 omnium
2351 1462 2588 1528 gentium
2637 1460 2998 1528 plaudentium
3028 1458 3290 1518 manibus,
3334 1455 3419 1522 jn-

224 1548 632 1617 κροτησάντων
685 1551 897 1617 χεῖρας,
946 1548 1317 1614 ἀλαλαξάντων
1363 1547 1480 1617 Θεῷ
1534 1551 1591 1600 ἐν
1641 1551 1768 1616 φωνῇ

1893 1549 2170 1602 bilantinm
2207 1549 2317 1602 Deo
2354 1550 2404 1601 in
2448 1565 2576 1602 voce
2607 1551 2998 1603 exsultationis.
3032 1550 3161 1602 Cum
3206 1549 3286 1602 his
3322 1563 3417 1600 au-

223 1636 641 1706 ἀγαλλιάσεως.
683 1636 898 1698 Τούτοις
937 1637 994 1688 δὲ
1025 1638 1117 1690 καὶ
1168 1636 1468 1689 ἀναϐαίνειν
1504 1631 1654 1703 οἶμαι
1701 1637 1767 1688 τὸ·

1890 1645 1992 1690 tem
2027 1638 2185 1690 etiam
2217 1639 2506 1691 ascendere
2547 1638 2709 1691 Deum
2755 1639 3008 1691 arbitror.
3055 1639 3108 1691 Si
3135 1653 3258 1691 vero
3301 1638 3420 1704 quis

222 1726 387 1779 Θεόν.
445 1726 573 1777 Ἐἀν
611 1725 668 1777 δέ
703 1742 785 1787 τις
833 1725 991 1777 αὐτὸν
1029 1727 1146 1796 αἰνῇ
1195 1727 1252 1778 ἐν
1298 1727 1412 1795 ἤχῳ
1465 1725 1754 1792 σάλπιγγος

1890 1737 2009 1776 eum
2051 1723 2344 1776 laudaverit
2380 1725 2431 1776 in
2463 1738 2592 1778 sono
2621 1727 2778 1788 tubae,
2822 1727 2981 1779 etiam
3018 1726 3128 1794 ipse
3169 1727 3419 1779 ascendet

223 1814 322 1867 καὶ
369 1813 544 1876 αὐτὸς
593 1813 918 1883 ἀναϐήσεται
961 1815 990 1866 6
1020 1815 1318 1869 ἀναϐαίνων
1369 1815 1426 1865 ἐν
1469 1815 1616 1884 φωνῇ
1666 1813 1767 1867 σάλ·

1259 1830 1318 1867 ev
1369 1815 1426 1865 ἐν
1469 1815 1616 1884 φωνῇ
1666 1813 1790 1867 σὰλ-
1887 1813 1977 1880 qui
2003 1813 2243 1867 ascendit
2271 1815 2323 1868 in
2355 1827 2484 1869 voce
2515 1815 2671 1868 tubze.
2796 1819 2803 1828 '

221 1918 457 1969 πιγγος.

304 1986 565 2040 Ψάλατε
594 1986 673 2051 τῷ
725 1987 843 2052 Θεῷ
889 1987 1074 2056 ἡμῶν,
1115 2006 1168 2040 κ.
1195 2005 1245 2041 τ.
1289 1990 1336 2044 ἐ.
1377 1989 1673 2060 Ἐκατέρως
1711 1989 1790 2058 τῷ

1956 1982 2116 2037 Vens.
2153 1985 2204 2038 7.
2244 1986 2459 2040 Psallile
2501 1987 2604 2040 Deo
2641 1996 2833 2049 nostra,
2861 1994 2963 2039 etc.
2993 1985 3231 2050 Utroque
3261 1985 3415 2036 modo

221 2065 344 2144 Θεῷ
379 2075 527 2144 (61),
557 2075 644 2128 διὰ
665 2076 743 2139 τὸ,
781 2094 798 2126 ι
827 2077 1070 2144 βασιλεὺς
1093 2079 1268 2147 πάσης
1292 2078 1389 2147 τῆς
1423 2081 1524 2148 γῆς
1549 2082 1576 2131 6
1601 2079 1745 2141 Θεός.

1888 2071 2017 2137 Deo,
2051 2077 2171 2143 quia
2205 2093 2222 2125 ι
2265 2091 2355 2128 rex
2384 2077 2643 2130 universa:
2679 2087 2834 2129 terra:
2868 2078 3021 2129 Deus.
3060 2093 3078 2126 ι
3116 2075 3244 2126 Illud
3277 2090 3294 2122 ι
3329 2089 3415 2125 sa-

221 2166 299 2218 Τὸ
334 2182 353 2214 ι
387 2164 672 2226 συνετῶς»
709 2165 819 2217 ἴσον
849 2165 1155 2234 τῷ,ψάλατε
1190 2165 1266 2234 τῷ
1305 2166 1396 2235 νῷ.
1432 2168 1582 2219 Ἐστι
1609 2167 1662 2219 δὲ
1697 2184 1765 2219 κα

1887 2164 2113 2230 pienter,
2154 2181 2170 2211 ι
2209 2163 2346 2214 idem
2379 2173 2460 2216 est
2486 2165 2781 2232 ac,psallite
2824 2174 3017 2216 mente.
3061 2162 3196 2228 Quin
3226 2171 3282 2215 et
3327 2176 3419 2214 ex-

224 2253 642 2324 προτρεπτικὸν
688 2256 767 2316 είς
816 2255 1032 2321 γνῶσιν.
1081 2257 1189 2308 Καὶ
1245 2256 1582 2308 ἐϐασίλευσεν
1618 2258 1674 2308 ἐν
1720 2261 1768 2325 τῇ

1889 2251 2116 2305 hortatio
2143 2261 2222 2303 est
2253 2252 2316 2304 ad
2345 2253 2845 2322 intelligentiam.Et
2878 2256 3116 2324 regnavit
3141 2256 3192 2308 in
3221 2255 3417 2308 Christi

225 2341 472 2410 Χριστοῦ
525 2342 814 2411 παρουσίᾳ.
865 2341 1060 2410 Θρόνος
1088 2343 1145 2396 δέ
1177 2343 1326 2410 ἅγιος
1357 2345 1488 2397 Θεοῦ
1538 2349 1585 2397 οἱ
1639 2346 1769 2414 βασι

1885 2344 2134 2395 adventu.
2165 2343 2328 2397 Sedes
2365 2353 2538 2396 autem
2569 2355 2756 2399 sancta
2801 2347 2890 2399 Dei
2922 2355 3047 2400 sunt
3077 2345 3111 2398 ii
3141 2345 3231 2414 qui
3256 2359 3419 2415 regno

225 2428 516 2498 λευόμενοι
547 2428 636 2479 ὑπ’
660 2429 843 2496 αὑτοῦ,
873 2427 952 2492 οἷς
979 2430 1242 2500 ἐνίδρυται
1273 2434 1300 2483 6
1329 2433 1476 2494 Θεὸς.

1374 2433 1476 2494 εός.
1884 2429 1999 2496 ejus
2029 2432 2272 2496 subsunt,
2305 2431 2497 2499 quibus
2533 2432 2668 2486 Deus
2703 2435 2918 2488 insidet.

301 2516 420 2570 Τοῦ
452 2517 664 2570 αὐτοῦ.
718 2518 806 2586 Τῷ
853 2519 990 2570 κατά
1018 2517 1144 2570 Θεὸν
1178 2517 1282 2588 (62)
1315 2508 1628 2587 εὐθυμοῦντί
1670 2521 1786 2573 ἐστι

1956 2517 2227 2584 Ejusdem.
2264 2517 2391 2585 Ejus
2432 2529 2515 2572 est
2543 2520 2768 2587 psallere
2807 2521 2894 2587 qui
2935 2523 3220 2574 secundum
3252 2519 3416 2574 Deum

227 2605 286 2660 τὸ
315 2605 572 2674 ψάλλειν,
600 2606 739 2660 κατά
766 2607 854 2658 τόδ
898 2625 914 2657 ι
943 2607 1179 2674 Εὑθυμεῐ
1208 2624 1318 2671 τις;
1350 2608 1610 2676 ψαλλέτω.
1637 2627 1656 2661 ι

1884 2616 2036 2669 mque
2082 2604 2260 2657 animo
2306 2614 2408 2670 est,
2454 2604 2606 2673 juxta
2647 2606 2818 2660 illud:
2856 2623 2875 2658 ι
2919 2606 3096 2676 Equo
3125 2607 3303 2662 animo
3341 2617 3421 2661 est

1883 2690 2046 2758 quis?
2075 2691 2263 2756 psallat
2293 2692 2334 2744 ".
2374 2711 2394 2744 ι

309 2780 363 2832 ’0
395 2779 552 2844 Θεὸς
599 2779 846 2846 κάθηται
888 2779 986 2831 ἐπὶ
1025 2781 1234 2846 θρόνου
1277 2781 1445 2848 ἁγίου
1491 2782 1693 2845 αὑτοῦ,
1727 2801 1781 2838 κ.

1954 2775 2118 2831 Vens.
2146 2778 2198 2832 θ.
2244 2778 2382 2832 Deus
2412 2780 2554 2834 sedet
2582 2797 2735 2849 super
2758 2785 2926 2835 sedem
2957 2794 3189 2836 sanctam
3229 2799 3377 2837 suam
3402 2823 3417 2846 ,

223 2886 275 2921 τ.
303 2868 352 2922 ι.
380 2869 592 2939 Θρόνος
629 2867 726 2936 μὲν
753 2866 884 2919 Θεοῦ
924 2870 952 2920 ὁ
993 2867 1100 2937 (65)
1141 2869 1403 2938 Χριστόςο
1452 2871 1682 2939 Χριστοῦ
1729 2871 1767 2925 6i

1882 2876 1987 2921 etc.
2020 2867 2266 2923 Throuus
2295 2867 2386 2923 Dei
2408 2870 2682 2935 Christus;
2713 2871 2909 2925 Christi
2939 2886 3085 2935 vero,
3123 2873 3415 2926 rationabi-

223 2959 256 3025 ή
292 2956 460 3024 φύσις
493 2959 529 3025 ἡ
563 2955 774 3025 λογική.

653 2957 774 3025 νική.
1811 2996 1854 3053 C
1885 2955 1949 3008 lis
1985 2965 2197 3008 natura.

296 3046 624 3112 Ἄρχοντες
668 3043 830 3096 λαῶν
871 3043 1264 3111 συνήχθησαν
1293 3043 1438 3112 μετὰ
1482 3044 1586 3097 τοῦ
1641 3046 1786 3100 Θεοῦ
1816 3043 1840 3053 ’

1956 3047 2117 3100 Vnus.
2163 3047 2247 3099 10.
2297 3046 2566 3116 Principes
2607 3049 2915 3116 papulorum
2959 3051 3255 3118 congregati
3300 3058 3419 3102 sunt

237 3134 511 3201 Ἀϐραὰμ,
540 3132 628 3184 ὅτι
657 3132 762 3185 τοῦ
803 3131 948 3184 Θεοῦ
971 3135 1025 3184 oi
1051 3134 1306 3200 κραταιοὶ
1345 3132 1452 3199 τῆς
1497 3133 1605 3201 γῆς
1640 3138 1781 3202 σφό-

1889 3150 2003 3187 rum
2036 3135 2138 3187 Deo
2179 3136 2460 3199 Abraham,
2491 3138 2735 3204 quoniam
2772 3137 2865 3189 Dei
2909 3139 3067 3204 [artes
3097 3150 3246 3190 terra’
3271 3141 3420 3192 vehe-

223 3221 332 3288 δρα
375 3222 762 3292 ἐπήρθησαν,
805 3238 858 3274 κ.
903 3239 954 3273 τ.
1005 3221 1050 3275 ἐ.
1087 3223 1238 3273 Ὅσοι
1293 3223 1608 3288 συνάγονται
1675 3225 1767 3294 (δέ

1883 3233 2079 3274 menter
2097 3223 2279 3275 elevati
2302 3233 2444 3286 sunt,
2475 3234 2578 3277 etc.
2607 3223 2704 3286 Qui
2742 3240 2862 3275 cum
2907 3224 3172 3276 Abraham
3200 3239 3419 3290 congre-

228 3309 368 3378 μετὰ
417 3308 518 3361 τοῦ
577 3307 851 3378 Ἁϐραάμ,
895 3303 1036 3360 οὗτοι
1082 3307 1178 3378 τὴν
1223 3308 1419 3375 γνῶσιν
1470 3309 1646 3378 ἔχουσι
1693 3311 1772 3362 τοί

1883 3312 1988 3378 gati
2037 3319 2180 3374 sunt,
2213 3311 2264 3363 hi
2311 3311 2666 3379 cognitionem
2709 3311 2978 3363 Abraham
3037 3311 3256 3364 habent.
3288 3310 3417 3365 Illud

238 3396 517 3466 Ἀϐραάμ.
549 3395 624 3449 Τὸ
652 3396 709 3448 δέ
744 3413 763 3447 ι
792 3395 1127 3466 συνήχθησαν
1151 3415 1167 3446 ι
1203 3397 1322 3448 ἀντὶ
1346 3396 1437 3448 τοῦ
1481 3415 1499 3447 ι
1527 3398 1782 3468 συναχθή-

1885 3407 2086 3460 autem,
2116 3414 2136 3448 ι
2170 3399 2478 3464 congregati
2503 3406 2647 3460 sunt,
2672 3415 2688 3446 ι
2709 3397 2906 3450 dictum
2936 3406 3132 3464 estpro
3153 3414 3170 3446 ι
3201 3412 3419 3464 congre-

227 3499 468 3537 σονται.»
514 3484 649 3536 Ἀπὸ
683 3483 790 3555 γὰρ
817 3483 924 3537 τῶν
948 3486 1258 3551 γεγονότων,
1284 3487 1463 3554 φησὶν,
1492 3489 1539 3538 οἱ
1575 3489 1771 3542 πάντωι

1884 3487 2167 3552 gabuntur.
2223 3501 2241 3534 ι
2286 3483 2364 3537 0b
2400 3497 2462 3535 ea
2508 3484 2649 3535 enim
2699 3499 2816 3550 qua:
2849 3483 2993 3535 facta
3024 3493 3169 3548 sunt,
3227 3484 3416 3554 inquit,

223 3573 331 3625 τῶν
379 3574 562 3626 ἐθνῶν
619 3575 875 3644 ἄρχοντες
937 3574 1055 3644 ἅμα.
1126 3577 1253 3644 ἡμῖν
1315 3575 1659 3644 συναχθέντες
1707 3581 1767 3642 εἰς

1883 3572 2151 3642 principes
2195 3571 2429 3624 omnium
2461 3570 2698 3637 gentium
2738 3585 2840 3622 una
2892 3571 3166 3623 nobiscum
3193 3584 3418 3638 congre-

227 3661 510 3732 ύμνῳδίαν
549 3663 680 3714 Θεὸν
708 3664 995 3726 αίνέσουσι.

983 3703 995 3717 .
1885 3661 1990 3730 gati
2025 3660 2306 3712 laudabunt
2344 3659 2527 3710 Deum.

297 3747 413 3799 Τοῦ
452 3745 667 3799 αὐτοῦ.
707 3747 777 3798 Εί
799 3765 881 3810 τις
912 3748 1027 3800 ἐστὶ
1069 3749 1178 3818 (65)
1221 3752 1474 3820 κραταιὸς
1520 3753 1618 3822 τῆς
1661 3755 1782 3824 γῆς,

1952 3749 2223 3816 Ejusdem.
2249 3748 2302 3800 Si
2332 3747 2453 3813 quis
2489 3747 2557 3799 sit
2589 3746 2741 3798 fortis
2775 3756 2952 3810 terra),
3001 3747 3180 3816 utique
3218 3747 3306 3800 Dei
3339 3758 3418 3800 est

220 3836 315 3890 τοῦ
349 3836 489 3889 Θεοῦ
525 3839 673 3888 ἐστιν
701 3837 930 3899 ἐκεῖνος·
965 3841 994 3890 6
1034 3838 1141 3909 γὰρ
1178 3841 1402 3911 ἀσθενὴς
1441 3843 1645 3896 οὐδέπω
1691 3846 1764 3896 αύ-

1884 3839 1972 3892 ille
2005 3855 2018 3890 :
2055 3853 2174 3888 nam
2209 3837 2296 3903 qui
2339 3836 2621 3888 imbecillis
2666 3836 2898 3898 exsistit,
2937 3837 2983 3889 is
3037 3839 3272 3888 umidum
3305 3838 3418 3906 ejus

219 3925 312 3977 τοῦ
345 3928 488 3979 ἐστι.
528 3925 802 3994 Κραταιὸς
833 3927 889 3978 δὲ
918 3928 1015 3998 τῆς
1072 3929 1175 3996 γῆς
1204 3931 1232 3982 6
1273 3931 1411 3984 κατὰ
1441 3932 1532 3984 τοῦ
1581 3935 1763 4003 φρονή·

1882 3935 1982 3980 est.
2029 3925 2204 3978 Fortis
2262 3932 2436 3977 autem
2487 3934 2640 3977 terra:
2693 3935 2774 3978 est
2825 3926 2868 3978 is
2912 3926 3000 3992 qui
3058 3933 3240 3979 contra
3291 3941 3418 3994 pruo

223 4029 394 4082 ματος
441 4015 547 4082 τῆς
587 4013 786 4082 σαρκὸς
820 4017 1301 4086 κεκραταιωμένος.
1339 4018 1457 4071 Τῶν
1497 4021 1554 4070 ἐν
1602 4024 1664 4090 τῇ
1712 4025 1767 4090 γῇ

1882 4014 2112 4066 dentiam
2178 4013 2356 4066 carnis
2413 4015 2694 4066 roboratus
2752 4023 2862 4066 est.
2936 4011 3184 4067 Nonnulli
3265 4024 3419 4066 terra:

215 4101 502 4170 κραταιῶν
546 4103 652 4154 είσί
708 4121 848 4167 τινες
909 4106 1000 4159 τοῦ
1033 4108 1188 4172 Θεοῦ,
1234 4111 1423 4173 οἵτινες
1466 4113 1560 4180 οὐχ
1597 4113 1759 4165 ἀπλῶι

1882 4105 2048 4158 fortes
2097 4111 2220 4156 sunt
2263 4102 2389 4165 Dei,
2427 4102 2516 4168 qni
2563 4101 2810 4152 nimirum
2847 4117 2949 4154 non
2993 4102 3218 4169 simplici
3264 4105 3418 4153 modo

217 4190 573 4261 'uﬁpo'qcav,
622 4191 756 4246 ἀλλά
805 4193 1033 4264 σφόδρα·
1078 4197 1137 4250 οὐ
1191 4197 1430 4268 μέντοιγε
1476 4201 1761 4273 ὑπερεπῇρε

1882 4195 2073 4251 elevati
2121 4202 2260 4257 sunt,
2291 4193 2385 4246 sed
2417 4193 2796 4255 vehementer;
2845 4206 2946 4244 non
2989 4201 3164 4244 tamen
3192 4204 3416 4258 supere-

213 4278 416 4344 ίξσανε
1811 4288 1853 4341 D
1883 4286 2061 4338 levati.

790 4451 1075 4504 ΨΛΛΜΟΣ
1111 4456 1236 4506 MZ'.
2262 4463 2334 4530 7]

2262 4463 2423 4530 716
2465 4458 2779 4514 PSALMUS
2828 4457 3028 4512 XLVII.

288 4536 498 4606 Μέγας
544 4539 788 4605 Κύριος,
843 4540 939 4591 καὶ
989 4543 1216 4607 αἰνετός
1269 4546 1518 4613 σφόδρα,
1564 4569 1616 4606 κ.
1651 4571 1699 4607 τ.
1729 4559 1774 4612 ἐ.

1959 4555 2112 4607 Vens.
2147 4551 2202 4604 9.
2261 4551 2480 4619 Magnus
2533 4551 2801 4613 Dominus,
2853 4557 2897 4600 et
2931 4546 3212 4598 laudabilis
3243 4546 3412 4609 nimis,

225 4623 400 4674 Ὅπου
437 4624 729 4693 θεωρεῖται
779 4625 888 4693 (66)
935 4629 967 4695 ή
1025 4629 1372 4701 μεγαλειότης
1416 4637 1507 4689 τοῦ
1553 4641 1769 4710 Κυρίου1

1885 4653 1988 4698 etc.
2019 4643 2112 4696 Ubi
2148 4641 2470 4707 conspicitur
2501 4641 2806 4707 magnitudo
2831 4639 3057 4696 Domini,
3087 4637 3157 4688 ibi
3188 4637 3417 4688 maxime

222 4712 337 4761 ἐκεῖ
373 4712 620 4780 μάλιστα
655 4712 822 4780 μέγας
854 4715 943 4765 καὶ
975 4717 1178 4778 αἰνετός
1225 4719 1365 4771 ἐστιν
1406 4724 1433 4774 6
1475 4725 1672 4796 Κύριος
1713 4735 1766 4800 τῇ

1885 4747 2104 4799 magnus
2131 4740 2184 4783 et
2233 4730 2519 4782 laudabilis
2549 4729 2758 4782 exsistit
2792 4729 3046 4780 Dominus
3067 4726 3268 4778 civitati
3298 4725 3414 4786 Dei,

223 4799 374 4850 πόλει
433 4800 532 4851 τοῦ
590 4800 723 4852 Θεοῦ
781 4801 884 4851 ὑπὸ
940 4803 1044 4855 τῶν
1100 4805 1657 4882 πολιτογραφηθέντων
1721 4799 1767 4872 ἐι

1883 4826 1949 4876 ab
1980 4823 2043 4875 iis
2075 4822 2162 4888 qui
2209 4821 2258 4872 in
2305 4819 2448 4872 illam
2488 4819 2706 4884 ascripti
2753 4824 2894 4870 sunt.
2931 4817 3058 4870 Cum
3100 4814 3259 4880 igitur
3285 4812 3416 4864 civi-

219 4886 378 4956 αὐτῇ.
419 4888 553 4940 Ἐἀν
585 4891 690 4958 ἄρα
733 4891 798 4958 τῇ
844 4889 992 4942 πόλει
1033 4893 1122 4945 τοῦ
1172 4895 1301 4948 Θεοῦ
1353 4899 1578 4968 μάλιστα
1609 4905 1763 4975 μέγας

1886 4912 1977 4966 tati
2025 4910 2115 4964 Dei
2148 4909 2376 4961 maxime
2410 4922 2630 4974 magnus
2659 4916 2713 4959 et
2756 4905 3034 4959 laudabilis
3060 4901 3282 4955 exsistat
3313 4897 3417 4949 Do-

282 5044 305 5076 ⁶
333 5043 372 5099 Ι.
406 5046 610 5102 Thess.
638 5059 693 5101 ιν
718 5084 734 5111 ,
765 5046 852 5100 15.
925 5049 945 5081 ⁷
989 5048 1173 5106 Iacob.
1212 5069 1289 5118 in,
1321 5057 1406 5110 15.
1491 5042 1498 5048 ’

452 5182 908 5264 Ἔδωκεν-ἡμῖν
937 5222 952 5245 ,
991 5194 1120 5264 'etc.
1172 5187 1349 5264 Codex
1399 5190 1780 5264 Coislinianns,

848 5182 952 5264 ἵν,
991 5194 1120 5264 ‘etc.
1172 5187 1349 5264 Codex
1399 5190 1780 5264 Coislinianns,
1883 5205 1936 5251 et
1959 5196 2165 5249 sirhedzc
2190 5195 2392 5248 Grabii.

225 5250 511 5331 acinfesta-'9
525 5252 660 5302 rabii
691 5259 748 5331 et
773 5248 959 5331 catena
991 5250 1230 5331 Barbaﬂri.
1764 5248 1769 5264 ⁸

1891 5248 2254 5330 Γ(ϐυθοοόι
2288 5262 2664 5331 συνάγονται,
2691 5265 2790 5312 etc.
2855 5255 3081 5311 Schedze
3129 5248 3320 5306 (ὗε-ιιι)ὶὶ
3369 5263 3427 5311 et

289 5315 404 5450 (60)
445 5316 671 5382 Ὠσπερ
708 5317 1123 5394 ὁΚύριος..θιε.
1145 5323 1341 5374 Catena
1393 5324 1655 5381 Corderii.

316 5381 408 5450 61)
454 5383 782 5450 Ἐκατέρως
807 5399 884 5444 τῳ
903 5387 1041 5448 Θεῳ,
1067 5398 1168 5441 etc.
1211 5388 1403 5442 Eadem
1434 5395 1651 5448 Catena.

805 5317 1341 5394 ngzcc._etc.Catena
1393 5324 1655 5381 Corderii.
1877 5315 2070 5384 Calcha
2115 5332 2349 5383 Barbari.

807 5399 884 5444 τῳ
903 5387 1041 5448 Θεῳ,
1067 5398 1168 5441 etc.
1211 5388 1403 5442 Eadem
1434 5395 1651 5448 Catena.
1949 5401 2059 5450 ((35)
2090 5399 2161 5450 Εἴ
2183 5399 2348 5450 ται-ιέσ

454 5383 884 5466 ςξίιατέρῳςιτῷ
903 5385 1041 5466 Θεῷ,
1067 5398 1168 5466 etc:
1211 5388 1403 5466 tandem
1434 5395 1651 5466 Catena.

1891 5381 2059 5466 1‘65)
2090 5399 2161 5450 Εἴ
2183 5381 2424 5463 tia-scel,
2449 5406 2552 5449 etc.
2585 5396 2781 5449 Catena
2823 5390 3067 5446 Cordcril
3107 5393 3161 5437 et
3203 5387 3435 5448 scheda

291 5448 404 5519 (βξ)
453 5449 538 5512 Τῷ
566 5448 722 5502 κατὰ
753 5451 916 5519 Θεόν,
947 5461 1051 5519 etc.
1083 5455 1300 5510 Scheda:
1329 5458 1532 5516 Grabii.

533 5471 538 5494 ι
566 5448 722 5502 καὶᾶ
753 5451 916 5519 Θεόν,
947 5461 1051 5519 etc.
1083 5455 1300 5510 Scheda:
1329 5458 1532 5516 Grabii.
1874 5448 2077 5519 Graii-ii.

292 5515 402 5584 (65)
435 5519 660 5582 Θρόνος
687 5515 811 5583 μὲν
844 5518 1009 5582 Θεοῦ,
1044 5529 1129 5574 etc
1150 5563 1162 5576 .
1186 5523 1362 5579 Codex
1395 5527 1766 5596 Coisliuianus,

1734 5547 1766 5596 is
1884 5515 2263 5600 “(lilii-"010v
2294 5529 2598 5596 θεωρεῖται,
2636 5538 2741 5582 ctc.
2777 5527 2974 5582 Catena
3007 5518 3278 5577 Corderii.
