3910 6248
210 296 369 347 1141
1159 299 1461 355 SELECTA
1493 300 1560 355 IN
1597 299 1927 355 PSALMOS.
1964 328 2032 340 —
2073 300 2266 357 PSAL.
2288 303 2511 359 XLVIII.
3278 308 3417 364 14ιῖ

203 405 344 458 Καὶ
380 406 432 458 οἱ
486 406 776 477 νοήσαντες
816 414 910 478 τὴν
959 410 1091 461 Σιων
1146 411 1426 463 κυκλοῦσιν
1478 411 1662 481 αὐτὴν,
1698 430 1765 464 κα

1890 411 2015 464 dant
2038 411 2205 477 illam,
2226 420 2282 466 et
2300 413 2726 483 complectuntur
2755 415 2952 485 ipsam;
2994 425 3048 472 et
3068 418 3416 475 ascendentes

202 494 740 565 περιλαμϐάνουσιν
789 499 984 569 αὐτή-ιο
1036 500 1128 551 καὶ
1173 500 1463 563 ἀναϐάντες
1521 500 1611 551 ἐπὶ
1665 501 1765 552 τοὺς

1888 500 2002 569 ejus
2048 508 2242 565 turres,
2290 510 2511 555 narrant
2538 503 2764 572 desuper
2802 506 2868 560 iis
2903 506 2993 574 qui
3036 506 3256 561 necdum
3300 510 3414 577 ejus

201 585 485 655 πύργους
536 586 740 656 αὐτῆς,
788 589 1090 657 διηγοῦνται
1147 589 1346 643 ἀνωθεν
1405 592 1513 651 τοῖς
1569 589 1765 658 μηδέπω

1889 595 2061 643 turres
2113 597 2334 657 possunt
2382 591 2692 657 ascendere,
2724 593 2997 649 dicentes:
3032 592 3222 653 Ponite
3248 599 3413 651 corda

199 674 550 744 δυνηθεῖσιν
590 677 854 749 ἀναϐῆναι
884 682 973 731 ἐπὶ
1023 681 1146 742 τοὺς
1191 679 1425 749 πύργους
1474 679 1657 747 αὐτῆς,
1699 678 1755 730 λέ

1886 683 2083 743 vestra,
2111 686 2171 731 ut
2195 676 2508 746 intelligatis
2531 681 2781 734 virtutem
2807 683 2940 750 ejus,
2962 694 3017 740 et
3051 688 3413 756 unusquisque

200 779 456 830 γοντεςυ
482 764 650 817 Θέσθε
692 767 787 829 τὰς
817 767 1039 837 καρδίας
1062 768 1230 836 ὑμῶν,
1258 768 1344 819 ἵνα
1379 767 1666 833 κατανοῆτε
1692 770 1765 835 τὴε

1885 778 1980 831 per
2009 777 2070 817 ea
2093 779 2210 833 quae
2241 767 2343 835 agit
2371 766 2668 831 institutus,
2699 770 2910 838 dignam
2930 774 3238 827 memoriam
3266 776 3403 830 obtia

203 853 466 924 δύναμιν
519 855 705 919 αὐτοῦ,
744 858 837 908 καὶ
878 857 1098 919 ἕκαστος
1135 856 1199 907 δι’
1241 850 1314 908 ὧν
1360 857 1585 925 πράττει
1638 855 1765 908 πολι·

1886 859 2009 904 neat
2032 851 2084 904 in
2118 852 2493 908 distributione
2518 854 2777 910 civitatis.
2808 857 2899 911 Vel
2928 859 3085 912 etiam
3130 862 3208 915 sic
3243 866 3408 921 :Cum

203 944 530 1013 τευόμενος
577 944 732 1008 ἀξίαν
768 946 863 1015 τὴν
911 946 1121 1016 μνήμην
1153 946 1288 1017 λάϐῃ
1337 947 1433 1014 τῆς
1472 946 1609 998 κατά
1656 946 1765 998 διαιη

1884 941 2122 996 Ecclesia
2157 942 2207 996 in
2236 945 2465 997 veritate
2502 947 2905 1015 contemplanda
2948 959 3214 1017 versetur,
3237 965 3292 1006 et
3325 955 3408 1007 id-

210 1034 444 1102 ρέσεως
467 1035 571 1103 τῆς
602 1034 804 1098 πόλεως
854 1036 921 1087 Ἣ
953 1036 1046 1088 καὶ
1074 1035 1265 1098 οὕτως’
1294 1035 1397 1105 Τῆς
1429 1034 1648 1104 γνώμης
1688 1035 1765 1102 τῆς

1884 1028 2031 1082 circo
2061 1027 2188 1083 Sion
2224 1041 2583 1098 nuncupetur,
2610 1034 2859 1099 dogmata
2896 1035 3009 1101 ejus
3056 1046 3233 1091 mente
3260 1054 3407 1093 cont-

206 1122 699 1191 ὲκκλὴσιαστικῆς
751 1124 1103 1191 σκοπευτικῆς
1151 1123 1313 1193 οὔσης
1356 1125 1453 1193 τῆς
1500 1122 1748 1192 ἀληθείας

1884 1114 2153 1183 plectentia
2185 1128 2329 1172 sunt.
2373 1119 2519 1173 Scite
2548 1121 2715 1189 igitur
2742 1124 3042 1178 doctrinam
3067 1125 3182 1192 ejus
3210 1142 3407 1194 expen-

205 1213 313 1265 καί⁵
348 1213 449 1265 διὰ
477 1211 638 1264 τοῦτο
668 1211 803 1265 Σιὼν
838 1212 1189 1281 καλουμένης,
1232 1211 1581 1281 περιληπτέον
1619 1212 1783 1281 αὐτῆς

201 1302 267 1352 ἐν
304 1301 536 1370 διανοίᾳ
580 1300 646 1353 τὰ
675 1302 936 1369 δόγματα.
984 1298 1437 1370 Ἐπιστημονικῶς
1467 1300 1641 1352 τοίνυν
1687 1316 1783 1351 κα-

203 1390 596 1460 τανοήσαντες
641 1392 738 1459 τὴν
790 1390 988 1458 ταύτης
1033 1390 1403 1453 διδασκαλίαν,
1448 1387 1782 1458 διαιρετικῶς

204 1478 464 1531 ἕκαστον
518 1477 815 1542 ἐξετάζετε.
850 1478 1041 1546 Βάρεις
1073 1476 1178 1546 γὰρ
1215 1477 1377 1544 αὐτῆς
1410 1478 1463 1528 αἱ
1513 1476 1629 1527 καθ’
1658 1475 1783 1528 ἕκα-

1883 1205 2082 1268 dentes,
2116 1205 2363 1261 distincte
2408 1210 2611 1278 singula
2656 1215 2982 1268 examinate.
3022 1215 3219 1270 Domus
3264 1217 3407 1269 enim

1880 1291 1995 1357 ejus
2030 1302 2152 1347 sunt
2180 1296 2401 1364 singulae
2431 1298 2926 1369 contemplationes,
2957 1303 3007 1355 in
3038 1304 3231 1371 quibus
3258 1318 3409 1359 com-

1882 1391 2159 1436 morantur
2182 1387 2426 1454 dogmata
2454 1389 2685 1455 pietatis.
2714 1390 2776 1443 Et
2799 1407 2918 1444 cum
2948 1393 3090 1460 prior
3114 1396 3406 1461 generatio,

1879 1486 1997 1540 quas
2026 1474 2296 1529 civitatem
2324 1485 2379 1530 et
2428 1479 2683 1532 virtutem
2734 1480 2848 1549 ejus
2876 1492 3173 1549 receperat,
3210 1484 3409 1552 iniqui-

214 1583 352 1618 στον
409 1566 670 1634 θεωρίαι,
719 1567 776 1618 ὲν
823 1560 908 1628 αἷς
954 1567 1089 1617 οίκεϊ
1132 1564 1229 1633 τῆς
1276 1564 1547 1625 εὐσεϐείας
1588 1562 1655 1615 τὰ
1702 1562 1765 1615 δά

1882 1563 2004 1614 tatis
2035 1565 2277 1618 convicta
2327 1565 2431 1631 sit;
2463 1567 2549 1620 ubi
2598 1568 2926 1635 exploratam
2974 1570 3269 1627 habueritis
3313 1588 3409 1643 po—

210 1671 447 1725 γματα.
486 1657 597 1708 Καὶ
632 1656 750 1707 ἐπεὶ
788 1658 820 1726 ἡ
854 1655 1082 1727 προτέρα
1112 1655 1287 1721 γενεὰ,
1314 1656 1346 1723 ἡ
1377 1654 1472 1723 τὴν
1510 1652 1658 1705 πόλιν
1692 1651 1765 1704 καλ

1882 1651 2098 1703 tentiam
2141 1652 2391 1716 civitatis,
2415 1663 2470 1707 et
2503 1655 2789 1710 diviseritis
2822 1660 3006 1713 domos
3043 1660 3179 1729 ejus,
3209 1676 3410 1728 cogno-

200 1747 308 1817 τὴν
355 1746 600 1815 δύναμιν
651 1745 817 1813 αὐτῆς
847 1743 1246 1813 παραλαϐοῦσα,
1276 1742 1481 1812 πονηρά
1523 1741 1617 1808 ὴλέ
1631 1738 1759 1808 ίχθη

1884 1739 2044 1792 scetis
2075 1742 2408 1795 vocationem
2438 1753 2765 1808 sanctorum,
2810 1761 2927 1813 qna:
2955 1756 3037 1801 est
3057 1748 3221 1802 altera
3252 1765 3406 1817 gene-

202 1836 622 1906 ὲπιστήσαντες
665 1837 730 1904 τῇ
779 1834 995 1902 δυνάμει
1025 1834 1121 1901 τῆς
1158 1831 1379 1893 πόλεως,
1413 1830 1505 1882 καὶ
1537 1827 1765 1882 καταδιε-

1882 1827 2019 1880 ratio
2068 1843 2226 1896 quam
2278 1831 2467 1899 prior,
2516 1833 2776 1902 siquidem
2812 1838 2974 1889 etiam
3021 1840 3405 1895 annuntiabitis

200 1927 406 1991 λόντες
458 1928 564 1989 τὰς
610 1926 793 1997 βάρεις
842 1925 1028 1993 αὐτῆς,
1078 1923 1343 1992 γνώσεσθε
1386 1920 1453 1973 τὰ
1508 1919 1634 1988 περὶ
1682 1918 1765 1986 τῆς

1880 1916 2130 1983 quoniam
2153 1918 2241 1971 hic
2272 1926 2350 1972 est
2384 1919 2546 1986 Dens,
2569 1922 2657 1988 qui
2700 1926 2945 1990 prmdicta
2973 1925 3230 1980 mirabilia
3255 1928 3400 1991 fecit,

202 2017 477 2086 κλήσεως
506 2014 613 2068 τῶν
650 2015 836 2080 ἁγίων,
864 2014 981 2082 ἥτις
1025 2011 1168 2063 ἐστὶν
1216 2009 1375 2078 ἑτέρα
1422 2005 1581 2073 γενεά
1628 2003 1765 2073 παρᾶ

1880 2003 2126 2071 rejiciens
2156 2005 2385 2073 priorem
2417 2010 2834 2077 generationem,
2877 2027 2996 2067 cum
3042 2016 3111 2069 sit
3151 2025 3402 2081 asternus,

201 2106 308 2175 τὴν
336 2105 629 2176 προτέραν
647 2121 661 2135 ’
697 2103 850 2174 εἴπερ
879 2103 970 2155 καὶ
992 2098 1329 2171 διηγήσεσθε,
1353 2098 1434 2149 ὅτι
1457 2090 1606 2157 οὗτός
1632 2096 1765 2146 ἑστιι

1878 2100 1933 2143 et
1967 2105 2176 2158 semper
2219 2094 2404 2146 eodem
2442 2097 2599 2149 modo
2636 2111 2695 2152 se
2737 2099 2955 2155 habeat.
3003 2102 3069 2155 Et
3100 2104 3213 2172 ipse
3254 2116 3405 2174 reget

201 2195 233 2247 6
263 2190 440 2254 Θεὸς,
477 2191 507 2244 6
537 2190 615 2264 pa:
646 2189 1009 2261 προειρημένα
1052 2184 1322 2258 παράδοξα
1352 2183 1598 2251 ποιήσας,
1638 2180 1772 2232 ἀπο-

202 2279 403 2334 ϐαλὼν
446 2280 548 2349 τὴν
587 2279 852 2349 προτέραν
903 2276 1109 2344 γενεὰν,
1162 2273 1371 2336 αἰώνιος
1415 2273 1509 2335 ὢν,
1550 2269 1640 2324 καὶ
1687 2270 1773 2322 ἀεὶ

1878 2193 1994 2238 nos,
2023 2179 2174 2245 juxta
2213 2180 2343 2234 illud
2389 2195 2401 2228 :
2453 2199 2472 2232 ι
2525 2182 2734 2239 Statuet
2779 2196 2835 2239 et
2878 2188 3093 2252 videbit,
3133 2202 3189 2245 et
3219 2201 3404 2260 pascet

1875 2282 2085 2335 gregem
2110 2282 2263 2322 suum
2294 2270 2346 2322 in
2379 2269 2687 2328 fortitudine
2723 2273 2970 2331 Dominus
3009 2279 3070 2329 '°.
3102 2295 3121 2329 ι

201 2371 487 2432 ὡσαύτως
518 2369 674 2438 ἔχων.
712 2368 819 2420 Καὶ
854 2367 1010 2428 αὐτὸς
1044 2368 1290 2435 ποιμανεῖ
1321 2364 1462 2433 ἡμᾶς
1504 2360 1641 2414 κατά
1675 2360 1798 2412 τόθι
1828 2358 2083 2429 Στήσεται
2128 2361 2220 2413 καὶ
2262 2361 2469 2431 ὄψεται,
2502 2365 2594 2419 καὶ
2624 2371 2874 2436 ποιμανεῖ
2918 2369 2979 2422 τὸ
3024 2370 3266 2441 ποίμνιον
3314 2374 3402 2428 et!»

201 2463 298 2517 τοῦ
328 2465 398 2516 ἐν
431 2462 580 2531 ίσχύῖ
612 2460 833 2531 Κύριος.
862 2477 881 2511 ι

274 2557 398 2610 Καὶ
453 2554 871 2607 κατοδιέλεσθε
911 2555 1017 2618 τὰς
1056 2552 1262 2619 ,βάρεις
1308 2548 1516 2615 αὐτῆς,
1548 2565 1601 2601 κ.
1631 2565 1680 2601 τ.
1722 2548 1768 2599 ἐ.

202 2643 410 2697 Ταῦτα
459 2641 789 2712 πληροῦνται
831 2641 939 2709 (75)
972 2639 1063 2692 ἐπὶ
1107 2639 1211 2690 τῶν
1259 2637 1509 2706 μαθητῶν
1558 2633 1771 2705 μεριζο-

205 2734 397 2802 μένων
429 2730 529 2800 τὴν
563 2731 900 2799 οἰκουμένην,
924 2729 1013 2781 ἐπὶ
1044 2727 1120 2799 τῷ
1149 2726 1516 2797 διηγήσασθαι,
1542 2727 1621 2779 ὅτι
1642 2726 1774 2795 Χρι-

203 2824 333 2886 στός
374 2824 529 2874 ἐστιν
554 2824 583 2874 6
606 2820 735 2883 Θεὸς
759 2820 913 2889 ἡμῶν
940 2820 969 2870 ὁ
1002 2819 1299 2887 ποιμαίνων
1327 2818 1490 2887 ἡμᾶς.

774 2994 1060 3048 ΨΔΛΜΟΣ
1096 2994 1234 3047 MII'.
1796 2995 1838 3052 C

274 3093 393 3153 Εἲς
433 3088 504 3141 τὸ
532 3087 724 3151 τέλος,
762 3085 884 3149 τοῖς
913 3084 1062 3149 υἱοῖς
1092 3083 1241 3150 Κορὲ
1284 3083 1538 3151 ψαλμός.
1574 3081 1768 3134 Ἀκού-

202 3196 361 3235 σατε
422 3177 641 3239 ταῦτα,
683 3174 874 3227 πάντα
915 3173 984 3225 τὰ
1036 3174 1208 3238 ἔθνη,
1261 3188 1313 3226 κ.
1356 3188 1405 3223 τ.
1450 3173 1495 3223 ὲ.
1540 3169 1768 3222 Δύναται

203 3268 284 3329 είς
324 3264 448 3334 (76)
485 3264 585 3332 τὴν
619 3262 846 3314 ἑκάστου
887 3262 1037 3330 νίκην
1069 3259 1174 3313 τῶν
1213 3263 1270 3312 ὲν
1296 3259 1372 3327 τῷ
1418 3259 1768 3327 ἀγωνίζεσθαι

206 3352 495 3407 νικώντων
528 3350 944 3420 ἀναφέρεσθαιή
974 3348 1266 3417 ἐπιγραφή.
1303 3347 1374 3398 Τὸ
1406 3346 1483 3410 δὲ,
1528 3365 1547 3397 ι
1586 3347 1768 3400 Ἀκού-

206 3458 371 3504 σατε,
398 3458 416 3490 ι
456 3438 693 3509 Χριστοῦ
744 3437 921 3506 φωνὴ,
954 3437 1130 3489 πάντα
1161 3437 1227 3488 τὰ
1259 3434 1379 3488 έθντ
1434 3435 1765 3505 προσκαλουοο

206 3534 404 3602 μένου,
460 3530 556 3582 τοῦ
616 3529 888 3589 εἰπόντος·
940 3544 956 3576 ι
986 3526 1143 3577 Δεῦτε
1194 3524 1327 3593 πρὸς
1360 3524 1447 3592 μὲ,
1482 3524 1676 3586 πάντες
1716 3526 1764 3575 oi

205 3619 541 3679 κοπιῶντες.
568 3636 586 3667 ι
624 3616 731 3667 Kal.
760 3616 877 3668 ἐπεὶ
909 3613 1014 3665 ἀπὸ
1044 3612 1141 3680 τῆς
1176 3612 1373 3675 λέξεως
1402 3611 1508 3662 τῶν
1538 3611 1766 3682 Γραφῶν

202 3709 580 3777 οἶκοδομεῖται
610 3703 700 3757 καὶ
728 3701 1082 3772 ἁπλούστερον
1116 3701 1348 3769 γηγενής
1375 3716 1457 3762 τις
1480 3700 1572 3752 καὶ
1601 3700 1766 3770 πένης

203 3800 302 3861 ὢν,
328 3796 631 3866 ὠφελεῖται
662 3795 717 3847 δὲ
748 3793 943 3862 μᾶλλον
973 3793 1063 3844 καὶ
1092 3793 1118 3843 6
1149 3789 1435 3842 διαϐαίνειν
1474 3789 1764 3858 δυνάμενος

204 3889 301 3941 ἐπὶ
354 3887 426 3939 τὰ
479 3881 855 3952 πνευματικὰ,
890 3881 1001 3941 υίὸς
1049 3878 1329 3949 ἀνθρώπου
1379 3879 1471 3931 καὶ
1519 3878 1765 3941 πλούσιος

201 3977 529 4047 τυγχάνων,
568 3972 653 4025 διὰ
698 3971 851 4024 τοῦτο
896 3971 1009 4040 ἅμα
1047 3970 1139 4021 καὶ
1168 3968 1257 4020 ἐπὶ
1292 3966 1353 4020 τὸ
1378 3969 1508 4022 αὐτὸ
1540 3969 1761 4032 πάντας,

203 4070 281 4129 ὡς
321 4064 420 4117 ἐπὶ
450 4062 550 4131 τὴν
576 4060 831 4123 ἑστίασιν,
861 4058 956 4128 τὴν
987 4058 1240 4127 ἀκρόασιν
1271 4057 1438 4109 καλεῖ.
1480 4057 1539 4108 Ἠ
1572 4058 1662 4109 ἐπὶ
1705 4057 1765 4109 τὸ

204 4156 340 4208 αὐτὸ
390 4151 587 4220 κλῆσις
622 4147 866 4200 πλουσίου
908 4145 1000 4197 καὶ
1035 4145 1258 4214 πένητος
1287 4145 1378 4197 ἐπὶ
1421 4145 1638 4214 ἰσότητα
1669 4146 1762 4198 καὶ

203 4238 457 4306 ἀτυφίαν
511 4233 891 4303 προσκαλεῖται
953 4232 1113 4300 ἡμᾶς.
1170 4232 1326 4299 Τρεῖς
1396 4232 1452 4283 δὲ
1506 4229 1653 4284 εἶπεν
1706 4233 1763 4296 ἐξ

1948 2543 2113 2596 \‘sns.
2161 2542 2249 2597 14.
2285 2543 2352 2596 Ει
2392 2546 2687 2602 distribuite
2730 2551 2908 2605 domos
2959 2553 3093 2619 ejus,
3138 2561 3242 2608 etc.
3278 2554 3399 2611 ﬂare

1876 2635 2135 2701 completa
2174 2643 2298 2687 sunt
2338 2636 2389 2688 in
2441 2638 2738 2705 discipulis,
2769 2642 2861 2707 qui
2901 2643 3000 2697 sibi
3024 2645 3207 2698 orbem
3232 2654 3398 2701 terra-

1875 2737 1991 2775 rum
2031 2723 2320 2776 diviserunt
2347 2735 2405 2777 ut
2442 2728 3054 2787 enarrarentChristum
3084 2748 3201 2789 esse
3234 2734 3396 2790 Deum

1878 2821 2120 2866 nostrum
2146 2812 2235 2879 qui
2262 2814 2433 2880 pascit
2464 2829 2579 2871 nos.

2349 2988 2667 3045 PSALMUS
2697 2991 2920 3046 XLVIII.

1944 3075 2101 3132 Vens.
2138 3078 2254 3134 1.2.
2286 3077 2352 3133 In
2390 3079 2566 3146 ﬁnem,
2595 3080 2721 3146 ﬁliis
2767 3079 2899 3134 Core
2920 3081 3170 3150 psalmus.
3209 3084 3397 3141 Audite

1865 3165 1993 3231 Ιιατ,
2028 3183 2201 3222 omnes
2235 3180 2429 3236 gentes,
2453 3181 2555 3224 etc.
2591 3170 2769 3226 Potest
2802 3172 3078 3241 inscriptio
3114 3174 3297 3230 referri
3330 3176 3396 3229 ad

1865 3255 2151 3320 cujuslibet
2172 3258 2391 3310 victoris
2421 3259 2471 3309 in
2514 3260 2897 3313 certaminibus
2924 3260 3233 3315 victoriam.
3259 3260 3392 3326 Illud

1873 3353 2074 3409 autem,
2108 3361 2126 3392 s
2166 3346 2377 3410 Audite,
2413 3365 2431 3397 ι
2462 3348 2656 3400 Christi
2699 3361 2798 3400 vox
2851 3356 2951 3411 est,
2998 3362 3181 3403 omnes
3208 3360 3396 3417 gentes

1866 3429 2144 3485 invitantis
2183 3447 2246 3487 ac
2269 3434 2495 3487 dicentis
2522 3452 2536 3488 :
2569 3453 2588 3485 s
2624 3433 2812 3488 Venite
2844 3436 2913 3489 ad
2953 3450 3059 3502 me,
3092 3451 3276 3492 omnes
3303 3438 3393 3508 qui

1864 3517 2121 3575 laboratis
2151 3523 2216 3575 ".
2254 3541 2272 3573 ι
2307 3523 2369 3576 Ει
2418 3525 2665 3592 quoniam
2707 3524 2933 3580 lectione
2986 3527 3389 3597 Scripturarum

1863 3615 2025 3667 etiam
2046 3612 2340 3680 simplicius
2373 3613 2667 3667 instituitur
2699 3614 2743 3668 is
2764 3616 2852 3683 qui
2887 3617 3147 3684 terrigena
3177 3629 3230 3672 et
3256 3633 3392 3688 pau-

1863 3718 1960 3773 per
1989 3701 2217 3765 exsistit,
2244 3700 2361 3768 plus
2389 3715 2512 3755 vero
2541 3702 2671 3756 lucri
2706 3705 2846 3771 capit
2870 3705 2958 3772 qui
2988 3706 3053 3759 ad
3090 3706 3251 3775 718
3279 3708 3390 3775 spi-

1862 3790 2039 3844 ritalia
2071 3791 2210 3845 valet
2240 3794 2635 3856 transcendere,
2663 3793 2805 3846 [ilius
2854 3794 3088 3849 hominis
3130 3811 3191 3850 ac
3216 3797 3385 3861 dives,

1864 3880 2062 3934 idcirco
2087 3879 2243 3934 simul
2291 3888 2343 3934 et
2379 3879 2431 3934 in
2462 3896 2625 3934 unum
2657 3895 2842 3937 omnes
2868 3884 2934 3936 ad
2967 3883 3389 3950 auscultandum,

1863 3981 1966 4020 non
2001 3980 2156 4021 secus
2187 3977 2349 4035 atque
2396 3969 2463 4021 ad
2513 3968 2839 4034 convivium,
2896 3970 3107 4025 invitat.
3166 3972 3290 4028 Haec
3334 3974 3388 4028 in

1863 4071 2026 4110 unum
2057 4056 2237 4110 divitis
2264 4071 2324 4112 ac
2358 4059 2607 4126 pauperis
2650 4059 2914 4123 invitatio,
2940 4061 3005 4116 ad
3032 4063 3387 4129 arqualitatem

1862 4153 1915 4198 ct
1940 4144 2110 4198 fastus
2149 4145 2530 4213 depusitionem
2560 4161 2656 4201 nos
2686 4149 3020 4206 adhortatur.
3050 4151 3185 4205 Tres
3209 4162 3385 4206 autem

1863 4231 2140 4299 oppositas
2182 4233 2357 4298 posuit
2384 4235 2826 4304 combinationes,
2862 4249 3047 4305 gentes
3089 4247 3140 4292 et
3165 4242 3387 4310 terrige-

203 4301 462 4388 ἐναντίας
498 4301 775 4388 συζυγίας,
800 4321 922 4390 ἔθνη
952 4321 1043 4372 καὶ
1084 4322 1352 4389 γηγενεῖς,
1390 4320 1636 4373 πλούσιον
1668 4324 1761 4375 καὶ

1866 4332 1980 4383 nas,
2011 4319 2226 4374 divitem
2251 4329 2302 4374 et
2328 4336 2635 4390 pauperem,
2667 4301 2851 4379 orbem
2865 4301 3139 4379 terrarum
3171 4338 3224 4383 et
3251 4301 3385 4384 ﬁlios

205 4420 455 4487 πένητα,
488 4414 813 4482 οἰκουμένην
851 4412 940 4463 καὶ
981 4410 1127 4471 υἱοὺς
1161 4408 1473 4479 ἀνθρώπων.
1509 4411 1571 4461 Oi
1606 4411 1758 4463 ἀλλό-

204 4522 349 4576 τριοι
384 4506 488 4572 τῆς
523 4501 753 4561 πίστεως
782 4498 866 4550 διὰ
896 4498 1000 4549 τῶν
1042 4497 1209 4549 ἐθνῶν
1250 4498 1565 4567 ἐκλήθησαν.
1598 4500 1659 4550 Oi
1703 4502 1761 4552 ὲν

201 4596 270 4662 τῇ
341 4588 644 4658 Ἐκκλησία
703 4586 835 4639 είσὶν
894 4587 943 4637 oi
999 4586 1367 4648 κατοικοῦντες
1422 4586 1517 4656 τὴν
1582 4591 1757 4639 οίκου-

353 4696 404 4730 ν.

211 4679 627 4831 μέῗίῢν.στόιια
672 4778 789 4829 μου
841 4760 1092 4825 λαλήσει
1142 4761 1383 4828 σοφίαν,
1430 4762 1527 4815 καὶ
1581 4764 1618 4832 ἠ
1652 4780 1754 4830 με-

206 4861 355 4922 Iern
394 4854 509 4920 τῆς
538 4851 780 4918 καρδίας
803 4868 918 4917 μου
950 4851 1215 4904 σύνεσιν.
1248 4851 1438 4904 Κλινῶ
1466 4854 1552 4918 εἷς
1585 4867 1759 4920 παρακ-

206 4948 315 4997 ϐολ
327 4945 404 5010 ὴν
434 4941 502 4995 τό
533 4936 639 5004 οὖς
665 4954 811 5006 μουο
838 4937 1053 4999 drole
1075 4938 1142 4989 ἐν
1177 4941 1478 5007 ψαλτηριφ
1514 4940 1577 4992 τὸ
1615 4943 1754 5007 πρό-

206 5032 410 5100 ϐλημά
445 5046 586 5097 μου,
619 5045 672 5080 κ.
700 5044 748 5078 τ.
775 5028 820 5078 ὲ.
867 5025 1098 5093 Χριστοῦ
1130 5025 1189 5078 τὸ
1222 5028 1390 5096 στόμα
1422 5029 1529 5097 (77)
1566 5031 1755 5096 σοφίαν

1861 4407 2154 4461 hominum.
2206 4410 2244 4461 A
2302 4410 2403 4463 title
2441 4411 2599 4464 alieni
2652 4426 2747 4479 per
2795 4424 2982 4481 gentes
3016 4417 3184 4469 vocati
3238 4424 3381 4469 sunt.

1860 4494 1961 4560 Qui
1996 4498 2045 4549 in
2101 4496 2336 4552 Esclesia
2378 4508 2681 4566 versantur,
2730 4501 2786 4555 hi
2811 4513 2934 4557 sunt
2960 4504 3050 4572 qui
3083 4503 3381 4559 inhabitant

1858 4589 2061 4642 orbem.

1934 4757 2089 4813 Vens.
2113 4757 2231 4817 6,5.
2269 4757 2340 4812 0s
2372 4775 2536 4813 meum
2577 4760 2815 4829 loquetur
2840 4762 3168 4829 sapientiam,
3192 4772 3242 4816 et
3275 4778 3387 4816 nte-

1859 4847 2043 4900 ditatio
2069 4850 2240 4901 cordis
2269 4851 2367 4902 mei
2403 4851 2753 4919 prudentiam.
2796 4851 3070 4904 Inclinabo
3095 4853 3149 4903 in
3164 4852 3384 4918 parabo-

1858 4939 1961 4990 Iam
2004 4954 2181 4990 aurem
2210 4955 2369 4992 meam
2400 4942 2671 5008 :aperiam
2700 4942 2756 4995 in
2792 4940 3032 5009 psalterio
3080 4934 3385 5004 propositio-

1858 5042 1969 5077 nem
2001 5043 2200 5088 meum,
2252 5038 2357 5081 etc.
2404 5029 2475 5083 Os
2520 5030 2719 5084 Christi
2772 5027 3004 5095 loquitur
3041 5026 3381 5091 sapientiam.

203 5122 380 5175 λαλεῖ.
418 5119 542 5171 Εἰσὶ
591 5117 649 5169 δὲ
681 5115 854 5184 στόμα
903 5113 1132 5181 Χριστυῦ
1179 5117 1226 5166 oi.
1260 5116 1351 5167 τὸν
1398 5116 1550 5182 λόγον
1597 5117 1756 5169 αὑτοῦ

1866 5114 1989 5166 Sunt
2015 5123 2187 5168 autem
2220 5129 2280 5168 os
2326 5117 2519 5169 Christi
2548 5117 2636 5185 qui
2679 5125 2977 5170 sermonem
3007 5108 3129 5172 ejus
3153 5112 3389 5165 admini-

202 5206 605 5266 διακονοῦντες,
638 5204 686 5255 οι
727 5202 783 5253 δὲ
832 5200 1003 5251 λοιποὶ
1051 5199 1110 5250 τὸ
1144 5199 1322 5251 λοιπὸν
1368 5200 1529 5251 αὐτοῦ
1581 5201 1756 5269 σῶμα.

203 5297 319 5349 Καὶ
386 5296 438 5347 εἰ
494 5293 608 5345 ἔστι
663 5288 856 5359 μελέτη
908 5284 1143 5351 σύνεσις,
1199 5287 1281 5348 τίς
1334 5287 1369 5355 ή
1430 5286 1753 5353 ὲπαγγελία;

281 5409 331 5444 ⁸⁸
368 5410 437 5463 Is.
478 5422 571 5468 XL,
604 5403 691 5458 II.
768 5400 810 5431 “
848 5397 1032 5449 Matth.
1065 5411 1143 5461 ιι,
1168 5396 1257 5451 28.

280 5500 400 5569 (τε.)
435 5497 635 5569 Ταῦτα
657 5489 1038 5558 πληροῦνται,
1074 5497 1180 5543 etc.
1217 5486 1415 5543 Catena
1456 5489 1671 5546 Barbari
1700 5499 1754 5546 et

210 5565 425 5626 scheibe
448 5565 663 5623 Grabii.

1850 5210 2020 5256 strant
2049 5241 2065 5262 ,
2113 5204 2287 5257 caeteri
2320 5215 2495 5258 autem
2535 5213 2658 5257 sunt
2704 5204 2965 5269 reliquum
3016 5213 3222 5264 corpus
3246 5199 3390 5265 ejus.

1852 5289 2002 5356 Quod
2047 5292 2094 5346 si
2143 5293 2423 5346 meditatio
2450 5295 2519 5346 sit
2548 5291 2851 5359 prudentia,
2882 5298 3138 5352 qua-nam
3168 5288 3277 5340 erit
3305 5302 3399 5341 au-

1924 5492 2034 5561 (76)
2057 5493 2303 5561 Δύναται
2336 5491 2441 5561 εἰς,
2468 5496 2573 5561 εις.
2598 5487 2799 5540 Catena
2818 5476 3099 5561 ςξριξεξςξὶιε

1919 5540 2032 5629 (ἢῆ
2057 5540 2307 5627 ῑίριᾱέᾱδ
2339 5540 2651 5624 iam”,
2678 5561 2783 5610 etc.
2824 5546 3034 5601 Eadem
3064 5540 3316 5602 Catena.
