3910 6256
870 78 973 129 χχ-

186 219 361 277 ἶηὲἱ

1142 222 1441 279 SELECTA
1482 222 1547 277 IN
1587 222 1914 278 PSAIMOS.
1950 253 2015 265 --
2052 222 2240 279 PSAL.
2278 228 2503 282 XLVIII.

3260 225 3396 281 me

181 339 483 410 ὀψόμενος
530 342 887 411 καταφθοράν.
932 343 1113 396 Ἥνίκα
1160 348 1222 400 ἂν
1266 344 1667 411 ἀποθνήσκωσιν
1716 345 1764 394 οἰ

1874 344 2183 412 ruptionem.
2216 345 2437 409 Quando
2466 343 2655 399 mortui
2686 342 2882 400 fuerint
2911 346 3199 417 sapientes,
3231 348 3393 404 etiam

184 432 393 497 σοφοὶ,
451 431 548 483 καὶ
599 433 690 486 ἐπὶ
744 431 804 483 τὸ
861 433 991 484 αὐτὸ
1037 431 1223 499 ἄφρων
1277 433 1370 484 καὶ
1414 434 1569 495 ἀνους
1626 433 1760 484 ἀπο-

182 516 463 573 λοῦνται.

276 608 407 660 Τοῦ
455 607 662 661 αὑτοῦ.
716 608 773 661 '0
811 610 1011 662 κοπιῶν
1041 610 1148 678 (84)
1189 610 1276 663 διά
1309 610 1409 679 τῆς
1438 608 1761 679 πρακτικῆς,

183 689 443 758 ζήσεται
484 694 565 755 εἰς
602 694 753 756 τέλος
795 695 881 747 διὰ
926 696 1023 763 τῆς
1064 696 1329 763 γνώσεως.
1372 697 1766 765 Καθαψάμενος

184 778 315 832 τῶν
353 781 767 853 ἀμετανὸήτων,
789 784 1044 853 τρέπεται
1070 787 1160 838 καὶ
1188 788 1279 840 ἐπὶ
1306 788 1428 850 τοὺς
1451 786 1764 856 μετανοοῦν-

183 887 328 935 τας,
370 872 473 924 καὶ
520 876 821 943 παρηγορεί
863 875 952 927 τὸν
994 875 1156 927 κόπον
1198 875 1294 945 τῆς
1337 875 1615 945 μετανοίας
1648 878 1765 938 ταῖς

187 959 400 1012 ἐλπίσι
425 960 523 1012 τοῦ
558 961 851 1030 μέλλοντος.
892 963 1194 1025 Ἐκοπίασε,
1218 965 1396 1033 φησὶν,
1421 964 1649 1017 ἐνταῦθα
1678 981 1766 1033 με·

188 1046 448 1109 τανοῶν,
494 1049 588 1099 καὶ
629 1049 691 1100 τὸ
734 1048 913 1101 λοιπὸν
960 1049 1177 1119 ζήσεται
1216 1052 1301 1103 διὰ
1342 1052 1554 1113 παντός.
1598 1051 1765 1104 Τοῦτο

189 1135 320 1204 γὰρ
357 1137 621 1209 σημαίνει
661 1136 720 1187 τὸ
768 1156 785 1187 ι
833 1139 912 1199 είς
940 1139 1109 1200 τέλος.
1147 1158 1165 1189 ι
1205 1141 1353 1209 Ζωὴν
1396 1140 1452 1192 δὲ
1489 1140 1634 1207 λέγει
1669 1141 1765 1209 τήν

194 1223 428 1291 κυρίως
447 1225 549 1287 τὴν
573 1225 787 1277 ἄπονον.
829 1226 891 1277 Ἦ
918 1228 1020 1295 γὰρ
1043 1226 1269 1280 ἐνταῦθα
1305 1229 1761 1298 καταχρηστικῶς.

192 1312 243 1362 Τ
245 1313 384 1374 έλος
432 1312 493 1365 δὲ
533 1314 744 1382 νοήσεις
787 1314 877 1365 τὸν
925 1314 1174 1383 μέλλοντα
1213 1316 1401 1378 αἰῶνα,
1449 1318 1594 1379 ὅστις
1651 1319 1766 1369 ἐστὶ

189 1399 367 1461 τέλος
400 1399 500 1452 τοῦ
530 1401 810 1471 παρόντος.
859 1401 1024 1453 Τοῦτο
1077 1404 1106 1453 ὁ
1154 1404 1248 1471 μὲν
1289 1404 1577 1474 Σύμμαχος
1627 1405 1765 1458 οὕτω

189 1491 408 1562 φησιν’
444 1511 464 1543 ι
520 1493 986 1561 Ἀναπαυσάμενος
1022 1491 1099 1560 τῷ
1130 1491 1282 1545 αἰῶνι
1314 1495 1502 1564 τούτῳ,
1547 1494 1653 1558 ζῶν
1688 1497 1766 1557 εἰς

189 1582 390 1637 αἰῶνα
422 1580 735 1633 διατελέσει·
768 1599 787 1632 ι
820 1583 849 1633 ὁ
883 1582 939 1634 δὲ
978 1583 1219 1645 Ἀκύλας
1244 1601 1261 1633 ι
1298 1583 1405 1635 Καὶ
1433 1583 1766 1636 ἀνεπαύσατο

1867 431 2025 485 simul
2055 431 2309 499 insipiens
2341 440 2396 486 et
2425 432 2617 486 stultus
2644 435 2910 500 peribunt.

1938 602 2209 670 Ejusdem.
2257 603 2356 669 Qui
2402 604 2605 673 agendo
2657 605 2898 671 laborat,
2949 608 3000 662 in
3052 608 3211 662 linem
3254 609 3396 666 vivet

1868 691 2295 758 contemplanda.
2332 691 2611 760 Postquam
2645 695 2956 759 perstrinxit
2984 709 3077 748 eos
3108 697 3194 763 qui
3223 698 3398 765 paeni-

1869 780 2089 834 tentiam
2118 795 2221 833 non
2273 789 2478 846 agunt,
2509 782 2733 834 vertitur
2780 783 2939 835 etiam
2984 785 3047 837 ad
3082 785 3397 853 pteniteutes

1868 878 1922 923 et
1961 870 2285 936 paenitentia:
2318 869 2552 923 laborem
2582 869 2780 923 solatur
2811 885 2903 938 spe
2944 870 3128 925 futuri.
3157 873 3395 947 Labora-

1867 959 1963 1021 vit,
1995 959 2192 1026 inquit,
2220 957 2307 1012 hic
2337 958 2701 1027 paenitentiam
2733 960 2969 1027 agendo,
2994 961 3061 1013 de
3091 975 3282 1016 caetero
3310 964 3396 1017 vi-

1869 1055 1955 1098 vet
1988 1045 2131 1098 omni
2166 1053 2424 1114 tempore.
2468 1046 2577 1101 Hoc
2622 1047 2763 1099 enim
2805 1048 3069 1116 signiﬁcat
3103 1050 3258 1111 illud,
3297 1067 3315 1101 ι
3343 1051 3394 1105 in

1871 1133 2047 1187 ﬁnem.
2074 1152 2091 1185 ι
2122 1134 2291 1187 Vitam
2323 1146 2497 1187 autem
2523 1144 2695 1194 vocat.
2720 1150 2836 1202 quae
2857 1138 3071 1204 proprie
3097 1148 3179 1190 est
3199 1137 3395 1193 laboris

1870 1238 2079 1290 expers.
2113 1223 2240 1288 Quae
2266 1224 2405 1276 enim
2434 1224 2518 1277 hic
2549 1225 2765 1291 vivitur,
2798 1226 3014 1279 abusive
3043 1227 3147 1279 vita
3180 1227 3395 1280 dicitur.

1870 1310 2053 1364 Finem
2093 1314 2322 1379 accipies
2367 1328 2461 1381 pro
2500 1313 2681 1367 futuro
2709 1316 2938 1377 saeculo,
2973 1318 3112 1384 quod
3151 1326 3232 1371 est
3276 1316 3400 1371 ﬁnis

1870 1401 2163 1471 prmsentis.
2190 1400 2303 1456 Hoc
2328 1401 2679 1471 Symmachus
2703 1405 2781 1457 sic
2811 1407 2998 1459 vertit:
3036 1422 3054 1457 ι
3087 1406 3215 1460 Cum
3248 1406 3399 1475 quie-

1870 1493 2008 1543 verit
2043 1491 2235 1546 smculo
2263 1492 2407 1555 huic,
2438 1493 2619 1547 vivens
2644 1506 2855 1561 semper
2890 1494 3123 1549 durabit.
3155 1513 3174 1546 ι
3209 1498 3397 1564 Aquila

1872 1591 2036 1637 vero:
2077 1596 2094 1629 ι
2130 1579 2190 1632 Et
2222 1580 2482 1649 requievit
2516 1580 2566 1635 in
2597 1581 2842 1635 sacculum
2864 1618 2880 1645 ,
2910 1590 2963 1635 et
2994 1581 3131 1636 vivet
3156 1583 3206 1638 iu
3233 1583 3399 1637 victo-

189 1674 281 1733 εἰς
330 1671 436 1722 τδν
470 1670 661 1735 αἰῶνα,
700 1671 792 1722 καὶ
828 1671 1042 1739 ζήσεται
1085 1674 1162 1733 εἰς
1201 1675 1362 1732 νῖκος.
1400 1690 1418 1721 ι
1461 1672 1519 1723 '0
1550 1671 1656 1741 γὰρ
1692 1674 1767 1723 ὲν-

1874 1665 2020 1717 riam.
2052 1683 2071 1715 ι
2102 1665 2199 1729 Qui
2221 1667 2362 1721 cnim
2390 1666 2479 1720 hic
2508 1666 2780 1721 molestam
2808 1678 2863 1722 et
2888 1669 3154 1725 laboribus
3183 1671 3396 1740 plenam

189 1760 395 1814 ταῦθα
427 1761 686 1812 ἐπίπονον
708 1761 1037 1830 κτησάμενος
1076 1760 1186 1829 βίον
1217 1762 1309 1813 καὶ
1347 1760 1594 1827 ἔγκοπον,
1619 1756 1769 1823 οὗτος

189 1850 302 1918 τῆς
354 1848 780 1919 ἐπηγγελμένης
825 1848 968 1917 ζωῆς
1003 1849 1141 1902 κατά
1170 1849 1258 1901 τὸν
1304 1849 1555 1918 μέλλοντα
1601 1850 1767 1903 αἰῶνα

190 1937 606 2008 ἀξιωθήσεται,
655 1937 755 1990 οὐκ
797 1937 1054 2007 ὀψόμενος
1095 1938 1457 2010 καταφθορὰν,
1506 1939 1665 2009 ἡνίκα
1704 1940 1768 1993 ἂν

189 2028 637 2099 ἀποθνήσκωσιν
668 2030 715 2080 οἰ
754 2029 923 2095 σοφοί.

270 2119 411 2169 Ὅτι
445 2117 559 2170 οὐκ
588 2116 794 2183 ὄψεται
825 2118 1214 2184 καταφθορὰν,
1243 2117 1379 2170 ὅταν
1424 2116 1521 2184 ἴδῃ
1545 2117 1769 2185 σοφοὺς

190 2203 752 2270 ἀποθνήσκοντας,
817 2205 1125 2258 ἐπιτοαυτὸ
1190 2208 1389 2273 ἄφρων
1435 2206 1532 2261 καὶ
1587 2206 1769 2271 ἄνους

190 2294 614 2356 ἀπολοῦνται,
643 2310 696 2347 κ.
727 2311 775 2347 τ.
805 2294 852 2345 ὲ.
890 2292 1155 2363 ὀψόμεθα
1174 2296 1297 2356 τοὺς
1323 2296 1518 2362 σοφοὺς
1546 2295 1767 2365 105(85)

192 2385 425 2454 κόσμου
448 2382 641 2435 τούτου
671 2383 727 2434 έν
755 2382 832 2451 τῷ
859 2381 1011 2433 αἰῶνι
1040 2381 1116 2451 τῷ
1148 2382 1387 2451 μέλλοντι
1417 2383 1769 2453 στερηθέντας

190 2473 303 2542 τῆς
338 2470 501 2541 ζωῆς
529 2472 627 2541 τῆς
650 2469 920 2540 εἰπούσης·
957 2489 976 2521 ι
1018 2469 1153 2538 Ἐγώ
1182 2470 1293 2539 εἰμι
1323 2472 1354 2542 ἡ
1389 2471 1519 2541 ζωή.
1562 2490 1580 2523 s
1618 2472 1770 2535 Τίνες

192 2563 253 2615 δὲ
285 2556 452 2614 οὗτοι
484 2560 534 2612 oi
567 2558 989 2628 ἀποθνήσκοντες
1018 2559 1188 2627 σοφοὶ,
1213 2560 1244 2628 ἢ
1274 2577 1336 2611 πε
1346 2560 1397 2629 pi.
1416 2553 1490 2612 ὧν
1504 2560 1764 2613 λέλεκται·

200 2669 220 2701 ι
270 2648 507 2703 Ἀπολῶ
536 2648 635 2719 τὴν
669 2647 856 2715 σοφίαν
881 2646 987 2699 τῶν
1021 2648 1213 2713 σοφῶν,
1245 2666 1263 2697 ι
1294 2648 1383 2714 ἀφ’
1423 2642 1495 2700 ὧν
1540 2648 1769 2717 ἔκρυψεν

192 2742 224 2792 ὁ
252 2739 408 2801 Θεὸς
438 2736 511 2790 τὰ
543 2737 810 2807 μυστήρια
836 2735 872 2789 ἃ.
898 2736 1109 2805 νηπίοις
1148 2736 1489 2805 ἀπεκάλυψε;
1524 2736 1681 2804 Λέγει
1710 2737 1769 2791 δι

194 2828 420 2896 σοφοὺς
460 2826 588 2888 τοὺς
625 2826 958 2894 πανούργους
987 2823 1126 2876 κατὰ
1165 2822 1245 2887 τὸ,
1277 2842 1295 2874 ι
1334 2824 1490 2891 Σοφοί
1538 2826 1639 2877 εἰσι
1676 2823 1768 2878 τοῦ

194 2913 609 2982 κακοποιῆσαι,
648 2931 667 2964 ›
702 2914 796 2965 καὶ
824 2913 947 2972 τοὺς
984 2911 1227 2981 μαθητὰς
1256 2912 1360 2965 τῶν
1393 2913 1660 2983 ἀρχόντων
1676 2914 1768 2967 τοῦ

193 3004 410 3066 αἰῶνος
444 3002 657 3055 τούτοιν
686 2986 760 3054 ὧν
790 3000 877 3053 τὸν
906 2999 1127 3053 θάνατον
1161 3002 1259 3053 οὐκ
1285 3001 1466 3069 ὄψεται
1500 3004 1529 3053 ὁ
1569 3002 1771 3072 λυτρω-
1795 2976 1837 3033 C

193 3097 318 3159 θεὶς
353 3091 470 3146 ὐπὲ
509 3090 601 3144 τοῦ
628 3090 1010 3159 εύδοκήσαντος
1050 3089 1137 3141 διὰ
1170 3091 1268 3158 τῆς
1298 3091 1501 3160 μωρίας
1539 3091 1633 3143 τοῦ
1675 3108 1771 3160 κη..

198 3185 502 3256 ρύγματος
542 3179 714 3231 σῶσαι
754 3180 876 3240 τοὺς
917 3178 1279 3240 πιστεύοντας.
1336 3180 1391 3230 Ὀ
1434 3180 1771 3249 πεπληροφο-

195 3273 459 3346 ρημένος
491 3269 618 3339 περὶ
644 3269 743 3336 τῆς
767 3266 1056 3336 μελλούσης
1094 3267 1343 3336 κρίσεως,
1373 3269 1498 3321 ὅταν
1532 3269 1615 3340 ίδῃ
1649 3271 1772 3332 τοὺς

197 3360 419 3429 σοφοὺς
445 3356 902 3423 ἀποθνήσκοντας,
930 3354 987 3405 ού
1004 3355 1197 3425 νομίσῃ
1220 3354 1279 3405 τὸ
1305 3356 1579 3423 γινόμενον
1606 3374 1763 3409 κατα-

195 3447 429 3521 φθορὰν
462 3444 599 3515 ὁμοῦ
622 3444 799 3513 ψυχῆς
821 3460 879 3495 τε
910 3444 1000 3496 καὶ
1029 3443 1291 3512 σώματος,
1322 3444 1396 3506 ὡς
1428 3445 1622 3497 ἐκεῖνοι
1645 3445 1774 3508 ζῶν-

193 3555 294 3602 τες
316 3538 424 3590 τὸν
451 3534 685 3590 θάνατον
709 3533 985 3601 ὡρίζοντο,
1014 3532 1148 3585 ἀλλὰ
1174 3534 1449 3603 μετοικίαν
1469 3534 1548 3596 εἰς
1572 3536 1772 3605 κόσμον

193 3630 424 3681 ἕτερον.

273 3645 490 3769 ἕῗιΐοί
520 3670 693 3779 τάφοι
710 3709 905 3763 αὐτῶν
928 3710 1099 3764 οἰκίαι
1127 3710 1321 3764 αὐτῶν
1342 3714 1426 3778 εὶς
1444 3712 1548 3765 τὸν
1570 3713 1770 3775 αἰῶνα,

194 3824 252 3860 κ.
298 3822 363 3858 τ.
401 3805 450 3856 ὲ.
488 3821 508 3853 ι
558 3802 621 3854 UE
650 3804 761 3862 τοῖς
809 3801 996 3867 τάφοις
1033 3800 1137 3869 (86)
1178 3802 1575 3871 κεκονιαμένοις
1601 3803 1773 3871 ὅμοιοι

189 3896 485 3963 γέμοντες
516 3891 718 3943 ὀστέων
743 3889 971 3959 νεκρῶν,
1015 3890 1106 3942 καὶ
1143 3890 1322 3959 πάσης
1355 3890 1708 3960 ἀκαθαρσίας,
1748 3909 1766 3942 ι

194 3984 456 4043 τούτους
497 3980 735 4033 αἰτιᾶται
773 3981 802 4030 ὁ
843 3979 1050 4048 Σωτήρ·
1082 3977 1175 4029 καὶ
1207 3979 1332 4040 τοὺς
1371 3978 1775 4047 οἰκοδομοῦντας

189 4076 447 4142 τάφους,
466 4071 517 4121 εί
548 4068 644 4119 καὶ
676 4066 983 4136 προφητῶψ
1017 4065 1110 4117 καὶ⁸
1136 4066 1257 4126 τοὺς
1286 4066 1615 4135 κοσμοῦντας
1645 4083 1772 4137 μνη-

192 4166 371 4235 μεῖα,
404 4162 454 4212 εί
483 4156 846 4211 καὶ.δικαίων’
876 4155 973 4206 οὐκ
1006 4155 1284 4225 ἐπιτρέπει
1314 4155 1525 4226 μαθητῇ
1553 4156 1774 4209 θάπτειν

1865 1754 2041 1820 exegit
2089 1755 2253 1807 vitam
2281 1791 2297 1817 ,
2352 1755 2480 1807 ἰείη
2536 1756 2712 1807 futuro
2760 1757 2949 1810 smculo
2980 1760 3236 1825 promissa
3289 1761 3398 1815 vita

1867 1840 2103 1904 fruetur,
2150 1858 2253 1895 non
2284 1845 2496 1898 visurus
2528 1844 2821 1910 interitum,
2871 1848 3084 1915 quando
3130 1850 3400 1916 sapientes

1867 1931 2177 1983 morientur.

1940 2099 2100 2154 Vens.
2145 2101 2231 2155 ll.
2272 2101 2528 2168 Quoniam
2573 2120 2674 2159 non
2712 2108 2903 2160 videbit
2941 2108 3235 2173 interitum,
3280 2128 3398 2165 cum

1865 2188 2047 2241 viderit
2073 2190 2330 2255 sapientes
2353 2193 2649 2258 morientes,
2677 2195 2834 2248 simul
2857 2197 3105 2264 insipiens
3132 2207 3179 2251 et
3210 2200 3399 2252 stultus

1866 2278 2125 2344 peribunt,
2157 2289 2264 2333 etc.
2307 2279 2614 2336 Videbimus
2656 2283 2926 2351 sapientes
2953 2287 3132 2340 mundi
3161 2287 3316 2354 hujus
3346 2288 3399 2342 in

1868 2366 2046 2422 futuro
2088 2369 2283 2423 saeculo
2324 2386 2384 2424 ea
2444 2372 2549 2425 vita
2583 2373 2819 2441 privatos
2869 2389 2988 2444 qua:
3035 2377 3197 2430 dicit:
3238 2395 3258 2429 ι
3288 2378 3399 2447 Ego

1867 2472 1984 2511 sum
2012 2458 2120 2513 vita
2150 2458 2213 2515 “.
2253 2478 2274 2512 ι
2326 2459 2431 2515 Sed
2474 2463 2690 2529 quinam
2732 2473 2857 2518 sunt
2895 2466 3161 2535 sapientes
3187 2468 3274 2520 isti
3310 2469 3398 2534 qui

1868 2546 2184 2612 moriuntur,
2214 2548 2317 2603 nisi
2349 2549 2420 2603 illi
2449 2550 2517 2604 de
2541 2552 2734 2619 quibus
2758 2554 2953 2607 dictum
2977 2564 3093 2609 est:
3130 2572 3149 2607 ι
3176 2555 3399 2609 Perdant

1866 2633 2178 2702 sapientiam
2220 2637 2539 2705 sapientium
2583 2639 2647 2704 “,
2681 2658 2700 2692 ι
2738 2642 2931 2708 quibus
2962 2644 3248 2697 occultavit
3289 2659 3403 2716 my-

1867 2724 2029 2778 steria
2055 2739 2148 2779 sua
2178 2723 2351 2790 Deus,
2384 2742 2503 2795 qua:
2536 2728 2776 2798 parvulis
2806 2731 3095 2786 revelavit?
3121 2733 3400 2802 Sapientes

1868 2824 2044 2867 autem
2071 2823 2224 2868 vocat
2254 2816 2532 2885 malignos,
2559 2818 2708 2886 juxta
2737 2818 2893 2874 illud:
2924 2839 2945 2872 ο
2973 2821 3255 2893 Sapientes
3276 2834 3402 2879 sum

1871 2911 1924 2954 ut
1967 2901 2308 2958 malefaciant
2347 2905 2409 2971 “,
2436 2924 2455 2958 ι
2493 2915 2548 2959 ει
2593 2908 2877 2977 discipulos
2908 2910 3210 2980 principum
3245 2912 3403 2984 hujus

1866 2991 2042 3044 δεῖευιί
2068 3031 2085 3058 ,
2118 3005 2343 3059 quorum
2376 3004 2600 3048 mortem
2634 3010 2737 3050 non
2775 2998 2979 3053 videbit
3002 3001 3304 3071 redemptus
3334 3004 3403 3055 ab

1866 3093 1929 3133 eo
1956 3082 2044 3135 cui
2067 3082 2441 3150 complacitum
2475 3094 2555 3137 est
2584 3099 2677 3153 per
2708 3086 2985 3141 stultitiam
3009 3090 3403 3155 praedicationis

1866 3184 2080 3224 servare
2119 3172 2416 3225 credentes.
2468 3172 2567 3238 Qui
2612 3175 2676 3227 de
2720 3174 2898 3229 futuro
2944 3177 3144 3244 judicio
3192 3178 3402 3246 plenam

1867 3256 2022 3309 habet
2048 3258 2232 3321 ﬁdem,
2263 3271 2385 3311 cum
2419 3259 2613 3312 viderit
2641 3264 2906 3328 sapientes
2936 3264 3225 3318 morientes
3250 3303 3266 3328 ,
3297 3281 3401 3319 non

1871 3345 1992 3397 illud
2022 3346 2292 3400 existimet
2331 3346 2601 3400 interitum
2641 3363 2761 3403 esse
2790 3351 2982 3403 anima:
3009 3352 3167 3405 simul
3201 3362 3253 3408 et
3282 3369 3405 3409 cor-

1868 3433 2012 3500 poris
2042 3472 2056 3496 ,
2088 3436 2528 3500 quemadmodum
2577 3436 2736 3504 720
2777 3439 3016 3493 viventes
3065 3440 3138 3494 illi
3175 3454 3401 3499 mortem

1867 3524 2200 3590 deﬁnierunt,
2232 3526 2324 3580 sed
2351 3527 2718 3595 migrationem
2749 3528 2801 3581 in
2828 3527 2989 3582 alium
3021 3534 3297 3588 mundum.

1938 3713 2097 3768 Vens.
2145 3714 2228 3769 12.
2270 3715 2338 3768 Et
2375 3717 2609 3782 sepulcra
2663 3734 2841 3773 eorum
2885 3724 3068 3778 domus
3105 3724 3313 3780 illorum
3350 3731 3405 3783 in

1871 3814 2140 3867 a’lernum,
2171 3816 2276 3859 etc.
2317 3823 2336 3856 ι
2360 3806 2457 3871 Qui
2493 3807 2695 3861 similes
2727 3817 2858 3866 sunt
2896 3812 3155 3880 sepulcris
3183 3816 3402 3871 dealba-

1874 3893 1961 3954 tis,
1994 3908 2111 3960 quae
2148 3895 2301 3961 plena
2350 3905 2474 3949 sunt
2512 3896 2725 3952 ossibus
2767 3910 3097 3956 mortuorum
3127 3942 3143 3968 ,
3173 3916 3227 3959 et
3258 3910 3401 3961 omni
3496 3946 3499 3949 η

1871 3984 2121 4050 spurcitia
2153 3986 2216 4050 ιθ,
2248 4004 2267 4037 ι
2306 3986 2399 4042 hos
2432 3987 2679 4041 Salvator
2713 3991 3092 4057 reprehendit;
3129 3996 3203 4047 nti
3232 4006 3285 4049 et
3311 4013 3405 4053 eos

1872 4073 1961 4139 qui
2003 4074 2268 4128 zedilicant
2319 4077 2558 4143 sepulcra
2586 4116 2601 4140 ,
2651 4080 2860 4132 etiamsi
2907 4080 3317 4149 prophetarum;
3348 4095 3408 4141 et

1871 4169 2064 4213 ornant
2087 4173 2448 4227 monumenta,
2464 4164 2673 4218 etiamsi
2693 4165 2957 4231 iustorum
2983 4184 2997 4233 ;
3030 4183 3126 4222 nec
3148 4173 3407 4238 permittit

189 4249 435 4319 νεκρὸν,
484 4247 536 4297 εἰ
572 4246 664 4297 καὶ
708 4245 931 4313 πατρός.
983 4245 1091 4296 Καὶ
1137 4247 1194 4296 ὲν
1233 4243 1311 4314 τῷ
1361 4244 1569 4315 Ἡσαΐᾳ·
1625 4264 1643 4296 ι
1688 4246 1768 4311 Τί,

1875 4249 2135 4316 discipulo
2166 4251 2396 4319 sepelire
2447 4262 2735 4316 mortuum,
2772 4255 2981 4308 tametsi
3015 4270 3311 4323 parentem.
3340 4263 3406 4318 Et

193 4341 410 4410 φησὶν,
450 4334 803 4405 ᾡκοδόμησας
832 4332 1038 4402 σεαυτῷ
1079 4332 1286 4402 μνῆμα,
1318 4334 1409 4386 καὶ
1436 4333 1769 4404 ἐλατόμησας

190 4424 434 4495 σεαυτῷ
468 4425 763 4493 μνημεῖον;
810 4439 828 4471 ι
862 4421 969 4472 Καὶ
1004 4422 1051 4473 οἰ
1092 4424 1147 4473 ὲν
1192 4424 1302 4483 τοῖς
1343 4423 1638 4492 μνημείοις,
1676 4424 1769 4476 ὲάν

189 4521 500 4579 ἀκούσωσι
533 4515 632 4583 τῆς
669 4512 848 4580 φωνῆς
867 4512 959 4563 τοῦ
983 4512 1112 4564 Υίοῦ
1135 4512 1226 4565 τοῦ
1251 4513 1551 4583 ἀνθρώπου,
1583 4514 1771 4582 ζήσου-

191 4631 317 4668 σιν.
364 4609 495 4662 Ἐπὶ
543 4604 651 4657 τῶν
684 4603 852 4671 γαιῶν
894 4600 951 4653 δέ
989 4603 1103 4655 ἐστι
1138 4603 1205 4655 τά
1246 4603 1479 4672 ὀνόματα
1511 4603 1634 4657 άνου
1678 4605 1772 4657 καὶ

188 4708 278 4775 ἇφ
287 4717 474 4775 ρονος.

280 4790 407 4847 Τοῦ
442 4783 647 4839 αὐτοῦ.
687 4781 866 4849 Τάφος
893 4780 983 4833 νοῦ
1014 4781 1121 4850 (87)
1151 4780 1450 4851 ἀκάθαρτος
1477 4780 1642 4851 ψυχή·
1672 4782 1770 4835 τά-

190 4899 310 4952 φος
353 4880 418 4931 δὲ
456 4873 635 4943 ψυχῆς
682 4872 857 4939 σῶμα.
911 4887 929 4919 ι
991 4869 1406 4921 Ἐπεκαλέσαντο
1443 4868 1511 4920 τὰ
1539 4869 1770 4938 ὀνόματα

189 4968 399 5024 αὐτῶν
432 4960 658 5015 ἐπὶτῶν
681 4957 871 5025 γαιῶν.
918 4976 936 5008 ι
970 4959 1080 5009 Οὐκ
1118 4957 1223 5009 ἀπὸ
1249 4957 1450 5025 ἀρετῶν
1490 4957 1771 5026 ὀνομάζον-

188 5075 329 5121 ται,
378 5052 497 5107 ἀλλ’
536 5051 644 5103 ἀπὸ
683 5048 882 5116 γηΐνων
915 5045 1264 5114 πραγμάτων.
1307 5045 1380 5095 Οὐ
1426 5046 1532 5115 γὰρ
1576 5046 1771 5100 δίκαιοι

1877 4336 1929 4387 in
1960 4335 2095 4389 Isaia
2122 4353 2137 4389 :
2185 4336 2372 4404 «Quid,
2409 4339 2600 4407 inquit,
2632 4340 2907 4393 adiﬁcasti
2946 4341 3035 4394 tibi
3067 4348 3406 4417 sepulcrum,

1875 4432 1927 4476 et
1953 4424 2198 4477 excidisti
2243 4427 2337 4479 tibi
2366 4436 2765 4482 monumentum
2803 4431 2884 4484 "‘I
2914 4448 2933 4481 ι
2974 4430 3046 4487 Ει
3076 4435 3164 4500 qui
3198 4437 3249 4491 in
3293 4453 3407 4493 mo-

1875 4514 2143 4568 numentis
2171 4524 2313 4580 sunt,
2339 4531 2456 4569 cum
2484 4518 2784 4574 audiverint
2804 4537 2977 4578 vocem
3005 4525 3121 4580 Filii
3152 4527 3405 4594 hominis,

1877 4601 2052 4652 vivent
2083 4600 2144 4652 ιο.
2182 4600 2239 4655 1η
2271 4603 2429 4657 terris
2456 4613 2634 4659 autem
2663 4618 2787 4661 sunt
2815 4612 3028 4666 nomina
3057 4613 3204 4667 stulti
3238 4623 3292 4668 et
3322 4614 3374 4669 in
3398 4637 3412 4647 -

1876 4690 2134 4759 sipicntis.

1941 4778 2205 4846 Ejusdem.
2251 4780 2561 4849 Sepulcrum
2608 4788 2800 4840 mentis
2828 4799 2911 4842 est
2953 4791 3127 4844 anima
3158 4791 3366 4860 impura
3396 4796 3416 4847 ὅ

1873 4869 2061 4921 animae
2097 4883 2221 4922 vero
2264 4871 2564 4937 sepulcrum
2613 4889 2805 4943 corpus
2853 4887 2952 4931 est.
3017 4896 3035 4928 ι
3071 4878 3411 4931 Vocaverunt

1875 4959 2086 5012 nomina
2120 4974 2215 5013 sua
2248 4962 2299 5014 in
2334 4963 2509 5017 terris.
2541 4982 2559 5016 ι
2595 4963 2708 5019 Non
2748 4982 2777 5018 a
2807 4966 3089 5019 virtutibus
3121 4965 3409 5017 nominan-

1873 5059 1980 5114 tur,
2012 5050 2103 5104 sed
2128 5065 2157 5103 a
2187 5050 2348 5106 rebus
2377 5055 2627 5109 terrenis.
2660 5054 2773 5107 Non
2804 5056 2943 5107 enim
2966 5052 3097 5121 justi
3124 5058 3179 5101 et
3209 5059 3417 5117 tempo-

281 5239 334 5272 τ’
360 5235 527 5292 Joan.
560 5246 673 5295 xrv,
700 5229 753 5281 6.
816 5226 858 5259 “
884 5227 1041 5282 lCor.
1073 5228 1219 5289 1,19.
1289 5227 1331 5257 ¹⁸
1357 5225 1555 5279 Jerem.
1581 5243 1654 5291 ιν,
1676 5230 1765 5287 22.

1874 5231 2383 5295 ‘Matth.xxut,27.
2460 5212 2907 5291 "tsai.xxni,to.
2983 5221 3420 5285 "toan-uva.

278 5416 405 5497 (an
443 5414 496 5497 29
518 5408 905 5497 ειτῖπέέδῖιὲξὲ
938 5405 1154 5497 Et???
1176 5402 1417 5497 05-11)";

278 5416 344 5490 (8
443 5416 496 5467 '0
518 5416 763 5466 κοπιῶν.
802 5416 901 5491 ειρ.
939 5416 1154 5493 δεΙΙΘιΙίε
1176 5416 1385 5459 Grabn.
1412 5491 1417 5497 '

278 5416 405 5554 (3.3
444 5480 750 5554 ‘Odrdpsfiq
773 5489 1178 5554 τουςησοφους,
1209 5482 1316 5527 etc.
1364 5470 1573 5529 Eadem
1615 5477 1773 5534 sche-

195 5539 296 5611 daz‘
320 5539 619 5621 et'par'tii'n
654 5542 858 5594 Catena
888 5539 1046 5594 Barb.

1944 5409 2054 5486 (ες)
2080 5412 2155 5486 οι,
2172 5407 2291 5471 τοῖς
2312 5406 2533 5486 τάφοις,
2564 5411 2683 5486 etc.
2940 5368 3211 5486 Pergeﬂi.

2079 5456 2819 5551 Ῠξὶεὲοξνλοῧ,εξὸ.ίὸειιεόεε
2868 5463 3063 5523 Grabii
3116 5468 3170 5512 et
3218 5456 3448 5519 Calen:

1872 5546 2115 5601 Barbari.
