3910 6242
272 202 447 258 1449
1200 202 1211 207 ’
1239 204 1539 261 SELEC'I'A
1575 202 1642 261 IN
1677 204 1815 260 PSA]

1919 201 2006 259 IS.
2022 202 2113 245 ’--
2145 203 2338 259 PSAL.
2383 202 2562 258 XLIX.
3327 207 3462 265 1450

261 313 403 383 γῆν
425 315 536 369 ἀπὸ
571 317 837 370 ἀνατολῶν
874 317 1022 390 ἡλίου
1062 320 1219 390 μέχρι
1254 323 1486 393 δυσμῶνο
1521 341 1539 374 ι
1576 322 1680 376 ἀπὸ
1710 322 1815 375 άναι

1935 328 2047 369 ram
2092 331 2120 368 a
2149 316 2277 369 solis
2318 326 2438 370 ortu
2468 328 2636 384 usque
2676 316 2742 370 ad
2784 329 3070 381 occasum;
3099 336 3119 369 ι
3174 333 3360 389 nempe
3391 326 3458 377 ah

260 403 467 457 στολῶν
533 406 625 458 τὸν
685 408 893 479 Ἰσραὴλ
912 446 927 472 ,
975 409 1188 480 δυσμῶν
1228 411 1283 463 δὲ
1331 413 1454 475 τοὺς
1495 412 1815 479 δυσγενεστά·

1935 406 2137 459 oriente
2164 401 2433 468 Israelem,
2465 405 2532 457 ab
2556 404 2831 459 occidente
2868 419 2994 460 vero
3026 407 3458 476 ignobilissimos.

259 510 440 556 τους.
1588 562 1597 569 _

366 586 471 637 Ἐκ
502 584 655 638 Σιὼν
678 585 716 653 ἡ
744 586 1057 653 εὐπρέπεια
1094 584 1199 654 τῆς
1234 589 1598 655 ὡραιότητος,
1621 608 1676 643 κ.
1706 606 1758 641 τ.
1785 588 1833 643 ὲ.

256 671 465 741 Εἴπερ
494 673 792 743 εὐπρέπεια
824 672 930 743 (95)
968 672 1059 725 καὶ
1079 674 1342 746 ὼραιότης
1374 678 1573 747 Κυρίου
1605 679 1638 746 ἡ
1678 676 1835 744 σοφία

255 759 460 813 ἐστίν’
494 759 630 830 αὕτη
664 763 721 813 ὲν
753 764 816 832 τῇ
855 761 987 814 Σιών
1026 764 1187 816 ἐστιν.
1236 759 1400 826 Οὗτος
1430 766 1512 831 ἐφ’
1551 759 1610 818 οῦ
1639 767 1703 834 τῇ
1742 781 1835 832 γε-

256 848 437 902 νέσει
481 849 730 919 λέγομεν·
787 851 1121 920 Ἐμμανουὴλ
1165 851 1416 921 ἐμφανῶς
1453 849 1603 923 ἦλθε,
1653 854 1743 906 καὶ
1773 853 1832 905 οὐ

257 939 645 1007 παρασιωπᾷ,
676 936 809 990 ἀλλὰ
834 937 977 1004 λέγει
1005 939 1070 991 δι’
1098 932 1170 991 ὧν
1196 939 1358 1002 θέλει,
1387 940 1505 991 ἐπεὶ
1525 939 1653 1002 Θεὸς
1678 938 1833 1008 ἡμῶν

254 1026 423 1078 ἐστι.
457 1025 574 1078 Νῦν
607 1027 724 1095 μὲν,
764 1027 945 1096 φησὶν,
981 1045 1000 1078 ι
1038 1028 1097 1081 οὐ
1128 1029 1627 1098 παρασιωπήσεται·
1659 1047 1676 1079 ι
1710 1027 1833 1098 ἑξῆς

251 1112 350 1176 δὲ,
404 1131 425 1164 t
473 1114 648 1166 ταῦτα
693 1115 968 1183 ἐποίησας,
1013 1117 1104 1168 καὶ
1152 1116 1397 1185 ὲσίγησα.
1441 1116 1557 1187 Πῦρ
1607 1116 1815 1170 ὲνώπιοι

1928 1102 2005 1171 3),
2026 1121 2043 1152 ι
2074 1101 2187 1155 haec
2214 1102 2406 1165 fecisti,
2437 1110 2490 1153 et
2529 1101 2687 1153 tacui.
2715 1100 2854 1169 Ignis
2875 1103 2926 1156 in
2961 1118 3247 1174 conspectu
3277 1111 3389 1178 ejus
3435 1130 3455 1162 ι

252 1201 475 1256 αὐτοῦ.
522 1220 541 1253 ι
574 1234 644 1245 —-
678 1220 697 1253 ι
733 1203 849 1274 Πῦρ
871 1202 999 1274 γὰρ,
1028 1203 1206 1272 φησὶν,
1230 1200 1388 1274 ἦλθον
1421 1205 1596 1274 βαλεῖν
1625 1206 1714 1257 ἐπὶ
1733 1206 1815 1274 rip

1936 1208 1955 1240 ι
1981 1190 2158 1259 Ignem
2181 1191 2345 1253 enim,
2372 1190 2562 1259 inquit,
2581 1190 2699 1244 veni
2723 1192 2933 1246 mittere
2961 1195 3011 1247 in
3044 1206 3237 1250 terram
3262 1199 3326 1252 “.
3348 1216 3367 1249 ι
3398 1200 3461 1255 Et

252 1291 405 1361 γῆν.
450 1311 472 1343 s
507 1293 615 1344 Καὶ
644 1293 701 1346 ἐν
745 1293 821 1362 τῷ
852 1292 1061 1362 Δανιήλ’
1097 1310 1116 1343 ι
1148 1294 1393 1364 Ποταμὸς
1440 1294 1605 1364 πυρὸς
1652 1288 1815 1346 εἷλκει

1929 1279 1980 1332 in
2011 1279 2252 1333 Daniele:
2299 1296 2317 1328 ι
2346 1278 2563 1332 Fluvius
2605 1280 2740 1345 ignis
2788 1283 3034 1337 trahebat
3079 1286 3132 1339 in
3167 1300 3458 1358 conspectu

252 1380 598 1450 ἔμπροσθεν
625 1380 809 1434 αὐτοῦ.
852 1399 870 1432 ι
905 1380 1021 1451 Πῦρ
1063 1382 1120 1434 δὲ
1154 1382 1243 1434 καὶ
1283 1382 1529 1449 καταιγὶς
1579 1381 1670 1434 ἐπὶ
1707 1383 1815 1445 τοὺς

1925 1368 2041 1436 ejus
2067 1368 2129 1419 ".
2161 1386 2179 1418 ι
2212 1368 2473 1421 ϐωιοιιυιιι
2507 1368 2641 1436 ignis
2663 1378 2722 1423 et
2748 1378 3038 1439 tempestas
3065 1390 3225 1443 super
3248 1369 3343 1433 eos
3368 1381 3457 1447 qui

252 1470 344 1539 μὴ
379 1471 755 1539 προσέχοντας
788 1469 948 1522 αὑτοῦ
989 1472 1053 1538 τῇ
1097 1470 1380 1539 ἐπιφανείᾳ
1415 1470 1506 1523 καὶ
1534 1469 1608 1539 τῷ
1653 1471 1815 1540 Λόγῳε

1927 1471 2032 1509 non
2082 1455 2359 1510 attendunt
2410 1457 2476 1509 ad
2522 1458 2805 1513 adventum
2832 1469 2886 1514 et
2928 1463 2993 1515 ad
3028 1461 3257 1517 Verbum
3303 1466 3457 1535 ejus,

249 1557 320 1620 ὃς
366 1558 502 1626 ἥξει
531 1561 599 1611 ἐκ
628 1559 727 1628 τῆς
778 1559 1088 1628 ἐπουρανίου
1137 1556 1292 1619 Σιὼν,
1341 1556 1611 1628 ίσοσθενὴς
1649 1556 1721 1609 ὣν
1752 1556 1815 1626 τᾷ

1926 1545 2064 1611 quod
2100 1544 2274 1597 veniet
2303 1545 2368 1598 de
2396 1547 2758 1611 supercmlesti
2791 1548 2939 1611 Sion,
2972 1565 3091 1603 cum
3118 1553 3189 1606 sit
3221 1554 3457 1620 ejusdem

250 1622 479 1719 Πατρί·
513 1622 760 1717 οὐράνιος
801 1622 1000 1718 γὰρ-ἦν
1031 1647 1179 1711 Θεὸς,
1209 1647 1300 1699 καὶ
1329 1647 1413 1698 ὅτε
1445 1622 1603 1716 ἦλθεν
1652 1622 1815 1715 ὲμφαλ

1926 1646 2043 1685 cum
2078 1631 2233 1685 Patre
2271 1634 2583 1699 potestatis:
2611 1634 2870 1702 siquidem
2902 1637 3036 1691 Deus
3055 1649 3173 1693 erat
3201 1643 3456 1711 caelestis,

2004 569 2165 624 Vens.
2203 570 2258 624 2.
2295 568 2376 623 Ea:
2402 568 2531 624 Sion
2558 569 2747 636 species
2778 570 2995 635 decoris,
3039 582 3144 628 etc.
3186 575 3462 646 Siquidem

1933 660 2094 714 decor
2121 668 2174 713 et
2202 658 2408 727 species
2441 657 2644 711 Domini
2671 667 2752 711 est
2775 661 3071 728 sapientia:
3106 664 3217 733 ipsa
3249 667 3301 720 in
3331 669 3461 724 Sion

1932 748 2159 801 exsistit.
2191 746 2303 810 ,IIic
2336 747 2474 799 enim
2513 755 2595 800 est
2627 747 2678 799 in
2710 748 2864 815 cujus
2895 751 3166 806 nativitate
3196 754 3459 821 dicimus,

1932 834 2240 889 Emmanuel
2288 834 2565 888 manifeste
2614 838 2797 901 venit,
2835 846 2885 889 et
2921 852 3021 890 non
3068 841 3208 906 silet,
3241 845 3332 897 sed
3366 861 3462 913 per

1933 938 2067 991 quos
2096 923 2210 976 vult
2239 922 2492 990 loquitur,
2524 924 2778 992 quoniam
2808 925 2946 980 Deus
2974 937 3153 984 noster
3180 940 3282 985 est.
3312 932 3460 990 Nunc

1928 1013 2163 1081 quidem,
2188 1012 2392 1081 inquit,
2420 1029 2440 1063 ι
2466 1027 2567 1065 non
2591 1012 2793 1077 silebit;
2820 1032 2839 1064 ι
2865 1015 3114 1086 deinceps
3136 1034 3261 1074 vero
3286 1021 3456 1091 (τελε.

248 1718 405 1798 νῶςς
430 1736 559 1806 ἤτοι
585 1737 672 1787 ὅτε
699 1734 885 1801 γέγονε
910 1732 1059 1803 σάρξ.
1095 1734 1223 1785 Τότε
1255 1732 1361 1802 γὰρ
1389 1732 1578 1803 ὁρατὸς
1605 1734 1815 1799 γέγονεν

1925 1718 2084 1769 etiam
2129 1718 2339 1783 quando
2378 1720 2524 1771 venit
2573 1721 2887 1786 manifeste,
2933 1726 3044 1779 sive
3089 1732 3299 1793 quando
3332 1744 3459 1787 caro

249 1821 471 1886 ἐλθὼν,
499 1823 560 1874 οὐ
591 1821 1085 1891 παρασιωπήσεται,
1112 1818 1243 1871 ἀλλὰ
1268 1818 1358 1871 τοῦ
1389 1818 1589 1888 κόσμου
1622 1817 1826 1884 ἐλέγξει

249 1912 364 1981 τὴν
412 1911 713 1980 ἁμαρτίαν,
762 1911 926 1979 ἤγουν
972 1909 1068 1980 τὴν
1111 1908 1356 1978 βούλησιν
1409 1906 1691 1974 ἀναγγελεῖ
1733 1905 1823 1959 τοῦ

249 2001 515 2073 Πατρός.
550 2000 804 2054 Καλείται
827 1999 932 2069 γάρ
969 2019 988 2051 ι
1024 2000 1258 2069 μεγάλης
1288 1998 1480 2066 βουλῆς
1523 1997 1763 2064 ἄγγελος.
1801 2014 1818 2047 ι

247 2091 333 2144 Τὸ
361 2091 430 2143 δὲ
462 2089 579 2159 τιῦρ
604 2089 664 2141 τὸ
697 2089 809 2157 φῶς
848 2089 1097 2159 σημαίνει
1153 2088 1211 2141 τὸ
1255 2087 1313 2150 ἐξ
1348 2086 1529 2140 αὐτοῦ’
1572 2086 1670 2154 τῆς
1717 2085 1824 2156 γὰρ

247 2181 535 2250 γνώσεως
572 2179 666 2232 τοῦ
712 2178 942 2249 Χριστοῦ
1008 2178 1067 2231 τὸ
1103 2178 1189 2231 διὰ
1234 2176 1458 2238 πίστεως
1490 2175 1673 2244 νοητὸν
1710 2176 1824 2243 φῶς

247 2272 513 2343 ἡγεῖται.
547 2269 776 2339 Νοήσεις
805 2268 861 2320 δὲ
885 2268 977 2320 καὶ
998 2266 1155 2320 οὕτωσ
1194 2266 1281 2319 Ἐν
1309 2264 1521 2334 ἐξουσίᾳ
1544 2265 1637 2317 καὶ
1667 2265 1822 2318 δυνά-

253 2379 354 2433 μει
382 2360 650 2427 θεότητος
683 2356 783 2419 ὢν,
812 2357 1010 2425 καίπερ
1032 2353 1262 2423 γεγονὼς
1281 2356 1337 2407 ὲν
1368 2353 1546 2423 σαρκὶ,
1577 2351 1820 2423 καθάπερ

247 2468 305 2504 τι
344 2448 478 2519 πῦρ
513 2449 607 2499 καί⁵
651 2447 900 2513 καταιγὶς
932 2444 1227 2515 προσέϐαλε
1270 2444 1383 2506 τοῖς
1433 2441 1820 2513 ἀντικειμένοις

249 2538 412 2609 αὐτῷ
446 2534 685 2605 διαϐόλῳ
706 2535 799 2587 καὶ
814 2533 1076 2603 δαίμοσιν.

337 2715 398 2767 '0
444 2712 595 2779 Θεὸς
629 2708 901 2780 ἐμφανῶς
944 2707 1094 2777 ἣξει,
1133 2709 1167 2761 ὁ
1223 2706 1369 2772 Θεὸς
1405 2703 1589 2775 ἡμῶν,
1627 2705 1722 2759 καὶ
1749 2704 1819 2758 οὐ

246 2801 821 2872 παρασιωπήσεται,
851 2817 904 2852 κ.
929 2816 980 2852 τ.
1008 2799 1052 2850 ὲ.
1097 2798 1154 2849 '0
1186 2796 1313 2860 Θεὸς
1344 2796 1495 2867 ήμῶν
1521 2793 1626 2864 ι96)
1648 2797 1819 2864 ἐμφαι-

1924 1801 2097 1856 factus‘
2140 1802 2256 1855 fuit.
2308 1802 2457 1855 Tunc
2505 1805 2645 1857 enim
2674 1822 2793 1860 cum
2843 1812 3180 1877 aspectabilis
3212 1818 3452 1886 venerit,

1925 1904 2025 1943 non
2064 1890 2239 1944 silebit
2261 1932 2278 1955 ,
2313 1893 2404 1945 sed
2434 1894 2611 1945 mundi
2647 1907 2921 1962 peccatmn
2953 1911 3180 1967 arguet,
3207 1904 3320 1958 sive
3357 1922 3444 1961 vo-

1924 1977 2179 2032 luntatem
2209 1982 2381 2034 Patris
2406 1984 2764 2038 annuntiabit.
2802 1986 3030 2040 Vocatur
3049 1991 3187 2043 enim
3225 2010 3244 2042 ι
3276 1996 3454 2063 magni

1923 2069 2134 2122 consilii
2183 2071 2423 2138 angelus.
2461 2092 2479 2124 ›
2519 2074 2656 2142 Ignis
2686 2087 2810 2127 vero
2842 2077 3110 2144 significat
3143 2084 3310 2136 lucem
3337 2099 3456 2154 qua:

1923 2170 1986 2209 es
2023 2157 2136 2225 ipso
2180 2169 2289 2211 est:
2326 2161 2564 2213 notitiam
2606 2162 2745 2215 enim
2789 2164 2989 2218 Christi
3040 2168 3295 2236 spiritalis
3331 2174 3453 2229 fidei

1922 2243 2011 2296 lux
2042 2246 2316 2312 praecedit.
2350 2247 2650 2312 Quinetiam
2678 2250 2777 2303 hoc
2808 2253 2962 2305 modo
2995 2254 3257 2323 intelliges
3284 2275 3297 2311 :
3320 2260 3475 2316 Cum-

1919 2331 1973 2387 in
2019 2342 2282 2401 potestate
2326 2350 2389 2390 ac
2421 2339 2612 2392 virtute
2640 2339 2931 2396 divinitatis
2961 2346 3262 2412 exsisteret,
3288 2351 3470 2404 etiam

1920 2422 1974 2476 in
2003 2438 2161 2478 carne
2206 2434 2360 2480 natus
2384 2465 2400 2491 ,
2437 2428 2603 2482 instar
2652 2429 2787 2497 ignis
2824 2445 2888 2484 ac
2916 2438 3245 2502 tempestatis
3276 2439 3455 2509 cujus-

1922 2510 2042 2564 dam
2089 2511 2245 2565 irruit
2289 2513 2341 2566 in
2374 2514 2705 2570 adversarios
2764 2532 2911 2584 suos,
2947 2522 3215 2577 diabolum
3253 2541 3317 2581 ac
3346 2527 3453 2582 da:-

1921 2614 2130 2654 ωοηειε.

1986 2687 2145 2743 Vens.
2180 2689 2233 2743 3.
2292 2689 2428 2744 Deus
2456 2692 2729 2762 manifeste
2776 2699 2935 2751 veniet
2956 2737 2972 2762 ,
3013 2699 3149 2754 Deus
3175 2712 3366 2769 noster,
3400 2715 3451 2759 et

1917 2792 2019 2830 non
2043 2778 2229 2840 silebit,
2258 2789 2359 2833 etc.
2395 2780 2531 2834 Deus
2562 2791 2743 2836 noster
2770 2787 3048 2841 manifeste
3078 2790 3275 2846 veniet.
3309 2793 3446 2850 Deus

247 2865 363 2954 νῶς
394 2890 547 2961 ἥξει·
571 2888 702 2950 Θεὸς
731 2887 787 2939 δὲ
814 2884 966 2956 ἡμῶν
989 2887 1016 2936 ὸ
1040 2883 1267 2954 Χριστός
1304 2865 1436 2935 ἐστι·
1470 2882 1696 2952 Χριστὸς
1721 2884 1815 2952 ἐμ·-

1920 2874 2099 2919 noster
2133 2865 2375 2922 Christus
2405 2877 2506 2922 est.
2532 2869 2772 2924 Christus
2804 2875 3082 2930 manifeste
3113 2879 3308 2934 veniet.

248 2980 455 3050 φανῶς
482 2977 624 3046 ἥξει·

328 3068 457 3123 Τοῦ
489 3062 696 3118 αὐτοῦ.
728 3060 957 3132 Χριστὸς
1002 3057 1254 3128 ἐλήλυθεν
1289 3058 1397 3125 (97)
1436 3059 1493 3109 ὲν
1535 3056 1712 3126 σαρκί.
1744 3057 1817 3109 Τὸ

252 3174 277 3209 s
307 3152 585 3226 ἐμφανῶς
611 3170 630 3203 ι
664 3152 769 3221 ἄρα
793 3153 888 3221 τὴν
916 3148 1089 3220 σάρκα
1114 3148 1278 3218 δηλοῖ·
1309 3143 1532 3216 αἰσθητὴ
1558 3145 1663 3215 γὰρ
1689 3141 1754 3214 ἦν
1780 3147 1812 3215 ή

249 3247 396 3316 σὰρξ
429 3243 532 3297 τοῦ
563 3239 820 3312 Χριστοῦ.

320 3330 824 3406 Προσκαλέσεται
849 3327 954 3380 τὸν
979 3324 1233 3393 οὐρανὸν
1258 3324 1398 3384 ἄνω,
1421 3339 1475 3375 κ.
1501 3339 1552 3406 τ.
1583 3322 1629 3374 ὲ.
1666 3319 1816 3406 Ἐπεὶ

247 3426 309 3480 ὲν
336 3402 756 3491 Ᾰευτερονομίῳ
789 3413 896 3483 (98)
928 3411 1166 3471 δοθέντος
1209 3407 1297 3461 τοῦ
1335 3407 1495 3476 νόμου
1525 3402 1810 3473 διεμαρτύ-

251 3531 389 3588 ρατο
404 3506 657 3577 Μωῦσῆς
674 3505 762 3558 τὸν
789 3499 1008 3588 οὐρανὸν
1038 3499 1129 3551 καὶ
1152 3492 1611 3588 τὴν-γῇνζὸμοίιος
1641 3492 1704 3588 δὲ.
1721 3492 1815 3588 καὶ

244 3580 570 3675 άρχόμενος
601 3594 707 3663 τῆς
743 3591 882 3661 ᾠδῆς
918 3586 1135 3675 τούτους
1177 3583 1347 3675 καλεῖο
1388 3582 1469 3633 ἔτι
1521 3580 1590 3675 δὲ-
1625 3580 1716 3631 καὶ
1754 3580 1813 3675 ὲν

255 3666 478 3759 ﬁt;th
507 3680 1033 3756 παραλαμϐάνονται·
1054 3674 1142 3728 διὰ
1165 3672 1337 3735 τοῦτο,
1370 3669 1681 3740 κρινομένου
1719 3666 1808 3720 τοῦ

243 3782 409 3843 λαοῦ,
466 3773 889 3848 προσκαλέσεται
943 3766 1031 3819 τὸν
1087 3762 1307 3833 οὐρανὸν
1359 3760 1452 3848 καὶ.
1491 3760 1588 3848 τὴν
1622 3759 1738 3848 -γῆν
1781 3759 1809 3810 ὀ

243 3872 408 3933 Θεὸς.
442 3845 562 3920 Νῦν
584 3864 642 3915 δὲ
661 3861 722 3913 τὸ
761 3878 779 3910 ι
816 3857 1079 3925 διακρῖναι
1116 3871 1134 3902 ι
1164 3851 1304 3917 λέγει
1346 3847 1462 3901 ἀντὶ
1484 3845 1577 3933 τοῦ
1615 3846 1807 3933 Sta.qu-

248 3930 407 4029 ρίσαι
440 3953 572 4012 τοὺς
597 3946 756 4007 ἰδίους
783 3940 968 4002 αὐτοῦ,
999 3939 1154 3999 ὄντας
1193 3935 1318 3987 λαὸν
1347 3932 1530 3995 αὐτοῦ,
1565 3931 1670 3983 ἀπὸ
1698 3930 1806 3982 τῶν

243 4020 559 4115 άλλοτρίων
591 4034 749 4091 αὐτοῦ
780 4033 886 4086 τῶν
915 4026 1313 4097 συννεμομένων
1345 4025 1454 4084 τοῖς
1499 4021 1677 4074 αὐτοῦ’
1723 4020 1809 4073 ἵνα

243 4136 327 4205 τῷ
380 4109 487 4204 μὲν
535 4123 748 4198 οὐρανῷ
786 4119 964 4188 ἀποδῷ
1011 4116 1132 4177 τοὺς
1182 4112 1363 4205 ίδίουςῖ
1399 4110 1557 4205 τῇρδὲ
1587 4112 1657 4205 γῇ
1685 4109 1808 4205 τοὺς

1986 3030 2142 3100 722
2170 3031 2440 3102 Ejusdem.
2480 3033 2720 3088 Christus
2748 3039 2893 3091 venit
2916 3039 2969 3092 in
2997 3054 3179 3095 carne.
3214 3042 3354 3110 Ergo
3381 3044 3450 3097 il-

1917 3120 2026 3185 Iud,
2060 3139 2079 3171 ι
2114 3123 2412 3188 manifeste,
2438 3140 2457 3174 ι
2490 3136 2703 3177 carnem
2735 3127 2999 3194 signilicat
3024 3147 3036 3183 :
3065 3146 3187 3186 nam
3210 3134 3308 3189 sub
3335 3149 3451 3190 sen-

1915 3226 2033 3265 sum
2067 3214 2293 3267 cadebat
2320 3228 2445 3268 caro
2468 3213 2690 3268 Christi.

1982 3299 2144 3354 Vens.
2167 3302 2221 3357 4.
2243 3303 2523 3356 Advocabit
2545 3305 2722 3358 coelum
2747 3308 3039 3375 desursum,
3055 3320 3158 3363 etc.
3186 3309 3443 3375 Quoniam

1916 3389 1969 3443 in
2001 3390 2406 3445 Deuteronomio
2441 3408 2564 3446 cum
2596 3393 2683 3446 lex
2727 3396 2970 3462 daretur,
3007 3397 3320 3454 testificatus
3361 3410 3447 3455 est

1913 3477 2118 3551 Moyses
2141 3479 2330 3532 coelum
2365 3491 2417 3534 et
2449 3490 2666 3546 terram,
2703 3484 2950 3537 similiter
2982 3495 3034 3537 et
3065 3488 3330 3542 canticum
3358 3489 3445 3543 in-

1914 3565 2114 3619 choans
2157 3568 2369 3619 eosdem
2424 3577 2589 3622 teStes
2622 3570 2882 3631 advocat,
2929 3577 3088 3636 atque
3130 3570 3343 3639 insuper
3390 3573 3445 3626 itt

1912 3654 2046 3709 Isaia
2071 3655 2426 3723 adhibentur;
2461 3657 2659 3712 idcirco
2686 3659 2845 3712 etiam
2878 3657 3015 3713 Deus
3043 3674 3164 3714 cum
3195 3662 3444 3730 populum

1913 3758 2068 3811 suum
2094 3744 2435 3812 iudicaturus
2460 3755 2564 3810 est,
2598 3747 2791 3801 caelum
2827 3759 2879 3801 et
2914 3758 3108 3802 terram
3141 3751 3441 3806 advocabit.

1910 3832 2062 3886 Nunc
2092 3845 2264 3887 autem
2296 3852 2316 3885 ι
2350 3835 2653 3890 discernere
2682 3853 2701 3886 ι
2733 3837 2859 3889 dicit
2887 3852 2982 3904 pro
3010 3851 3293 3910 segregare
3320 3856 3445 3908 pro-

1911 3922 2055 3990 prios
2079 3937 2204 3976 suos
2227 3962 2242 3987 ,
2278 3924 2365 3991 qui
2414 3933 2539 3978 sunt
2568 3925 2790 3993 populus
2815 3924 2930 3991 eius
2951 3963 2968 3990 ,
2999 3928 3066 3981 ab
3097 3928 3318 3993 alienis,
3349 3931 3442 3998 qui

1913 4024 2016 4062 una
2046 4026 2166 4064 cum
2207 4013 2435 4081 propriis
2464 4013 2579 4082 ejus
2609 4015 2742 4084 pasti
2775 4014 2953 4079 fuere;
2981 4025 3037 4068 ut
3063 4018 3198 4070 cwlo
3233 4020 3441 4086 quidem

1910 4099 2094 4155 reddat
2117 4102 2359 4168 proprios
2383 4118 2527 4169 suos,
2557 4112 2714 4159 terra:
2744 4119 2873 4160 vero
2907 4108 3127 4160 alienos.
3161 4105 3253 4161 Vel
3281 4107 3443 4161 advo-

244 4187 1157 4292 άίλοῖῐρίουςολιιῇροσκαλέσεται
1199 4201 1404 4292 τοὺςγξν
1436 4199 1677 4292 οῦρανιοϊς
1712 4197 1809 4264 ἀγ-

1919 4187 2052 4242 eabit
2079 4189 2293 4257 angelos
2323 4192 2409 4258 qui
2448 4192 2499 4245 in
2535 4194 2685 4247 caelis
2710 4203 2867 4258 sunt,
2910 4205 2965 4250 et
2995 4196 3191 4251 electos
3218 4198 3269 4250 in
3300 4208 3457 4253 terra

241 4284 474 4373 τέλους,
508 4303 606 4357 καὶ⁴
638 4300 762 4361 τοὺς
794 4292 1189 4361 ἐξειλεγμένους
1216 4291 1273 4340 ὲν
1299 4289 1367 4357 γῇ
1412 4284 1545 4356 πρὸς
1583 4286 1809 4337 ἀποστο-

246 4399 376 4470 λὴν,
411 4396 562 4448 ὥστε
582 4391 673 4443 τὸν
697 4384 857 4442 αὐτοῦ
880 4383 1005 4436 λαὸν
1037 4380 1334 4471 διακρῖναι..
1361 4377 1434 4471 0i
1449 4373 1555 4444 γὰρ

247 4460 527 4546 λοιντοὺς
576 4479 672 4551 μὲν
716 4472 1060 4541 πειθομένους
1109 4462 1491 4538 προσεκόμιζον
1538 4461 1613 4530 τῷ
1663 4460 1800 4527 Θεῷ,

243 4579 376 4640 τοῦ..
400 4576 462 4628 δὲ
497 4571 573 4642 μὴ
601 4566 867 4626 τοιούτους
889 4562 1110 4631 ἠφίεσαν
1140 4556 1214 4625 τῷ
1244 4553 1468 4621 Σατανᾷ.
1547 4637 1573 4650 ~
1742 4634 1754 4654 ‘

319 4659 705 4731 Συναγάγετε
746 4651 903 4716 αὐτῷ
948 4650 1084 4713 τοὺς
1127 4646 1331 4709 ὁσίους
1374 4642 1597 4731 αὐτοῦ,
1666 4642 1805 4731 τοὺς

244 4725 702 4817 διατιθεμθους
749 4742 862 4807 τὴν
892 4738 1181 4804 Διαθήκην
1219 4730 1397 4786 αὑτοῦ
1427 4726 1524 4817 ἐπὶ
1550 4725 1800 4817 θυσίαις.

244 4840 364 4895 Καὶ
404 4812 849 4903 deumdeum)“
894 4829 946 4879 οί
985 4822 1220 4891 οὐρανοὶ
1267 4818 1379 4886 τὴν
1421 4812 1809 4903 δικαιοσὸνην

244 4927 470 4989 αὑτοῦ,
650 4919 792 4982 Θεὸς
837 4914 1035 4982 κριτής
1069 4914 1227 4973 ἐστι,
1263 4925 1316 4962 κ.
1349 4924 1399 4959 τ.
1433 4903 1477 4957 ὲ.
1536 4904 1607 4955 Ἢ
1642 4901 1805 4969 οὐρα-

247 5021 333 5074 νοὶ
354 5017 471 5085 (99)
487 5016 536 5066 oi
556 5032 575 5063 ‹
596 5011 695 5081 τὴν
717 5006 895 5060 εἰκόνα
922 5022 940 5055 ι
960 5001 1242 5071 φοροῦντες
1260 5017 1278 5050 ι
1298 4996 1389 5050 τοῦ
1419 4992 1755 5064 ἐπουρανίου.
1781 5009 1800 5041 ι

321 5181 373 5215 ’³
416 5178 555 5232 Luc.
590 5187 690 5237 χιι,
714 5168 801 5223 49.
875 5166 922 5199 ³⁸
946 5168 1076 5222 Dan.
1108 5181 1201 5231 vn,
1228 5165 1315 5220 i0.
1386 5164 1430 5197 ”
1458 5162 1478 5217 l
1502 5161 1626 5216 Cor.
1660 5172 1747 5224 xv,
1776 5156 1863 5212 49.

324 5336 446 5405 (θις)
477 5322 1021 5405 ῌΖπςριεὺζερέπειατ
1038 5332 1147 5405 νοις..
1174 5321 1384 5405 pallenti
1400 5318 1620 5405 Catena.

349 5385 445 5455 ἕως
490 5401 541 5449 γ)
578 5385 722 5456 θῐςιις
760 5385 941 5456 ἡμῶν,
970 5400 1070 5441 etc.
1101 5389 1320 5442 Scheda:
1345 5385 1551 5456 Grauia,

349 5411 445 5455 ίιϋι
490 5411 541 5449 ⁷1)
578 5411 722 5456 δεος
760 5411 941 5456 mitur,
970 5411 1070 5441 etc.
1101 5411 1320 5442 acueth
1346 5411 1551 5440 unum.

322 5411 445 5542 ib?)
477 5462 733 5533 Χριστὸς
759 5456 1066 5520 ἐλήλυθεν,
1094 5467 1196 5508 etc.
1230 5455 1433 5508 Easdem
1466 5451 1690 5506 schedas.

580 5554 850 5609 ΡΑτιιοι..
894 5546 1007 5603 Gn.
1053 5547 1192 5605 XII.

1898 5398 1942 5437 1⁵1

1914 4280 1980 4332 ad
2013 4279 2383 4347 apostolatum,
2411 4289 2468 4333 ut
2493 4283 2742 4350 p0pulnm
2776 4294 2929 4338 suum
2959 4287 3271 4354 dijudicent.
3303 4289 3443 4355 Apo-

1910 4368 2028 4423 stoli
2058 4370 2199 4421 enim
2232 4370 2409 4423 ﬁdeles
2433 4372 2642 4437 quidem
2671 4373 2734 4424 ad
2762 4373 2925 4452 Deum
2959 4377 3320 4443 adduxerunt;
3350 4392 3443 4432 eos

1907 4470 2037 4509 vero
2085 4454 2177 4523 qui
2222 4471 2327 4510 non
2366 4467 2518 4511 erant
2552 4457 2951 4526 hujuscemodi,
2990 4462 3204 4517 Satanas
3241 4468 3440 4532 permi-

1903 4555 2102 4599 serunt.

1974 4630 2137 4684 Vens.
2171 4631 2225 4695 5,
2254 4631 2307 4688 6.
2339 4633 2653 4704 Congregale
2691 4635 2770 4688 illi
2817 4647 3020 4691 sanctos
3050 4639 3163 4707 ejus
3187 4677 3203 4703 ,
3237 4643 3325 4709 qui
3351 4656 3440 4694 or-

1907 4721 2086 4773 dinant
2116 4719 2489 4775 Testamentum
2518 4723 2631 4791 ejus
2657 4741 2811 4792 super
2842 4727 3117 4793 sacriﬁcia.
3145 4726 3213 4779 Et
3240 4744 3439 4780 annun-

1907 4809 2104 4860 tiabunt
2136 4809 2248 4862 caeli
2276 4809 2530 4876 iustitiam
2559 4812 2694 4880 ejus,
2718 4814 2960 4881 quoniam
2992 4814 3125 4867 Deus
3146 4815 3313 4881 judea:
3337 4823 3434 4877 est,

1907 4907 2012 4951 etc.
2058 4897 2148 4951 Vel
2175 4900 2294 4952 coeli
2330 4910 2456 4954 sunt
2483 4901 2537 4954 hi
2564 4901 2655 4970 qui
2685 4902 2861 4957 ferunt
2896 4920 2915 4953 ι
2950 4901 3234 4970 imaginem
3272 4903 3435 4955 caele-

1909 4989 2006 5042 stis
2024 4989 2089 5041 ”.
2117 5005 2136 5038 ι
2170 4987 2263 5042 Vel
2296 4989 2394 5044 hoc
2429 5000 2510 5044 est
2540 4991 2876 5045 manifestum
2903 5028 2919 5052 ,
2954 4989 3156 5042 Domini
3185 4989 3434 5055 pupulum

1929 5312 2082 5396 "(98)
2124 5311 2276 5364 Ἐπεὶ
2307 5310 2376 5362 ἐν
2404 5306 2842 5374 Δευτερονομίφ,
2868 5307 2974 5355 etc.
2999 5294 3205 5348 Catena
3241 5293 3442 5347 Corde.

1951 5400 2078 5519 Ι(99)
2107 5449 2173 5502 Ἦ
2198 5443 2453 5510 οὐρανοί,
2490 5451 2591 5494 ctc.
2626 5440 2821 5492 Eadem
2855 5434 3137 5574 Cattenaéﬁ
