3910 6226
316 408 451 462 1457
1307 410 1609 466 SELECTA
1638 409 1704 465 ιΝ
1737 410 2063 465 PSALMOS.
2099 440 2166 450 —
2204 409 2394 466 PSAL.
2430 410 2517 465 Ll.

854 523 1140 577 ΨΔΛΜΟΣ
1174 524 1301 578 NA'.

2486 523 2801 578 PSALMUS
2838 524 2922 578 LI.

382 612 444 666 Τί
471 610 735 681 ἐγκαυχᾷ
763 612 832 666 ἐν
860 615 1038 681 κακίᾳ
1067 617 1101 668 ό
1138 614 1389 681 δυνατὸς
1423 614 1690 685 ἀνομίαν,
1716 634 1770 669 κ.
1797 634 1849 670 τ.

2023 611 2181 666 Vens.
2214 613 2267 666 ὅ.
2298 612 2439 676 Quid
2467 614 2710 683 gloriaris
2740 615 2793 665 in
2822 613 3047 677 malitia,
3083 615 3171 682 qui
3214 623 3392 679 potens
3431 633 3485 671 es

305 700 353 754 ι.
393 719 413 751 ι
453 701 511 754 'U
539 692 1043 771 καυχώμενος’(18),
1088 704 1249 772 φησὶν
1297 705 1626 769 Ἀπόστολος,
1653 708 1711 759 ὲν
1741 708 1854 759 Κυ-

1953 702 2005 755 in
2035 702 2345 770 iniquitate?
2372 713 2476 756 etc.
2509 720 2527 753 ι
2563 700 2661 766 Qui
2699 700 2990 770 gloriatur,
3038 701 3204 770 inquit
3246 704 3476 771 Aposto-

308 788 408 860 ρίῳ
435 787 744 857 καυχάσθω.
786 806 806 839 ι

1954 791 2036 844 lus
2057 791 2122 854 ³⁷,
2151 792 2204 844 in
2234 790 2458 859 Domino
2491 790 2768 857 glorietur.
2804 808 2825 841 ι

3350 414 3370 466 1
3379 416 3499 470 658‘

379 876 490 929 Τοῦ
527 875 731 929 αὑτοῦ.
754 876 865 928 Οὐκ
891 871 1039 929 εἶπεν
1064 875 1169 948 (19)
1195 877 1361 948 ὄνομα
1393 879 1572 949 μέσον,
1594 880 1850 951 ἐμφαῖνον

305 964 365 1016 τὸ
395 962 615 1031 φαῦλον.
664 963 736 1015 Οὐ
783 961 888 1033 γὰρ
920 958 1057 1030 εἷπε,
1093 982 1111 1016 t
1154 965 1217 1017 Τί
1263 968 1462 1037 καυχᾷ;
1502 987 1521 1020 ι
1544 968 1696 1032 ἀλλὰ,
1731 989 1748 1020 ι
1787 970 1851 1023 Τί

307 1054 577 1121 ἐγκαυχᾷς
617 1072 636 1104 ι
662 1053 910 1106 οὐδέποτε
930 1053 985 1106 δὲ
1014 1055 1071 1106 ὲν
1088 1054 1273 1125 ἀγαθῷ
1291 1055 1499 1124 λέγεται
1524 1048 1585 1109 τδ
1608 1076 1626 1109 ‹
1657 1060 1852 1125 ἐγκαυ-

306 1141 522 1213 χᾶσθαι’
551 1159 570 1191 ι
597 1140 710 1193 ἀλλ’
728 1140 782 1193 εἴ
803 1160 884 1205 τις
912 1143 1229 1213 ἁμαρτάνει,
1261 1145 1603 1215 ὲγκαυχάται.
1623 1147 1849 1200 Δύναται

305 1231 361 1284 δὲ
387 1231 480 1284 καὶ
504 1229 640 1301 πρὸς
667 1231 758 1284 τὸν
783 1232 952 1285 Σαοὺλ
977 1235 1006 1286 6
1029 1234 1181 1301 λόγος
1206 1235 1472 1305 εἰρῆσθαι.

382 1319 491 1373 Τοῦ
520 1319 729 1373 αὑτοῦ.
752 1322 814 1373 Et
858 1320 970 1374 ἔστι
1008 1319 1227 1386 δυνατὸς
1254 1323 1360 1393 (20)
1390 1324 1447 1375 ὲν
1484 1324 1698 1394 ἀνομίᾳ,
1736 1325 1848 1380 ἔστι

306 1409 398 1463 καὶ
423 1408 682 1472 ἀδύνατος
703 1411 759 1461 ἐν
786 1410 999 1481 ἀνομίᾳ.
1038 1412 1144 1465 Καὶ
1171 1413 1199 1464 6
1231 1412 1327 1481 μὲν
1371 1412 1589 1476 δυνατὸς
1628 1415 1683 1466 ἐν
1730 1415 1849 1469 ἀνο-

308 1496 404 1566 μίᾳ
435 1496 694 1560 ἀδύνατος
717 1500 773 1550 ὲν
799 1498 1104 1572 δικαιοσύνῃ
1123 1517 1135 1530 ο
1162 1501 1191 1552 6
1217 1499 1272 1567 δὲ
1297 1500 1550 1564 ἀδύνατος
1577 1505 1633 1555 ὲν
1653 1502 1848 1573 ἀνομίᾳ

304 1586 520 1648 δυνατὸς
540 1590 602 1639 ὲν
623 1587 952 1658 δικαιοσύνῃ.

384 1675 495 1728 Τοῦ
527 1675 738 1729 αὐτοῦ.
776 1676 976 1728 Φαῦλον
1022 1675 1118 1746 μὲν
1161 1677 1268 1747 (21)
1312 1677 1373 1729 τὸ
1411 1696 1430 1729 t
1461 1659 1875 1748 ὲγκαυχᾶσθαιρ.

307 1765 463 1835 μέσον
477 1765 534 1818 δὲ
549 1766 616 1817 τὸ
641 1784 659 1816 t
685 1766 1003 1836 καυχᾶσθαι.
1028 1787 1047 1818 ι
1087 1768 1143 1819 '0
1167 1768 1263 1837 μὲν
1280 1769 1532 1832 ἀδύνατος
1552 1772 1643 1822 καὶ
1662 1771 1845 1832 ἄτονος

2021 880 2286 947 Ejusdem.
2313 878 2426 933 Non
2460 878 2591 933 dixit
2613 892 2802 932 nomen
2830 878 3042 947 aliquod
3073 882 3481 952 medium,quod

1953 970 2266 1036 pravitatem
2302 969 2556 1023 declaret.
2609 965 2722 1021 Non
2760 969 2903 1022 enim
2950 967 3117 1032 dixit,
3151 969 3215 1020 Ti
3261 973 3482 1041 καυχᾷ;

1952 1057 2140 1118 sed,Ti
2164 1058 2437 1127 ὲγκαυχᾷ;
2463 1071 2733 1123 nunquam
2778 1070 2904 1108 vero
2937 1056 2996 1108 τὸ
3034 1057 3394 1128 ὲγκαυχᾶσθαι
3429 1066 3481 1116 in

1952 1147 2144 1200 bonam
2181 1157 2388 1215 partem
2418 1144 2639 1208 dicitur,
2670 1143 2761 1198 sed
2791 1143 2836 1197 si
2883 1145 3007 1212 quis
3037 1157 3249 1213 peccat,
3288 1151 3485 1217 ὲγκαυ-
3524 1180 3617 1247 Γ

1950 1236 2127 1303 χᾶται.
2157 1235 2338 1290 Potest
2361 1237 2521 1291 etiam
2558 1237 2660 1292 hoc
2689 1246 2873 1291 contra
2905 1237 3030 1291 Sanl
3054 1239 3248 1292 dictum
3273 1254 3411 1292 esse.

2022 1321 2289 1390 Ejusdem.
2328 1322 2382 1377 Si
2418 1333 2605 1394 potens
2646 1334 2729 1379 est
2776 1326 2830 1379 in
2868 1326 3169 1396 iniquitate,
3211 1336 3293 1381 est
3319 1328 3478 1381 etiam

1951 1411 2212 1481 impotens
2239 1415 2290 1466 in
2323 1415 2624 1481 iniquitate.
2653 1413 2753 1480 Qui
2775 1423 2962 1481 potens
2986 1424 3069 1471 cst
3100 1416 3152 1470 in
3179 1417 3480 1484 iniquitate,

1952 1501 2210 1567 impotens
2242 1510 2324 1556 est
2358 1503 2409 1555 in
2429 1502 2671 1568 justitia;
2699 1507 2789 1574 qui
2814 1516 2991 1561 autem
3023 1509 3282 1576 impotens
3314 1516 3399 1561 est
3424 1507 3479 1561 in

1951 1587 2248 1656 iniquitate,
2279 1599 2465 1657 potens
2498 1600 2579 1645 cst
2602 1592 2652 1646 iu
2682 1594 2910 1661 justitiu.

2018 1674 2287 1744 Ejusdem.
2340 1679 2395 1733 In
2437 1682 2630 1734 malam
2680 1696 2882 1752 partem
2939 1686 3154 1751 ponitur
3211 1686 3480 1755 ὲγκαυχά-

1951 1762 2071 1817 σθαι
2090 1802 2105 1827 ,
2140 1767 2300 1835 726
2329 1769 2690 1826 indifferenter
2721 1784 2897 1826 autem
2933 1773 3132 1826 dicitur
3159 1774 3478 1843 καυχᾶσθαι.

306 1855 396 1907 καὶ
408 1853 583 1921 ὀλίγος
616 1855 674 1907 ἐν
691 1855 875 1924 κακίᾳ,
891 1855 1261 1919 πλεονάζοντος
1284 1856 1428 1927 αὐτῷ
1442 1857 1531 1909 τοῦ
1555 1857 1849 1928 κρείττονος

1953 1850 2047 1916 Qui
2081 1855 2253 1908 nullas
2291 1866 2382 1909 aut
2419 1856 2532 1912 fere
2563 1860 2734 1914 nullas
2767 1869 2819 1913 et
2860 1860 3079 1928 exiguas
3114 1861 3180 1914 ad
3219 1861 3479 1915 malitiam

306 1942 531 2012 τρόπου,
592 1940 669 2003 ὼς
719 1941 1094 2012 ἀσθενέστερος
1145 1945 1202 1997 ὲν
1263 1945 1447 2014 κακίᾳ,
1498 1944 1852 2015 ἐγκαλύψαιτο

307 2030 649 2099 ἁμαρτάνων,
686 2029 778 2081 καὶ
820 2030 921 2082 ὑπὸ
952 2031 1048 2100 τῆς
1090 2033 1435 2103 συνειδήσεως
1485 2034 1849 2108 κεντούμενος,

311 2120 687 2189 μετανοήσειεν
717 2120 810 2172 ἀν’
841 2122 868 2170 6
896 2119 950 2171 δὲ
982 2120 1197 2183 δυνατὸς
1217 2123 1272 2174 ὲν
1302 2123 1466 2193 κακίᾳ
1489 2124 1750 2191 τυφοῦται
1765 2125 1851 2177 ἐπ’

308 2208 460 2276 αὐτῇ,
490 2207 582 2259 καὶ
612 2208 962 2276 ὲγκαυχᾶται,
993 2209 1067 2272 ώς
1107 2210 1196 2262 ἐπὶ
1237 2209 1449 2279 μεγάλῳ
1480 2210 1853 2281 κατορθώματι

309 2295 716 2363 σεμνυνόμενος.
747 2296 833 2348 Ἐν
867 2296 1009 2366 πάσῃ
1054 2298 1109 2350 δὲ
1149 2297 1326 2368 ἡμέρᾳ
1361 2298 1730 2369 διδασκόμενός
1771 2316 1853 2362 τις

308 2381 393 2433 τὸν
417 2383 554 2447 θεῖον
576 2384 756 2451 λόγον,
773 2384 865 2437 ἐὰν
896 2386 1196 2458 ἁμαρτάνῃ,
1223 2387 1313 2439 καὶ
1328 2387 1589 2454 λογίζεται
1611 2388 1734 2457 ὅλην
1754 2389 1850 2457 τὴν

309 2471 533 2542 ἡμέραν.
566 2474 638 2524 Ἦ
666 2474 745 2538 τὸ,
771 2475 997 2544 ἡμέραν,
1026 2476 1322 2546 φανέρωσιν
1358 2476 1521 2547 δηλοῖ,
1553 2478 1585 2547 ἢ
1616 2478 1733 2531 ὅλον
1764 2479 1853 2531 τὸν

309 2560 507 2629 χρόνον,
530 2562 654 2615 καθ’
685 2562 742 2614 ὃν
774 2565 981 2632 ἀνομεῖ.
1354 2592 1359 2603 ι

377 2736 557 2803 Ὅλην
581 2734 700 2803 τὴν
723 2735 943 2803 ἡμέραν
962 2735 1192 2790 ἀδικίαν
1216 2736 1526 2805 ἐλογίσατο
1547 2739 1583 2803 ἡ
1608 2736 1854 2806 γλῶσσά

310 2836 446 2877 σου·
475 2826 615 2878 ὡσεὶ
653 2825 837 2891 ξυρὸν
861 2827 1230 2894 ἠκονημένον
1251 2829 1540 2893 ἐποίησας
1569 2826 1768 2890 δόλον,
1795 2845 1849 2882 κ.

308 2926 358 2963 τ.
382 2912 427 2964 ὲ.
452 2911 523 2963 Τὸ
552 2911 893 2980 λογιζόμενον
933 2911 1063 2983 (22),
1108 2913 1168 2964 τὸ
1189 2914 1522 2984 ἡγεμονικὸν,
1550 2913 1640 2965 καὶ
1662 2915 1694 2982 ἡ
1720 2929 1853 2983 καρ-

309 2999 410 3064 δία,
431 2999 527 3070 οὐχ
558 3003 591 3071 ἡ
623 3001 845 3069 γλῶσσα
890 3000 981 3052 τοῦ
1017 2999 1169 3069 Δωὴκ
1217 3001 1422 3054 ἀδικίαν
1462 3001 1755 3068 ἐλογίσατο.
1780 3001 1853 3053 Τὸ

309 3087 383 3154 δὲ,
400 3090 702 3157 ἐλογίσατο,
722 3091 878 3159 ἦτουν
900 3089 1110 3151 ἀδίκους
1128 3090 1434 3160 λογισμοὺς,
1451 3091 1571 3143 ἐπεὶ
1598 3109 1617 3141 ‹
1646 3092 1703 3142 ὲν
1731 3090 1851 3143 στό-

312 3192 435 3245 ματι
465 3176 665 3248 μωρῶν
687 3180 720 3245 ὴ
756 3176 948 3247 καρδία
982 3175 1177 3240 αὐτῶν,
1213 3196 1231 3227 ι
1261 3177 1346 3229 διὰ
1381 3177 1531 3230 τοῦτο
1568 3181 1601 3247 ὴ
1637 3178 1852 3246 γλῶσσα
1878 3162 1922 3222 C

307 3264 398 3317 τοῦ
421 3267 577 3338 Δωὴκ
600 3265 898 3334 ἐφθέγξατο
916 3282 929 3294 ο
952 3266 1011 3316 οὐ
1032 3265 1138 3335 γὰρ
1161 3265 1294 3335 αὑτὴ
1321 3267 1353 3335 ἡ
1380 3266 1712 3338 λογιζομένη,
1741 3266 1849 3321 ἀλλ’

309 3349 342 3418 ἡ
363 3352 468 3415 τοῖς
492 3352 773 3419 λογισμοῖς
803 3350 1289 3421 ὲξυπηρετουμένη.

392 3441 731 3510 Ἠγάπησας
762 3442 973 3494 κακίαν
1008 3441 1156 3510 ὑπὲρ
1191 3443 1595 3511 ἀγαθωσύνην,
1628 3460 1681 3495 κ.
1717 3460 1767 3496 τ.
1802 3444 1848 3495 ἑ.

307 3528 453 3581 Εἰσὶν
480 3531 528 3581 οί
562 3531 804 3599 ὡσπερεὶ
832 3530 939 3598 (25)
963 3529 1031 3582 τὰ
1052 3531 1262 3583 ἐναντία
1289 3531 1623 3599 ἀγαπῶντες·
1652 3531 1727 3600 τῷ
1751 3533 1853 3602 μή·

310 3634 433 3670 ποτε
468 3619 640 3689 πάντη
669 3619 980 3671 ἀνακεῖσθαι
1010 3620 1194 3689 ἀρετῇ,
1222 3621 1353 3690 μήτε
1377 3619 1471 3691 ὅλῃ
1508 3620 1670 3689 κακίᾳ
1695 3637 1854 3690 προσ-

311 3706 447 3776 έχειν
475 3708 685 3760 ἐθέλειν
703 3725 717 3738 ο
742 3708 941 3759 τούτων
971 3708 1021 3760 οί
1050 3707 1146 3777 μὲν
1173 3708 1481 3778 φαυλότεροι
1504 3709 1698 3780 κακίαν
1728 3709 1855 3779 μᾶλ-

310 3793 398 3848 λον
431 3798 717 3865 ἀγαπῶσιν
751 3796 783 3867 ἢ
812 3797 1007 3867 ἀρετήν
1025 3813 1038 3827 ·
1073 3798 1121 3850 οἱ
1145 3796 1495 3850 δὲάνάπαλιν.

391 3968 731 4040 Ἠγπάπησας
756 3968 948 4021 πάντα
990 3968 1223 4037 ῥήματα
1265 3969 1756 4036 καταποντισμοῦ,
1795 3986 1850 4022 κ.

311 4077 361 4113 τ.
405 4062 452 4113 ὲ.
510 4061 760 4130 Ῥήματα
801 4059 1229 4128 καταποντισμοῦ
1265 4059 1395 4129 (24),
1433 4059 1720 4112 διαϐάλλων
1764 4058 1853 4111 τὸν

315 4148 491 4210 nauta,
519 4148 802 4217 ἠγάπησεν
829 4148 857 4197 ὁ
883 4148 1060 4215 Δωήκ.

380 4239 481 4291 Διὰ
508 4239 682 4291 τοῦτο
709 4241 740 4290 ό
769 4237 907 4301 Θεὸς
936 4234 1167 4291 καθέλοι
1193 4252 1264 4289 σε
1298 4239 1382 4303 είς
1417 4237 1604 4303 τέλος,
1632 4238 1855 4292 ἐκτίλαι

315 4341 387 4379 σε
412 4326 508 4378 καί
549 4325 1020 4394 μεταναστεύσαι
1058 4341 1131 4378 σε
1163 4324 1278 4378 ἀπὸ
1318 4325 1717 4393 σκηνώματος,
1757 4326 1853 4379 καί

316 4415 380 4467 τὸ
403 4415 625 4483 ῥίζωμὰ
672 4430 786 4468 σου
815 4415 882 4466 ἐκ
915 4414 1023 4483 γῆς
1048 4414 1285 4476 ζώντων.
1318 4433 1371 4468 κ.
1401 4433 1450 4469 τ.
1480 4417 1525 4468 ὲ.
1572 4415 1627 4468 Ὀ
1667 4416 1853 4470 καθαι-

322 4505 424 4571 ρῶν
471 4507 582 4574 (25)
619 4505 688 4557 τὰ
735 4505 975 4574 μοχθηρά
1010 4506 1402 4574 οἰκοδομήματα
1440 4505 1569 4567 Θεὸς
1608 4507 1856 4578 καθαιρεῖ

317 4593 404 4645 τὸν
442 4594 621 4662 Δωὴκ,
671 4594 785 4661 ἦτοι
818 4592 893 4660 τῷ
939 4593 1067 4661 μηδὲ
1099 4593 1156 4644 τὸ
1199 4596 1368 4661 τοῖχον
1414 4592 1510 4661 τῆς
1559 4594 1855 4664 οἰκοδομίας

317 4680 476 4733 αὑτοῦ
514 4681 829 4734 καταλιπεῖν
861 4682 920 4732 τὸ
952 4684 1056 4733 πᾶν
1092 4683 1182 4733 καὶ
1217 4680 1274 4744 ἐξ
1309 4681 1440 4733 ὅλων
1472 4683 1854 4752 οἰκοδομεῖσθαι

319 4771 496 4834 κακῶς
531 4770 563 4839 ἢ
612 4771 735 4822 ἐπεὶ
781 4772 828 4822 οἱ
866 4772 1072 4839 χείρνυς
1113 4771 1402 4824 τελευταῖοι
1441 4773 1854 4843 οίκοδομοῦνται,

320 4858 569 4920 κάκιστος
600 4857 658 4910 δέ
686 4860 828 4910 ἐστιν
851 4859 880 4908 6
900 4858 1071 4927 Δωὴκ,
1100 4861 1260 4926 ἐγγὺς
1282 4859 1372 4911 τοῦ
1406 4859 1496 4911 τὸν
1523 4859 1742 4929 ἔσχατον
1768 4863 1859 4931 ἐχ-

321 4945 442 5015 θρὸν
466 4946 857 5015 καταργεῖσθαι
891 4947 978 4997 τὸν
1015 4947 1254 5011 θάνατον,
1286 4949 1375 5000 ἐπὶ
1404 4948 1480 5017 τῷ
1509 4949 1647 5001 τέλει
1674 4950 1860 5004 καθαι-

319 5032 620 5101 ρεθήσεται.
663 5033 730 5085 Εἰ
766 5033 824 5085 δὲ
855 5032 913 5085 τὺ
945 5032 1152 5101 ῥίζωμα
1186 5035 1474 5104 Ἰδουμαίου
1495 5036 1652 5107 Δωὴκ
1686 5040 1860 5093 ἐκτίλ-

315 5118 461 5174 λεται
484 5122 548 5174 ἐκ
570 5123 671 5192 γῆς
695 5123 933 5187 ζώντων,
955 5124 1065 5174 ἐκεῖ
1095 5122 1406 5189 πεφύτευτο.

386 5210 428 5241 ⁸⁷
450 5209 471 5261 l
493 5211 614 5263 Cor.
653 5226 692 5273 ι,
735 5212 823 5264 51.
898 5210 941 5240 ⁸⁸
965 5209 1125 5262 Eccli.
1161 5225 1275 5274 χχι,
1301 5211 1389 5264 29.

355 5301 492 5382 ’(18)
529 5303 590 5355 '0
627 5301 1037 5371 καυχώμενος,
1085 5312 1190 5355 ειε.
1237 5301 1415 5356 Codex
1442 5296 1646 5371 primus
1672 5301 1858 5357 Coisli-

319 5385 655 5503 nl?i3?0ﬁx
684 5435 875 5497 εἶπεν,
907 5444 1010 5488 etc.
1041 5435 1234 5488 Catena
1259 5435 1517 5490 Corderii.

395 5504 508 5584 (20)
549 5509 617 5558 Et
659 5506 787 5557 ἐστι
823 5503 1095 5566 δυνατός,
1144 5513 1249 5556 etc.
1290 5503 1468 5559 Codex
1506 5506 1861 5561 Coislinianus

328 5586 553 5640 primus.

393 5639 506 5710 (21)
532 5640 770 5694 Φαῦλον
789 5635 931 5704 μέν,
961 5645 1064 5688 etc.
1088 5636 1441 5694 Coisliniauus
1469 5643 1751 5697 secundus.

1884 4475 1933 4533 D

1950 1941 2094 1994 vires
2123 1942 2282 1996 habet
2316 1944 2385 1998 ob
2419 1947 2681 1999 bonorum
2714 1962 2920 2000 morum
2947 1948 3328 2016 prtcstantiam,
3367 1958 3483 2002 tan-

1950 2046 2103 2098 quam
2149 2035 2200 2086 in
2241 2034 2441 2087 malitia
2485 2035 2831 2096 imbecillior.
2866 2039 2909 2090 si
2944 2049 3148 2105 peccat,
3201 2039 3482 2093 abscondit

1951 2136 2028 2184 se,
2056 2131 2110 2176 et
2134 2123 2362 2177 stimulis
2387 2126 2726 2178 conscientiae
2752 2128 3008 2193 agitatus,
3058 2127 3349 2195 resipiscet.
3379 2127 3480 2193 Qui

1949 2222 2122 2264 autem
2146 2222 2332 2280 patens
2362 2221 2445 2267 est
2489 2214 2540 2267 in
2569 2214 2794 2276 malitia,
2837 2216 2888 2267 in
2939 2216 3051 2282 ipsa
3100 2216 3399 2270 obcaecatur
3429 2224 3483 2270 et

1949 2300 2224 2369 gloriatur,
2256 2316 2319 2355 ac
2356 2302 2506 2369 quasi
2542 2303 2608 2354 de
2650 2305 2908 2368 praeclaro
2950 2305 3189 2358 facinore
3230 2320 3350 2359 sese
3387 2319 3483 2358 ex-

1953 2389 2106 2442 tollit.
2138 2389 2237 2456 Qui
2274 2405 2400 2444 vero
2429 2399 2537 2445 tota
2575 2392 2661 2444 die
2699 2392 2860 2445 discit
2897 2394 3114 2447 verbum
3149 2394 3264 2458 Dei,
3304 2393 3390 2458 is,
3435 2394 3479 2449 si

1950 2487 2153 2544 peccat,
2174 2479 2333 2531 etiam
2367 2479 2561 2548 cogitat
2583 2490 2690 2534 tota
2718 2481 2821 2534 die.
2855 2481 2962 2535 Hoc
2992 2482 3109 2537 loco
3132 2482 3236 2535 diei
3269 2482 3483 2537 nomine

1951 2564 2030 2616 vel
2059 2565 2416 2620 manifestatio
2440 2568 2791 2637 signiﬁcatur,
2825 2569 2910 2622 vcl
2943 2582 3101 2622 omne
3135 2578 3362 2636 tempus,
3389 2583 3484 2636 per

1949 2654 2090 2722 quod
2131 2666 2335 2722 peccat.

2024 2743 2184 2797 Vens.
2211 2746 2263 2798 4.
2295 2744 2423 2798 Tota
2442 2747 2527 2800 die
2550 2747 2862 2816 injustitiam
2880 2748 3117 2814 cogitavit
3137 2746 3313 2813 lingua
3337 2756 3426 2798 tua
3461 2758 3480 2796 :

1948 2832 2079 2884 sicut
2110 2834 2359 2885 novacula
2394 2844 2545 2885 acuta
2580 2835 2747 2901 fecisti
2770 2833 2969 2898 dolum,
2998 2844 3099 2887 etc.
3130 2833 3483 2887 Ratiouabilis

1948 2928 2003 2974 et
2031 2922 2292 2989 prazcipua
2320 2922 2515 2974 mentis
2544 2936 2702 2989 pars,
2737 2903 2792 2975 et.
2817 2936 2931 2982 cor,
2986 2936 3089 2974 non
3130 2922 3306 2990 lingua
3340 2921 3483 2989 Doeg

1949 3008 2259 3077 injustitiam
2284 3010 2554 3078 cogitavit.
2581 3009 2728 3075 Quod
2753 3019 2930 3063 autem
2959 3010 3176 3074 dicitur,
3205 3008 3481 3079 cogitavit,

1950 3092 2051 3149 hoc
2090 3105 2195 3160 est,
2233 3097 2484 3164 quoniam
2530 3112 2551 3148 ι
2596 3096 2650 3148 in
2695 3109 2790 3149 ore
2824 3096 3111 3150 stultorum
3158 3111 3255 3150 cor
3295 3111 3480 3150 eorum

1952 3194 2033 3237 est
2057 3184 2122 3244 ³⁸.
2156 3202 2175 3235 ι
2205 3197 2479 3252 propterea
2515 3188 2688 3257 lingua
2724 3188 2867 3256 Doeg
2893 3186 3104 3252 iniquas
3132 3184 3483 3253 cogitationes

1952 3273 2158 3327 elocuta
2186 3282 2288 3327 est.
2318 3273 2430 3329 Non
2455 3277 2594 3330 enim
2627 3277 2737 3341 ipsa
2766 3276 3061 3344 cogitabat,
3088 3275 3179 3328 sed
3199 3273 3483 3341 cogitatio-

1953 3362 2111 3415 nibus
2134 3363 2494 3429 exprimendis
2513 3364 2859 3417 inscrviebat.

2022 3451 2182 3504 Vsus.
2219 3451 2273 3507 5.
2318 3452 2554 3505 Dilexisti
2596 3452 2852 3504 malitiam
2888 3466 3041 3518 super
3090 3449 3480 3519 benignitatem,

1952 3547 2057 3593 etc.
2089 3537 2225 3592 Sunt
2252 3539 2339 3606 qui
2356 3539 2747 3607 quodammodo
2766 3539 3035 3592 contraria
3058 3538 3317 3608 diligunt;
3340 3540 3484 3606 quod

1954 3644 2125 3696 neque
2186 3631 2405 3682 omnino
2455 3628 2635 3681 virtuti
2682 3628 3007 3689 adhaereant,
3050 3641 3224 3695 neque
3273 3626 3485 3695 penitus

1954 3715 2165 3769 malitiae
2180 3730 2235 3769 se
2246 3715 2489 3768 addicere
2500 3714 2686 3768 velint:
2703 3728 2927 3782 quorum
2941 3713 3152 3780 quidem
3168 3711 3479 3774 deteriores,

1955 3803 2213 3855 malitiam
2265 3803 2433 3871 magis
2467 3816 2627 3869 quam
2674 3806 2926 3855 virtutem
2954 3804 3172 3864 amant;
3219 3799 3309 3852 alii
3355 3812 3484 3853 vero

1955 3894 2274 3948 econtrttt'io.

2028 3981 2181 4033 Vens.
2206 3980 2257 4033 6.
2293 3979 2529 4033 Dilexisti
2553 3979 2723 4031 omnia
2746 3981 2898 4033 verba
2915 3977 3354 4047 prwcipitdtionis,
3377 3983 3483 4030 etc.

1955 4069 2128 4124 Verba
2146 4070 2578 4138 praecipitationis
2600 4070 2781 4123 dilexit
2805 4070 2968 4137 Doeg,
2991 4067 3206 4136 quando
3234 4065 3485 4120 Davidem

1959 4159 2212 4213 traduxit.

2028 4248 2189 4301 Vnus.
2228 4248 2281 4300 7.
2320 4246 2598 4315 Propterea
2635 4245 2777 4299 Deus
2816 4246 3045 4298 destruat
3101 4251 3150 4295 te
3192 4242 3248 4294 iu
3293 4241 3485 4309 ﬁnem,

1957 4337 2137 4390 eveUat
2168 4318 2235 4399 te,
2265 4346 2311 4388 et
2349 4339 2559 4404 emigret
2594 4345 2642 4388 te
2680 4335 2743 4385 de
2785 4330 3138 4393 tabernaculo,
3178 4340 3226 4383 et
3261 4328 3486 4381 radicem

1956 4434 2098 4476 tuam
2122 4426 2184 4478 de
2205 4433 2344 4477 terra
2373 4424 2669 4486 viventium,
2697 4432 2807 4476 etc.
2841 4420 2942 4485 Qui
2982 4418 3219 4487 improba
3259 4415 3487 4470 aedilicia

1959 4516 2180 4569 destruit
2208 4516 2366 4578 Deus,
2400 4515 2624 4567 destruit
2646 4515 2806 4581 Doeg,
2828 4510 2907 4565 vel
2935 4524 3053 4562 cum
3080 4522 3292 4562 murum
3320 4503 3491 4560 aedili-

1958 4600 2025 4655 cii
2043 4602 2157 4670 ejus
2174 4617 2382 4656 omnem
2401 4596 2531 4654 ct'ex
2553 4601 2758 4668 integro
2775 4614 2878 4652 non
2896 4597 3023 4652 sinit
3044 4593 3296 4649 aedificari
3316 4591 3488 4656 male;

1958 4692 2040 4747 vel
2069 4696 2318 4761 quoniam
2349 4692 2573 4759 improbi
2609 4680 3491 4752 ultimi2diilcantur,improbissi-

1961 4794 2079 4833 inus
2107 4789 2281 4831 autem
2305 4787 2387 4831 est
2422 4776 2584 4847 Docg,
2618 4777 2758 4831 haud
2780 4787 2938 4830 secus
2967 4786 3030 4826 ac
3056 4770 3274 4824 ultimus
3317 4763 3491 4819 inimi-

1964 4883 2059 4923 cus
2116 4870 2419 4921 destruetur
2459 4882 2624 4930 mors,
2671 4867 2723 4920 in
2763 4864 2869 4918 ilne
2911 4863 3234 4916 destruetur.
3275 4854 3333 4909 Si
3365 4865 3489 4905 vero

1964 4955 2112 5007 radix
2145 4954 2352 5007 Idumaei
2383 4951 2523 5022 Doeg
2543 4952 2784 5007 evellitur
2813 4952 2876 5004 de
2910 4956 3050 5001 terra
3082 4941 3388 5001 viventium,
3418 4934 3490 4990 ibi

1960 5041 2192 5110 plantuta
2214 5049 2348 5095 erat.

2028 5301 2137 5372 (22)
2165 5301 2232 5355 Τὸ
2268 5299 2658 5369 λογιζόμενον,
2688 5302 2791 5347 etc.
2821 5291 2980 5346 ldem.

2028 5391 2139 5461 (23)
2161 5388 2337 5442 Εἰσὶν
2363 5389 2416 5439 ot
2441 5384 2656 5448 ὥσπερ,
2680 5390 2785 5433 etc.
2819 5380 3022 5434 Catena
3054 5377 3319 5435 Corderii.

2029 5481 2141 5551 (24)
2156 5479 2409 5546 Ῥήματα
2432 5468 2925 5537 καταποντισμοῦ,
2940 5479 3043 5524 etc.
3060 5468 3256 5524 Eadem
3267 5467 3486 5523 Catena-

2030 5570 2137 5691 (2‘15)
2183 5569 2235 5619 Ὁ
2281 5562 2588 5632 καθαιρῶν,
2641 5570 2746 5615 etc.
2802 5559 2982 5616 Codex
3024 5556 3386 5649 Coislinianus
3408 5574 3481 5615 se

2034 5657 2063 5691 11
2107 5652 2185 5689 US.

1960 5652 2185 5693 cunnus.
