3910 6232
340 338 503 391 1-16!

1323 342 1627 397 SELECTA
1664 343 1727 397 IN
1766 343 2098 400 PSALMOS.
2135 376 2205 386 —
2239 345 2432 400 PSAL.
2473 345 2602 401 Llll.

3403 346 3545 404 14ϋὲ

345 473 490 521 ποις
522 458 645 512 ἔσθ’
687 459 774 512 ὅτε
805 460 1053 530 ἀρέσκειν
1075 500 1090 524 ,
1130 462 1470 533 καθηκόντως
1511 466 1638 518 αὐτὸ
1676 467 1907 536 ποιησει,

2016 466 2257 534 proponit
2302 466 2607 521 hominibus
2651 465 2919 520 interdum
2963 464 3191 534 placere,
3237 463 3359 533 jure
3411 465 3541 520 illud

342 548 459 600 καὶ
490 550 591 601 ούκ
622 548 1072 620 ἀνθρωπάρεσκος
1102 552 1267 605 ἔσται.
1311 554 1368 605 '0
1392 553 1519 620 γοῦν
1560 554 1763 617 Παῦλός
1806 572 1909 629 φη-

342 653 447 691 σιν
468 651 484 667 ·
513 658 531 687 ι
574 640 932 709 ’Λπρόσκοποι
953 641 1044 693 καὶ
1068 643 1336 705 Ἰουδαίοις
1357 643 1564 709 γίνεσθε
1582 645 1671 698 καὶ
1685 647 1748 714 τῇ
1789 647 1911 699 Ἐκ-

340 724 570 797 κλησίᾳ
596 727 689 780 τοῦ
716 728 849 780 Θεοῦ
866 769 880 791 ,
907 729 1085 791 καθὼς
1112 730 1266 797 κάγὼ
1293 732 1468 783 πάντα
1489 734 1647 784 πᾶσιν
1675 734 1908 803 ἀρέσκω,

341 814 435 885 μὴ
477 816 661 885 ζητῶν
681 815 742 868 τὸ
776 818 1009 886 ἐμαυτοῦ
1035 820 1302 889 συμφέρον
1326 859 1340 882 ,
1380 820 1512 873 ἀλλά
1552 822 1611 873 τὸ
1650 822 1754 874 τῶν
1796 824 1913 875 πολ-

336 902 467 955 λῶν
490 943 507 965 ,
530 905 617 956 ἵνα
669 905 927 959 σωθῶσιν.
964 926 982 958 ι
1038 907 1172 958 Ἀλλ’
1204 910 1255 961 εῐ
1287 926 1368 971 τις
1420 910 1724 979 προτίθεται
1764 910 1911 963 οὐδὲν

335 991 493 1044 ἄλλο
526 992 560 1063 ἢ
592 992 893 1063 ἀνθρώποις
932 996 1209 1066 ἀρέσκειν,
1237 996 1269 1066 ῆ
1317 996 1509 1066 μᾶλλον
1555 997 1908 1068 ἀνθρώποιςῆ

335 1077 519 1147 Θεῷ·
551 1080 647 1133 καὶ
701 1082 894 1151 ἐπίσης
939 1082 1236 1153 ἀνθρώποις
1286 1085 1377 1136 καὶ
1417 1084 1562 1152 Θεῷ,
1594 1084 1707 1137 δέον
1756 1085 1911 1153 μόνον

334 1168 482 1238 Θεῷ
506 1186 517 1197 ·
554 1170 697 1223 ὥστε
729 1170 795 1222 δι’
828 1173 1029 1225 ἐκεῖνον
1063 1171 1300 1239 γίνεσθαι
1344 1172 1436 1224 καὶ
1472 1173 1558 1235 τὸ,
1586 1172 1908 1242 ἀνθρὼποις’

337 1260 443 1312 ὅτε
475 1258 639 1311 τοῦτο
663 1264 831 1312 ποιεῖν
860 1263 1001 1329 αίρεῖ
1026 1260 1180 1327 λόγος
1201 1300 1214 1319 .
1245 1262 1442 1321 ἐκεῖνος
1465 1259 1560 1312 ἀνθ
1570 1261 1913 1331 ρωπάρεσκος

338 1347 543 1401 ἔσται.
581 1350 673 1400 Δεῖ
700 1350 754 1400 δὲ
784 1350 872 1400 ἐπί
904 1365 1060 1401 τινων
1089 1350 1456 1418 σκοπήσαντα,
1487 1349 1681 1418 ὄτιούχ
1720 1344 1826 1400 οἷόν
1854 1365 1912 1401 τε

337 1438 480 1490 τόδε
505 1455 560 1489 τι
593 1437 959 1509 διαπράξαντα
988 1439 1020 1508 ἢ
1051 1440 1268 1491 εἰπόντα
1287 1480 1301 1503 ,
1337 1440 1425 1492 καὶ
1446 1438 1561 1508 Θεῷ
1593 1441 1684 1494 καὶ
1711 1438 1913 1509 ἀνθρὼ-

2011 556 2190 622 faciet,
2220 571 2315 610 nec
2346 558 2585 610 humanae
2617 556 2799 623 gratia:
2828 565 3062 623 captator
3097 556 3217 608 erit.
3272 554 3538 620 Quamob-

2012 662 2122 700 rem
2150 646 2348 701 Paulus
2380 644 2510 699 dicit
2539 665 2552 701 :
2589 662 2608 695 ι
2648 644 2775 698 Sine
2821 645 3110 699 uliensaone
3160 654 3329 697 estote
3360 654 3413 697 et
3446 642 3539 696 Ju-

2011 734 2137 788 dzeis
2168 743 2220 786 et
2252 732 2500 787 Ecclesia:
2535 732 2627 786 Dei
2668 751 2680 785 :
2714 733 2854 786 sicut
2881 742 2935 786 et
2967 749 3066 801 ego
3102 747 3194 801 per
3221 733 3396 786 omnia
3425 747 3541 785 oni-

2010 822 2165 876 nibus
2190 823 2373 891 placeo
2393 861 2409 885 ,
2439 836 2543 875 non
2573 837 2816 889 quaarens
2841 823 2978 888 quod
3010 821 3133 874 mihi
3166 821 3291 875 utile
3315 830 3414 885 est,
3446 822 3541 874 sed

2010 911 2149 980 quod
2185 911 2381 975 multis,
2412 920 2469 964 ut
2495 911 2626 964 salvi
2683 910 2812 964 ﬁant
2849 910 2957 961 ".r
3010 909 3115 964 Sed
3155 911 3198 964 si
3246 912 3364 978 quis
3410 909 3540 963 nihil

2011 997 2153 1049 aliud
2178 998 2276 1050 sibi
2308 998 2593 1065 proponit,
2640 1012 2796 1065 quam
2848 996 3148 1050 hominibus
3182 996 3409 1064 placere,
3459 1013 3541 1051 vet

2012 1087 2178 1154 magis
2212 1087 2510 1141 hominibus
2540 1102 2698 1154 quam
2718 1086 2847 1148 Deo,
2872 1086 2949 1139 vel
2981 1100 3128 1153 aeque
3160 1085 3457 1139 hominibus
3480 1100 3543 1140 ac

2011 1176 2117 1229 Deo
2142 1175 2369 1241 placere,
2402 1190 2519 1227 cum
2550 1174 2644 1227 soli
2672 1174 2776 1227 Deo
2806 1174 3032 1241 placere,
3058 1189 3153 1227 uec
3190 1174 3288 1226 nisi
3331 1182 3544 1242 propter

2010 1263 2181 1332 ipsum
2199 1267 2482 1319 humanam
2509 1264 2732 1333 gratiam
2757 1258 3196 1333 captaredebeat,
3225 1266 3325 1319 iste
3354 1266 3546 1318 Imma-

2010 1368 2090 1407 ηαξ
2115 1354 2295 1421 gratia:
2316 1361 2552 1422 captator
2584 1355 2745 1423 728
2767 1357 2888 1408 erit.
2913 1353 3008 1420 Qui
3032 1365 3205 1408 autem
3244 1354 3546 1407 considera-

2009 1447 2147 1499 verit
2167 1447 2430 1501 interdum
2454 1446 2565 1501 fieri
2590 1462 2692 1500 non
2723 1461 2877 1514 posse
2907 1457 2963 1501 ut
2990 1447 3104 1501 haec
3129 1445 3211 1500 vel
3235 1446 3322 1499 illa
3342 1446 3544 1500 faciens

340 1543 487 1588 ποις
521 1528 748 1596 ἀρέσαι,
776 1530 1178 1597 καταφρονῆσαι
1220 1529 1314 1597 μὲν
1346 1529 1437 1580 τοῦ
1468 1529 1658 1599 ἀρέσαι
1686 1532 1795 1592 τοῖς
1822 1530 1913 1583 ἀν-

341 1615 611 1687 θρώποις
632 1658 645 1679 ,
674 1617 883 1669 ἑλέσθαι
906 1617 960 1668 δὲ
984 1617 1043 1668 τὸ
1073 1618 1261 1687 ἀρέσαι
1291 1617 1366 1687 τῷ
1398 1618 1534 1687 Θεῷ.

2016 1640 2070 1685 ut
2091 1631 2392 1686 hominibus
2416 1634 2623 1700 placere
2650 1634 2899 1703 negligat,
2922 1642 2974 1685 et
2998 1632 3156 1698 eligat
3185 1629 3291 1682 Deo
3313 1625 3541 1692 placere.

462 1706 569 1770 Τίς
616 1704 789 1757 δώσει
843 1706 910 1757 ἐκ
965 1705 1115 1757 Σιὼν
1167 1706 1274 1775 (53)
1339 1706 1402 1758 τὸ
1458 1706 1745 1774 σωτήριον
1808 1708 1911 1760 τοῦ

2082 1721 2240 1775 Vens.
2281 1723 2332 1774 7.
2374 1723 2504 1787 Quis
2527 1724 2666 1777 dabit
2689 1740 2754 1777 ea:
2789 1722 2918 1777 Sion
2938 1721 3172 1774 salutare
3199 1715 3362 1769 Israel
3385 1714 3409 1767 ?
3436 1722 3542 1765 etc.

351 1794 651 1861 'la'parix;
682 1812 735 1847 κ.
764 1812 812 1847 τ.
846 1797 891 1847 ἐ.
928 1813 945 1843 ι
987 1793 1144 1859 Ἥξει
1184 1796 1248 1847 ἐκ
1275 1795 1409 1849 Σιὼν
1446 1799 1474 1849 6
1513 1797 1797 1866 ῥυόμενος,
1824 1798 1914 1849 καὶ

2019 1829 2039 1862 ι
2064 1810 2255 1864 Veniet
2294 1826 2360 1866 ex
2401 1813 2528 1866 Sion
2561 1813 2805 1866 Salvator
2833 1820 2887 1864 et
2918 1816 3119 1862 avertet
3159 1805 3459 1874 impietates
3479 1800 3546 1853 ab

339 1883 702 1953 ἀποστρέψει
742 1883 991 1947 ἀσεϐείας
1035 1885 1141 1936 ἀπὸ
1180 1883 1384 1937 Ἰακώϐ.
1420 1904 1438 1936 ι
1487 1885 1641 1938 Ἀλλά
1675 1886 1767 1937 καὶ
1796 1888 1913 1947 ταῖς

2016 1896 2179 1951 Jacob
2206 1897 2270 1950 “.
2303 1918 2319 1950 ι
2364 1899 2501 1965 Quin
2543 1908 2596 1953 et
2634 1899 2685 1952 in
2724 1898 3085 1967 captivitatem
3129 1893 3331 1947 abactis
3366 1890 3544 1943 decem

338 1972 459 2043 ἤδη
483 1972 1036 2042 αίχμαλωτισθείσαις
1075 1974 1205 2026 δέκα
1237 1974 1427 2041 φυλαῖς
1461 1973 1620 2026 δώσει
1651 1974 1912 2043 σωτηρίαν

2018 1984 2259 2039 tribubus
2286 1987 2428 2040 dabit
2458 1986 2681 2040 salutem
2706 1994 2760 2038 et
2786 1986 3037 2040 reditum.
3091 1980 3193 2036 Sed
3241 1978 3361 2047 quis
3402 1976 3548 2030 dabit

339 2060 449 2113 καὶ
479 2059 767 2113 ἐπάνοδον.
815 2060 969 2113 Ἀλλὰ
1013 2062 1097 2123 τίς
1123 2060 1279 2113 δώσει
1306 2061 1397 2113 τὸν
1430 2060 1657 2131 Χριστὸν
1705 2061 1827 2113 ἰδεῖν
1855 2059 1914 2112 τὸ

2019 2074 2206 2130 videre
2230 2077 2500 2132 Christum
2533 2078 2792 2148 spiritalis
2817 2075 2981 2131 lsrael
3008 2074 3337 2130 Salvatorem
3358 2070 3387 2125 ἓ

336 2146 449 2200 τοῦ
478 2148 680 2218 νοητοῦ
715 2149 924 2223 Ἰσραὴλ
953 2150 1215 2220 σωτήριον
1244 2164 1262 2215 ;

2011 1551 2102 1595 aut
2116 1542 2314 1608 dicens,
2328 1544 2435 1599 Deo
2450 1545 2602 1601 simul
2620 1554 2670 1598 et
2686 1545 2985 1598 hominibus
3000 1543 3218 1610 placeat,
3240 1551 3453 1593 necesse
3464 1543 3545 1589 est

816 2326 858 2366 ο
926 2325 1215 2378 ΨΑΛΜΟΣ
1250 2324 1373 2379 NI".
1472 2330 1478 2337 ’

2536 2325 2846 2381 PSALMUS
2897 2324 3023 2378 Llll‘.

436 2416 510 2469 '0
547 2415 713 2482 Θεὸς,
737 2416 807 2469 ἐν
836 2414 913 2479 τῷ
942 2415 1179 2482 ὀνόματί
1200 2430 1313 2467 σου
1336 2414 1539 2467 σῶσόν
1567 2431 1642 2482 με
1660 2454 1674 2477 ,
1702 2432 1755 2467 κ.
1786 2432 1835 2466 τ.
1866 2416 1913 2468 ἐ.

2086 2418 2248 2473 Vens.
2283 2419 2337 2473 5.
2362 2418 2517 2483 Deus,
2546 2417 2597 2469 i‘n
2626 2417 2829 2469 nomine
2858 2425 2946 2468 tuo
2975 2415 3171 2469 salvum
3198 2430 3279 2469 me
3302 2416 3408 2481 fac,
3443 2422 3547 2469 etc.

345 2505 609 2576 Εὖχεται
817 2505 921 2567 ἕως
967 2504 1101 2565 τοῦ,
1169 2521 1187 2554 ι
1216 2503 1438 2557 ἐνώπιον
1481 2503 1677 2558 αὐτῶν.
1711 2522 1729 2553 ι
1787 2499 1914 2555 Εἶτα

2021 2507 2273 2560 Precatur
2309 2521 2477 2571 usque
2507 2506 2569 2558 ad
2610 2506 2694 2559 illa
2730 2503 2889 2557 verba
2923 2520 2936 2556 :
2978 2520 2996 2554 ι
3026 2504 3160 2556 Ante
3207 2511 3548 2569 conspectum

344 2593 730 2661 ἐνεστηκυίας
774 2590 920 2659 αὐτῷ
959 2590 1207 2661 βοηθείας
1247 2591 1590 2657 αἰσθόμενος,
1628 2591 1786 2642 οἱονεὶ
1810 2590 1914 2642 δεί-

2019 2610 2194 2649 suum.
2219 2613 2237 2645 ι
2293 2594 2490 2647 Deinde
2524 2593 2815 2646 adveniens
2857 2593 2956 2647 sibi
3000 2590 3252 2644 auxilium
3293 2589 3552 2650 sentiens,

341 2700 559 2739 κνυσιν
588 2684 753 2752 αὐτὴν
784 2684 839 2734 ἐν
871 2681 946 2751 τῷ
968 2697 981 2710 ·
1019 2700 1037 2732 ι
1077 2681 1203 2733 Ἰδοὺ
1226 2682 1253 2731 ὁ
1279 2681 1408 2742 Θεὸς
1431 2679 1611 2751 βοηθεῖ
1639 2698 1747 2749 μοι,
1781 2700 1799 2731 ι
1830 2681 1914 2732 καὶ

2020 2683 2407 2749 quodammodo
2473 2683 2704 2736 ostendit
2768 2680 2897 2735 illud
2967 2681 3051 2734 his
3102 2678 3328 2733 verbis:
3366 2696 3385 2729 ι
3417 2675 3555 2729 Ecce

342 2774 431 2844 τῷ
468 2773 606 2843 ἑξῆς
635 2772 727 2824 καὶ
752 2770 826 2840 τῷ
857 2770 973 2839 μετ’
1005 2770 1183 2821 αὐτόν.
1216 2763 1346 2821 Εἶτα
1374 2770 1497 2838 περί
1524 2786 1679 2823 τινων
1704 2768 1914 2839 εὔχεται

2018 2770 2155 2824 Deus
2175 2770 2390 2836 adjuvat
2417 2785 2519 2835 me,
2543 2788 2560 2820 ι
2582 2780 2635 2824 et
2660 2769 3004 2838 sequentibus
3026 2769 3229 2822 duobus
3256 2764 3549 2820 versiculis;

344 2861 753 2930 ἐντυγχάνειν,
806 2858 1260 2927 ἐπαγγελλόμενος
1315 2858 1552 2912 ἑκούσιον
1595 2859 1695 2927 ,ἐπὶ
1746 2858 1914 2929 τούτῳ

2018 2860 2209 2914 Postea
2237 2862 2477 2929 quaedam
2512 2870 2757 2928 precatur
2776 2859 2877 2913 sibi
2900 2857 3195 2925 obtingere,
3219 2870 3317 2924 pro
3346 2854 3553 2921 illisque

353 2951 590 3003 θυσίαν.
622 2946 733 3001 Εἶτ’
766 2949 1071 3018 εὐχαριστεῖ
1096 2947 1520 3011 ἅνταποδοτικῶς
1564 2946 1670 3001 τῶν
1700 2949 1914 3018 είρημέ-

2017 2951 2280 3020 promittit
2305 2951 2658 3005 voluntarium
2686 2951 3023 3005 sacrificium.
3054 2948 3291 3001 Tandem
3324 2959 3420 3014 pro
3445 2943 3553 2996 illis

346 3059 468 3096 νων
508 3041 571 3091 ἐν
608 3041 673 3109 τῇ
708 3038 836 3106 εὐχῇ
869 3037 958 3088 καὶ
992 3035 1224 3099 ἐντεύξει
1248 3050 1259 3063 ’
1296 3037 1386 3088 καὶ
1416 3036 1548 3103 πρὸς
1571 3036 1652 3098 τὸ,
1688 3054 1707 3086 ι
1738 3037 1824 3088 Ἐν
1849 3038 1914 3106 τῇ

2017 3053 2136 3109 qua:
2166 3042 2217 3095 in
2246 3042 2490 3095 oratione
2517 3050 2570 3094 ct
2593 3040 2965 3094 obsecratione
2991 3039 3128 3091 dicta
3150 3044 3293 3098 sunt,
3319 3043 3552 3088 mutuam

345 3131 599 3203 ἀληθείᾳ
648 3146 740 3182 σου
786 3128 1151 3199 ἐξολόθρευσον
1180 3128 1393 3189 αὐτοὺς,
1429 3146 1447 3177 ι
1483 3126 1914 3180 ἀνταποδίδωσιν

2020 3129 2311 3199 gratiarum
2356 3129 2619 3182 actionem
2675 3128 2941 3196 rependit,
3001 3134 3056 3178 et
3111 3125 3177 3177 ad
3241 3123 3414 3176 illud:
3448 3120 3549 3173 «In

354 3240 376 3274 ι
438 3222 539 3275 Ἐν
566 3221 677 3281 τοῖς
698 3217 907 3289 ἐχθροῖς
936 3234 1034 3286 μου
1056 3216 1260 3268 ἐπεῖδεν
1291 3217 1319 3269 6
1341 3216 1606 3285 ὀφθαλμός
1630 3233 1748 3286 μου.
1783 3235 1803 3268 ι

2016 3218 2241 3271 veritate
2269 3225 2359 3269 tua
2389 3216 2635 3284 disperde
2660 3216 2799 3278 illos,
2830 3234 2848 3266 ›
2894 3213 3109 3282 respicit
3141 3213 3324 3264 dicens
3351 3224 3365 3262 :
3399 3226 3420 3261 ι
3447 3207 3553 3263 Su-

2015 3318 2110 3376 per
2139 3305 2379 3358 inimicos
2400 3320 2548 3358 meos
2569 3305 2809 3372 despexit
2839 3302 3023 3357 oculus
3049 3316 3218 3353 meus.
3244 3318 3262 3350 ι

2087 3392 2249 3447 Vens.
2293 3392 2344 3445 6.
2388 3393 2519 3446 Ecce
2537 3394 2671 3446 enim
2691 3393 2827 3444 Deus
2855 3391 3065 3458 adjuvat
3097 3404 3175 3441 me
3193 3426 3208 3449 .
3236 3398 3338 3441 etc.
3371 3385 3544 3439 Exau-

2018 3482 2188 3535 ditum
2211 3497 2269 3536 se
2296 3497 2412 3536 esse
2444 3482 2625 3547 sentit,
2665 3489 2719 3533 et
2756 3481 2870 3534 hac
2900 3479 3029 3533 dicit
3070 3479 3121 3531 in
3153 3476 3330 3532 medio
3366 3490 3549 3531 eorum

2019 3571 2107 3638 qui
2132 3571 2239 3625 Deo
2264 3572 2531 3625 adhaerent
2567 3586 2581 3622 :
2608 3569 2663 3623 Si
2687 3570 2819 3623 adeo
2848 3568 3015 3623 fortes
3042 3585 3061 3618 ι
3085 3566 3405 3635 ιιιιωείετυηι
3431 3565 3551 3617 ani-

2020 3675 2160 3713 mam
2189 3674 2383 3724 meam,
2416 3673 2512 3711 nec
2537 3667 2929 3727 proposuerunt
2952 3654 3115 3709 Deum
3156 3663 3281 3708 ante
3324 3666 3522 3721 eonspe

2020 3758 2165 3802 ctum
2196 3764 2390 3813 suum,
2431 3748 2482 3801 iu
2515 3749 2737 3802 veritate
2762 3757 2850 3800 tua
2879 3745 3123 3815 disperde
3151 3744 3290 3797 illos.
3318 3760 3338 3795 ι
3388 3741 3553 3811 Adju-

2020 3846 2185 3892 torem
2209 3847 2384 3891 autem
2416 3839 2613 3892 habere
2642 3852 2701 3892 se
2740 3835 3023 3890 conﬁtetur
3060 3832 3285 3887 fortasse
3313 3831 3549 3892 Patrem,

2020 3937 2073 3979 et
2101 3925 2379 3979 Dominum
2437 3936 2800 3994 susceptorem
2855 3924 3046 3978 anima:
3104 3936 3253 3982 suae,
3296 3928 3355 3973 ut
3411 3920 3553 3973 dicat

2023 4013 2352 4080 Filium,‘qui
2390 4011 2523 4065 mala
2555 4019 2757 4066 avertet
2789 4010 3023 4064 inimicis
3052 4009 3203 4062 meis.
3234 4007 3363 4073 Qua:
3409 4005 3549 4058 enim

2021 4102 2159 4155 mala
2190 4101 2387 4167 inferre
2416 4102 2543 4155 mihi
2571 4100 2867 4163 voluerunt,
2916 4100 3028 4153 haec
3060 4097 3125 4150 ad
3159 4097 3279 4151 illos
3323 4104 3551 4157 avertet,

2023 4193 2130 4246 Deo
2175 4191 2246 4245 ita
2281 4191 2579 4261 judicante.
2632 4190 2768 4243 Huic
2825 4197 3088 4243 consonat
3117 4187 3291 4243 illud:
3325 4186 3551 4241 «Facite

445 3391 614 3448 Ἰδοὺ
639 3392 749 3460 γὰρ
788 3394 821 3444 ὁ
849 3392 990 3456 Θεὸς
1022 3390 1233 3457 ,βοηθεῖ
1255 3407 1390 3458 μοι,
1422 3409 1476 3445 κ.
1503 3408 1554 3444 τ.
1588 3393 1632 3443 ἐ.
1667 3392 1917 3444 Αίσθεται

349 3483 742 3544 εἰσακουσθεὶς
762 3482 870 3551 (55)
896 3483 985 3534 καὶ
1001 3481 1145 3549 λέγει
1177 3480 1343 3533 ταῦτα
1366 3480 1453 3533 διὰ
1481 3481 1642 3551 μέσου
1660 3480 1763 3532 τῶν
1787 3482 1918 3551 πρὸς

348 3576 498 3627 Θεὸν
523 3570 915 3638 συναφθέντωνο
936 3573 1030 3622 Ἂν
1044 3570 1212 3632 οὕτως
1226 3570 1471 3639 κραταιοὶ
1491 3589 1508 3619 ι
1538 3568 1802 3639 ἐζήτησαν
1824 3569 1918 3637 τὴν

347 3664 550 3733 ψυχήν
574 3677 695 3731 μου,
724 3660 815 3712 καὶ
834 3660 894 3711 ού
916 3658 1196 3728 προέθεντο
1216 3659 1300 3711 τὸν
1322 3659 1450 3710 Θεὸν
1469 3657 1690 3711 ἐνώπιον
1715 3660 1909 3725 αὐτῶν,

351 3756 418 3807 ἐν
441 3756 514 3823 τῇ
551 3750 776 3820 ἀληθείᾳ
805 3766 895 3801 σου
924 3747 1292 3820 ἐξολόθρευσον
1321 3748 1531 3810 αύτούς.
1571 3767 1588 3799 ι
1626 3747 1823 3817 Βοηθὸν
1862 3749 1918 3801 δὲ

352 3843 514 3912 ἔχειν
538 3838 786 3909 ὁμολογεῖ
813 3839 951 3907 τάχα
976 3837 1064 3890 τὸν
1095 3836 1309 3906 Πατέρα
1332 3838 1424 3889 καὶ
1440 3836 1636 3906 Κύριον
1668 3837 1921 3908 ἀντιλαμ-

355 3931 675 3999 ϐανόμενον
716 3928 812 3997 τῆς
853 3927 1026 3996 ψυχῆς
1066 3925 1225 3978 αὑτοῦ
1246 3965 1261 3989 ,
1291 3926 1376 3978 ἵνα
1409 3926 1536 3998 εἴπῃ
1562 3926 1649 3980 τὸν
1676 3926 1800 3978 Υίὸν
1819 3966 1833 3989 ,
1863 3926 1920 3988 ὃς

355 4018 710 4090 ἀποστρέψει
742 4018 808 4069 τὰ
830 4015 974 4069 κακὰ
1005 4018 1115 4078 τοῖς
1154 4015 1364 4085 ἐχθροῖς
1395 4032 1516 4084 μου.
1551 4018 1617 4067 Ἀ
1657 4016 1763 4085 γὰρ
1791 4016 1919 4069 and-

353 4129 488 4181 γειν
517 4126 608 4179 μοι
638 4107 979 4177 βεδούληνται
1014 4105 1321 4165 κακωτικᾰ,
1353 4104 1519 4157 ταῦτα
1563 4106 1695 4175 πρὸς
1730 4106 1921 4166 αὐτοὺς

356 4197 732 4267 ἀναστρέψει,
768 4195 906 4247 οὕτω
933 4192 1023 4245 τοῦ
1060 4191 1190 4243 Θεοῦ
1238 4193 1524 4261 κρίνοντος.
1573 4193 1755 4263 Τούτῳ
1800 4211 1921 4246 συνο

357 4290 489 4361 ᾴδει
522 4287 583 4340 τὸ
606 4325 621 4349 ,
654 4306 674 4337 ι
703 4286 967 4353 Ποιήσατε
1000 4279 1184 4349 αὐτὴν,
1214 4279 1270 4332 ὃν
1296 4280 1488 4350 τρόπον
1517 4283 1802 4352 ἐποιήσατε
1831 4284 1914 4335 τὸν

2023 4282 2187 4346 illam,
2213 4281 2655 4349 quemadmodum
2703 4278 2906 4334 fecistis
2953 4278 3234 4333 divitem.)
3307 4275 3371 4329 Et
3415 4276 3547 4339 haec,

359 4376 651 4432 πλούσιον.
683 4392 701 4425 ι
749 4373 858 4425 Καὶ
893 4370 1123 4430 τούτων,
1158 4370 1319 4437 φησὶ,
1370 4369 1783 4439 συμϐεϐηκότων
1826 4370 1914 4422 αύ-

2024 4373 2213 4439 inquit.
2238 4386 2359 4425 cum
2391 4372 2705 4433 acciderint,
2739 4377 3034 4438 spontanea
3069 4376 3243 4420 mente
3264 4367 3329 4419 ad
3356 4366 3555 4435 gratia-

358 4463 612 4535 θαιρέτῳ
664 4458 855 4530 γνώμῃ
902 4459 985 4510 ἐπ’
1024 4456 1366 4528 εὐχαριστίαν
1415 4456 1732 4527 ἐρχόμενος,
1773 4458 1914 4510 ἐκου-

2025 4475 2140 4515 rum
2172 4461 2435 4514 actionem
2467 4460 2685 4514 veniens
2708 4498 2724 4523 ,
2750 4457 3050 4512 voluntarie
3082 4456 3395 4512 sacrificabo
3435 4455 3551 4510 tibi.

361 4554 507 4614 σίως
541 4550 686 4602 θύσω
710 4565 811 4601 σοι.

455 4634 1004 4703 Ἐξομολογήσομαι
1038 4634 1118 4698 τῷ
1161 4633 1401 4701 ὀνόματι
1450 4644 1597 4697 σου,
1635 4636 1826 4703 Κύριε,
1861 4652 1913 4689 κ.

358 4746 417 4781 τ.
451 4729 501 4779 ἐ,
535 4725 854 4794 Εὐχαριστεῖ
894 4722 1022 4793 ('56),
1050 4722 1182 4791 πρὸς
1211 4721 1271 4773 τὸ
1306 4740 1324 4773 ι
1364 4720 1451 4774 Ἐν
1478 4721 1553 4792 τῷ
1580 4723 1796 4804 ὀνόματί
1827 4741 1917 4776 σου

365 4816 551 4872 σῶσόν
586 4832 673 4884 με,
711 4834 728 4863 ι
753 4812 1030 4875 ἀποδιδοὺς
1051 4812 1129 4875 τὸ,
1162 4832 1180 4863 ι
1216 4812 1790 4885 Ἐξομολογήσομαιτῷ
1809 4815 1919 4867 6V6-

366 4906 511 4978 ματί
542 4923 633 4958 σου
657 4943 669 4957 .
702 4924 720 4955 ι
756 4904 863 4956 Καὶ
893 4901 1028 4972 πρὸς
1055 4903 1144 4966 τὸ,
1178 4919 1197 4951 ι
1232 4902 1515 4973 Ἀλλότριοι
1556 4906 1919 4975 ἐπανέστησαν

361 5000 458 5052 ἐπ’
492 4995 613 5063 ἐμὲ,
652 5013 668 5042 ι
704 4993 783 5055 τὸ,
821 5010 838 5041 ι
871 4992 963 5043 Ἐκ
991 4993 1165 5063 πάσης
1194 4993 1419 5061 θλίψεως
1456 4993 1666 5063 ἐῤῥύσω
1701 5012 1786 5063 με,
1830 4995 1921 5047 καὶ

361 5089 429 5139 ἐν
451 5086 570 5145 τοῖς
591 5082 801 5152 ἐχθροῖς
832 5098 929 5148 μου
957 5082 1159 5134 ἐπεῖδεν
1185 5083 1213 5132 6
1241 5081 1512 5150 ὀφθαλμός
1545 5099 1662 5150 μου.
1696 5102 1712 5133 ι
1759 5085 1918 5151 Ἀγαο

362 5173 463 5225 θὸν
488 5170 550 5222 τὸ
575 5170 640 5222 τὰ
666 5170 804 5229 τέως
828 5168 899 5237 μὴ
926 5168 1172 5239 δρώμενα
1195 5170 1358 5238 ἐχθρὰ
1383 5170 1536 5237 ἡμῶν
1555 5212 1569 5232 ,
1592 5171 1655 5222 ἂν
1689 5172 1767 5223 ἔτι
1793 5172 1917 5224 λαν-

360 5263 639 5315 θάνωνται
664 5258 845 5325 ἡμᾶς,
880 5258 976 5325 ἤδη
1012 5258 1137 5310 ποτὲ
1170 5258 1502 5329 θεωρηθῆναι
1527 5299 1541 5322 ,
1580 5262 1711 5312 καθὸ
1752 5262 1919 5332 ἐχθρὰ

361 5359 511 5409 εστι.
554 5347 716 5399 Ποίου
744 5344 799 5395 δί
826 5344 1094 5414 ὀφθαλμοῦ
1115 5347 1206 5398 καὶ
1228 5345 1381 5397 τοῦτο
1410 5345 1563 5412 ἔργον
1598 5349 1740 5400 ἐστὶν
1765 5349 1798 5418 ἢ
1824 5349 1913 5402 τοῦ

446 5435 497 5466 ⁸³
545 5434 561 5484 Ι
615 5431 742 5482 Cor.
782 5445 836 5489 κ,
878 5431 966 5490 59.,
1007 5433 1095 5485 '53.
1171 5432 1215 5462 “
1261 5431 1413 5484 Rom.
1453 5448 1524 5492 si.
1559 5433 1647 5487 26.

436 5522 555 5590 (35)
588 5518 747 5590 Ἐξέβη
780 5516 846 5566 ἐκ
875 5517 1053 5590 ΣιώνΣ
1068 5531 1168 5590 εις.
1196 5519 1773 5590 (Σιιιίοξᾲοοίειὶηἰιιηιιε.

440 5584 557 5659 (δέ)
586 5584 860 5645 Εὐξεται,
887 5594 990 5642 etc.
1017 5586 1192 5640 Codex
1237 5588 1584 5646 Coislinianus
1625 5592 1907 5647 secundus.

2090 4635 2251 4691 Vens.
2290 4637 2343 4691 8.
2386 4635 2675 4703 Con/iubar
2724 4634 2928 4688 nomini
2982 4643 3102 4695 tuo,
3142 4633 3396 4697 Domine,
3448 4639 3551 4687 etc.

2020 4725 2320 4780 Gratiarum
2352 4728 2590 4780 actiones
2621 4725 2803 4790 refert,
2850 4724 2916 4777 ad
2971 4723 3121 4787 illud,
3182 4740 3200 4773 ι
3238 4721 3291 4775 In
3341 4721 3555 4776 nomine

2023 4827 2113 4871 tuo
2134 4817 2340 4871 salvum
2368 4831 2451 4871 me
2478 4816 2581 4881 fac,
2610 4834 2630 4867 ι
2660 4815 2960 4884 rependens
2990 4813 3128 4867 istud
3162 4832 3173 4867 :
3208 4831 3227 4863 ι
3246 4810 3555 4864 Contltebor

2023 4906 2223 4959 nomini
2260 4915 2386 4971 tuo;
2418 4923 2437 4957 ι
2474 4918 2528 4959 et
2560 4905 2625 4958 ad
2674 4903 2803 4958 illud
2827 4943 2843 4969 ,
2877 4920 2896 4953 ι
2926 4901 3099 4955 Alieni
3152 4901 3554 4954 insurrexerunt
3589 4922 3594 4927 -

2021 4993 2302 5047 adversum
2361 5009 2467 5058 me,
2498 5012 2517 5045 ι
2576 4993 2714 5047 istud
2766 5010 2779 5046 :
2837 5009 2855 5042 ι
2886 4990 2959 5044 Ειι
3012 4989 3156 5042 omni
3216 4983 3553 5039 tribulatione

2022 5084 2259 5152 eripuisti
2287 5098 2391 5148 me,
2418 5094 2469 5137 et
2494 5096 2654 5150 super
2697 5082 2943 5135 inimicos
2976 5090 3123 5130 meos
3150 5072 3390 5142 despexit
3421 5085 3553 5126 ocu-

2024 5171 2107 5226 lus
2146 5188 2313 5225 meus.
2345 5192 2363 5224 ι
2420 5172 2622 5224 Bonum
2679 5179 2761 5223 est
2812 5183 2870 5219 ea
2927 5180 3045 5232 quae
3092 5165 3350 5216 hactenus
3404 5162 3554 5214 nobis

2023 5260 2208 5316 insciis
2249 5278 2352 5315 non
2387 5258 2703 5314 videbantur
2739 5254 2990 5314 inimica,
3033 5251 3144 5317 jam
3179 5249 3390 5318 tandem
3425 5263 3552 5317 per-

2019 5360 2197 5418 specta
2218 5363 2336 5403 esse
2358 5356 2619 5416 quatenus
2644 5344 2853 5396 inimica
2876 5350 3013 5394 sunt.
3038 5339 3200 5407 Cuius
3220 5347 3395 5392 autem
3421 5338 3555 5394 altev

2084 5523 2195 5591 (35)
2222 5521 2491 5591 Λῖσθεται
2520 5515 2950 5591 εζσακουρςθείς,
2981 5524 3085 5569 etc.
3117 5515 3281 5573 Idem.

2028 5608 2039 5615 '
2084 5582 2191 5656 (36)
2226 5583 2592 5651 Εὐχαριστεῖ,
2624 5593 2726 5638 etc.
2757 5582 2918 5638 Idem,
