3910 6270
287 400 439 454 1465

1275 379 1583 447 SELECTA
1627 397 1692 451 IN
1729 398 2055 453 rSAtatos.
2094 366 2398 449 -Ῥδςιῐη
2442 374 2578 437 LW-

3359 394 3493 451 “66

287 535 408 588 μου
431 534 444 547 ·
475 519 632 571 ἅτινα
656 557 670 582 ,
696 520 815 572 ἐπεὶ
838 513 986 590 εὗρεν
1008 519 1162 572 αὐτὸν
1182 507 1514 580 ἐγρηγορότα
1532 550 1546 574 ,
1574 515 1674 569 οὐκ
1695 519 1833 587 ὲνήρ

1951 518 2116 584 ipsum
2147 514 2395 565 veniente
2427 521 2442 557 :
2487 495 2766 590 (μιτθμίιιιίιι
2811 508 2978 578 ipsum
3010 519 3314 579 repererunt
3353 513 3484 577 vigi-

282 624 490 678 γησεν.
525 625 545 658 ι
582 608 844 676 Ἐκάλυψέ
880 626 943 677 με
973 610 1026 661 δὲ
1053 608 1271 675 σκότος,
1294 619 1310 651 ι
1343 595 1460 652 εἷπε
1495 602 1582 656 διὰ
1608 607 1666 658 τὸ
1693 607 1848 676 σῶμα

284 696 526 748 (πιστοῦν
559 698 655 766 τὴν
677 697 882 768 ψυχὴν,
918 701 1002 751 ὅτε
1047 691 1360 767 ἁμαρτωλὸς
1401 694 1492 746 καὶ
1533 697 1723 767 ἐχθρὸς
1760 699 1848 748 ὲκ-

280 787 569 839 νλίνουσιν
615 788 700 839 ἐπ’
754 790 851 857 ἐμὲ
901 789 1116 856 ἀνόμιον
1159 785 1392 853 ποίησιν.
1435 785 1701 857 Ἀμαρτία
1742 787 1846 856 γὰρ

279 875 574 945 ἁμαρτίαν
608 875 870 946 ὲρεθίζει·
903 877 1103 938 δίκαιος
1129 877 1184 928 δὲ
1212 874 1401 943 δικαίῳ
1444 875 1614 927 συνὼν
1652 875 1848 927 δικαιό-

277 979 456 1033 τερος
500 963 730 1030 γίνεται.
779 983 797 1014 ι
821 966 928 1018 Καὶ
973 968 1030 1018 ὲν
1069 965 1203 1034 ὀργῇ
1238 964 1513 1016 ὲνεκότουν
1549 982 1654 1034 μοι.
1690 984 1708 1014 ι
1743 967 1848 1017 Καὶ

277 1053 454 1104 τοῦτο
481 1053 591 1106 τῶν
623 1053 957 1124 ἁμαρτωλῶν
975 1094 990 1118 ,
1014 1057 1063 1108 οἳ
1085 1056 1174 1108 καὶ
1191 1055 1292 1124 ,τὴν
1319 1055 1510 1125 ἔχθραν
1533 1056 1629 1123 οὐχ
1661 1054 1843 1116 ἁπλῶς

279 1143 657 1213 ἐργάζονται,
703 1143 837 1196 ἀλλὰ
884 1146 974 1197 καὶ
1022 1146 1080 1196 ὲν
1144 1145 1333 1212 σκότῳ.
1387 1145 1692 1210 (Ἐγκοτεῖν
1721 1162 1739 1192 ι
1795 1143 1845 1194 δέ

281 1234 446 1284 ἐστιν
497 1234 924 1303 ἐναποκειμένην
971 1233 1114 1302 ἔχειν
1164 1235 1260 1302 τὴν
1303 1234 1486 1303 ὀργήν.
1537 1234 1844 1283 Ἑπίσταται

282 1321 600 1384 σπουδαῖος
625 1322 768 1383 ἅπας
796 1322 976 1391 ἕτερον
1013 1319 1233 1374 εἶναιτὸ
1269 1325 1325 1373 ὲν
1361 1323 1632 1390 λογισμοῖς
1670 1323 1846 1390 ἀμαρ-

278 1410 478 1462 τάνειν
515 1411 564 1479 (ὃ
608 1411 702 1463 καὶ
735 1410 954 1463 ἀνεκτόν
995 1410 1129 1480 ἐστι)
1166 1412 1258 1462 καὶ
1291 1411 1472 1478 ἕτερον
1494 1449 1508 1473 ,
1550 1411 1605 1460 ὲν
1652 1409 1844 1479 πράξει

278 1500 386 1552 καὶ
413 1498 598 1566 λόγοις
631 1499 680 1565 (ὃ
708 1500 798 1551 καὶ
828 1500 1155 1552 ἐπικίνδυνον
1191 1502 1282 1552 καὶ
1319 1499 1496 1570 βαρύ).
1531 1499 1620 1550 Διὸ
1663 1500 1748 1551 καὶ
1796 1499 1848 1551 εἴ

279 1602 426 1638 ποτε
474 1589 534 1638 ὲν
573 1587 844 1656 λογισμοῖς
869 1587 1103 1655 συμϐαίη
1135 1587 1315 1639 κλόνον
1335 1588 1425 1638 καὶ
1463 1586 1658 1655 βλάϐην
1701 1585 1843 1652 γίνε-

281 1675 450 1738 σθαι,
490 1678 550 1727 ὲν
596 1676 773 1745 ἑαυτῷ
812 1677 1060 1744 φυλάττει
1094 1677 1262 1736 αὐτὰ,
1311 1676 1427 1726 οὐδὲ
1467 1675 1722 1744 προφέρει
1759 1675 1844 1726 λό-

275 1781 420 1838 γον,
453 1767 599 1819 κατὰ
633 1767 692 1818 τὺ
740 1769 794 1818 ὲν
836 1767 1056 1836 κρυπτῷ
1088 1768 1414 1836 ἁμάρτημα,
1460 1768 1577 1818 οὐδὲ
1619 1766 1842 1836 πράττει

1946 606 2162 666 luntem,
2193 601 2355 671 730
2399 592 2530 650 nihil
2577 585 2890 655 eﬂcferunt.
2943 604 3484 656 «Contexerunt'rero

1946 711 2030 748 me
2063 696 2354 755 tenebraan
2417 685 2573 749 dixit,
2623 682 2743 750 qnia
2789 705 2980 759 corpus
3029 693 3204 744 animo
3237 693 3482 746 tenebras

1945 782 2192 846 offundit,
2235 779 2445 848 quando
2489 783 2736 845 peccator
2757 787 2816 830 et
2850 779 3096 832 inimicus
3131 778 3399 831 declinant
3427 779 3480 832 in

1945 886 2029 924 me
2067 871 2299 938 iniquam
2336 870 2626 922 actionem.
2681 864 2964 921 Peccatum
3017 870 3164 920 enim,
3205 876 3477 935 peccatum

1945 959 2184 1026 prolicit;
2219 959 2395 1027 justus
2425 969 2550 1010 vero
2583 953 2728 1021 justo
2764 957 3041 1010 adlnerens
3063 957 3255 1023 justior
3277 956 3476 1010 evadit.

1950 1065 1968 1099 t
1999 1048 2063 1100 Et
2094 1048 2146 1100 in
2173 1048 2252 1099 ira
2282 1045 2488 1098 molesti
2521 1053 2675 1097 erant
2716 1045 2865 1097 mihi.
2890 1062 2909 1095 ι
2961 1044 3056 1098 llic
3101 1046 3257 1097 etiam
3289 1059 3477 1110 pecca-

1947 1149 2118 1192 torum
2177 1153 2289 1192 mos
2344 1147 2446 1200 est,
2496 1137 2586 1206 qui
2647 1137 2958 1191 inimicitias
3012 1151 3114 1188 non
3162 1134 3479 1202 simpliciter

1943 1235 2212 1285 exercent.
2252 1227 2344 1278 sed
2369 1226 2420 1278 in
2449 1224 2702 1278 tenebris.
2745 1223 3013 1290 Ἐγκοτεῖν
3049 1237 3178 1274 vero
3219 1222 3357 1273 idem
3398 1229 3478 1274 est

1943 1316 2082 1380 quod
2128 1315 2366 1365 intimam
2413 1313 2544 1364 iram
2587 1312 2802 1365 habere.
2845 1311 3080 1376 Quilibet
3109 1310 3303 1377 probus
3335 1309 3480 1362 novit

1943 1402 2084 1456 aliud
2120 1416 2236 1454 esse
2255 1441 2270 1465 ,
2300 1416 2525 1468 peccare
2554 1400 2962 1468 cogitationibus
3002 1399 3171 1469 (quod
3197 1408 3252 1452 et
3283 1399 3477 1452 tulera-

1944 1489 2047 1541 bile
2079 1487 2180 1558 est)
2221 1499 2272 1541 et
2305 1488 2465 1551 aliud,
2507 1488 2666 1541 rebus
2693 1502 2755 1540 ac
2784 1488 2959 1540 verbis
2982 1491 2998 1554 (
3023 1489 3160 1554 quod
3189 1495 3241 1540 et
3272 1488 3479 1554 pericu-

1943 1581 2109 1633 losum
2163 1591 2214 1633 et
2269 1594 2428 1647 grave
2480 1579 2622 1647 est).
2687 1577 3021 1646 Quapropter
3067 1579 3110 1630 si
3157 1579 3368 1645 quando
3424 1577 3475 1629 in

1942 1671 2351 1738 cogitationibus
2373 1671 2644 1737 contingat
2662 1679 2858 1722 motum
2880 1669 2958 1720 vel
2986 1682 3176 1720 noxam
3197 1669 3473 1729 exsistere,

1945 1761 2055 1814 haec
2085 1762 2134 1812 in
2160 1761 2332 1827 seipso
2361 1761 2608 1819 custodit,
2635 1773 2804 1826 neque
2831 1759 3046 1810 verbum
3080 1757 3306 1826 profert,
3326 1758 3477 1824 juxta

276 1833 811 1925 ἀποτελεσματικῶς
829 1894 844 1916 ,
872 1833 1254 1924 εἰδὼςνίάσιμον
1283 1833 1416 1907 εἶναι
1454 1856 1514 1906 τὸ
1540 1833 1833 1924 ἐνθύμημα.

1942 1859 2211 1917 peccatum
2243 1848 2381 1916 quod
2413 1850 2463 1900 in
2493 1848 2703 1901 occulto
2735 1849 2819 1909 lit,
2857 1861 3027 1914 neque
3058 1846 3319 1911 complete
3355 1862 3477 1912 per-

275 1945 359 1997 Tb
387 1945 448 1997 δὲ
475 1946 536 1997 ὲν
556 1945 750 2014 πράξει
773 1946 863 1996 καὶ
887 1943 1060 2012 λόγοις
1073 1946 1313 1996 δυσίατον
1333 1944 1442 1995 ἐσθ’
1459 1945 1544 1996 ὅτε
1571 1946 1662 1996 καὶ
1694 1945 1843 1996 ἀνία-

271 2049 396 2085 τον.
433 2033 530 2084 Διό
550 2049 731 2102 φησιν’
766 2052 784 2083 ‹
831 2034 893 2085 Ἡ
919 2035 1110 2102 καρδία
1137 2051 1233 2102 μου
1268 2032 1534 2102 ἐταράχθη
1560 2036 1617 2086 ὲν
1649 2034 1788 2102 ἐμοί.
1817 2054 1835 2086 ι

273 2122 357 2173 οὐ
391 2121 508 2190 γὰρ
538 2122 857 2190 ἠρμήνευσα
884 2122 979 2189 τὴν
1019 2120 1254 2190 ταραχὴν
1278 2161 1292 2183 ,
1326 2121 1357 2190 ἦ
1396 2119 1602 2189 ἔπραξά
1640 2138 1692 2172 τι
1722 2122 1839 2173 κατ’

273 2210 451 2262 αὐτόν
481 2227 497 2240 ο
540 2210 675 2261 ἀλλὰ
713 2209 805 2262 καὶ
835 2209 1028 2271 δειλίας
1061 2209 1415 2280 ἐπιπεσούσης
1447 2209 1670 2262 θανάτου
1715 2211 1841 2263 ἁκο-

271 2297 608 2360 λουθοῦντος
639 2302 703 2368 τῇ
730 2299 990 2368 ἁμαρτίᾳ,
1034 2301 1090 2350 ὲν
1119 2299 1332 2367 ἐμαυτῷ
1369 2300 1529 2368 αὐτὴν
1560 2300 1837 2368 κατέσχον.

271 2387 592 2456 Συμϐαίνει
630 2389 736 2456 γὰρ
767 2389 830 2438 ὲκ
855 2387 960 2439 τῶν
988 2386 1089 2452 ἔξω
1119 2389 1215 2457 τὴν
1244 2388 1439 2440 δειλίαν
1465 2388 1724 2456 φανῆναι,
1746 2389 1839 2440 καὶ

271 2477 491 2547 ἑτέρων
542 2477 868 2546 πρόσκομμα
906 2477 1150 2542 γενέσθαι
1189 2479 1278 2528 τὸν
1312 2477 1626 2546 δηλωθέντα.
1660 2478 1731 2528 Tb
1758 2477 1834 2538 δὲ,

280 2583 301 2615 ι
333 2565 513 2626 Φόϐος
548 2565 644 2616 καὶ
675 2565 871 2636 τρόμος
901 2561 1058 2633 ἦλθεν
1099 2567 1186 2618 ἐπ’
1215 2567 1342 2636 ἐμὲ,
1386 2567 1476 2618 καὶ
1515 2565 1744 2633 ὲκάλυψέ
1771 2581 1838 2633 με

275 2654 524 2715 σκότος,
569 2672 587 2704 ι
646 2653 748 2721 τῆς
790 2654 997 2721 φύσεως
1047 2655 1145 2722 τῆς
1193 2655 1531 2725 ἀνθρωπίνης
1585 2655 1834 2723 ὑπάρχει,

272 2742 522 2811 ἐχούσης
553 2742 613 2793 τὸ
637 2743 929 2811 παθητικὸν
953 2745 1042 2796 καὶ
1063 2744 1284 2812 θυμικὸν
1311 2745 1402 2796 καὶ
1429 2743 1833 2813 ἐπιθυμητικόν.

272 2831 406 2882 Κᾶν
436 2832 559 2882 κατ’
607 2832 806 2901 ἀρετήν
844 2849 926 2895 τις
977 2833 1248 2904 προκόπτῃ
1272 2872 1284 2895 ,
1318 2835 1414 2885 οὐκ
1447 2835 1833 2904 ἀφανιζομένου

269 2919 379 2971 τοῦ
431 2919 734 2988 παθητικοῦ
758 2961 770 2981 ,
805 2922 1083 2990 συμϐαίνει
1124 2924 1180 2974 ὲν
1221 2925 1284 2991 τῇ
1330 2923 1591 2995 λεγομένῃ
1620 2940 1832 2994 συμπα-

269 3009 408 3075 θείᾳ
463 3010 731 3076 γενέσθαι.
808 3011 1017 3080 Ἀμέλει
1067 3012 1191 3078 γοῦν
1247 3013 1336 3064 καὶ
1382 3013 1441 3064 τὸ
1489 3013 1834 3082 προκείμενον

267 3099 611 3168 πρόσωπον,
645 3100 942 3168 ὠθούμενον
989 3102 1088 3153 ὑπὸ
1130 3101 1318 3168 φωνῶν
1351 3102 1552 3171 ἐχθρῶν
1595 3103 1685 3154 καὶ
1727 3102 1835 3154 θλί-
1859 3133 1900 3188 C

267 3187 434 3255 ψεως
459 3187 814 3256 ἁμαρτωλοῦ,
847 3187 1322 3259 ἀναρριπιζόμενον
1358 3190 1476 3258 ἔσχε
1513 3191 1570 3240 τὸ
1601 3190 1830 3258 ἐνυπάρ-

266 3291 381 3344 χον
409 3275 740 3342 παθητικὸν,
782 3275 856 3336 ὼς
912 3277 1205 3344 φοϐηθῆναι
1231 3315 1244 3336 ,
1276 3277 1366 3328 καὶ
1407 3277 1589 3345 τρόμῳ
1631 3278 1831 3328 ὑποπε-

269 3367 402 3415 σεῖν
432 3364 538 3414 ὑπὸ
567 3363 658 3414 τοῦ
687 3363 784 3430 τῆς
824 3364 1048 3433 ἀπορίας
1082 3365 1297 3426 σκότους
1318 3381 1330 3392 ·
1374 3365 1469 3432 τὴν
1494 3365 1599 3435 γὰρ
1643 3381 1829 3417 σκοτο-

265 3451 516 3514 δινίασιγ
542 3451 729 3513 σκότος
756 3451 1023 3506 ἐκάλεσεν.

349 3627 464 3678 Καὶ
489 3622 661 3678 εἶπα⁸
704 3626 796 3689 Τίς
829 3625 1000 3678 δώσει
1034 3645 1132 3695 μοι
1162 3626 1452 3694 πτέρυγας
1478 3629 1619 3683 ὡσεὶ
1666 3647 1828 3697 περι-

265 3711 514 3778 στερᾶς,
551 3731 604 3766 κ.
635 3729 666 3763 τ
728 3715 773 3764 ὲ.
808 3715 1076 3782 Πτέρυγές
1105 3718 1207 3766 εἰσι
1237 3714 1345 3781 (Al)
1371 3716 1467 3784 τῆς
1492 3718 1646 3783 ἁγίας
1676 3735 1830 3788 περι..

264 3806 483 3872 στερᾶς
530 3805 564 3872 ἡ
617 3801 814 3866 θεωρία
862 3804 1122 3872 σωμάτων
1165 3806 1255 3856 καὶ
1307 3805 1633 3874 ἀσωμάτων,
1668 3808 1732 3860 δι’
1763 3806 1828 3877 ἧς

263 3893 517 3962 ὑψωθεὶς
566 3895 594 3944 ὁ
652 3892 775 3954 νοῦς
827 3893 1127 3945 καταπαύει
1186 3897 1263 3956 εἰς
1295 3895 1488 3961 γνῶσιν
1532 3897 1628 3965 τῆς
1671 3897 1827 3964 ἁγίας

261 3983 525 4054 Τριάδος.

362 4072 507 4125 Ἰδοὺ
531 4070 834 4139 ἐμάκρυνα
875 4074 1218 4140 φυγαδεύων
1237 4115 1252 4138 ,
1289 4075 1385 4126 καὶ
1414 4077 1714 4143 -ηὐλίσθην
1760 4079 1828 4131 ἐν

259 4164 353 4231 τῇ
375 4164 609 4231 ἐρήμῳ,
642 4179 696 4214 κ.
727 4179 777 4214 τ.
801 4164 846 4216 ὲ.
887 4163 948 4214 Ἦ
975 4163 1064 4216 τοῦ
1097 4164 1408 4230 φυγαδεύειν
1445 4167 1584 4230 λέξις
1619 4168 1727 4237 (42)
1765 4167 1824 4219 τὸ

256 4253 488 4306 διώκειν
523 4253 617 4304 καὶ
644 4253 723 4313 είς
750 4251 921 4321 φυγὴν
947 4254 1164 4322 τρέπειν
1183 4255 1304 4316 τοὺς
1331 4255 1705 4324 ἐλαυνομένους
1731 4258 1824 4327 δη-

258 4341 370 4396 λοῖ.
397 4341 539 4411 Φησὶ
556 4340 684 4408 γοῦν
703 4343 730 4392 ό
751 4341 838 4392 τὸν
852 4341 1058 4411 ψαλμὸν
1074 4341 1261 4408 λέγων,
1283 4362 1299 4392 ι
1321 4344 1448 4395 Ἰδοὺ
1466 4345 1763 4414 ἐμάκρυνα,
1803 4367 1820 4397 ι

1943 1938 2073 2000 ficit,
2134 1937 2310 2007 sciens
2361 1938 2739 2003 cogitationem
2793 1951 2912 1989 esse
2953 1935 3268 1990 curabilem.
3325 1935 3475 2000 Quod

1938 2040 2063 2079 vero
2095 2041 2254 2094 opere
2288 2041 2348 2078 ac
2384 2026 2561 2079 verbis
2615 2026 2693 2090 fit,
2723 2035 2910 2078 curatu
2956 2024 3164 2078 difﬁcile
3211 2035 3263 2078 et
3302 2041 3474 2092 quan-

1939 2115 2110 2182 doque
2135 2115 2429 2168 incurabile
2455 2115 2684 2168 exsistit.
2728 2115 2933 2168 Idcirco
2968 2115 3084 2166 ait:
3120 2132 3138 2164 ι
3166 2115 3272 2168 Cor
3300 2130 3473 2167 meum

1939 2204 2303 2257 conturbatum
2352 2205 2514 2258 estin
2550 2220 2655 2259 me.
2685 2225 2704 2256 ι
2756 2204 2871 2257 Non
2920 2205 3061 2258 enim
3115 2204 3472 2257 turbationem

1936 2294 2223 2356 euunliavi,
2243 2294 2322 2346 vel
2345 2294 2441 2348 feci
2464 2297 2750 2362 quidquam
2774 2297 3028 2350 adversus
3048 2310 3165 2350 eum
3194 2313 3207 2349 :
3232 2298 3475 2364 quinimo

1936 2397 2057 2436 cum
2082 2384 2241 2435 timor
2269 2384 2539 2452 ingrueret
2572 2385 2758 2437 mortis
2781 2395 3051 2450 peccatum
3075 2386 3472 2452 subsequentis,

1938 2480 1989 2533 in
2026 2479 2334 2544 memetipso
2363 2479 2506 2530 illum
2557 2479 2822 2531 continui.
2879 2478 3156 2545 Contingit
3210 2482 3362 2532 enim
3405 2494 3471 2534 ex

1937 2567 2098 2629 signis
2127 2565 2363 2618 externis
2402 2566 2646 2617 timorem
2675 2579 2954 2632 apparere,
2979 2577 3033 2619 et
3055 2577 3328 2623 ostensum
3355 2569 3471 2621 aliis

1932 2651 2309 2707 offendiculum
2346 2653 2483 2707 fieri.
2527 2652 2658 2706 Illud
2695 2669 2825 2706 vero
2858 2672 2870 2706 :
2913 2673 2930 2706 ι
2961 2655 3145 2708 Timor
3178 2665 3232 2709 et
3273 2667 3472 2710 tremor

1935 2753 2198 2795 venerunt
2234 2759 2396 2810 super
2441 2759 2544 2807 me,
2591 2751 2642 2796 et
2672 2753 3026 2796 contexerant
3060 2760 3140 2798 me
3172 2746 3420 2810 tenebras,
3443 2765 3469 2802 ν

1935 2831 2176 2883 ltumanze
2209 2841 2411 2883 natura:
2444 2840 2544 2892 est,
2599 2832 2829 2897 patiendi
2871 2842 2926 2884 et
2962 2831 3225 2886 irascendi
3259 2843 3313 2886 et
3340 2850 3471 2887 cou-

1934 2919 2240 2986 cttpiscendi
2294 2922 2398 2972 vim
2444 2921 2710 2973 habentis.
2767 2922 2988 2976 Etiamsi
3026 2924 3143 2989 quis
3176 2924 3224 2974 in
3275 2923 3473 2980 virtute

1934 3009 2242 3076 profecerit,
2279 3011 2511 3078 potentia
2537 3011 2769 3079 patiendi
2803 3013 3018 3066 minime
3042 3015 3236 3077 deleta,
3264 3017 3472 3067 coutin-

1933 3097 2080 3164 gitut
2117 3097 2325 3148 indicta
2355 3098 2731 3165 compassione
2764 3109 3023 3151 versetur.
3059 3101 3213 3153 Certe
3243 3114 3468 3166 persona

1931 3203 2140 3253 quoque
2167 3190 2455 3256 proposita,
2483 3203 2604 3241 cum
2643 3203 2670 3240 a
2706 3192 2924 3244 vocibus
2957 3190 3188 3243 inimicis
3221 3200 3274 3242 et
3301 3190 3470 3242 tribu-

1929 3273 2123 3326 latione
2177 3277 2478 3342 peccatoris
2519 3286 2920 3340 concuteretur,
2971 3279 3185 3330 insitam
3231 3278 3466 3345 patiendi

1928 3363 2030 3415 vim
2063 3365 2286 3417 habebat
2320 3367 2644 3428 excitatam,
2697 3367 2828 3419 adeo
2861 3376 2919 3419 ut
2948 3368 3136 3420 timore
3162 3368 3468 3432 corripere-

1930 3458 2016 3503 tur
2058 3461 2110 3504 et
2161 3453 2376 3506 tremori
2409 3453 2709 3519 subiaceret
2739 3470 2848 3523 prae
2884 3455 3115 3515 tenebris
3139 3455 3462 3510 anxietatis:

1927 3553 2048 3591 nam
2085 3541 2468 3594 tenebricosam
2515 3545 2831 3611 vertiginem
2878 3547 3127 3598 tenebras
3161 3547 3462 3613 appellavit.

1999 3628 2156 3684 Vtilis.
2197 3631 2245 3684 7.
2287 3629 2355 3683 Et
2407 3634 2517 3684 dixi
2550 3649 2566 3687 :
2603 3633 2730 3696 Qui:
2771 3635 2911 3686 dabit
2944 3635 3064 3687 mihi
3103 3652 3296 3702 pennas
3335 3638 3464 3690 sicut

1927 3717 2191 3781 columbis,
2238 3730 2344 3772 etc.
2395 3720 2590 3774 Peunze
2627 3721 2886 3775 columba:
2937 3733 3136 3777 sanctae
3164 3734 3245 3777 est
3285 3741 3462 3779 rerum

1927 3819 2304 3872 corporearum
2345 3819 2398 3861 et
2441 3811 2870 3877 incorporearum
2927 3813 3315 3880 contemplatio,
3373 3830 3464 3881 per

1926 3909 2081 3962 quam
2139 3896 2276 3949 elata
2326 3913 2474 3953 mens
2519 3901 2569 3952 in
2613 3901 2915 3969 cognitione
2959 3913 3161 3957 sanctae
3191 3903 3464 3961 Trinitatis

1927 3985 2230 4050 requiescit.

1999 4071 2154 4126 Vens.
2196 4074 2250 4128 8.
2293 4075 2424 4128 Ecce
2447 4077 2677 4144 elongavi
2706 4079 2929 4146 fugiens,
2964 4091 3010 4133 et
3047 4083 3212 4133 mansi
3250 4084 3303 4135 in
3341 4085 3462 4136 seli-

1925 4162 2123 4224 tudine,
2157 4173 2259 4215 etc.
2283 4163 2394 4216 Vox
2425 4166 2738 4232 φυγαδεύειν
2767 4168 3028 4234 significat
3052 4172 3299 4238 persequi
3328 4183 3380 4225 et
3407 4175 3460 4226 in

1924 4250 2100 4319 fugam
2157 4260 2362 4304 vertere
2413 4269 2503 4306 eos
2559 4256 2648 4322 qui
2705 4257 3062 4324 expelluntur.
3111 4258 3252 4312 Dicit
3298 4261 3458 4328 igitur

1925 4340 2111 4406 psalmi
2166 4352 2352 4394 auctor
2386 4360 2399 4394 :
2437 4361 2455 4392 ι
2483 4344 2618 4398 Ecce
2664 4345 2931 4412 elongavi,
2963 4365 2981 4398 ι
3039 4349 3139 4402 hoc
3180 4359 3260 4402 est
3307 4350 3459 4416 longe

260 4433 558 4486 τουτέστιν
591 4430 686 4481 ἐπὶ
732 4430 862 4481 πολὺ
904 4431 1213 4498 φυγαδεύων
1254 4431 1345 4484 τὸν
1388 4432 1575 4501 ἐχθρὸν
1611 4435 1822 4487 καὶτὸν

1935 4428 2096 4494 expuli
2142 4429 2410 4482 inimicum
2443 4441 2498 4484 et
2539 4444 2910 4500 peccatorcm,
2963 4447 3018 4489 ut
3070 4438 3173 4491 illis
3221 4439 3458 4506 expulsis
3509 4431 3528 4446 ’

237 4520 631 4591 ’ἁμαρτωλδν,
665 4519 740 4580 ὼς
763 4519 979 4571 ἐκείνων
1009 4520 1380 4589 ὲληλασμένων
1409 4522 1720 4590 αύλισθῆναί
1756 4541 1821 4593 με

1935 4532 2186 4570 nanerem
2229 4519 2278 4571 in
2320 4520 2628 4586 solitudine,
2683 4525 2788 4578 hoc
2822 4535 2905 4579 est
2953 4527 3002 4578 in
3058 4538 3195 4580 statu
3237 4528 3458 4594 paciﬁca

261 4611 327 4663 ὲν
347 4613 414 4678 τῇ
448 4609 550 4677 ὲρή
561 4624 646 4676 μῳ
666 4644 680 4668 ,
706 4605 976 4658 τουτέστιν
999 4607 1454 4662 διαναπαύσασθαι
1481 4613 1536 4660 ὲν
1559 4613 1822 4665 καταστά-

1918 4607 2326 4671 requiescercm.
2356 4610 2410 4662 Si
2444 4619 2623 4664 autem
2653 4628 2754 4666 vox
2834 4615 3150 4682 φυγαδεύειν
3217 4618 3316 4670 hoc
3341 4619 3457 4671 loco

259 4717 348 4752 σει
369 4698 647 4768 εἰρηνικῇ.
690 4696 752 4747 Ei
785 4695 841 4746 δὲ
872 4695 931 4746 τὸ
964 4714 982 4746 ι
1010 4697 1326 4763 φυγαδεύειν
1356 4717 1373 4748 ι
1426 4698 1566 4760 ἰδίως
1594 4701 1822 4754 ἐνταῦθα

1935 4695 2177 4763 significat
2207 4715 2224 4747 ι
2246 4697 2448 4768 fugere,
2486 4721 2504 4753 ι
2535 4702 2712 4770 justus
2743 4719 2839 4759 eos
2865 4708 2956 4774 qui
2991 4722 3021 4760 e
3049 4709 3456 4762 circumcisione

265 4806 284 4838 ι
329 4788 529 4856 φυγεῖν
562 4803 582 4836 ι
625 4784 908 4852 σημαίνει,
936 4785 1050 4853 ὲρεῖ
1079 4785 1106 4836 ὁ
1138 4785 1338 4849 δίκαιος
1365 4790 1486 4851 τοὺς
1511 4791 1574 4842 ὲκ
1608 4808 1821 4862 περιτο-

262 4877 376 4946 μῆς
417 4873 638 4943 φεύγων
665 4873 754 4925 καὶ
783 4874 1182 4942 μακρυνόμενος
1208 4875 1292 4928 διὰ
1320 4878 1415 4946 τὴν
1455 4883 1589 4950 πρὸς
1627 4881 1819 4943 αὐτοὺς

257 4961 614 5026 ἀλαζονείανο
640 4958 911 5028 Ηὺλίσθην
943 4961 1000 5010 ἐν
1027 4962 1092 5028 τῇ
1131 4961 1314 5030 ἐρήμῳ
1354 4966 1516 5034 νόμου
1557 4969 1648 5021 καὶ
1694 4987 1820 5040 προ-

259 5050 453 5120 φητῶν
511 5047 824 5117 Ἐκκλησίᾳ.
869 5047 1114 5115 Ἀρμόζει
1153 5047 1208 5098 δὲ
1235 5051 1325 5102 καὶ
1360 5053 1440 5122 τῷ
1467 5058 1583 5108 κατ’
1613 5059 1814 5111 οῑκονο-

263 5140 398 5206 μίαν
433 5137 674 5207 Χριστῷ.

330 5225 793 5292 Προσεδεχόμην
811 5218 918 5272 τὸν
931 5217 1191 5277 σώζωντά
1202 5239 1276 5286 με
1291 5226 1410 5278 ἀπὸ
1430 5231 1682 5300 ὀλιγοψυ
1685 5235 1818 5301 χίας

257 5311 355 5362 καὶ
382 5310 744 5380 καταιγίὸος,
772 5324 829 5359 κ.
863 5323 914 5359 τ.
943 5307 987 5355 ὲ.
1016 5305 1265 5371 Καταιγὶς
1288 5313 1316 5361 ό
1350 5315 1662 5388 μέγαςμὸ)
1697 5339 1814 5375 πει-

253 5407 460 5474 ρασμὸς
489 5404 587 5457 καὶ
629 5397 802 5456 πολὺς
843 5393 980 5445 κατὰ
1008 5393 1098 5460 τῆς
1126 5393 1298 5475 ψυχῆς.
1321 5402 1550 5472 πνέων,
1585 5409 1708 5463 ὥστ’
1751 5411 1814 5465 ἂν

245 5485 334 5537 καὶ
360 5488 683 5558 ναυαγῆσαι
716 5479 820 5548 τὴν
843 5478 919 5546 μὴ
953 5477 1282 5547 προσέχουσαν
1312 5485 1534 5564 ἑαυτῇ.

291 5602 346 5679 «'4
361 5613 409 5679 ι)
440 5591 1054 5679 ηεέρυῖέςξέίῑιιεῑίξς.
1073 5587 1260 5679 sese
1283 5597 1490 5679 Grani
1503 5609 1536 5664 ί.

440 5655 538 5727 τι]
558 5655 680 5718 ὶοῦ
707 5655 1054 5725 φυγαδεύειν
1076 5655 1227 5723 λέξις,
1255 5675 1377 5720 etc.
1442 5655 1630 5736 Codex
1659 5679 1810 5736 Cois-

1915 4791 2060 4846 sunt,
2094 4784 2318 4852 fugiens,
2352 4803 2576 4858 seseque
2609 4793 2675 4845 ab
2701 4794 2778 4846 eis
2807 4795 2874 4848 ob
2913 4810 3094 4848 eorum
3135 4796 3456 4861 iactantiam

1920 4872 2075 4940 longe
2097 4876 2435 4941 subntovens,
2463 4880 2594 4932 dicit
2625 4897 2637 4932 :
2671 4881 2836 4934 lllausi
2865 4884 2915 4936 in
2960 4884 3198 4936 Ecclesia
3228 4885 3315 4935 ubi
3349 4899 3454 4936 non

1920 4972 2001 5016 est
2047 4963 2127 5018 lex
2173 4979 2269 5017 nec
2321 4970 2614 5034 prophetae.
2703 4971 2969 5025 Convenit
3020 4973 3178 5025 etiam
3238 4970 3458 5025 Christo

1919 5053 2207 5104 secundum
2232 5053 2701 5122 dispensationem.

1990 5140 2142 5209 731
2187 5139 2345 5196 Vens.
2387 5144 2438 5198 9.
2472 5145 2851 5211 Exspectabam
2883 5162 2998 5199 eum
3033 5144 3119 5210 qui
3149 5142 3350 5194 salvum
3379 5161 3460 5198 me

1923 5229 2039 5297 fecit
2057 5250 2086 5283 a
2109 5234 2534 5298 pusillanimitate
2551 5235 2761 5301 spiritus
2778 5244 2828 5285 et
2844 5240 3160 5302 tempestate,
3177 5240 3285 5285 etc.
3307 5233 3464 5287 Tem-

1921 5330 2098 5388 pestas
2122 5333 2202 5376 est
2235 5325 2457 5376 teutatio
2490 5335 2676 5388 magna
2708 5329 2762 5371 et
2793 5323 3086 5377 vehemens
3123 5324 3312 5368 contra
3345 5323 3470 5374 ani-

1921 5426 2060 5462 mam
2077 5411 2312 5477 spirans,
2342 5411 2415 5462 ita
2441 5417 2497 5460 ut
2526 5405 2871 5473 naufragium
2901 5409 3067 5462 faciat
3094 5403 3183 5455 illa
3211 5415 3337 5468 qua:
3359 5405 3476 5463 sibi

1918 5515 2022 5552 non
2053 5500 2298 5551 attendit.

1918 5613 2148 5667 linianus
2178 5608 2454 5661 secundus.

1985 5681 2094 5750 (45)
2123 5674 2392 5743 Καταιγὶς
2421 5678 2451 5728 ὁ
2479 5671 2688 5741 μέγας,
2710 5680 2829 5728 etc.
2866 5675 3032 5732 idem.
