3910 6276
1590 60 1607 63 _
1668 8 3667 62 ____________———I—ﬂ=-=Ir.a‘e

171 199 299 259 “73
1100 205 1397 262 SELECTA
1442 206 1506 261 IN
1540 206 1866 264 PSALMOS.
1907 239 1975 250 —
2011 211 2203 265 PSAL.
2240 209 2395 265 LVII.
3192 211 3329 267 1474

168 318 381 388 Ἷδωμεν
397 319 449 372 τί
477 319 620 373 ἐστιν
647 318 759 389 (69)
788 319 998 390 ἀληθῶς
1020 322 1360 392 δικαιοσύνην
1381 323 1576 386 λαλεῖν,
1602 324 1686 376 καῖ

1798 326 2080 378 Videamus
2106 327 2232 393 quid
2263 326 2335 379 sit
2371 339 2497 380 vere
2521 324 2780 392 justitiam
2814 321 3081 392 proloqui,
3105 330 3160 376 et
3193 332 3326 391 quot

165 409 360 479 ὁσαχῶς
385 410 646 479 ἐνδέχεται
671 410 731 462 τὸ
757 409 989 463 τοιοῦτον
1021 412 1278 478 γίνεσθαι.
1324 410 1430 465 καὶ
1454 412 1570 465 καθ’
1599 411 1692 465 ἕνα

168 498 257 569 μὲν
285 496 476 567 τρόπον
504 497 844 569 δικαιοσύνην
882 498 994 551 ἐστι
1028 500 1225 562 λαλεῖν,
1278 501 1364 553 ὅτε
1402 501 1527 567 ύγιῆ
1566 500 1691 569 περὶ

164 584 489 654 δικαιοσύνης
534 585 671 654 ἔχων
702 602 782 648 τις
818 587 1089 655 δόγματα,
1129 589 1253 658 περὶ
1282 592 1484 641 τούτων
1521 588 1691 641 διαλέ-

134 673 142 686 “
164 687 308 738 γεται
327 689 340 702 ο
364 662 501 724 κατά
527 674 774 743 δεύτερον
800 674 857 726 δὲ
883 675 1078 745 τρόπον
1104 676 1442 746 δικαιοσύνην
1483 694 1566 739 τις
1600 677 1692 730 λα·-

164 760 238 811 λεῖ
262 763 290 814 ό
310 761 412 813 ἀπὸ
447 761 784 831 δικαιοσύνης
819 764 1222 834 ἐνυπαρχούσης
1253 768 1315 834 τῇ
1349 766 1488 835 ψυχῇ
1520 767 1691 818 πάντα

161 848 341 915 λέγων.
388 849 711 917 Συναγαγὼν
750 852 807 905 δέ
850 870 933 915 τις
976 854 1276 922 ἀμφότερα,
1318 855 1464 924 εῦροι
1510 856 1574 908 ἂν
1603 857 1691 909 τὸν

161 938 362 1006 ἀληθῶς
391 938 729 1006 δικαιοσύνην
749 940 1023 993 λαλοῦντα.
1060 944 1120 994 Ui
1152 943 1259 1012 γὰρ
1288 941 1479 1005 ἔξωθεν
1508 946 1691 1011 φαινό-

165 1042 301 1095 μενοι
323 1029 431 1088 τοῖς
460 1028 762 1097 ἀνθρώποις
789 1030 1002 1092 δίκαιοι,
1036 1032 1232 1085 ἔσωθεν
1258 1034 1313 1085 δὲ
1349 1036 1531 1102 μεστοὶ
1565 1035 1691 1088 ύπο⁹

162 1116 376 1184 κρίσεως
407 1117 499 1169 καὶ
529 1118 752 1186 ἀνομίας
768 1122 1136 1189 τυγχάνοντες,
1160 1124 1260 1176 κᾶν
1275 1124 1475 1176 λαλῶσι
1493 1125 1692 1178 δικαιο-

163 1205 333 1275 σύνην,
360 1206 458 1258 οὐκ
476 1207 691 1275 ἀληθῶς
720 1209 882 1279 αὐτὴν
915 1210 1178 1266 λαλοῦσιν.
1227 1214 1486 1282 Ἦγοῦμαι
1526 1214 1582 1266 δὲ
1612 1216 1691 1266 ὅτι

161 1295 320 1356 οὐδεὶς
362 1295 579 1349 δύναται
637 1298 975 1368 δικαιοσύνην
1027 1300 1290 1369 λαλῆσαι,
1342 1303 1413 1372 μὴ
1457 1304 1690 1372 μετέχων

160 1386 400 1455 Χριστοῦ,
439 1406 457 1437 ε
486 1388 544 1451 ὃς
577 1390 805 1459 ἐγενήθη
832 1393 960 1461 ¹ἡμῖν
993 1394 1151 1460 σοφία
1180 1394 1284 1445 ἀπὸ
1308 1394 1461 1455 Θεοῦ,
1487 1394 1689 1447 δικαιοο

160 1475 279 1545 σύνη
298 1492 356 1527 τε
381 1477 472 1529 καὶ
498 1479 766 1547 ἁγιασμὸς
783 1519 798 1541 ,
830 1481 923 1533 καὶ
947 1481 1332 1552 ἀπολύτρωσις.
1370 1502 1390 1533 ι
1443 1484 1688 1536 ’Δκολου-

158 1564 235 1618 θεῖ
264 1566 316 1619 δὲ
340 1566 399 1617 τὸ
424 1566 639 1637 ἀληθῶς
673 1570 848 1623 λαλεῖν
884 1570 1221 1643 δικαιοσύνην
1258 1574 1336 1642 τῷ
1364 1574 1520 1626 εύθέα
1570 1575 1687 1645 κρίο

1790 415 1961 469 modis
1984 415 2150 482 possit
2191 416 2290 468 hoe
2330 414 2465 468 ﬂeri.
2494 414 2666 482 Atque
2703 428 2806 467 una
2854 413 3070 483 quidem
3116 413 3325 467 ratione

1790 501 1912 554 licet
1936 501 2181 568 proferre
2220 501 2500 567 justitiam,
2548 501 2764 568 quando
2803 501 2922 569 quis
2953 514 3084 554 sana
3128 503 3192 554 de
3241 500 3329 569 ju-

1787 590 1935 642 stitia
1987 590 2190 644 habens
2222 591 2492 657 dogmata,
2534 590 2598 642 de
2638 590 2826 643 iisdem
2868 589 3103 644 disserit.
3146 589 3329 642 Altero

1790 692 1919 732 vero
1944 680 2103 731 modo
2129 679 2390 746 justitiam
2420 678 2539 745 quis
2577 677 2835 744 loquitur,
2869 679 2956 746 qui
2985 693 3048 731 ex
3082 679 3239 732 insita
3272 678 3324 731 iu

1790 766 1972 819 animo
2000 767 2162 833 ipsius
2189 764 2397 832 justitia
2446 774 2636 818 cuncta
2685 764 2838 817 dicit.
2889 764 2944 817 Si
2984 765 3107 833 quis
3144 774 3324 818 autem

1790 860 2079 919 utrumque
2103 878 2106 881 λ
2126 850 2484 918 conjunxerit,
2515 850 2746 918 reperiet
2777 866 2898 904 eum
2938 852 3026 918 qui
3058 867 3185 906 vere
3237 851 3328 919 ju-

1789 942 1990 995 stitiam
2024 940 2296 1007 loquatur.
2324 940 2425 1006 Qui
2462 942 2655 994 euima
2702 940 2833 993 foris
2861 952 3111 1008 apparent
3148 942 3325 996 homi-

1791 1030 1948 1084 nibus
1972 1028 2127 1096 justi,
2150 1030 2293 1085 intus
2323 1039 2497 1084 autem
2534 1029 2673 1098 pleni
2703 1037 2830 1083 sunt
2860 1028 3124 1097 hypocrisi
3151 1039 3203 1083 et
3230 1030 3328 1085 iui-

1789 1117 1994 1186 quitate
2031 1119 2120 1181 ⁸⁶;
2161 1119 2259 1173 etsi
2314 1118 2597 1186 loquantur
2639 1118 2937 1186 justitiam,
2989 1132 3094 1171 non
3147 1127 3322 1173 tamen

1788 1220 1912 1260 vere
1963 1206 2107 1259 illam
2152 1207 2459 1276 loquuntur.
2506 1207 2767 1261 Existimo
2813 1216 2992 1260 autem
3059 1208 3322 1261 neminem

1786 1305 1941 1358 posse
1968 1291 2111 1359 loqui
2137 1293 2424 1361 justitiam,
2455 1294 2545 1361 qui
2579 1309 2682 1346 non
2709 1293 2778 1346 sit
2804 1294 3072 1361 particeps
3101 1293 3324 1358 Christi,

1794 1398 1815 1433 ι
1843 1385 1930 1449 qui
1962 1381 2137 1437 factus
2168 1393 2254 1437 est
2285 1386 2441 1438 nobis
2481 1384 2743 1451 sapientia
2776 1400 2804 1437 a
2844 1384 2967 1447 Deo,
3014 1394 3068 1437 et
3093 1384 3323 1452 justitia,

1786 1479 1840 1523 et
1862 1470 2242 1537 sanctiﬁcatio,
2266 1482 2318 1525 et
2341 1474 2634 1540 redemptio
2655 1473 2743 1527 δ”.
2778 1493 2796 1525 ι
2828 1473 2996 1529 Porro
3023 1488 3153 1527 vere.
3182 1473 3327 1542 loqui

1782 1559 2043 1625 justitiam
2076 1562 2321 1628 sequitur
2350 1574 2417 1614 ex
2450 1570 2595 1616 recto
2623 1562 2848 1630 judicio,
2894 1563 2966 1615 ita
2998 1570 3056 1616 ut
3084 1562 3213 1616 nihil
3252 1564 3326 1618 sit

158 1669 277 1714 νειν,
309 1653 447 1706 ὥστε
491 1656 659 1725 μηδὲν
689 1654 824 1710 εἷναι
871 1659 1077 1711 σκολιὸν
1108 1641 1317 1723 ἐντοῖς
1338 1662 1564 1731 κρίμασι
1596 1641 1686 1716 καὶ

1786 1650 2061 1719 obliquum
2089 1652 2142 1705 iu
2160 1650 2377 1718 judieiis
2402 1660 2458 1706 et
2486 1653 2907 1720 cogitationibus
2932 1653 3048 1722 ejus
3077 1654 3168 1723 qui
3193 1669 3320 1708 vere

157 1741 256 1801 τοῖς
282 1740 555 1811 λογισμοῖς
588 1744 683 1797 τοῦ
713 1745 925 1816 ἀληθῶς
950 1748 1291 1818 δικαιοσύνην
1314 1750 1613 1814 λαλοῦντος.

220 1833 320 1883 Kal
359 1831 466 1899 Ίύρ
508 1832 577 1884 ἐν
607 1834 818 1901 καρδίᾳ
855 1837 1120 1904 ἀνομίας,
1172 1856 1225 1891 κ.
1272 1856 1321 1892 τ.
1368 1841 1413 1892 ἐ.
1452 1842 1565 1893 Ἵνα
1596 1841 1687 1910 δη·

157 1918 288 1989 λώσῃ
319 1919 423 1989 (70)
453 1924 481 1974 ὁ
504 1922 662 1990 λόγος
687 1926 864 1995 πηγὴν
894 1928 989 1995 μὲν
1012 1929 1102 1980 καὶ
1124 1928 1293 1999 ἀρχὴν
1322 1931 1494 2000 πάσης
1520 1932 1689 2000 ἀμαρ-

156 2009 260 2071 τίας
288 2009 344 2062 τὸ
379 2010 470 2063 τοῦ
502 2012 706 2079 φαύλου
744 2016 1062 2085 ἡγεμονικὸν
1086 2057 1100 2079 ,
1149 2018 1381 2087 ἀνομιῶν
1412 2020 1688 2091 πεπληρω-

159 2097 318 2164 μένον,
353 2098 429 2162 ῶς
470 2117 521 2152 τι
573 2102 752 2170 ῥεῦμα
801 2105 905 2155 ἀπὸ
934 2105 1030 2175 τῆς
1062 2107 1195 2175 γῆς·
1243 2107 1340 2177 τὴν
1381 2109 1436 2160 δὲ
1469 2110 1682 2178 πρᾶξιν,

156 2181 214 2253 ἧς
243 2185 497 2256 σύμϐολον
511 2190 565 2240 ai
601 2192 800 2259 χεῖρες,
824 2191 919 2261 τὴν
946 2194 1052 2245 ἀπὸ
1077 2194 1168 2246 τοῦ
1203 2197 1522 2266 ἡγεμονικοῦ
1557 2216 1686 2266 προ-

158 2276 390 2344 αχθεῖσαν
420 2279 677 2349 μελέτην·
701 2283 955 2353 πρότερον
985 2285 1080 2352 μὲν
1106 2286 1166 2337 τὸ
1187 2288 1323 2339 κατά
1344 2289 1440 2357 τὴν
1465 2290 1684 2358 καρδίαν

154 2365 400 2437 ὠνόμασε,
425 2371 679 2443 δεύτερον
707 2375 762 2425 δὲ
795 2375 854 2427 τὸ
882 2377 1020 2430 κατά
1051 2377 1148 2438 τὰς
1175 2381 1372 2447 χεῖρας.
1401 2382 1558 2449 Καὶή
1585 2382 1684 2446 μὲν

156 2457 244 2525 τῆς
269 2459 535 2529 ἁμαρτίας
568 2462 714 2531 ἀρχή
746 2464 888 2513 ἐστιν
916 2465 1022 2516 ἀπὸ
1050 2465 1287 2534 καρδίας,
1325 2466 1413 2517 καὶ
1455 2468 1511 2518 τὸ
1538 2469 1684 2531 τέλος

155 2546 205 2597 ὲν
230 2551 340 2610 ταῖς
380 2551 676 2619 πράξεσιν·
725 2553 814 2602 ἐπὶ
854 2552 910 2605 δὲ
941 2552 1047 2603 τῶν
1090 2555 1515 2624 ἐπιστρεφόντων
1552 2559 1685 2627 πρὸς

158 2632 271 2685 Θεὸν
309 2638 341 2704 ἡ
373 2637 512 2705 ἀρχὴ
563 2638 662 2706 μὲν
698 2638 804 2689 ἀπὸ
834 2638 930 2707 τῆς
961 2639 1167 2708 ἀποχῆς
1192 2641 1297 2692 τῶν
1336 2641 1517 2693 κακῶν
1552 2644 1687 2711 πρά-

161 2720 306 2785 ξεων·
343 2724 489 2783 τέλος
513 2726 569 2777 δὲ
598 2728 631 2795 ὴ
656 2725 959 2796 καθαρότης
986 2729 1083 2797 τῆς
1107 2729 1348 2797 καρδίας.
1382 2730 1578 2798 Διόπερ
1603 2733 1685 2782 ἐν-

159 2809 313 2864 ταῦθα
344 2814 438 2882 μὲν
472 2815 560 2867 ὅτε
601 2814 907 2883 ἐλέγχονται
940 2818 987 2868 oi
1011 2818 1215 2885 ψεκτοὶ,
1246 2818 1311 2870 τά
1342 2819 1438 2888 τῆς
1465 2820 1684 2890 καρδίας

159 2901 460 2973 ἀνομήματα
503 2907 799 2976 πρότερον,
842 2909 933 2959 καὶ
987 2908 1103 2959 τότε
1156 2908 1221 2961 τά
1275 2910 1681 2980 συμπλεκόμενα

159 2990 439 3062 ἀδικήματα
461 2997 580 3058 ταῖς
602 2996 787 3065 χερσὶν
814 2997 1138 3066 ὠνόμασται.
1175 2998 1314 3050 Ἀντὶ
1327 2998 1381 3049 δὲ
1398 2998 1487 3050 τοῦ
1510 3017 1526 3048 ι
1552 3015 1685 3068 συμ-

159 3077 392 3136 πλέκουσι
440 3103 459 3135 ι
505 3084 796 3138 θεοδοτίων
823 3087 914 3138 καὶ
940 3090 972 3156 ἠ
1011 3087 1227 3157 πέμπτη
1254 3087 1477 3153 ἑκδοσις,
1514 3108 1532 3139 ι
1572 3089 1687 3142 διαο

160 3172 512 3241 σταθμίζουσιν
529 3192 545 3207 ⁸
576 3195 594 3226 ι
645 3175 870 3238 ’Δκύλας
894 3177 950 3229 δὲ
980 3196 999 3227 ι
1025 3176 1455 3247 διασταθμίζεται
1483 3198 1503 3229 ι
1531 3196 1687 3250 περι-

158 3257 273 3328 έχει.
310 3262 419 3333 Οὐχ
447 3265 521 3327 ὡς
550 3265 731 3335 ἔτυχε,
761 3266 910 3335 φησὶ,
952 3266 1314 3333 συμπλέκουσι
1335 3265 1432 3336 τὴν
1455 3266 1682 3331 ἀδικίαν,

156 3349 275 3404 ἀλλὰ
300 3353 381 3406 διὰ
420 3355 620 3417 ταύτας
647 3357 747 3417 τὰς
777 3355 990 3416 κακίας,
1022 3354 1331 3418 ἐπελθόντος
1359 3356 1491 3425 αὐτῇ
1522 3373 1684 3428 στρα-

156 3442 376 3506 τοπέδου,
406 3445 636 3515 ἔφθασεν
669 3446 704 3515 ἡ
736 3446 933 3515 ἀνομία
972 3446 1066 3498 καὶ
1094 3446 1127 3514 ἡ
1154 3445 1445 3512 ἀντιλογία,
1472 3448 1562 3499 καὶ
1593 3449 1685 3500 ἐπὶ

154 3529 213 3581 τὰ
239 3533 378 3604 τείχη
422 3535 594 3604 αὐτῆς
623 3536 750 3596 τοὺς
781 3533 1143 3604 φρουροῦντας
1186 3534 1353 3603 αὐτὴν
1388 3535 1559 3605 ἱεροὺς
1589 3538 1685 3603 ἀγ-

154 3619 323 3686 γέλους
343 3640 356 3653 ·
389 3626 479 3676 καὶ
503 3626 607 3694 γὰρ
636 3619 780 3677 οὗτοι
808 3623 1155 3691 ἐγκατέλιπον
1185 3623 1347 3692 αὐτὴν
1385 3625 1683 3694 ἀνομοῦσαν

153 3709 236 3760 καὶ
258 3712 631 3781 ἀντιλέγουσαν
665 3714 876 3785 ἐωρακὸ
888 3726 983 3775 ;ες.
1028 3713 1169 3765 Διότι
1207 3732 1224 3764 ι
1253 3713 1443 3782 ἀνομία
1475 3716 1560 3766 καλ
1590 3716 1685 3767 πό-

152 3813 250 3862 νος,
278 3821 295 3851 ι
329 3803 562 3866 ἐναντίος
589 3806 657 3873 τῇ
689 3805 943 3873 ἐπαινετῇ
968 3804 1147 3873 ἡδονῇ,
1182 3822 1200 3854 ι
1220 3806 1275 3856 ἐν
1307 3805 1452 3875 μέσῳ
1477 3806 1640 3875 αὐτῆς
1660 3827 1677 3857 ι

151 3888 236 3939 σὺν
281 3891 457 3964 ἀδικίᾳ
502 3893 812 3963 γεγένηται,
858 3891 933 3953 ῶς
985 3910 1003 3942 ι
1034 3891 1105 3962 μὴ
1158 3892 1423 3946 ἐκλείπειν
1466 3896 1529 3946 ἐκ
1578 3895 1682 3946 τῶν

150 3975 395 4031 πλατειῶν
421 3980 588 4048 αὐτῆς
616 3979 774 4031 τόκον
806 3978 900 4031 κα)⁵
923 3978 1091 4041 δόλον,
1121 3997 1140 4030 ι
1170 3978 1545 4049 δολιευομένων
1576 3981 1682 4035 τῶν

148 4066 415 4120 οἰκούντων
447 4069 617 4137 αὐτὴν
650 4068 717 4120 δι’
750 4060 822 4119 ὧν
849 4067 1096 4137 φρονοῦσι
1144 4068 1387 4137 πονηρῶς
1406 4085 1419 4098 ·
1457 4069 1684 4123 κοπιών-

148 4168 240 4205 των
266 4156 320 4207 δὲ
362 4157 439 4226 τῷ
468 4157 647 4227 αἴρειν
692 4157 774 4224 ἐφ’
808 4157 1015 4218 ἑαυτοῖς
1064 4156 1123 4208 τὸ
1148 4157 1248 4225 τῆς
1279 4158 1471 4220 κακίας
1497 4159 1678 4228 ἄχθος,

149 4243 359 4315 μολίῶῳ
392 4245 890 4317 παραϐαλλομένης.
932 4247 1038 4298 Καὶ
1070 4245 1323 4308 πλατείας
1352 4246 1517 4316 αὐτῆς
1548 4251 1680 4319 ἡγη-
1711 4264 1753 4318 ι)

144 4329 251 4384 τέον
274 4329 406 4387 εἶναι
433 4335 533 4396 τὰς
560 4335 649 4388 διά
679 4334 739 4387 τὸ
774 4332 1043 4403 φιλήδονον
1073 4333 1434 4397 πλατυνούσας
1462 4338 1676 4400 ἐαυτάς,

144 4419 213 4489 τῷ
239 4423 329 4493 τὴν
357 4423 615 4476 πλατεῖαν
648 4424 741 4476 καὶ
768 4424 1070 4494 εὐρύχωρον
1104 4423 1301 4477 ὁδεύειν
1338 4424 1475 4489 ὁδὸν,
1502 4426 1680 4478 τουτέ-

145 4524 240 4573 στι,
262 4511 351 4565 τὸν
382 4512 627 4584 ἡδονικδν
659 4514 753 4566 καὶ
778 4513 1069 4582 παθητικὸν
1106 4513 1247 4582 βίονο
1276 4516 1332 4566 ἐν
1361 4515 1548 4577 αύταίς
1572 4516 1677 4587 γὰρ

145 4598 222 4651 ἀεὶ
267 4601 438 4670 μένων
486 4605 516 4655 ό
561 4603 691 4673 περὶ
733 4602 798 4654 τὰ
832 4603 973 4655 κακά
1023 4604 1204 4667 κόπος,
1239 4604 1329 4655 καὶ
1370 4604 1399 4655 ό
1429 4606 1554 4675 περί
1581 4607 1677 4669 τὰς

144 4688 341 4756 ἀπάτας
380 4695 548 4758 δόλος,
584 4693 920 4764 πληροῦσθαι
970 4698 1111 4747 ποιεῖ
1143 4696 1219 4755 τὸ,
1259 4715 1277 4745 ι
1306 4697 1417 4749 Ούκ
1441 4695 1679 4759 ἐξέλιπεν

143 4777 202 4831 ἐκ
240 4781 342 4834 τῶν
386 4782 656 4837 πλατειῶν
685 4782 851 4851 αὐτῆς
880 4783 1035 4846 τόκος
1062 4785 1152 4836 καὶ
1193 4784 1355 4848 δόλος.
1382 4804 1401 4836 ι
1438 4786 1546 4838 Καὶ
1576 4784 1681 4857 γὰρ

141 4867 599 4942 διασταθμίζοντες
622 4873 824 4925 ἕκαστα
844 4872 947 4926 τῶν
971 4856 1309 4944 ἀδικημάτων
1334 4876 1410 4937 είς
1430 4875 1524 4946 τὴν
1548 4856 1682 4945 συμ-

143 4959 331 5032 πλοκὴν
382 4964 477 5035 τῆς
511 4964 712 5025 κακίας
760 4965 808 5017 οἱ
851 4964 987 5034 πρὸς
1030 4965 1128 5034 τὴν
1178 4965 1387 5018 ἀδικίαν
1422 4967 1681 5037 εὐχερεῖς,

142 5046 454 5115 ἀδιαστάτως
499 5052 782 5125 ἐνεργοῦσι
835 5052 904 5105 τά
952 5053 1139 5123 αἱρετά
1189 5056 1267 5116 είς
1311 5053 1684 5118 ἀνεξάλειπτον

145 5138 328 5210 στήλην
373 5140 948 5213 παραλαμϐανομένων
994 5141 1100 5193 τῶν
1147 5140 1389 5212 πράξεων
1438 5143 1534 5213 τῆς
1572 5144 1686 5197 ἀδι-

145 5229 256 5293 κίας
287 5232 485 5288 αὐτῶν.
572 5304 575 5309 η

1782 1741 2047 1809 justitiam
2089 1741 2344 1808 loquitur.

1854 1828 2017 1886 Vens.
2058 1832 2114 1886 5.
2167 1830 2375 1886 Etenim
2426 1833 2478 1886 in
2524 1834 2676 1885 corde
2722 1832 3040 1899 iniquitates,
3094 1842 3201 1888 etc.
3250 1832 3321 1889 υι

1785 1931 1962 1971 sermo
2020 1920 2287 1985 signiticet
2351 1918 2553 1971 fontem
2609 1919 2824 1986 quidem
2874 1933 2937 1972 ac
2998 1920 3317 1988 principium

1785 2009 1958 2061 omnis
1990 2010 2193 2075 peccati
2219 2005 2342 2062 esse
2369 2019 2599 2062 mentem
2640 2009 2891 2077 improbi,
2924 2025 3042 2077 qme
3066 2012 3318 2079 ἱηίηιιίιιιι

1787 2100 1926 2151 tibus
1947 2099 2229 2161 redundat,
2254 2100 2396 2153 sicut
2416 2098 2635 2168 quidam
2656 2098 2831 2153 ﬂuxus
2848 2100 2914 2153 de
2937 2110 3077 2154 terra
3100 2117 3116 2165 ;
3144 2111 3321 2157 actum

1784 2202 1932 2249 vero,
1970 2187 2121 2254 cujus
2144 2187 2445 2257 symbolum
2485 2197 2611 2243 sunt
2651 2204 2865 2251 manus,
2903 2204 3023 2244 esse
3056 2192 3319 2245 exercita-

1787 2280 1985 2332 tionem
2015 2293 2133 2346 quae
2166 2295 2194 2330 a
2240 2289 2417 2332 mente
2464 2288 2746 2345 promanat
2781 2295 2796 2342 ;
2834 2279 3063 2346 primum
3107 2280 3321 2346 quidem

1789 2383 1886 2437 per
1915 2382 2007 2421 cor
2042 2368 2357 2432 nominavit,
2386 2369 2680 2423 secundum
2704 2382 2831 2421 vero
2859 2383 2955 2436 per
2983 2383 3192 2422 manus.
3234 2370 3326 2421 At-

1786 2473 1891 2525 que
1917 2459 2120 2527 peccati
2150 2458 2365 2524 quidem
2397 2458 2716 2525 principium
2743 2466 2827 2511 est
2855 2472 2883 2510 a
2911 2460 3097 2518 corde,
3120 2467 3175 2511 et
3202 2458 3324 2512 linis

1785 2546 1835 2599 in
1867 2546 2270 2613 operationibus
2297 2560 2312 2598 :
2344 2547 2396 2598 in
2428 2547 2495 2600 iis
2524 2554 2702 2599 autem
2750 2547 2843 2615 qui
2886 2548 2953 2599 ad
2993 2546 3159 2599 Deum
3194 2561 3324 2600 con-

1784 2644 2084 2700 vertuntur,
2123 2634 2450 2703 principiunt
2480 2634 2695 2688 ducitur
2721 2650 2749 2686 a
2777 2649 3059 2702 pravorum
3102 2644 3318 2689 actuum

1784 2725 2147 2786 abstinentia;
2186 2711 2309 2777 linis
2355 2737 2481 2776 vero
2517 2733 2600 2777 est
2644 2725 2853 2790 puritas
2887 2726 3090 2781 cordis.
3117 2724 3321 2780 Idcirco

1784 2814 1996 2880 quando
2020 2814 2108 2867 hic
2147 2813 2182 2866 ii
2219 2814 2308 2882 qui
2356 2813 2653 2880 culpabiles
2679 2821 2801 2867 sunt
2834 2815 3320 2881 reprehenduntur,

1786 2902 2011 2969 primum
2043 2903 2236 2954 delicta
2280 2903 2478 2967 cordis,
2510 2916 2573 2957 ac
2611 2903 2803 2956 deinde
2837 2903 3164 2971 iniquitates,
3200 2919 3318 2971 quae

1787 2989 2033 3042 manibus
2065 2990 2396 3043 concinnata:
2426 3001 2569 3054 sunt,
2600 2991 2969 3046 nominantur.
2997 2991 3102 3045 Pro
3137 3011 3156 3045 ι
3193 3007 3321 3047 con—

1787 3077 2008 3129 cinuant
2051 3095 2068 3127 ι
2140 3088 2317 3133 autem
2376 3076 2707 3131 Theodotion
2774 3088 2829 3132 et
2877 3079 3062 3146 quinta
3132 3080 3321 3145 editio,

1788 3164 1946 3234 735
1979 3184 1997 3215 ι
2027 3165 2251 3230 librant;
2288 3185 2307 3218 ι
2337 3166 2525 3233 Aquila
2558 3181 2683 3221 vero
2711 3185 2730 3218 ι
2764 3168 2926 3221 librat
2959 3187 2979 3220 ›
3009 3168 3187 3222 habet.
3207 3168 3321 3223 Non

1785 3258 2265 3322 quomodocunque
2290 3296 2305 3320 ,
2346 3252 2549 3323 inquit,
2591 3258 2917 3311 concinnant
2964 3257 3321 3325 iniquitatem.

1783 3346 1875 3398 sed
1931 3355 2146 3411 propter
2210 3346 2307 3398 has
2364 3348 2691 3413 pravitates,
2755 3349 3165 3414 superveniente
3222 3349 3320 3418 ipsi

1783 3432 2046 3493 exercitu,
2096 3435 2342 3499 pervenit
2376 3434 2632 3499 iniquitas
2660 3444 2717 3486 et
2764 3435 3116 3490 contradictio
3152 3437 3319 3490 etiam

1783 3520 1849 3572 ad
1878 3534 2060 3573 muros
2095 3520 2232 3587 ejus,
2257 3522 2506 3575 custodes
2529 3522 2785 3574 nimirum
2825 3521 2940 3588 ejus
2974 3533 3190 3577 sanctos
3220 3540 3321 3577 an—

1781 3610 1928 3681 gelos
1965 3625 1981 3664 :
2016 3611 2070 3664 hi
2124 3612 2265 3664 enim
2310 3611 2451 3664 illam
2504 3612 2894 3676 deseruerunt,
2947 3611 3088 3680 quod
3142 3613 3319 3666 vidis-

1782 3710 1901 3756 sent
1937 3702 2332 3770 deliuqucntem
2375 3710 2428 3754 et
2453 3703 2931 3755 coutradiceutem.
2986 3701 3321 3771 Quapropter

1786 3808 1806 3841 ι
1868 3790 2126 3859 iniquitas
2178 3800 2234 3845 et
2288 3788 2482 3854 labor,
2545 3807 2564 3840 ι
2627 3790 2718 3857 qui
2758 3789 3006 3845 laudabili
3064 3791 3316 3860 voluptati

1781 3880 2083 3935 contrarius
2129 3888 2229 3939 est,
2284 3897 2303 3930 ι
2359 3880 2411 3932 in
2445 3879 2620 3933 medio
2663 3880 2801 3948 ejus,
2843 3898 2862 3930 ι
2897 3895 3016 3933 cum
3055 3881 3318 3949 injustitia

1781 3971 2121 4033 exstiterunt,
2152 3978 2213 4024 ut
2252 3987 2272 4022 ι
2301 3984 2404 4023 non
2439 3970 2689 4023 deﬁceret
2720 3972 2786 4024 de
2805 3971 2993 4038 plateis
3017 3970 3131 4038 ejus
3156 3986 3316 4026 usura

1780 4069 1834 4113 et
1858 4060 2008 4114 dolus
2029 4061 2096 4126 ⁷⁸,
2124 4079 2142 4111 ι
2165 4060 2354 4115 incolis
2383 4059 2500 4129 ejus
2527 4075 2623 4128 per
2655 4075 2718 4115 ea
2748 4076 2866 4129 quae
2892 4076 3140 4129 perverse
3163 4078 3315 4117 com-

1782 4149 2139 4204 miniscuntur
2173 4150 2355 4204 dolose
2406 4151 2719 4219 agentibus;
2772 4151 3136 4206 laborantibus
3183 4167 3311 4207 vero

1781 4246 1841 4292 ut
1888 4239 2139 4293 tollerent
2191 4253 2353 4307 super
2383 4255 2441 4294 se
2480 4256 2615 4295 onus
2661 4240 2897 4305 malitiae,
2929 4256 3047 4310 qua:
3099 4241 3316 4312 plumbo

1781 4338 2145 4402 comparatur.
2195 4329 2356 4398 Atqui
2395 4330 2601 4399 plateas
2635 4330 2755 4399 ejus
2790 4332 3199 4388 existimandum
3238 4342 3320 4387 est

1779 4434 1901 4475 esse
1925 4418 2061 4481 illas,
2100 4431 2219 4486 qua:
2245 4432 2340 4486 per
2366 4432 2603 4471 amorem
2628 4419 2912 4487 voluptatis
2952 4419 3156 4489 seipsas
3183 4423 3317 4476 dila-

1782 4518 1918 4574 tant,
1972 4507 2098 4560 dum
2141 4507 2301 4559 latam
2339 4515 2396 4559 et
2442 4508 2732 4576 spatiosum
2763 4510 2899 4563 viam
2923 4500 3228 4575 ambulant,
3265 4511 3318 4565 id

1782 4605 1884 4661 est,
1931 4597 2100 4649 vitam
2159 4594 2511 4663 voluptariam
2563 4605 2617 4650 et
2664 4598 3005 4667 passiouibus
3052 4599 3315 4665 deditam;

1785 4702 1907 4740 cum
1945 4687 2087 4738 enim
2118 4683 2170 4736 in
2210 4684 2277 4738 iis
2313 4698 2524 4751 semper
2557 4698 2768 4740 maneat
2799 4687 2947 4741 labor
2973 4688 3117 4741 circa
3159 4689 3318 4753 mala,

1786 4787 1948 4847 atque
1977 4778 2128 4831 dolus
2159 4777 2307 4831 circa
2349 4777 2711 4846 deceptiones,
2745 4779 2867 4834 hinc
2903 4779 2960 4831 ﬁt
3001 4789 3063 4832 ut
3099 4781 3323 4848 implea-

1784 4877 1871 4921 tur
1919 4867 2083 4932 illud,
2129 4885 2149 4919 ι
2189 4867 2303 4921 Non
2342 4868 2537 4923 defecit
2572 4870 2638 4925 de
2675 4870 2864 4939 plateis
2900 4870 3023 4943 ejus
3056 4884 3219 4923 usura
3269 4877 3325 4922 et

1782 4955 1952 5012 dolus.
1983 4974 2002 5007 ι
2031 4957 2239 5011 Etenim
2271 4956 2392 5010 dum
2420 4957 2606 5027 hi,qui
2641 4961 2707 5012 ad
2734 4958 3074 5029 iniquitatem
3096 4954 3325 5020 prompti

1781 5056 1924 5110 sunt,
1966 5048 2211 5116 singulas
2262 5048 2577 5116 iniquitates
2622 5049 2689 5102 ad
2724 5060 2890 5099 unum
2930 5042 3153 5096 malitiae
3183 5056 3331 5093 com-

1781 5136 1992 5204 plexum
2020 5137 2241 5202 librant,
2281 5139 2649 5193 indesinenter
2688 5134 2995 5187 desiderata
3025 5128 3337 5193 ιιετίίεῖυηῑν

1784 5228 1849 5279 ad
1897 5226 2234 5281 indelebilem
2279 5228 2583 5283 columnam
2623 5221 2928 5288 assumptis
2954 5213 3217 5281 θρεΐῖδυε
3237 5214 3345 5269 in"

1784 5315 2001 5385 quitatis
2027 5330 2235 5371 eorum.

208 5408 250 5439 ⁸⁸
296 5408 479 5463 Matth.
528 5425 688 5471 χχιιι,
721 5409 810 5464 28.
884 5407 951 5439 ⁸⁸·
987 5404 1155 5458 lCor.
1192 5420 1230 5468 ι,
1270 5404 1357 5457 30.
1430 5404 1473 5435 ³⁷
1522 5403 1665 5464 Psal.
1708 5424 1815 5473 LIV,
1867 5411 1954 5463 ll.

210 5500 313 5569 (69)
346 5504 591 5573 ἰδιιηιιειι⁸
625 5503 685 5555 τί
711 5503 897 5565 ἐστιν,
920 5508 1024 5552 etc.
1057 5498 1252 5551 Catena
1300 5495 1556 5552 Corderii.

1864 5502 1950 5573 70)
1988 5503 2117 5557 Ἵνα
2147 5499 2410 5569 δηλώσῃ,
2447 5506 2552 5551 etc.
2588 5489 2844 5548 Eadem.

3724 2 3751 31 te

3734 68 3751 109 Β

3740 454 3755 559 ε

3740 568 3753 729 ἓ
