3910 6224
258 232 284 284 1
311 234 418 289 581

1241 240 1544 298 SELECTA
1582 242 1647 295 IN
1678 239 2005 295 PSALMOS.
2044 270 2111 278 —
2146 239 2336 294 PSAL.
2376 238 2486 294 LX.

3334 231 3471 287 H82

250 349 338 401 τὰ
385 350 534 420 μέσα
579 351 677 422 τῆς
722 353 842 424 γῆς,
892 353 983 407 καὶ
1027 356 1084 407 ἐν
1116 355 1300 423 ἄκροις
1331 355 1505 410 αὑτῶν
1550 358 1831 427 γενόμενος

1947 357 2089 410 etiam
2122 355 2310 408 David.
2357 354 2562 406 Idcirco
2593 350 2802 420 quidem
2837 348 2972 417 fugit
3018 347 3133 401 loca
3165 346 3333 400 media
3363 357 3471 400 ter-

254 438 414 490 ἐϐόα
440 442 582 510 πρὸς
612 441 701 493 τὸν
719 439 849 493 Θεόν
869 458 881 469 ·
917 442 1007 494 ἐπὶ
1047 442 1101 494 δὲ
1151 445 1214 512 τῇ
1243 443 1349 494 τῶν
1389 444 1593 496 πολλῶν
1623 446 1713 497 καὶ
1748 443 1835 495 αὑ-

253 527 372 579 τοῦ
423 530 524 582 τοῦ
577 532 747 584 Σαοὺλ
788 531 1027 602 ἀπωλείᾳ
1050 572 1064 595 ,
1113 532 1209 602 τὴν
1253 531 1425 603 ψυχὴν
1470 535 1676 602 ἀλγῶν,
1727 534 1834 586 ἀπ-

256 630 287 664 ε
298 615 555 670 κλαίετο.

357 704 470 755 ,Ἑν
517 704 700 771 πέτρᾳ
749 704 996 772 ὒψωσάς
1015 723 1108 774 με,
1144 723 1196 758 κ.
1221 724 1270 759 τ.
1309 709 1353 759 ὲ.
1407 707 1612 776 Πέτραν
1642 708 1837 777 σημαί-

255 789 474 841 νεσθαι
503 790 613 858 (94)
661 791 980 860 ὲκδεξόμεθα
1018 793 1238 861 ῥέουσαν
1279 794 1632 863 πνευματικὸν
1669 795 1834 862 πόμα,

256 877 369 928 τὸν
410 879 648 949 Χριστόν
676 896 833 947 φημι.
884 880 942 931 Ὀ
979 881 1036 931 ὲν
1060 882 1225 952 ταύτῃ
1246 884 1310 951 τῇ
1337 881 1508 951 πέτρᾳ
1535 881 1834 949 γενόμενος,

257 965 354 1033 τῷ
397 967 649 1034 μετέχειν
673 967 837 1034 αὐτῆς
870 967 1120 1037 (ὑπάρχει
1161 969 1268 1039 γάρ
1295 987 1313 1018 ι
1340 969 1514 1036 σοφία,
1537 971 1629 1021 καὶ
1649 969 1839 1021 δικαιο-

259 1056 446 1126 σύνη,
496 1057 590 1108 καὶ⁸
617 1057 880 1126 ἁγιασμός
916 1057 961 1124 ι)
1001 1058 1378 1127 μετεωρίζεται
1409 1058 1546 1110 κατὰ
1573 1057 1662 1110 τὸν
1694 1058 1834 1121 νοῦν,

258 1143 422 1211 ὑψοῦ
432 1162 595 1212 μενος
629 1145 732 1196 ὑπὸ
764 1145 856 1197 τοῦ
880 1145 1033 1197 Θεοῦ.
1077 1148 1184 1198 Καὶ
1221 1148 1266 1198 οἱ
1302 1146 1526 1198 ἕπεσθαι
1548 1146 1604 1197 δὲ
1629 1146 1702 1215 τῷ
1726 1148 1837 1198 Σω-

257 1235 412 1304 τῆρι
435 1233 780 1304 προθέμενοι,
807 1236 944 1288 κατὰ
965 1235 1060 1297 τὰς
1077 1236 1234 1288 αὑτοῦ
1250 1235 1554 1306 προτροπὰς
1576 1235 1834 1302 λέγοντος,

266 1338 290 1371 α
319 1322 506 1374 Δεῦτε
536 1323 709 1374 ὀπίσω
747 1339 864 1392 μου,
886 1343 903 1373 ι
929 1323 1101 1392 ὁδηγῷ
1122 1324 1266 1392 αὑτῷ
1303 1323 1590 1393 χρώμενοι,
1623 1325 1720 1392 τῆς
1745 1327 1839 1376 αὑ-

258 1412 379 1479 τῆς
412 1412 700 1480 ὲπάρσεως
729 1411 1056 1474 κοινωνοῦσι,
1081 1414 1178 1465 οὐκ
1207 1413 1358 1466 ἄλλον
1387 1412 1697 1475 ἐλπίσαντες
1723 1415 1840 1482 ἡγε-

264 1503 430 1568 μόνα
477 1503 727 1572 εὑρήσειν
770 1503 864 1571 τῆς
896 1503 1126 1571 ἀγούσης
1157 1503 1288 1568 πρὸς
1311 1503 1400 1554 τὸν
1432 1503 1641 1555 πάντων
1673 1503 1839 1555 αἴτιον

254 1590 428 1642 ὁδοῦ.
462 1591 678 1660 Ταύτης
707 1591 805 1659 τῆς
833 1591 1034 1660 δωρεᾶς
1058 1591 1229 1660 τυχὼν
1262 1593 1353 1643 καὶ
1386 1591 1564 1656 Δαυῖδ,
1591 1591 1706 1660 μεθ’
1740 1591 1840 1660 ῦμ-

1942 459 2036 507 rze,
2082 452 2134 497 et
2180 443 2230 495 in
2284 441 2711 495 extremitatibus
2765 447 3028 492 terrarum
3083 434 3350 489 clamabat
3406 438 3470 489 ad

1942 530 2143 591 Deum;
2191 529 2258 583 ob
2292 528 2641 597 plurimorum
2683 542 2808 580 vero
2851 537 3010 594 atque
3051 527 3182 579 adeo
3228 526 3295 578 ob
3333 526 3472 578 Sau-

1941 620 2006 674 lis
2024 634 2231 688 quoque
2253 617 2416 686 ipsius
2441 617 2713 669 interitum
2742 615 2973 666 animam
2999 624 3273 682 torquens,
3291 614 3472 668 ﬂebat.

2011 708 2077 760 In
2106 718 2251 776 petra
2279 703 2520 758 exaltasti
2549 718 2652 765 me,
2679 711 2782 757 etc.
2831 702 2984 754 Petra
3023 703 3363 771 intelligenda
3392 713 3474 756 est

1944 796 2029 850 illa
2060 811 2177 864 qua:
2211 793 2435 848 stillavit
2478 802 2659 859 putum
2709 791 3023 857 spiritalem,
3075 792 3345 845 Christum
3395 793 3473 845 in-

1943 891 2120 954 quam.
2151 884 2248 948 Qui
2287 883 2338 935 in
2370 882 2470 934 hac
2501 890 2647 949 petra
2673 878 2855 939 fuerit,
2882 879 3051 944 ipsam
3103 881 3473 949 participando

1945 976 2048 1040 (est
2072 973 2210 1028 enim
2240 989 2259 1022 ‹
2291 967 2571 1039 sapientia,
2595 979 2648 1022 et
2670 969 2875 1034 justitia
2902 978 2954 1022 et
2974 969 3331 1025 sanctificatio
3354 972 3399 1002 “
3429 971 3476 1040 ι)

1943 1061 2230 1115 Secundum
2288 1069 2516 1112 mentem
2570 1057 2920 1122 sublimatur,
2978 1073 3005 1108 a
3060 1057 3166 1111 Deo
3217 1058 3475 1112 elevatus.

1943 1150 2200 1203 Caeterum
2254 1148 2306 1201 hi
2364 1147 2454 1213 qui
2507 1144 2845 1200 Salvatorem
2894 1160 3102 1213 quoque
3149 1147 3300 1215 sequi
3349 1163 3478 1217 pro-

1945 1240 2242 1308 posuerint,
2291 1237 2444 1305 juxta
2483 1239 2802 1292 monitiones
2842 1236 2958 1303 ejus
3004 1237 3252 1300 dicentis,
3306 1253 3327 1287 ι
3381 1234 3478 1291 Ve-

1948 1329 2057 1381 nite
2107 1337 2227 1396 pnst
2265 1342 2352 1381 me
2386 1327 2452 1390 “,
2493 1345 2512 1377 ι
2569 1327 2702 1380 duce
2753 1327 2867 1394 ipso
2910 1325 3011 1387 usi,
3054 1325 3288 1394 ejusdem
3334 1326 3478 1380 exal-

1947 1420 2158 1472 tationis
2222 1419 2515 1488 participes
2573 1427 2728 1478 sunt,
2787 1432 2890 1470 non
2966 1419 3128 1471 alium
3201 1427 3480 1488 sperantes

1945 1507 2104 1576 739
2141 1507 2372 1576 reperire
2408 1508 2594 1560 ducem
2625 1507 2721 1559 viae
2763 1520 2883 1575 qum
2915 1507 3059 1559 ducit
3091 1509 3157 1560 ad
3207 1518 3479 1562 auctorem

1945 1599 2335 1650 universorum.
2380 1596 2488 1650 Hoc
2522 1595 2718 1648 donum
2751 1611 2960 1663 quoque
3007 1597 3172 1650 David
3223 1607 3480 1651 conscen-

257 1695 370 1731 νου
403 1680 559 1746 λέγει
589 1680 664 1749 τῷ
694 1680 894 1750 Κυρίῳ’
943 1697 961 1729 ‹
1005 1680 1296 1750 Ὠδήγησάς
1331 1697 1416 1748 με,
1460 1681 1538 1732 ὅτι
1585 1681 1842 1750 ὲγενήθης

1947 1692 2044 1744 tus,
2072 1699 2190 1738 cum
2224 1685 2421 1754 hymno
2445 1685 2572 1738 dicit
2605 1685 2860 1739 Domino:
2899 1703 2917 1736 ι
2942 1684 3220 1740 ’Βεάιιχῖειί
3248 1703 3331 1743 me
3357 1691 3480 1757 quia

260 1769 446 1830 ἐλπίς
482 1785 603 1837 μουο
640 1788 658 1818 ι
705 1770 764 1821 οὑ
799 1769 950 1838 μόνον
986 1769 1041 1820 δὲ
1090 1769 1298 1838 ὁδηγὸς,
1332 1769 1465 1820 ἀλλά
1509 1769 1600 1820 καὶ
1638 1768 1844 1839 πύργος

255 1857 525 1925 γέγονάς
586 1876 674 1926 μοι
722 1858 826 1910 ἀπὸ
871 1855 1152 1926 προσώπου
1193 1857 1401 1926 ὲχθροῦ⁸
1457 1858 1516 1909 σὲ
1557 1857 1662 1928 γὰρ
1697 1860 1845 1926 ἰσχὺν

257 1947 453 2016 ἔχων,
495 1949 590 1999 καὶ
626 1946 803 2015 ἰσχύος
847 1946 1066 2016 πύργον,
1099 1946 1335 2016 ἀϐλαϐὴς
1373 1947 1628 2016 διέμειναο
1673 1949 1845 2001 καίτοι

255 2034 377 2086 τοῦ
417 2033 623 2104 ἐχθροῦ
655 2033 1001 2102 τυγχάνοντος
1024 2033 1445 2105 ἀντιπροσώπου,
1472 2037 1565 2088 καὶ
1597 2035 1844 2105 πολεμεῖν

260 2124 564 2186 θέλοντος.
594 2124 822 2174 Δύναται
840 2124 1107 2193 ἀναφορὰν
1135 2123 1272 2192 ἔχειν
1299 2126 1377 2185 είς
1399 2126 1477 2188 τὸ,
1516 2143 1534 2175 ι
1566 2125 1671 2178 ἀπὸ
1691 2143 1851 2196 προσ-

258 2211 442 2263 ώπου
512 2209 726 2279 ἐχθροῦ,
769 2226 787 2258 ι
837 2211 928 2262 καὶ
959 2210 1035 2272 τὸ,
1087 2229 1104 2259 ‹
1140 2210 1420 2279 ώδήγησάς
1481 2228 1566 2280 με,
1609 2230 1627 2262 ι
1676 2211 1848 2281 εἱρμῷ

257 2300 545 2368 τοιούτῳ·
583 2298 877 2367 Ὠδήγησάς
911 2308 976 2367 με
1000 2298 1104 2350 ἀπὸ
1137 2299 1418 2368 προσώπου
1459 2300 1667 2370 ἐχθροῦ,
1699 2300 1848 2362 ἐλπίς

265 2405 393 2459 μου
440 2387 836 2455 γεγενημένοςο
869 2387 1000 2440 ἀλλὰ
1035 2381 1127 2439 καὶ
1165 2388 1369 2457 πύργος
1405 2388 1585 2457 ἰσχύος
1619 2388 1750 2458 πρὸς
1787 2388 1848 2440 τὸ

262 2477 642 2547 ὼδηγηκέναι
678 2492 766 2543 με,
796 2475 900 2526 ἀπὸ
929 2476 1212 2544 προσώπου
1240 2477 1429 2547 ὲχθροῦ
1461 2479 1686 2544 γέγονάς
1737 2495 1844 2547 μοι.

278 2564 500 2624 Ἐλπὶς
532 2562 639 2615 τῶν
671 2563 836 2629 ἁγίων
865 2562 1085 2632 ἀληθινὴ
1115 2564 1206 2615 καὶ
1235 2564 1562 2626 ἀδιάπτωτος
1585 2567 1612 2617 ὁ
1640 2566 1844 2636 Σωτήρ·

264 2671 349 2704 πε
362 2654 422 2722 ρ).
445 2646 509 2703 οὗ
529 2667 659 2720 φησι
692 2650 916 2713 Παῦλοςο
943 2669 960 2701 ι
994 2651 1098 2702 Καὶ
1133 2646 1302 2720 Ἰησοῦ
1328 2652 1557 2722 Χριστοῦ
1582 2654 1680 2722 τῆς
1701 2652 1850 2709 ἐλπι-

264 2744 374 2804 δος
409 2741 592 2809 ἡμῶν·
640 2759 658 2790 ι
685 2741 777 2792 καὶ
805 2742 836 2808 ἡ
873 2741 1187 2810 προφητείω
1230 2756 1251 2790 t
1294 2736 1408 2793 Ἐπ’
1433 2743 1577 2812 αὑτῷ
1604 2743 1726 2814 ἔθνη
1760 2735 1849 2798 ἑλ-

268 2831 536 2884 πιοῦσιν.
593 2849 611 2880 ι
671 2829 836 2891 Αὐτὸς
885 2830 991 2896 γάρ
1040 2831 1067 2880 ὁ
1114 2831 1583 2899 προαναφωνηθεὶς
1637 2832 1847 2884 ἔσεσθαι

270 2921 473 2975 ἐθνῶν
503 2920 815 2989 προσδοκία.
844 2919 1100 2988 Παροικεῖ
1127 2921 1181 2971 δέ
1199 2937 1282 2982 τις
1306 2921 1602 2984 τελειωθεὶς
1629 2924 1684 2974 ὲν
1705 2924 1850 2989 ἁγιό-

269 3027 418 3080 τητι
455 3010 538 3070 είς
557 3009 680 3070 τοὺς
703 3007 897 3068 αἰῶνας
922 3009 977 3058 ἐν
1020 3008 1206 3077 ἐκείνῳ
1241 3008 1316 3077 τῷ
1345 3008 1672 3079 σκηνώματι·
1706 3011 1733 3062 ὂ
1760 3012 1852 3082 δη-

271 3101 374 3152 λοῖ
401 3097 490 3160 τὸ,
527 3116 545 3146 ι
584 3095 680 3158 Τίς
704 3097 1105 3165 κατασκηνώσει
1126 3099 1182 3149 ὲν
1206 3097 1316 3166 δρει
1343 3098 1479 3166 ἁγίῳ
1510 3115 1632 3162 σου;
1674 3117 1691 3150 ι
1715 3100 1852 3151 Λεώ-

273 3202 406 3239 νιον
444 3185 555 3254 γὰρ
580 3183 734 3235 τοῦτο
762 3183 950 3235 ταυτὸν
976 3184 1034 3235 ὃν
1058 3186 1121 3252 τῇ
1158 3188 1346 3254 σκηνῇ,
1381 3187 1446 3254 ἢν
1471 3185 1664 3255 ἔπηξεν
1693 3190 1720 3240 ό
1742 3188 1852 3239 Κύ-

280 3291 436 3346 ριος,
470 3272 563 3324 καὶ
585 3272 683 3323 οὐκ
711 3271 1004 3341 ἄνθρωπος,
1024 3271 1166 3341 Πλὴν
1187 3273 1234 3322 εί
1258 3273 1350 3323 καὶ
1373 3271 1512 3324 οὕτω
1524 3273 1852 3343 τελειότητος

277 3363 410 3432 ἔχει
440 3362 475 3429 ἡ
506 3358 728 3428 τοιαύτη
764 3360 954 3428 σκηνὴ,
976 3359 1049 3420 ὼς
1071 3359 1162 3410 καὶ
1185 3360 1346 3426 Ἀγια
1378 3360 1542 3426 ἀγίων
1565 3355 1720 3420 εἶναι,
1739 3363 1848 3414 ἀλλ’

281 3449 394 3504 οὖν
430 3452 549 3501 ἐστι
580 3449 695 3516 μετ’
719 3447 884 3516 αὑτὴν
916 3447 1239 3510 κατάστασις
1274 3448 1606 3516 ὑπερέχουσα
1635 3449 1739 3501 τῶν
1769 3450 1852 3502 λο-

280 3541 497 3610 γικῶν,
526 3539 647 3591 καθ’
682 3541 746 3608 ἣν
774 3539 979 3590 ἔσονται
1005 3542 1060 3590 ὲν
1083 3538 1252 3606 Πατρὶ
1279 3539 1369 3590 καὶ
1411 3538 1539 3608 Υίῷ,
1577 3539 1768 3608 μᾶλλον
1795 3540 1851 3591 δὲ

278 3633 361 3699 τῇ
392 3629 605 3699 Τριάδι·
635 3627 714 3679 διὸ
765 3630 1038 3695 παροικεῖν
1075 3629 1154 3687 είς
1199 3626 1321 3687 τοὺς
1351 3626 1566 3688 αἰῶνας,
1627 3628 1738 3679 ἀλλ’
1789 3630 1850 3680 οὑ

280 3718 576 3772 κατοικεῖν
607 3718 665 3768 ἐν
693 3715 768 3783 τῷ
800 3713 1107 3783 σκηνώματι
1135 3713 1358 3782 εἴρηται.
1409 3713 1464 3766 '0
1492 3715 1549 3765 ὲν
1576 3713 1745 3782 τούτῳ
1776 3714 1852 3784 τῷ

281 3809 434 3875 οἴκῳ
467 3805 704 3874 γεγονὼς
721 3803 1147 3872 σκεπασθησεται
1168 3804 1225 3854 ὲν
1249 3805 1312 3871 τῇ
1323 3802 1430 3855 τῶν
1455 3803 1730 3873 πτερύγων
1757 3804 1850 3856 τοῦ

283 3895 438 3948 Θεοῦ
469 3895 665 3963 σκέπῃ.

375 3982 648 4044 Ἔδωκας
673 3978 1064 4045 κληρονομίαν
1079 3973 1214 4042 ’τοῖς
1242 3978 1637 4046 φοϐουμένοις,
1655 3995 1708 4029 κ.
1734 3995 1783 4031 τ.
1801 3981 1847 4031 ἑ.

287 4071 565 4131 Πλούσιος
595 4069 702 4137 γὰρ
750 4067 858 4137 (95)
890 4066 984 4129 ὢν,
1026 4067 1175 4135 φησὶ,
1226 4067 1317 4118 καὶ
1365 4066 1598 4135 μεγάλας
1651 4067 1851 4136 δωρεὰς

288 4157 583 4227 παρέχειςο
623 4154 815 4225 μᾶλλον
846 4154 901 4205 δὲ
921 4153 1264 4222 χαριζόμενος
1292 4157 1400 4214 τοῖς
1413 4153 1628 4215 τελείοις
1650 4153 1742 4205 ἀνθ
1752 4153 1851 4221 ρώ-

1944 1771 2116 1826 factus
2148 1787 2208 1826 es
2236 1787 2356 1841 spes
2395 1788 2547 1826 mea:
2581 1792 2600 1826 ι
2646 1789 2750 1827 non
2793 1773 2960 1826 solum
3001 1785 3173 1828 autem
3204 1777 3303 1828 dux
3330 1815 3346 1838 ,
3388 1777 3479 1829 sed

1944 1862 2101 1914 etiam
2128 1861 2289 1914 turris
2320 1860 2492 1914 factus
2517 1876 2576 1916 es
2612 1862 2736 1914 mihi
2767 1875 2795 1912 a
2823 1861 2956 1915 facie
2991 1862 3228 1916 inimici:
3259 1873 3309 1916 te
3338 1864 3478 1916 enim

1945 1947 2307 2003 fortitudinem
2351 1947 2552 2002 habens
2597 1957 2650 2002 et
2685 1948 3010 2002 fortitudinis
3042 1950 3251 2011 turrim,
3285 1949 3480 2003 iliiesus

1945 2036 2240 2106 permansi;
2277 2037 2484 2091 tametsi
2513 2038 2758 2092 inimicus
2778 2045 2918 2092 esset
2941 2049 3065 2092 ante
3092 2038 3278 2092 faciem
3309 2055 3479 2093 meam

1945 2136 1999 2180 et
2038 2139 2347 2195 oppugnare
2391 2141 2474 2179 me
2525 2125 2703 2180 vellet.
2757 2125 2936 2179 Putest
2962 2125 3152 2180 referri
3201 2126 3266 2180 ad
3311 2127 3479 2190 illud,

1951 2230 1971 2266 ‹
1999 2228 2032 2268 a
2066 2215 2204 2270 facie
2249 2215 2473 2278 inimici,
2501 2233 2519 2267 ι
2556 2217 2716 2270 etiam
2750 2216 2916 2281 istud,
2953 2234 2972 2268 ι
3001 2216 3264 2271 deduxisti
3297 2232 3383 2271 me
3406 2256 3423 2280 ,
3456 2237 3476 2269 ι

1947 2303 2037 2358 tali
2071 2305 2402 2358 connexione
2426 2323 2438 2357 :
2459 2305 2731 2360 Deduxisti
2767 2321 2851 2359 me
2881 2321 2910 2360 a
2942 2306 3076 2360 facie
3110 2305 3330 2368 inimici,
3359 2323 3481 2376 Spes

1947 2408 2062 2447 mea
2094 2392 2305 2458 factus;
2352 2395 2445 2448 sed
2486 2403 2541 2448 et
2572 2395 2734 2449 turris
2769 2395 3094 2450 fortitudinis
3125 2397 3189 2449 ad
3219 2397 3485 2450 deducen-

1947 2483 2069 2535 dum
2106 2497 2189 2536 me
2215 2521 2230 2546 ,
2267 2497 2297 2535 a
2337 2483 2472 2536 facie
2501 2484 2700 2538 inimici
2734 2484 2864 2536 mihi
2902 2483 3068 2538 fuisti.
3104 2484 3236 2552 Spes
3265 2494 3481 2538 sancto-

1947 2584 2063 2623 rum
2089 2585 2214 2624 vera
2243 2580 2295 2624 et
2318 2571 2628 2626 iudeficieus
2653 2581 2733 2624 est
2759 2571 3034 2632 Salvator;
3067 2572 3132 2624 de
3156 2587 3262 2639 quo
3286 2571 3484 2626 Paulus

1947 2658 2057 2711 ait:
2093 2677 2112 2710 ‹
2140 2659 2206 2712 Ει
2252 2659 2447 2714 Christi
2488 2657 2612 2714 Jesu
2644 2654 2755 2727 spei
2788 2668 2984 2713 nostra:
3011 2661 3088 2724 “;
3119 2678 3138 2710 ι
3170 2670 3225 2714 et
3256 2661 3484 2728 prophe-

1949 2747 2018 2801 tia
2049 2768 2060 2801 :
2101 2765 2120 2798 ι
2148 2746 2202 2800 1η
2235 2747 2347 2816 ipso
2379 2757 2564 2817 gentes
2593 2749 2882 2816 sperabunt
2907 2749 2968 2802 ⁸⁷.
3001 2766 3020 2801 ι
3042 2745 3156 2816 ipse
3182 2750 3320 2802 enim
3350 2763 3481 2817 pra!-

1949 2833 2224 2888 nuutiatus
2243 2844 2326 2889 est
2355 2835 2472 2890 fore
2499 2838 2735 2905 gentium
2765 2838 3115 2904 exspectatio.
3131 2835 3298 2888 Porro
3327 2837 3480 2888 inhao

1949 2921 2085 2976 bitat
2129 2923 2325 2992 aliquis
2371 2925 2638 2993 perfectus
2677 2925 2728 2978 iu
2779 2926 3058 2978 sanctitate
3097 2925 3149 2977 in
3202 2924 3392 2978 smcula
3429 2923 3482 2977 in

1950 3011 2040 3064 illo
2073 3012 2452 3066 tabernaculo:
2495 3015 2634 3082 quod
2666 3013 2904 3068 declarat
2950 3014 3089 3068 istud
3114 3056 3129 3079 ,
3179 3033 3198 3065 ι
3231 3013 3362 3080 Quis
3395 3028 3480 3066 re-

1951 3098 2190 3166 quiescet
2220 3100 2272 3152 in
2306 3109 2483 3154 monte
2533 3111 2721 3155 sancto
2767 3111 2854 3154 tuo
2885 3101 2967 3154 “l
2996 3118 3014 3153 ι
3049 3101 3310 3156 Saeculum
3341 3105 3481 3156 enim

1950 3189 2075 3243 illud
2104 3190 2240 3242 idem
2277 3198 2358 3243 est
2398 3191 2540 3257 quod
2572 3191 2970 3244 tabernaculum
2997 3229 3013 3255 ,
3046 3193 3185 3260 quod
3221 3193 3336 3244 fixit
3383 3193 3486 3245 Do-

1950 3279 2145 3338 minus,
2175 3286 2227 3330 et
2259 3293 2363 3330 non
2401 3279 2582 3334 homo.
2614 3279 2870 3334 Caeterum
2905 3280 2948 3334 si
2990 3281 3148 3332 etiam
3185 3279 3481 3334 istiusmodi

1951 3365 2347 3419 tabernaculum
2407 3377 2606 3420 tantam
2671 3367 2914 3420 habuerit
2960 3367 3376 3435 perfectionem,
3428 3378 3483 3421 nt

1951 3453 2144 3508 Sancta
2171 3465 2474 3510 sanctorum
2509 3457 2579 3509 sit
2603 3495 2618 3519 ,
2651 3459 2834 3524 utique
2874 3465 2992 3525 post
3048 3457 3175 3510 illud
3205 3469 3286 3512 est
3314 3468 3485 3512 status

1950 3545 2281 3598 rationabilia
2313 3543 2713 3610 trauscendens,
2739 3546 3025 3600 secundum
3057 3562 3213 3614 quem
3245 3557 3401 3600 erunt
3430 3549 3480 3600 iu

1949 3633 2110 3686 Patre
2139 3642 2193 3686 et
2218 3633 2372 3697 Filio,
2413 3636 2516 3687 imo
2549 3635 2722 3701 potius
2749 3634 2800 3688 in
2828 3633 3088 3688 Trinitate
3113 3651 3128 3689 :
3158 3644 3484 3704 quapropter

1951 3720 2248 3776 inhabitare
2280 3723 2330 3775 in
2361 3720 2577 3783 saecula,
2611 3737 2716 3775 non
2749 3731 2924 3775 autem
2955 3724 3200 3777 habitare
3224 3724 3276 3776 in
3312 3725 3483 3777 taber-

1949 3810 2136 3863 naculo
2162 3811 2358 3863 dictum
2389 3819 2488 3864 est.
2515 3811 2611 3875 Qui
2642 3811 2692 3864 iu
2721 3810 2822 3878 hac
2845 3810 3002 3867 domo
3033 3811 3215 3877 fuerit,
3245 3812 3343 3864 sub
3366 3827 3482 3863 um.

1944 3897 2044 3950 bra
2073 3897 2276 3950 alarum
2315 3898 2404 3952 Dei
2432 3910 2754 3968 protegetur.

2018 3984 2181 4041 Vens.
2201 3985 2255 4039 6.
2287 3985 2482 4040 Dedisti
2504 3987 2852 4040 [nereditatem
2878 3986 3189 4052 timentibus,
3213 3995 3317 4040 etc.
3346 3987 3477 4039 Cum

1947 4076 2110 4139 enim,
2138 4075 2331 4144 inquit,
2358 4077 2504 4130 dives
2529 4078 2626 4138 sis,
2653 4091 2841 4143 magna
2867 4092 3080 4145 quoque
3107 4091 3321 4129 munera
3346 4092 3480 4144 pra:-

1948 4165 2074 4218 bes:
2101 4163 2206 4218 imo
2229 4164 2532 4218 hominibus
2553 4165 2802 4233 perfectis
2827 4167 3035 4219 donans
3053 4165 3194 4220 filios
3216 4165 3307 4219 Dei
3340 4166 3477 4226 fieri,

290 4265 426 4309 ποις
463 4246 527 4298 τὺ
554 4243 800 4312 γενέσθαι
833 4259 925 4295 σου
955 4243 1118 4304 υἱοὺς,
1153 4241 1504 4311 κληρονομίαν
1539 4243 1718 4303 αὑτοῖς
1765 4241 1844 4292 δέ-

1948 4252 2311 4306 [nereditatem
2343 4254 2472 4321 ipsis
2505 4254 2734 4308 tribuisti
2770 4273 2785 4309 :
2819 4254 2916 4307 etsi
2956 4255 3099 4308 enim
3143 4262 3481 4322 exspectetur

288 4339 504 4396 δωκας·
535 4335 582 4385 εί
611 4333 718 4400 γὰρ
749 4332 842 4382 καὶ
866 4330 1214 4400 προσδοκᾶται
1230 4329 1551 4400 δοθησομένη
1589 4331 1722 4398 μετὰ
1752 4330 1845 4399 τὴν

289 4425 598 4478 ἀνάστασιν
621 4423 678 4472 ὲν
699 4419 776 4487 τῷ
799 4418 1038 4488 μέλλοντι
1060 4417 1228 4470 αίῶνιο
1264 4417 1396 4477 ἀλλά
1421 4433 1484 4484 γε
1510 4419 1586 4486 τῷ
1615 4417 1711 4487 ἤδη
1745 4418 1845 4485 ἠύ⁴

294 4510 603 4583 πρεπίσθαι
643 4509 842 4560 δέδοται
894 4511 1003 4569 τοῖς
1050 4510 1128 4569 είς
1159 4507 1323 4577 αὐτὴν
1369 4507 1507 4558 κατὰ
1539 4507 1722 4576 καιρὸν
1759 4508 1845 4560 τὸν

290 4603 489 4655 δέοντα
548 4597 952 4667 ἁχθησομένοις.
985 4597 1092 4648 Καὶ
1123 4596 1199 4647 ἑτι
1246 4599 1355 4658 τοῖς
1401 4595 1743 4664 φοϐουμένοις
1786 4596 1845 4647 τὸ

293 4690 474 4759 ὄνομα
509 4686 670 4739 αὑτοῦ
699 4688 726 4737 ὁ
757 4686 883 4748 Θεὸς
910 4685 1264 4754 κληρονομίαν
1295 4685 1507 4737 ἔδωκεν.
1555 4685 1675 4738 Ἐάν
1705 4703 1787 4748 τις

293 4776 532 4846 διαφορά
586 4773 925 4842 φοϐουμένων
965 4773 1054 4826 τὸν
1085 4773 1212 4824 Θεὸν
1250 4773 1340 4824 καὶ
1371 4772 1429 4823 τὸ
1460 4771 1623 4842 ὄνομα
1660 4773 1843 4837 αὑτοῦ,

295 4865 666 4920 πιστευόντων
695 4863 839 4931 αὑτῷ
859 4865 949 4916 καὶ
971 4863 1046 4930 τῷ
1059 4863 1275 4932 ὀνόματι
1299 4861 1481 4928 αὑτοῦ,
1509 4866 1628 4916 ἐπεὶ
1655 4864 1846 4916 πολλά-

296 4974 390 5018 κις
429 4955 664 5024 ετρηται,
705 4951 1112 5020 ὑποδεεστέρους
1142 4949 1278 5004 εἶναι
1329 4955 1450 5015 τοὺς
1478 4952 1844 5016 οἱκειωθέντας

293 5048 368 5114 τῇ
401 5043 496 5094 τοῦ
530 5040 663 5094 Θεοῦ
717 5041 1065 5109 προσηγορίᾳ,
1104 5040 1207 5091 τῶν
1242 5041 1541 5094 ἑνωθέντων
1582 5042 1725 5110 αὑτῷ
1766 5041 1842 5112 τῷ

295 5132 440 5200 Θεῷο
472 5134 572 5200 ὅρα
605 5130 680 5191 ὡς
706 5128 920 5190 καὶτοῖς
943 5127 1282 5196 φοϐουμένοις
1311 5129 1399 5180 τὸν
1426 5129 1554 5181 Θεὸν
1579 5129 1781 5183 δέδοται
1807 5133 1839 5200 ὴ

297 5220 656 5290 γληρονομίαο
705 5219 752 5268 εἰ
797 5217 902 5286 γὰρ
948 5221 1055 5280 τοῖς
1086 5218 1480 5286 ὑποδεεστέροις
1507 5220 1776 5288 ὑπῆρκται
1810 5222 1842 5289 ἡ

295 5309 462 5382 χάρις
485 5308 646 5374 αῦτη,
687 5305 859 5373 πολλῷ
890 5307 1045 5358 πλέον
1076 5309 1182 5367 τοῖς
1211 5307 1745 5376 ὑπεραναὸεὸηκόσιν.

367 5399 459 5450 ⁸⁷⁵1
490 5397 622 5448 Cor.
655 5409 695 5454 ι,
721 5393 808 5444 50.
882 5393 926 5424 ⁸⁸
966 5393 1149 5445 Matth.
1181 5408 1250 5455 Iv,
1283 5393 1363 5447 l9.
1439 5394 1482 5424 “
1511 5394 1526 5446 1
1555 5395 1689 5446 Tim.
1717 5411 1756 5454 ι.
1794 5397 1840 5448 1.

372 5485 485 5554 (94)
503 5479 738 5544 Πέτραν
761 5481 1166 5545 σημαίνεσθαι,
1190 5489 1294 5534 etc.
1321 5482 1518 5536 Catena
1549 5481 1809 5538 Corderii.

705 5567 970 5626 Ριτιιοι..
1017 5568 1108 5625 Gn
1175 5569 1313 5628 XII.

1950 4340 2190 4394 donanda
2229 4350 2348 4408 post
2372 4343 2815 4395 resurrectionem
2844 4343 2897 4394 in
2934 4342 3130 4396 saeculo
3161 4342 3375 4406 futuro;
3408 4351 3482 4396 at-

1950 4437 2122 4482 tamen
2154 4444 2272 4483 cnm
2317 4429 2633 4498 jampridem
2679 4442 2971 4498 przeparata
3021 4435 3110 4499 sit,
3145 4435 3266 4486 data
3304 4442 3388 4487 est
3416 4434 3480 4486 iis

1948 4519 2037 4586 qui
2067 4518 2208 4570 illam
2249 4526 2486 4586 tempore
2517 4527 2817 4587 Opportnuo
2858 4520 3054 4574 adituri
3085 4529 3226 4576 sunt.
3257 4521 3393 4587 Quin
3424 4531 3479 4576 et

1951 4607 2259 4661 timentibus
2294 4622 2487 4661 nomen
2527 4624 2677 4662 suum
2720 4610 2864 4662 dedit
2915 4609 3052 4664 Deus
3095 4610 3474 4665 hereditatem.

1953 4695 2007 4749 Si
2045 4695 2284 4762 quaedam
2331 4695 2401 4750 sit
2433 4695 2731 4752 differentia
2771 4701 2914 4753 inter
2946 4700 3193 4754 timentes
3231 4699 3399 4753 Deum
3427 4710 3479 4752 et

1948 4801 2140 4841 nomen
2177 4787 2290 4855 ejus
2314 4827 2329 4853 ,
2360 4789 2645 4843 credentes
2675 4789 2772 4857 ipsi
2807 4795 2860 4844 et
2909 4791 3109 4843 nomini
3160 4789 3273 4856 ejus
3303 4828 3318 4851 ,
3354 4804 3474 4841 cum

1945 4890 2087 4946 sape
2111 4875 2309 4931 dictum
2347 4879 2438 4941 sit,
2471 4877 2586 4932 illos
2616 4880 2703 4948 qui
2739 4879 3148 4948 appellationem
3189 4878 3277 4930 Dei
3307 4877 3477 4942 parti-

1944 4968 2191 5036 ciparunt
2218 4966 2498 5023 inferiores
2517 4985 2632 5023 esse
2656 4971 2721 5024 iis
2749 4971 2836 5038 qui
2871 4970 2966 5037 ipsi
3003 4969 3110 5021 Deo
3142 4967 3271 5019 uniti
3313 4975 3470 5028 sunt;

1943 5055 2065 5110 vide
2093 5065 2152 5109 ut
2180 5056 2340 5110 etiam
2376 5057 2682 5112 timentibus
2711 5059 2872 5112 Deum
2903 5059 3020 5110 data
3052 5057 3123 5108 sit
3144 5054 3426 5107 hazreditas
3455 5072 3472 5106 :

1945 5155 2068 5193 nam
2096 5141 2142 5194 si
2169 5140 2510 5197 inferioribus
2541 5143 2714 5212 gratia
2741 5144 2850 5195 haec
2877 5142 3084 5209 obtigit,
3113 5139 3278 5193 tnnlto
3307 5142 3474 5209 magis

1943 5228 2048 5284 illis
2073 5230 2164 5298 qui
2200 5231 2298 5286 hos
2330 5241 2602 5301 superant.

1931 5397 1972 5428 "'
1997 5396 2128 5450 Gen.
2161 5411 2302 5456 xux,
2335 5397 2416 5448 it).
2493 5395 2536 5425 ⁸⁸
2560 5395 2696 5448 Psal.
2727 5409 2838 5456 xw,
2871 5397 2921 5452 l.

2020 5482 2126 5553 (95)
2151 5483 2441 5545 HJOWtOC
2472 5481 2598 5548 γάρ,
2631 5490 2732 5534 etc.
2767 5482 2988 5537 Eadem.

3047 5572 3120 5624 k7
