3910 6274
284 340 409 399 H85

1192 339 1501 396 SELECTA
1536 339 1603 393 IN
1630 336 1961 395 PSALMOS.
2000 365 2071 377 —
2104 334 2297 391 PSAL.
2329 333 2463 389 LXI.

3295 328 3432 383 1486

303 451 573 523 Δμαρτίαν
596 450 702 524 γάρ
737 446 837 502 οὐκ
869 437 1140 513 ἐποίησεν,
1186 447 1263 511 ὼς
1292 452 1341 503 oi
1376 450 1467 504 ἐπὶ
1509 449 1689 503 πλεῖον
1710 464 1804 501 σα-

1919 447 2182 501 ?eccatum
2214 445 2360 501 enim
2412 458 2518 499 non
2561 442 2726 510 fecit,
2774 443 2911 498 sicut
2939 438 3013 495 illi
3063 439 3155 510 qui
3203 440 3433 508 amplius

280 539 562 610 λευόμενοι.

349 626 494 691 Ἕως
547 628 687 680 πότε
740 620 1065 677 ἐπιτίθεσθε
1107 624 1196 688 εις
1242 622 1578 692 ἄνθρωποη
1602 640 1655 676 κ.
1678 640 1727 675 τ.
1753 623 1801 677 ἑ.

280 715 439 768 Τοῦτο
465 716 647 785 ὅμοιόν
672 715 747 784 (2)
786 715 900 766 ἐστι
926 710 1021 781 τῷ,
1042 729 1060 762 ι
1088 711 1202 765 Νῦν
1233 712 1442 784 ζητεῖτέ
1472 731 1539 783 με
1560 713 1806 766 ἀποκτεῖ-

279 821 383 862 ναι.
405 824 424 854 ι
452 806 765 877 Ἄνθρωπον
787 801 1034 874 ζητοῦσιν
1070 803 1401 858 ἀτιιοκτιεῖναι⁸
1443 805 1536 857 καὶ
1564 805 1612 857 oi
1639 804 1808 856 ὲπιτι-

275 893 481 964 θέμενοι
512 894 780 966 ἀνθρώπῳ
812 892 1155 946 ἐπιτίθενται.

339 983 509 1050 Πλὴν
525 983 641 1052 τὴν
667 981 841 1052 τιμήν
858 998 976 1051 μου
996 982 1427 1035 ἐϐουλεύσαντο
1441 979 1805 1044 ἀπώσασθαι,

273 1090 323 1128 κ.
360 1090 410 1126 τ.
433 1074 479 1126 ἑ.
499 1056 659 1145 ΙΤιμὴ
682 1075 780 1145 τῆς
802 1073 876 1144 ('5)
902 1072 1122 1142 λογικῆς
1160 1072 1334 1142 ψυχῆς
1365 1072 1530 1144 ἀρετὴ
1558 1072 1649 1124 καὶ
1673 1071 1810 1139 γνῶ-

273 1177 374 1225 σις.
584 1189 588 1193 -

334 1252 508 1320 Πλὴν
533 1253 614 1319 τῷ
660 1251 780 1318 Θεῷ
803 1251 1122 1320 ὑποτάγηθι
1152 1252 1192 1319 ἠ
1230 1248 1397 1319 ψυχή
1418 1266 1555 1318 μου,
1585 1266 1637 1301 κ.
1663 1267 1711 1301 τ.
1760 1250 1809 1303 ἑ.

282 1342 400 1394 Ἐπὶ
439 1342 540 1411 μὲν
561 1346 629 1413 τῇ
660 1342 899 1412 προτέρᾳ
936 1325 1029 1412 (4)’
1055 1342 1294 1410 ὑποταγῇ
1326 1341 1601 1410 σωτήριον,
1640 1339 1730 1390 ἐπὶ
1755 1338 1811 1390 δὲ

266 1433 330 1500 τῇ
352 1429 582 1501 δευτέρᾳ
609 1431 849 1501 ὑπομονὴ
881 1430 1027 1500 παρά
1049 1430 1198 1483 Θεοῦ.
1232 1431 1340 1482 Καὶ
1370 1429 1496 1499 γὰρ,
1522 1428 1671 1496 φησὶ,
1690 1427 1814 1480 πολ-

267 1519 332 1571 λὰ
360 1519 428 1571 τὰ
451 1521 605 1591 παρὰ
635 1520 836 1573 τούτων
868 1520 1174 1589 ὲπαγόμενα
1203 1519 1363 1572 κακά’
1390 1518 1521 1572 ἀλλά
1555 1519 1688 1588 πρὸς
1719 1519 1815 1571 αὐ-

264 1608 353 1660 τὸν
372 1608 555 1678 βλέπω
574 1610 668 1661 τὸν
693 1609 843 1671 Θεὸν,
868 1609 1026 1662 αὑτὸν
1055 1608 1189 1677 ἔχων
1213 1608 1528 1678 προσδοκίαν
1555 1608 1647 1661 καὶ
1668 1607 1816 1660 ἐλπί-

265 1697 344 1749 δα·
381 1699 463 1750 διὸ
501 1701 601 1752 καὶ
629 1698 885 1768 ὑπομένω
905 1698 974 1751 τά
1002 1699 1278 1768 γενόμενω
1312 1696 1514 1759 εἰωθὼς
1558 1698 1665 1768 γάρ
1725 1713 1813 1766 μοι

267 1785 499 1857 βοηθεῖν,
523 1787 778 1859 βοηθήσει
801 1788 893 1840 καὶ
913 1787 1026 1852 νῦν,
1055 1789 1149 1839 καὶ
1168 1788 1229 1839 οὐ
1260 1785 1814 1857 συγχωρήσειτούτοις

265 1873 353 1925 τὸν
390 1876 592 1928 οίκείον
623 1875 875 1941 ἐξανύσαι
909 1874 1124 1943 σκοπὸν,
1154 1873 1290 1926 ὥστε
1320 1874 1688 1943 περιγενέσθαι
1720 1874 1816 1943 μὲν

267 1961 441 2031 ἡμῶν,
494 1963 799 2031 ἀναστῆσαι
843 1962 899 2014 δὲ
922 1962 1013 2014 καὶ⁵
1051 1960 1339 2025 ἀποδιῶξαι
1366 1960 1471 2015 τῶν
1516 1961 1813 2033 ἡμετέρων,

267 2051 357 2101 καὶ
383 2052 441 2103 ὲν
473 2053 622 2121 φυγῇ
655 2051 1008 2118 καταστῆσαι.
1738 2088 1741 2091 -

347 2140 673 2193 Ὲλπίσατε
713 2139 803 2191 ἐπ’
857 2137 1061 2197 αὐτὸν,
1086 2136 1250 2192 πᾶσα
1292 2136 1604 2206 συναγωγὴ
1644 2137 1814 2200 λαοῦ,

267 2246 320 2282 κ.
342 2247 395 2281 τ.
433 2231 484 2282 ἑ.
525 2228 674 2281 Ὠσεὶ
698 2228 845 2295 ἔλεγε
891 2227 990 2296 (5)°
1032 2227 1122 2295 Μὴ
1177 2228 1331 2297 μόνον
1362 2227 1422 2279 τὸ
1446 2229 1563 2280 κατ’
1592 2227 1818 2297 ἐκλογὴν

266 2319 485 2388 χάριτος
512 2317 576 2369 τὸ
608 2317 827 2386 λεῖμμα·
866 2317 998 2387 ὅπερ
1014 2315 1182 2380 ἔσται,
1214 2317 1301 2370 ὅτε
1332 2318 1439 2379 πᾶς
1478 2316 1686 2386 Ἰσραὴλ
1717 2333 1819 2369 σω-

267 2406 513 2476 θήσεται.
581 2423 602 2455 ι
664 2405 913 2474 Ἐκχέατε
962 2404 1187 2458 ἐνώπιον
1241 2406 1402 2459 αὐτοῦ
1452 2406 1549 2469 τὰς
1595 2407 1818 2476 καρδίας

268 2494 438 2565 ὑμῶν.
470 2513 489 2546 ι
523 2495 584 2547 '0
602 2495 776 2547 πάντα
788 2494 877 2546 τὸν
897 2493 1094 2561 φαῦλον
1115 2494 1444 2564 ἀποθέμενος
1457 2495 1816 2566 διαλογισμὸν,

267 2584 357 2634 καὶ
386 2583 576 2651 ἄκρως
604 2581 955 2650 μετανοήσας,
990 2580 1063 2642 ὡς
1092 2580 1223 2650 μηδὲ
1259 2582 1560 2651 μεμνῆσθαι
1580 2578 1685 2635 τῶν
1709 2600 1821 2652 χει-

271 2671 456 2741 ρόνων,
504 2671 721 2740 ἐξέχεεν
767 2668 986 2722 ἐνώπιον
1021 2670 1182 2722 αὑτοῦ
1216 2668 1314 2740 τὴν
1350 2671 1571 2741 καρδίαν
1607 2672 1816 2727 ἑαυτοῦ.

273 2780 292 2812 ι
330 2764 450 2814 Ὅτι
483 2763 550 2814 σὺ
581 2759 878 2823 ἀποδώσεις
917 2760 1126 2824 ἑκάστῳ
1154 2762 1292 2815 κατὰ
1320 2760 1389 2814 τά
1412 2761 1546 2833 ἔργα
1572 2763 1755 2817 αὑτοῦ.
1792 2782 1814 2816 ι

278 2850 523 2921 Ἐκάστῳ
552 2849 819 2904 ἀποδώσει
845 2852 874 2903 ό
893 2849 1021 2914 Θεὸς
1049 2850 1184 2903 κατά
1203 2851 1271 2903 τά
1289 2851 1491 2921 ἐργα,ἣ
1524 2853 1592 2905 τά
1623 2854 1817 2921 ἀγαθὰ,

266 2940 300 3012 ἢ
332 2939 400 2992 τὰ
423 2940 594 3006 κακὰ,
631 2940 664 3009 ἢ
691 2939 759 2992 τὰ
789 2939 976 3002 πολλὰ,
1000 2939 1033 3009 ἢ
1059 2939 1126 2992 τὰ
1147 2939 1321 3006 ὀλίγαο
1346 2940 1487 2996 κατὰ
1508 2942 1701 2997 ὁποίων
1730 2942 1820 3014 δή·

267 3045 395 3082 ποτε
427 3029 646 3099 μέτρων
666 3027 972 3097 ποιότηταῆ
1005 3028 1287 3099 ποσότητα,
1314 3022 1388 3083 ὧν
1411 3030 1714 3086 ἀποδίδωσι.

332 3200 509 3268 Πλὴν
520 3198 761 3266 μάταιοι
793 3201 847 3253 oi
875 3199 991 3255 υἱοί
1008 3201 1346 3269 ἀνθρώπων,
1367 3203 1606 3271 ψευδεῖς
1628 3208 1682 3258 οἱ
1702 3206 1817 3259 υἱοὶ

264 3288 381 3342 τῶν
395 3286 814 3355 ἁνθρώπωνέν
840 3287 1050 3356 ζυγοῖς,
1100 3288 1206 3342 τοῦ
1232 3289 1511 3358 ἀδικῆσαι
1532 3293 1717 3357 ,αὐτοὶ
1748 3295 1817 3347 ἐκ

257 3381 656 3449 ματαιότητος
687 3376 783 3429 ἐπὶ
811 3375 877 3429 τὸ
903 3376 1068 3439 αὐτὸ,
1100 3393 1135 3429 κ
1182 3394 1233 3429 τ.
1258 3379 1304 3430 ὲ.
1337 3379 1566 3432 Μάταιοί
1596 3382 1728 3433 εἰσιν
1745 3381 1818 3451 (6)

261 3471 310 3522 oi
345 3470 460 3532 τοῖς
512 3467 766 3538 ματαίοις
807 3467 899 3519 καὶ
949 3466 1204 3537 φθαρτοῖς
1252 3468 1345 3520 τοῦ
1389 3469 1580 3532 αἰῶνος
1631 3471 1819 3522 τούτου

261 3557 760 3627 προσκαθεζόμενοι
794 3554 1096 3625 πράγμασι.
1145 3555 1360 3609 Μάταια
1404 3556 1473 3610 τά
1515 3555 1821 3627 ἀνθρώπινα

262 3647 440 3700 πάντα
470 3647 569 3699 καὶ
602 3643 901 3714 μεταὸολὴν
919 3643 1094 3709 ὀξεῖαν
1122 3643 1400 3714 δεχόμενα.
1452 3698 1455 3699 ,

333 3736 446 3789 Τοῦ
474 3733 691 3791 αὐτοῦ.
710 3734 783 3785 Οὐ
808 3731 1069 3802 ψεύδομαι
1099 3733 1175 3802 (7)
1187 3734 1311 3803 περὶ
1336 3733 1433 3803 τὴν
1458 3733 1816 3805 δικαιοσύνην·

258 3828 396 3897 αὑτὴ
429 3826 543 3896 γὰρ
576 3823 742 3893 ζυγός
771 3824 884 3874 ὲστι
913 3823 1018 3874 τῶν
1060 3822 1287 3893 ἀρετῶν.
1321 3822 1544 3886 Ψευδεϊς
1565 3825 1699 3875 εἰσιν
1719 3823 1821 3876 υἱοὶ

256 3918 320 3969 ὲκ
343 3914 438 3967 τοῦ
471 3912 689 3982 πατρὸς
713 3908 804 3963 τοῦ
831 3909 1071 3963 διαϐόλου
1106 3911 1503 3981 γεγεννημένοι.
1541 3911 1821 3982 ’Δμελοῦσι

255 4003 387 4073 γὰρ,
416 4002 578 4072 φησὶ,
604 3999 709 4068 τῆς
736 3998 991 4068 ἰσότητοςο
1022 3999 1216 4061 ἀνίσως
1248 3999 1304 4051 δὲ
1327 4000 1609 4069 κατέχουσι
1634 4001 1703 4053 τά
1724 4004 1822 4074 τῆς

253 4092 498 4155 διανοίας
533 4089 702 4157 ζυγὰ,
741 4089 834 4141 καὶ
873 4088 966 4141 τοῦ
1020 4089 1118 4158 μὲν
1170 4088 1375 4143 δικαίου
1410 4093 1818 4163 καταφρονοῦσι,

253 4181 440 4251 ἀδικίᾳ
472 4181 534 4233 δὲ
581 4179 850 4249 χαίρουσι.

332 4270 447 4324 Τοῦ
499 4268 714 4322 αὐτοῦ.
767 4270 829 4321 Οί
862 4268 998 4321 κατά
1041 4269 1167 4333 τοὺς,
1196 4271 1250 4323 0'
1283 4270 1365 4341 (8)
1395 4272 1552 4326 οὕτω·
1587 4275 1726 4328 κατὰ
1763 4275 1819 4329 δὲ

1904 542 2315 690 ωῗῗίυζίειις.
2338 618 2392 672 4.
2418 617 2695 686 Quousque
2724 616 2921 669 irruim
2952 616 3006 668 in
3035 611 3434 668 hominem?etc.

1905 708 2016 763 lloc
2041 707 2215 762 simile
2237 717 2318 762 est
2356 707 2478 760 isti:
2513 728 2531 754 ι
2564 703 2713 758 Nunc
2752 704 2993 771 quaeritis
3046 717 3129 756 me
3176 703 3440 757 interﬁce-

1907 813 1966 852 re
1979 799 2044 851 τ’.
2077 814 2096 848 ι
2137 795 2411 850 Hominem
2434 802 2679 862 quaerunt
2697 794 2977 859 occidere;
3006 802 3058 847 et
3091 792 3179 861 qui
3207 784 3438 854 irruunt,

1907 884 1959 939 in
1985 884 2247 938 hominem
2278 884 2506 936 irruuut.

1979 974 2135 1027 Vens.
2171 973 2223 1027 5.
2264 970 2621 1025 Verumtamen
2645 969 2864 1037 pretium
2896 983 3062 1022 meum
3093 969 3440 1036 cogitaverunt

1910 1063 2172 1130 repellere,
2202 1071 2307 1115 etc.
2352 1059 2704 1115 Rationabilis
2737 1058 2928 1112 anima:
2967 1058 3194 1126 pretium
3221 1095 3238 1121 ,
3271 1057 3441 1110 virtus

1908 1159 1991 1206 est
2018 1159 2071 1205 et
2101 1150 2347 1205 scientia.
3447 1220 3485 1229 ‘

1980 1238 2141 1293 Vens.
2174 1240 2229 1293 6.
2278 1239 2641 1293 Verumtamen
2686 1239 2790 1293 Deo
2819 1241 3048 1309 subjecta
3085 1251 3215 1304 esto,
3253 1248 3360 1294 etc.
3389 1240 3442 1292 In

1910 1329 2075 1396 priori
2113 1329 2324 1397 quidem
2368 1329 2696 1397 subiectione
2725 1330 2960 1385 salutare
2982 1371 2997 1393 ,
3029 1331 3080 1383 iu
3123 1331 3289 1384 altera
3318 1345 3446 1385 vero

1910 1416 2166 1483 patientia
2201 1427 2284 1472 est
2329 1432 2360 1470 a
2390 1417 2518 1472 Deo.
2563 1418 2794 1482 Etenim,
2841 1419 3036 1485 inquit.
3070 1419 3296 1486 plurima
3324 1429 3447 1472 sunt

1912 1504 1980 1557 ab
2007 1505 2092 1559 his
2121 1504 2257 1559 mala
2285 1505 2550 1574 irrogata;
2593 1515 2827 1560 attamen
2863 1507 2926 1559 ad
2958 1507 3132 1573 ipsum
3161 1505 3325 1559 Deum
3360 1518 3448 1559 rc-

1912 1594 2080 1662 spicio
2109 1632 2125 1659 ,
2164 1595 2217 1648 in
2244 1609 2351 1662 quo
2396 1610 2532 1650 mea-
2561 1606 2641 1650 est
2675 1596 3001 1663 exspectatio
3035 1604 3089 1649 et
3123 1610 3247 1663 spes
3291 1610 3446 1661 mea;

1913 1697 2078 1750 quare
2105 1684 2264 1737 etiam
2301 1687 2541 1739 sustineo
2567 1700 2684 1753 qua:
2731 1685 2873 1739 facta
2914 1695 3070 1740 sunt:
3118 1702 3240 1741 cum
3280 1687 3451 1741 soleat

1913 1772 2053 1826 enim
2096 1773 2226 1827 mihi
2255 1773 2503 1840 Opitulari
2530 1812 2545 1837 ,
2583 1775 2929 1843 opitulahitur
2967 1777 3133 1829 etiam
3178 1790 3322 1830 nunc
3344 1815 3360 1842 ,
3392 1786 3452 1831 et

1916 1875 2018 1914 non
2048 1861 2322 1928 permittet
2366 1861 2465 1915 hos
2507 1862 2832 1929 propositum
2881 1878 3031 1916 suum
3076 1864 3356 1931 perlicere,
3390 1874 3452 1918 ut

1915 1963 2013 2003 nos
2057 1949 2271 2017 quidem
2318 1958 2619 2018 superent;
2674 1962 2886 2004 nostros
2934 1965 3063 2005 vero
3107 1960 3350 2006 evertant
3395 1961 3452 2006 et

1915 2047 2302 2107 persequantur
2328 2047 2382 2091 et
2406 2039 2455 2091 in
2484 2037 2663 2106 fugam
2688 2049 2872 2107 agant.

1989 2126 2148 2181 Vsus.
2182 2127 2236 2184 9.
2267 2128 2484 2196 Sperate
2513 2128 2568 2181 in
2595 2130 2851 2185 commuis
2875 2132 3204 2199 congregatio
3238 2132 3450 2200 populi,

1915 2225 2021 2273 etc.
2061 2217 2223 2283 Quasi
2266 2218 2500 2272 diceret:
2531 2216 2643 2270 Non
2677 2218 2847 2272 solum
2884 2220 3122 2288 reliquiae
3154 2222 3448 2276 secundum

1915 2305 2226 2361 electionem
2257 2305 2473 2374 gratiae:
2506 2305 2645 2374 quod
2673 2306 2808 2368 erit,
2839 2310 3052 2375 quando
3077 2312 3253 2363 omnis
3281 2308 3303 2361 Ι
3340 2312 3455 2364 racl

1916 2394 2229 2448 salvabitur.
2277 2412 2296 2444 ι
2318 2393 2579 2449 Ell‘undite
2618 2409 2796 2449 coram
2830 2396 2947 2465 ipso
2990 2399 3154 2452 corda
3188 2410 3391 2454 vestra.
3422 2418 3445 2450 ι

1917 2482 2017 2548 Qui
2039 2498 2249 2538 omnem
2280 2498 2498 2552 pravam
2520 2485 2894 2550 cogitationem
2923 2486 3187 2554 deposuit,
3219 2498 3273 2542 et
3291 2503 3450 2556 quem

1916 2585 2127 2625 summe
2149 2572 2416 2639 pmnituit,
2447 2574 2580 2626 adeo
2605 2583 2663 2626 ut
2695 2588 2867 2641 neque
2903 2575 3160 2629 malorum
3193 2578 3452 2631 memine-

1919 2661 2009 2726 rit,
2044 2661 2091 2716 is
2118 2659 2303 2715 ell'udit
2332 2677 2511 2717 coram
2544 2664 2658 2731 ipso
2685 2678 2777 2717 cor
2818 2679 2996 2719 suum.
3032 2684 3050 2716 ι
3080 2665 3213 2732 Quia
3247 2676 3300 2720 tu
3334 2682 3455 2721 reo-

1918 2751 2012 2805 des
2054 2752 2338 2821 unicuique
2379 2753 2668 2807 secundum
2714 2768 2879 2823 opera
2921 2769 3041 2808 sua.
3083 2773 3104 2806 ι
3160 2753 3456 2825 Unicuique

1919 2841 2106 2896 reddet
2135 2842 2273 2897 Deus
2301 2843 2593 2897 secundum
2619 2856 2804 2910 opera,
2828 2843 2942 2897 sive
2964 2845 3124 2910 bona,
3155 2845 3268 2899 sive
3293 2846 3452 2909 mala,

1918 2930 2033 2986 sive
2064 2933 2261 2997 multa,
2301 2935 2412 2987 sive
2447 2946 2655 3001 pauca;
2690 2934 2987 2987 secundum
3017 2949 3454 3003 quarumcunque

1845 3063 1888 3120 ο
1922 3020 2175 3075 nimirum
2203 3037 2572 3077 mensurarum
2619 3035 2756 3092 quas
2796 3023 2991 3090 reddit,
3026 3024 3336 3094 qualitatem
3365 3034 3458 3080 aut

1918 3110 2292 3178 quantitatem.
3176 3178 3181 3182 .

1992 3198 2148 3254 Vens.
2184 3202 2270 3255 10.
2311 3201 2673 3257 Verumtamen
2707 3204 2831 3256 vani
2856 3204 2954 3271 ﬁlii
2987 3204 3286 3268 hominum,
3316 3222 3461 3258 meu-

1918 3288 2069 3343 daces
2093 3291 2194 3357 filii
2223 3285 2489 3345 hominum
2518 3294 2571 3346 in
2604 3294 2835 3358 stataria,
2877 3304 2931 3346 ut
2976 3294 3229 3361 injuriam
3260 3295 3458 3361 faciant

1919 3375 2015 3443 ipsi
2042 3391 2108 3429 ea:
2132 3378 2356 3430 vanitate
2383 3379 2437 3431 in
2465 3379 2708 3447 idipsum,
2735 3389 2841 3434 etc.
2875 3379 3003 3433 Vani
3028 3389 3149 3433 sunt
3181 3373 3272 3448 qui
3307 3381 3460 3434 vanis

1919 3473 1972 3517 et
2019 3466 2285 3533 corruptis
2332 3467 2489 3535 hujus
2532 3467 2712 3522 seculi
2748 3469 2975 3536 negotiis
3017 3469 3273 3525 assident.
3310 3471 3456 3525 Vana

1921 3551 2148 3605 humana
2175 3554 2352 3608 omnia
2385 3564 2438 3608 et
2476 3556 2755 3611 mutationi
2781 3560 2901 3611 cita:
2925 3558 3178 3613 obnoxia.

1990 3727 2257 3796 Ejusdem.
2292 3731 2407 3785 Non
2435 3734 2659 3786 mendax
2694 3747 2809 3786 sum
2838 3733 2981 3787 circa
3013 3731 3300 3799 justitiam.
3338 3732 3455 3801 Ipsa

1918 3820 2061 3873 enim
2099 3830 2181 3874 est
2225 3821 2481 3876 virtutum
2518 3832 2737 3877 statera.
2791 3822 3071 3877 Mendaces
3117 3831 3242 3878 sunt
3268 3822 3360 3876 lilii
3389 3839 3454 3876 cx

1917 3921 2069 3980 patre
2094 3911 2302 3966 diabolo
2335 3912 2520 3981 geniti.
2558 3911 2998 3980 IEquabilitatem
3027 3913 3167 3967 enim
3187 3953 3205 3979 ,
3235 3913 3412 3982 inquit
3438 3954 3454 3977 ,

1919 4000 2225 4069 negligunt,
2262 4016 2327 4055 ex
2380 4017 2532 4071 aequo
2581 4012 2760 4057 autem
2808 4003 3002 4057 mentis
3033 4012 3299 4059 momenta
3346 4020 3453 4059 nou

1921 4100 2122 4155 tenent,
2155 4101 2207 4144 et
2231 4090 2491 4158 justitiam
2523 4091 2737 4160 quidem
2782 4102 3159 4158 contemnunt,
3191 4093 3450 4162 injustitia

1916 4195 2045 4236 vero
2067 4180 2419 4236 delectantur.

1987 4269 2259 4339 Ejusdem.
2289 4271 2631 4339 Septuaginta
2659 4272 2871 4340 quidem
2903 4272 3002 4337 sic,
3045 4271 3336 4329 Theodotio
3360 4290 3457 4328 au.

253 4360 618 4413 Θεοδοτίωνα·
664 4376 684 4409 ι
736 4358 921 4427 ἶΑτμὶς
969 4360 1073 4412 uio).
1116 4359 1220 4413 τῶν
1255 4362 1570 4433 ἀνθρώπων,
1611 4364 1814 4432 ψευδεῖς

1923 4366 2066 4414 tem:
2100 4377 2119 4410 ι
2151 4359 2323 4430 Vapor
2358 4360 2451 4414 lilii
2493 4361 2791 4426 hominum,
2834 4364 3115 4417 mendaces
3152 4364 3245 4417 lilii
3280 4366 3456 4418 homi-

253 4450 360 4501 υἱοὶ
385 4448 591 4518 ἀνδρὸς
616 4446 692 4509 ὡς
718 4447 855 4516 ῥοπὴ
892 4446 1073 4514 ζυγοῦ.
1111 4466 1131 4498 ι
1169 4450 1352 4515 Οὐδὲν,
1384 4453 1536 4521 φησὶ,
1596 4454 1816 4523 μόνιμον

252 4535 361 4589 τῶν
419 4534 804 4604 ἀνθρωπίνων,
851 4533 964 4587 ἀλλ’
1017 4536 1172 4606 ἀτμῷ
1198 4538 1339 4592 ἔοικε
1386 4542 1820 4612 ἀναπεμπομένῳ

257 4623 349 4676 καὶ
379 4621 703 4694 παραυτίκα
736 4621 1162 4693 σκεδαννυμένῳ,
1203 4628 1295 4679 καὶ
1330 4631 1464 4699 ῥοπῇ
1504 4630 1666 4698 ζυγοῦ
1691 4632 1820 4684 ποτὲ

254 4711 353 4779 μὲν
366 4710 694 4781 καθιεμένῃ,
737 4710 869 4763 ποτὲ
900 4709 956 4762 δὲ
984 4712 1329 4786 ἀνανευούσῃ.
1360 4712 1676 4787 Ζητεῖταιδὲ
1699 4721 1747 4772 εί
1769 4722 1818 4773 oi

255 4797 399 4865 ἀγιοι
447 4799 512 4851 οὐ
550 4798 797 4867 μάταιοι.
837 4798 948 4866 Οὐχ
993 4800 1097 4851 υἱοὶ
1137 4801 1243 4854 τῶν
1265 4805 1558 4876 ἀνθρώπων
1582 4811 1629 4862 oi
1653 4810 1815 4877 ἅγιοι.

251 4885 588 4956 Κατηργήθη
612 4887 724 4956 γὰρ
746 4884 928 4938 αὐτῶν
953 4887 987 4956 ή
1018 4889 1154 4941 κατά
1174 4890 1457 4963 ἄνθρωπον
1484 4897 1710 4964 γένεσις.

326 5061 508 5125 Ἄπαξ
551 5060 875 5126 ἐλάλησεν
907 5063 940 5112 ὀ
987 5061 1150 5127 Θεὸς,
1187 5066 1302 5119 δύο
1350 5071 1532 5126 ταῦτα
1565 5072 1815 5138 ἥκουσα,

252 5165 303 5202 κ.
330 5166 381 5202 τ.
413 5150 461 5202 ἑ.
497 5147 603 5202 Τὸν
636 5148 810 5213 λόγον
857 5145 933 5217 (9)
973 5148 1110 5212 ἅπαξ
1158 5151 1426 5225 ἐλάλησεν
1466 5160 1495 5210 ό
1537 5159 1686 5223 Θεὸς,
1727 5161 1818 5213 τὸν

327 5284 543 5340 "'Joan.
565 5297 689 5349 vm,
725 5280 832 5334 40.

327 5397 400 5530 (Ξῖ
430 5395 592 5449 Τοῦτο
614 5395 862 5470 (grator,
885 5401 978 5446 etc.
1006 5395 1219 5451 Catena
1267 5401 1531 5460 Corderii.

327 5467 370 5527 (5
423 5462 554 5530 πμὴ
580 5478 721 5530 της,
752 5468 866 5530 etc.
905 5459 1099 5530 Schema
1143 5466 1385 5523 Grahii.

317 5459 390 5533 (ὅ)
423 5462 554 5533 Mt
580 5459 721 5533 τῆςν
752 5468 866 5533 θέε·
905 5459 1099 5533 δυιὲθάεθ
1143 5466 1385 5523 Grabii.

314 5525 383 5664 $.45}
420 5525 545 5618 ξιξπὶ
558 5525 688 5593 μὲν
718 5525 806 5588 τῇ
825 5527 1067 5594 προτέρᾳ,
1098 5546 1252 5588 etc.
1283 5536 1479 5595 Catena
1508 5542 1770 5604 Corderii.

365 5602 387 5664 )
427 5595 552 5653 aest
582 5592 805 5656 ἔλεγε,
838 5602 932 5645 etc.
957 5595 1198 5656 Eadem.

336 5592 387 5665 '5)
420 5592 805 5656 Ὦσείέλεγε,
838 5602 932 5645 etc.
957 5592 1198 5656 Eadem.
1262 5678 1269 5681 _

1920 4450 2006 4504 nis
2031 4450 2174 4503 sicut
2198 4459 2522 4504 momentum
2545 4461 2775 4505 stateram
2808 4470 2827 4501 ι
2862 4451 3024 4516 Nihil,
3054 4452 3248 4521 inquit,
3277 4456 3458 4508 huma-

1922 4554 2110 4593 narum
2133 4553 2311 4593 rerum
2346 4539 2555 4602 stabile,
2591 4542 2685 4596 sed
2712 4541 2886 4596 simile
2914 4543 3123 4596 videtur
3151 4543 3333 4611 vapori
3363 4544 3456 4611 qui

1922 4628 2185 4682 emittitur
2208 4637 2263 4682 et
2296 4629 2551 4685 continuo
2586 4631 2896 4700 dissipatur,
2929 4647 3135 4688 necnon
3185 4643 3457 4688 momento

1921 4726 2166 4780 staterae,
2202 4718 2342 4785 quod
2379 4718 2666 4787 aliquando
2690 4719 2996 4785 dimittitur,
3028 4723 3317 4791 aliquando
3348 4724 3459 4776 eri-

1920 4803 2081 4872 gitur.
2105 4803 2371 4870 Quaeritur
2396 4816 2571 4860 autem
2601 4823 2668 4861 an
2696 4809 2872 4862 sancti
2899 4809 3023 4862 vani
3049 4825 3153 4862 non
3181 4810 3310 4863 sint.
3338 4808 3455 4861 Non

1920 4892 2015 4947 lilii
2040 4894 2317 4948 hominum
2346 4907 2472 4949 sunt
2496 4900 2687 4951 sancti.
2719 4897 2876 4951 irrita
2905 4899 3048 4952 enim
3078 4898 3217 4952 facta
3247 4907 3330 4950 est
3359 4911 3455 4950 eo-

1920 4998 2035 5037 rum
2061 4984 2353 5038 secundum
2391 4986 2660 5042 hominem
2703 4988 2998 5056 generatio.

1992 5073 2148 5144 742
2179 5072 2340 5129 Vens.
2369 5076 2455 5130 12.
2480 5075 2647 5131 Semel
2684 5078 2886 5130 locutus
2919 5084 2993 5127 est
3028 5073 3185 5134 Deus,
3206 5071 3313 5124 duo
3347 5074 3459 5130 Iure

1922 5163 2120 5229 audivi,
2154 5174 2263 5219 etc.
2294 5164 2470 5219 Semel
2513 5166 2722 5220 locutus
2747 5175 2825 5218 est
2858 5162 2997 5216 Deus
3022 5161 3241 5214 verbum
3268 5200 3285 5226 ,
3312 5165 3456 5232 quod

2010 5416 2063 5477 6)
2099 5416 2343 5469 Μάταιοί
2365 5419 2538 5477 εἰσιν,
2565 5425 2670 5471 etc.
2700 5414 2922 5468 Scheda‘.
2948 5410 3153 5467 Grabii.

1987 5416 2063 5553 $6;
2099 5416 2343 5469 Μάταιοί
2365 5419 2538 5477 εἰσιν,
2565 5425 2670 5471 etc.
2700 5416 2915 5468 Scheda!

2011 5488 2040 5539 7
2101 5488 2181 5538 Οὐ
2208 5484 2515 5553 ψεύδομαι,
2539 5493 2645 5535 etc.
2683 5484 2915 5553 Eandem.

1986 5550 2059 5614 (8)
2085 5557 2148 5606 Οί
2177 5550 2322 5605 κατὰ
2350 5551 2484 5613 τοὺς
2510 5553 2586 5611 0’,
2618 5562 2720 5604 etc.
2755 5550 2983 5603 Eaedem.

1987 5555 2040 5614 (8
2085 5557 2148 5606 Οί
2177 5555 2322 5605 κατὰ
2350 5555 2484 5613 τοὺς
2510 5555 2586 5611 Ο’,
2618 5562 2720 5604 etc.
2755 5555 2830 5603 Em

1987 5555 2060 5688 (9;
2093 5621 2199 5677 Τόν
2223 5620 2423 5687 λόγιν,
2458 5628 2564 5673 etc.
2603 5618 2830 5675 Eaedem.
