3910 6282
253 377 288 432 1
299 379 406 436 .593

247 583 648 646 πιστεύσαντες
667 599 680 612 ⁸
716 584 763 635 οἱ
800 582 854 633 δὲ
887 577 1035 632 αὐτοὶ
1067 583 1160 634 καὶ
1181 583 1392 648 δίκαιοι,
1421 582 1494 645 ὡς
1524 583 1589 650 τῇ
1623 580 1798 632 πίστει

243 675 672 738 δικαιωθέντες·
704 675 876 738 εὐθεῖς
904 673 982 736 δὲ,
1009 672 1084 736 ὡς
1115 675 1372 744 μηδέποτε
1415 675 1480 742 τῇ
1514 670 1659 740 παρὰ
1705 666 1796 720 τοῦ

241 764 396 816 Θεοῦ
421 765 740 835 διδασκαλίᾳ
785 765 880 835 τὴν
915 763 1116 832 πλάνην
1152 765 1256 817 τῶν
1302 761 1527 814 εἰδώλων
1572 756 1800 828 προσμίξ-

243 853 472 919 ξαντες,
501 857 635 926 ὅπερ
667 855 920 917 πολλάκις
967 856 1013 906 οἱ
1046 854 1228 916 παῖδες
1270 853 1376 905 τῶν
1411 850 1670 903 Ἰουδαίων
1701 862 1798 897 πε-

239 944 556 1012 ποιηκότες
597 945 890 1012 φαίνονται.
943 936 1096 997 Οὗτοι
1130 944 1302 996 τοίνυν
1348 941 1796 1012 εὐφρανθήσονται

236 1029 333 1092 ὡς
361 1032 648 1102 νήψαντες,
692 1035 786 1088 καὶ
811 1034 907 1104 τὴν
938 1033 1042 1085 τῶν
1083 1033 1499 1103 ρᾳθυμησάντων
1539 1028 1792 1097 κληρονο-

239 1121 389 1187 μίαν
418 1139 481 1174 κε
486 1123 792 1194 ρδάναντες.

1173 377 1477 434 SELECTA
1514 377 1578 431 IN
1617 370 1946 431 PSALMOS.
1983 395 2052 408 —
2082 365 2273 421 PSAL.
2310 363 2487 419 LXIV.
2997 426 3001 429 _

341 493 452 546 Τοῦ
497 490 699 546 αὐτοῦ.
747 485 934 549 Εὐθεῖς
980 487 1046 558 τῇ
1100 494 1293 564 καρδίᾳ
1323 492 1432 564 (50)
1459 493 1507 545 οἱ
1542 491 1600 555 ἐξ
1632 489 1792 544 ἐθνῶν

1966 483 2240 553 Ejusdem.
2282 480 2430 534 Rccti
2479 477 2640 532 corde
2689 482 2813 529 sunt
2853 473 2906 527 hi
2953 473 3042 540 qui
3086 489 3151 529 ex
3182 475 3427 564 gentibus

3295 361 3424 418 ΗΜ

1903 573 2242 629 crediderunt
2277 591 2290 624 :
2321 568 2479 621 iidem
2532 579 2736 633 quoque
2783 563 2914 632 justi
2943 571 3085 626 sunt,
3111 573 3289 630 utpote
3326 562 3426 615 lide

1895 661 2203 732 justiﬁcati;
2245 657 2376 713 recti
2421 671 2569 721 vero,
2599 664 2657 708 ut
2691 658 2780 724 qui
2816 653 3071 709 doctrinm
3101 653 3191 707 Dei
3224 652 3427 706 nullum

1903 751 2130 820 amplius
2161 748 2420 804 idolorum
2441 762 2678 802 errorem
2711 747 3064 812 admisceant,
3097 745 3236 814 quod
3259 742 3425 797 Judaei

1905 856 2007 895 non
2065 855 2186 894 raro
2233 839 2430 893 fecisse
2474 839 2740 893 videntur.
2793 835 2856 889 Hi
2907 837 3066 904 igitur
3113 833 3428 888 laetabuntur

1905 940 2157 998 tanquam
2206 928 2395 995 seduli,
2440 937 2494 982 et
2523 929 2614 997 qui
2649 925 3024 997 negligentiam
3064 923 3426 978 luet-editatem

1897 1018 2084 1073 lucrati
2111 1018 2237 1072 sint.

823 1297 1104 1349 ΨΑΛΜΟΣ
1137 1296 1248 1352 ΞΔἏ

318 1381 431 1434 Σοὶ
485 1381 693 1448 πρέπει
740 1384 1002 1452 ὕμνος-,ὀ
1051 1385 1301 1449 Θεὸς,ἐν
1350 1383 1517 1446 Σιὼν,
1553 1398 1605 1433 κ.
1646 1398 1694 1432 τ.
1748 1381 1792 1432 ἑ.

231 1489 259 1518 α
305 1470 406 1523 Ἐν
425 1470 564 1524 Σιὼν
590 1472 719 1542 (51),
745 1493 763 1524 ›
793 1477 854 1542 τῇ
890 1474 1186 1543 ἐπουρανίῳ
1206 1472 1420 1542 δηλαδὴ,
1450 1471 1687 1523 τουτέστι
1719 1468 1796 1538 τῷ

2402 1285 2713 1342 PSALMUS
2749 1285 2930 1341 LXIV.

1966 1375 2127 1430 Vens.
2160 1375 2212 1428 2.
2248 1374 2315 1429 Te
2361 1375 2502 1430 decet
2541 1377 2780 1444 Itymnm,
2839 1375 3007 1437 Deus,
3035 1374 3088 1426 in
3135 1370 3282 1436 Sion,
3319 1381 3426 1430 etc.

1902 1481 1920 1514 ι
1947 1463 2002 1516 In
2036 1464 2184 1530 Sion,
2215 1483 2234 1516 ι
2256 1465 2470 1532 scilicet
2513 1465 2896 1532 supercmlesti,
2931 1465 2980 1519 id
3003 1473 3084 1518 est
3117 1465 3166 1517 in
3194 1463 3425 1532 spiritali

224 1559 433 1628 νοητῷ
494 1562 892 1630 σκοπευτηρίῳ·
933 1563 991 1613 ἐν
1033 1561 1139 1630 γὰρ
1191 1559 1457 1629 αἰσθητοῖς
1505 1561 1564 1611 οὐ
1603 1559 1792 1628 πρέπει

1898 1554 2105 1621 specula
2131 1571 2144 1605 :
2169 1555 2427 1622 siquidem
2470 1554 2522 1608 in
2570 1554 2909 1608 sensibilibus
2949 1569 3050 1606 non
3093 1553 3246 1607 decet
3277 1552 3428 1621 hym-

226 1646 426 1716 ῦμνος
467 1649 547 1718 τῷ
594 1649 741 1716 Θεῷ·
775 1650 853 1702 διὸ
883 1651 942 1700 οὐ
975 1648 1246 1718 ψαλοῦμεν
1297 1647 1504 1716 σώματι
1551 1648 1584 1715 ἢ
1622 1647 1798 1716 γράμ-

226 1754 410 1805 ματι,
444 1738 584 1790 ἀλλὰ
631 1739 916 1807 πνεύματι,
957 1739 1050 1792 καὶ
1085 1740 1182 1790 οὐκ
1227 1737 1490 1807 αἰσθήσει,
1529 1737 1659 1790 ἀλλὰ
1696 1738 1793 1789 νοΐ.

225 1843 249 1874 ι
305 1824 435 1876 Καὶ
471 1823 557 1876 σοὶ
579 1825 958 1894 ἀποδοθήσεται
983 1825 1112 1894 εὐχὴ
1138 1825 1194 1877 ὲν
1233 1823 1592 1893 Ἰερουσαλὴμ,
1637 1842 1654 1873 ι
1693 1824 1797 1876 ἀπὸ

217 1911 436 1964 κοινοῦ
477 1931 496 1962 ι
547 1913 602 1965 ὲν
638 1913 802 1966 Σιώνο
843 1933 862 1964 ι
898 1914 1026 1983 εὐχὴ
1058 1915 1113 1965 δὲ
1137 1913 1293 1966 ὁποία
1321 1914 1523 1982 ἐστὶνὴ
1565 1913 1654 1966 τοῦ
1686 1915 1796 1967 Ναι-

217 1999 522 2070 ζωραίου.

297 2073 712 2141 Εισάκουσον
732 2088 1070 2156 προσευχῆς
1089 2107 1225 2157 μου,
1249 2107 1302 2143 κ.
1335 2108 1384 2144 τ.
1411 2092 1456 2143 ὲ.
1496 2110 1513 2142 ι
1544 2091 1796 2144 Εἰσάκου-

213 2191 325 2231 σον
356 2175 487 2244 (52)
517 2176 816 2244 προσευχῆς
839 2193 935 2245 μου
973 2196 990 2226 ι
1015 2179 1072 2230 ἐν
1101 2179 1256 2233 Σιών·
1290 2199 1308 2230 ι
1338 2182 1477 2252 Πρὸς
1500 2181 1558 2232 σὲ
1586 2201 1604 2231 ι
1631 2181 1687 2232 δὲ
1707 2180 1794 2233 τὸν

210 2263 399 2326 θεὸν,
443 2263 505 2325 ὃς
540 2263 750 2332 πνεῦμα
778 2267 962 2327 ποιεῖς,
1003 2285 1020 2317 ι
1057 2269 1201 2319 πᾶσα
1231 2267 1362 2338 σὰρξ
1391 2267 1524 2337 ἥξει.
1568 2287 1586 2318 ι
1619 2271 1797 2322 Μετα-

211 2352 400 2403 Calai?
433 2350 545 2420 γὰρ
582 2353 614 2419 ή
658 2352 916 2422 γενομένη
947 2353 1077 2425 σὰρξ
1118 2355 1181 2407 δι’
1209 2357 1474 2426 ἁμαρτίαν
1504 2357 1667 2427 ψυχὴ.
1703 2359 1794 2409 καὶ

207 2442 396 2493 ἔσται
431 2439 671 2510 πνεῦμα.

294 2531 506 2597 Λόγοι
535 2530 770 2597 ἀνόμων
797 2533 1342 2602 ὑπερεδυνάμωσαν,
1377 2553 1429 2588 κ.
1466 2554 1514 2589 τ.
1550 2536 1594 2588 ὲ.
1637 2535 1794 2603 Λόγοι

209 2621 473 2690 ἀνόμων
543 2619 652 2688 (55)
716 2620 1052 2690 ἐγγενόμενοι
1120 2624 1249 2692 ήμῖν
1310 2625 1792 2695 ὐπερεδυνάμωσαν

209 2712 420 2780 ἡμᾶς,
457 2709 525 2761 δι’
572 2708 662 2770 οὒς
692 2711 987 2781 γεγόναμεν
1022 2713 1234 2782 σάρκες.
1280 2734 1298 2765 ι
1347 2717 1454 2769 Καὶ
1505 2719 1622 2778 ταῖς
1673 2717 1793 2769 ἀσε-

208 2799 433 2860 δείαις
461 2800 494 2866 ἡ
506 2797 621 2865 μῶν
652 2800 714 2851 σὺ
744 2799 917 2870 ἱλάσῃ.
966 2819 984 2852 ›
1021 2801 1120 2854 Σοῦ
1158 2804 1498 2873 ἱλασκομένου
1525 2808 1640 2868 ταῖς
1668 2806 1792 2858 ἀσε-

1897 1655 1996 1694 nus
2027 1641 2228 1706 Deum;
2256 1642 2506 1710 quocirca
2527 1655 2631 1695 non
2663 1639 2954 1708 psallemus
2975 1653 3194 1708 corpore
3219 1647 3308 1692 aut
3340 1637 3428 1690 lit-

1897 1736 2031 1792 tera,
2059 1729 2150 1783 sed
2175 1729 2388 1797 spiritu,
2417 1739 2470 1783 et
2501 1744 2605 1783 non
2639 1743 2820 1795 sensu,
2847 1729 2938 1782 sed
2971 1739 3166 1781 mente.
3203 1744 3222 1777 ι
3242 1727 3304 1780 Et
3329 1727 3426 1779 tibi

1897 1817 2146 1870 reddetur
2184 1827 2362 1871 votum
2408 1819 2460 1870 in
2518 1817 2832 1881 Jerusalem,
2859 1836 2878 1868 ι
2930 1817 3295 1872 subaudiendo
3331 1815 3422 1868 «in

1895 1906 2046 1959 Sion.
2071 1923 2089 1956 ι
2121 1904 2315 1961 Votum
2344 1920 2505 1975 porro
2538 1907 2696 1974 quale
2717 1914 2797 1959 est
2822 1895 3078 1960 Nazaraci.

1961 2084 2192 2141 Veneti.
2243 2083 2453 2138 Exaudi
2477 2085 2761 2137 orationem
2810 2098 2998 2146 meam,
3033 2092 3138 2137 etc.
3173 2100 3191 2133 ι
3219 2082 3422 2136 Exaudi

1893 2176 2184 2229 orationem
2216 2190 2384 2230 meam
2406 2195 2424 2227 υ
2460 2175 2513 2228 in
2545 2173 2670 2229 Sion
2699 2192 2713 2230 :
2747 2193 2765 2226 ι
2792 2175 2870 2228 Ad
2911 2183 2962 2228 te
2983 2192 3003 2230 υ
3032 2183 3204 2228 autem
3233 2176 3424 2239 Deum,

1893 2265 1980 2330 qni
2023 2265 2268 2332 spiritum
2304 2264 2492 2328 efﬁcis,
2527 2281 2544 2315 ι
2575 2265 2748 2318 omnis
2778 2279 2904 2319 caro
2948 2265 3148 2320 veniet.
3175 2283 3195 2317 ι
3230 2264 3420 2318 Anima

1894 2357 2056 2418 enim,
2093 2369 2209 2422 quae
2236 2369 2332 2423 per
2354 2363 2626 2422 peccatum
2651 2367 2779 2407 caro
2810 2352 2950 2408 facta
2971 2353 3170 2418 fuerat,
3196 2353 3417 2408 mutabi-

1898 2452 1982 2495 tur
2007 2452 2060 2498 et
2083 2444 2185 2497 erit
2207 2445 2446 2511 spiritus.

1963 2531 2122 2586 Vens.
2177 2533 2231 2586 4.
2297 2531 2462 2586 Verba
2510 2533 2802 2602 iniquorum
2852 2533 3268 2600 prmualueruut,
3315 2543 3422 2592 etc.

1892 2621 2064 2675 Verba
2095 2622 2394 2690 iniquorum
2431 2637 2549 2691 qua:
2595 2623 2648 2676 in
2688 2619 2840 2676 nobis
2869 2632 2991 2676 sunt
3031 2622 3425 2691 praevaluerunt
3471 2691 3476 2696 ἢ

1893 2725 2053 2778 super
2080 2725 2196 2776 nos,
2230 2712 2354 2764 dum
2407 2725 2502 2777 per
2533 2725 2594 2765 ea
2641 2725 2830 2766 carnes
2861 2710 3033 2766 ellecti
3083 2728 3282 2766 sumus.
3314 2731 3333 2765 ι
3363 2715 3428 2768 Et

1895 2799 2258 2866 impietatibns
2301 2800 2499 2854 nostris
2545 2809 2598 2853 tu
2645 2799 3040 2868 propitiaberis.
3067 2819 3086 2852 ι
3121 2801 3250 2867 Nos,
3277 2804 3424 2870 quia

209 2891 280 2941 ϐε
292 2890 431 2950 (at;
473 2887 651 2957 ἡμῶν,
682 2888 786 2944 τῶν
818 2890 920 2942 ὑπὸ
967 2891 1136 2959 λόγων
1166 2894 1377 2963 ἀνόμων
1411 2895 1790 2965 ὐπερδυναμω-

1893 2886 2070 2942 verbis
2112 2888 2306 2955 iniquis
2345 2889 2578 2955 superati
2619 2898 2673 2942 et
2719 2905 2907 2945 carnes
2939 2890 3340 2957 eﬂ'cctisumus,
3373 2900 3426 2946 te

211 2980 475 3040 θέντων,
505 2979 598 3031 καὶ
626 2981 923 3050 γενομένων
953 2982 1184 3052 σαρκῶν,
1217 2984 1290 3046 ὡς
1307 2986 1458 3053 ἥκειν
1489 2987 1634 3055 ἡμᾶς
1660 2987 1792 3056 πρὸς

212 3069 284 3119 σὲ
339 3067 488 3129 τοὺς
547 3068 868 3136 γενομένους
918 3070 1140 3140 σάρκας,
1177 3074 1624 3145 πιπεύομενὸτιι
1659 3075 1791 3145 πρὸς

211 3158 283 3210 σὲ
320 3157 496 3209 πᾶσα
526 3155 660 3226 σὰρξ
683 3157 818 3226 ἥξει.
862 3175 880 3207 ι

289 3243 645 3310 Μακάριος,
681 3244 751 3297 ὃν
764 3245 1036 3310 ἐξελέξω,
1059 3264 1112 3300 κ.
1142 3265 1192 3300 τ.
1219 3250 1264 3302 ὲ.
1291 3250 1354 3301 El
1385 3250 1645 3320 μακάριος
1661 3251 1790 3322 (54),

205 3335 277 3386 ὃν
306 3332 562 3399 ἐξελέξω
593 3334 685 3385 καὶ
739 3335 1067 3404 προσελάὸου
1087 3353 1100 3366 ⁸
1145 3338 1396 3407 μακάριοι
1431 3335 1521 3392 οὖν
1549 3339 1716 3407 ὀλίγοι
1743 3343 1791 3393 oi

209 3421 500 3474 ἐκλεκτοί
525 3438 538 3450 ·
577 3421 691 3473 ἀλλ’
729 3423 824 3491 οὐχ
864 3425 912 3474 oi
943 3424 1120 3476 πολλοὶ
1155 3425 1309 3493 μόνον
1343 3426 1544 3496 κλητοί.
1595 3430 1654 3480 Oi
1697 3428 1792 3497 μὲν

216 3511 337 3580 γὰρ
401 3509 578 3574 ὀλίγοι
620 3510 859 3563 ἐκλεκτοὶ
913 3513 1194 3582 εὑρήσουσι
1240 3513 1335 3583 τὴν
1374 3514 1584 3567 αἰώνιον
1631 3517 1789 3586 ζωὴν,

207 3599 570 3658 ίδεύσαντες
612 3599 801 3668 στενήν
829 3599 920 3651 καὶ
947 3601 1303 3672 τεθλιμμένην
1329 3603 1442 3656 ὁδὸν
1485 3605 1791 3671 ἁπάγουσαν

207 3686 311 3739 ἐπ’
353 3684 574 3752 αὐτήν⁶
602 3686 650 3736 oi
691 3685 746 3736 δὲ
775 3685 956 3738 πολλοὶ
1000 3687 1154 3755 μόνον
1197 3688 1400 3758 κλητοὶ,
1431 3689 1527 3760 τὴν
1559 3691 1794 3758 ἀπάγου-

205 3790 330 3831 σαν
368 3773 474 3826 ἐπὶ
507 3772 606 3841 τὴν
646 3773 916 3826 ἀπώλειαν
962 3775 1054 3828 καὶ
1098 3775 1398 3847 εὐρύχωρον
1452 3779 1565 3831 ὁδὸν
1600 3779 1794 3848 διοδεύ-

205 3879 463 3923 σαντες,
513 3862 572 3913 οὐ
611 3862 1112 3932 κατασκηνώσουσιν
1158 3867 1215 3917 ὲν
1253 3869 1368 3929 ταῖς
1399 3869 1582 3931 αὐλαῖς
1617 3886 1707 3922 σου
1736 3872 1792 3925 ὲν

201 3951 331 4012 σοὶ,
382 3949 517 4001 οὐδὲ
552 3951 942 4020 πεφυτευμένοι
970 3953 1027 4005 ὲν
1046 3951 1121 4021 τῷ
1143 3953 1272 4023 οἴκῳ
1302 3955 1392 4007 τοῦ
1414 3958 1613 4028 Κυρίου
1646 3959 1794 4024 ἐξαν-

199 4039 525 4107 οήσουσιν.
556 4033 725 4090 Αὐται
756 4039 812 4092 δὲ
849 4040 906 4090 αἱ
949 4040 1108 4095 πύλαι
1153 4043 1285 4094 εἰσὶν
1329 4046 1382 4095 αἱ
1425 4045 1611 4098 πολλαὶ
1635 4049 1690 4100 ἐν
1715 4049 1792 4118 τῷ

1892 2974 2254 3040 impietatibus
2304 2978 2504 3030 nostris
2553 2977 2807 3044 .pr0pitio,
2858 2979 2930 3032 ita
2981 2988 3058 3044 ut,
3109 2980 3198 3046 qui
3234 2994 3427 3034 carnes

1845 3059 1850 3065 ’
1890 3076 2125 3126 eramus,
2157 3065 2222 3116 ad
2267 3072 2318 3118 te
2369 3065 2667 3130 veniamus,
2702 3068 2997 3135 credimus,
3023 3069 3276 3138 quoniam
3315 3088 3335 3122 ι
3357 3072 3425 3125 ad

1892 3159 1944 3205 te
1969 3151 2142 3206 omnis
2171 3165 2298 3204 caro
2319 3152 2514 3207 veniet.
2538 3172 2556 3204 ι

1961 3239 2121 3312 Vens.
2154 3239 2206 3292 5.
2241 3238 2400 3308 746
2425 3239 2636 3304 Beatus,
2663 3257 2813 3310 quem
2832 3244 3049 3312 elegisti,
3076 3253 3184 3300 etc.
3211 3244 3268 3298 Si
3291 3245 3424 3302 bea-

1893 3335 1978 3381 tus
2023 3328 2094 3381 sit
2136 3342 2294 3396 quem
2345 3329 2548 3398 elegisti
2592 3338 2646 3384 et
2696 3333 3058 3398 assumpsisti,
3090 3333 3228 3386 beati
3261 3333 3424 3402 igitur

1890 3417 2043 3486 pauci
2075 3417 2167 3485 qui
2213 3417 2367 3471 electi
2395 3435 2408 3482 ;
2440 3419 2531 3471 sed
2561 3432 2665 3469 non
2695 3417 2847 3470 multi
2899 3419 2989 3485 qui
3037 3419 3206 3473 solum
3253 3421 3425 3474 vocati

1891 3514 2014 3560 sunt
2033 3507 2099 3558 ⁸⁸.
2125 3505 2256 3558 Nam
2288 3507 2442 3573 pauci
2473 3505 2546 3559 illi
2578 3505 2733 3559 electi
2777 3507 3047 3575 reperient
3077 3508 3243 3561 vitam
3269 3516 3426 3564 mter-

1892 3610 2034 3659 nam,
2066 3610 2188 3650 cum
2222 3595 2466 3649 incedant
2485 3611 2580 3663 per
2609 3595 2750 3649 viam
2801 3606 3005 3650 arctam
3036 3605 3091 3651 et
3117 3607 3424 3666 angustam,

1889 3700 2007 3753 quae
2027 3685 2250 3739 ducitad
2271 3698 2406 3738 eam.
2436 3685 2585 3741 Multi
2607 3701 2751 3751 vero,
2779 3687 2868 3755 qui
2893 3686 3062 3741 solum
3079 3689 3254 3741 vocati
3276 3697 3419 3750 sunt,

1891 3787 2010 3826 cum
2045 3773 2315 3826 ambulent
2350 3788 2445 3842 per
2473 3775 2610 3828 viam
2639 3775 2803 3828 latam
2841 3789 2958 3843 quae
2991 3776 3136 3830 ducit
3161 3778 3227 3829 ad
3253 3777 3422 3831 inter-

1891 3863 2044 3932 itum,
2087 3879 2190 3918 non
2237 3865 2551 3919 habitabant
2590 3865 2642 3918 in
2689 3867 2842 3921 atriis
2883 3866 2988 3921 tuis
3029 3868 3082 3921 in
3133 3875 3204 3931 te,
3253 3880 3425 3934 neque

1889 3955 2108 4023 plantati
2141 3955 2192 4008 in
2223 3955 2378 4010 domo
2407 3955 2617 4010 Domini
2647 3956 3000 4011 ﬂorebunt“.
3019 3955 3279 4010 Ca‘terum
3298 3970 3424 4024 por-

1893 4054 1957 4098 tae
1983 4045 2180 4108 multm,
2203 4054 2326 4098 sunt
2349 4045 2537 4109 multa:
2585 4048 2698 4101 istae
2727 4046 3034 4100 mansiones
3077 4060 3194 4112 quae
3233 4045 3287 4098 in
3325 4045 3421 4098 do-

197 4124 363 4192 οῖκῳ
401 4121 505 4174 τοῦ
533 4123 747 4192 Πατρὸς
771 4125 943 4193 μοναί.
968 4145 986 4176 ι
1013 4127 1431 4199 Πλησθησόμεθα
1456 4135 1511 4185 ἐν
1533 4137 1640 4196 τοῖς
1665 4136 1792 4203 ἀγα-

1895 4147 1981 4186 mo
2021 4133 2196 4187 Patris
2237 4134 2447 4189 sunt”.
2504 4135 2883 4203 «Replebimur
2933 4136 2986 4188 in
3034 4135 3186 4190 bonis
3226 4133 3418 4186 domus

196 4213 337 4274 αοῖς
373 4211 480 4264 τοῦ
532 4213 682 4265 οῖκου
722 4231 834 4266 σου.
871 4233 890 4264 ι
921 4217 982 4267 υἱ
1029 4221 1412 4289 πεφυτευμένοι
1461 4225 1516 4274 ὲν
1549 4224 1624 4293 τῷ
1663 4225 1792 4295 οἴκῳ

1896 4232 2013 4276 tum.
2037 4241 2055 4274 ι
2087 4222 2189 4287 Qui
2233 4223 2454 4291 plantati
2485 4234 2609 4278 sunt
2645 4227 2698 4278 in
2727 4225 2884 4279 domo
2921 4223 3126 4277 Domini
3153 4231 3208 4276 et
3239 4221 3420 4277 multi-

198 4303 470 4372 Κυρίου,
505 4301 838 4370 πλησθέντες
884 4306 941 4356 ὲν
984 4309 1094 4368 τοῖς
1121 4310 1341 4375 ἀγαθοῖς
1366 4311 1545 4377 αὐτοῦ,
1574 4312 1794 4385 ἐξανθή-

195 4407 420 4444 αουσιν
455 4393 519 4442 ὲν
552 4385 642 4452 αἷς
666 4394 1076 4462 κατοικήσουσιν
1107 4397 1310 4461 αὐλαῖς.
1348 4418 1366 4450 ι
1404 4402 1584 4467 ’Ἄγιος
1611 4404 1638 4455 ό
1669 4403 1792 4465 ναός

195 4497 336 4543 σου,
391 4481 713 4548 θαυμαστὸς
757 4486 816 4535 ὲν
860 4483 1188 4558 δικαιοσύνῃ.
1229 4507 1247 4539 ι
1287 4490 1344 4542 '0
1390 4491 1634 4560 Χριστὸς,
1667 4493 1790 4556 ναὸς

189 4568 278 4622 ὢν
310 4569 423 4621 τοῦ
460 4570 676 4638 Πατρὸς
702 4570 796 4620 τοῦ
819 4572 878 4622 ὲν
902 4573 1068 4642 αὐτῷ,
1098 4578 1187 4628 καὶ
1215 4579 1365 4646 ἅγιός
1391 4581 1502 4632 ἐστι
1541 4582 1632 4634 καὶ
1665 4582 1792 4636 θαυ-

193 4658 436 4725 μαστὸς
472 4658 532 4708 ἐν
559 4657 892 4727 δικαιοσύνῃ.
941 4662 1049 4730 Οὐχ
1079 4664 1308 4734 ἁρμόζει
1340 4669 1396 4720 δὲ
1441 4670 1499 4722 τὸ
1547 4671 1789 4741 δεύτερον

187 4745 298 4794 ἐπὶ
325 4743 436 4795 τοῦ
470 4743 730 4812 αισθητοῦ
759 4744 1009 4810 λέγεσθαι
1040 4750 1190 4803 ναοῦ.
1226 4771 1246 4804 ι
1286 4755 1347 4806 Ἦ
1385 4757 1536 4820 ἐλπὶς
1576 4759 1789 4814 πάντων

181 4830 313 4882 τῶν
353 4830 620 4898 περάτων
640 4831 742 4896 τῆς
775 4831 897 4896 γῆς,
935 4849 954 4881 ι
986 4836 1078 4886 καὶ
1105 4838 1174 4889 τὰ
1196 4840 1338 4911 ἑξῆς,
1371 4845 1434 4896 Ὃ
1460 4844 1650 4913 λέγων,
1689 4864 1790 4916 μα-

184 4919 348 4987 κρὰν
383 4919 490 4985 τῆς
515 4919 790 4985 θαλάσσης
810 4916 908 5004 ᾣν,
940 4931 1278 4994 προφητεύει
1308 4934 1431 5004 περὶ
1470 4933 1574 4986 τῶν
1607 4937 1663 4987 ἐν
1696 4936 1790 4989 θα-

178 5004 385 5091 λάσσῃ
423 5005 644 5091 μακρᾲν
692 5002 855 5056 αὐτοῦ
890 5018 1350 5084 κυματουμὲνων,
1443 5024 1692 5090 περὶτῶν
1731 5027 1788 5078 ὲν

176 5090 531 5158 βαθυτάταις
555 5089 730 5142 ὄντων
762 5097 1146 5162 περιστάσεσι,
1189 5107 1289 5158 καὶ
1309 5089 1566 5175 λεγόντων
1584 5125 1596 5141 ·
1634 5109 1791 5165 «Ἦλ.

171 5177 274 5231 οον
307 5181 401 5240 εἱς
421 5178 486 5230 τὰ
517 5177 664 5245 βάθη
693 5177 795 5243 τῆς
819 5178 1119 5255 Θαλάσσης.
1164 5207 1187 5240 ο

240 5262 730 5320 Κατασκῃνώσει
771 5263 842 5315 ἐν
881 5272 1002 5337 ταῖς
1047 5277 1311 5347 αὐλαῖς
1349 5287 1550 5348 αὐτοῦ,
1579 5305 1632 5340 κ.
1662 5306 1708 5341 τ.
1739 5292 1782 5343 ἐ.

227 5398 276 5431 σι
313 5396 506 5449 Matth.
529 5390 730 5454 ηαδ.
801 5392 847 5424 ⁸³
876 5395 1014 5456 Psal.
1047 5419 1191 5471 χοι,
1242 5411 1336 5466 14.
1406 5416 1452 5448 ⁸³
1480 5416 1634 5472 Joan.

703 5504 1064 5632 θὲῗὲδὲξὼέιξ..
1099 5516 1358 5579 Catena
1387 5527 1646 5587 Corderii.

213 5634 319 5706 (52)
332 5634 748 5695 Είσάκουσον,
785 5646 888 5690 etc.
927 5643 1002 5698 Ea
1012 5649 1207 5708 dcm.

1891 4312 2066 4378 plicati
2107 4313 2160 4364 in
2200 4311 2354 4366 bonis
2403 4313 2538 4381 ejus,
2576 4311 2907 4367 etlloresccnt
2932 4312 2982 4365 in
3017 4311 3170 4365 atriis
3196 4325 3316 4380 quae
3341 4312 3425 4366 in-

1898 4401 2230 4455 ltabitabunt.
2278 4402 2580 4456 «Sanctum
2623 4413 2707 4455 est
2759 4402 3007 4469 templum
3064 4411 3232 4466 tuum,
3263 4403 3426 4456 mira-

1894 4487 2000 4542 bile
2026 4489 2080 4542 in
2115 4487 2347 4555 iustitia.
2377 4507 2396 4540 ι
2426 4487 2672 4544 Christus
2705 4504 2826 4543 cum
2860 4491 3110 4558 templum
3143 4492 3212 4545 sit
3251 4490 3426 4544 Patris

1895 4576 1986 4645 qui
2023 4577 2076 4630 in
2104 4577 2219 4646 ipso
2247 4585 2349 4643 est,
2370 4587 2424 4632 et
2449 4587 2667 4632 sanctus
2696 4588 2750 4633 et
2775 4580 3111 4634 admirabilis
3136 4582 3187 4634 in
3215 4580 3422 4648 justitia

1895 4667 2125 4720 exsistit.
2153 4666 2270 4721 Non
2323 4670 2572 4722 convenit
2612 4678 2790 4723 autem
2839 4671 2977 4724 istud
3027 4670 3314 4724 secundum
3359 4668 3432 4721 de

1893 4756 2130 4811 sensibili
2164 4758 2360 4826 templo
2412 4759 2538 4813 dici.
2571 4758 2741 4828 «Spes
2785 4761 3024 4814 omnium
3077 4760 3264 4813 linium
3314 4767 3428 4810 tere.

1890 4861 1983 4911 rae,
2015 4865 2033 4898 ι
2070 4856 2173 4900 etc.
2204 4847 2329 4902 Haec
2357 4849 2558 4913 dicens,
2588 4865 2706 4903 cum
2738 4850 2918 4917 procul
2951 4850 3161 4904 abesset
3197 4863 3227 4900 a
3266 4847 3422 4912 mari,

1840 4975 1842 4977 ›
1891 4937 2216 4992 vaticinatur
2243 4939 2306 4991 de
2332 4939 2398 4992 iis
2421 4940 2509 5006 qui
2540 4941 2722 5007 procul
2765 4941 2832 4994 ab
2865 4940 2977 5006 ipso
3020 4945 3227 4990 stantes
3269 4933 3443 4985 undis.

1892 5028 2187 5094 agitantur,
2220 5027 2303 5082 vel
2353 5028 2416 5081 de
2454 5029 2520 5084 iis
2549 5031 2638 5099 qui
2685 5033 2740 5084 in
2764 5027 3096 5099 gravissimis
3123 5021 3426 5076 amictioni-

1893 5113 1990 5167 bus
2023 5122 2328 5179 versantur,
2371 5123 2532 5184 atque
2567 5117 2749 5171 dicunt
2784 5131 2800 5168 :
2842 5131 2862 5164 ι
2902 5110 3026 5164 Veni
3073 5105 3425 5174 innlaltitudi-

1895 5216 2012 5254 nem
2047 5203 2209 5258 maris
2231 5204 2294 5257 ⁸⁵.
2317 5223 2338 5258 ι
2777 5234 2785 5238 ·

1959 5289 2088 5347 lam.
2121 5291 2439 5345 Inhabitabit
2490 5293 2544 5344 in
2594 5291 2741 5343 atriis
2781 5285 2910 5349 tuis,
2948 5288 3051 5336 etc.
3090 5276 3305 5332 Atrium
3328 5278 3436 5332 Do-

1675 5436 1787 5490 ιιν,
1810 5425 1864 5481 2.
1939 5426 1985 5457 ⁸⁸
2005 5424 2145 5481 Psal.
2187 5437 2372 5484 uvm,
2395 5421 2447 5472 5.

1957 5540 2066 5608 (33)
2093 5541 2262 5606 Λόγοι
2287 5537 2538 5608 ἀτόμων,
2567 5531 2936 5608 etcLEadem.

1960 5601 2067 5678 (54)
2093 5609 2158 5661 Εἰ
2182 5601 2488 5674 μακάριος,
2519 5609 2620 5657 etc.
2653 5601 2880 5655 Eadem.
