3910 6218
324 274 352 328 ί
367 276 475 330 697

1258 269 1554 326 SELECTA
1595 270 1660 323 IN
1695 268 2025 325 PSALMOS.
2053 299 2128 342 γ-
2165 269 2355 323 PSAL.
2394 267 2550 323 LXV.

3360 265 3495 321 N98

403 387 774 456 Εὑλογήσεις
804 385 908 439 τὸν
934 383 1230 452 στέφανον
1249 383 1351 438 τοῦ
1377 385 1664 446 ἐνιαυτοῦ,
1685 402 1736 436 κ.
1754 401 1804 435 τ.
1823 385 1867 435 ὲ.

2044 383 2203 436 Vens.
2244 383 2331 436 12.
2372 383 2647 436 Bcnediccs
2687 396 2891 436 corona
2935 379 3080 444 anui,
3125 387 3232 434 etc.
3269 377 3323 433 In
3359 379 3497 432 lsaia

336 479 433 528 Ἐν
479 475 671 545 Ἡσαΐᾳ
699 475 807 544 (44)
837 474 982 544 φησί·
1015 492 1033 525 ι
1072 472 1286 542 Πνεῦμα
1318 473 1516 542 Κυρίου
1560 475 1642 524 ἐπ’
1668 474 1784 542 ἐμὲ,
1810 467 1869 526 οὗ

320 565 519 617 ἕνεκεν
544 563 726 633 ἔχρισέ
753 581 840 632 με,
858 563 1298 630 εὐαγγελίσασθαι
1321 565 1546 632 πτωχοῖς
1574 562 1872 614 ἀπέσταλκέ

325 669 429 720 με,
481 653 728 705 ἰάσασθαι
766 654 890 714 τοὺς
947 652 1429 722 συντετριμμένους
1485 653 1580 722 τὴν
1631 652 1870 720 καρδίαν,

319 741 570 810 κηρύξαι
599 740 956 809 αἰχμαλώτοις
985 740 1193 808 ἄφεσιν,
1222 741 1313 792 καὶ
1337 741 1547 808 τυφλοῖς
1567 740 1872 809 ἀνάϐλεψιν,

291 877 303 891 ,
321 832 428 882 καὶ
451 831 671 884 καλέσαι
694 829 932 881 ἐνιαυτὸν
967 828 1167 897 Κυρίου
1199 829 1398 883 δεκτόν.
1429 849 1448 880 ι
1479 830 1741 882 Ἐνιαυτὸν
1765 829 1873 882 τοί-

214 980 226 995 .
319 936 429 972 νυν
453 918 814 988 χρηστότητος
827 918 915 970 τὸν
947 917 1079 988 μετά
1105 917 1200 988 τὴν
1225 917 1622 989 ὲνανθρὼπησιν
1654 918 1744 970 τοῦ
1767 920 1877 972 Σω-

319 1007 500 1076 τῆρος
539 1007 788 1074 ὀνομάζει
820 1006 1023 1075 χρόνον,
1056 1006 1129 1068 ὼς
1163 1006 1287 1074 μίαν
1330 1005 1474 1075 αὐτῷ
1510 1007 1876 1077 καρποφορίαν

318 1095 698 1165 προσάγοντα.
735 1094 916 1164 Τούτῳ
943 1094 1038 1165 τὴν
1087 1094 1331 1160 εὐλογίαν
1360 1097 1387 1148 6
1415 1097 1693 1165 προφήτης
1718 1095 1881 1165 ὲπηύ-

323 1183 485 1236 Ξατο.

320 1217 352 1246 ἢ
396 1270 840 1336 Πιανθήσονται
887 1271 956 1322 τὰ
991 1270 1170 1336 ὡραῖα
1224 1271 1329 1336 τῆς
1367 1270 1604 1337 ἐρήμου,
1639 1287 1691 1322 κ.
1738 1287 1787 1324 τ.
1831 1271 1875 1322 ἑ.

327 1361 730 1430 Ἐπιφανείσης
763 1361 873 1429 (45)
917 1361 1012 1430 τῆς
1043 1361 1416 1430 χρηστότητος,
1468 1362 1667 1432 ἔρημος
1723 1361 1879 1415 δώσει

314 1450 567 1519 καρπον,
614 1452 709 1502 κα).
744 1451 794 1502 οἱ
850 1449 1041 1518 βουνοὶ,
1087 1451 1169 1518 ἐφ’
1199 1445 1272 1503 ὦν
1305 1450 1455 1504 ἔθυον
1485 1452 1716 1522 δαίμοσι,
1758 1456 1880 1516 τοὺς

1973 470 2101 524 dicit
2126 471 2170 501 ⁸⁸
2196 487 2209 524 :
2248 488 2265 519 ι
2296 470 2523 537 Spiritus
2551 470 2761 522 Domini
2795 485 2954 537 super
2986 483 3089 532 me,
3119 475 3331 536 propter
3357 467 3497 535 quod

1972 561 2128 614 unxit
2165 575 2269 623 me,
2305 558 2673 627 evangelizare
2703 560 3027 626 pauperibus
3071 558 3214 610 misit
3264 571 3369 619 me,
3415 571 3499 610 sa-

1972 663 2101 704 nare
2147 650 2412 703 contritos
2459 648 2639 709 corde,
2703 648 2993 710 praedicare
3042 646 3268 713 captivis
3315 645 3501 698 remis-

1972 740 2198 804 sionem,
2225 746 2278 791 et
2309 738 2467 790 czecis
2502 737 2694 798 visum,
2740 744 2793 787 et
2829 749 3023 788 vocare
3062 750 3259 788 annum
3294 733 3501 788 Domini

1972 837 2268 896 acceptum,
2300 846 2319 879 ι
2356 829 2568 880 Annum
2611 825 2772 894 igitur
2800 825 3140 892 benignitatis
3184 833 3336 878 vocat
3369 833 3503 878 temo

1973 935 2070 989 pus
2104 927 2224 986 post
2265 916 2553 970 Salvatoris
2599 915 2767 968 nostri
2815 912 3250 976 lncarnationem,
3308 913 3503 980 quippe

1974 1008 2118 1076 quod
2159 1008 2441 1074 quamdam
2493 1006 2786 1059 ubertatem
2823 1002 2920 1070 ipsi
2943 1000 3149 1056 aﬂ‘erat.
3177 1001 3309 1057 l'luic
3343 999 3504 1055 bene-

1975 1098 2258 1152 dictionem
2285 1095 2543 1165 propheta
2573 1094 2912 1162 precabatur.

2049 1273 2203 1326 Vens.
2247 1270 2332 1326 t3.
2377 1269 2714 1338 Pinguescant
2747 1267 2972 1336 speciosa
3007 1267 3212 1328 deserti,
3247 1272 3352 1319 etc.
3397 1263 3507 1318 Hac

1977 1360 2300 1428 benignitate
2341 1360 2636 1420 exoriente,
2669 1359 2936 1411 desertum
2980 1356 3125 1409 dabit
3162 1353 3412 1417 fructum,
3453 1361 3508 1406 et

1978 1449 2162 1512 colles,
2225 1449 2276 1500 in
2335 1448 2528 1516 quibus
2593 1448 2818 1500 litahant
2863 1447 3222 1511 daemonibus,
3271 1459 3364 1498 eos
3415 1442 3505 1510 qui

311 1535 682 1601 εὐαγγελικδν
712 1536 982 1605 μετιόντας
1011 1535 1348 1599 ὑποδέξονται
1375 1537 1506 1606 βίον,
1539 1541 1879 1610 περίϐλεπτοι

1987 1539 2336 1606 evangelicam
2365 1539 2524 1590 vitam
2566 1537 2786 1598 ducunt,
2823 1536 3120 1602 excipient,
3177 1545 3227 1588 et
3278 1534 3509 1586 illustres

312 1622 412 1674 διὰ
432 1623 657 1687 τούτους
689 1624 979 1694 γενόμενοι.
1013 1627 1119 1678 Καὶ
1142 1625 1234 1679 νῦν
1265 1626 1321 1678 δὲ
1353 1627 1587 1692 ἅπαντες
1612 1631 1745 1699 πρὸς
1759 1632 1880 1694 τοὺς

1987 1642 2076 1695 per
2105 1628 2198 1681 hos
2227 1626 2370 1680 ﬁent.
2419 1626 2552 1692 Quin
2590 1624 2754 1677 etiam
2801 1625 2954 1678 modo
2991 1638 3178 1678 omnes
3225 1629 3512 1677 accurrunt

313 1710 426 1770 τὰς
462 1688 766 1781 ἀκρωρείας
795 1688 1178 1781 κατειληφότας
1208 1713 1478 1782 τρέχουσι.
1567 1688 1580 1692 ν
1657 1688 1670 1699 ⁹
1726 1688 1739 1692 ⁷
1859 1688 1875 1694 ⁷

1987 1717 2045 1767 ad
2077 1727 2169 1766 eos
2190 1714 2279 1780 qui
2317 1714 2576 1765 montium
2604 1713 2910 1778 crepidines
2938 1721 3286 1780 occuparunt.

390 1799 514 1852 Kal
556 1803 613 1851 αι
661 1799 930 1864 κοιλάδες
971 1801 1362 1868 πληθυνοῦσι,
1393 1819 1445 1854 κ.
1479 1820 1528 1855 τ.
1565 1805 1612 1856 ὲ.
1655 1805 1775 1857 Ἐπὶ
1826 1805 1886 1858 τὸ

2052 1801 2213 1856 Vens.
2255 1802 2340 1856 14.
2374 1799 2438 1853 Et
2477 1801 2640 1853 valles
2673 1800 3033 1860 abundabunt,
3061 1809 3165 1852 etc.
3195 1799 3385 1862 Valles,
3429 1797 3511 1850 in-

322 1885 550 1954 βέλτιον
591 1886 722 1956 (46),
771 1888 920 1956 φησι,
981 1889 1372 1956 μεταϐαλοῦσαι
1401 1891 1455 1942 αἱ
1483 1891 1739 1956 κοιλάδες,
1795 1894 1886 1946 καὶ

1987 1893 2113 1962 quit,
2151 1892 2203 1945 in
2237 1891 2427 1944 melius
2473 1898 2706 1950 mutatae,
2747 1895 2801 1941 et
2833 1887 3203 1956 spiritualibus
3251 1885 3511 1942 fructibus

317 1972 724 2042 πληθυνοεῖσαι
759 1973 958 2044 νοητῶν
991 1975 1233 2044 καρπῶν,
1261 1976 1491 2041 ἐκτενῶς
1525 1995 1604 2031 σοι
1635 1980 1757 2042 τοὺς
1789 1979 1886 2051 ὓμ-

317 2077 452 2123 νους
481 2061 883 2131 ἀναπέμψουσι.
997 2056 1004 2063 ’

1987 1979 2366 2049 multiplicata,
2405 1976 2608 2046 prolixe
2636 1979 2730 2032 tibi
2755 1977 2937 2032 laudes
2966 1975 3211 2030 ollerent.

309 2077 452 2123 vou;
481 2077 883 2129 αναπεμψουσι.

895 2243 1178 2298 ΨΑΛΜΟΣ
1211 2246 1325 2298 ΞΕ’.

403 2327 778 2390 Ἀλαλάξατε
803 2328 881 2394 τῷ
910 2329 1049 2394 Θεῷ,
1086 2349 1140 2386 κ.
1172 2349 1222 2386 τ.
1259 2335 1305 2385 ὲ.
1352 2334 1505 2388 Ἀλλά
1532 2337 1624 2389 κα)⁵
1657 2335 1764 2410 (47)
1787 2339 1883 2411 τῆς

314 2415 470 2487 μετὰ
513 2415 794 2483 μετάνοιαν
829 2418 1166 2482 ἀναστάσεως
1198 2422 1328 2473 πᾶσι
1361 2425 1720 2496 προκειμένης
1751 2427 1884 2480 πάν-

1987 2433 2208 2484 tentiam
2273 2427 2668 2482 resurrectione
2721 2424 2968 2477 omnibus
3017 2421 3286 2489 proposita
3331 2432 3520 2474 omnes

310 2519 411 2565 τες
462 2501 897 2563 ἀλαλαζέτωσαν·
932 2504 1066 2574 πρὸς
1094 2505 1316 2559 ἕκαστον
1347 2508 1452 2579 γὰρ
1479 2510 1711 2578 λέγεται·
1739 2511 1886 2578 «Μή-

1987 2517 2207 2585 iubilent
2246 2532 2263 2578 ;
2303 2518 2366 2567 ad
2401 2525 2830 2580 unumquemque
2859 2510 2998 2563 enim
3045 2509 3282 2560 dicitur:
3317 2525 3336 2558 ι
3367 2506 3514 2559 Νιιιι-

311 2608 369 2642 τι
403 2592 437 2641 6
476 2588 661 2640 πεσὼν
705 2589 801 2640 οὐκ
835 2590 1144 2656 ἀνίσταται;
1185 2613 1203 2644 ι
1242 2596 1347 2647 Καὶ
1374 2597 1506 2666 πρὸς
1541 2598 1751 2652 ἃπασαν
1787 2600 1884 2672 τὴν

1987 2607 2108 2678 quid
2144 2605 2232 2673 qui
2273 2602 2487 2666 cecidit,
2536 2616 2638 2654 non
2694 2599 2924 2665 resurgit
2949 2598 3037 2649 "‘2
3068 2615 3086 2648 ι
3121 2596 3184 2649 Et
3208 2595 3274 2649 ad
3303 2595 3518 2648 univer-

314 2677 436 2740 ἀπὸ
471 2675 587 2728 τῶν
619 2675 782 2729 ἐθνῶν
822 2679 1136 2748 Ἐκκλησίαν
1163 2683 1192 2732 6
1222 2682 1419 2752 Κύριος
1460 2684 1626 2751 λέγει·
1658 2704 1677 2736 ‹
1729 2687 1884 2742 Ἀνά-

1987 2675 2102 2754 sem
2136 2691 2425 2747 Ecclesiam
2459 2705 2522 2743 ex
2553 2688 2799 2755 gentibus
2835 2686 3093 2738 Dominus
3119 2685 3196 2737 ait
3224 2704 3236 2737 :
3271 2701 3291 2734 ι
3326 2683 3518 2751 Surge,

315 2783 450 2829 στα,
476 2762 600 2816 ἐλθὲ
623 2765 656 2834 ἠ
677 2763 893 2834 πλησίον
920 2785 1036 2836 μου.
1070 2787 1088 2818 ι
1130 2770 1187 2821 '0
1220 2769 1324 2840 γὰρ
1348 2771 1578 2833 ἀναστὰς
1608 2772 1694 2826 διά
1728 2790 1886 2843 μετα.

1987 2779 2106 2834 veni
2135 2776 2377 2846 proxima
2409 2787 2525 2828 mea
2554 2773 2620 2823 ³⁸.
2651 2791 2670 2823 ι
2700 2771 2796 2837 Qui
2828 2771 2969 2824 enim
3012 2783 3105 2837 per
3148 2769 3517 2837 paenitentiam

313 2856 483 2916 νοίας
517 2853 613 2905 οὐκ
645 2852 757 2904 ἐστι
786 2854 970 2924 πόρρω
997 2857 1247 2926 Χριστοῦ.
1282 2858 1575 2928 Γενομένης
1604 2860 1659 2911 δὲ
1686 2862 1781 2930 τῆς
1829 2865 1885 2917 ὲν

1987 2866 2240 2933 resurgit,
2276 2877 2380 2916 non
2405 2871 2489 2915 est
2513 2859 2694 2928 procul
2718 2874 2747 2912 a
2781 2858 3013 2912 Christo.
3052 2858 3211 2910 Facta
3259 2869 3433 2911 autem
3465 2857 3520 2911 in

317 2941 638 3010 ἀλαλαγμῷ
655 2941 794 2993 κατὰ
815 2943 920 2993 τῶν
945 2945 1268 3013 ἡττωμένων
1298 2947 1496 3016 φωνῆς,
1527 2950 1574 2999 οί
1595 2948 1886 3018 ἐλευθερω-

1987 2953 2286 3020 Iubilationc
2307 2958 2491 3003 contra
2512 2948 2747 3002 devictos
2769 2961 2920 3008 voce,
2948 2946 3000 2998 hi
3023 2947 3110 3012 qui
3143 2945 3350 2998 liberati
3383 2954 3510 2998 sunt

318 3032 524 3091 Θέντες
553 3030 964 3099 προστάττονται
983 3032 1058 3101 τῷ
1080 3033 1178 3102 τῆς
1202 3035 1355 3105 νίκης
1381 3036 1534 3105 αἰτίῳ
1561 3037 1724 3104 ψάλαι
1747 3039 1882 3109 Θεῷ.

1987 3043 2228 3109 iubentur
2269 3039 2381 3091 Deo
2442 3037 2678 3090 victoria:
2725 3036 2929 3088 auctori
2992 3035 3248 3102 psalmum
3312 3035 3512 3088 dicere.

318 3120 508 3184 Δόξαν
550 3119 607 3170 δὲ
652 3118 861 3170 δίδωσιν
891 3121 1085 3172 αἰνέσει
1135 3122 1296 3173 αὑτοῦ
1331 3125 1359 3175 6
1399 3122 1534 3192 ἔχων
1577 3128 1640 3195 τῇ
1690 3127 1885 3180 αἰνέσει

1987 3130 2151 3182 Porro
2181 3127 2401 3196 gloriam
2431 3123 2521 3178 dat
2559 3124 2696 3177 laudi
2730 3123 2864 3189 ejus,
2893 3123 2983 3191 qui
3011 3123 3227 3176 exhibet
3252 3125 3518 3176 actionem

319 3207 540 3279 πρᾶξιν
569 3207 914 3276 κατάλληλον·
943 3228 962 3261 ι
1017 3212 1138 3272 Τοῖς
1190 3209 1294 3277 γὰρ
1319 3210 1496 3262 εὐθέσι
1529 3213 1722 3282 πρέπει
1751 3215 1886 3266 αῖνε-

1987 3214 2123 3268 laudi
2164 3221 2615 3266 consentancam:
2655 3226 2674 3259 ι
2713 3209 2904 3262 Rectos
2938 3210 3076 3262 enim
3128 3211 3280 3263 decet
3313 3210 3519 3263 collau-

2402 2246 2564 2318 743
2601 2245 2908 2300 PSALMUS
2942 2244 3111 2298 va.

2057 2341 2219 2396 Vens.
2257 2341 2312 2392 2.
2351 2337 2583 2391 Jubilate
2629 2336 2752 2399 Deo,
2799 2346 2905 2388 etc.
2957 2334 3058 2386 Sed
3100 2343 3152 2386 et
3190 2340 3307 2400 post
3348 2334 3519 2398 ptent-

323 3313 439 3359 σις·
492 3315 510 3346 ι
548 3296 627 3348 διὸ
659 3296 917 3348 κωλύεται
942 3297 969 3347 6
998 3295 1193 3363 φαῦλος
1218 3297 1371 3350 τοῦτο
1399 3303 1586 3351 ποιεῖν·
1621 3319 1638 3352 ι
1675 3303 1772 3355 οὑκ
1804 3303 1889 3356 δν-

321 3400 418 3446 τος
455 3383 658 3452 ὡραίου
687 3385 832 3437 αἴνου
863 3385 917 3436 ὲν
939 3383 1157 3452 στόματι
1192 3385 1527 3455 ἀμαρτωλοῦ.
1572 3405 1590 3437 ι

400 3473 633 3528 Εἴπατε
664 3471 740 3536 τῷ
757 3472 897 3538 Θεῷ·
913 3467 1005 3537 Ὠς
1018 3472 1250 3538 φοϐερὰ,
1285 3489 1338 3525 κ.
1367 3489 1416 3525 τ.
1448 3474 1496 3527 ὲ.
1543 3474 1600 3525 '0
1632 3473 1748 3526 ἰδὼν
1779 3475 1886 3544 (48)

325 3559 602 3628 διαφορὰν
633 3559 728 3611 τοῦ
774 3559 1183 3625 ἀναγγείλαντος
1209 3559 1275 3610 τὰ
1303 3559 1436 3628 ἔργα
1466 3560 1558 3612 τοῦ
1594 3561 1726 3612 Θεοῦ
1758 3561 1890 3631 πρὸς

325 3651 412 3713 τὸ,
468 3667 488 3699 ‹
524 3650 632 3702 Καὶ
663 3648 732 3700 τὰ
765 3650 1038 3727 ποιήματα
1069 3648 1230 3701 αὐτοῦ
1266 3650 1518 3717 συνῆκαν·
1562 3667 1579 3700 ι
1609 3651 1889 3719 εἰρημένον

326 3742 388 3792 ὲν
416 3737 698 3806 ἑξηκοστῷ
733 3737 896 3806 τρίτῳ
931 3734 1141 3805 ψαλμῷ·
1172 3736 1264 3788 καὶ
1294 3736 1409 3798 πῶς
1436 3737 1644 3806 εἴρηται
1675 3739 1730 3788 ὲν
1762 3739 1890 3790 έκα-

325 3828 515 3898 τοστῷ
546 3828 704 3896 ἕκτῳ·
765 3845 783 3877 ‹
821 3829 882 3879 Οἱ
932 3826 1336 3888 καταϐαίνοντες
1389 3829 1466 3888 είς
1519 3827 1783 3880 Θάλασσαν
1834 3831 1890 3880 ὲν

328 3918 570 3980 πλοίοις,
613 3915 886 3977 ποιοῦντες
931 3913 1185 3983 ἐργασίαν
1213 3915 1270 3965 ὲν
1307 3913 1458 3967 ὕδασι
1492 3915 1720 3978 πολλοῖς,
1745 3917 1892 3968 αὐτοὶ

331 4007 482 4062 εἶδον
521 4007 587 4058 τὰ
618 4005 753 4076 ἔργα
785 4006 1008 4073 Κυρίου,
1033 4005 1124 4056 καὶ
1162 4004 1230 4056 τὰ
1255 4005 1526 4073 θαυμάσια
1546 4006 1706 4058 αὐτοῦ
1741 4007 1796 4058 ὲν
1816 4007 1893 4077 τῷ

336 4095 514 4166 βυθῷ·
562 4115 578 4144 ι
615 4093 800 4162 ὄψεται
833 4093 946 4153 πῶς
964 4091 1042 4142 δεῖ
1069 4091 1241 4157 λέγειν
1268 4091 1341 4160 τῷ
1362 4092 1494 4162 Θεῷ·
1530 4111 1548 4142 ι
1582 4094 1666 4155 Ὠς
1694 4093 1893 4164 φοϐερά

1985 3303 2130 3354 datio
2155 3301 2229 3351 ἰε
2254 3318 2271 3350 ι
2306 3300 2503 3353 idcirco
2527 3297 2838 3365 prohibetur
2860 3296 3132 3362 improbus
3151 3312 3266 3348 eam
3291 3297 3504 3361 facere;

1991 3407 2010 3440 ‹
2047 3389 2172 3456 quia
2204 3403 2306 3440 non
2334 3396 2416 3439 est
2442 3385 2682 3451 speciosa
2710 3384 2824 3437 laus
2858 3385 2909 3437 in
2940 3398 3033 3437 ore
3061 3384 3356 3452 peccatoris
3380 3385 3446 3435 ’³.
3483 3403 3504 3436 ι

2060 3477 2220 3530 Vens.
2260 3475 2312 3527 5.
2336 3471 2504 3526 Dicite
2519 3469 2652 3523 Deo:
2676 3471 2842 3534 Quam
2873 3472 3151 3534 terribilia,
3180 3481 3284 3524 etc.
3313 3472 3410 3537 Qui
3439 3475 3516 3524 vi-

1989 3567 2128 3619 derit
2162 3561 2513 3616 dillerentiam
2543 3559 2658 3626 ejus
2685 3560 2774 3627 qui
2809 3557 3091 3611 annuntiat
3119 3573 3278 3626 opera
3323 3559 3412 3612 Dei
3451 3562 3520 3614 ad

1989 3655 2136 3717 illud,
2171 3670 2189 3703 ι
2224 3653 2288 3704 Et
2334 3650 2476 3702 facta
2529 3649 2645 3718 ejus
2703 3648 3074 3702 intellexerunt
3136 3664 3152 3702 :
3199 3667 3217 3699 ι
3262 3649 3400 3718 quod
3436 3649 3520 3702 di-

1994 3756 2140 3800 ctum
2171 3753 2252 3797 cst
2287 3742 2339 3795 in
2372 3739 2576 3809 psalmo
2605 3738 2933 3807 sexagesimo
2973 3736 3134 3791 tertio
3164 3736 3210 3769 ”
3254 3755 3269 3790 :
3303 3747 3355 3790 et
3387 3753 3521 3804 quo-

1991 3833 2144 3889 modo
2173 3833 2366 3886 dictum
2391 3837 2472 3883 est
2497 3829 2551 3882 in
2578 3828 2868 3882 centesimo
2901 3834 3051 3880 sexto
3075 3827 3120 3857 ”
3145 3843 3160 3881 :
3213 3843 3233 3878 ι
3287 3827 3385 3892 Qui
3425 3829 3522 3880 de-

1989 3922 2323 3990 scenduntjn
2355 3933 2500 3972 mare
2521 3919 2571 3970 in
2598 3917 2846 3982 navibus,
2876 3915 3133 3971 facientes
3159 3916 3522 3983 operationem

1990 4014 2043 4067 in
2076 4013 2228 4081 aquis
2251 4010 2452 4074 multis,
2486 4009 2587 4078 ipsi
2617 4009 2862 4062 viderunt
2886 4021 3046 4074 opera
3083 4005 3311 4068 Domini,
3333 4016 3387 4058 et
3421 4006 3522 4057 mi-

1997 4104 2180 4158 rabilia
2210 4101 2322 4170 ejus
2357 4102 2408 4154 in
2451 4099 2738 4167 profundo,
2776 4116 2795 4149 ι
2833 4097 3036 4150 videbit
3068 4095 3332 4164 quomodo
3361 4107 3520 4160 opor-

335 4163 409 4237 τά
445 4163 583 4252 ἔργα
617 4198 728 4234 σου·
756 4199 772 4231 ι
798 4181 914 4248 οὐχ)
937 4180 1012 4242 δὲ,
1045 4198 1063 4229 ι
1100 4178 1304 4248 Φοϐερά
1334 4179 1400 4232 τά
1427 4181 1700 4250 ποιήματά
1729 4163 1838 4234 σου.
1871 4201 1886 4233 ι

1998 4201 2105 4246 teat
2130 4163 2502 4253 Deo’dicereﬁ
2535 4187 2704 4252 Quam
2732 4185 2994 4238 terribilia
3025 4192 3148 4236 sunt
3176 4197 3334 4250 opera
3369 4191 3478 4245 tua,
3500 4198 3518 4230 I

335 4275 458 4326 Kal
505 4273 613 4346 γὰρ
643 4271 710 4323 τὰ
747 4271 880 4341 ἔργα
914 4269 1110 4338 Κυρίου
1155 4268 1360 4322 εῖδοσαν
1416 4272 1461 4321 οξ
1487 4271 1895 4334 καταϐαίνοντες

336 4364 424 4425 είς
457 4362 729 4414 θάλασσαν
763 4363 818 4412 ὲν
843 4359 1060 4422 πλοίοις,
1086 4360 1377 4430 ἐπιτήδειοι
1413 4361 1551 4413 κατά
1578 4362 1732 4414 τοῦτο
1751 4363 1897 4426 ὄντες

342 4453 482 4506 ίδεῖν
512 4450 580 4502 τά
613 4449 814 4519 φοϐερὰ
852 4449 984 4518 ἔργα
1019 4449 1241 4520 Κυρίου·
1283 4451 1350 4502 τὰ
1367 4450 1472 4520 γὰρ
1508 4451 1740 4516 ἀνάλογα
1788 4455 1898 4514 τοῖς

339 4544 616 4612 ποιήμασι
669 4541 871 4610 Κυρίου
921 4540 1191 4610 Θαυμάσια
1239 4540 1402 4594 αὑτοῦ
1435 4543 1490 4594 έν
1518 4541 1595 4610 τῷ
1636 4541 1780 4612 βυθῷ
1801 4543 1898 4595 ούκ

341 4634 467 4689 ἔστι
494 4632 718 4701 φοϐερά.

420 4720 598 4774 Πᾶσα
647 4722 686 4787 ἠ
739 4719 813 4787 γῆ
856 4719 1459 4786 προσκυνησάτωσαν,
1511 4737 1563 4772 κ.
1605 4737 1656 4776 τ.
1699 4722 1743 4774 ὲ.
1791 4722 1898 4774 Καὶ

342 4810 506 4880 παρὰ
538 4809 612 4878 τῷ
666 4809 964 4878 Ἀποστόλῳ
991 4807 1096 4877 (49)
1135 4807 1342 4878 πρῶτον
1391 4826 1409 4858 ι
1449 4809 1826 4880 προσεύξομαι,
1873 4829 1892 4862 ι

343 4898 603 4965 δεύτερον
629 4917 646 4948 ι
682 4896 854 4966 ψαλῶ.
892 4917 910 4948 ι
944 4898 1278 4966 Ἐπιστήσεις
1304 4897 1380 4960 δὲ,
1413 4899 1460 4950 εί
1489 4898 1668 4967 ἔτερόν
1687 4899 1898 4962 ὲστιτὸ,

352 5008 372 5038 c
410 4986 754 5040 Ψαλάτωσάν
786 5003 887 5047 σοι,
929 5003 946 5034 ι
984 4986 1074 5036 καὶ
1099 4984 1277 5052 ἕτερον
1306 4987 1386 5049 τὸ,
1417 5005 1434 5036 ι
1458 4987 1792 5040 Ψαλάτωσαν
1823 4987 1900 5056 τῷ

344 5075 579 5141 ὀνόματί
614 5090 728 5126 σου·
771 5093 789 5123 ι
811 5074 839 5124 ὁ
861 5073 915 5123 δὲ
948 5071 1232 5140 Σύμμαχος
1258 5073 1500 5138 ἐξέδωκε·
1532 5091 1549 5124 ι
1585 5073 1785 5137 Πάντες
1812 5076 1902 5127 ἐπὶ

423 5201 482 5270 ’f
503 5201 605 5270 lsa.
638 5200 896 5270 muli-3.4
919 5266 930 5270 Δ
964 5199 1007 5231 θ’
1033 5199 1177 5270 ίξιεξιιἐ
1198 5215 1283 5263 ιι,
1309 5202 1361 5254 9.
1434 5200 1654 5270 ’fﬁCant.
1679 5217 1739 5269 ιι,
1774 5201 1858 5257 10.

2008 5204 2148 5260 Psal.
2183 5221 2352 5270 xxx",
2378 5205 2428 5258 1.
2503 5204 2546 5234 ⁸⁸
2575 5200 2733 5254 Eccli.
2761 5212 2847 5257 xv,
2869 5194 2920 5246 9.

343 5267 393 5300 "‘
431 5267 573 5324 ibid.
609 5283 714 5330 cvt,
743 5267 832 5333 25,
872 5266 961 5319 ει.
1032 5267 1077 5298 ³⁸
1100 5267 1116 5318 l
1140 5265 1263 5322 Cor.
1296 5283 1404 5334 xw,
1435 5268 1522 5320 15.

431 5374 554 5444 (ιι)
593 5377 686 5427 Ἐκ
719 5372 946 5444 Ἡσαΐᾳ,
988 5383 1090 5426 etc.
1120 5373 1316 5444 Catena
1345 5374 1604 5429 Corderii.

437 5442 556 5511 (45)
595 5442 1025 5511 Ἐπιφανεζσης,
1055 5451 1159 5493 etc.
1197 5442 1412 5511 Eadem.

440 5506 554 5577 (46)
595 5506 732 5564 Ἐπῖ
756 5508 820 5561 τὸ
844 5506 1106 5570 βέλτιον,
1130 5519 1232 5562 etc.
1267 5509 1481 5566 Eadem.

1991 4294 2320 4349 nequaquam
2372 4291 2521 4341 vero,
2571 4293 2588 4325 ι
2641 4273 2921 4328 Terribilia
2976 4286 3102 4327 sunt
3150 4273 3289 4325 facta
3347 4281 3458 4324 tua.
3501 4288 3522 4321 ι

1991 4367 2201 4422 Etenim
2235 4380 2394 4434 opera
2441 4365 2646 4420 Domini
2671 4364 2937 4424 viderunt,
2967 4363 3056 4430 qui
3091 4361 3424 4414 descendunt
3468 4359 3526 4412 in.

1994 4470 2144 4510 mare
2169 4461 2220 4508 In
2252 4455 2501 4520 navibus,
2547 4456 2652 4524 apti
2681 4452 2966 4508 secundum
3015 4451 3114 4503 hoc
3148 4449 3332 4503 videre
3363 4448 3522 4500 terri-

1995 4543 2119 4597 bilia
2153 4557 2314 4611 opera
2362 4542 2570 4597 Domini
2622 4557 2792 4597 :nam
2842 4539 3063 4608 analoga
3120 4538 3276 4592 factis
3321 4534 3532 4590 Domini

2001 4629 2263 4683 mirabilia
2291 4627 2404 4695 eius
2437 4629 2488 4682 in
2521 4629 2781 4696 profundo
2811 4645 2913 4681 non
2939 4635 3064 4682 sunt
3107 4624 3389 4678 terribilia.

2072 4718 2232 4772 Vens.
2269 4718 2321 4773 Δ.
2367 4717 2546 4772 Omnis
2575 4727 2717 4771 terra
2743 4718 2920 4770 adoret
2952 4725 3022 4780 te,
3049 4724 3154 4768 etc.
3182 4713 3350 4765 Etiam
3390 4709 3527 4778 apud

1999 4806 2313 4873 Apostolum
2355 4808 2398 4839 "
2452 4807 2624 4875 primo
2672 4805 2787 4859 loco
2834 4801 3048 4872 ponitur
3101 4817 3120 4850 ι
3153 4799 3337 4860 orabo,
3374 4814 3392 4846 ι
3445 4809 3532 4848 se-

2003 4895 2178 4948 cundo
2231 4913 2250 4946 ι
2305 4895 2545 4965 psallam.
2596 4914 2614 4945 ι
2659 4894 2887 4948 ιιιιιιιὺίε
2937 4900 3136 4950 autem,
3176 4897 3350 4937 utrum
3387 4880 3530 4934 aliud

2003 4990 2091 5054 sit,
2135 5006 2154 5037 ι
2190 4986 2382 5040 Psallat
2409 4987 2521 5050 tibi,
2563 5006 2582 5037 ι
2610 4995 2662 5038 et
2697 4984 2855 5044 aliud,
2908 4999 2925 5030 ι
2961 4979 3224 5031 Psaltnum
3252 4974 3390 5025 dicat
3429 4986 3529 5023 no-

2009 5078 2134 5130 mini
2162 5087 2290 5142 tuo;
2327 5095 2345 5126 ι
2381 5074 2733 5144 Symmachus
2775 5083 2899 5122 vero
2951 5061 3213 5130 exposuit,
3265 5075 3284 5108 ι
3333 5058 3530 5112 Omnes

3021 5191 3064 5223 ”
3085 5189 3227 5243 Psal.
3256 5204 3408 5256 um,
3445 5191 3530 5250 lO.

2069 5373 2178 5444 (ιι)
2217 5371 2390 5444 Ἀλέα
2411 5367 2527 5444 καί,
2554 5327 2665 5444 «ξω,ζ
2686 5361 2904 5444 Eadem.

2089 5430 2172 5494 48'
2217 5440 2268 5489 '0
2301 5435 2458 5494 ἰδών,
2483 5441 2584 5486 etc.
2628 5430 2843 5482 Eadem.

2091 5439 2183 5569 ιθί
2208 5505 2313 5559 Kal
2343 5500 2498 5567 παρὰ
2532 5499 2608 5564 τῷ
2651 5499 2843 5551 Ἀπσσι

2091 5494 2183 5567 ιθ)
2208 5505 2313 5559 Kal
2343 5500 2498 5567 παρὰ
2532 5499 2608 5564 τῷ
2651 5494 2996 5560 Ἀποστόλφ,
3034 5501 3141 5548 etc.
3174 5496 3394 5552 Eadcut.
