3910 6284
309 325 467 385 εδοι
1291 334 1595 393 SELECTA
1632 336 1702 390 IN
1731 334 2063 392 PSALMOS.
2099 365 2169 377 —
2207 333 2400 389 PSAL.
2433 334 2588 391 LXV.
3395 335 3526 389 I502

263 435 473 514 ἱῆσαν
502 448 852 520 μαρμάρινοι,
879 425 1321 524 τεθεμελιωμένοι
1352 455 1441 507 ἐπὶ
1457 453 1636 524 βάσεις
1663 474 1807 527 χρυση

1993 469 2146 508 crura
2193 460 2346 507 erant
2393 452 2652 508 columna:
2703 466 3051 517 marmoreaa,
3099 451 3327 506 fundata:
3369 465 3524 520 super

305 535 406 601 ὡς
441 540 504 593 ὲν
526 539 604 610 τῷ
631 541 862 611 ’ᾼσματι
890 543 996 598 τῶν
1015 546 1268 615 ᾀσμάτων
1284 546 1510 617 εἴρηται.

2005 556 2143 598 ηερε
2193 555 2409 605 aureas,
2453 543 2528 596 uti
2587 543 2636 597 in
2685 543 2910 599 Cantica
2955 543 3284 598 canticorum
3333 540 3376 572 "
3419 550 3549 616 ινξι-ι

281 639 287 666 ί
1986 631 2146 684 ditur.

405 716 532 771 Ὅτι
560 719 920 786 ἐδοκίμασας
952 721 1125 789 ἡμᾶς,
1160 724 1193 775 ὀ
1229 721 1389 788 Θεὸς,
1432 740 1484 776 κ.
1526 740 1576 778 τ.
1619 723 1666 776 ὲ.
1700 723 1889 791 Σαφῶς

2057 720 2218 775 Vens.
2265 719 2350 774 ID.
2395 718 2652 783 Quoniam
2683 719 2911 786 probaui
2938 735 3052 782 uos,
3096 719 3254 784 Deus,
3287 727 3391 772 etc.
3420 716 3501 770 Ma

306 803 493 857 τοῦτο
525 806 636 876 (59)
684 808 804 877 ὄψει
845 810 950 862 ἀπὸ
977 811 1068 863 τοῦ
1113 811 1383 880 Ἰεζεκιὴλ,
1409 810 1535 863 ἔνθα
1563 810 1850 881 γέγραπται

1989 808 2181 863 nifeste
2203 810 2302 863 hoc
2329 808 2534 862 videbis
2550 823 2616 861 ex
2633 808 2930 873 Ezechiele,
2951 809 3038 861 ubi
3057 809 3309 877 scriptum
3339 817 3421 861 est
3448 808 3462 838 ’
3503 823 3516 859 :

314 913 340 944 ι
402 899 520 949 Καὶ
566 899 778 966 ἐγένετο
822 900 977 968 λόγος
1023 901 1222 972 Κυρίου
1265 902 1400 972 πρὸς
1440 902 1506 970 μὲ
1551 902 1738 968 λέγων’
1792 902 1857 953 Υί

1991 913 2012 947 r
2045 897 2112 950 Et
2141 897 2340 950 factum
2373 906 2454 951 est
2487 899 2709 950 verbum
2741 895 2944 949 Domini
2973 898 3037 949 ad
3071 912 3154 951 me
3177 898 3392 951 dicens:
3419 895 3519 949 Fili

305 986 649 1057 ἀνθρώπου,
691 989 798 1042 ἰδοὺ
841 990 1090 1058 γεγόνασί
1123 1007 1208 1059 μοι
1238 984 1382 1052 οἰκος
1422 989 1651 1058 Ἰσραὴλ,
1685 991 1849 1058 ἀναμε

1984 986 2238 1050 hominis,
2277 1001 2400 1041 ecoe
2453 987 2576 1040 facti
2623 995 2749 1040 sunt
2799 987 2928 1040 mihi
2977 987 3166 1041 domus
3210 986 3388 1050 lsrael,
3427 987 3519 1038 ad-

309 1075 595 1143 μιγμένοι
620 1077 814 1137 πάντες
837 1075 1039 1145 χαλκῷ,
1065 1075 1154 1128 καὶ
1179 1073 1498 1144 κασσιτέρῳ,
1530 1073 1619 1125 καὶ
1638 1072 1853 1142 μολίόδιει

1985 1075 2130 1129 misti
2163 1090 2351 1130 omnes
2384 1089 2511 1140 mre,
2546 1085 2600 1129 et
2629 1086 2844 1140 stanno,
2884 1084 2937 1129 et
2973 1075 3207 1143 plumbo,
3255 1085 3310 1130 et
3354 1075 3514 1141 ferro,

304 1164 422 1214 καὶ
453 1165 682 1235 σιδήρῳ,
714 1167 770 1220 ἐν
803 1167 948 1236 μέσῳ
975 1167 1198 1236 καμίνου
1227 1164 1484 1235 ἀργυρίου
1514 1164 1848 1232 άναμεμιγμέ

1672 1164 1886 1232 εμιγμέ·
1983 1163 2038 1217 itt
2073 1165 2246 1218 medio
2286 1165 2523 1220 fornacis
2555 1173 2778 1233 argento
2807 1162 3032 1218 admista
3065 1171 3166 1217 est.
3197 1181 3216 1214 ι

303 1269 418 1315 νος
440 1253 589 1306 ὲστί.
621 1273 640 1305 ι
932 1311 947 1321 ς

391 1341 740 1412 Εὶσήγαγες
779 1344 933 1412 ἡμᾶς
976 1347 1061 1410 είς
1091 1343 1204 1408 τὴν
1249 1341 1482 1410 παγίδα,
1523 1357 1576 1393 κ.
1615 1357 1666 1392 τ.
1708 1342 1753 1394 ἐ.
1787 1341 1883 1394 Διὰ

2049 1343 2213 1398 Vens.
2253 1345 2339 1398 ll.
2377 1343 2643 1398 Induxisti
2691 1361 2784 1397 nos
2835 1345 2891 1397 in
2939 1343 3196 1413 laqueum.
3252 1351 3357 1398 etc.
3414 1341 3519 1396 Per

301 1429 436 1500 γὰρ
470 1431 683 1484 πολλῶν
708 1432 931 1501 θλίψεων
966 1433 1074 1499 (60)
1115 1431 1371 1484 εἰσελθεῖν
1397 1431 1476 1482 δεῖ
1505 1431 1583 1492 εἰς
1605 1430 1700 1499 τὴν
1729 1430 1845 1499 βασι

1981 1433 2176 1486 multas
2215 1434 2354 1487 enim
2401 1434 2773 1486 tribulationes
2818 1433 3020 1486 intrare
3070 1441 3286 1500 Oportet
3334 1431 3383 1484 in
3430 1447 3517 1484 re-

299 1520 481 1574 λείαν
508 1523 620 1576 τῶν
647 1523 906 1594 οὐρανῶν.
945 1522 1077 1574 Ἀλλ’
1113 1523 1160 1574 εί
1195 1523 1288 1575 καὶ
1317 1520 1644 1581 ὲπεὸίϐασας
1678 1519 1843 1590 άνθριὲ

1979 1537 2139 1592 gnum
2173 1521 2449 1575 etelarum.
2480 1522 2544 1574 Et
2579 1521 2706 1575 licet
2758 1521 2917 1574 etiam
2955 1521 3197 1575 homines
3242 1521 3516 1575 induxeris

298 1625 464 1672 πους
490 1612 584 1663 ἐπὶ
611 1611 711 1674 τὰς
743 1611 974 1678 κεφαλὰς
1003 1611 1177 1681 ήμῶν,
1207 1609 1319 1661 ἀλλ’
1345 1603 1435 1660 οὖν
1465 1606 1766 1677 θαρροῦμεν
1795 1609 1842 1660 δι

1978 1625 2140 1680 super
2186 1611 2357 1678 capita
2403 1619 2605 1676 nostra,
2656 1611 3003 1666 nihilominus
3049 1625 3144 1678 per
3201 1611 3510 1679 patientiam

296 1698 612 1769 ὑπομονῆς
673 1701 992 1771 μετεωρίσαι
1051 1699 1237 1762 αὐτάς,
1304 1697 1742 1765 κατασπωμένων
1785 1699 1840 1751 ἁτ

1980 1702 2298 1755 conﬁdimus
2327 1702 2412 1754 illa
2440 1717 2538 1755 nos
2566 1710 2860 1768 erecturos,
2887 1703 2973 1754 ubi
3001 1701 3513 1770 750imminentes

293 1766 508 1842 αὐτῶν
529 1766 639 1842 τῶν
666 1766 1014 1859 ἐπικειμένων
1037 1789 1300 1857 πολεμίων
1331 1787 1624 1858 ἀνθρώπων

1907 1766 1949 1818 Β
1979 1789 2182 1844 inimici
2215 1792 2458 1846 homines
2497 1790 2694 1843 fuerint
2727 1791 2793 1844 ab
2832 1791 2962 1858 ipsis
2991 1791 3179 1844 avulsi.

380 1881 834 1948 Εἰσελεύσομαι
854 1881 939 1944 είς
966 1879 1073 1932 τὸν
1103 1879 1267 1930 οἶκόν
1288 1892 1421 1939 σου,
1457 1894 1508 1928 κ.
1543 1895 1592 1928 τ.
1621 1878 1665 1929 ἑ.
1694 1878 1755 1928 "A
1786 1878 1881 1947 ηὑ-

2047 1879 2209 1932 Vens.
2253 1878 2338 1930 l3.
2383 1877 2618 1930 lmroibo
2671 1877 2725 1928 in
2772 1878 2980 1929 domum
3029 1887 3193 1941 tuam,
3239 1887 3346 1931 etc.
3386 1874 3512 1942 Qua!

291 1967 508 2039 ξάμην
534 1969 666 2038 (61),
702 1969 851 2039 φησὶ,
877 1969 1185 2037 θλιϐόμενος
1207 1966 1466 2018 ἀποδώσω
1493 1985 1590 2020 σοι.
1621 1966 1835 2036 Ηύξάμτ

1976 1966 2118 2029 vavi,
2167 1966 2364 2034 inquit,
2400 1981 2518 2018 cum
2566 1963 2891 2029 tribularer,
2945 1966 3164 2019 reddam
3209 1967 3325 2019 tibi.
3379 1965 3509 2019 Vovi

285 2055 356 2107 δὲ
383 2056 499 2119 ὡς,
519 2057 618 2126 τῆς
640 2057 862 2124 θλίψεως
887 2057 982 2125 τῆς
1021 2055 1293 2125 παρούσης
1326 2055 1557 2125 ρυσθεὶς,
1595 2055 1829 2108 διαπαντί

1975 2065 2149 2110 autem
2175 2069 2326 2108 mea
2367 2057 2608 2122 praesenti
2658 2056 2943 2111 aﬁlictione
2975 2056 3256 2110 iiberatum
3302 2070 3512 2124 semper

285 2145 635 2214 ἀναπέμψω
659 2162 738 2197 σοι
769 2146 864 2207 τὰς
894 2146 1141 2207 αἰνέσεως⁸
1172 2146 1287 2215 ἤτοι
1317 2145 1412 2206 τὰς
1446 2143 1582 2197 κατὰ
1606 2146 1766 2214 νόμον
1785 2145 1829 2196 Bt

1975 2145 2066 2198 tibi
2115 2144 2299 2198 laudes
2350 2144 2651 2198 oblaturum
2699 2165 2712 2198 :
2769 2147 2975 2200 scilicet
3019 2144 3206 2212 legalia
3245 2145 3505 2198 sacriﬁcia

286 2239 440 2299 σίας
479 2236 591 2306 πρὸ
610 2237 706 2305 τῆς
733 2235 826 2289 τοῦ
849 2238 1095 2306 Σωτῆρος
1121 2236 1425 2305 ἐπιδημίας·
1460 2235 1492 2304 ἢ
1520 2235 1617 2297 τὰς
1640 2251 1830 2304 πνευμι

1971 2247 2087 2300 qum
2111 2243 2263 2286 erant
2283 2241 2405 2286 ante
2429 2233 2712 2286 adventum
2743 2231 3067 2296 Salvataris;
3104 2232 3183 2284 vel
3221 2231 3505 2300 spiritalia,

282 2327 496 2388 τικὰς.
526 2326 901 2396 εἰσερχόμενος
931 2327 1009 2386 εἰς
1037 2325 1124 2376 τὸν
1155 2322 1297 2376 οἰκον
1325 2325 1416 2376 τοῦ
1444 2323 1596 2386 Θεοῦ,
1621 2324 1716 2392 τὴν
1752 2325 1826 2376 Ἑ)

1974 2338 2094 2377 cum
2137 2322 2349 2376 intrabo
2395 2322 2447 2376 in
2490 2323 2706 2377 domum
2739 2323 2855 2389 Dei,
2894 2323 3206 2385 Ecclesium,
3257 2323 3307 2374 in
3363 2322 3509 2375 holo-

284 2416 408 2485 κλη
420 2414 575 2477 σίαν,
599 2415 656 2465 ὲν
685 2414 1105 2483 ὁλοκαυτώμασι,
1126 2414 1330 2475 τελείας
1361 2431 1417 2465 τε
1446 2414 1538 2466 καὶ
1561 2414 1828 2484 όλοκλήροι

1971 2412 2190 2478 caustis,
2222 2412 2598 2481 perfectasque
2631 2421 2789 2480 atque
2823 2413 3058 2482 integras
3091 2413 3318 2466 virtutes
3343 2412 3508 2466 sacri-

285 2503 526 2574 ἀρετὰς
558 2503 617 2566 ἐξ
655 2503 788 2555 ὅλων
815 2503 1126 2573 ἱερουργῶν,
1153 2504 1245 2555 καὶ
1275 2503 1372 2565 τὰς
1401 2502 1758 2574 καταλλήλους
1778 2505 1829 2556 αἰ

1696 2521 1758 2566 υς
1778 2505 1874 2556 αύ-
1970 2500 2154 2566 ﬁcans,
2191 2512 2573 2557 consentaneas
2607 2502 2672 2557 iis
2707 2517 2893 2572 preces
2935 2504 3239 2558 exsolvam.

284 2597 422 2656 τοῖς
460 2592 754 2644 ἐκτιννύων
785 2593 963 2660 εὐχάς.

379 2680 880 2747 Ὁλοκαυτώματα
918 2680 1365 2748 μεμυαλωμένα,
1396 2697 1449 2731 κ.
1498 2697 1548 2732 τ.
1599 2681 1644 2732 ἑ.
1686 2682 1746 2732 Et
1784 2681 1872 2733 εύ-

2037 2678 2198 2732 Vens.
2243 2680 2328 2735 l5.
2371 2678 2696 2732 Holocausta
2740 2679 3050 2745 medullata,
3096 2689 3200 2735 etc.
3226 2679 3289 2734 Si
3331 2679 3503 2733 oratio

284 2768 364 2838 χὴ
408 2767 555 2836 (62),
597 2785 616 2816 ι
641 2766 702 2818 τὸ
723 2766 1072 2835 όλοκαύτωμά
1098 2784 1188 2818 σου
1223 2766 1484 2818 πιανάτωο
1518 2785 1537 2817 ι
1569 2766 1828 2820 άκολούθα

1966 2777 2066 2833 est,
2097 2787 2117 2819 ι
2150 2768 2518 2823 holocaustum
2546 2751 2920 2837 tuum‘pingue
2949 2769 3063 2832 ﬁat,
3089 2788 3108 2823 ι
3143 2784 3502 2824 consentanea

285 2854 452 2921 αὐτῇ
504 2851 736 2922 ἐροῦμεν
765 2853 842 2914 τὸ,
882 2871 900 2901 ι
945 2851 1360 2920 ὁλοκαυτώματα
1394 2854 1804 2924 μεμυαλωμέναο

1965 2872 2124 2912 sensu
2179 2858 2417 2912 dicemus
2464 2857 2616 2922 illud,
2675 2877 2694 2908 ι
2745 2859 3056 2914 holocausta
3107 2859 3393 2912 medullata
3429 2877 3444 2913 :
3480 2880 3499 2912 ι

286 2943 318 2994 ὂ
347 2942 648 3010 τυγχάνει,
689 2943 776 2993 ὅτε
830 2942 903 3011 μὴ
947 2941 1102 2994 ἄλλου
1153 2942 1425 3010 τυγχάνει,
1474 2943 1605 2995 ἀλλὰ
1643 2943 1719 3012 τῷ
1753 2943 1830 2995 Θε‹

1965 2949 2103 3016 quod
2158 2948 2216 3000 lit
2262 2948 2475 3016 quando
2528 2947 2750 3002 alterius
2805 2965 2909 3004 non
2967 2959 3068 3014 est,
3119 2950 3212 3004 sed
3264 2949 3361 3004 soli
3395 2949 3503 3002 Deo

285 3033 645 3101 ἀναφέρεται
691 3030 808 3083 καθ’
849 3032 906 3084 ὃν
939 3031 1132 3097 τρόπον
1166 3031 1243 3082 δεῖ
1279 3032 1338 3083 τὸ
1366 3030 1610 3102 θυμίαμα
1643 3031 1829 3086 ὲνώπιο

1965 3035 2188 3090 oﬁ'ertur
2226 3050 2291 3090 eo
2342 3035 2500 3088 modo
2548 3051 2652 3104 qua
2695 3049 2907 3108 Oportet
2958 3039 3237 3093 incensum
3282 3039 3332 3092 in
3373 3052 3501 3093 con—

288 3123 499 3180 αὐτοῦ.
524 3121 634 3174 Καὶ
653 3121 787 3191 μετὰ
813 3121 977 3191 κριῶν
1005 3121 1060 3172 δὲ
1087 3121 1120 3190 ἡ
1157 3121 1424 3191 προσευχὴ
1455 3121 1658 3185 γίνεται
1687 3123 1801 3190 ἦτοι
1829 3141 1832 3151 λ

2005 3137 2147 3188 aectu
2198 3125 2332 3191 ejus.
2383 3125 2568 3181 Oratio
2622 3126 2836 3197 quo'que
2877 3129 2959 3181 vel
2997 3129 3198 3183 oblatio
3238 3129 3296 3181 ﬁt
3339 3129 3501 3182 etiam
3541 3121 3549 3124 ⁴

289 3211 621 3286 προσφορά.
651 3211 770 3262 Εἱσί
796 3211 850 3263 δὲ
894 3211 1033 3281 κριοὶ
1061 3213 1296 3280 κινήσεις
1314 3211 1405 3263 καὶ
1423 3212 1606 3281 ὁρμαὶ,
1641 3212 1745 3264 ἀπὸ
1771 3229 1833 3263 το

1961 3228 2080 3266 cum
2118 3216 2394 3270 arietibus.
2435 3216 2572 3269 Sunt
2607 3227 2784 3270 autem
2814 3218 3012 3272 arietes
3041 3228 3214 3272 motus
3246 3229 3300 3271 et
3335 3219 3501 3286 impe-

291 3301 546 3374 Θυμικοῦ
576 3302 672 3370 τῆς
701 3301 874 3370 ψυχῆς
900 3301 995 3371 τὴν
1025 3301 1194 3372 ἀρχὴν
1228 3301 1460 3369 ἔχουσαι.
1494 3301 1643 3353 Μετὰ
1678 3303 1731 3353 δὲ
1758 3302 1833 3353 τῶ

1962 3311 2069 3367 tus,
2103 3305 2190 3371 qui
2225 3306 2290 3357 ab
2317 3306 2574 3360 irascibili
2605 3306 2796 3358 anima:
2830 3314 2983 3371 parte
3036 3307 3354 3374 principium
3401 3309 3500 3359 du-

289 3392 620 3464 εἰρημένων
637 3392 730 3443 καὶ
759 3390 901 3458 βόας,
937 3391 1084 3460 φησὶ,
1117 3389 1252 3458 μετὰ
1276 3390 1518 3458 χιμάρων
1545 3391 1757 3443 άνοίσω·
1789 3394 1833 3444 ἰε

1961 3399 2109 3443 cunt.
2155 3390 2286 3444 Cum
2338 3393 2610 3459 praedictis
2658 3400 2858 3454 autem,
2900 3393 3093 3459 inquit,
3129 3393 3287 3446 etiam
3337 3393 3499 3448 boves

293 3480 672 3555 ρουργοῦντος
711 3481 850 3549 τάχα
876 3479 999 3547 γοῦν
1030 3478 1122 3531 τοῦ
1161 3479 1517 3549 προσάγοντος
1545 3479 1728 3532 θυσίαν
1760 3481 1835 3543 ζῶ

1960 3494 2078 3532 cum
2122 3478 2288 3533 hircis
2318 3478 2534 3532 offeram
2567 3495 2582 3539 ;
2613 3479 2950 3532 sacriﬁcante
2985 3479 3212 3533 forsitan
3254 3480 3365 3545 illo,
3408 3483 3497 3548 qui

291 3588 402 3625 σαν
433 3571 515 3640 τῷ
535 3568 654 3637 Θεῷ
686 3568 747 3619 τὸ
775 3568 902 3620 ίδιον
933 3566 1107 3635 σῶμα.
1139 3568 1408 3636 Ἀναλογεῖ
1433 3567 1539 3637 γὰρ
1557 3568 1633 3637 τῷ
1657 3567 1835 3637 σώματ

1961 3569 2012 3621 in
2047 3568 2273 3620 hostiam
2325 3567 2586 3620 viventem
2623 3565 2729 3619 Dea
2763 3580 2957 3633 corpus
3003 3569 3278 3636 proprium
3321 3570 3495 3624 aﬁ‘ert.

288 3660 582 3728 γεωπόνον
617 3658 857 3727 ὑπάρχον
885 3656 944 3707 τὸ
967 3656 1121 3719 ζῶον,
1151 3655 1270 3725 ἔχον
1300 3657 1396 3726 τὴν
1434 3656 1624 3710 πλάσιν
1653 3659 1715 3708 ἐκ
1739 3657 1832 3726 γῆς

1959 3657 2128 3714 Habet
2171 3660 2313 3713 enim
2367 3660 2462 3713 bos
2500 3659 2800 3722 analogiam
2849 3673 2969 3712 cum
3025 3674 3266 3728 corpore,
3317 3671 3499 3730 utpme

289 3751 550 3818 Χίμαροι
603 3747 660 3800 δὲ
714 3745 995 3815 μετανοίας
1039 3746 1191 3816 ἔργαο
1257 3745 1383 3816 περὶ
1435 3747 1542 3816 γὰρ
1594 3746 1829 3816 ἁμαρτία

1957 3749 2152 3802 animal
2183 3751 2322 3818 quod
2360 3761 2560 3803 terram
2596 3750 2862 3814 elaborat,
2904 3758 2956 3803 et
2984 3749 3360 3803 formationem
3394 3751 3492 3804 ha-

292 3837 738 3910 προσεφέροντο.

1955 3838 2048 3893 bet
2093 3853 2124 3892 e
2173 3849 2337 3892 terra.
2386 3839 2529 3892 Hirci
2577 3854 2704 3893 vero
2759 3849 2882 3893 sunt
2939 3853 3100 3908 opera
3143 3841 3490 3909 paenitentia»,

1959 3943 2080 3982 nam
2114 3941 2210 3994 pro
2235 3929 2468 3995 peccatis
2497 3928 2876 3983 offerebantur.

372 4017 495 4072 Τοῦ
510 4015 724 4070 αὑτοῦ.
759 4015 872 4077 Πᾶς
903 4015 930 4067 ό
957 4013 1090 4083 ἔχων
1124 4011 1234 4082 (65)
1263 4012 1323 4064 τὸ
1345 4012 1663 4082 ἡγεμονικὸν
1695 4012 1859 4067 καθα-

2030 4015 2298 4083 Ejusdem.
2339 4015 2525 4069 Omnis
2557 4018 2645 4085 qui
2688 4019 3008 4086 praecipuam
3061 4020 3252 4072 animm
3284 4029 3487 4086 partem

294 4109 416 4178 ρὸν,
452 4105 550 4158 καὶ
581 4103 1006 4173 προσευχόμενος
1027 4101 1104 4170 τῷ
1131 4101 1266 4171 Θεῷ,
1288 4094 1438 4164 οὗτος
1458 4101 1700 4172 θυμίαμα
1725 4099 1838 4172 με’τέ

1957 4105 2115 4157 habet
2160 4118 2348 4172 puram
2385 4115 2440 4158 et
2486 4105 2596 4159 Deo
2631 4118 2900 4174 precatur,
2954 4107 3000 4162 is
3041 4107 3320 4182 incensum
3370 4127 3490 4164 cum

291 4196 481 4266 κριῶν
508 4191 802 4263 προσφέρει
831 4189 968 4258 Θεῷ.

1953 4195 2208 4248 arietibus
2231 4193 2390 4249 offert
2413 4196 2540 4250 Deo.

367 4283 576 4343 Δεῦτε,
609 4282 920 4341 ἀκούσατε,
965 4279 1060 4331 καὶ
1097 4276 1464 4345 διηγήσομαι,
1505 4294 1559 4329 κ.
1587 4279 1714 4330 τ.-ὲ.
1742 4278 1856 4331 Οὔκ

2028 4283 2186 4339 Vens.
2227 4285 2315 4338 16.
2364 4285 2567 4348 Venite,
2611 4286 2812 4354 audite,
2867 4296 2916 4341 et
2967 4290 3210 4355 narrabo,
3242 4297 3348 4344 etc.
3377 4288 3490 4343 Non

289 4371 549 4443 ἀρχαίων
583 4368 690 4439 (64)
721 4368 1066 4438 διηγημάτων
1097 4367 1326 4418 ποιεῖται
1361 4368 1596 4436 μνήμην,
1631 4367 1742 4419 ἀλλ’
1763 4368 1833 4420 ού-

1956 4370 2086 4424 facit
2131 4372 2460 4427 mentionem
2510 4375 2880 4428 narrationum
2924 4379 3285 4446 antiquarum,
3319 4393 3493 4448 neque

289 4460 350 4513 δὲ
376 4460 508 4512 τίνα
529 4457 728 4527 τρόπον
757 4455 814 4518 ἐξ
828 4455 1095 4524 Αἰγύπτου
1121 4454 1443 4524 λελύτρωται
1473 4456 1611 4509 κατὰ
1634 4457 1833 4526 καιροὺς

1957 4475 2059 4529 qua
2097 4463 2301 4516 ratione
2328 4462 2488 4516 Israel
2517 4463 2642 4516 olim
2679 4480 2742 4519 ex
2781 4464 3007 4534 «Egypto
3053 4468 3358 4536 redemptus
3401 4470 3486 4523 sit.

289 4549 321 4600 δ
359 4545 608 4618 Ἰσραήλ.
640 4545 885 4597 Διδάσκει
915 4544 970 4596 δὲ
991 4545 1050 4596 οὐ
1079 4544 1237 4606 κατὰ,
1271 4543 1421 4613 φησί,
1461 4544 1520 4596 τὸ
1543 4543 1771 4614 γράμμα
1793 4545 1833 4597 τὲ

1957 4549 2121 4603 Docet
2151 4559 2351 4616 autem,
2387 4551 2576 4618 inquit,
2613 4567 2716 4606 non
2751 4553 2891 4607 sicut
2941 4554 3119 4610 littera
3160 4557 3365 4626 legalis,
3396 4558 3488 4612 sed

291 4637 546 4708 νομικὸν,
587 4634 702 4688 ἀλλ’
739 4634 812 4695 ώς
837 4634 978 4696 Νέας
1013 4633 1279 4704 Διαθήκης
1312 4632 1505 4702 κήρυξ,
1535 4634 1602 4686 τὰ
1627 4635 1719 4686 νέα
1757 4635 1835 4688 τοί

1953 4639 2092 4692 sicut
2121 4653 2293 4707 praeco
2317 4639 2449 4693 Navi
2482 4641 2844 4709 Testamenti,
2879 4659 3011 4696 nova
3052 4645 3342 4701 Salvatoris
3395 4661 3487 4699 no-

291 4725 557 4794 Σωτῆρος
607 4722 760 4792 ἡμῶν
809 4720 1069 4790 θαυμάζει
1127 4719 1536 4790 κατορθώματα,
1586 4722 1685 4774 ὅσα
1732 4725 1835 4785 ταῖς

1953 4729 2049 4782 stri
2079 4729 2338 4804 beneﬁcia
2358 4731 2806 4800 demiratur,qttaa
2836 4744 3076 4789 nostrum
3107 4735 3345 4788 omnium
3373 4735 3488 4788 ani--

291 4815 560 4868 ἁπάντων
595 4811 753 4882 ἡμῶν
779 4811 1064 4882 ἐχαρίσατο
1086 4811 1301 4880 ψυχαῖς.

883 4811 1064 4882 ρίσατο
1086 4811 1301 4880 ψυχαῖς.
1952 4819 2054 4873 mis
2082 4819 2300 4888 largitus
2325 4831 2424 4876 est.

372 4903 491 4956 Τοῦ
527 4901 730 4954 αὑτοῦ.
772 4901 934 4954 Μόνοι
986 4902 1034 4953 οἰ
1082 4900 1189 4970 (65)
1229 4899 1543 4971 φοϐούμενοι
1597 4901 1686 4954 τὸν
1719 4901 1847 4956 Θεὸν

2022 4908 2292 4976 Ejusdem.
2334 4910 2434 4977 Qui
2469 4912 2656 4969 timent
2678 4916 2864 4984 Deum,
2893 4915 2988 4970 soli
3014 4917 3198 4970 audire
3217 4913 3485 4982 spiritales

293 4994 520 5047 ἀκούειν
544 4991 789 5044 δύνανται
811 4990 1152 5059 διηγημάτων
1179 4991 1572 5060 πνευματικῶν.

1010 4990 1152 5042 άτων
1179 4991 1572 5060 πνευματικῶν.
1951 4999 2284 5052 narrationes
2315 5011 2554 5069 possunt.

380 5081 639 5135 Ἀδικίαν
656 5082 706 5132 εὶ
729 5077 1014 5145 ἐθεώρουν
1039 5079 1107 5130 ἐν
1137 5081 1343 5146 καρδίᾳ
1364 5098 1501 5147 μου,
1536 5099 1590 5134 κ.
1626 5100 1676 5135 τ.
1703 5085 1749 5135 ὲ.
1777 5083 1850 5136 Τὸ

2020 5087 2177 5142 Vens.
2237 5088 2322 5141 18.
2377 5089 2714 5161 Iniquitalem
2771 5093 2818 5144 εἰ
2868 5089 3175 5155 acpiciebam
3227 5085 3281 5137 in
3339 5087 3492 5140 corde

264 5237 269 5244 .
296 5171 375 5242 μὴ
400 5170 629 5241 θεωρεῖν
655 5168 762 5237 (66)
789 5168 998 5220 ἀδικίαν
1031 5169 1088 5221 ὲν
1109 5171 1171 5238 τῇ
1198 5169 1392 5239 καρδίᾳ
1431 5169 1714 5240 σύμφωνον
1749 5171 1808 5242 τι]

1948 5191 2078 5244 meo,
2110 5186 2212 5232 etc.
2241 5179 2354 5234 Non
2389 5183 2634 5250 aspicere
2679 5181 3008 5250 iniquitatem
3049 5177 3102 5229 in
3140 5174 3307 5229 corde
3353 5177 3491 5232 idem

369 5281 419 5311 ⁹⁹
451 5279 608 5332 Cant.
632 5291 683 5344 v,
719 5277 802 5332 l3.
878 5279 894 5308 ¹
933 5277 1128 5332 Ezech.
1165 5294 1297 5342 xm,
1331 5278 1416 5332 l8.

517 5413 726 5493 saeta;
752 5415 1078 5493 τοῦζοηοιεΣ
1099 5415 1312 5493 Catena
1341 5415 1599 5493 Carderii.

2023 5425 2134 5493 (65)
2160 5424 2284 5491 Πᾶς
2311 5429 2344 5479 ό
2373 5426 2544 5493 ἔχων,
2579 5430 2684 5475 etc.
2712 5421 2888 5493 codex
2930 5418 3316 5493 CQisliniantts.
3411 5456 3416 5462 ς

370 5485 490 5619 (60)
512 5484 614 5538 Διὰ
644 5484 1022 5610 γὰὲβολλῶν
1046 5486 1326 5551 θλίψεων,
1355 5494 1458 5540 ctc.
1485 5488 1698 5546 Eadem.

374 5553 458 5619 (6|
527 5553 586 5602 Ἃ
619 5552 698 5614 ηὐ
730 5561 1047 5619 erymanta.
1080 5551 1297 5606 Eadem.

1687 5531 1698 5546 .
2018 5484 2128 5561 (64)
2153 5484 2276 5545 οὐκ
2297 5484 2573 5559 ἀρχαίων,
2613 5499 2717 5542 etc.
2745 5490 2940 5543 Catena
2971 5485 3231 5542 Carderii.

2022 5561 2129 5619 (65)
2157 5561 2335 5612 Μόνοι
2373 5561 2447 5619 οἱ,
2477 5566 2584 5607 etc.
2616 5557 2793 5610 Codex
2821 5557 3202 5611 (loisliniantts.

374 5551 489 5628 (6))
619 5551 912 5628 ηὐξάμην,
929 5561 1047 5628 fle.
1080 5551 1297 5606 Eadem.
2157 5551 2347 5628 Μόνοῐ
2372 5551 2447 5619 οἱ,
2477 5566 2584 5607 etc.
2616 5557 2793 5628 Cede}
2821 5557 3202 5628 (Zoislinianus.

370 5616 485 5680 (62)
504 5621 573 5670 El
594 5616 764 5680 εὐχή,
797 5630 826 5670 c
851 5633 898 5670 c.
927 5617 1140 5674 Eadem.

2005 5616 2123 5691 (lilii
2147 5626 2213 5680 Τὸ
2243 5627 2320 5690 μὴ
2351 5616 2600 5690 (impar,
2622 5633 2727 5680 ctc.
2753 5625 2950 5680 Catena
2983 5619 3250 5679 Corderii.
