3910 6262
233 349 262 403 ι
274 349 394 406 ὅθί)

1160 332 1464 400 SELECTA
1489 331 1553 387 lN
1584 331 1914 390 PSALMOS.
1951 365 2019 374 —
2055 329 2246 386 PSAL.
2287 327 2487 387 LXVII.

3298 329 3433 384 1506

225 469 355 540 γὰρ
391 466 528 529 Θεὸς
563 466 748 534 ἀγάπη
782 465 944 517 ἐστίν.
973 481 993 517 ι
1026 465 1094 517 Ἦ
1144 461 1426 534 μισοῦντας
1461 455 1592 509 Θεὸν
1631 474 1794 509 κατα-

1908 453 1987 507 Vel
2022 453 2110 507 Dei
2154 465 2338 505 osores
2371 451 2634 521 fugientes
2665 465 2692 503 a
2728 447 2862 503 facie
2897 443 3012 515 ejus
3041 456 3194 501 vocat
3223 461 3313 502 eos
3338 451 3428 516 qui

225 556 549 624 φεύγοντας
573 554 680 608 ἀπὸ
698 554 983 624 προσώπου
1009 553 1164 607 αὐτοῦ
1187 554 1332 619 λέγει
1359 547 1481 610 τοὺς
1510 548 1634 618 περὶ
1655 565 1791 619 πρα-

225 645 440 716 κτικὴν
469 644 664 698 κακίαν
697 645 926 713 ἔχοντας.
952 645 1013 696 Ei
1037 643 1143 712 γὰρ
1168 645 1195 695 ὁ
1212 639 1434 709 ἀγαπῶν
1463 637 1620 690 αὑτὸν
1641 640 1794 708 τηρεῖ

223 734 342 796 τὰς
374 733 599 795 ἐντολὰς
624 732 806 794 αὑτοῦ,
833 734 860 784 ό
891 732 963 802 μὴ
987 735 1168 802 τηρῶν
1187 731 1352 792 αὑτὰς
1381 730 1478 781 οὐκ
1502 727 1684 796 ἀγαπᾷ
1708 726 1796 776 αύ-

224 825 354 877 τόν.
389 817 549 876 Οὗτοι
580 823 634 875 δέ
658 823 791 875 εἰσιν
819 822 866 874 οἱ
899 822 1173 891 μισοῦντες
1206 821 1294 874 τὸν
1323 819 1453 871 Θεὸν
1476 857 1490 880 ,
1523 820 1570 869 οἱ
1610 818 1676 870 τὰ
1703 834 1795 886 με-

232 913 529 980 μισημένα
558 910 704 980 αὐτῷ
732 910 1074 980 πράττοντες.
1687 907 1690 909 λ

322 1002 427 1066 Ὠς
473 1001 735 1054 ἐκλείπει
801 999 1053 1064 καπνὸς,
1105 1017 1157 1051 κ.
1193 1016 1243 1051 τ.
1292 999 1336 1050 ἐ.
1375 997 1504 1056 Ταῖς
1545 996 1794 1064 παραϐο-

223 1090 363 1153 λαῖς
399 1090 513 1160 (75)
555 1089 1026 1160 ἐμφαντικωτέραν
1081 1088 1187 1140 τῶν
1235 1087 1485 1139 ἐναντίων
1521 1085 1633 1154 ,τὴν
1687 1086 1792 1137 ἀπ-

223 1177 446 1230 ώλειαν
471 1179 805 1250 ἐργάσασθαι
836 1178 1162 1248 βουλόμενος,
1191 1177 1548 1247 ἐμνημόνευσε
1573 1177 1664 1228 καὶ
1696 1192 1792 1228 κα-

226 1267 380 1319 πνοῦ
407 1267 506 1321 καὶ
537 1267 707 1338 κηροῦ
730 1285 744 1297 ·
774 1266 1039 1337 αῦτηθγὰρ
1072 1269 1102 1337 ἡ
1131 1266 1298 1336 κηροῦ
1331 1266 1487 1332 φύσις
1510 1266 1638 1336 πυρὶ
1663 1265 1795 1334 πλη⁴

223 1357 526 1419 σιάζοντος
585 1357 840 1426 τήκεσθαι
898 1357 987 1409 καὶ
1053 1355 1392 1408 ἀπόλλυσθαι.
1454 1355 1634 1416 Οῦτως
1682 1350 1792 1417 οὖν,

225 1464 314 1516 φη
324 1447 438 1510 civ,
469 1446 711 1508 ἅπαντας
739 1447 930 1508 αὐτοὺς
952 1445 1258 1508 ἅναλώσεις,
1281 1445 1426 1497 ὥσπε
1434 1462 1465 1514 ρ
1489 1445 1548 1496 τὸ
1579 1441 1686 1514 πῦρ
1709 1445 1795 1496 τὸν

224 1550 306 1602 κη
317 1535 416 1604 ρὸν
425 1573 440 1586 .

314 1624 437 1676 Τοῦ
467 1625 667 1676 αὑτοῦ.
697 1625 769 1676 Ού
802 1623 908 1692 πῦρ
936 1622 1010 1684 ὡς
1037 1621 1251 1689 ἄγγελοι
1281 1621 1409 1691 (76),
1439 1620 1555 1674 ούδέ
1589 1621 1702 1688 φῶς
1724 1620 1797 1682 ὡς

219 1710 276 1762 οἱ
305 1710 541 1773 δίκαιοι,
571 1711 680 1762 ἀλλ’
709 1711 782 1772 ὼς
805 1709 1003 1771 καπνός
1027 1712 1160 1761 είσιν
1185 1712 1234 1762 οἱ
1272 1706 1566 1779 μισοῦντες,
1597 1709 1766 1760 καπνὸ

217 1800 252 1849 ὁ
279 1798 563 1867 βλαϐερὸς
587 1799 839 1868 ὄμμασιν.
876 1817 891 1848 ι
941 1799 1024 1860 Ὠς
1051 1799 1270 1868 τήκεται
1307 1797 1471 1866 κηρὸς
1502 1797 1606 1849 ἀπὸ
1632 1813 1797 1866 προσ-

215 1885 392 1939 ώπου
434 1887 625 1957 πυρὸς,
663 1907 680 1938 ι
711 1888 802 1940 καὶ
832 1887 898 1940 τὰ
921 1888 1062 1956 ἑξῆς.
1097 1887 1298 1955 Ὥσπερ
1336 1890 1476 1949 σῖτος
1512 1888 1606 1956 μὲν
1640 1888 1687 1938 ot
1730 1887 1798 1938 δί-

216 1990 388 2026 καιοι
417 2014 432 2035 ,
483 1976 682 2045 ἄχυρον
707 1975 760 2026 δὲ
803 1976 851 2026 οἱ
883 1974 1050 2026 ἄδικοι
1069 1991 1081 2004 -
1112 1973 1250 2026 οὕτω
1277 1975 1394 2044 μέλι
1426 1975 1521 2043 μὲν
1546 1977 1592 2026 ot
1627 1975 1795 2042 σοφοὶ,

215 2064 416 2133 κηρὸς
449 2064 507 2117 δὲ
530 2067 578 2116 oi
611 2061 913 2132 ἑτερόδοξοι,
935 2064 994 2126 ὃς
1023 2064 1116 2116 κα)⁸
1142 2065 1360 2134 τήκεται
1395 2065 1496 2116 ὑπὸ
1524 2063 1615 2116 τοῦ
1643 2067 1700 2117 ἐν
1724 2063 1799 2134 τῷ

212 2152 440 2219 δικαίῳ
467 2153 637 2220 πυρὸς
665 2152 1041 2220 καθαιροῦντος
1060 2153 1120 2204 τὺ
1147 2152 1392 2221 σύστημα
1418 2152 1523 2204 τῶν
1551 2153 1798 2204 ἐναντίων

211 2240 297 2309 τῷ
341 2238 551 2306 ἀληθεῖ
577 2237 734 2306 λόγῳ.
764 2239 834 2289 Τὸ
861 2239 914 2289 δὲ
941 2238 1047 2308 πῦρ
1075 2237 1231 2290 τοῦτο
1260 2240 1287 2290 ὁ
1310 2237 1437 2299 Θεός
1469 2241 1606 2290 ἐστι·
1650 2238 1708 2290 τὸ
1745 2241 1800 2292 δὲ

212 2328 370 2381 αὐτὸ
401 2326 695 2395 πρόσωπον
721 2325 812 2378 τοῦ
837 2325 968 2379 Θεοῦ
997 2326 1148 2396 τήκει
1187 2325 1284 2396 μὲν
1319 2326 1666 2395 ἁμαρτωλοὺς
1685 2366 1698 2389 ,
1724 2327 1802 2379 δι-

214 2419 435 2477 καίους
469 2415 528 2467 δὲ
563 2416 852 2484 εὐφραίνει.

297 2504 434 2559 Τοῦ
464 2504 668 2557 αὐτοῦ.
701 2503 894 2555 Τοῦτον
919 2503 1007 2556 τὸν
1042 2504 1241 2556 καπνὸν
1274 2504 1382 2574 (77)
1424 2505 1706 2558 ἀποδιώκει
1742 2507 1802 2561 τὸ

216 2595 348 2666 πῦρ
380 2594 416 2646 ὃ
438 2590 604 2663 ἦλθεν
630 2595 658 2643 ὁ
685 2593 885 2662 Κύριος
914 2592 1088 2661 βαλεῖν
1123 2593 1214 2644 ἐπὶ
1240 2593 1338 2663 τὴν
1370 2594 1488 2664 γῆν.

294 2682 428 2736 Καὶ
457 2684 511 2733 οὶ
543 2679 753 2732 δίκαιοι
775 2679 1287 2746 εὐφρανθήτωσαν,
1306 2678 1803 2745 ἀῖιαλλιάοίθωσαν

217 2772 505 2826 ἐνώπιον
535 2768 640 2821 τοῦ
673 2767 816 2820 Θεοῦ
841 2807 855 2830 ,
883 2768 1298 2834 τερφθήτωσαν
1335 2767 1404 2818 ἐν
1437 2769 1798 2836 εὐφροσύνῃ,

219 2879 278 2914 κ.
309 2877 371 2912 τ.
407 2860 454 2910 ἐ.
503 2857 567 2908 Ἠ
595 2857 700 2909 τῶν
730 2856 944 2909 δικαίων
984 2856 1092 2926 (78)
1125 2856 1346 2908 ἐνώπιον
1369 2855 1462 2907 τοῦ
1486 2856 1617 2908 Θεοῦ
1640 2857 1802 2924 ἀγαλ-

220 2952 424 3011 λίασις
447 2988 462 3011 ,
490 2947 635 3016 χαρὰ
661 2964 742 3008 τις
769 2941 898 2998 οὖσα
921 2985 935 3009 ,
969 2946 1174 3015 καρπός
1203 2948 1315 2999 ἐστι
1337 2947 1428 3000 τοῦ
1462 2947 1761 3015 πνεύματος
1783 2961 1796 2976 ο

1892 543 1944 596 in
1981 542 2126 610 praxi
2155 540 2330 609 inique
2361 556 2418 593 se
2451 549 2658 608 gerunt.
2692 539 2746 592 Si
2778 539 2917 592 enim
2943 536 3030 602 qui
3057 536 3200 590 illum
3238 537 3429 606 diligit,

1891 631 2135 683 mandata
2170 627 2282 694 ejus
2315 626 2472 694 752
2502 633 2698 687 servat,
2743 625 2922 692 utique
2947 622 3034 690 qui
3063 638 3162 675 nou
3198 624 3284 676 illa
3315 638 3431 678 ser-

1891 727 1998 782 Val,
2035 733 2137 769 non
2171 716 2342 786 diligit
2364 732 2506 767 etttn.
2542 713 2601 766 lli
2646 728 2802 780 porro
2836 721 2958 765 sunt
2991 713 3078 765 Dei
3102 727 3302 778 osores,
3335 715 3430 782 qui

1891 822 2007 875 quae
2035 808 2144 875 ipse
2167 807 2288 860 odio
2313 806 2487 870 habet,
2521 804 2739 858 faciunt.

1963 973 2118 1027 Vens.
2149 974 2200 1026 5.
2243 972 2387 1026 Sicut
2434 973 2604 1037 deﬁcit
2644 973 2850 1040 fumus,
2881 985 2983 1029 etc.
3023 975 3152 1054 Qum
3193 977 3426 1033 hostium

1895 1064 2162 1117 interitum
2217 1076 2310 1129 per
2360 1063 2782 1129 comparationes
2830 1064 2997 1133 magis
3046 1065 3242 1120 diserte
3265 1067 3428 1121 vellct

1893 1152 2190 1220 explicare,
2225 1151 2354 1204 fumi
2400 1159 2452 1202 et
2493 1165 2628 1206 cera:
2675 1154 2997 1208 mentionem
3043 1153 3212 1209 fecit:
3256 1156 3425 1224 siquia

1893 1243 2010 1293 dem
2053 1242 2137 1294 illa
2181 1256 2316 1295 certe
2355 1250 2436 1294 est
2468 1253 2650 1297 natura
2673 1285 2687 1308 ,
2732 1253 2789 1296 ut
2819 1245 2938 1313 igne
2973 1246 3433 1315 appropinquante

1895 1328 2239 1394 colliquescat
2281 1338 2333 1381 et
2379 1340 2583 1395 pereat.
2637 1332 2727 1385 Sic
2769 1332 2966 1398 igitur,
3000 1333 3201 1400 inquit,
3242 1348 3430 1389 omnes

1893 1428 2192 1480 consumes,
2222 1416 2356 1471 sicut
2386 1419 2520 1487 ignis
2547 1433 2745 1472 ceram.

1967 1591 2231 1660 Ejusdem.
2263 1591 2373 1646 Non
2405 1594 2542 1662 ign.s
2579 1592 2716 1646 sicut
2746 1593 2940 1661 angeh,
2981 1610 3150 1662 neque
3181 1595 3264 1648 lux
3295 1597 3433 1651 sicut

1770 1679 1798 1771 ἐ
1828 1759 1845 1771 .
1891 1679 2047 1746 justi,
2079 1681 2165 1736 sed
2200 1681 2340 1736 sicut
2384 1681 2558 1736 fumus
2587 1682 2756 1737 oculis
2784 1684 2990 1746 noxius,
3016 1693 3136 1737 sunt
3175 1685 3263 1753 qui
3301 1686 3430 1738 ode-

1827 1759 1868 1816 Β
1898 1782 2019 1823 runt
2042 1787 2182 1824 emn.
2217 1787 2236 1821 ι
2289 1770 2438 1824 Sicut
2469 1769 2582 1822 (luit
2608 1787 2731 1824 cera
2761 1787 2790 1824 a
2833 1772 2966 1824 facie
2994 1773 3154 1840 ignis.
3193 1792 3211 1824 ι
3246 1783 3298 1826 et
3325 1788 3432 1826 cte-

1899 1869 2032 1912 tera.
2056 1859 2510 1925 Quemadmodum
2551 1858 2870 1912 frumentum
2905 1862 3118 1928 quidem
3145 1861 3430 1927 suntjusti,

1898 1950 2045 2017 palea
2068 1959 2245 2004 autem
2273 1949 2488 2018 injusti;
2515 1949 2590 2002 sic
2621 1949 2721 2003 mel
2753 1949 2964 2017 quidem
2997 1957 3120 2003 sunt
3145 1951 3431 2019 sapientes,

1898 2055 2018 2094 cera
2043 2055 2169 2095 vero
2210 2042 2541 2107 heterodoxi,
2569 2056 2683 2110 qua:
2711 2055 2828 2095 cera
2854 2041 3054 2109 liqnelit
3081 2043 3148 2094 ah
3173 2056 3236 2094 eo
3266 2041 3354 2108 qui
3379 2041 3432 2095 in

1892 2127 2036 2197 justo
2073 2131 2224 2182 ardet
2255 2129 2392 2198 igne,
2435 2130 2632 2198 quique
2673 2141 2854 2182 eorum
2883 2129 2971 2197 qui
3007 2144 3144 2182 verae
3180 2129 3435 2183 doctrinae

1898 2218 2246 2270 adversantur
2283 2226 2513 2284 systema
2562 2216 2774 2268 evertit.
2823 2214 2918 2268 llic
2972 2216 3106 2284 ignis
3142 2217 3280 2270 Deus
3323 2226 3430 2281 est,

1900 2306 2011 2374 ipsa
2045 2314 2218 2358 autem
2258 2303 2421 2359 facies
2446 2305 2534 2359 Dei
2569 2305 2833 2360 consumit
2865 2306 3075 2372 quidem
3109 2313 3431 2375 peccatores,

1893 2393 2064 2462 justos
2085 2409 2211 2446 vero
2237 2394 2422 2448 lzetitia
2459 2395 2645 2448 allicit.

1969 2482 2236 2551 Ejusdem.
2261 2482 2413 2537 Hunc
2443 2485 2640 2537 fumum
2680 2483 2892 2553 expellit
2917 2484 3055 2552 ignis
3079 2498 3234 2553 quem
3259 2484 3438 2540 Domi-

1901 2589 1999 2626 nus
2024 2573 2168 2626 vcnit
2197 2575 2402 2626 mittere
2428 2575 2479 2627 in
2505 2583 2722 2631 terram.

1971 2667 2128 2720 Vatis.
2152 2667 2200 2719 4.
2245 2665 2306 2717 Et
2325 2667 2458 2734 justi
2483 2669 2771 2730 epulenlur,
2795 2678 2840 2720 et
2860 2667 3113 2722 exsultent
3152 2668 3202 2718 in
3228 2681 3440 2735 conspe-

1901 2768 1983 2810 ctu
2012 2757 2125 2819 Dei,
2145 2767 2192 2810 et
2222 2758 2536 2811 delectentur
2583 2760 2635 2810 in
2678 2758 2894 2820 laetitia,
2929 2766 3037 2812 etc.
3085 2757 3355 2810 Justorum
3385 2757 3436 2808 in

1901 2855 2184 2914 conspectu
2225 2847 2314 2900 Dei
2365 2846 2684 2909 exsultatio,
2715 2861 2832 2912 qum
2879 2846 3127 2914 gaudium
3176 2844 3438 2912 quoddam

1901 2945 2004 2999 est,
2046 2935 2250 2989 fructus
2273 2944 2356 2989 est
2387 2934 2605 3002 spiritus
2637 2949 2651 2986 :
2695 2933 2900 2987 fructus
2937 2934 3078 2986 enim
3108 2931 3325 3001 spiritus
3357 2939 3443 2984 est

221 3040 459 3111 καρπὸς
493 3037 602 3106 γάρ
640 3037 752 3088 ἐστι
779 3035 870 3088 τοῦ
923 3037 1222 3104 πνεύματος
1259 3037 1430 3106 χαρὰ,
1461 3037 1666 3106 είρήνη.
1702 3036 1800 3088 Εὑ-

1908 3026 2173 3094 gandinm,
2209 3040 2332 3093 pax.
2373 3024 2581 3078 Laetitia
2623 3032 2798 3077 autem
2839 3038 2940 3091 qua
2968 3037 3061 3092 per
3088 3022 3321 3076 animam
3353 3037 3444 3078 sa-

221 3129 489 3202 φροσύνη
523 3127 579 3180 δὲ
598 3166 612 3190 ,
647 3129 680 3196 ἡ
711 3126 990 3195 διαχέουσα
1025 3127 1121 3195 τῆς
1147 3125 1321 3195 ψυχῆς
1341 3125 1400 3177 τὸ
1430 3124 1683 3196 φρονοῦν,
1711 3124 1801 3176 εύ-

222 3221 461 3274 πάθεια.
1239 3285 1247 3291 .

302 3311 536 3379 ’ᾼσατε
572 3302 652 3368 τῷ
697 3303 816 3368 Θεῷ
835 3343 850 3367 ,
887 3302 1115 3370 unitate
1165 3303 1245 3368 τῷ
1301 3304 1538 3371 ὀνόματι
1582 3303 1764 3355 αὐτοῦ
1783 3343 1798 3368 ,

225 3394 647 3461 ὀδοποιήσατε
682 3391 760 3456 τῷ
791 3389 1150 3457 ἐπιϐεϐηκότι
1175 3390 1272 3456 ἐπὶ
1302 3390 1564 3458 δυσμῶν,
1592 3391 1802 3457 Κύριος

227 3489 436 3557 ὄνομα
458 3483 621 3549 αὐτῷ
643 3525 657 3548 ,
689 3500 741 3535 κ.
769 3499 820 3534 τ.
856 3483 901 3533 ἐ.
939 3479 1139 3532 Ψάλλει
1168 3480 1244 3549 τῷ
1281 3480 1371 3533 τοῦ
1397 3478 1525 3535 Θεοῦ
1559 3483 1666 3553 (79)
1687 3484 1801 3536 ὀνό-

229 3591 374 3646 ματι
413 3575 443 3624 ὀ
485 3571 572 3624 διὰ
601 3569 662 3621 τὸ
702 3567 866 3637 ὄνομα
897 3565 1080 3619 αὑτοῦ.
1111 3568 1173 3618 Et
1203 3567 1296 3619 καὶ
1323 3567 1422 3636 τῆς
1455 3570 1724 3640 ἡμετέρας
1747 3571 1803 3623 δὲ

227 3661 526 3731 πτωχείας
557 3657 754 3728 ἐπέϐη,
797 3655 890 3709 καὶ
934 3654 1028 3724 τὴν
1056 3655 1255 3707 οἰκείαν
1283 3657 1594 3710 συνεσκίασε
1627 3658 1799 3724 δόξαν,

225 3751 307 3814 ὼς
362 3753 434 3801 ὲκ
481 3745 700 3815 δυσμῶν
732 3742 1028 3795 ἀνατέλλων
1048 3781 1062 3804 ,
1106 3743 1218 3795 ἀλλ’
1261 3741 1351 3795 οῦν
1396 3744 1597 3814 Κύριος
1637 3746 1804 3816 ὄνομα

228 3837 417 3908 αὐτῷ.
460 3836 574 3889 Καὶ
598 3833 705 3901 γὰρ
746 3832 1023 3902 ἄνθρωπος
1057 3831 1309 3899 γεγονὼς,
1342 3834 1439 3886 οὐκ
1477 3834 1710 3888 ἀπέϐαλε
1743 3834 1804 3889 τδ

229 3922 384 3978 εἶναι
421 3921 629 3989 Κύριος
655 3921 683 3970 ὁ
713 3918 861 3980 Θεός.

313 4011 809 4081 Ταριιχθήσονται
845 4011 959 4064 ἀπὸ
998 4011 1312 4079 προσώπου
1347 4015 1528 4068 αὐτοῦ
1565 4017 1669 4070 τοῦ
1697 4035 1806 4074 πα-

229 4106 386 4174 τρὸς
411 4101 535 4156 τῶν
567 4098 838 4168 ὀρφανῶν
869 4098 965 4151 καὶ
992 4099 1188 4166 κριτοῦ
1215 4100 1333 4153 τῶν
1361 4101 1574 4169 χηρῶν,
1607 4122 1658 4157 κ,
1682 4123 1730 4158 τ,
1755 4107 1800 4159 ἑ,

243 4192 532 4264 Ὀρφανός
550 4192 695 4242 ἐστιν
719 4189 825 4258 (80)
849 4190 877 4242 ὀ
906 4187 1180 4257 στερηθεὶς
1201 4188 1286 4241 διὰ
1309 4190 1504 4242 κακίαν
1534 4191 1624 4244 τοῦ
1648 4195 1806 4247 ἐπου-

237 4283 440 4357 ρανίου
475 4280 705 4350 Πατρὺς,
722 4279 789 4348 ἢν
815 4277 972 4340 αὐτὸς
997 4276 1134 4329 ἑκὼν
1155 4278 1509 4331 ἐπεσπάσατο.
1549 4298 1566 4330 ι
1601 4281 1656 4332 ’0
1677 4281 1804 4345 Θεὸς

1903 3114 2099 3183 pientia
2133 3113 2471 3177 dill'unditur,
2506 3111 2736 3167 felicitas
2761 3123 2862 3167 est.

1969 3285 2130 3341 Vens.
2161 3287 2212 3340 5.
2240 3284 2456 3338 Cantate
2483 3285 2606 3345 Dea,
2639 3284 2843 3353 psallite
2873 3300 3066 3338 nonum
3091 3287 3221 3352 ejus,
3242 3286 3340 3339 iter
3361 3284 3442 3354 fa-

1900 3377 1997 3429 cite
2034 3378 2082 3427 ei
2119 3377 2206 3444 qui
2238 3375 2463 3427 ascendit
2494 3390 2646 3438 super
2674 3390 2931 3437 occasum,
2959 3374 3210 3428 Dominus
3261 3389 3444 3428 nomen

1901 3466 2001 3527 illi,
2035 3474 2138 3519 etc.
2168 3464 2346 3518 Psallit
2377 3479 2565 3516 nomen
2605 3461 2718 3524 Dei,
2742 3463 2830 3528 qui
2870 3473 3083 3530 propter
3109 3478 3302 3518 nomen
3330 3462 3445 3531 ejus

1901 3553 2095 3622 psallit.
2115 3553 2366 3619 Quamvis
2391 3567 2550 3620 super
2588 3561 2949 3620 paupertatem
2994 3564 3228 3605 nostram
3253 3569 3444 3608 ascen-

1901 3643 2038 3696 derit
2086 3652 2136 3694 et
2188 3643 2455 3709 propriam
2503 3640 2724 3709 gloriam
2774 3641 3267 3706 subobscuraverit,
3319 3657 3446 3697 cum

1901 3731 2140 3785 ascendit
2175 3744 2332 3797 super
2368 3744 2639 3791 occasmn,
2676 3729 3023 3782 nihilominus
3072 3731 3324 3783 Dominus
3357 3745 3448 3783 no-

1903 3834 2020 3874 men
2050 3819 2148 3872 illi.
2170 3817 2299 3871 Nam
2330 3818 2487 3872 homo
2511 3821 2703 3882 factus,
2733 3832 2836 3870 non
2871 3817 3074 3871 destitit
3114 3833 3230 3872 esse
3269 3819 3444 3873 Domi-

1901 3923 2004 3962 nus
2041 3907 2202 3961 Deus.

1971 3999 2128 4053 Vens.
2149 3998 2204 4060 5,
2237 3996 2289 4050 6.
2310 3995 2686 4063 ,Turbabuntur
2705 4012 2736 4048 a
2757 3995 2889 4062 {acie
2909 3995 3042 4062 ejus,
3071 3994 3233 4062 patris
3258 3993 3447 4060 orpha-

1903 4103 2086 4141 norum
2115 4097 2162 4140 et
2197 4086 2396 4156 judicis
2440 4085 2739 4147 viduarum,
2789 4092 2893 4136 etc.
2936 4082 3216 4150 Orphanus
3238 4092 3319 4137 est
3353 4086 3444 4153 qui

1903 4194 2121 4254 propter
2150 4183 2406 4236 malitiam
2434 4195 2592 4250 quam
2634 4179 2734 4233 sibi
2769 4185 2956 4244 sponte
2987 4178 3205 4242 ascivit,
3235 4178 3442 4232 cmlesti

1903 4275 2058 4327 Patre
2082 4274 2338 4342 privatur.
2369 4289 2388 4324 ι
2433 4272 2572 4324 Deus
2615 4269 2667 4322 in
2709 4268 2824 4323 loco
2857 4278 3043 4322 sancto
3081 4283 3195 4323 suo.
3226 4287 3244 4320 ι
3272 4268 3449 4324 Locus

235 4374 296 4426 δν
343 4370 506 4437 τόπῳ
559 4367 696 4436 ἁγίῳ
737 4366 916 4419 αὐτοῦ.
958 4385 975 4417 ι
1009 4366 1178 4429 Τόπος
1219 4366 1350 4419 Θεοῦ
1379 4366 1522 4438 ψυχὴ
1562 4369 1800 4441 καθαρά·

1911 4366 2000 4419 Dei
2033 4380 2161 4433 pura
2191 4374 2268 4418 est
2304 4363 2501 4416 anima.
2537 4364 2868 4431 Quapropter
2896 4359 3058 4413 infert
3092 4375 3154 4412 :s
3195 4359 3331 4413 Deus
3352 4360 3446 4428 qui

233 4460 320 4512 διὸ
352 4457 453 4510 καὶ
497 4453 776 4523 ἐπιφέρειο
810 4470 828 4502 ι
864 4453 920 4505 '0
947 4451 1076 4514 Θεὸς
1112 4454 1401 4518 κατοικίζει
1453 4457 1806 4525 μονοτρόπους

236 4550 298 4601 ἐν
346 4545 510 4613 οἴκῳ.
543 4561 562 4594 ι
593 4540 966 4610 Μονοτρόπους
997 4543 1127 4609 φησὶ
1175 4543 1298 4605 τοὺς
1343 4543 1488 4612 αὐτῷ
1538 4546 1627 4598 καὶ
1664 4545 1808 4615 μόνῳ

237 4634 558 4694 ἀναθέντας
606 4631 704 4702 τὴν
751 4630 882 4682 ίδίαν
925 4630 1066 4698 ζωὴν
1090 4668 1106 4693 ,
1148 4630 1326 4699 πάσης
1368 4632 1673 4701 διχοψυχίας
1716 4635 1807 4686 καὶ

237 4723 533 4794 κοσμικῆς
564 4720 852 4790 ἐπιθυμίας
882 4721 1045 4790 αὐτὴν
1073 4721 1544 4791 ἀλλοτριὼσαντας.
1581 4723 1808 4788 Τούτους

239 4819 309 4888 δὴ
342 4811 446 4868 οὖν
476 4814 572 4865 καὶ
601 4813 659 4863 ἐν
690 4811 764 4881 τῷ
785 4810 916 4880 οἴκῳ
942 4811 1123 4877 αὐτοῦ,
1147 4811 1385 4864 τουτέστι
1416 4814 1479 4881 τῇ
1510 4813 1808 4885 ἐπουρανίῳ

243 4907 414 4960 πόλει
447 4900 846 4963 κατοικίζεσθαι
881 4902 1276 4968 ἐπαγγέλλεται.
1307 4897 1427 4954 Οἷδε
1459 4901 1514 4954 δὲ
1557 4903 1589 4972 ή
1623 4903 1806 4974 Γραφὴ

241 4997 351 5051 καὶ
393 4992 467 5045 τὰ
505 4989 904 5060 ἐπιτηδεύματα
945 4991 1102 5044 τόπον
1151 4991 1350 5044 καλεῖν.
1408 4991 1492 5044 Ἐν
1531 4992 1676 5062 τόπῳ
1714 4990 1805 5047 οὖν

243 5084 424 5152 ἁγίῳ,
453 5080 616 5132 οἱονεὶ
647 5081 704 5130 ἐν
735 5081 845 5140 τοῖς
876 5078 1223 5147 ἑξῃρημένοις
1251 5081 1343 5131 καὶ
1374 5080 1679 5146 ἁγνοτάτοις
1708 5083 1806 5134 αύ-

242 5172 352 5226 τοῦ
390 5166 828 5237 ἐπιτηδεύμασιν.
867 5184 884 5216 ι
933 5165 1162 5232 Ἐξάγων
1203 5166 1598 5236 πεπεδημένους
1627 5170 1682 5220 ἐν
1715 5171 1808 5224 ἀν-

242 5261 350 5331 δρε
362 5257 422 5326 Eg.
444 5271 460 5285 ³
495 5254 692 5322 ὁμοίως
721 5253 842 5312 τοὺς
875 5251 1419 5321 παραπικραίνοντας,
1451 5254 1572 5315 τοὺς
1627 5271 1807 5309 κατοι-

329 5417 453 5488 (75)
496 5416 628 5488 Ταῖς
660 5413 1049 5488 Ξταρᾳόοξαῖς,
1067 5424 1168 5466 etc.
1201 5408 1684 5488 Catepaﬁorderii.

328 5480 452 5554 (76)
490 5487 573 5536 Οὐ
606 5483 724 5548 πῦρ
773 5482 851 5544 ὡς
879 5480 1129 5549 ἄγγελοι,
1159 5490 1264 5535 etc.
1309 5481 1483 5535 Codex
1527 5483 1811 5542 Coislinia-

249 5570 374 5612 nus
405 5554 702 5605 secundus.

341 5621 454 5690 (77)
494 5619 712 5674 Τοῦτον
738 5616 844 5667 τὸν
882 5617 1130 5681 καπνόν,
1157 5624 1265 5671 etc.
1299 5615 1655 5676 Coislinianus
1701 5624 1810 5692 pri-

1910 4453 2210 4508 inhabitare
2239 4453 2367 4508 facit
2399 4451 2556 4506 uulus
2583 4454 2748 4506 moris
2778 4452 2830 4505 in
2863 4455 3040 4506 domo.
3075 4471 3093 4503 ι
3128 4451 3297 4506 Unius
3328 4466 3444 4506 mo-

1911 4545 1985 4598 ris
2013 4544 2256 4598 homines
2290 4553 2445 4598 vocat
2488 4545 2605 4597 illos
2652 4545 2742 4613 qui
2775 4546 2935 4598 vitam
2989 4559 3139 4599 suam
3193 4545 3260 4598 ab
3301 4544 3446 4597 omni

1913 4635 2177 4688 anxietate
2198 4645 2251 4688 et
2275 4635 2536 4688 mundana
2563 4637 2992 4705 concupiscentia
3022 4636 3239 4689 liberam
3268 4635 3314 4688 ei
3345 4635 3446 4688 soli
3507 4637 3510 4640 ’

1912 4728 2309 4776 consecrarunt.
2340 4719 2447 4776 Hos
2475 4738 2600 4792 ergo
2627 4723 2676 4776 in
2703 4725 2859 4778 domo
2893 4739 3011 4787 sua,
3046 4725 3145 4778 hoc
3169 4732 3251 4776 est
3285 4722 3444 4777 etule-

1911 4812 1978 4868 sti
2002 4812 2216 4865 civitate
2256 4825 2312 4866 se
2351 4813 2729 4868 collocaturum
2767 4816 3045 4882 promittit.
3077 4814 3232 4867 Novit
3269 4820 3445 4864 autem

1911 4901 2180 4970 Scriptura
2213 4904 2372 4956 etiam
2401 4905 2574 4958 studia
2609 4903 2778 4959 locum
2815 4919 3026 4959 vocare.
3049 4903 3104 4956 ιιι
3136 4913 3320 4955 sancto
3349 4900 3449 4966 igi-

1912 5002 2000 5046 tur
2021 4993 2155 5056 loco,
2188 5002 2436 5061 tanquam
2471 4994 2522 5048 in
2549 4996 2760 5051 selectis
2781 5004 2834 5048 et
2849 4993 3166 5048 castissimis
3194 4987 3308 5054 ejus
3334 4998 3450 5042 stu-

1911 5081 2031 5135 diis.
2056 5098 2074 5132 ι
2098 5081 2196 5148 Qui
2221 5083 2399 5136 educit
2426 5085 2628 5138 vinctos
2652 5085 2702 5137 iu
2726 5080 3058 5144 fortitudine,
3081 5076 3328 5132 similiter
3355 5091 3451 5130 eos

1911 5171 2000 5240 qui
2029 5182 2364 5239 exasperant,
2394 5174 2482 5240 qui
2526 5173 2765 5227 habitant
2793 5172 2843 5222 in
2887 5166 3174 5233 sepulcris.
3207 5181 3227 5215 ι
3261 5164 3452 5231 Quem.

1914 5257 2194 5312 admodum
2226 5261 2429 5314 vinctos
2459 5261 2635 5314 educit
2663 5259 2715 5310 in
2755 5255 2910 5324 753
2933 5253 3271 5316 fortitudine,
3292 5255 3370 5309 sic
3402 5265 3456 5307 rt

1915 5439 2092 5557 Im3'8)
2123 5492 2185 5543 Ἠ
2211 5490 2326 5557 τῶν
2351 5490 2609 5557 δικαίων,
2627 5482 3150 5557 etc._Coislini_anns
3176 5491 3468 5546 secundus.

1987 5551 2096 5624 (79)
2131 5555 2351 5610 Ψάλλει
2377 5556 2453 5619 τῷ
2480 5557 2582 5609 τοῦ
2609 5551 2776 5610 Θεοῦ,
2789 5559 2914 5624 εις.
2946 5551 3126 5624 idem.

1985 5611 2096 5695 (80)
2126 5626 2400 5688 Ὀρφανός
2421 5611 2617 5685 ἔστιν,
2655 5630 2759 5674 etc.
2788 5616 3034 5673 Schedan
3063 5611 3266 5666 Grabii.
