3910 6220
245 267 371 322 I509

1166 270 1468 330 SELECTA
1495 270 1561 325 IN
1589 268 1921 328 PSALMOS.
1951 301 2020 313 -—
2052 271 2241 327 PSAL.
2273 272 2473 328 LXVII.

3273 276 3413 332 1510

238 380 418 450 νηρίας
440 378 530 447 ἀφ’
556 373 625 451 ἧς
672 376 813 451 εἶχον
853 380 1222 452 ὑπερηφανίας
1261 385 1609 447 κατασπάσας
1626 424 1642 448 ,
1675 383 1751 437 cdt

1871 384 2121 454 superbia
2140 384 2397 449 avellens,
2421 383 2634 442 animas
2659 396 2794 452 quas
2832 397 2925 453 per
2951 382 3088 438 mala
3117 398 3277 454 opera
3324 402 3411 438 ca-

238 469 323 520 ὑπ’
348 468 521 521 αὐτῶν
544 469 1058 539 αἰχμαλωτισθείσας
1077 471 1248 541 ψυχὰς
1275 474 1358 525 διὰ
1390 475 1495 527 τῶν
1524 474 1769 545 πονηρῶν

237 556 495 627 πράξεων,
519 559 612 610 καὶ
642 558 747 610 ἀπὸ
776 557 907 610 Θεοῦ
929 560 1252 624 ἀποστάσας,
1270 561 1515 633 καθάπερ
1540 563 1658 616 τινὰ
1690 564 1771 616 αί-

235 644 539 715 χμαλωσίαν
567 645 676 698 ἀπὸ
701 646 808 698 τῶν
836 646 928 699 τοῦ
961 645 1086 716 ᾅδου
1121 647 1443 718 κευθμώνων
1476 650 1770 715 ἀνελκύσας

232 731 615 803 ⁴ἠλευθέρωσεν.
1538 734 1541 737 ’

296 821 464 889 Πλὴν
487 825 520 876 ό
540 823 683 889 Θεὸς
704 824 1027 879 συνθλὰσει
1047 827 1306 894 κεφαλὰς
1318 827 1541 895 ἐχθρῶν
1563 828 1765 895 αὐτοῦ,

230 909 493 981 κορυφὴν
517 912 718 978 τριχὸς
735 912 1238 983 διαπορευομένων
1255 916 1323 968 ἐν
1343 919 1767 985 πλημμελείαις

228 997 435 1063 αὐτῶν,
465 1015 518 1050 κ.
553 1016 605 1052 τ.
642 1001 687 1053 ἑ.
724 1002 964 1070 Κεφαλαί
990 1003 1194 1073 ἐχθρῶν
1227 1004 1335 1073 (89)
1361 1007 1409 1057 οἱ
1438 1007 1764 1078 ἄρχοντες,ῆ

225 1087 290 1140 τὰ
312 1088 626 1157 ήγεμονικά.
659 1091 721 1142 Oi
745 1089 923 1160 ἐχθροὶ
948 1085 1107 1155 οὗτοι,
1134 1094 1180 1144 οἰ
1207 1092 1358 1156 ὄντες
1382 1096 1445 1146 ὲκ
1469 1095 1560 1146 τοῦ
1589 1096 1766 1164 πλημ-

229 1174 431 1245 μελεῖν,
466 1177 872 1247 διαπορεύονται
918 1181 975 1232 ἐν
1013 1180 1404 1250 πλημμελείαις
1455 1184 1649 1236 αὐτῶν.
1695 1185 1765 1235 Ἦ

225 1266 426 1335 ὲχθρῶν
469 1268 701 1336 κεφαλαὶ
739 1270 806 1322 τὰ
845 1266 1069 1338 πρώτως
1107 1272 1170 1323 ὲκ
1213 1271 1318 1323 τῶν
1357 1266 1621 1342 δαιμόνων
1645 1275 1763 1326 ἐπι-

226 1354 572 1425 ωμόαίνοντα
597 1360 839 1428 νοήματα
865 1362 928 1428 τῇ
956 1358 1120 1428 ψυχῇ.

287 1440 430 1495 Eine
450 1446 684 1512 Κύριος’
704 1447 802 1500 Ἐκ
830 1447 1033 1500 Βασὰν
1051 1448 1404 1517 ἐπιστρέψω,
1431 1449 1764 1518 ἐπιστρέψω

221 1530 286 1583 ἐν
313 1532 524 1598 ,βυθοῒς
550 1534 893 1601 θαλάσσης,
926 1535 1080 1600 ὅπως
1116 1536 1191 1589 ἂν
1211 1537 1381 1606 ,Βαφῇ
1410 1542 1443 1591 ό
1468 1539 1617 1603 ποῦς
1649 1554 1762 1593 σου

219 1620 285 1673 ἐν
305 1621 519 1689 αἵματι,
553 1639 609 1676 κ.
640 1640 690 1674 τ.
725 1625 770 1675 ὲ.
808 1625 980 1677 Βασὰν
1007 1626 1479 1696 ὲρμηνεύεται(09)
1496 1628 1762 1697 αἰσχύνη,

1871 475 2043 543 ptivas
2089 482 2339 543 ceperant
2376 487 2599 541 qumque
2645 489 2675 526 a
2719 475 2824 529 Deo
2853 473 3175 538 defecerant,
3198 490 3294 529 ceu
3323 490 3412 528 ca-

1867 562 2167 632 ptivitatem
2210 562 2498 631 quamdam
2532 562 2600 615 ab
2635 561 2826 617 inferni
2871 564 3093 619 latebris
3115 565 3412 620 extrahens

1866 649 2136 706 liberavit.
2612 674 2613 677 η

1936 823 2094 877 Vens.
2126 823 2217 877 22.
2248 822 2610 877 Verumtamen
2642 823 2777 878 Deus
2803 823 3088 893 confringet
3115 826 3284 893 capita
3322 829 3405 881 in-

1864 909 2133 962 imicorum
2183 926 2414 974 suorum,
2452 911 2688 963 verticem
2738 910 2914 978 capilli
2939 913 3407 977 perambulantium

1863 998 1917 1050 in
1938 997 2135 1051 delictis
2158 999 2288 1064 suis,
2313 1008 2419 1052 etc.
2453 998 2639 1067 Capita
2667 999 3006 1053 inimicorum
3051 1010 3176 1053 sunt
3211 1004 3406 1069 prim-i-

1865 1101 1956 1156 pes
1983 1087 2063 1141 vel
2089 1089 2438 1155 principatus.
2458 1087 2520 1140 Ili
2561 1088 2777 1152 inimici,
2810 1104 2932 1142 cum
2961 1105 2988 1142 a
3011 1090 3206 1143 delicto
3227 1093 3407 1144 orian-

1865 1182 1972 1236 tur,
2003 1174 2469 1240 pertranseunt.in
2504 1174 2711 1229 delictis
2746 1176 2877 1230 suis.
2909 1174 3006 1230 Vel
3032 1179 3207 1245 capita
3232 1180 3407 1232 inimi-

1863 1276 2045 1315 corum
2072 1279 2148 1318 ca:
2184 1276 2306 1317 sunt
2340 1263 2690 1334 cogitationes
2723 1281 2841 1332 qua:
2884 1266 3118 1335 primum
3141 1282 3170 1320 a
3210 1271 3408 1324 daemo-

1863 1352 2015 1405 nibus
2044 1354 2231 1406 anima:
2254 1357 2565 1409 obveniunt.

1934 1440 2088 1496 Vens.
2110 1443 2199 1508 25,
2216 1444 2304 1496 24.
2337 1445 2477 1498 Dixit
2502 1446 2770 1508 Dominus.
2799 1448 2879 1500 Ea:
2902 1450 3073 1505 Busan
3096 1461 3403 1517 convertam,

1861 1542 2149 1586 convertam
2179 1536 2231 1587 in
2253 1535 2566 1603 profundum
2595 1538 2773 1599 maris,
2794 1547 2849 1590 ut
2867 1540 3154 1609 intingatur
3178 1559 3264 1609 pes
3286 1553 3404 1594 tuus

1862 1619 1915 1669 in
1939 1622 2203 1689 sanguine,
2246 1635 2351 1676 etc.
2396 1624 2567 1678 Busan
2621 1627 3019 1695 interpretatur'
3049 1632 3306 1697 confusio,
3336 1633 3401 1684 ad

219 1709 280 1778 ἢν
302 1709 366 1762 δι’
388 1712 533 1779 ἡμᾶς
555 1712 754 1782 κατέϐη
775 1715 802 1765 ὁ
824 1713 1041 1784 Κύριος,
1064 1715 1318 1785 αἰσχύνης
1335 1718 1751 1787 καταφρονήσας.

1868 1720 2020 1773 quam
2076 1710 2351 1764 descendit
2404 1713 2659 1768 Dominus
2712 1716 3029 1772 confusione
3080 1730 3401 1788 contempta.

220 1800 482 1854 Βάπτεται
505 1802 563 1854 δὲ
597 1802 689 1855 καὶ
708 1804 737 1854 ὁ
769 1803 901 1866 ποῦς
927 1804 1084 1856 αὑτοῦ
1114 1806 1303 1874 αἵματι
1329 1804 1406 1874 τῷ
1437 1807 1500 1857 ὲκ
1522 1806 1618 1875 τῆς
1640 1805 1765 1857 ἑκά-

220 1905 336 1942 στου
405 1891 652 1960 κεφαλῆς
689 1892 795 1943 τῶν
861 1891 1066 1963 ἐχθρῶν
1133 1894 1466 1965 ἀπορρέοντι.
1533 1912 1551 1945 ι
1616 1897 1762 1947 Κατ-

218 1979 455 2049 επάτησα
478 1999 498 2031 ι
526 1979 635 2050 γὰρ
666 1999 684 2031 ι
711 1981 921 2045 αὐτοὺς,
962 2000 981 2032 ι
1019 1983 1178 2052 φησὶν
1200 1983 1437 2047 Ἦσαῖας,
1475 2001 1494 2033 ι
1524 1982 1581 2035 ὲν
1609 1982 1764 2054 θυμῷ

220 2086 337 2138 μου.
381 2090 400 2120 ι

288 2156 736 2222 Ἐθεωρήθησαν
764 2159 821 2209 αἱ
849 2157 1075 2225 πορεῖαί
1103 2173 1236 2222 σου,
1271 2161 1305 2211 ό
1331 2157 1502 2223 Θεὸς,
1536 2175 1589 2211 κ.
1622 2175 1671 2210 τ.
1712 2160 1757 2210 ὲ.

225 2243 305 2296 Ἐν
351 2247 418 2313 τῇ
478 2244 710 2312 Χριστοῦ
768 2245 1025 2315 ἐπιδημίᾳ
1084 2246 1228 2316 (91)
1282 2246 1657 2316 ὲθεωρήθησαν
1703 2247 1759 2299 αἰ

214 2334 419 2402 πορεῖαι
443 2332 538 2384 τοῦ
568 2330 700 2384 Θεοῦ
726 2333 828 2385 ὑπὸ
872 2333 978 2387 τῶν
1010 2335 1428 2405 κεκοσμημένων
1460 2335 1598 2404 λόγῳ
1622 2335 1759 2403 γνώ-

216 2438 361 2485 σεως.

291 2513 784 2579 ἘνἘκκλησίαις
810 2514 1103 2582 εὐλογεῖτε
1130 2490 1247 2567 m5
1256 2514 1402 2569 Θεὸν
1419 2514 1522 2568 τὸν
1543 2516 1758 2582 Κύριον

214 2599 277 2653 ἐκ
311 2601 517 2669 πηγῶν·
562 2602 836 2670 Ἰσραὴλ,
878 2620 930 2656 κ.
963 2620 1015 2656 τ.
1059 2604 1106 2656 ὲ.
1139 2604 1212 2655 Οὐ
1252 2604 1442 2657 ταυτόν
1473 2607 1615 2656 ἐστιν
1645 2602 1753 2674 (92)

215 2688 298 2741 ἐπὶ
321 2689 426 2742 τῶν
448 2689 552 2753 ἔξω
582 2690 682 2759 τῆς
717 2691 1033 2761 Ἐκκλησίας
1063 2690 1178 2761 Θεῷ
1202 2692 1438 2759 εὐλογεῖν
1462 2692 1537 2762 τῷ
1557 2694 1612 2744 ὲν
1646 2693 1757 2745 Ἐκ-

215 2774 398 2847 κλησίᾳ
454 2778 611 2830 τοῦτο
665 2782 853 2834 ποιεῖν.
908 2780 1016 2833 Καὶ
1075 2780 1182 2833 ἀπὸ
1244 2780 1341 2848 μὲν
1396 2780 1502 2832 τῶν
1559 2780 1750 2851 πηγῶν

226 2863 427 2935 Ἰσραὴλ
463 2866 675 2932 εὐλογεῖ
703 2865 792 2918 τὸν
836 2866 965 2918 Θεὸν
1005 2868 1033 2919 ὁ
1069 2865 1206 2919 κατὰ
1245 2868 1336 2919 τὸν
1377 2868 1433 2919 ἐν
1472 2870 1588 2930 ταῖς
1618 2869 1755 2938 Γρα-

1865 1795 2147 1865 lntingilur
2200 1808 2376 1851 autem
2420 1800 2580 1853 etiam
2627 1816 2719 1868 pes
2762 1803 2877 1870 ejus
2918 1806 3176 1873 sanguine
3209 1809 3297 1874 qui
3333 1823 3399 1861 ex

1864 1883 2280 1952 uniuscujusque
2308 1887 2643 1940 inimicorum
2666 1891 2841 1955 capite
2874 1891 3188 1949 eﬂ‘unditur.
3214 1913 3233 1944 σ
3263 1897 3401 1950 Con-

1862 1969 2064 2024 culcavi
2105 1989 2125 2022 ι
2175 1972 2339 2038 enim,
2385 1971 2563 2041 inquit
2606 1974 2773 2032 Isaias
2809 1980 2871 2045 ¹²,
2908 1996 2928 2029 ι
2967 1980 3086 2036 illos
3132 1982 3184 2035 in
3222 1983 3401 2037 furore

1861 2072 1999 2112 meo.
2032 2076 2050 2108 υ

1931 2146 2087 2202 Vens.
2111 2148 2198 2202 25.
2224 2149 2361 2204 Visa:
2380 2162 2499 2206 sunt
2526 2154 2622 2207 vice
2648 2166 2770 2220 tuae,
2798 2156 2955 2222 Deus,
2982 2166 3088 2213 etc.
3121 2157 3176 2212 In
3199 2159 3398 2215 Christi

1859 2237 2084 2290 adventu
2111 2238 2235 2292 visa:
2255 2241 2389 2293 'sunt
2419 2241 2516 2295 via:
2543 2243 2718 2298 Dei‘ab
2736 2245 2817 2299 eis
2841 2246 2931 2316 qui
2959 2261 3203 2302 sermone
3226 2250 3398 2303 scicn-

1863 2325 1949 2379 tia:
1972 2328 2180 2393 praediti
2211 2339 2388 2383 erant.

1924 2501 2086 2557 Vens.
2120 2503 2208 2557 27.
2241 2503 2309 2558 In
2345 2505 2590 2561 Ecclesiis
2622 2509 2900 2564 benedicite
2942 2510 3049 2565 Deo
3089 2512 3309 2567 Domino
3334 2516 3397 2568 de

1856 2592 2080 2658 fontibus
2113 2592 2296 2656 Israel,
2327 2604 2437 2648 etc.
2480 2595 2591 2649 Non
2633 2598 2769 2651 idem
2796 2610 2878 2652 est
2910 2600 2976 2653 de
3002 2601 3067 2654 iis
3101 2616 3218 2668 quae
3244 2612 3394 2654 extra

1854 2680 2148 2735 Ecclesiam
2193 2682 2326 2736 ﬂnnt
2365 2684 2470 2739 Deo
2514 2684 2830 2739 benedicere
2877 2702 2939 2740 ac
2978 2688 3104 2742 illml
3135 2691 3184 2741 in
3216 2689 3395 2744 Eccle-

1853 2770 1931 2823 sia
1963 2770 2161 2825 l'acere.
2201 2771 2275 2824 De
2296 2772 2534 2827 fontibus
2562 2775 2775 2841 quidem
2800 2773 2957 2827 Israel
2986 2777 3255 2832 benedicit
3286 2777 3395 2832 Deo

1854 2858 1900 2912 is
1928 2860 2018 2928 qui
2051 2862 2344 2916 secundum
2383 2864 2531 2916 illum
2553 2864 2641 2931 qui
2676 2866 2727 2917 in
2762 2864 3052 2932 Scripturis
3077 2876 3159 2921 est
3187 2869 3395 2937 sapien—

215 2955 332 3019 φαῖς
375 2953 643 3025 θησαυρὸν
702 2954 801 3024 τῆς
858 2956 1043 3023 σοφίας
1084 2954 1176 3008 τοῦ
1225 2956 1355 3008 Θεοῦ
1407 2956 1638 3024 εὐλογῶν
1659 2974 1672 2987 ·
1724 2961 1751 3011 ὁ

1868 2949 1941 3003 tia:
1979 2949 2069 3004 Dei
2113 2952 2417 3004 thesaurum
2464 2954 2728 3007 benedicit
2764 2954 2873 3008 Deo
2902 2971 2918 3019 ;
2949 2956 3037 3024 qui
3076 2966 3253 3011 autem
3287 2972 3392 3012 non

213 3041 263 3094 δι
292 3042 363 3113 μὴ
391 3020 529 3097 κατὰ
549 3020 716 3097 τοῦτο
742 3020 839 3097 οὐκ
863 3020 1140 3114 ὲκ-πηγῶν
1178 3045 1389 3115 Ἰσραὴλ
1422 3020 1631 3114 εὐλογεϊ
1660 3047 1751 3101 τὸν

1868 3040 1946 3105 sic,
1983 3039 2028 3094 is
2062 3055 2165 3094 non
2195 3042 2260 3095 de
2280 3041 2521 3098 fontibus
2543 3044 2713 3098 Israel
2740 3020 3010 3101 benedicit
3041 3046 3171 3101 Deo.

211 3131 351 3184 Θεόν.

288 3222 436 3277 Ἐκεῖ
483 3225 765 3295 Βενιαμὶν
810 3225 1087 3292 νεώτερος
1112 3265 1126 3288 ,
1156 3243 1208 3280 κ.
1258 3242 1309 3279 τ.
1351 3227 1397 3280 ἑ.
1429 3227 1561 3296 Περὶ
1604 3227 1750 3280 Παύ-

210 3306 295 3364 λου
326 3314 452 3382 (95),
483 3317 636 3384 φασὶ,
668 3314 823 3368 τοῦτο
848 3315 1192 3387 προφητεύει.

284 3396 422 3452 Ἀπὸ
466 3401 572 3454 τοῦ
615 3400 766 3454 ναοῦ
809 3416 921 3453 σου
964 3401 1058 3451 ἐπὶ
1098 3401 1484 3470 Ἰερουσαλήμ
1523 3417 1619 3456 σοι
1664 3404 1748 3456 οῖ-

208 3501 377 3541 σουσι
401 3488 687 3552 ,βασιλεῖς
717 3487 904 3554 δῶρα,
949 3504 1002 3539 κ.
1029 3504 1078 3538 τ.
1110 3489 1155 3540 ὲ.
1196 3488 1253 3539 '0
1286 3488 1493 3551 Παῦλος
1539 3490 1648 3560 (94)
1683 3491 1742 3542 οὐ

212 3576 358 3644 μόνον
386 3579 541 3641 αὐτὸς
565 3577 757 3630 ἑαυτὸν
790 3576 1027 3647 προσῆγε
1065 3576 1200 3645 Θεῷ,
1232 3576 1365 3630 ἀλλὰ
1396 3577 1502 3648 γὰρ
1531 3580 1621 3631 καὶ
1653 3578 1746 3632 ἄλ-

207 3664 319 3726 λους
342 3667 426 3720 διὰ
453 3668 551 3736 τῆς
575 3665 917 3728 διδασκαλίας
943 3666 1238 3736 προσέφερε
1264 3665 1339 3735 τῷ
1370 3666 1505 3735 Θεῷ.

273 3755 377 3808 Τοῦ
396 3754 810 3825 ἐγκλεισθῆναι
829 3754 967 3820 τοὺς
991 3754 1520 3824 δεδοκιμασμένους
1544 3755 1619 3820 τῷ
1642 3758 1742 3824 ἀρ-

205 3844 372 3907 γυρίῳ
394 3883 408 3907 ,
437 3860 490 3895 κ.
518 3860 571 3896 τ.
606 3845 654 3895 ὲ.
682 3841 787 3894 Τοῦ
816 3841 1144 3912 χωρισθῆναι
1173 3842 1279 3912 (95)
1308 3843 1429 3906 τοὺς
1460 3842 1741 3912 δεδοκιμα-

206 3930 419 3998 σμένοις
438 3933 513 3995 ὡς
541 3932 819 4004 ἀργύριοι.

271 4019 517 4084 Ἥξουσι
542 4020 819 4089 πρέσϐεις
842 4020 911 4085 ἐξ
942 4022 1265 4090 Αἰγύπτου,
1295 4023 1562 4075 Αἰθιοπιά
1597 4034 1738 4089 προ-

203 4106 404 4173 φθάσει
431 4111 595 4178 χεῖρα
620 4109 809 4177 αὐτῆς
836 4110 915 4175 τῷ
946 4110 1085 4175 Θεῷ,
1119 4128 1172 4163 κ.
1201 4127 1250 4162 τ.
1284 4112 1331 4163 ὲ.
1370 4112 1479 4180 Τὴν
1510 4112 1603 4180 μὲν
1627 4112 1735 4182 (96)

199 4194 420 4251 διάθεσιν
442 4200 539 4269 τῆς
564 4200 759 4261 κακίας
786 4198 871 4250 διὰ
897 4198 1001 4251 τῶν
1029 4197 1333 4265 Αἰγυπτίων
1355 4197 1569 4269 ᾐνίξατο
1592 4215 1606 4230 ο
1636 4199 1734 4270 τὴν

198 4282 249 4336 δὲ
276 4286 382 4352 ἕξιν
411 4288 496 4342 διὰ
526 4288 635 4342 τῶν
664 4287 930 4341 Αἰθιόπων
956 4287 1269 4358 δεδήλωκεν.

265 4375 495 4431 Ψάλατε
512 4375 592 4442 τῷ
617 4376 737 4442 Θεῷ
766 4375 844 4441 τῷ
866 4376 1226 4444 ἐπιϐεϐηκότι
1247 4375 1344 4429 ἐπὶ
1358 4375 1463 4429 τὸν
1477 4376 1732 4444 οὐρανὸν

197 4462 295 4516 τοῦ
328 4468 581 4534 οὐρανοῦ
635 4467 781 4521 κατὰ
825 4467 1117 4532 ἀνατολὰς
1138 4505 1153 4530 ,
1191 4484 1244 4520 κ.
1293 4483 1341 4520 τ.
1381 4466 1426 4518 ὲ.
1464 4465 1729 4537 Πρότερον

200 4552 289 4620 μὲν
318 4556 423 4626 (97)
458 4577 477 4609 ι
513 4558 870 4627 ὡδοποιήσατε
885 4557 961 4627 τῷ
979 4555 1320 4627 ὲπιϐεδηκότι
1340 4556 1429 4608 ἐπὶ
1449 4556 1683 4626 δυσμῶνο
1703 4575 1724 4609 s

197 4641 285 4695 νῦν
308 4645 361 4697 δὲ
394 4664 412 4696 ι
438 4648 643 4715 ψάλατε
669 4647 746 4717 τῷ
776 4647 1117 4715 ὲπιὸεόηκότι
1141 4647 1231 4698 ἐπὶ
1263 4646 1351 4699 τὸν
1387 4646 1608 4715 οὐρανὸν
1636 4645 1728 4699 τοῦ

195 4732 405 4803 οὐρανοῦ
430 4738 569 4790 κατὰ
587 4737 863 4801 ἀνατολάς.
885 4756 903 4788 ι
923 4738 979 4789 ’0
998 4736 1105 4806 γὰρ
1126 4753 1145 4786 ι
1163 4735 1417 4799 καταϐὰς,
1436 4736 1594 4798 αὑτός
1612 4736 1727 4788 ἐστι

193 4821 278 4873 καὶ
315 4823 344 4873 ὀ
381 4824 582 4886 ἀναϐὰς
635 4826 885 4895 ὑπεράνω
929 4824 1139 4878 πάντων
1192 4822 1298 4876 τῶν
1344 4821 1579 4894 οὐρανῶν
1641 4822 1727 4876 ῐνα

193 4910 291 4978 πλη
298 4909 440 4982 ρώσῃ
468 4911 536 4964 τὰ
570 4911 792 4965 πάντα.)

254 4995 389 5049 Δότε
413 4997 598 5062 δόξαν
630 4997 711 5063 τῷ
753 4995 900 5062 Θεῷ,
938 4996 1034 5049 ἐπὶ
1061 4997 1167 5050 τὸν
1206 4997 1447 5067 Ἰσραὴλ
1487 4999 1525 5066 ἠ
1547 5013 1725 5067 μεγα-

259 5133 299 5164 ²⁸
322 5134 420 5190 Isa.
450 5151 606 5203 unt,
629 5136 682 5191 ὅ.
757 5138 801 5169 ¹³
829 5135 1024 5204 pres.
1053 5148 1128 5202 tv,
1152 5137 1240 5193 10.

254 5301 654 5375 (89)Κεφαλαὶ
700 5304 947 5374 ἐχθρῶν,
977 5312 1081 5358 etc.
1133 5305 1316 5361 Codex
1365 5304 1719 5360 Coislinianus

193 5374 481 5428 secundus.
492 5399 505 5411 ε

388 5442 612 5517 βέσάν,
622 5439 1159 5517 ἑρμηνεύρῖαικειο.
1193 5441 1358 5495 Idem.

266 5503 357 5559 ³91⁷
399 5509 499 5562 Ἐν
537 5508 612 5575 τῇ
638 5503 894 5574 Χριστοῦ
915 5503 1210 5573 ἐπιδημίᾳ,
1242 5519 1347 5564 etc.
1385 5509 1548 5565 Idem.

387 5578 467 5631 οὐ
492 5576 715 5632 ταυτόν
750 5574 936 5637 ἐστιν,
962 5580 1070 5629 etc.
1102 5573 1269 5633 Idem.

279 5573 361 5637 92)
387 5578 467 5631 οὐ
492 5573 715 5632 ταύτόν
750 5574 936 5637 ἐστιν,
962 5580 1070 5629 etc.
1102 5573 1269 5633 Idem.

1915 3214 2080 3271 Vens.
2107 3217 2195 3272 28.
2242 3218 2328 3272 Ibi
2369 3220 2641 3289 Benjnrnin
2690 3222 3126 3287 adolescentnms,
3162 3231 3268 3279 etc.
3317 3226 3390 3279 De

1843 3303 2031 3369 Paulo,
2052 3306 2314 3373 inquiunt,
2339 3310 2440 3361 hoc
2466 3312 2727 3370 praedicit.

1911 3393 2072 3451 Vens.
2104 3393 2191 3447 30.
2217 3395 2260 3448 A
2293 3397 2477 3462 templo
2523 3407 2609 3450 tuo
2635 3398 2686 3449 in
2725 3397 3017 3452 Jerusalem
3048 3399 3142 3451 tibi
3170 3400 3385 3468 offerent

1843 3496 1986 3550 reges
2014 3497 2253 3545 munera,
2278 3492 2386 3535 etc.
2422 3481 2616 3536 Paulus
2644 3498 2744 3536 non
2789 3486 2961 3538 solum
3006 3485 3261 3554 seipsutn,
3293 3487 3383 3540 sed

1841 3578 1897 3624 et
1923 3570 2058 3624 alios
2086 3585 2181 3641 per
2204 3571 2500 3625 doctrinam
2526 3571 2722 3625 obtulit
2748 3573 2876 3626 Deo.

1908 3745 2072 3801 Vens.
2099 3748 2186 3802 51.
2216 3747 2282 3801 Ut
2323 3747 2590 3802 includunt
2637 3765 2722 3802 eos
2757 3751 2847 3816 qui
2891 3751 3097 3817 probati
3136 3758 3257 3803 sunt
3289 3756 3380 3802 'ar-

1836 3851 2008 3910 gento,
2031 3850 2134 3894 etc.
2167 3839 2236 3894 Ut
2280 3852 2600 3909 separentur
2640 3842 2730 3910 qui
2766 3843 2973 3909 probati
3014 3850 3139 3897 sunt
3163 3856 3260 3896 ceu
3289 3857 3379 3894 ar-

1835 3942 2071 4000 gentum.
2344 3944 2349 3948 ‘
2567 3930 2570 3933 “

1906 4020 2063 4075 Vens.
2098 4020 2186 4075 32.
2222 4020 2440 4074 Veniant
2485 4020 2641 4089 legati
2690 4036 2754 4073 ea;
2802 4018 3058 4088 .Egypto,
3105 4017 3376 4085 .Ethiopin

1832 4111 2103 4177 prm'eniet
2151 4125 2335 4162 manus
2364 4107 2476 4176 ejus
2522 4109 2649 4172 Deo,
2674 4119 2779 4163 etc.
2806 4108 3017 4161 Malitia:
3066 4106 3375 4173 dispositio-

1832 4211 1953 4251 nem
1978 4212 2072 4266 per
2092 4195 2376 4267 Egyptios
2396 4195 2569 4250 innuit
2590 4212 2606 4260 ;
2624 4197 2861 4250 habitum
2897 4210 3020 4249 vero
3046 4207 3140 4263 per
3162 4193 3374 4249 Ethio-

1762 4321 1805 4376 Β
1832 4301 1926 4357 pas
1963 4288 2212 4341 ostendit.

1904 4373 2062 4428 Vens.
2099 4373 2187 4427 54.
2219 4372 2435 4428 Psallite
2470 4373 2577 4428 Deo
2614 4373 2704 4442 qui
2741 4372 2967 4425 ascendit
2994 4387 3147 4439 super
3185 4371 3366 4425 caelum

1832 4463 1943 4517 cali
1972 4464 2039 4515 ad
2073 4467 2349 4528 orientem,
2393 4472 2497 4519 etc.
2537 4463 2771 4516 Primum
2809 4461 3020 4530 quidem
3050 4477 3069 4512 ι
3102 4462 3205 4515 iter
3242 4462 3370 4514 feci-

1832 4553 1928 4606 stis
1974 4554 2022 4607 ei
2077 4553 2168 4620 qui
2220 4552 2456 4606 ascendit
2503 4566 2666 4621 super
2705 4564 2972 4616 occasum,
3012 4567 3031 4601 ι
3067 4564 3211 4604 nunc
3243 4563 3370 4603 vero

1837 4659 1856 4692 ι
1906 4640 2113 4709 psallite
2162 4640 2211 4695 ei
2247 4641 2337 4710 qui
2383 4641 2626 4694 ascendit
2673 4653 2832 4707 super
2879 4638 3075 4694 cmlum
3125 4637 3246 4692 caeli
3299 4639 3366 4691 ad

1829 4714 2109 4784 orientem.
2153 4747 2172 4780 ι
2204 4728 2335 4782 Nam
2364 4748 2384 4780 ι
2414 4730 2502 4798 qui
2549 4729 2844 4794 descendit,
2896 4729 3009 4796 ipse
3044 4735 3122 4782 est
3167 4736 3221 4781 et
3272 4727 3363 4794 qui

1832 4818 1988 4888 755
2022 4818 2259 4873 ascendit
2286 4834 2447 4889 super
2481 4833 2666 4874 omnes
2686 4819 2851 4873 caelos
2876 4826 2933 4872 ut
2966 4817 3209 4885 impleret
3242 4832 3360 4869 om-

1831 4907 1920 4960 nia
1951 4906 2011 4958 ι’.
2038 4917 2058 4952 ι

1899 4993 2058 5050 Vens.
2097 4993 2186 5050 55.
2229 4994 2362 5050 Date
2386 4996 2608 5065 gloriam
2649 4997 2774 5062 Deo,
2801 5009 2953 5064 super
2972 4991 3139 5046 Israel
3158 4990 3358 5059 magni-

1897 5302 2008 5375 (95)
2037 5304 2174 5375 Περὶ
2190 5304 2465 5375 Ῑζαῷλουο
2497 5310 2610 5375 em;
2634 5299 2797 5375 l.‘!9.'":
3015 5363 3026 5375 .

1895 5365 2007 5440 ('94)
2050 5365 2541 5440 'Oillaiuochetc.
2571 5365 2925 5440 Coislinianus
2951 5365 3170 5434 primus.

1917 5433 2006 5503 95)
2040 5437 2148 5491 Τοῦ
2180 5433 2560 5503 χωρισθῆκᾳι,
2590 5444 2696 5486 etc.
2728 5434 2888 5489 Idem.

1917 5444 1985 5493 95
2040 5444 2148 5491 Τοῦ
2180 5444 2560 5503 χωρισθηναι,
2590 5444 2633 5486 et

1917 5444 2006 5632 96)
2043 5504 2159 5572 Thr:
2174 5502 2310 5570 μέν,
2342 5510 2446 5554 etc.
2472 5500 2633 5553 Idem.

1917 5575 1980 5630 97
2028 5574 2321 5632 Ποότεοον
2347 5567 2473 5632 μέν,
2503 5576 2604 5622 etc.

1915 5567 2003 5632 97)
2028 5567 2321 5636 Πρόέεοον
2347 5567 2473 5635 μέν,
2503 5576 2604 5622 etc.
2639 5568 2804 5624 Idem.
