3884 6218
325 260 459 317 ΙόΠ

1281 265 1586 322 SELECTA
1622 266 1686 319 IN
1721 264 2053 320 PSALMOS.
2077 295 2145 305 —
2174 266 2367 321 PSAL.
2403 265 2559 320 LXX.

3356 260 3494 316 1518

394 375 504 429 Τοῦ
535 377 740 431 αὐτοῦ.
788 378 1076 451 Ἦρημώθη
1105 380 1212 450 (26)
1262 364 1398 449 μετά
1436 380 1526 433 τὸν
1570 380 1795 450 σταυρὸν
1830 381 1858 449 ἡ

2033 376 2298 446 Ejusdem.
2330 377 2455 432 Post
2484 390 2694 429 crucem
2723 376 2931 427 deserta
2967 369 3101 422 facta
3132 378 3214 424 est
3239 370 3496 426 habitatio

323 463 543 526 ἔπαυλις
573 465 771 527 αὐτῶν,
801 468 830 517 ὁ
859 467 980 529 ναὸς
1000 466 1092 520 καὶ
1125 466 1488 536 Ἰερουσαλήμ.

386 552 653 619 Πρόσθες
680 554 931 621 ἀνομίαν
957 556 1051 607 ἐπὶ
1082 554 1193 621 τὴν
1231 556 1482 622 ἀνομίαν
1516 553 1741 615 αὐτῶν,
1773 552 1869 605 καὶ

320 640 397 709 μὴ
430 643 864 698 εὶσελθέτωσαν
892 644 960 696 ἐν
985 644 1329 710 δικαιοσύνῃ
1355 659 1490 707 σου,
1508 661 1559 697 κ.
1589 661 1638 695 τ.
1662 644 1709 694 ὲ.
1742 642 1866 693 Ὅτε

318 732 366 783 οὶ
411 731 627 801 ἀνόμως
668 731 776 801 (27)
827 733 1230 803 ἀμαρτήσαντες
1269 733 1479 801 ἀνόμως
1522 731 1865 793 ἀπολοῦνται,

318 820 663 889 προστίθεται
705 824 771 891 τῇ
807 822 912 874 τῶν
953 824 1372 893 ἁμαρτησάντων
1418 822 1613 891 ἀνομία
1652 824 1685 890 ἠ
1729 820 1866 874 κατά

316 908 413 977 τὴν
451 910 682 978 ἀνομίαν
724 911 900 963 αὐτῶν
944 912 1176 973 κόλασις.
1236 930 1254 961 ι
1295 906 1363 979 Ὦ
1403 909 1508 979 γὰρ
1552 911 1733 981 μέτρῳ
1772 927 1864 979 με-

316 999 513 1066 τρεῖτε,
543 998 1060 1070 ἀντιμετρηθήσεται
1088 1001 1232 1070 ὑμῖν.
1272 1018 1290 1051 ι

390 1085 501 1138 Τοῦ
529 1088 743 1141 αὐτοῦ.
779 1088 902 1151 Πῶς
941 1089 1045 1158 γὰρ
1074 1090 1319 1141 δύνανται
1350 1088 1456 1157 (28)
1499 1087 1751 1140 εἰσελθεῖν
1788 1088 1866 1148 εἰς

314 1173 411 1245 τὴν
435 1174 778 1246 δικαιοσύνην
808 1175 1167 1244 ἐσκοτισμένοι
1195 1177 1319 1238 τοὺς
1346 1175 1649 1244 ὀφθαλμούς
1672 1192 1687 1237 ;

396 1264 951 1331 Ἐξαλειφθήτωσαν
972 1265 1039 1315 ἐκ
1064 1265 1280 1327 βίϐλου
1320 1257 1563 1325 ζώντων,
1596 1262 1692 1314 καὶ
1717 1262 1864 1329 μετὰ

315 1352 556 1406 δικαίων
599 1353 687 1421 μὴ
737 1352 1155 1421 ῃοαςρήτωσαν,
1202 1370 1256 1405 κ.
1302 1370 1353 1411 τ,
1398 1354 1444 1405 ἑ.
1486 1352 1672 1414 Βίϐλος
1716 1349 1864 1413 ζών-

1967 481 2174 528 eorum,
2204 464 2457 533 templum
2486 477 2672 531 nempe
2705 470 2756 516 et
2779 460 3091 515 Jerusalem.

2036 555 2199 608 Vsus.
2234 554 2324 607 28.
2366 553 2574 620 Appone
2630 554 2946 620 iniquitatem
2974 566 3128 615 super
3173 550 3495 618 iniquitatem

1966 658 2164 706 eorum,
2192 653 2239 695 et
2263 658 2363 695 non
2384 642 2574 694 intrent
2610 642 2661 693 in
2672 641 2930 708 justitiam
2961 650 3123 703 tuam,
3152 647 3255 692 etc.
3274 639 3498 705 Quando

1969 731 2056 797 qui
2079 729 2193 786 sine
2222 730 2336 798 lege
2368 740 2744 799 peccaverunt,
2775 731 2887 783 sine
2914 730 3025 798 lege
3059 738 3299 796 pereunt,
3334 745 3495 800 appo-

1970 818 2112 873 nitur
2171 833 2330 886 super
2381 833 2565 872 eorum
2626 818 2715 885 qui
2764 828 3116 885 peccaverunt
3163 819 3497 887 iniquitatem

1966 916 2123 968 paena
2158 904 2468 972 iniquitatis.
2523 922 2541 954 ι
2567 903 2681 969 Qua
2720 904 2862 958 enim
2906 918 3155 958 mensura
3187 908 3355 962 mensi
3378 908 3497 962 fue-

1966 991 2107 1050 ritis.
2146 995 2456 1045 remetietur
2481 992 2631 1047 vobis
2662 993 2724 1044 ".
2762 1010 2781 1045 s

2034 1079 2305 1147 Ejusdem.
2331 1080 2604 1144 Quomodo
2625 1082 2765 1135 enim
2792 1082 2991 1136 intrare
3016 1093 3239 1150 possunt
3262 1085 3313 1139 in
3340 1087 3487 1155 juSti'

1965 1167 2089 1220 tiam
2120 1167 2287 1220 oculis
2320 1168 2565 1222 θεοπροιί
2588 1170 2610 1220 ?
3337 1193 3350 1200 -

2032 1253 2192 1307 Vens.
2232 1255 2320 1309 29.
2359 1255 2642 1309 Deleantur
2668 1258 2732 1309 de
2768 1257 2899 1311 libro
2951 1262 3237 1327 viventium,
3288 1272 3334 1315 et
3382 1280 3499 1318 cunt

1955 1342 2115 1409 justis
2141 1357 2242 1396 non
2274 1343 2584 1410 scribantur,
2623 1353 2725 1398 etc.
2774 1346 2929 1401 Liber
2978 1348 3266 1403 viventium
3301 1361 3383 1404 est
3410 1366 3501 1405 co-

312 1458 419 1495 των
448 1442 560 1511 (29)
586 1444 619 1512 ἡ
644 1442 843 1509 γνῶσις
872 1444 905 1512 ἡ
938 1442 1027 1495 τοῦ
1054 1441 1184 1494 Θεοῦ
1206 1483 1219 1505 ,
1251 1442 1308 1507 ἐξ
1336 1437 1403 1513 ἦς
1445 1441 1790 1494 ἐκπίπτουσιν
1812 1440 1858 1492 οἱ

1989 1433 2129 1494 :nitio
2156 1433 2269 1497 Dei,
2298 1450 2328 1486 a
2356 1448 2459 1500 qua
2489 1436 2742 1490 excidunt
2779 1438 2812 1490 ii
2852 1438 2937 1505 qui
2971 1439 3168 1492 munda
3200 1442 3363 1495 corda
3397 1456 3500 1494 non

314 1529 656 1611 ἀκαθάρτους
694 1530 903 1599 ἔχοντες
931 1531 1027 1592 τάς
1068 1530 1318 1599 καρδίαςο
1366 1550 1383 1581 ι
1424 1532 1691 1599 Μακάριοι
1730 1529 1856 1598 γὰρ,

314 1619 504 1686 φησιν,
553 1619 603 1670 οἱ
654 1618 880 1686 καθαροὶ
921 1620 985 1687 τῇ
1035 1618 1260 1686 καρδίᾳ,
1303 1618 1382 1669 ὄτι
1415 1618 1563 1669 αὐτοὶ
1602 1618 1691 1669 τὸν
1729 1616 1858 1668 Θεὸν

314 1795 428 1844 ἐστι
461 1794 878 1862 καταξιωθῆναι.

391 1881 506 1934 Τοῦ
538 1883 748 1935 αὐτοῦ.
781 1883 991 1945 ’Δδικος
1026 1884 1161 1952 μετά
1183 1882 1289 1952 (30)
1327 1882 1529 1936 δικαίου
1576 1882 1859 1952 γράφεται,

313 1968 407 2020 ὲάν
435 1969 737 2039 ἀπόσχηται
762 1969 852 2021 τοῦ
883 1967 1016 2022 εἶναι
1043 1970 1239 2032 ἄδικος.
1808 1984 1813 1989 ’

394 2055 625 2122 Ἀρέσει
644 2056 723 2119 τῷ
747 2055 864 2120 Θεῷ
885 2056 1032 2124 ὑπὲρ
1047 2059 1281 2125 μόσχον
1307 2057 1445 2110 νέον
1463 2056 1862 2124 πέραταέκφέ-

304 2162 495 2210 ροντα
526 2144 629 2198 καὶ
658 2146 877 2209 ὁπλὰς.
908 2163 961 2197 κ.
996 2163 1047 2198 τ.
1082 2148 1128 2198 ὲ.
1161 2146 1442 2199 Τουτέστιν
1467 2146 1606 2215 ὑπὲρ
1635 2146 1742 2216 (51)
1763 2140 1861 2211 τὴν

311 2234 508 2302 ἄλογον
537 2235 632 2287 καὶ
661 2233 911 2303 αἰσθητὸν
935 2233 1137 2287 Θυσίαν.

385 2413 515 2465 Ὅτι
545 2412 865 2479 εἰσήκουσε
877 2410 994 2464 τῶν
1019 2412 1289 2479 πενήτων
1309 2414 1340 2465 d
1360 2414 1590 2478 Κύριος,
1608 2412 1702 2463 καὶ
1723 2412 1860 2475 τοὺς

314 2499 758 2569 πεπεδημένους
796 2500 978 2554 αὐτοῦ
1018 2503 1126 2554 οὐκ
1170 2500 1601 2565 ἐξουδένωσεν,
1642 2517 1693 2551 κ.
1730 2516 1780 2550 τ.
1811 2497 1856 2551 ὲ.

313 2590 603 2659 Γενώμεθα
646 2589 872 2659 πένητες
911 2589 1054 2660 (32),
1099 2589 1163 2642 ἶν’
1210 2592 1239 2642 ὁ
1284 2588 1479 2658 Κύριος
1524 2587 1676 2658 ἡμῶν
1713 2590 1859 2640 ἑπα-

313 2679 502 2749 κούσῃ.

378 2769 801 2824 Αἰνεσάτωσαν
829 2768 1011 2822 αὐτὸν
1051 2771 1105 2821 οι
1141 2768 1377 2833 οὐρανοὶ
1419 2766 1514 2818 καὶ
1550 2767 1588 2832 ἠ
1618 2763 1693 2832 τῆ
1709 2802 1723 2826 ,
1758 2762 1857 2816 θά-

312 2865 520 2916 λασσα
549 2858 648 2912 καὶ
674 2858 867 2911 πάντα
897 2858 968 2910 τὰ
990 2856 1244 2923 ἔρποντα
1286 2856 1355 2907 ἐν
1384 2852 1605 2916 αὐτοῖς,
1636 2867 1691 2903 κ.
1722 2867 1773 2902 τ.
1808 2849 1853 2903 ὲ.

1963 1521 2159 1575 habent
2191 1540 2205 1575 :
2232 1541 2252 1573 ‹
2278 1523 2420 1578 Beati
2460 1525 2624 1588 enim,
2666 1526 2862 1593 inquit,
2918 1528 3098 1581 mundi
3148 1529 3327 1594 corde,
3362 1545 3497 1598 quo-

1963 1608 2104 1662 niam
2131 1611 2227 1679 ipsi
2256 1613 2420 1666 Deum
2457 1614 2713 1667 videbunt
2738 1616 2802 1667 ".
2836 1634 2854 1667 ι
2909 1616 3063 1670 Videt
3111 1628 3290 1673 autem
3328 1619 3495 1674 Deum

226 1764 234 1769 _
312 1703 553 1772 ὗψονται.
594 1724 614 1757 s
647 1707 720 1757 Τὸ
759 1706 814 1757 δὲ
863 1705 985 1757 ἰδεῖν
1027 1704 1176 1769 Θεὸν,
1209 1705 1270 1756 τὸ
1306 1703 1555 1770 γνώσεως
1583 1704 1682 1772 τῆς
1706 1702 1858 1755 αὐτοῦ

1990 1714 2016 1753 s
2043 1701 2134 1767 qui
2156 1702 2461 1769 cognitione
2487 1704 2600 1771 ejus
2629 1705 2817 1772 dignus
2842 1706 3084 1763 eﬂicitur.

2033 1875 2303 1944 Eiusdem.
2327 1877 2556 1945 lnjustus
2577 1895 2698 1935 cum
2722 1882 2866 1948 justo
2898 1883 3171 1950 scribitur,
3211 1887 3255 1939 si
3291 1888 3503 1941 desinat

1964 1980 2084 2020 esse
2110 1965 2354 2033 injustus.

2035 2052 2197 2108 Vens.
2235 2056 2323 2109 32.
2364 2054 2593 2111 Placebit
2645 2058 2754 2133 Deo
2798 2076 2950 2127 super
2998 2063 3207 2116 vitulum
3246 2066 3501 2119 novellum

1964 2156 2158 2194 cornua
2190 2143 2547 2208 producente»:
2578 2155 2624 2197 et
2650 2146 2891 2213 ungulas,
2935 2157 3039 2202 etc.
3088 2150 3198 2203 Hoc
3233 2162 3315 2204 est
3342 2159 3503 2220 super

1963 2232 2285 2297 sacriﬁcium
2318 2232 2457 2301 quod
2484 2248 2514 2286 a
2545 2234 2752 2288 ratione
2781 2236 3011 2289 atienum
3044 2248 3127 2292 est
3159 2247 3214 2293 et
3246 2240 3344 2294 sub
3379 2254 3503 2295 sen-

1963 2332 2077 2371 sum
2112 2320 2272 2373 cadit.

2034 2406 2192 2462 Vsns.
2233 2409 2322 2463 54.
2364 2410 2621 2473 Quoniam
2653 2412 2915 2466 exaudivit
2949 2429 3195 2481 pauperes
3226 2413 3495 2480 Dominus,

1963 2504 2010 2548 et
2035 2498 2231 2550 vinctos
2259 2513 2380 2551 suos
2403 2514 2503 2551 non
2532 2500 2781 2565 despexit,
2828 2508 2936 2555 etc.
2972 2500 3239 2570 Pauperes
3285 2503 3500 2566 ﬁamus,

1966 2595 2023 2636 ut
2052 2584 2306 2640 Dominus
2334 2600 2432 2640 nos
2457 2587 2727 2641 exaudiat.

2036 2759 2195 2816 Vsus.
2236 2762 2323 2817 35.
2365 2763 2597 2817 Laudent
2627 2763 2773 2818 illum
2817 2766 2932 2819 cali
2972 2777 3021 2820 et
3059 2775 3217 2830 terra,
3256 2783 3397 2821 mare
3450 2778 3501 2821 et

1964 2850 2134 2902 omnia
2154 2852 2355 2917 reptilia
2389 2853 2443 2906 in
2466 2856 2560 2916 eis,
2591 2864 2697 2908 etc.
2740 2854 3001 2909 Coelestes
3038 2866 3092 2910 et
3132 2866 3371 2913 terrenos
3403 2859 3504 2912 hoc

314 2951 448 3012 Τοὺς
489 2948 840 3019 ὲπουρανὶους
871 2945 977 3016 (33)
1006 2946 1097 2998 καὶ
1128 2943 1397 3011 ἐπιγείους
1440 2942 1585 3008 λέγει
1632 2938 1858 2993 ἐνταῦθα

1989 2950 2083 2992 oco
2110 2939 2236 2994 dicit
2267 2940 2455 2996 eodem
2487 2944 2702 2999 nomine
2740 2960 2806 3001 ac
2837 2959 3022 3002 eorum
3061 2949 3307 3003 mundos.
3347 2948 3503 3015 Ejus-

311 3036 614 3106 ὁμωνύμως
627 3012 751 3098 ’τοῖς
768 3012 940 3088 αὐτῶν
959 3012 1205 3103 ’κόσμοις
1236 3034 1479 3086 Τοιοῦτόν
1510 3034 1625 3086 ἐστι
1645 3032 1738 3087 καὶ
1763 3034 1822 3087 τό
1842 3051 1854 3064 ·

1989 3026 2108 3081 nodi
2134 3036 2216 3082 est
2242 3038 2296 3083 et
2318 3028 2447 3085 illud
2479 3046 2493 3082 :
2532 3048 2551 3082 ι
2583 3032 2716 3087 lei
2754 3043 3006 3090 eaarrant
3028 3035 3249 3105 gloriam
3274 3035 3367 3091 Dei
3388 3012 3493 3091 δ’.»

316 3144 336 3177 ι
369 3127 429 3179 Oi
455 3125 677 3195 οὐρανοὶ
699 3124 997 3194 διηγοῦνται
1024 3124 1175 3186 δόξαν
1204 3123 1356 3177 Θεοῦ.
1392 3141 1411 3173 s

384 3213 495 3265 Τοῦ
520 3209 729 3266 αὑτοῦ.
757 3207 901 3280 ’Δρα
930 3210 997 3262 τὰ
1023 3210 1320 3281 ἑρπυστικά
1345 3210 1452 3280 (54)
1494 3210 1609 3274 ζῶα
1636 3209 1854 3273 αἰνέσει,

314 3301 620 3370 σωζομένης
635 3298 739 3367 τῆς
750 3298 884 3351 Σιὼν
899 3301 990 3351 καὶ
1007 3299 1447 3369 οἱκοδομουμένης
1465 3299 1564 3366 τῆς
1582 3296 1873 3360 ἰουδαίας;’

313 3389 372 3441 El
397 3390 453 3441 δὲ
482 3387 550 3440 τὰ
590 3385 828 3456 ἕρποντα
854 3385 1053 3455 νοητῶς
1086 3386 1273 3456 ῥητέον
1296 3425 1311 3450 ,
1339 3386 1431 3439 καὶ
1455 3384 1525 3437 τὰ
1549 3384 1854 3454 οἰκοδομού-

314 3495 445 3549 μενα
470 3474 716 3546 δηλονότι
746 3474 945 3541 vomat;
978 3474 1413 3544 ὲκληφθήτωσαν.

381 3568 510 3620 Ὅτι
547 3570 581 3620 ό
608 3564 757 3629 Θεὸς
789 3563 970 3617 σώσει
999 3564 1111 3631 τὴν
1138 3566 1305 3629 Σιὼν,
1352 3565 1449 3618 καὶ
1485 3561 1860 3631 οἰκοδομηθή-

312 3672 517 3709 σονται
543 3657 604 3707 ai
636 3654 845 3717 πόλεις
870 3651 981 3720 τῆς
1016 3653 1311 3718 Ἰουδαίας,
1334 3671 1387 3706 κ.
1409 3670 1461 3707 τ.
1486 3654 1531 3705 ἑ.
1564 3651 1752 3721 Ψυχὰς
1780 3651 1861 3702 λο-

314 3744 471 3811 γικὰς
500 3743 610 3815 (35)
633 3742 782 3810 λέγει
812 3741 990 3804 πόλεις
1021 3741 1117 3811 τῆς
1153 3741 1421 3805 Ἰουδαίας.

868 3919 1149 3973 ΨΑΛΜΟΣ
1178 3918 1294 3973 ΞΘν.

384 4017 890 4096 Αῑσχὺνθείησαν,
931 4024 1029 4079 καὶ
1068 4025 1499 4092 ἐτι-τραπείησαν
1535 4029 1591 4079 οι
1622 4024 1859 4093 ζητοῦν-

318 4133 413 4181 τες
454 4117 568 4184 τὴν
610 4114 819 4183 ψυχήν
862 4132 1018 4182 μου,
1064 4132 1118 4167 κ.
1159 4131 1209 4167 τ.
1260 4115 1308 4167 ἑ.
1361 4114 1424 4166 Oi.
1488 4114 1705 4184 ἀόρατοι
1748 4113 1859 4184 (36)

318 4205 470 4275 ἡμῶν
506 4204 749 4273 πολέμιοι
786 4201 1001 4273 ζητοῦσι
1044 4201 1140 4271 τὴν
1189 4201 1382 4271 ψυχὴν,
1418 4202 1721 4273 ὑποχείριον
1767 4202 1856 4254 θέ-

319 4292 495 4357 λοντες
541 4293 726 4346 λαϐεῖν
775 4291 905 4362 πρὸς
974 4291 1166 4344 κακίαν
1203 4292 1369 4361 αὐτὴν
1409 4291 1854 4363 προτρεπόμενοι.

885 4528 1169 4580 ΨΑΛΜΟΣ
1204 4528 1277 4580 0'.

391 4619 511 4671 Ὅτι
536 4616 768 4687 Χριστὸς
799 4616 940 4683 λέγει
985 4616 1096 4685 (37)
1132 4615 1200 4668 τά
1238 4618 1294 4669 ὲν
1332 4616 1408 4684 τῷ
1436 4615 1651 4685 ψαλμῷ,
1680 4617 1854 4686 δῆλον.

324 4706 549 4776 Εὖχεται
582 4707 742 4759 τόπον
772 4704 915 4775 αὐτῷ
949 4706 1138 4774 ὀχυρὸν
1176 4702 1329 4769 εἶναι,
1367 4704 1456 4757 τὸν
1495 4705 1643 4758 Θεόν.
1686 4706 1743 4758 '0
1775 4706 1860 4758 λέ-

390 4844 437 4876 ²⁸
459 4843 651 4896 Matth.
679 4858 770 4908 vn,
794 4842 849 4895 2.
924 4843 970 4874 “
1003 4842 1128 4897 ibid.
1170 4858 1221 4906 ν,
1245 4842 1297 4895 8.
1371 4841 1416 4873 “
1444 4842 1588 4896 Psal.
1617 4858 1769 4911 xvnt,
1789 4845 1844 4900 2.

392 4982 501 5053 (26)
545 4979 870 5050 Ἦρημώθη,
902 4988 1005 5035 etc.
1046 4978 1226 5035 Codex
1277 4978 1631 5036 Coisllnianus
1667 4995 1857 5037 secun-

254 5160 257 5161 ν
326 5050 500 5186 ὐυῐέτ)
538 5118 666 5169 Ὅτε
690 5118 743 5170 οἱ
773 5115 1022 5181 ἀνόμως,
1053 5124 1160 5168 etc.
1184 5113 1364 5170 Codex
1385 5115 1740 5171 Coislinianus
1762 5120 1857 5181 pri-

328 5199 462 5238 Inus.

395 5252 504 5315 (‘28)
530 5251 656 5314 Πῶς

394 5321 501 5388 (29)
530 5315 738 5384 Βίϐλος
756 5315 1008 5388 (metu,
1037 5325 1138 5388 etc:
1162 5315 1322 5388 idem.

388 5383 507 5449 ((50)
538 5383 772 5448 Ἄδικος
794 5383 961 5450 μετά,
990 5392 1093 5435 etc.
1121 5383 1282 5438 Ιάυιιι.

399 5455 504 5521 (3|)
532 5454 843 5521 Τουτέστιν
869 5450 1037 5521 ὺπέρ,
1064 5458 1167 5501 etc.
1197 5450 1356 5521 Idem.

409 5517 511 5589 (32')
534 5520 840 5586 Γενώμεθα
868 5517 1132 5581 πένητες,
1156 5528 1256 5571 etc.
1293 5517 1453 5576 ldctn.

684 5252 806 5320 γὰρ
816 5249 1117 5320 δύνανται,
1148 5256 1251 5320 etc.
1282 5249 1443 5305 ldetn.

2033 3204 2308 3273 Ejusdem.
2351 3208 2600 3278 Nunquid
2626 3212 2863 3279 repentia
2889 3213 3139 3268 animalia
3177 3214 3499 3281 laudabunt,

1961 3307 2084 3346 cum
2119 3295 2411 3350 satvabitur
2442 3298 2567 3352 Sion
2601 3309 2656 3353 et
2676 3300 3024 3354 mdiﬁcabitur
3044 3302 3264 3356 Iudaea?
3286 3303 3342 3355 Si
3368 3318 3500 3356 vero

1962 3384 2197 3451 repentia
2242 3386 2552 3453 spiritaliter
2601 3387 2935 3455 intelligenda
2979 3399 3136 3454 sunt,
3170 3390 3257 3444 illa
3289 3405 3501 3460 quoque

1963 3485 2080 3539 qute
2112 3471 2461 3539 adiﬁcantur,
2491 3474 2802 3542 spiritaliter
2827 3477 3179 3544 accipiantur.

2036 3558 2195 3613 Vens.
2235 3558 2321 3612 36.
2364 3559 2623 3624 Quoniam
2671 3561 2806 3616 Deus
2840 3564 3037 3617 salvam
3066 3567 3222 3634 faciet
3258 3568 3406 3631 Sion,
3447 3582 3496 3623 et

1966 3645 2365 3713 tedi/icabuntur
2412 3649 2641 3701 civitates
2690 3649 2930 3717 Iudaeae,
2979 3662 3083 3706 etc.
3139 3653 3500 3713 Rationaliiteu

1962 3735 2169 3788 animas
2204 3734 2338 3789 dicit
2359 3735 2552 3790 Iudaea:
2577 3738 2837 3793 civitates.

2472 3918 2685 3973 PSALM
2694 3918 2779 3974 US
2816 3919 2995 3975 LXIX.

2033 4009 2194 4063 Vatis.
2232 4010 2286 4063 2.
2325 4010 2751 4077 Confundantur,
2794 4019 2843 4063 et
2884 4017 3213 4063 revereantur
3232 4012 3321 4079 qui
3351 4027 3498 4080 qua:-

1959 4106 2078 4147 runt
2115 4096 2343 4149 animam
2377 4113 2560 4158 meam,
2617 4106 2724 4151 etc.
2772 4097 3069 4153 lnvisibiles
3107 4099 3270 4151 nostri
3310 4099 3496 4156 hostes

1960 4195 2205 4251 quaerunt
2235 4186 2487 4247 animam.
2524 4188 2800 4255 ipsamque
2823 4190 2887 4241 ad
2916 4188 3170 4242 malitiam
3197 4190 3497 4247 excitantes

1964 4272 2147 4327 volunt
2171 4273 2272 4329 sibi
2306 4274 2571 4331 subditam
2600 4273 2802 4331 facere.

2376 4529 2536 4598 759
2573 4530 2883 4586 essurus
2919 4531 3078 4587 Lxx.

2035 4616 2163 4682 Quae
2193 4618 2245 4671 in
2276 4619 2524 4686 praisenti
2558 4620 2902 4673 continentur
2934 4621 3164 4689 psalmo,
3190 4635 3256 4676 ea
3287 4636 3317 4675 a
3340 4621 3497 4676 Chri-

1965 4716 2047 4762 sto
2070 4706 2295 4776 proferri
2346 4706 2684 4762 manifestum
2731 4719 2833 4763 est.
2867 4711 3069 4765 Locum
3097 4711 3201 4766 sibi
3233 4712 3495 4766 munitum

2023 4984 2133 5051 (33)
2159 4984 2304 5051 Τοὺς
2331 4984 2740 5051 ἐπουρανίους,
2769 4994 2874 5037 etc.
2897 4983 3056 5051 Idem.

2023 5047 2137 5123 (3!)
2157 5047 2299 5123 Ἆρά
2329 5052 2400 5105 τὰ
2424 5047 2766 5123 ἐρπυᾳτικὰ,
2789 5061 2894 5123 et_c_.
2920 5049 3057 5102 Ideni

2166 5115 2369 5191 Ψὺχάς
2399 5115 2658 5188 λογικάς,
2689 5127 2793 5191 etc.
2829 5115 2992 5191 Idem.
3015 5179 3049 5191 ﬂ
3091 5178 3102 5190 _
3140 5178 3171 5191 υ
3215 5178 3227 5190 .

2024 5178 2131 5260 (56)
2170 5178 2652 5260 Οἱοὶἱῤῥατοίκοιέ.
2698 5183 2785 5260 Ita
2814 5184 2981 5260 codex
3010 5178 3366 5260 ('Ioislinianus
3413 5196 3498 5260 se-

1957 5247 2181 5321 candus,
2236 5247 2335 5309 sed
2370 5247 2578 5307 schedia:
2603 5248 2807 5321 (jrabji,
2853 5258 2906 5321 et
2944 5247 3302 5321 C_oisl_inia_uus
3325 5252 3498 5321 codex

1957 5313 2348 5391 primns'panlo
2374 5322 2524 5391 aliter
2554 5337 2566 5391 ε
2604 5314 2819 5391 ζητοῦσι
2842 5316 2940 5383 τὴν
2964 5313 3140 5391 ψυχὴν
3168 5315 3215 5363 οἱ
3249 5314 3379 5375 ποὺς
3402 5334 3500 5368 χει.

1953 5383 2078 5443 ἇιίαν
2106 5383 2206 5443 καῖ
2218 5388 2480 5454 ἀγνωσίαν
2508 5383 2673 5454 αὐτῂν
2706 5383 3148 5454 προτρεπρμενοι.

2027 5460 2134 5527 (37)
2166 5446 2288 5507 Ὅτι
2318 5452 2563 5520 Χριστὸς
2586 5446 2765 5516 λέγει)
2798 5446 2905 5501 etc.
2938 5446 3114 5519 Codex
3144 5446 3499 5505 Coisltntauus

1958 5530 2235 5580 secundus.
