3884 6214
314 320 444 375 1521

1202 312 1502 372 SELECTA
1540 310 1605 364 1N
1640 303 1971 363 PSALMOS.
2011 337 2081 347 —
2116 306 2308 360 PSAL.
2351 305 2530 361 LXXI.

3349 296 3480 350 152!

390 436 453 488 '0
473 437 635 503 Θεὸς,
654 436 739 505 μὴ
765 438 1070 506 Μκρὺνῃς
1091 435 1189 489 ἀπ’
1213 434 1374 503 ἐμοῦ,
1400 451 1451 486 κ.
1478 449 1528 484 τ.
1560 431 1605 482 ἑ.
1628 428 1744 487 Τδ,‹
1757 425 1848 495 Μὴ

2022 427 2178 480 Vens.
2216 425 2297 478 l2.
2328 422 2482 486 Deus,
2515 437 2575 476 ne
2597 417 2849 488 elongen's
2879 435 2910 472 a
2936 434 3037 481 me,
3067 424 3171 472 etc.
3195 434 3214 467 ι
3235 414 3312 470 Ne
3329 415 3479 469 elon-

315 525 593 595 μακρύνης
606 525 736 594 (44),
764 545 782 577 ι
808 527 923 578 ἀντὶ
947 524 1060 587 τοῦ,
1087 523 1176 593 Μὴ
1197 522 1409 593 μακρὰν
1427 520 1555 589 γένῃ
1580 520 1670 571 ἀπ’
1693 514 1843 585 ἐμοῦ.

384 613 491 667 Τοῦ
521 615 727 668 αὐτοῦ.
758 614 982 684 Μακρὰν
1015 613 1120 665 ἀπὸ
1157 610 1440 680 ἀνθρώπου
1475 608 1583 679 (45)
1642 606 1849 674 γίνεται

308 703 339 752 ὁ
359 700 510 763 Θεὸς,
542 702 603 753 οὐ
629 703 768 755 κατὰ
798 703 893 772 τὴν
919 700 1120 754 οὐσίαν·
1154 697 1442 771 (πανταχοῦ
1474 698 1580 767 γὰρ
1622 696 1847 766 πάρεστι

308 789 400 841 καὶ
428 788 497 842 τὰ
530 789 704 843 πάντα
731 789 971 861 πληροῖ)
999 790 1129 844 ἀλλὰ
1157 790 1292 842 κατὰ
1335 789 1434 858 τὴν
1473 788 1571 856 τῆς
1597 784 1849 854 προνοίας

308 878 400 929 καὶ
425 878 522 947 τὴν
550 879 649 947 τῆς
691 878 933 949 βοηθείας
960 878 1248 948 ἐνέργειαν.
1283 874 1580 945 Χωρίζεται
1612 874 1669 925 δὲ
1697 872 1849 942 ήμῶν

306 964 393 1016 διὰ
418 964 480 1016 τὸ
506 965 741 1028 δυσῶδες
765 965 872 1019 τῶν
901 966 1176 1036 ἡμετέρων
1218 963 1642 1034 ἁμαρτημάτων,
1671 960 1848 1024 καθώς

308 1069 437 1121 φησι
465 1056 746 1124 προφήτης
763 1053 961 1126 ἔτεροςο
991 1072 1008 1105 t
1030 1056 1094 1107 Δί
1123 1055 1378 1124 ἁμαρτίαι
1410 1052 1559 1121 ὑμῶν
1586 1050 1850 1103 διῖστῶσιν

305 1140 408 1192 ἀνὰ
445 1141 608 1209 μέσον
634 1142 767 1211 ἐμοῦ
796 1143 887 1215 καὶ
915 1142 1084 1211 ὑμῶν.
1111 1161 1129 1192 δ

211 1295 219 1305 ,
374 1230 902 1294 Περιϐαλέσθωσαν
954 1232 1250 1305 αἰσχύνην
1305 1230 1400 1282 καὶ
1457 1226 1748 1294 ἐντροπὴν
1798 1230 1850 1278 οὶ

308 1314 619 1384 ζητοῦντές
638 1336 740 1387 μοι
767 1319 934 1382 κακὰ,
968 1337 1020 1372 κ.
1054 1338 1101 1372 τ.
1138 1321 1183 1371 ὲ.
1219 1318 1310 1380 Τὸ,
1343 1336 1361 1367 ι
1390 1319 1555 1384 ’Ἄφες
1581 1313 1725 1383 αὐτῷ
1741 1312 1850 1384 (16)

305 1407 364 1459 τὸ
397 1410 630 1476 ἱμάτιον,
658 1428 676 1460 ι
712 1409 927 1462 δύναται
960 1409 1318 1478 ἀναφέρεσθαι
1347 1407 1437 1459 ἐπὶ
1470 1407 1565 1475 τὴν
1598 1404 1851 1473 αἰσχύνην

305 1497 399 1547 καὶ
430 1497 716 1568 ἐντροπὴν,
747 1499 812 1560 ἃς
843 1499 1213 1569 περιϐάλλεται
1238 1500 1265 1549 ὁ
1287 1497 1507 1549 τοιόσδε.

386 1584 534 1651 Ἐγὼ
563 1584 632 1637 δὲ
658 1586 752 1638 διὰ
779 1587 1000 1652 παντὸς
1037 1585 1240 1649 ἐλπιῶ,
1271 1586 1367 1638 καὶ
1398 1584 1715 1651 προσθήσω
1752 1582 1849 1635 ἐπὶ

1948 516 2088 582 geris
2111 534 2129 566 ι
2169 514 2306 568 idem
2336 521 2419 567 est
2449 526 2510 565 ac
2540 513 2585 566 si
2611 511 2773 583 dicat,
2793 509 2865 562 Ne
2892 509 3048 577 longe
3075 507 3150 563 sis
3179 522 3206 559 a
3238 520 3341 561 me.

2020 604 2294 674 Ejusdem.
2318 602 2500 669 Longe
2520 604 2586 655 ab
2622 599 2841 654 homine
2860 609 2943 653 est
2973 600 3128 663 Deus,
3150 611 3256 652 non
3290 610 3482 651 secun-

1948 696 2070 749 dum
2100 692 2449 747 substantiam
2485 690 2628 761 (nam
2663 689 2857 756 ubique
2895 701 3127 756 praesens
3166 696 3249 741 est
3283 696 3337 740 et
3365 699 3482 739 ont-

1949 784 2037 837 nia
2067 782 2275 851 replet),
2307 782 2398 835 sed
2441 764 2737 843 secundum
2783 777 3124 843 providentia:
3148 786 3202 831 et
3231 772 3481 843 adjutorii

1955 870 2266 925 emcaciam.
2296 869 2586 938 Separatur
2606 872 2782 919 autem
2813 879 2842 917 a
2876 865 3030 918 nobis
3061 872 3276 933 propter
3299 876 3484 932 pecca-

1949 970 2119 1014 torum
2178 970 2482 1014 nostrorum
2536 956 2799 1016 fauorem,
2845 955 3289 1022 quemadmodum
3349 951 3484 1008 alius

1952 1048 2207 1116 propheta
2245 1046 2408 1100 dicit:
2441 1044 2706 1099 «Peccata
2742 1054 2919 1098 vestra
2955 1050 3205 1108 separant
3235 1040 3373 1094 inter
3400 1052 3485 1093 me

1949 1144 2004 1187 ct
2026 1148 2120 1187 vos
2136 1135 2197 1185 ’³.
2236 1152 2254 1185 ι

2020 1222 2177 1276 Vsus.
2206 1223 2289 1275 l3.
2345 1221 2659 1288 Operiantur
2712 1219 3015 1274 confusione
3068 1226 3115 1270 et
3154 1216 3350 1284 pudore
3395 1215 3483 1282 qui

1948 1321 2181 1377 quarunt
2215 1309 2354 1362 mala
2407 1309 2558 1372 mihi,
2596 1319 2700 1362 etc.
2758 1306 2913 1369 Illud,
2962 1304 3213 1360 tDimitte
3248 1304 3319 1356 illi
3372 1303 3483 1371 pal-

1952 1399 2076 1450 lium
2100 1397 2165 1461 ³⁸,
2196 1417 2214 1449 ι
2246 1398 2431 1451 rel‘erri
2485 1407 2659 1466 potest
2696 1396 2761 1449 ad
2808 1394 3173 1449 confusionem
3209 1401 3262 1446 et
3314 1376 3482 1460 pudo-

1955 1500 2063 1537 rem
2100 1484 2291 1552 quibus
2315 1485 2559 1552 operitur
2588 1483 2680 1550 qui
2713 1480 2969 1549 ejusmodi
2991 1489 3093 1534 est.

2022 1574 2183 1627 Vens.
2218 1573 2300 1626 M.
2341 1571 2448 1641 Ego
2475 1579 2644 1624 autem
2665 1585 2863 1636 semper
2884 1567 3119 1636 sperabo,
3166 1576 3213 1619 et
3237 1565 3485 1635 adjiciam

305 1673 509 1726 πᾶσαν
527 1675 645 1742 τὴν
663 1674 897 1728 αἵνεσίν
917 1689 1051 1738 σου,
1074 1693 1128 1728 κ.
1143 1693 1192 1726 τ.
1216 1677 1261 1728 ἐ.
1283 1674 1477 1726 Πολλά).
1497 1672 1847 1741 αἱνέσειςμἸ)

1981 1678 2105 1730 uper
2131 1678 2329 1737 omnem
2353 1659 2560 1713 laudem
2586 1668 2749 1724 tuam,
2773 1667 2879 1712 etc.
2908 1657 3158 1711 Plurima:
3186 1656 3339 1709 dictte
3362 1663 3488 1708 sunt

305 1760 548 1831 εἴρηνται
580 1721 673 1815 τοῦ
695 1763 824 1815 Θεοῦ
849 1765 904 1815 ὲν
923 1764 1068 1832 νόμῳ
1089 1765 1180 1815 καὶ
1200 1764 1517 1832 προφήταις,
1531 1757 1617 1823 αἷς
1635 1721 1848 1830 προσ-τίζ

1975 1721 2148 1818 ηἸεεε
2176 1732 2247 1801 et
2269 1748 2544 1816 prophetis
2589 1747 2679 1801 Dei
2733 1721 2936 1810 laudes,
2965 1745 3157 1812 quibus
3189 1743 3370 1811 adjicit
3393 1743 3486 1810 qui

305 1848 462 1920 θησιν
488 1855 517 1904 ὁ
533 1852 720 1906 εἰπών’
745 1872 762 1903 ι
784 1854 895 1905 Οὐκ
917 1848 1075 1921 ἦλθον
1095 1851 1386 1904 καταλῦσαι
1405 1851 1493 1901 τὸν
1508 1851 1665 1918 νόμον
1685 1850 1849 1913 ἢτοὺς

305 1942 615 2010 προφήτας,
666 1941 801 1994 ἀλλὰ
849 1940 1148 2011 πληρῶσαι,
1178 1959 1195 1990 ι
1244 1940 1318 2002 ὼς
1373 1938 1589 2008 ἀρέσκει
1640 1940 1704 2006 τῇ
1757 1937 1848 1990 τοῦ

302 2026 542 2096 Χριστοῦ
574 2029 843 2097 ἐπωνύμῳ
886 2028 1197 2098 Ἐκκλησία.

376 2114 507 2165 Ὅτι
558 2116 672 2167 οὐκ
719 2116 904 2184 ἔγνων
955 2114 1357 2184 γραμματείας,
1392 2131 1441 2166 κ.
1469 2130 1518 2165 τ.
1572 2114 1616 2166 ὲ.
1646 2114 1707 2165 El
1740 2112 1851 2164 ἐστι

302 2201 540 2270 γράμμα
563 2201 674 2271 (48)
719 2205 812 2272 μὲν
841 2205 1169 2265 ἀποκτεῖνον,
1204 2203 1412 2271 πνεῦμα
1442 2202 1497 2254 δὲ
1542 2201 1848 2264 ζωοποιοῦν,

301 2290 364 2341 τὸ
391 2291 489 2358 μὲν
518 2290 840 2361 παρώνυμον
864 2292 957 2344 τοῦ
983 2293 1299 2361 γράμματος
1324 2293 1420 2344 οὐκ
1446 2292 1582 2359 ἔγνω
1606 2294 1635 2345 ὀ
1662 2291 1852 2360 γινώσ-

303 2394 416 2430 κων
457 2378 659 2449 Κύριος
682 2381 805 2444 τοὺς
834 2381 993 2444 ὄντας
1019 2382 1197 2434 αὑτοῦ·
1226 2382 1286 2433 τὸ
1328 2382 1383 2433 δὲ
1417 2381 1735 2451 παρώνυμον
1757 2381 1848 2433 τοῦ

305 2464 616 2533 πνεύματος
648 2465 803 2532 ἔγνω.

377 2554 572 2620 Κύριε,
609 2555 1029 2622 μνησθήσομαι
1060 2554 1169 2622 τῆς
1196 2556 1575 2625 δικαιοσύνης
1606 2569 1719 2607 σου
1748 2556 1853 2622 μό-

305 2657 437 2701 νου,
458 2659 511 2693 κ.
531 2658 583 2695 τ.
604 2643 650 2696 ὲ.
668 2640 777 2710 Τῆς
802 2643 894 2694 τοῦ
912 2643 1122 2714 Πατρδς
1140 2643 1245 2713 (19)
1261 2643 1597 2712 δικαιοσύνης
1624 2641 1852 2710 Χριστὸς

312 2728 704 2797 μνησθήσεται.

382 2816 534 2882 Ἕως
573 2817 649 2871 ἂν
685 2820 1014 2889 ἀπαγγείλω
1048 2821 1152 2873 τὸν
1187 2820 1479 2888 ,ϐραχίονά
1528 2834 1642 2874 σου
1685 2818 1849 2887 πάσῃ

307 2903 380 2970 τῇ
414 2903 587 2972 γενεᾷ
626 2905 699 2973 τῇ
727 2907 1035 2976 ἐρχομένῃ,
1076 2925 1128 2961 κ.
1176 2926 1226 2963 τ.
1261 2910 1306 2960 ἐ.
1350 2908 1591 2977 Βραχίων
1620 2907 1730 2977 (50)
1757 2908 1848 2960 τοῦ

306 2991 439 3045 Θεοῦ
461 2993 490 3044 ὁ
514 2995 764 3063 Χριστός.

386 3083 449 3135 '0
499 3085 665 3148 Θεὸς,
713 3084 820 3149 ἕως
861 3086 1129 3153 ὑψίστων
1170 3086 1208 3139 ἁ
1237 3087 1522 3152 ἐποίησας
1548 3084 1848 3154 μεγαλεῖα,

306 3185 358 3220 κ.
390 3187 439 3224 τ.
467 3172 512 3222 ὲ.
552 3190 570 3221 ‹
596 3173 1021 3242 Είρηνοποιήσας
1044 3173 1152 3242 (51)
1184 3172 1267 3224 διὰ
1304 3173 1397 3225 τοῦ
1431 3176 1660 3242 αἵματος
1687 3169 1849 3224 αὐτοῦ

305 3257 371 3309 τὰ
397 3260 451 3310 ὲν
478 3260 729 3330 οὐρανοῖς
756 3262 848 3312 καὶ
869 3259 937 3312 τὰ
963 3262 1054 3312 ἐπὶ
1080 3261 1200 3329 γῆς.
1230 3278 1247 3311 ι

378 3347 559 3410 Ὅσας
589 3345 823 3411 ἕδειξάς
844 3364 943 3413 μοι
971 3348 1200 3413 θλίψεις
1237 3348 1465 3412 πολλὰς
1505 3347 1601 3400 καὶ
1629 3347 1850 3413 κακὰςὶ

307 3434 401 3484 καὶ
430 3432 802 3502 ἐπιστρέψας
814 3432 1207 3503 ἐζωοποίησάς
1214 3452 1309 3504 με,
1331 3436 1425 3489 καὶ
1449 3436 1515 3488 ὲκ
1531 3434 1648 3488 τῶν
1666 3437 1849 3490 ἀϐύσ-

306 3533 432 3571 σων
449 3520 561 3589 τῆς
581 3521 696 3591 γῆς
714 3522 895 3577 πάλιν
917 3524 1205 3594 ἀνήγαγες
1214 3543 1309 3595 με,
1327 3543 1379 3579 κ.
1400 3543 1451 3578 τ.
1475 3526 1519 3577 ὲ.
1538 3523 1727 3591 Σαφῶς
1741 3524 1849 3594 (52)

311 3610 435 3678 περ).
456 3612 555 3679 τῆς
586 3614 653 3664 ὲκ
677 3612 879 3681 νεκρῶν
901 3613 1241 3677 ἀναστάσεως
1263 3615 1432 3666 ταῦτα
1463 3613 1691 3684 εἴρηται.

380 3698 487 3750 Τοῦ
518 3698 726 3756 αὐτοῦ.
759 3702 1021 3755 Ἀὄυσσον
1051 3703 1143 3755 νῦν
1159 3703 1266 3772 (5'5)
1295 3703 1539 3772 ὠνόμασε
1558 3704 1628 3777 το
1656 3703 1849 3775 χωρίον

307 3783 411 3835 τῶν
437 3786 806 3856 καταχθονίων
832 3788 1113 3859 δαιμόνων.
1148 3790 1267 3842 Elei.
1310 3790 1365 3843 δέ
1391 3806 1531 3851 τινες
1558 3790 1606 3841 οἳ
1633 3790 1724 3841 καὶ¹
1754 3788 1850 3842 αὺ-

308 3872 431 3934 τοὺς
458 3875 584 3936 τοὺς
612 3875 868 3945 δαίμονας
895 3878 1158 3942 ἀϐύσσους
1176 3879 1385 3945 λέγουσι
1408 3878 1492 3930 διὰ
1519 3879 1578 3930 τὸ
1614 3879 1847 3948 ἀπέραν-

309 3971 397 4009 τον
425 3961 524 4030 τῆς
554 3964 754 4026 κακίας
778 3964 973 4018 αὐτῶν.

378 4048 483 4100 Καὶ
523 4050 634 4118 τὰρ
670 4050 782 4118 ἐγὼ
825 4052 1329 4122 ὲξομολογήσομαι
1366 4054 1435 4106 ἐν
1461 4055 1660 4107 σκεύει
1696 4057 1848 4121 ψαλ-

306 4133 421 4200 μοῦ
447 4136 562 4203 τὴν
595 4139 881 4203 ἀλήθειάν
909 4156 1044 4203 σου,
1075 4159 1127 4195 κ.
1156 4160 1204 4195 τ.
1230 4145 1274 4195 ὲ.
1294 4141 1491 4205 Σκεῦος
1507 4142 1716 4211 ψαλμοῦ
1738 4143 1845 4214 (54)

1951 1838 2136 1891 dixit“
2167 1854 2180 1890 :
2216 1854 2234 1886 ι
2266 1836 2377 1889 Non
2407 1836 2530 1888 veni
2582 1834 2789 1888 solvere
2836 1833 3003 1900 legem
3038 1839 3131 1885 aut
3175 1831 3483 1898 prophetas,

1949 1926 2042 1981 sed
2077 1925 2424 1992 adimplere,»
2461 1922 2902 1990 quemadmodum
2933 1920 3003 1972 illi
3029 1921 3199 1988 placet
3237 1918 3485 1970 Ecclesia:

1950 2026 2066 2087 quae
2092 2030 2121 2068 a
2149 2016 2361 2069 Christo
2390 2028 2580 2068 nomen
2612 2012 2793 2066 habet.

2021 2109 2182 2163 Vens.
2215 2108 2301 2161 15.
2325 2108 2585 2172 Quoniam
2613 2122 2715 2158 non
2744 2104 2952 2172 cognoui
2981 2102 3352 2161 litteraturam,
3376 2105 3482 2151 etc.

1952 2197 2007 2253 Si
2036 2207 2120 2251 est
2147 2197 2321 2250 littera
2341 2193 2614 2258 occidens,
2649 2192 2870 2261 spiritus
2898 2199 3077 2242 autem
3108 2185 3405 2249 vivilicans,
3427 2182 3482 2237 id

1950 2287 2091 2356 quod
2143 2300 2171 2339 a
2219 2285 2396 2338 littera
2436 2280 2928 2336 deuominationem
2962 2278 3143 2340 habet,
3177 2291 3279 2328 non
3338 2274 3486 2327 novit

1953 2376 2205 2430 Dominus
2226 2375 2314 2442 qui
2339 2373 2484 2427 novit
2514 2385 2608 2425 eos
2655 2370 2744 2437 qui
2779 2378 2904 2423 sunt
2928 2368 3082 2431 ejus;
3118 2366 3170 2418 id
3196 2379 3324 2417 vero
3343 2361 3486 2431 quod

1951 2480 1980 2517 a
2007 2464 2194 2528 spiritu
2224 2462 2614 2523 deuominatur,
2644 2460 2810 2513 novit.

2025 2554 2182 2605 Vens.
2233 2552 2319 2604 16.
2356 2552 2593 2614 Domine,
2624 2548 2946 2602 memorabor
2974 2544 3200 2614 justitiaz
3252 2551 3355 2595 tute
3402 2555 3487 2594 so-

1952 2641 2076 2702 lius,
2119 2651 2220 2694 etc.
2262 2638 2503 2693 Paterna;
2551 2637 2769 2706 justitite
2803 2636 3047 2690 Christus
3076 2632 3485 2688 memorabitur.

2021 2819 2181 2873 Vens.
2215 2818 2300 2872 18.
2331 2818 2503 2871 Donec
2543 2818 2841 2871 annuntiem
2867 2814 3132 2867 brachium
3161 2823 3306 2866 tuum
3332 2828 3484 2881 gene-

1954 2910 2144 2963 rationi
2176 2911 2315 2963 omni
2355 2923 2469 2977 qua:
2516 2918 2731 2961 uentura
2772 2919 2868 2970 est,
2905 2914 3009 2960 etc.
3064 2904 3342 2957 Bracbium
3393 2904 3488 2958 Dei

1873 3009 1916 3067 (ς
1949 3000 2191 3055 Christus
2224 3007 2323 3053 est.

2020 3090 2180 3144 Vens.
2215 3087 2300 3140 19.
2349 3086 2505 3149 Deus,
2541 3101 2701 3152 usque
2755 3086 2806 3136 in
2863 3083 3121 3137 altissima
3177 3097 3293 3150 qua:
3320 3080 3488 3147 fecisti

1951 3177 2233 3244 magnalia,
2274 3183 2378 3228 etc.
2414 3191 2432 3224 ε
2459 3172 2751 3227 Pacilicaus
2796 3185 2891 3238 per
2937 3169 3250 3236 sanguinem
3295 3167 3409 3235 ejus
3437 3174 3489 3220 et

1952 3280 2067 3332 qua:
2098 3264 2149 3316 in
2183 3261 2336 3316 caelis
2358 3272 2412 3315 et
2439 3275 2558 3329 quae
2593 3261 2642 3312 in
2674 3271 2813 3313 terra
2845 3267 2967 3313 sunt
2991 3259 3053 3310 ".
3088 3275 3108 3307 ι

2020 3351 2183 3404 Vens.
2219 3350 2308 3405 20.
2347 3350 2581 3413 Quantas
2626 3348 2893 3402 ostendisti
2943 3347 3071 3398 mihi
3123 3344 3486 3398 tribulationes

1950 3442 2142 3493 multas
2171 3453 2220 3493 et
2256 3439 2462 3492 malas!
2487 3449 2531 3491 et
2558 3452 2830 3490 conuersus
2866 3434 3139 3502 viui/icain
3182 3449 3279 3497 me,
3328 3442 3374 3486 et
3425 3433 3487 3487 de

1952 3530 2149 3597 abyssi:
2175 3539 2324 3583 terra:
2349 3529 2536 3581 iterum
2569 3526 2825 3579 reduxisti
2847 3541 2948 3588 me,
2978 3532 3085 3577 etc.
3116 3522 3394 3576 Manifeste
3418 3521 3485 3576 de

1952 3616 2347 3672 resurrectione
2372 3630 2438 3670 ex
2468 3615 2693 3669 mortuis
2722 3615 2835 3667 haec
2860 3613 3000 3664 dicta
3034 3619 3179 3664 sunt.

2022 3706 2288 3773 Ejusdem.
2324 3705 2587 3772 Abyssum
2641 3716 2781 3755 nunc
2833 3709 2988 3754 vocat
3026 3698 3198 3751 locum
3248 3694 3486 3749 inferno-

1952 3810 2066 3847 rum
2107 3796 2424 3848 daemonum.
2473 3792 2608 3845 Sunt
2658 3799 2830 3844 autem
2874 3786 3109 3841 nonnulli
3142 3786 3231 3854 qui
3258 3794 3311 3838 et
3343 3786 3486 3852 ipsos

1949 3884 2214 3937 daemones
2265 3883 2485 3952 abyssos
2530 3882 2710 3935 dicunt
2766 3887 2980 3946 pr0pter
3034 3876 3347 3928 immensam
3393 3887 3484 3929 eo-

1949 3986 2066 4024 rum
2111 3970 2388 4024 malitiam.

2019 4058 2182 4114 Vsns.
2210 4059 2301 4112 τε.
2336 4058 2477 4112 Nam
2518 4068 2564 4111 et
2593 4073 2682 4125 ego
2710 4055 2987 4122 conﬁtebor
3014 4053 3105 4105 tibi
3130 4052 3181 4104 in
3206 4065 3324 4104 vase
3341 4052 3485 4119 psal-

1950 4148 2020 4201 mi
2042 4149 2303 4201 veritatem
2333 4156 2496 4213 tuam,
2528 4156 2631 4200 etc.
2673 4144 2774 4198 Vas
2805 4143 2999 4212 psalmi
3022 4142 3197 4194 anima
3225 4154 3378 4208 pura.

312 4218 451 4291 ψυχὴ
483 4224 712 4296 καθαρά.

861 4401 1148 4455 ΨΑΔΜΟΣ
1185 4403 1305 4454 OA'.

2347 4406 2500 4475 νει
2543 4399 2857 4457 PSALMUS
2895 4399 3077 4454 LXXI.

378 4483 479 4547 Εις
508 4487 812 4556 Σαλομὼν,
839 4506 892 4543 κ.
921 4507 969 4541 τ.
998 4492 1044 4542 ὲ.
1078 4491 1170 4552 Et;
1196 4489 1451 4558 Σαλομὼν
1478 4488 1588 4559 (55)
1621 4491 1708 4542 τὸν
1731 4492 1842 4545 υἱὸν

2021 4493 2182 4547 Vens.
2221 4492 2271 4546 1.
2310 4492 2377 4545 In
2424 4490 2773 4553 Salomoaem,
2804 4496 2907 4543 etc.
2959 4488 3014 4541 ln
3055 4486 3397 4542 Salomouem
3418 4480 3485 4538 ﬂ-

317 4567 524 4625 Δαυῖδοι
550 4577 735 4640 Βίϐλος
777 4579 884 4648 γὰρ
914 4580 1177 4646 γενέσεως
1239 4580 1409 4648 Ἰησοῦ
1447 4580 1679 4649 Χριστοῦ
1728 4580 1843 4633 υἱοῦ

1975 4585 2076 4638 ium
2113 4583 2313 4637 David:
2342 4596 2462 4635 nam
2496 4598 2514 4631 ι
2546 4579 2701 4634 Liber
2729 4576 3086 4648 generationis
3124 4574 3248 4629 Jesu
3285 4570 3482 4629 Christi

316 4658 485 4715 Δαυῒδ.
507 4682 526 4713 ι
559 4667 812 4736 Σαλομὼν
841 4667 947 4738 γὰρ
972 4670 1319 4738 ἑρμηνεύεται
1350 4672 1657 4736 εἰρηνικόςο
1689 4673 1846 4734 αὐτὸς

1975 4674 2042 4726 llii
2079 4672 2241 4726 David
2265 4672 2333 4723 ³⁸.
2357 4690 2374 4723 r
2408 4670 2661 4725 Salomon
2698 4678 2873 4722 autem
2919 4668 3305 4735 interpretatur
3331 4662 3479 4732 paci-

317 4744 420 4816 γάρ
448 4750 593 4805 ἐστιν
620 4757 653 4825 ὴ
678 4756 861 4826 είρήνη
888 4756 1061 4825 ήμῶν.

1975 4764 2077 4815 icus
2108 4778 2125 4815 :
2156 4764 2267 4832 ipse
2288 4762 2430 4815 enim
2458 4772 2539 4815 est
2570 4776 2669 4828 pax
2702 4768 2907 4814 nostra.

388 4862 432 4894 ²⁹
457 4865 570 4919 Isai.
603 4885 708 4923 ιιι.
732 4869 788 4924 2.
864 4871 907 4902 ³⁸
936 4870 1122 4925 Matth.
1154 4872 1314 4936 v.40.
1390 4872 1430 4903 ³³
1463 4872 1592 4926 ibid.
1621 4888 1671 4937 ν,
1705 4872 1787 4927 17.

1975 4874 2157 4928 Συιοεε.
2192 4875 2243 4940 1,
2266 4874 2355 4930 20.
2429 4874 2474 4905 ”
2496 4872 2682 4926 Matth.
2707 4887 2744 4937 l,
2771 4872 2819 4925 1.

317 4978 618 5108 prgam”.
653 4981 737 5051 μὴ
761 4986 1087 5052 μακρύνῃς,
1124 4991 1226 5037 etc.
1261 4982 1438 5037 Codex
1482 4982 1848 5038 Coislinianus

1975 5053 1982 5069 |
2014 4984 2123 5105 (sbi)
2153 4986 2640 5053 Εἰρηνοποιήσας,
2668 4994 2771 5037 etc.
2797 4981 2937 5036 Idem
2987 4979 3151 5033 codex
3189 4983 3242 5030 et
3269 4974 3477 5029 scheda‘.

1975 5070 2047 5105 Ira
2091 5070 2147 5108 ΙΙ.

388 5089 774 5196 (istiuang
794 5118 907 5196 ἀπο
932 5116 1619 5196 ανθρώπουηειερειιεόξε
1635 5118 1837 5173 Grabii.

1975 5089 2362 5196 "issjfzasoog
2402 5125 2529 5189 περὶ
2575 5118 2700 5183 τῆς,
2737 5125 2842 5169 ειε.
2893 5114 3073 5167 Codex
3118 5110 3478 5167 Coislinianus

379 5180 486 5257 (4b)
523 5180 805 5257 Τὸ,⁹Ᾰςοες
830 5180 1142 5257 αοτῷλειε.
1173 5185 1352 5239 Codex
1376 5184 1731 5240 Coisliuianus
1755 5199 1842 5240 se-

1975 5180 2227 5245 ecun'dus.

311 5246 605 5327 cubd_ds,_et
642 5246 850 5327 selteda}
875 5246 1076 5327 Crabii.
1214 5320 1266 5327 __
1460 5320 1473 5327 _
1572 5320 1603 5327 _
1644 5322 1655 5327 _
1693 5321 1725 5327 __
1771 5319 1783 5327 .

2015 5258 2124 5327 (55)
2157 5261 2449 5313 Ἅϐυσσον
2468 5255 2599 5316 νῦν,
2627 5261 2733 5305 etc.
2759 5247 2979 5302 Schedas
3012 5246 3212 5309 Crabii,
3231 5255 3285 5300 et
3309 5248 3473 5301 codex

379 5315 484 5386 (47)
515 5325 753 5379 Παλλαὶ
780 5321 1052 5386 αινέσεις,
1085 5330 1190 5375 etc.
1214 5320 1353 5374 ldem
1378 5320 1539 5374 codex
1565 5319 1843 5376 Coislinia-

1975 5315 2304 5380 loisli’nianus
2321 5332 2543 5389 primus.

311 5383 406 5435 nus
433 5383 607 5441 secum
624 5400 730 5445 lus.
1011 5383 1019 5386 ⁷

376 5449 481 5531 (ἐξ)
511 5456 1012 5531 ἓὲεστεπεάμμιξο
1034 5464 1137 5509 ειεο
1167 5453 1328 5531 litem-

2011 5395 2100 5464 (54
2143 5383 2358 5454 Σκεῦοξ
2383 5385 2640 5456 ψαλμοῦ,
2676 5392 2783 5436 etc.
2812 5383 2975 5436 Iidem
3004 5383 3161 5436 codd.
3194 5396 3323 5435 mss.

2010 5394 2122 5531 (55)
2160 5461 2262 5523 Εἰς
2292 5455 2591 5522 Σολομὼν,
2625 5458 2729 5504 etc.
2765 5450 2945 5506 Codex
2975 5450 3323 5505 Coisliniauus

376 5449 481 5585 (48)
511 5457 742 5535 Εζέοντι
766 5456 1012 5525 γράμμα,
1034 5464 1137 5509 etc.
1167 5453 1328 5512 Idem.

399 5519 486 5585 49)
516 5526 640 5585 Tm;-
660 5524 763 5578 τοῦ
793 5526 1035 5585 Πατρός.
1062 5534 1167 5575 etc.
1197 5524 1355 5577 Idem.

2010 5449 2122 5531 (55)
2160 5461 2262 5523 Εἰς
2292 5449 2591 5522 Σολομῶν,
2625 5458 2729 5504 etc.
2765 5450 2945 5506 Codex
2975 5450 3332 5505 Coisliniauus
3363 5451 3476 5520 pri-

1975 5544 2083 5583 tus.

516 5523 640 5591 Ίῆς·
660 5519 1035 5591 τοῦἮιίτρός.
1062 5534 1167 5575 etc.
1197 5524 1355 5577 Idem.

384 5544 486 5585 νιν)
521 5544 640 5591 1ης*
660 5544 763 5578 του
793 5544 1035 5589 ιιατρος,
1062 5544 1167 5575 etc.
1197 5544 1355 5577 luem.
1943 5544 2083 5583 mus.

384 5584 492 5657 (50)
522 5592 813 5661 Βραχίων,
852 5600 954 5646 etc.
989 5590 1170 5646 Codex
1200 5590 1546 5649 Coisliniantts
1577 5593 1804 5662 primus.
