3884 6226
231 321 425 379 I529

1082 306 1092 316 '
1203 323 1513 387 semen
1545 331 1609 386 IN
1646 330 1974 388 PSALMOS.
2006 364 2074 375 —
2104 333 2298 390 PSAL.
2336 329 2590 404 Lxxm-

3334 353 3469 410 1530

232 455 262 486 ι
323 439 402 493 Ὀ
431 442 764 513 κολλώμενος
791 445 867 516 τῷ
891 445 1077 518 Κυρίῳ
1104 440 1159 494 ἓν
1191 448 1408 518 πνεῦμά
1442 427 1602 504 ἐστιν.
1628 467 1646 500 ι
1680 450 1825 518 ’Ἅμα

1928 450 2094 518 mino,
2125 467 2263 507 unus
2291 448 2509 517 spiritus
2552 465 2654 512 est.
2686 475 2707 510 ι
2741 458 2873 517 Hinc
2911 461 3070 518 etiam
3110 464 3269 521 simul
3296 468 3459 525 disci.

222 526 307 578 δὲ
355 533 462 583 καὶ
494 534 828 604 μανθάνομεν
871 537 958 589 διὰ
985 534 1185 588 τούτων
1211 536 1310 606 τὴν
1349 539 1442 590 τοῦ
1470 537 1670 607 ἀγαθοῦ
1695 527 1826 590 Θεοῦ

223 617 311 667 οὐ
325 619 490 674 σίαν.

839 807 1124 862 ΨΑΛΜΟΣ
1161 811 1276 864 ΟΓ’.

329 891 484 943 Ἵνα
508 894 586 958 τί,
631 896 664 946 ὁ
698 895 859 959 Θεὸς,
897 897 1109 949 ἀπώσω
1133 901 1216 963 εὶς
1256 899 1443 965 τέλος,
1472 917 1524 953 κ.
1561 917 1610 954 τ.
1650 901 1695 952 ἐ.
1746 899 1831 961 Ὠς

222 978 412 1043 πρὸς
445 981 509 1032 τὸ
540 982 699 1050 ῥητὸν
739 983 849 1054 (89)
884 985 1050 1039 ταῦτά
1090 1004 1248 1054 φασιν
1289 991 1335 1040 οἱ
1370 990 1426 1041 ἐν
1467 991 1530 1058 τῇ
1565 988 1832 1056 αἰχμαλω-

1933 555 2050 594 mus
2082 544 2202 596 boni
2234 541 2328 595 Dei
2364 546 2734 603 substantiam.

2410 809 2721 865 PSALMUS
2758 811 2984 867 LXXIII.

2004 897 2158 951 Vens.
2183 897 2234 951 1.
2268 895 2333 950 Ut
2363 901 2506 966 quid,
2549 901 2704 965 Deus,
2762 906 2994 969 repulisti
3025 908 3075 958 in
3111 907 3305 973 ﬁnem?
3355 923 3458 968 etc.

1929 985 2196 1051 Quantum
2225 988 2290 1039 ad
2317 986 2547 1041 litteram
2575 999 2800 1059 spectat,
2831 991 2944 1046 haec
2988 993 3170 1047 dicunt
3219 1000 3306 1065 qui
3339 1012 3463 1054 sunt

224 1067 382 1132 σίᾳ.
446 1068 771 1121 Ἀπωθεῖται
814 1070 869 1121 δὲ
913 1071 1007 1136 οὒς,
1039 1074 1328 1127 ἀπωθεῖται
1373 1075 1569 1144 Κύριος
1597 1075 1735 1128 κατά
1767 1075 1825 1126 τὸ

1928 1069 1979 1122 in
2011 1071 2335 1137 captivitate.
2370 1073 2594 1141 Repellit
2641 1087 2816 1131 autem
2843 1093 2978 1146 quos
3029 1083 3238 1149 repellit
3274 1087 3458 1139 Domi-

220 1154 483 1223 πλῆθος
514 1157 622 1211 τῶν
665 1160 922 1212 ἀσεϐειῶν
955 1162 1160 1214 αὐτῶν
1193 1165 1283 1215 καί
1321 1182 1468 1228 τινας
1509 1165 1822 1229 ἀπωθεῖται,

1925 1173 2026 1210 nus
2077 1162 2368 1214 secundum
2417 1163 2808 1218 multitudinem
2862 1167 3194 1236 impietatum
3254 1186 3459 1229 eorum.

221 1241 331 1302 ὡς
370 1244 714 1316 γέγραπται,
753 1247 855 1312 ἕως
901 1249 1118 1319 σφόδρα’
1161 1251 1252 1313 οὒς
1281 1253 1335 1304 δὲ
1369 1271 1387 1303 ι
1410 1255 1487 1314 είς
1515 1254 1698 1315 τέλος»
1735 1255 1825 1305 καὶ

1923 1247 1990 1302 Et
2040 1250 2294 1315 quosdam
2345 1251 2556 1317 quidem
2584 1254 2810 1321 repellit,
2861 1257 2999 1309 sicut
3045 1259 3300 1326 scriptum
3355 1273 3458 1328 est,

217 1327 316 1381 τὰ
349 1330 595 1402 ἔσχατα.

334 1519 636 1590 Ὦρτίσθη
683 1528 716 1577 δ
763 1527 944 1593 θυμός
993 1542 1106 1580 σου
1174 1527 1270 1580 ἐπὶ
1325 1531 1582 1597 πρόϐατα
1631 1532 1820 1600 νομῆς

1925 1340 2294 1404 vehementer,
2346 1343 2604 1408 quosdam
2658 1357 2784 1398 vero
2816 1363 2834 1396 ι
2871 1348 2922 1399 in
2977 1347 3134 1403 ﬁnem
3165 1368 3184 1400 ι
3215 1358 3269 1404 et.
3295 1366 3461 1421 usque

1919 1429 1986 1482 ad
2013 1430 2320 1484 novissima.

1991 1521 2116 1573 Isto.
2140 1520 2318 1574 Iratus
2353 1530 2428 1577 est
2457 1524 2608 1592 furor
2630 1534 2748 1581 tuus
2767 1545 2924 1596 super
2947 1545 3060 1582 oves
3089 1547 3297 1597 pascua:
3330 1543 3452 1597 (tur,

218 1623 406 1672 σου,
445 1629 501 1664 κ.
536 1629 587 1664 τ.
623 1615 672 1664 ὲ.
705 1613 797 1676 Τὸ,
832 1591 1246 1668 ιΕίσελεύσεται
1269 1591 1399 1687 (θοᾷ,
1436 1621 1526 1672 καὶ
1557 1591 1820 1685 ὲξελεῦσξξί

1922 1619 2023 1664 etc.
2059 1609 2190 1666 Illud
2213 1612 2281 1677 “,
2311 1631 2329 1663 ι
2359 1591 2714 1683 Ingredietur,
2742 1627 2794 1670 et
2817 1620 3140 1685 egredietur,
3183 1631 3234 1675 et
3259 1637 3452 1688 pascua

214 1708 366 1757 ται,
409 1699 514 1748 καὶ
544 1699 711 1768 νομὴν
739 1701 974 1769 εὑρήσει,
1001 1720 1018 1751 ι
1048 1702 1218 1772 τούτῳ
1242 1705 1521 1774 χρήσιμον.

311 1783 659 1850 Μνήσθητι
684 1785 791 1850 τῆς
822 1787 1167 1855 συναγωγῆς
1201 1805 1316 1842 σου
1353 1787 1427 1859 ἧς
1459 1793 1688 1858 ἐκτήσω
1719 1795 1816 1846 ἀπ’

211 1870 487 1938 ἀρχῆς,
519 1891 571 1926 κ.
604 1891 650 1924 τ.
681 1875 727 1935 ἑ..
746 1876 1000 1944 Ζητήσεις
1028 1878 1134 1928 ἀπὸ
1163 1879 1318 1941 ποίας
1341 1879 1450 1950 (9|)
1479 1883 1646 1951 ἀρχῆς
1671 1883 1820 1952 ἐκτή-

217 1975 395 2013 σατο
451 1961 554 2031 τὴν
606 1963 918 2032 συναγωγὴν
966 1965 1152 2018 ἑαυτοῦ
1188 1969 1216 2020 6
1260 1967 1409 2032 Θεὸς,
1449 1971 1540 2022 καὶ
1572 1971 1630 2022 τὸ
1665 1972 1819 2024 πότε-

216 2063 339 2115 ρον
383 2049 720 2118 προγνώσει,
747 2050 779 2119 ἢ
809 2051 997 2114 ἄλλως.
1025 2054 1110 2110 Τὸ,
1149 2074 1167 2105 s
1193 2057 1277 2108 ἵνα
1303 2057 1356 2109 τί
1381 2077 1397 2108 ι
1431 2060 1565 2128 πρὸς
1588 2061 1716 2112 Θεὸν
1740 2062 1818 2114 λε-

208 2139 506 2207 γόμενον
552 2141 870 2204 πευστικῶς,
899 2145 1173 2225 αίτητικόν
1209 2147 1354 2200 ἐστιν
1379 2149 1715 2220 ἀποκρίσεως
1737 2153 1815 2205 δι-

206 2228 579 2298 δασκούσης
610 2230 702 2300 τὴν
741 2233 914 2286 αἰτίαν
953 2236 1050 2304 τῆς
1080 2236 1338 2300 ἀπώσεως
1367 2240 1458 2292 καὶ
1498 2241 1595 2310 τῆς
1627 2243 1812 2313 ὀργῆςο

203 2314 286 2368 τὸ
342 2315 446 2377 δὲ,
510 2316 822 2387 ιώργίσθης
865 2322 955 2372 ἐπὶ
1001 2322 1260 2392 πρόϐατα,
1285 2344 1302 2376 ›
1339 2325 1426 2378 διὰ
1470 2326 1689 2396 ἱλασμὸν
1720 2329 1813 2381 τοῦ

209 2405 620 2476 ὀργιζομένου
648 2405 890 2474 λέγεται·
923 2414 1034 2473 τοῖς
1071 2412 1178 2482 γὰρ
1205 2413 1279 2476 ώς
1306 2415 1545 2482 πρόϐατα
1575 2419 1814 2488 ἀνοήτοις

213 2492 602 2563 συγγνώμην
628 2496 717 2547 ἐπὶ
740 2499 852 2558 τοῖς
877 2498 954 2559 είς
978 2499 1212 2553 διάνοιαν
1232 2499 1628 2572 ἡμαρτημένοις
1655 2507 1810 2558 αἰτεῖ.

224 2582 434 2636 Ἀλλὰ
494 2583 588 2633 καὶ
640 2583 1020 2654 ἐπιλαθόμενος
1062 2587 1149 2640 διὰ
1192 2589 1259 2641 τὰ
1309 2591 1671 2660 ἁμαρτήματα
1716 2595 1812 2664 τῆς

214 2670 606 2738 συναγωγῆς,
652 2671 911 2740 μνήσθητι
969 2675 1135 2742 αὐτῆς
1171 2679 1460 2747 γενομένης
1512 2681 1604 2731 ἀπ’
1641 2682 1811 2752 ἀρχῆς

216 2763 561 2830 κτήματος.
590 2759 708 2821 Πῶς
732 2760 788 2812 δὲ
820 2779 838 2812 ‹
864 2762 955 2812 ἀπ’
973 2763 1162 2832 ἀρχῆς,
1185 2783 1201 2813 ι
1229 2766 1324 2816 οὐκ
1350 2767 1680 2835 ἐμφαίνεται,
1702 2770 1808 2822 οὐδ’

215 2850 297 2902 ἂν
325 2848 406 2910 ἐξ
429 2846 702 2913 Αἰγύπτου
725 2851 848 2917 νοῇς
869 2850 1034 2918 αὐτὴν
1058 2852 1244 2920 κτῆσιν
1271 2850 1540 2920 γεγονέναι
1565 2857 1717 2911 Θεοῦ.

328 2934 694 3001 Ἐλυτρώσω
705 2935 928 3002 ῥάϐδον
948 2941 1339 3008 κληρονομίας
1359 2959 1490 2996 σουο
1509 2945 1643 3012 ὅρος
1661 2949 1812 3000 Σιὼν

215 3026 433 3078 τοῦτο
462 3023 494 3075 ὃ
523 3023 984 3089 κατεσκήνωσας
1012 3027 1081 3078 ἐν
1103 3029 1277 3094 αὐτῷ,
1309 3049 1362 3082 κ.
1391 3049 1440 3084 τ.
1474 3034 1520 3085 ὲ.
1552 3036 1810 3104 Ζητήσεις

215 3116 351 3168 εἴτε
384 3111 506 3181 (92)
568 3113 830 3181 ἐκτήσατο
865 3115 894 3164 6
929 3113 1056 3178 Θεὸς
1095 3116 1217 3184 ὅρος
1263 3119 1417 3180 Σιὼν,
1447 3121 1554 3172 εἴτε
1589 3123 1810 3193 ἐλυτρώ-

219 3219 380 3256 cato
415 3199 573 3263 αὐτὸ,
625 3200 738 3262 πῶς
767 3201 858 3252 ἀπ’
885 3202 1056 3271 ἀρχὴς
1103 3206 1420 3276 ἐκτήσατοῆ
1453 3208 1804 3279 ὲλυτρώσατο.

219 3293 416 3360 Ζὴτει
451 3289 749 3358 μυστικῶς.

301 3383 484 3432 Ὅσα
511 3378 951 3442 ὲπονηρεύσατο
991 3381 1024 3431 ὀ
1067 3379 1274 3446 ἐχθρὸς
1302 3382 1370 3434 ἐν
1394 3383 1473 3448 τῷ
1500 3385 1643 3454 ἁγίῳ
1669 3403 1803 3451 σου,

220 3471 333 3523 καὶ
366 3464 867 3533 ἐνεκαυχήσαντο
888 3470 941 3520 οι
961 3470 1276 3536 μισοῦντές
1305 3486 1398 3536 σε,
1427 3473 1506 3526 ἐν·
1513 3474 1676 3542 μέσῳ
1698 3478 1806 3544 τῆς

215 3555 463 3624 ἑορτῆς
501 3571 638 3616 σου,
675 3571 728 3608 κ.
771 3571 822 3606 τ.
857 3555 904 3608 ἑ.
945 3557 1018 3608 Οὐ
1061 3556 1372 3626 τόπου(95),
1408 3560 1520 3612 ἀλλ’
1558 3563 1752 3633 ἀρετῆς
1775 3564 1804 3614 6

215 3650 400 3709 Θεός,
462 3646 528 3696 Ἦ
573 3644 630 3694 δὲ
679 3643 771 3696 τοῦ
818 3645 982 3696 τόπου
1037 3647 1218 3717 μνήμη
1269 3648 1356 3700 sea:
1403 3650 1803 3721 φιλανθρωπίας

217 3735 473 3791 ἑλπίδαο
501 3731 642 3785 ὥστε
679 3733 804 3793 τοὺς
843 3733 1134 3797 ἐπιϐάντας
1171 3739 1280 3798 τοῖς
1321 3738 1660 3810 ἀφιερωθεῖσι
1687 3743 1802 3812 Θεῷ

216 3823 470 3894 χωρίοις
487 3819 804 3890 ἀμείϐεσθαί
844 3838 974 3890 φησι
1020 3823 1192 3886 τοῦτο,
1207 3825 1286 3876 ὅτι
1307 3827 1334 3877 6
1355 3826 1506 3894 λόγος
1525 3830 1552 3881 6
1573 3833 1802 3902 πονηρὸς

216 3913 323 3980 exe
338 3910 441 3980 ρὸς
481 3910 540 3959 ἐν
575 3910 685 3969 τοῖς
728 3909 898 3974 ἁγίοις
939 3911 1069 3962 ἐστί.
1108 3913 1215 3963 Καὶ
1254 3913 1346 3965 νῦν
1385 3918 1734 3986 πονηρεύεται
1772 3922 1800 3973 6

217 3997 442 4068 ἐχθρὸς
483 3997 541 4047 ὲν
568 3994 646 4064 τῷ
674 3996 829 4064 ἁγίῳ,
861 3997 1131 4052 τουτέστιν
1159 4002 1215 4052 ὲν
1241 4005 1307 4071 τῇ
1344 4003 1654 4076 Ἐκκλησίᾳ.
1692 4012 1799 4064 Καὶ

217 4089 327 4142 ἑάν
368 4084 582 4156 ἐκπέσῃ
608 4101 691 4146 τις
735 4084 842 4135 τῶν
886 4086 1082 4156 ἑορτῶν
1114 4087 1205 4140 τοῦ
1246 4090 1404 4156 Θεοῦ,
1436 4094 1798 4164 ὲγκαυχῶνται

1917 1699 2172 1765 inveniet,
2205 1718 2224 1752 ι
2256 1703 2320 1754 ad
2349 1703 2399 1754 id
2427 1703 2554 1756 utile
2578 1713 2680 1760 est.

1989 1788 2148 1842 Vens.
2197 1789 2252 1843 Ξ.
2303 1789 2506 1844 Memor
2549 1801 2655 1844 esto
2700 1799 3114 1864 congregationis
3162 1809 3264 1853 tua:
3297 1818 3452 1870 quam

1913 1877 2187 1943 possedisti
2217 1876 2278 1930 ab
2307 1878 2474 1941 initio,
2508 1889 2610 1932 etc.
2643 1879 2862 1944 Qumres
2889 1899 2916 1935 a
2944 1899 3049 1950 quo
3094 1887 3245 1941 initio
3273 1905 3455 1956 posse-

1915 1965 1988 2018 dit
2017 1967 2476 2034 congregationem
2503 1982 2653 2021 suam
2691 1969 2845 2034 Deus,
2903 1987 2967 2025 an
2998 1976 3346 2042 praescientia,
3384 1991 3449 2030 an

1916 2054 2090 2108 aliter.
2129 2055 2276 2121 Illud,
2317 2073 2336 2106 ι
2369 2065 2425 2108 ιιι
2456 2059 2583 2126 quid
2612 2077 2632 2110 ι
2670 2061 2735 2113 ad
2767 2060 2927 2113 Deum
2965 2063 3343 2133 interrogative
3370 2067 3452 2119 di-

1914 2154 2078 2209 ctum,
2107 2146 2340 2214 postulat
2371 2162 2702 2216 responsum,
2733 2165 2839 2218 quo
2887 2152 3138 2206 doceatur
3183 2169 3340 2208 causa
3371 2170 3454 2209 re-

1914 2236 2174 2302 pulsionis
2230 2245 2284 2290 et
2341 2237 2466 2303 iraa;
2528 2238 2666 2292 istud
2714 2253 2864 2303 vero,
2907 2259 2925 2290 σ
2979 2240 3150 2295 lratus
3203 2258 3262 2296 es
3287 2259 3448 2310 super

1911 2336 2060 2386 oves,
2093 2340 2115 2375 ο
2148 2333 2363 2393 propter
2397 2327 2822 2382 misericordiam
2868 2329 3150 2384 irascentis
3199 2331 3440 2385 dicitur:

1912 2425 2032 2464 nam
2064 2411 2129 2466 iis
2153 2415 2242 2480 qui
2274 2414 2413 2468 sicut
2433 2429 2559 2470 oves
2599 2417 2910 2485 insipientes
2957 2427 3082 2472 sunt
3111 2421 3320 2474 veniam
3353 2437 3450 2489 pro

1912 2501 2229 2570 insipientia:
2255 2505 2488 2571 peccatis
2512 2505 2663 2572 petit.
2715 2505 2814 2570 Qui
2859 2510 3295 2578 congregationis
3345 2520 3449 2566 tua:

1909 2591 2103 2647 oblitus
2133 2607 2190 2647 es
2219 2603 2435 2661 prepter
2469 2605 2707 2662 peccata,
2738 2613 2940 2651 memor
2971 2609 3086 2652 esto
3112 2599 3273 2660 illius,
3329 2617 3446 2668 qua:

1909 2678 1978 2731 ab
2021 2680 2170 2732 initio
2233 2681 2371 2734 facta
2404 2691 2487 2736 cst
2540 2685 2803 2751 possessio
2864 2695 2968 2736 tua.
3005 2685 3282 2751 Quomodo
3315 2706 3334 2738 ε
3379 2689 3444 2742 ab

1911 2761 2084 2827 initio,
2115 2780 2133 2813 ι
2173 2779 2277 2817 non
2305 2765 2608 2822 declaratur
2641 2786 2656 2822 :
2687 2785 2858 2837 neque
2910 2772 2954 2824 si
3008 2785 3070 2824 ex
3097 2771 3326 2842 {Egypto
3358 2789 3472 2827 (θοιΔ

1836 2884 1877 2940 c
1911 2852 2045 2919 gites
2074 2852 2240 2919 ipsam
2279 2853 2476 2908 factam
2512 2871 2631 2912 esse
2658 2861 3046 2926 possessioznem
3082 2863 3193 2916 Dei.

1978 2939 2104 2994 lstn.
2151 2941 2431 2996 Redemisti
2481 2946 2677 3014 virgam
2726 2949 3044 3004 Itwreditatis
3097 2963 3199 3006 tua:
3236 2969 3254 3006 :
3299 2970 3446 3007 mons

1909 3029 2058 3094 Sion,
2087 3031 2140 3082 in
2162 3048 2262 3100 quo
2287 3033 2532 3088 hubitasti
2553 3035 2607 3088 in
2635 3053 2715 3101 eo,
2751 3048 2856 3093 etc.
2890 3039 3013 3095 Sive
3047 3051 3279 3096 montem
3313 3043 3443 3098 Sion

1907 3121 2202 3187 possederit
2249 3123 2408 3187 Deus,
2461 3125 2574 3179 sive
2609 3127 2926 3194 redemerit,
2954 3145 3159 3198 quaeres
3179 3135 3446 3200 quomodo

1905 3208 1972 3260 ab
1995 3209 2144 3262 initio
2185 3212 2480 3278 possederit
2507 3226 2590 3267 vet
2619 3215 2923 3271 redemerit.
2969 3218 3156 3283 Quaere
3200 3224 3442 3289 mystice.

1975 3387 2137 3442 Vens.
2162 3389 2218 3442 5.
2249 3391 2459 3455 Quanta
2506 3393 2820 3462 malignatus
2857 3405 2931 3449 est
2979 3398 3216 3453 inimicus
3239 3402 3292 3454 in
3322 3419 3442 3455 san-

1904 3487 2008 3540 cto,
2032 3487 2078 3529 et
2105 3477 2319 3546 gloriati
2350 3490 2467 3538 sum
2499 3483 2586 3545 qui
2612 3483 2826 3535 oderunt
2874 3493 2957 3549 te,
3002 3488 3054 3539 in
3101 3491 3263 3542 medio
3316 3493 3443 3544 sole-

1903 3568 2138 3620 mnitatis
2173 3579 2296 3633 tute,
2326 3579 2432 3624 etc.
2461 3570 2575 3624 Non
2609 3571 2733 3634 loci,
2774 3574 2865 3626 sed
2893 3575 3106 3630 virtutis
3153 3580 3288 3632 Dens
3336 3590 3436 3634 est.

1901 3656 2024 3710 Loci
2059 3668 2228 3713 autem
2257 3663 2692 3716 commemoratio
2714 3662 2772 3714 tit
2795 3663 2863 3716 ob
2890 3679 3036 3732 spem
3071 3667 3435 3736 benignitatis,

1903 3745 1975 3795 ita
2006 3754 2063 3797 ut
2108 3748 2196 3814 qui
2238 3751 2302 3800 ad
2345 3750 2454 3803 loca
2487 3751 2596 3805 Deo
2643 3763 2957 3807 consecrata
2990 3757 3304 3819 ascendunt,
3348 3775 3436 3811 re-

1899 3835 2216 3899 spondeant,
2261 3838 2450 3905 inquit,
2505 3855 2805 3897 sermonem
2848 3846 3043 3898 malum
3079 3847 3345 3901 inimicum
3382 3847 3434 3901 in

1899 3923 2098 3977 sanctis
2125 3939 2262 3979 esse.
2311 3927 2373 3981 Et
2411 3946 2550 3984 nunc
2599 3934 2918 4001 malignatur
2944 3935 3196 3991 inimicus
3224 3937 3275 3989 in
3309 3952 3434 3990 san-

1899 4020 2006 4074 cto,
2035 4013 2133 4066 hoc
2174 4015 2330 4087 765
2359 4027 2440 4072 est
2478 4020 2530 4072 in
2562 4021 2820 4076 Ecclesia.
2870 4019 2936 4078 Et
2989 4025 3032 4078 si
3069 4027 3191 4093 quis
3227 4041 3255 4078 a
3290 4027 3434 4079 sule-

1898 4101 2207 4156 nmitatibus
2258 4104 2349 4158 Dei
2403 4108 2682 4172 exciderit,
2724 4110 3020 4177 gloriantur
3061 4113 3148 4179 qui
3203 4113 3432 4166 oderunt

216 4180 272 4230 οἱ
310 4175 609 4248 μισοῦντες
631 4175 719 4226 τὸν
743 4176 971 4244 Χριστὸν
999 4179 1090 4230 καὶ
1114 4179 1457 4267 ἀναιροῦντες
1483 4183 1662 4250 αὐτὸν,
1689 4188 1794 4240 εἴτε

1922 4189 2165 4247 Ihristum
2205 4202 2257 4245 et
2287 4193 2613 4249 interﬁciunt
2643 4198 2811 4264 illum,
2861 4201 2974 4254 sive
3020 4203 3266 4270 populus,
3319 4204 3432 4259 sive

215 4271 249 4322 6
279 4267 449 4328 λαὸς,
484 4265 593 4316 εἴτε
625 4265 678 4316 αἱ
709 4265 1070 4333 ἀντικείμεναι
1099 4265 1366 4338 δυνάμεις.

311 4356 418 4418 Ὡς
445 4353 516 4404 ἐν
538 4351 736 4419 δρυμῷ
755 4351 951 4414 ξύλων
969 4354 1200 4422 ἀξίναις
1235 4358 1533 4427 ἐξέκοψαν
1564 4363 1668 4430 τὰς
1695 4368 1795 4420 θύ-

1899 4280 2214 4334 adversarim
2244 4293 2552 4350 potestates.

1965 4364 2127 4419 Vsus.
2183 4370 2297 4422 5-6.
2353 4370 2517 4434 Quasi
2565 4375 2618 4426 in
2667 4375 2793 4427 silva
2850 4376 3108 4444 lignorum
3169 4383 3430 4437 securibus

211 4459 341 4510 ρας
370 4439 588 4506 αὐτῆς,
626 4457 682 4492 κ.
712 4457 762 4492 τ.
791 4441 836 4492 ὲ.
881 4441 1060 4496 Ταῦτα
1087 4445 1260 4498 πάντα
1293 4448 1402 4517 (94)
1442 4452 1789 4524 πεπλήρωται

1922 4456 2193 4509 sciderunt
2208 4459 2407 4526 januas
2435 4462 2568 4528 ejus,
2595 4472 2699 4516 etc.
2726 4463 2847 4518 llaec
2869 4470 3044 4521 omnia
3068 4471 3278 4537 impleta
3303 4483 3429 4528 sunt

217 4533 284 4584 ὲν
337 4533 409 4599 τῇ
471 4528 580 4580 τῶν
641 4528 1016 4598 Ἰεροσολύμων
1061 4533 1288 4598 ἁλώσει,
1349 4537 1535 4610 ὥσπερ
1606 4543 1787 4616 Ἰώση-

220 4638 332 4684 πος
381 4618 590 4686 ίστορεῖ
644 4617 845 4672 καθένα
898 4618 1248 4690 διηγούμενος
1306 4625 1412 4680 τῶν
1472 4635 1786 4702 πεπραγμέ-

217 4723 357 4760 νων.

313 4795 715 4860 Ἐνεπύρισαν
745 4793 813 4846 ἐν
850 4795 988 4862 πυρί
1029 4797 1092 4848 τὸ
1140 4800 1522 4872 ἁγιαστήριόν
1551 4823 1664 4863 σου
1698 4814 1784 4878 εἰς

1893 4543 1945 4596 in
1975 4543 2317 4616 Jerosolyma:
2341 4555 2752 4623 expugnatione,
2799 4562 3241 4623 quemadmodum
3303 4578 3428 4615 nar-

1895 4643 1978 4688 rat
1998 4634 2259 4706 .Iosephus
2283 4643 2373 4707 qui
2401 4643 2709 4712 singillatim
2742 4661 2826 4700 res
2855 4658 3033 4716 gestas
3059 4654 3421 4721 persequitur.

1960 4808 2118 4862 Vatis.
2148 4809 2202 4862 7.
2236 4809 2585 4867 Incenderunt
2637 4817 2744 4884 igni
2788 4825 3142 4876 sanctuarium
3178 4835 3320 4878 tuum
3367 4827 3421 4878 in

218 4886 346 4953 τὴν
381 4882 523 4952 γῆν·
561 4882 934 4945 ἐϐεθήλωσαν
967 4884 1032 4934 τὸ
1063 4886 1345 4958 σκήνωμα
1372 4894 1474 4947 τοῦ
1504 4896 1785 4965 ὀνόματός

1922 4913 2062 4960 ,vrra;
2102 4898 2396 4966 polluerunt
2446 4904 2834 4961 tabernaculum
2885 4913 3108 4964 nominis
3155 4915 3250 4974 tui,
3312 4922 3417 4966 etc.

219 4991 371 5036 σου,
414 4989 471 5024 κ.
505 4987 557 5023 τ.
595 4971 641 5021 ἐ.
682 4971 1068 5066 Σκήνωμαμτοῦ
1100 4976 1357 5046 ὀνόματος
1391 4983 1500 5053 (95)
1525 4987 1618 5038 τοῦ
1652 4989 1783 5043 θεοῦ

1922 4985 2312 5040 ‘abernaculum
2347 4990 2579 5045 nominis
2628 4996 2716 5049 Dei
2747 5006 2827 5050 est
2860 5012 3026 5061 mens,
3084 5013 3200 5066 qua:
3227 5000 3418 5066 pollui-

220 5064 382 5114 ἐστιν
416 5063 445 5112 6
473 5059 616 5121 νοῦς,
649 5059 792 5122 ὅστις
826 5058 1160 5129 βεϐηλοῦται,
1187 5067 1370 5134 γήϊνος
1402 5071 1519 5124 ἀντὶ
1561 5075 1784 5146 ἐπουρα-

219 5151 341 5203 νίου
366 5147 674 5215 γενόμενος.

298 5241 346 5272 ⁸⁸
371 5239 530 5293 Joan.
555 5253 607 5300 ι,
646 5238 698 5291 9.

299 5327 431 5400 (89)-
458 5328 551 5392 Ὡς
577 5327 721 5392 πρὸς
745 5324 808 5376 τὸ
824 5321 1030 5390 ῥητόν,
1049 5329 1158 5378 etc.
1188 5325 1233 5379 Ε
1250 5333 1437 5388 codice
1456 5334 1787 5400 Coisliniano

213 5397 540 5530 .se‘iggikil,
570 5458 1000 5530 ῌὶσελεῷσεταιε
1025 5461 1135 5506 etc.
1181 5459 1262 5513 Ex
1298 5470 1504 5524 eodem.

293 5518 412 5596 (‘9!)
443 5518 724 5596 Ζητήσεις
761 5522 872 5596 ἀπὸ
897 5518 1085 5596 ποίας.
1124 5535 1245 5579 etc.
1279 5518 1595 5596 Εέξδδέιη,

296 5585 410 5668 (92)
443 5585 720 5659 Ζήτήσειξ
748 5589 878 5650 εἴτε,
909 5594 1009 5638 etc.
1041 5585 1126 5652 Ex
1162 5585 1394 5666 eodem.

1889 5083 1974 5130 tur
1997 5090 2117 5130 cum
2140 5091 2237 5147 pro
2259 5078 2465 5135 cmlesti
2495 5083 2556 5137 tit
2580 5093 2811 5138 terrena.

1953 5339 2064 5406 (95)
2079 5343 2161 5393 Οὐ
2194 5347 2396 5401 τόπου,
2427 5352 2527 5392 etc.
2555 5341 2631 5394 Ex
2655 5339 2856 5406 eodem.

1949 5405 2057 5482 (9s)
2101 5407 2286 5482 Ταῦ-τα
2303 5409 2534 5482 πάντα,
2559 5418 2661 5460 etc.
2689 5405 2730 5457 E
2754 5407 2935 5462 codice
2961 5409 3178 5464 Coislin-
3213 5415 3408 5482 Ρνῖιυοο

1877 5486 1924 5529 et
1957 5476 2168 5528 schedis
2191 5476 2391 5538 Grabii.

1937 5543 2046 5610 (95)
2073 5542 2365 5610 Σκήνωμα
2380 5543 2482 5594 τοῦ
2513 5542 2816 5610 ὀνόματος,
2844 5552 2956 5598 etc.
2995 5547 3068 5602 Ex
3095 5547 3284 5601 eodem
3317 5568 3412 5607 co-

1868 5612 1982 5670 dice
2010 5608 2064 5662 et
2088 5611 2296 5672 schedis
2327 5608 2536 5666 Grabii.
