3884 6260
165 358 291 413 1553

1050 342 1349 398 SELECTA
1388 344 1453 399 ΙΝ
1491 344 1820 402 PSALMOS.
1853 378 1915 389 —
1956 347 2145 403 PSAL.
2182 346 2409 402 LXXIV.

3185 354 3209 409 ί
3219 356 3321 411 534

156 476 269 533 ἕως,
304 488 322 519 ι
356 468 482 534 ὃλην
509 464 607 534 τὴν
627 461 858 532 ἠμέραν.
904 481 921 512 ι
956 461 1068 514 Οὐκ
1096 458 1235 527 εἶπε,
1258 462 1355 532 τὴν
1381 462 1530 533 δίκην
1555 479 1669 533 μου,

1785 465 1850 516 ad
1896 463 2040 527 illud,
2078 481 2097 513 ι
2140 472 2248 518 tota
2300 465 2406 518 die.
2442 484 2462 516 ι
2497 464 2611 520 Νοη
2663 467 2816 532 dixit,
2873 478 3086 522 causam
3118 482 3312 536 meam,

157 561 280 616 ἀλλὰ
307 578 324 610 ι
348 558 445 626 τὴν
473 556 628 625 δίκην
667 570 780 608 σου.
807 573 847 622 ορ
897 553 1034 621 Ἐγὼ
1067 554 1166 624 μὲν
1197 554 1324 624 γὰρ,
1366 555 1516 625 φησι,
1551 554 1684 608 ἐνδί-

156 667 256 711 κως
299 645 548 714 ὑπομένω
576 642 778 695 ταῦτα·
823 644 1015 696 ἐκεῖνοι
1048 643 1104 695 δέ
1151 642 1345 705 πολλάς
1387 643 1684 713 ἐτόλμησαν

156 736 283 791 κατὰ
319 732 408 785 σοῦ
461 730 825 800 βλασφημίας.
871 731 964 791 Ei;
1010 728 1110 798 τὴν
1154 729 1261 783 τῶν
1296 730 1684 799 ἀπατησάντων

152 826 233 877 τὸν
262 822 384 874 λαὸν
411 819 679 889 τιμωρίαν
706 819 1005 888 διανίστησι
1037 821 1128 872 τὸν
1164 819 1312 872 Θεὸν.
1365 819 1434 870 Ἦ
1474 818 1567 870 καὶ
1601 817 1685 870 οῦ-

151 926 266 972 τως’
308 907 588 977 Μνήσθητι
630 907 731 975 τῆς
791 906 1060 977 συνθήκης
1125 924 1217 960 σου
1252 907 1431 969 αὐτοῖς
1468 904 1557 959 διά
1589 904 1682 957 τοῦ

150 995 366 1067 Χριστοῦ
401 994 797 1064 δεδωρημένης.
833 997 896 1047 El.
924 996 1031 1065 γὰρ
1058 996 1149 1048 καὶ
1180 994 1248 1048 τά
1274 996 1503 1065 μάλιστα
1526 994 1683 1062 γεγόο

148 1086 259 1138 νασί
285 1100 422 1145 τινες
441 1083 815 1152 ἐσκοτισμένοι
838 1084 933 1154 τὴν
955 1085 1206 1147 διάνοιαν,
1252 1085 1343 1137 καὶ
1381 1085 1542 1138 οίκων
1563 1084 1683 1136 ἀνο-

149 1170 290 1239 μιῶν-
322 1168 740 1239 πεπληρωμένοι
785 1174 833 1223 οἱ
860 1172 933 1242 μὴ
970 1171 1380 1242 καταδεξάμενοι
1423 1171 1512 1224 τὸν
1548 1172 1680 1240 Χρι-

148 1258 257 1309 στόν
284 1273 395 1319 σου,
429 1256 564 1309 ἀλλὰ
598 1258 663 1310 σύ
700 1276 761 1326 γε
789 1260 864 1323 ὡς
899 1260 1029 1322 Θεὸς
1057 1259 1162 1313 τῶν
1196 1261 1302 1312 σῶν
1343 1257 1568 1328 πτωχῶν
1607 1258 1680 1328 μὴ

145 1347 481 1416 ἀποστραφῇς
524 1348 624 1408 τὰς
659 1348 885 1410 ἱκεσίας.
932 1348 1144 1417 Ἐπειδὴ
1187 1348 1286 1416 οὐχ
1318 1350 1474 1416 ἡμεῖς
1503 1347 1682 1416 115m;-

146 1432 290 1499 μεθα,
319 1435 452 1487 άλλά
477 1435 670 1505 σὺ,(σέ
711 1436 815 1505 γάρ
834 1436 1101 1490 ὠνείδισεν
1123 1438 1151 1489 ὁ
1178 1436 1389 1506 ἐχθρὸς,
1430 1437 1524 1488 καὶ
1554 1433 1680 1496 λαὸς

144 1523 317 1591 ἄφρων
350 1524 638 1595 παρώξυνε
658 1543 673 1556 ⁸
698 1527 717 1595 )
746 1526 931 1579 τούτου
962 1527 1119 1597 χάριν
1162 1525 1450 1595 «ἀνάστηθι
1489 1525 1582 1577 καὶ
1603 1523 1678 1577 δί-

142 1624 296 1660 κασον
322 1610 421 1679 τὴν
442 1610 598 1679 δίκην
628 1628 743 1665 σου.
792 1633 813 1664 ι

210 1697 313 1749 Τοῦ
363 1699 569 1752 αὐτοῦ.
623 1700 736 1754 Νῦν
777 1701 982 1771 ἄφρονα
1024 1700 1099 1770 (6)
1148 1700 1237 1753 τὸν
1280 1698 1518 1752 διάϐολον
1567 1697 1680 1748 ὀνο-

147 1784 313 1852 μάζει.

690 1965 975 2019 ΨΑΛΜΟΣ
1010 1968 1123 2017 OA'.

198 2050 299 2113 Εις
333 2050 397 2102 τὸ
421 2051 620 2117 τέλος,
642 2053 728 2121 μὴ
747 2054 1101 2122 διαφθείρῃς,
1142 2052 1381 2122 ψαλμὸς
1420 2050 1576 2119 ᾠδῆς
1597 2048 1676 2113 τῷ

148 2135 334 2203 Ἀσὰςρ,
363 2155 418 2190 κ.
444 2156 496 2190 τ.
530 2141 578 2193 ἐ.
605 2141 912 2210 Γέγραπται
941 2144 996 2195 ἐν
1019 2145 1085 2212 τῇ
1115 2140 1299 2212 πρώτῃ
1333 2140 1408 2211 (7)
1432 2140 1537 2193 τῶν
1565 2140 1669 2191 Βα-

139 2223 356 2276 σιλειῶν·
385 2243 405 2274 ε
440 2226 552 2277 Καὶ
576 2221 696 2279 εἷπε
720 2227 877 2279 Δαυῒδ
907 2228 1039 2296 πρὸς
1076 2227 1306 2280 Ἀὅεσαϊ·
1334 2226 1423 2296 Μὴ
1441 2226 1675 2294 διαφθεί-

138 2327 225 2382 ρῃς
254 2313 439 2379 αὐτὸν,
480 2333 500 2366 ι
534 2315 772 2385 δηλονότι
816 2317 904 2369 τὸν
931 2317 1115 2369 Σαούλο
1153 2317 1294 2387 άπερ
1327 2318 1428 2386 ὅρα
1465 2318 1512 2369 εἰ
1545 2317 1674 2387 χρή-

138 2403 260 2469 σιμά
286 2405 404 2455 ἐστι
434 2404 576 2472 πρὸς
599 2405 698 2474 τὴν
726 2408 1046 2476 ἐπιγραφήν.

210 2489 794 2560 Ἐξομολογησόμεθά
825 2508 942 2559 σοι,
975 2499 1008 2548 ό
1040 2496 1201 2561 Θεὸς,
1245 2496 1673 2565 ἐξομολογησῶ

134 2580 288 2640 μεθα,
312 2579 409 2630 καὶ
452 2579 928 2648 ἐπικαλεσάμεθα
966 2582 1032 2636 τὸ
1071 2583 1253 2651 ὄνομά
1285 2600 1420 2647 σου,
1451 2601 1504 2637 κ.
1537 2602 1586 2637 τ.
1622 2585 1669 2636 ἐ.

148 2658 205 2710 Ἥ
237 2664 290 2713 ἐν
313 2664 536 2733 Χριστῷ
565 2666 642 2735 (8)
698 2666 985 2738 Ἐκκλησία
1007 2671 1129 2732 τοὺς
1157 2671 1249 2723 δύο
1277 2672 1485 2740 στίχους
1505 2671 1667 2739 λέγει.

200 2749 557 2819 Διηγήσομαι
619 2754 811 2808 πάντα
862 2757 932 2811 τὰ
976 2758 1270 2825 θαυμάσιά
1322 2775 1455 2813 σου.
1501 2748 1672 2813 Ὅταν

135 2834 280 2888 λάϐω
319 2842 548 2906 καιρὸν,
577 2861 630 2896 κ.
660 2862 712 2897 τ.
754 2847 799 2897 ἐ.
861 2846 918 2897 'U
964 2846 1251 2916 Σύμμαχος
1300 2848 1392 2917 (9)·
1442 2866 1461 2899 ι
1506 2850 1670 2901 Ὅταν

135 2920 268 2975 λάϐω
290 2926 389 2996 τὴν
417 2934 757 3002 συναγωγήν.
793 2952 811 2983 ι
846 2933 1027 2997 Ὅταν,
1050 2936 1232 3003 φησὶν,
1266 2935 1661 3004 ἐπανέλθωμεν,

138 3011 219 3061 καὶ
241 3013 318 3075 είς
341 3015 432 3068 τὸν
465 3019 609 3088 ἱερόν
646 3038 739 3073 σου
776 3022 1238 3092 συναθροισθῶμεν
1264 3024 1409 3087 ναὸν,
1445 3025 1564 3077 τότε
1609 3042 1666 3077 σε

135 3099 353 3170 ἐννόμως
392 3107 730 3180 ὑμνήσομενο
775 3114 865 3165 καὶ
902 3113 999 3175 τὰς
1046 3116 1143 3177 σὰς
1188 3116 1502 3183 εὐεργεσίας
1544 3116 1668 3178 τοὺς

1785 553 1878 606 sed
1906 571 1926 604 ι
1962 567 2175 607 causam
2210 562 2374 608 tuam.
2405 572 2424 603 ι
2461 555 2569 623 Ego
2591 556 2758 622 enim,
2806 557 2997 625 inquit,
3026 554 3170 622 iuste
3199 557 3314 613 haec

1783 640 2053 707 sustineo;
2082 641 2153 694 illi
2187 655 2312 695 vero
2339 642 2535 697 multas
2579 652 2764 697 contra
2816 653 2865 698 te
2888 645 3003 698 ausi
3042 654 3165 701 sunt
3190 660 3315 713 pro-

1782 725 1922 781 ferre
1946 728 2323 797 blaSphemias.
2351 730 2429 783 Ad
2463 730 2783 798 supplicium
2807 746 2990 785 eorum
3024 740 3113 802 qui
3144 747 3310 800 popu-

1782 815 1890 872 lum
1946 810 2288 885 d‘eceperunt,
2350 818 2514 873 Deum
2563 821 2783 874 excitat.
2844 821 2938 874 Vel
2986 823 3147 875 etiam
3181 823 3309 876 sic:

1782 903 1985 958 Memor
2007 914 2123 959 esto
2170 907 2475 961 testamenti
2510 909 2582 961 tui
2619 909 2761 976 quod
2804 909 2882 962 eis
2913 924 3005 976 per
3040 910 3310 964 Christum

1781 991 1962 1045 datum
1994 1003 2096 1047 est.
2128 994 2239 1048 Etsi
2270 994 2411 1047 enim
2453 996 2695 1049 nonnulli
2744 1005 2921 1050 mente
2954 1005 3078 1049 sunt
3131 997 3311 1049 admo-

1780 1077 1904 1131 dum
1959 1081 2261 1144 obscurati,
2331 1090 2386 1136 et
2427 1081 2672 1136 domibus
2741 1083 3077 1150 iniquitatum
3127 1082 3310 1149 repleti

1780 1174 1926 1229 sunt,
1955 1168 2044 1235 qui
2072 1166 2344 1222 Christum
2391 1183 2495 1223 non
2552 1164 2897 1237 receperunt,
2942 1180 3310 1229 verumtamen

1782 1260 1835 1305 tu
1862 1261 1920 1305 ut
1946 1253 2084 1307 Deus
2106 1267 2400 1322 pauperum
2438 1262 2647 1308 tuorum
2696 1269 2880 1320 preces
2912 1271 2978 1308 ne
3028 1255 3310 1323 despicias.

1779 1339 2038 1405 Quoniam
2086 1356 2192 1395 non
2249 1356 2348 1396 nos
2393 1340 2584 1409 injuria
2618 1341 2796 1398 aﬂ'ecti
2844 1358 3059 1408 sumus,
3108 1346 3201 1397 sed
3256 1353 3312 1396 tu

1778 1429 1897 1498 (tibi
1927 1429 2067 1481 enim
2100 1429 2482 1497 improperavit
2513 1430 2783 1499 inimicus,
2817 1442 2872 1485 et
2896 1440 2947 1485 te
2977 1432 3202 1501 populus
3231 1433 3314 1485 in-

1776 1517 1976 1583 sipiens
1997 1517 2386 1586 exacerbavit),
2418 1528 2700 1588 propterea
2734 1537 2755 1571 t
2795 1533 3026 1589 exsurge
3054 1529 3104 1575 ct
3133 1520 3311 1588 iudica

1777 1620 1989 1661 causam
2015 1616 2179 1661 tuam.
2212 1624 2233 1659 ι

1846 1693 2118 1762 Ejusdem.
2146 1695 2491 1764 lnsipientem
2541 1695 2644 1750 hoc
2684 1694 2805 1751 loco
2833 1695 3100 1751 diabolum
3131 1705 3305 1750 vocat.

2252 1952 2567 2009 PSALMUS
2601 1953 2831 2012 LXXIV.

1841 2045 2002 2100 Vens.
2038 2045 2087 2097 ‘l.
2123 2043 2190 2097 In
2211 2044 2386 2112 ﬁnem,
2414 2061 2476 2097 ne
2506 2060 2825 2114 corrumpas,
2868 2051 3093 2113 psalmus
3122 2051 3308 2102 cantici

1772 2135 1966 2203 Asaph,
2016 2142 2123 2188 etc.
2155 2133 2420 2202 Scriptum
2476 2135 2648 2188 estin
2698 2135 2830 2188 libro
2881 2137 3052 2205 primo
3099 2137 3317 2206 “6800-.

1772 2241 1890 2280 rum
1915 2225 1960 2257 “
1990 2240 2005 2277 :
2039 2241 2058 2275 ι
2090 2224 2154 2276 Et
2179 2224 2315 2278 dixit
2361 2223 2526 2279 David
2569 2226 2634 2278 ad
2679 2226 2882 2292 Abisai,
2918 2226 2994 2281 Ne
3032 2227 3307 2296 disperdas

1771 2316 1939 2380 illum,
1968 2333 1990 2368 ι
2027 2314 2272 2370 videlicet
2332 2313 2477 2370 Saul.
2536 2317 2664 2382 Qua:
2688 2316 2807 2372 vide
2859 2331 2925 2369 an
2951 2317 3075 2371 huic
3117 2317 3311 2372 inscri-

1773 2405 1936 2471 ptioni
1971 2404 2119 2458 utilia
2144 2404 2274 2459 sint.

1845 2495 2000 2549 Vens.
2033 2494 2086 2546 2.
2112 2493 2482 2563 Conﬁtebimur
2507 2493 2620 2559 tibi,
2655 2493 2813 2560 Deus,
2854 2494 3228 2561 conﬁtebimur,
3255 2506 3306 2549 et

1769 2584 2115 2638 inuocabimus
2152 2599 2333 2636 nomen
2363 2592 2530 2647 tuum,
2559 2591 2665 2636 etc.
2714 2581 2822 2637 llos
2850 2585 2983 2637 duos
3013 2585 3305 2639 versiculos

1768 2673 1974 2743 profert
1996 2688 2115 2741 qua:
2148 2673 2201 2726 in
2232 2671 2443 2728 Christo
2465 2680 2545 2726 est
2573 2672 2832 2726 Ecclesia.

1840 2761 1999 2814 Vens.
2024 2763 2077 2814 5.
2111 2759 2354 2813 Narrabo
2381 2759 2553 2812 omnia
2582 2758 2842 2811 mirabilia
2866 2768 2979 2813 tua.
3005 2760 3134 2813 Cum
3153 2777 3304 2814 acce-

1767 2864 1890 2914 pero
1949 2859 2165 2916 tempus,
2213 2856 2317 2902 etc.
2375 2846 2726 2916 Symmachus
2759 2865 2772 2901 :
2807 2866 2825 2899 ι
2854 2849 2984 2903 Cum
3045 2863 3303 2918 accepero

1768 2934 2253 3006 congregationem.
2292 2955 2311 2988 ι
2338 2936 2492 2999 Cum,
2537 2936 2730 3003 inquit,
2764 2939 2962 2992 reversi
3024 2937 3300 3004 fuerimus,

1767 3032 1822 3080 et
1848 3026 1900 3079 in
1926 3034 2112 3080 sancto
2140 3027 2336 3094 templo
2368 3034 2457 3078 tuo
2502 3026 2809 3094 congregati
2852 3026 3131 3088 fuerimus,
3176 3016 3305 3080 tunc

1769 3122 1821 3167 te
1854 3114 2089 3181 legitime
2111 3114 2535 3179 celebrabimus,
2570 3123 2623 3168 et
2663 3129 2756 3169 eos
2802 3115 2889 3181 qui
2924 3114 3179 3168 beneﬁcia
3216 3123 3302 3167 tua

135 3187 440 3258 ἀγνοοῦντας
487 3199 797 3270 διδάξομεν⁸
839 3203 1040 3264 ἐκεῖνος
1085 3204 1189 3273 γὰρ
1236 3205 1363 3272 ἡμῖν
1412 3207 1440 3255 ὁ
1484 3208 1668 3277 καιρὸς

1782 3203 2038 3270 ignorant,
2066 3203 2373 3257 docebimus
2405 3221 2419 3255 :
2457 3218 2578 3256 nam
2637 3203 2767 3256 illud
2801 3201 2978 3257 facere
3024 3202 3181 3256 nobis
3209 3202 3304 3271 per

133 3278 273 3332 τοῦτο
301 3289 472 3339 ποιεῖν
502 3289 806 3358 ἐπιτρέψει.
828 3288 1008 3350 Οὕτως
1029 3290 1064 3342 ἃ
1086 3290 1249 3359 ἐχρῆν
1269 3293 1391 3353 τοὺς
1419 3292 1476 3345 ἐν
1499 3293 1670 3344 Βαϐυ-

132 3360 246 3419 λῶνι
267 3368 634 3440 δορυαλώτους
654 3374 886 3438 διδάξας,
918 3376 1255 3428 ὑποδείκνυσι
1274 3379 1365 3431 τὸν
1387 3378 1516 3431 θεὸν
1536 3380 1670 3448 πρὸς

131 3452 217 3514 τὰς
242 3462 612 3530 γεγενημένας
641 3463 964 3530 ἐπαγγελίας
1002 3465 1430 3534 ἀποκρουόμενον
1467 3468 1559 3518 καὶ
1586 3466 1669 3518 λέ-

130 3555 304 3604 γονταο
342 3565 361 3597 ι
413 3549 556 3617 Ἐγὼ
595 3550 889 3618 εύθύτητας
919 3550 1105 3620 κρινῶ.
1133 3570 1151 3601 ι
1178 3552 1318 3620 Ὅρα
1333 3552 1505 3605 τοίνυν
1522 3555 1569 3605 εί
1595 3554 1667 3624 μὴ

128 3624 203 3680 διὰ
221 3634 417 3709 τούτων
431 3640 461 3689 ὁ
475 3640 631 3708 Σωτὴ
638 3656 670 3709 ρ
682 3639 779 3701 τὰς
800 3639 1000 3701 οἰκείας
1021 3639 1291 3708 ἐνεργείας
1300 3639 1550 3703 διδάσκει,
1572 3643 1667 3712 τὴν

126 3718 207 3769 τοῦ
225 3723 428 3794 Πατρὸς
442 3728 656 3792 διεξιὼν
671 3729 959 3795 θεολογίαν.
974 3728 1109 3797 Φησὶ
1124 3726 1268 3794 γοῦν·
1294 3746 1311 3778 ι
1338 3731 1667 3799 Διηγήσομαι

126 3804 185 3857 τὰ
226 3808 497 3881 θαυμάσιά
533 3833 651 3881 σου,
687 3819 715 3869 ὁ
752 3816 901 3880 Θεὸς,
941 3817 1067 3868 ὅταν
1096 3815 1246 3868 λάϐω
1290 3817 1387 3887 τὴν
1428 3835 1667 3886 συναγω-

126 3896 236 3963 γήν
282 3918 300 3948 ι
349 3903 743 3971 ἐπαγγέλλεται
777 3905 905 3975 γὰρ,
947 3906 1137 3975 καιροῦ
1178 3908 1473 3977 ἐπιτηδείου
1514 3909 1666 3961 λαϐό-

128 3998 291 4048 μενος,
320 3992 497 4046 πάντα
542 3996 610 4048 τὰ
647 3994 891 4063 θαύματα
918 3996 1010 4048 τοῦ
1054 3998 1262 4066 Πατρὸς
1287 3998 1660 4068 διηγήσασθαι.

124 4073 460 4149 Δικαιοσύνης
507 4084 565 4136 δὲ
613 4084 707 4137 καὶ
745 4084 1030 4152 εὐθύτητος
1068 4084 1221 4154 ἔργον
1267 4086 1326 4137 τὸ
1371 4091 1443 4155 μὴ
1476 4087 1665 4155 μόνους

135 4159 402 4232 Ἰουδαίους
441 4172 783 4241 προσίεσθαι,
815 4171 927 4223 ἀλλ’
968 4173 1026 4237 ἐξ
1066 4174 1309 4226 ἁπάντων
1349 4173 1515 4227 ἐθνῶν
1566 4177 1662 4245 τὴν

124 4245 333 4323 ἐκλογὴν
367 4264 640 4327 ποιεῖσθαι
665 4261 774 4314 τῶν
803 4260 1137 4330 σωζομένων.

197 4338 401 4411 Ἐτάκη
430 4348 470 4413 ἡ
506 4347 584 4417 γῆ
625 4347 722 4401 καὶ
750 4346 967 4411 πάντες
996 4352 1049 4400 οὶ
1091 4350 1500 4414 κατοικοῦντες
1553 4352 1659 4404 αὐ·-

1773 3300 1978 3359 tempus
2001 3291 2204 3345 licebit.
2233 3291 2323 3345 Sic
2346 3301 2628 3360 postquam
2659 3306 2752 3346 eos
2781 3292 2870 3359 qui
2925 3292 2977 3344 in
3012 3291 3301 3359 Babylonia

1769 3380 1959 3446 captivi
2015 3387 2184 3443 erant,
2234 3381 2414 3433 docuit
2461 3382 2618 3451 767
2663 3396 2779 3448 quae
2831 3380 3067 3433 docenda
3120 3388 3299 3446 erant,

1767 3467 2065 3520 subindicat
2098 3468 2259 3521 Deum
2293 3468 2461 3522 factas
2513 3469 2894 3536 promissiones
2932 3466 3299 3533 repellentem,

1766 3560 1822 3606 et
1857 3553 2122 3608 dicentem
2152 3571 2164 3605 :
2198 3572 2216 3605 ι
2250 3554 2615 3622 Egojustitias
2646 3554 2920 3620 iudicabo.
2961 3573 2980 3606 ι
3014 3553 3145 3608 Vide
3173 3569 3300 3623 ergo

1767 3658 1946 3697 annon
1981 3658 2075 3712 per
2100 3645 2212 3699 haec
2264 3644 2508 3697 Salvator
2534 3644 2775 3711 proprias
2822 3643 3160 3710 operatioues
3206 3644 3300 3697 do-

1765 3742 1884 3787 ceat
1912 3734 2034 3786 dum
2063 3734 2126 3787 de
2149 3733 2308 3786 Patre
2335 3734 2449 3785 I'usc
2481 3731 2710 3785 disserit.
2739 3731 2827 3783 Ait
2878 3732 3037 3799 igitur
3067 3748 3082 3785 :
3118 3749 3137 3782 ι
3167 3732 3298 3785 Nar-

1766 3824 1895 3876 rabo
1923 3823 2185 3875 mirabilia
2230 3832 2341 3886 tua,
2377 3823 2537 3883 Deus,
2591 3836 2710 3876 cum
2763 3835 3021 3888 accepero
3072 3835 3300 3891 synago-

1764 3927 1905 3981 gam.
1943 3930 1962 3962 ι
1997 3910 2286 3965 Pnllicetur
2332 3910 2471 3963 enim
2514 3925 2574 3965 se
2612 3911 2665 3964 in
2708 3919 2947 3979 tempore
2995 3919 3297 3978 Opportuuo

1762 4001 1938 4054 omnia
1986 3999 2164 4053 Patris
2188 3998 2445 4052 mirabilia
2474 4009 2834 4054 narraturum.
2875 3997 3101 4051 Iustitia:
3147 4012 3298 4051 nam-

1763 4104 1865 4159 que
1910 4099 1965 4144 et
2002 4090 2331 4144 rectitudinis
2370 4104 2505 4157 opus
2547 4100 2651 4153 est,
2705 4104 2808 4143 non
2865 4086 3073 4141 Judatos
3123 4087 3293 4141 solum

1762 4179 2063 4243 admittere,
2098 4178 2192 4232 sed
2221 4162 2471 4235 omnibus
2515 4194 2581 4233 ex
2630 4179 2873 4248 gentibus
2917 4176 3292 4231 salvandorum

1760 4266 2067 4321 electionem
2100 4268 2304 4323 facere.

1834 4358 1989 4411 Vens.
2023 4358 2077 4411 4.
2123 4357 2428 4428 Liquefacm
2468 4370 2541 4411 est
2583 4366 2721 4411 terra
2749 4366 2797 4409 et
2830 4373 3000 4410 omnes
3025 4358 3112 4425 qui
3143 4356 3293 4408 habi-

122 4426 243 4527 ξῆν,
275 4448 328 4484 κ.
356 4451 407 4486 τ.
439 4435 485 4488 ἐ.
519 4437 628 4505 Γῆν
661 4435 806 4501 λέγει
835 4434 942 4503 (10)
972 4435 1069 4505 τὴν
1103 4435 1259 4503 φύσιν
1296 4435 1391 4505 τὴν
1421 4437 1656 4507 λογικὴν,

1783 4454 1874 4498 ant
1895 4448 1949 4498 in
1975 4461 2057 4510 ea,
2093 4455 2196 4501 etc.
2225 4447 2444 4498 Terram
2467 4447 2598 4500 dicit
2621 4455 2863 4498 naturam
2900 4445 3291 4508 rationabilem,

120 4512 228 4603 ητις
255 4519 420 4593 ἐτάκη
445 4526 554 4576 ἀπὸ
582 4523 749 4593 πυρὸς
777 4522 868 4575 τοῦ
899 4518 1258 4593 πνευματικοῦ
1278 4524 1306 4576 ὃ
1325 4522 1453 4595 ἦλθε
1481 4525 1656 4594 βαλεῖν

1782 4550 1878 4603 [uae
1906 4533 2187 4603 liquefacta
2216 4543 2300 4588 cst
2326 4536 2391 4588 ab
2421 4535 2542 4601 igne
2575 4533 2825 4602 spiritali,
2858 4548 3014 4601 quem
3045 4533 3292 4586 Salvator

120 4601 145 4650 ὁ
175 4605 352 4679 Σωτὴρ
380 4613 472 4664 ἐπὶ
500 4614 602 4682 τῆς
631 4612 753 4679 γῆς.
789 4610 949 4680 Τῆξις
971 4612 1027 4665 δέ
1049 4614 1161 4663 ἐστι
1186 4614 1453 4683 χωρισμὸς
1482 4614 1656 4683 ψυχῆς

119 4686 216 4741 ἀπὸ
241 4698 467 4760 κακίας·
519 4701 631 4770 πῦρ
669 4699 726 4751 δέ
764 4701 876 4752 ἐστι
921 4701 1103 4770 νοητὸν
1145 4700 1452 4754 διδασκαλία
1497 4718 1653 4779 πνευέ

122 4782 310 4915 μῖιτικὴ
339 4786 431 4839 τοῦ
464 4789 717 4859 Σωτῆρος
734 4826 750 4850 ,
784 4788 1048 4859 φθαρτικὴ
1093 4788 1287 4851 κακίας
1338 4791 1430 4842 καὶ
1479 4790 1651 4857 ἀγνω-

120 4880 149 4914 σ
170 4883 247 4918 ας.

205 4902 247 4929 5.

192 4956 324 5025 Ἐγὼ
368 4964 704 5032 ἐστερέωσα
744 4967 883 5034 τοὺς
909 4950 1171 5033 στύλους
1197 4970 1400 5039 αὐτῆς,
1433 4990 1486 5025 κ.
1514 4990 1565 5025 τ.
1597 4974 1645 5029 ἐ.

123 5058 140 5090 ι
165 5044 266 5098 Καὶ
294 5052 509 5118 γνόντες
540 5058 649 5129 (ll)
688 5058 783 5127 τὴν
826 5059 1000 5128 χάριν,
1032 5058 1192 5125 φησὶν
1221 5061 1249 5110 ὁ
1289 5062 1602 5126 ’Δπόστολος
1628 5103 1643 5128 ,

182 5198 224 5230 ⁸⁸
247 5202 416 5274 lReg.
445 5225 591 5274 xxvi,
622 5212 674 5264 9.
745 5211 788 5244 ⁸⁷
814 5211 981 5266 Galat.
1016 5224 1079 5269 ll,
1105 5206 1156 5259 9.

283 5336 405 5413 Ζεῦν
427 5343 675 5409 ἄφρονα,
710 5351 812 5413 etc.
836 5345 875 5398 E
891 5342 1079 5413 codice
1098 5340 1429 5413 Coisliniano
1447 5348 1635 5413 primo.

142 5464 150 5473 .
187 5403 256 5479 (7)
286 5403 611 5475 Γέγραπται
637 5413 706 5462 ἐν
726 5410 798 5478 τῇ
821 5410 1035 5478 πρώτῃ,
1062 5417 1165 5460 etc.
1193 5407 1236 5460 Ε
1272 5403 1459 5467 codice
1483 5415 1635 5473 Cois-

123 5462 308 5522 liniano
345 5462 599 5531 sc'cundo.

188 5536 257 5610 ἓξ)
293 5540 352 5610 Ἡ
383 5543 448 5593 ἐν
472 5544 714 5610 Χριστῷ,
749 5554 846 5599 etc.
881 5545 950 5596 Ex
985 5538 1195 5610 eodem.

188 5602 258 5672 (9)
300 5606 350 5659 ὀ
384 5602 818 5680 Σύμὶιαχοξίοιρ.
846 5613 920 5665 Ex
941 5606 1152 5662 eodem.

1758 4624 1905 4677 venit
1959 4625 2170 4679 mittere
2230 4626 2280 4678 in
2328 4632 2545 4678 terram.
2603 4623 2937 4691 Liquel‘actio
2990 4631 3163 4676 autem
3208 4633 3292 4676 est

1759 4713 2028 4779 separatio
2066 4714 2259 4767 animm
2287 4730 2315 4766 a
2347 4714 2578 4778 malitia;
2618 4713 2762 4781 ignis
2793 4727 2921 4766 vero
2953 4692 3294 4765 intellectua:

1757 4802 1843 4866 lis,
1878 4800 2172 4856 Salvatoris
2200 4805 2439 4858 doctrina
2462 4813 2545 4858 est
2582 4802 2859 4871 spiritalis,
2882 4816 2999 4870 quae
3026 4803 3286 4856 malitiam

1754 4900 1807 4945 et
1833 4892 2093 4946 inscitiam
2120 4894 2393 4961 dispertiit.

1821 4979 1949 5034 leto.
1996 4979 2106 5049 Ego
2149 4982 2449 5048 conﬁrmavi
2497 4984 2761 5037 columnas
2810 4981 2940 5047 ejus,
2995 4988 3099 5031 etc.
3174 4997 3192 5027 ι
3223 4980 3288 5030 Et

1752 5081 1873 5120 cum
1922 5070 2315 5136 cognovissent,
2370 5072 2541 5141 inquit
2590 5068 2873 5137 Apostolus
2933 5065 3001 5127 ",
3054 5065 3285 5129 gratiam

1816 5358 1925 5426 (10)
1956 5358 2086 5425 Γῆν
2106 5360 2286 5427 λέγει,
2325 5366 2428 5413 etc.
2448 5357 2523 5410 Ex
2548 5352 2737 5408 eodem
2765 5347 2948 5401 codice
2977 5354 3031 5398 et
3066 5344 3296 5401 scbcdis

1744 5423 1941 5480 Grabii.

1816 5478 1925 5564 (ll)
1952 5498 2059 5548 Καὶ
2100 5497 2355 5564 γνόντες,
2391 5501 2492 5549 etc.
2519 5490 2561 5544 E
2588 5484 2773 5542 codice
2813 5480 3034 5536 Coislin.
3079 5478 3304 5545 primo,

1746 5571 1800 5620 et
1825 5563 2036 5619 Schedis
2063 5563 2271 5618 Grabii.
