3884 6246
177 313 325 370 155⁸1

1093 305 1393 363 SELECTA
1432 307 1494 359 ΞΝ
1533 303 1860 361 PSALMOS.
1891 336 1959 348 -—
1989 305 2182 363 PSAL.
2222 306 2449 365 LXXVI.

3202 311 3340 372 £538

170 424 333 484 τῶν.
363 440 417 476 κ.
455 439 506 476 τ.
557 423 601 474 ἐ.
641 422 715 474 Δι’
749 421 777 473 δ
813 420 989 484 καλῶς
1037 420 1145 491 (18)
1198 422 1481 491 παρεγγυᾷ
1512 423 1540 472 ὁ
1572 419 1725 487 σοφὸς

1831 419 2165 489 Quapropter
2228 420 2448 487 pulchre
2517 422 2722 486 sapiens
2768 421 3016 477 Salomon
3080 421 3340 492 hortatur,

171 509 462 580 Σολομὼν,
495 528 513 560 ι
537 509 628 579 Μὴ
648 509 749 577 δι’ῥς
771 509 950 573 ὕπνον,
979 509 1166 577 λέγων,
1203 513 1311 571 σοῖς
1340 510 1562 579 ὄμμασι,
1605 510 1722 579 μηδ’

170 598 543 669 ὲπινυστάξῃς
569 601 678 660 σοῖς
712 598 1018 668 βλεφάροις,
1047 598 1132 651 ἵνα
1158 598 1300 668 σώζῃ
1325 597 1506 668 ὥσπερ
1530 596 1722 667 δορκὰς

169 688 239 737 ὲκ
268 684 503 756 βρόχων,
536 686 629 737 καὶ
654 685 839 755 ὥσπερ
862 686 1041 754 ὄρνεον
1068 687 1131 737 ὲκ
1168 686 1400 751 παγίδος.
1428 705 1446 736 ι

249 775 368 827 Τοῦ
397 775 602 828 αὑτοῦ.
633 774 819 836 Οὕτως
834 775 1018 844 ἄνδρες
1049 775 1272 827 πλούτου
1295 775 1423 845 (19),
1441 775 1513 837 ὼς
1541 775 1722 844 ἄνδρες

167 861 449 928 αἱμάτων*
491 863 538 912 0i
583 861 690 928 γὰρ
740 861 949 930 ἔχοντες
987 859 1056 912 τὰ
1100 862 1241 931 πάθη
1293 861 1496 930 ἄνδρες,
1525 860 1721 914 τούτων

167 947 284 1000 τῶν
317 948 509 1001 παθῶν
542 949 906 1017 ὀνομάζονται.

255 1034 639 1096 Ἐνὺσταξαν
669 1038 720 1087 οἱ
763 1035 1167 1100 ἐπιϐεϐηκότες
1203 1033 1342 1098 τοὺς
1374 1034 1621 1099 ἵππους,
1663 1052 1715 1087 κ.

163 1141 217 1177 τ.
259 1125 310 1175 ἐ.
361 1125 424 1175 Ol
467 1123 714 1191 δαίμονες
773 1120 881 1191 (20)
941 1122 1342 1185 ἐπικαθέζονται
1389 1124 1570 1185 ἵπποις
1630 1124 1721 1176 καὶ

163 1211 451 1279 ἡμιόνοις,
479 1204 559 1271 οἷς
581 1209 678 1260 ούκ
703 1208 815 1260 ἐστι
856 1209 1084 1272 σύνεσις,
1122 1209 1509 1276 ἀναγκάζοντες
1532 1210 1720 1271 αὐτοὺς

164 1296 237 1348 τὰ
268 1297 387 1348 τῶν
422 1296 627 1363 ἀλόγων
660 1295 809 1357 ζώων
836 1299 1088 1365 ἐνεργεῖν.
1113 1295 1294 1348 Ἶπποι
1324 1297 1377 1347 δὲ
1402 1297 1492 1349 καὶ
1515 1296 1725 1365 ἡμίονοι

164 1383 461 1450 ἄνθρωποί
487 1386 621 1435 εἰσιν
657 1384 935 1451 ἐμπαθεῖς,
964 1387 1047 1452 ἐφ’
1073 1384 1108 1437 ἃ
1148 1386 1220 1454 μὴ
1256 1384 1353 1446 δεῖ,
1394 1384 1598 1450 ἀλόγως
1630 1401 1723 1451 φε-

166 1474 444 1541 ρόμενοι,
476 1472 569 1524 καὶ
617 1473 1020 1541 χρεμετίζοντες
1068 1475 1158 1527 ἐπὶ
1204 1475 1320 1535 ταῖς
1363 1474 1573 1540 γυναιξὶ
1617 1473 1720 1526 τῶν

164 1558 281 1627 πλη
292 1558 435 1612 σίον.

236 1645 487 1711 Πάντες
521 1651 575 1701 ot
612 1649 809 1714 κύκλῳ
840 1649 1019 1701 αὑτοῦ
1058 1649 1290 1700 οἴσουσι
1326 1646 1479 1713 δῶρα
1517 1644 1597 1710 τῷ
1622 1663 1724 1714 ερο-

1827 510 2008 564 dicens
2029 506 2072 541 "
2099 526 2111 561 :
2142 525 2161 558 ι
2191 507 2265 562 Ne
2305 508 2512 561 dederis
2540 522 2777 563 somnum
2817 510 2984 564 oculis
3021 512 3125 565 tuis
3156 520 3209 564 et
3234 513 3336 581 pal-

1826 599 2003 665 pebris
2021 597 2122 650 tuis
2143 597 2597 661 dormitationem,
2622 611 2679 652 ut
2708 600 2926 656 salveris
2952 604 3102 671 quasi
3134 606 3343 659 damula

1824 684 1889 738 de
1912 685 2114 753 laqueis
2136 695 2187 740 et
2213 686 2363 753 quasi
2409 686 2526 739 avis
2548 701 2610 738 ex
2637 688 2895 755 decipulo.
2932 708 2952 740 ι

1893 771 2160 839 Ejusdem.
2201 772 2275 825 Ita
2306 773 2407 825 viri
2441 772 2787 839 divitiarum,
2833 776 2971 830 sicut
2997 778 3096 831 viri
3130 781 3343 846 sangui-

1824 872 1948 910 num
1982 874 1995 911 :
2033 874 2153 913 nam
2180 860 2269 928 qui
2307 861 2501 914 habent
2545 860 2765 916 allectus
2789 901 2804 927 ,
2861 865 2963 917 viri
2996 865 3183 921 horum
3217 869 3343 921 affe-

1758 996 1759 1001 η
1821 955 1998 1000 ctuum
2028 948 2384 1001 nominantur.

1890 1031 2051 1088 Vens.
2079 1035 2129 1086 7.
2157 1034 2567 1088 Dormitareruut
2591 1036 2676 1104 qui
2696 1039 3025 1091 ascenderunt
3042 1056 3214 1108 equos,
3237 1052 3339 1098 etc.

1823 1122 2097 1177 Daemones
2126 1124 2357 1177 insident
2386 1127 2535 1191 equis
2578 1135 2633 1178 et
2676 1127 2832 1179 mulis
2857 1166 2869 1189 ,
2917 1130 3107 1195 quibus
3138 1139 3345 1184 nonest

1823 1208 2136 1271 intellectus,
2160 1209 2279 1262 dum
2310 1211 2449 1277 ipsos
2485 1222 2677 1279 cogunt
2706 1214 2871 1266 instar
2902 1214 3344 1269 irrationabilium

1823 1298 2125 1350 animalium
2155 1300 2385 1365 Operari.
2446 1300 2575 1366 Equi
2621 1312 2795 1353 autem
2839 1311 2890 1353 et
2932 1303 3055 1356 ntuli
3103 1302 3345 1358 homines

1823 1395 1945 1438 sunt
1971 1387 2161 1454 quibus
2193 1389 2373 1440 insunt
2396 1387 2638 1452 affectus,
2676 1392 2876 1459 quique
2909 1393 2972 1444 ad
3009 1407 3067 1445 en
3096 1408 3208 1459 quae
3241 1409 3342 1446 non

1821 1484 2052 1539 oportet,
2094 1465 2524 1531 irrationabiliter
2572 1479 2837 1544 feruntur,
2883 1491 2937 1534 et
2989 1483 3229 1536 hinniunt
3276 1484 3341 1537 ad

1824 1579 2016 1619 uxores
2046 1568 2272 1634 proximi
2304 1571 2407 1624 sui.

1889 1660 2049 1714 Vsus.
2088 1658 2171 1722 12,
2207 1659 2292 1712 15.
2355 1658 2542 1713 Omnes
2597 1660 2647 1710 in
2697 1659 2910 1710 circuitu
2960 1659 3071 1725 ejus
3121 1659 3339 1726 afferent

161 1734 325 1800 σερῷ
346 1773 365 1796 9
427 1736 527 1788 καὶ
583 1736 984 1804 ἀφαιρουμένῳ
1040 1738 1337 1803 πνεύματα
1387 1735 1684 1802 ἀρχόντων
1708 1771 1723 1797 ,

1823 1762 2033 1797 munera
2059 1745 2294 1807 terribili,
2314 1754 2361 1797 et
2392 1747 2437 1799 ei
2459 1745 2730 1813 quiaufert
2762 1745 2995 1809 spiritum
3024 1746 3337 1811 principum.

161 1821 414 1888 φοϐερῷ
467 1823 623 1889 παρὰ
660 1825 781 1887 τοῖς
807 1824 1129 1885 ,βασιλεῦσι
1168 1823 1275 1889 τῆς
1318 1823 1455 1892 γῆς,
1488 1840 1542 1875 κ.
1588 1840 1637 1875 τ.
1678 1824 1723 1876 ἑ.

173 1908 541 1978 Ἀιραιρεῖται
571 1911 848 1980 πνεύματα
877 1911 983 1979 (21)
1014 1896 1280 1981 ἀρχόντων
1307 1913 1336 1963 ό
1365 1911 1587 1980 φοϐερὸς
1621 1910 1727 1963 τῶν

162 1997 457 2065 βασιλέων
488 2002 583 2068 τῆς
616 2002 731 2069 γῆς.
765 2001 982 2070 Πνεῦμα
1011 2002 1065 2053 δὲ
1096 2002 1360 2071 ἀρχόντων
1392 2001 1533 2052 ἐστὶν
1548 2002 1727 2063 ἐντοῖς

159 2088 513 2157 ἀρχομένοις
545 2090 647 2141 ὑπὸ
681 2090 784 2141 τῶν
838 2092 1100 2160 ἀρχόντων
1149 2089 1243 2141 τοῦ
1285 2089 1471 2151 αἰῶνος
1517 2089 1722 2141 τούτου.

159 2176 413 2245 Πνεῦμα
436 2178 494 2228 δὲ
520 2177 612 2228 τοῦ
641 2177 891 2247 ἄρχοντος
922 2179 1012 2231 τοῦ
1051 2179 1236 2239 αἰῶνος
1259 2178 1442 2230 τούτου
1467 2173 1534 2246 ἦν
1561 2178 1650 2229 καὶ
1672 2178 1728 2229 ὲν

171 2266 365 2335 Ἰούδᾳ
401 2266 485 2334 τῷ
508 2267 799 2336 προδιδόντι
830 2268 917 2319 τὸν
957 2267 1171 2335 Ἰησοῦν.
1205 2267 1429 2335 Φοὸερὸς
1453 2265 1507 2317 δὲ
1531 2264 1731 2326 τούτοις

157 2356 278 2415 τοϊς
326 2352 615 2420 πνεύμασι
644 2354 924 2422 γενόμενος
950 2356 978 2406 ό
1001 2353 1204 2423 Σωτὴρ,
1233 2355 1450 2423 ἀφαιρεῖ
1466 2351 1596 2404 αὐτὰ
1626 2351 1730 2404 ἀπὸ

160 2439 561 2509 ἐνεργούντων
595 2434 638 2506 ᾧ
663 2441 818 2502 αὐτὸς
844 2438 947 2493 οἶδε
979 2441 1169 2510 καιρῷ,
1204 2441 1288 2493 ἵνα
1311 2441 1729 2509 μετανοήσωσιν.

159 2527 333 2578 Οὖτω
370 2525 433 2576 δὲ
469 2525 561 2577 καὶ
599 2526 819 2593 φοϐερός
856 2527 968 2577 ἐστι
997 2526 1143 2594 παρὰ
1175 2528 1280 2586 τοῖς
1312 2523 1577 2593 βασιλεῦσι
1634 2522 1730 2590 τῆς

157 2612 292 2679 γῆς,
333 2611 479 2680 περὶ
511 2603 584 2663 ὧν
606 2611 812 2680 εἴρηται
834 2624 847 2638 ·
882 2629 900 2662 ι
933 2610 1277 2681 Παρὲστησαν
1307 2613 1356 2662 0i
1379 2609 1608 2670 ϐασιλεῖς
1632 2607 1728 2677 τῆς

157 2701 295 2770 γῆς·
344 2718 372 2751 ι

745 2873 1029 2926 ΨΛΑΜΟΣ
1065 2874 1195 2930 OC’.

232 2956 439 3022 Φωνῇ
455 2972 572 3023 μου
605 2956 751 3022 πρὸς
769 2959 983 3025 Κύριον
1006 2955 1290 3024 ἐκέκραξα
1311 2995 1326 3020 ,
1368 2954 1465 3007 καὶ
1494 2954 1531 3020 ή
1561 2950 1723 3021 φωνή

154 3064 282 3115 μσυ
315 3045 484 3111 πρὸς
513 3046 619 3096 τὸν
655 3045 814 3110 Θεὸν,
862 3046 960 3099 καὶ
995 3046 1292 3113 προσέσχε
1318 3060 1450 3112 μοι,
1488 3060 1540 3096 κ.
1575 3059 1623 3094 τ.
1677 3042 1722 3094 ὲ.

164 3137 304 3187 Ὅτε
344 3134 508 3185 πᾶσα
548 3132 694 3200 φωνὴ
736 3132 844 3202 (22)
874 3133 1026 3202 ἡμῶν
1075 3133 1209 3185 κατά
1255 3132 1381 3185 Θεόν
1429 3133 1541 3183 ἐστι
1561 3168 1575 3192 ,
1606 3130 1726 3182 τότε

162 3224 310 3274 ὲπάν
357 3220 592 3288 γένηται
628 3220 759 3288 πρὸς
796 3220 951 3272 αὑτὸν
986 3222 1018 3289 ὴ
1052 3220 1199 3288 φωνὴ
1245 3219 1397 3288 ἡμῶν
1420 3256 1437 3282 ,
1477 3218 1726 3286 προσέχει

162 3311 303 3378 ἡμῖν
337 3305 611 3375 ἀμίαντον
633 3305 810 3372 ἔχουσι
834 3305 928 3373 τὴν
954 3307 1150 3374 φωνήν.

250 3398 357 3448 Ἐν
378 3393 578 3461 ἡμέρᾳ
608 3392 859 3458 θλίψεως
884 3410 1000 3459 μου
1048 3393 1152 3445 τὸν
1205 3393 1351 3445 Θεὸν
1388 3390 1725 3456 ἐξεζήτησα,

162 3502 221 3538 κ.
252 3501 314 3538 τ.
343 3485 396 3535 ἃ.
434 3481 534 3532 Διά
552 3481 649 3545 τῆς
679 3480 978 3548 πρακτικῆς
1005 3480 1112 3548 (25)
1148 3483 1205 3532 ὲν
1229 3479 1306 3548 τῷ
1340 3479 1431 3532 νῦν
1461 3478 1613 3532 αἰῶνι
1639 3478 1727 3532 τὸν

162 3573 307 3625 Θεὸν
342 3567 710 3638 ὲκζητοῦμεν.

242 3657 369 3712 Τοῦ
402 3653 613 3707 αὐτοῦ.
653 3653 825 3719 Ἀγίου
853 3652 912 3704 τὸ
933 3653 1042 3721 (24)
1082 3654 1139 3704 ὲν
1169 3652 1508 3723 περιστάσεσι
1536 3652 1606 3721 μὴ
1640 3651 1728 3704 00-

162 3740 435 3808 λοῦσθαι,
460 3742 573 3795 ἀλλ’
602 3741 842 3809 ὲκζητείν
878 3741 966 3792 τὸν
1004 3741 1151 3794 Θεόν.

252 3832 641 3900 Ἀπηνήνατο
697 3828 1140 3896 παρακληθῆναι
1193 3829 1232 3895 ὴ
1290 3826 1455 3894 ψυχή
1484 3845 1598 3895 μου
1619 3845 1632 3859 -
1674 3829 1731 3879 έ-

157 3924 474 3995 μγήσθην
501 3918 605 3970 τοῦ
637 3917 800 3977 Θεοῦ,
832 3933 885 3969 κ.
923 3933 970 3967 τ.
998 3916 1045 3969 ὲ,
1075 3915 1139 3966 Ἦ
1162 3915 1290 3984 μηδὲ
1310 3913 1404 3984 τὴν
1429 3913 1596 3983 ἀρχὴν
1620 3913 1728 3984 (25)

166 4012 509 4083 λυπουμένη
538 4010 679 4078 ψυχὴ
705 4007 795 4061 ἐπὶ
825 4009 934 4068 τοῖς
958 4007 1292 4074 πειρασμοῖς,
1318 4005 1392 4068 ὡς
1420 4004 1493 4073 μὴ
1508 4004 1729 4073 δεομένη

164 4101 609 4173 παρακλήσεως,
639 4094 979 4147 ἀπαναίνεται
1011 4093 1432 4164 παρακληθῆναι.

1757 2869 1801 2925 C

1822 1835 2037 1887 terribili
2095 1835 2232 1901 apud
2286 1850 2423 1902 reges
2480 1844 2651 1896 terra,
2699 1843 2803 1886 etc.
2853 1832 3041 1883 Aufert
3098 1833 3338 1900 spirituum

1820 1925 2115 1992 principum
2153 1923 2403 1976 terribilis
2430 1937 2611 1991 regum
2646 1931 2820 1976 terrae.
2868 1924 3096 1990 Spiritus
3139 1923 3337 1986 princi-

1821 2024 1940 2078 pum
1977 2020 2058 2064 est
2100 2011 2151 2063 in
2195 2010 2258 2063 iis
2298 2009 2384 2076 qui
2437 2008 2790 2076 subjiciuntur
2836 2008 3160 2076 principibus
3189 2006 3340 2071 hujus

1819 2097 2018 2153 saeculi.
2044 2097 2276 2165 Spiritus
2307 2097 2566 2164 principis
2608 2097 2787 2150 saeculi
2836 2096 2993 2162 hujus
3037 2103 3147 2147 erat
3180 2095 3337 2148 etiam

1821 2187 1871 2239 in
1897 2186 2029 2238 Juda
2061 2186 2147 2251 qui
2175 2185 2351 2238 .lesqu
2381 2184 2628 2251 prodidit.
2681 2183 2954 2237 Terribilis
2986 2191 3160 2235 autem
3196 2182 3342 2234 hisce

1819 2271 2095 2340 spiritibus
2125 2272 2297 2324 factus
2325 2270 2571 2323 Salvator
2600 2270 2693 2322 cos
2725 2278 2958 2337 tempore
2999 2267 3097 2321 sibi
3128 2275 3250 2319 noto
3275 2265 3342 2318 ab

1819 2360 2157 2427 operantibus
2184 2357 2375 2422 aufert,
2401 2364 2453 2408 ut
2473 2358 2833 2425 paenitentiam
2864 2363 3040 2424 agant.
3067 2355 3155 2408 Sic
3183 2353 3340 2406 etiam

1829 2447 2079 2502 terribilis
2107 2456 2188 2501 est
2212 2450 2346 2515 apud
2383 2461 2538 2515 reges
2582 2456 2757 2509 terrae,
2807 2446 2871 2500 de
2911 2444 3101 2515 quibus
3147 2445 3341 2498 dictum
3442 2464 3453 2477 κ

1827 2546 1912 2593 est
1938 2537 1987 2570 ⁸⁸
2022 2554 2039 2592 :
2067 2553 2088 2588 ι
2109 2538 2407 2592 Astiterunt
2437 2548 2587 2603 rcges
2614 2542 2787 2588 terrae.
2814 2552 2836 2586 ι

2202 2856 2361 2927 769
2388 2855 2699 2911 PSALMUS
2744 2856 2973 2913 LXXVI.

1897 2951 2053 3005 Vsus.
2099 2949 2148 3003 1.
2212 2946 2346 3001 Voce
2373 2963 2485 3000 mea
2513 2948 2580 2998 ad
2603 2947 2882 3000 Dominum
2915 2949 3150 3012 clamavi,
3170 2961 3217 3003 et
3249 2964 3349 3007 vos

1823 3054 1938 3092 mea
1974 3037 2040 3090 ad
2076 3035 2258 3090 Deum.
2286 3044 2333 3086 et
2362 3033 2580 3086 intendit
2606 3035 2754 3095 mihi.
2809 3045 2911 3090 etc.
2962 3036 3182 3101 Quando
3236 3048 3346 3092 tota

1823 3135 2004 3183 nostra
2037 3141 2135 3178 vox
2168 3125 2232 3178 ad
2256 3124 2413 3179 Deum
2443 3136 2544 3188 est,
2574 3133 2722 3191 tunc,
2753 3142 2873 3179 cum
2905 3129 2969 3179 ad
2997 3127 3160 3181 Deum
3189 3131 3342 3181 tva

1824 3229 1925 3267 vox
1955 3221 2129 3265 nostra
2153 3250 2169 3274 ,
2202 3212 2427 3265 intendit
2456 3213 2610 3266 nobis
2643 3214 3005 3267 intemeratam
3040 3229 3217 3268 vocent
3249 3217 3348 3270 ba-

1933 3303 2089 3354 tibus.

1933 3303 2089 3354 tibus.

1823 3301 2052 3441 ιΝέἓιιιιιῑ.
2100 3390 2153 3441 5.
2211 3387 2276 3440 In
2312 3389 2397 3440 die
2428 3387 2777 3439 tribulationis
2813 3403 2935 3441 mea:
2977 3388 3138 3441 Deum
3173 3392 3351 3455 etqui-

1824 3478 1938 3540 sivi,
1967 3487 2072 3530 etc.
2128 3473 2389 3542 Operibus
2443 3476 2642 3528 nostris
2698 3478 2857 3529 Deum
2909 3478 2959 3528 in
3012 3478 3113 3531 hoc
3155 3479 3350 3534 saeculo

1823 3566 2168 3633 exquirimus.

1894 3653 2163 3720 Ejusdem.
2199 3651 2251 3704 In
2297 3651 2534 3704 adversis
2586 3665 2691 3704 non
2755 3651 2994 3715 turbari,
3045 3654 3136 3706 sed
3185 3654 3346 3709 Deum

1825 3743 2126 3809 exquirere,
2149 3742 2318 3794 sancti
2358 3748 2458 3792 est.

1895 3831 2052 3884 Vens.
2073 3830 2125 3893 5,
2144 3830 2196 3883 4.
2232 3830 2413 3882 [ienuit
2433 3830 2688 3884 consolari
2709 3845 2882 3882 amma
2905 3846 3036 3883 mea.
3060 3831 3258 3886 Memor
3273 3833 3351 3900 fati

1828 3921 1941 3984 Dei,
1969 3929 2077 3975 etc.
2103 3921 2290 3972 Anima
2319 3934 2437 3986 qua:
2458 3918 2598 3972 nulla
2628 3920 2680 3973 iu
2717 3919 3096 3973 tetttatiouibus
3128 3921 3346 3976 tristitia

1828 4007 2073 4071 aﬂicitur,
2103 4006 2280 4060 renuit
2312 4006 2597 4072 consolari,
2628 4007 2824 4075 quippe
2848 4021 2967 4074 quae
2991 4007 3352 4064 consolatione

1828 4108 1931 4148 non
1959 4095 2210 4162 indigeat.

248 4159 377 4247 .Tafi
416 4159 623 4240 αὐτοῦ.
648 4185 808 4237 Οὐδὲν
839 4182 976 4235 οὕτω
1008 4159 1115 4252 (26)
1147 4159 1445 4252 παρακαλεῖ
1463 4181 1635 4250 ψυχὴν
1654 4181 1725 4245 ὡς

1900 4159 2170 4250 Ejusdem.
2202 4181 2340 4236 Nihil
2362 4196 2513 4251 suque
2547 4181 2776 4235 animam
2817 4180 3122 4235 consolatur
3157 4195 3220 4236 ac
3244 4196 3351 4236 me-

168 4283 382 4351 μνήμη
415 4275 572 4327 Θεοῦ.

241 4360 779 4435 Προκατελὰϐοντο
824 4358 1095 4428 φυλακὰς
1134 4361 1188 4410 οἱ
1241 4357 1529 4425 ὀφθαλμοί
1563 4373 1680 4424 μου
1709 4394 1726 4421 ,

164 4475 225 4512 κ.
262 4473 320 4510 τ.
362 4456 414 4505 ὲ.
449 4449 618 4504 Τοῦτο
636 4448 915 4518 γνώρισμά
932 4447 1037 4517 (27)
1056 4448 1169 4497 ἐστι
1193 4443 1386 4513 πολλῆς
1413 4443 1727 4514 ἀγρυπνίας.

263 4539 665 4607 Ἕταρὰχθην,
698 4538 792 4589 καὶ
830 4538 937 4589 οὐκ
970 4535 1267 4601 ἐλάλησα,
1301 4550 1355 4585 κ.
1389 4550 1436 4585 τ.
1471 4534 1516 4586 ὲ.
1562 4533 1617 4585 '0
1647 4550 1730 4584 κι-

178 4633 381 4699 νηθεὶς
426 4628 522 4699 μὲν
713 4625 815 4677 ὑπὸ
836 4624 1018 4694 ὀργῆς,
1046 4624 1079 4694 ἢ
1111 4624 1300 4693 λύπης,
1330 4622 1489 4692 ἢτῶν
1516 4621 1732 4687 λοιπῶν,

174 4717 701 4791 ὲγκρατευσάμενος
726 4714 782 4765 δὲ
803 4713 963 4783 μηδὲν
988 4712 1093 4765 ἀπὸ
1118 4712 1302 4782 ὀργῆς,
1322 4712 1357 4783 ἢ
1378 4711 1569 4782 λύπης,
1598 4713 1629 4781 ἦ
1653 4728 1733 4765 τι-

168 4825 268 4870 νος
306 4804 427 4857 τῶν
450 4802 655 4865 παθῶν,
686 4800 824 4853 εἴποι
842 4800 956 4855 ἀνί
978 4800 1316 4871 Έταράχθην,
1339 4798 1432 4852 καὶ
1474 4800 1573 4851 οὐκ
1610 4798 1733 4851 ὲλά-

167 4904 353 4965 λησα.
398 4911 420 4943 ι

245 5008 302 5040 ⁸⁸
327 5006 498 5060 Prov.
520 5016 597 5063 Vl,
629 4999 740 5065 4,5.
811 4998 863 5053 ⁸⁸,
902 4997 1041 5051 Psal.
1070 5012 1127 5063 ιι,
1162 4997 1217 5051 2.

276 5117 380 5183 18)
413 5115 494 5183 Διῗ
524 5112 555 5165 ὃ
579 5109 795 5183 nunc,
820 5118 921 5162 etc.
937 5108 1112 5183 ςοᾳει
1132 5106 1479 5183 Coislinjanus
1499 5108 1721 5176 primus.

278 5174 385 5249 19)
417 5181 617 5249 οὕτως
641 5175 853 5241 ἄνδρες
883 5176 1160 5249 πλούτοιο,
1187 5184 1289 5249 etc.
1319 5174 1484 5249 idem.

276 5120 380 5183 l8)
413 5120 494 5167 Δι’
524 5120 555 5165 δ
579 5120 795 5172 καλως,
820 5120 921 5162 etc.
937 5120 1112 5161 uouex
1132 5120 1479 5162 ttorsunianus
1499 5123 1721 5176 primus.

278 5187 385 5249 19)
417 5181 614 5244 οὕτως
641 5175 853 5241 ἄνδρες
883 5176 1160 5235 πλούτου,
1187 5184 1289 5227 etc.
1320 5174 1484 5227 Idem.

244 5120 381 5328 320)
424 5253 488 5302 Ol
519 5247 817 5312 δαίμονες,
868 5253 971 5295 etc.
1018 5241 1193 5295 Codex
1241 5241 1596 5295 Coislinianus
1639 5255 1725 5294 se-

167 5329 766 5460 ευξὲιῦεᾊφαιρεῒται
799 5374 1491 5460 nragiquhelc..1!.demgu
1528 5440 1560 5460 ν
1605 5441 1618 5454 ,

247 5439 542 5525 ξξέγοὶε
566 5439 736 5502 iraira
760 5439 955 5509 somni;
972 5454 1072 5497 etc.
1102 5439 1144 5493 Ε
1181 5440 1362 5496 codice
1401 5440 1724 5525 Coisliniano

165 5523 449 5585 secundo.

1831 4272 1999 4326 moria
2023 4271 2135 4324 Dei.

1900 4357 2057 4413 Vens.
2093 4359 2146 4412 5.
2194 4359 2611 4428 Anticipaverunt
2645 4356 2848 4425 vigilias
2892 4355 3028 4409 oculi
3073 4357 3193 4418 mei,
3244 4364 3347 4411 etc.

1832 4448 2007 4502 Multa:
2039 4447 2455 4516 pervigilationis
2473 4444 2610 4500 istud
2645 4445 2894 4498 indicium
2931 4454 3032 4498 est.
3242 4436 3248 4441 ’

1902 4535 2032 4590 Isto.
2093 4535 2349 4588 Turbatus
2393 4550 2525 4597 sum,
2563 4542 2611 4586 et
2649 4548 2750 4587 non
2796 4547 2911 4585 sunt
2960 4532 3183 4595 locutus,
3246 4541 3348 4586 etc.

1829 4624 1930 4690 Qui
1961 4625 2029 4679 ab
2054 4625 2130 4676 ira
2165 4622 2375 4690 quidem
2417 4631 2508 4676 aut
2534 4620 2747 4674 tristitia
2779 4629 2870 4671 aut
2904 4620 3120 4686 reliquis
3152 4619 3354 4672 aﬂ'ecti-

1829 4711 1928 4764 bus
1973 4720 2235 4773 movetur,
2268 4724 2372 4764 non
2422 4708 2652 4762 abstinet
2696 4720 2825 4760 vero
2878 4721 2936 4760 se
2983 4707 3048 4760 ab
3105 4707 3205 4768 ira,
3260 4716 3352 4758 aut

1833 4798 2065 4862 tristitia,
2111 4807 2205 4857 aut
2243 4797 2346 4850 alio
2395 4797 2630 4865 quolibet
2661 4795 2875 4860 aﬂ‘ectu,
2927 4794 3104 4848 dicere
3147 4795 3348 4862 pOa‘Sll:

1844 4907 1864 4942 ι
1891 4889 2154 4944 Turbatus
2179 4901 2322 4951 sum,
2349 4896 2403 4940 et
2429 4902 2532 4940 non
2559 4900 2675 4940 sum
2704 4884 2930 4938 locutus.
2956 4900 2976 4934 ι

1897 5105 2007 5176 (25)
2035 5103 2136 5157 Διὰ
2152 5102 2261 5171 τῆς
2293 5100 2647 5169 πρακτικῆς,
2683 5107 2786 5152 etc.
2820 5094 2864 5151 E
2899 5087 3220 5146 Coisliniano
3239 5085 3352 5152 pri-

1922 5308 1988 5358 25

2052 5237 2243 5305 Ἀγίου
2265 5238 2364 5305 τό.
2395 5243 2497 5305 etc.
2529 5227 2912 5305 E_Coisliniano
2939 5218 3192 5305 secundo.

2051 5307 2111 5357 Ἠ
2123 5291 2421 5372 ’μηδέλλτὴν
2445 5296 2668 5372 ἀρχῇγλ
2684 5304 2784 5372 etei.
2810 5292 2883 5372 Itis
2906 5291 3110 5372 eodem.

1920 5360 2008 5430 26)
2026 5360 2210 5425 0ὺέὲῦ
2245 5360 2410 5430 οὕτω,
2438 5360 2604 5417 εῐεῖΕ
2629 5360 2950 5430 Coisliniano
2980 5360 3170 5420 primo.

2033 5423 2204 5499 Τοῦτο
2230 5423 2541 5509 συνῴρισμα,
2575 5423 3010 5509 εωρςδᾼεεξίεξιι.

2034 5483 2367 5570 ﬁmi-71ole
2387 5483 2645 5566 penem.
2671 5494 2711 5547 E
2738 5489 3056 5546 Coisliniano
3091 5483 3355 5540 secundo.

1991 5238 2011 5444 ἔ

1896 5309 1918 5580 ξ
