3884 6222
248 308 414 362 15ιῦ

1134 308 1432 366 SELECTA
1471 309 1898 383 IN’PSALMOS.
1936 342 2002 351 —
2035 310 2222 367 PSAL.
2264 311 2538 368 LXXXVI.

3291 313 3424 368 I546

234 411 347 480 εἷς
409 416 533 470 τῶν
602 417 903 488 ἀρχόντων
963 421 1232 486 πίπτετε,
1283 442 1336 476 κ.
1381 441 1431 476 τ.
1481 427 1524 476 ἐ.
1577 443 1594 475 ι
1638 425 1797 492 Ἐγὼ,

1909 427 2037 478 sicut
2090 442 2224 479 unus
2281 427 2340 480 de
2387 426 2699 494 principibus
2753 425 2963 488 cadetis,
3011 433 3116 482 etc.
3157 425 3427 495 «Ego,in-

234 506 454 570 φησὶν,
481 505 754 573 ὲφῦτευσα
796 509 1031 578 ἄμπελον
1059 514 1393 582 καρποφόρον
1419 515 1593 566 πᾶσαν
1626 515 1806 582 ἀληθι-

233 592 354 658 νήν
376 609 392 622 ⁵
447 595 567 657 πῶς
607 597 880 667 ἐστράφης
908 601 985 661 εἰς
1017 600 1234 670 πικρίαν
1266 603 1297 669 ὴ
1325 602 1556 669 ἄμπελος
1587 605 1618 670 ἡ
1659 602 1806 655 ἀλλο-

229 678 384 747 τρία
411 697 426 743 ;
453 698 472 730 ι

820 857 1102 912 ΨΑΛΜΟΣ
1140 859 1261 909 IIB'.

325 933 536 992 Εἶπον
554 957 567 969 ·
621 942 813 1002 Δεῦτε,
868 944 964 995 καὶ
1018 944 1524 1013 ἐξολοθρεύσωμεν
1590 950 1804 1015 αὐτοὺς

1908 515 2023 584 quit
2041 513 2108 580 δ’,
2139 515 2364 582 plantavi
2402 519 2607 570 vineam
2638 519 2986 583 fructiferam,
3032 526 3191 570 totam
3218 531 3420 584 veram,

1908 607 2173 672 quomodo
2192 619 2443 658 conversa
2459 620 2517 659 es
2542 605 2595 658 in
2622 609 3024 662 amaritudinem
3047 607 3170 662 vitis
3195 591 3418 660 aliena?»

2281 867 2437 936 773
2467 863 2780 921 PSALMUS
2812 867 3064 922 LXXXII.

1976 954 2136 1010 Vens.
2167 955 2216 1009 5.
2248 955 2496 1008 Dixerunt
2525 969 2541 1008 :
2569 953 2769 1020 Venite,
2798 967 2844 1009 et
2880 959 3233 1025 disperdamus
3256 975 3340 1012 eos
3361 961 3424 1012 dc

233 1022 322 1112 ἐξ
359 1026 603 1092 ἔθνους,
645 1031 736 1082 καὶ
766 1032 834 1084 οὐ
854 1030 938 1098 μὴ
971 1033 1211 1100 μνησθῇ
1249 1034 1314 1086 τὸ
1357 1034 1536 1101 ὄνομα
1573 1036 1797 1104 Ἰσραὴλ

1905 1055 2068 1112 gente,
2109 1054 2154 1096 et
2203 1060 2303 1096 non
2340 1053 2649 1097 memoretur
2702 1060 2886 1099 nomen
2934 1046 3102 1100 Israel
3139 1049 3292 1107 ultra,
3319 1060 3422 1102 etc.

232 1111 366 1173 ἐτι,
396 1130 452 1164 κ.
482 1132 531 1166 τ,
555 1117 600 1167 ὲ.
637 1117 904 1170 Ἐντεῦθεν
937 1117 1288 1188 γινώσκομεν,
1313 1122 1390 1172 ὅτι
1419 1123 1797 1190 προκαλοῦνται

1905 1132 2036 1186 Ilinc
2061 1135 2421 1200 cognoscimus
2471 1139 2732 1191 daemones
2759 1150 2816 1190 se
2860 1138 3002 1205 ipsos
3034 1137 3098 1190 ad
3134 1135 3423 1204 perdendas

225 1199 536 1270 ἀλλήλους
567 1205 614 1254 oi
642 1205 882 1273 δαίμονες
914 1207 996 1257 ἐπ’
1027 1207 1264 1276 ἀπωλείᾳ
1287 1208 1476 1276 ψυχῆς.

327 1291 581 1354 Οἳτινες
635 1287 829 1344 εἴπονο
877 1294 1412 1360 Κληρονομήσωμεν
1459 1295 1686 1359 ἑαυτοῖς
1736 1297 1800 1348 τὸ

1905 1220 2106 1273 animas
2131 1222 2368 1275 invitare.

1975 1304 2132 1358 Vens.
2167 1309 2249 1359 15.
2285 1307 2387 1370 Qui
2416 1309 2694 1363 dixerunt:
2722 1310 3034 1364 ereditate
3080 1310 3423 1378 possideamur

229 1376 660 1444 ἀγιαστήριον
684 1379 787 1432 τοῦ
821 1380 994 1443 Θεοῦ,
1024 1397 1075 1432 κ.
1110 1399 1158 1432 τ.
1203 1382 1250 1435 ὲ.
1299 1382 1453 1450 Ψυχὴ
1509 1383 1797 1452 ἀκάθαρτος

1903 1396 2254 1447 sanctuarium
2286 1395 2401 1459 Dei,
2430 1406 2532 1450 etc.
2559 1398 2769 1466 [mpura
2802 1400 2973 1451 anima
3007 1376 3285 1452 litereditas
3317 1403 3420 1452 d.c-

231 1463 472 1532 κλῆρος
507 1466 770 1534 δαιμόνων
789 1483 802 1496 ·
831 1465 970 1536 ψυχὴ
999 1468 1054 1518 δὲ
1087 1468 1292 1538 καθαρά
1329 1469 1520 1539 κλῆρος
1551 1470 1701 1526 Θεοῦ.

335 1554 400 1602 Ὁ
427 1555 574 1618 Θεός
598 1571 734 1620 μου,
770 1555 872 1607 θοῦ
908 1555 1120 1619 αὐτοὺς
1149 1557 1226 1620 ὡς
1256 1557 1484 1624 τροχὸν,
1514 1575 1564 1610 κ.
1588 1576 1637 1612 τ.
1664 1561 1710 1613 ὲ.
1747 1561 1804 1612 ’0

227 1639 458 1707 τροχὸς
487 1641 662 1706 ὀλίγον
690 1643 982 1708 ἐφάπτεται
1010 1642 1107 1708 τῆς
1139 1643 1256 1711 γῆς.

1907 1497 2139 1544 monnm,
2165 1483 2338 1536 anima
2360 1493 2534 1538 autem
2565 1500 2695 1552 pura
2731 1487 3008 1540 luereditas
3037 1487 3147 1540 Dei.

1979 1565 2134 1620 Vens.
2186 1567 2268 1619 14.
2303 1567 2440 1620 Deus
2479 1584 2643 1634 meus,
2683 1586 2810 1637 pone
2850 1571 2967 1625 illos
3000 1581 3054 1624 ut
3100 1583 3282 1636 rotam,
3317 1582 3422 1628 etc.

1903 1651 2038 1704 Rota
2071 1652 2341 1718 paululum
2376 1655 2540 1723 tangit
2577 1664 2795 1709 terram.
3216 1671 3222 1676 ’

315 1727 673 1793 Πλὴρωσον
710 1729 780 1780 τὰ
818 1729 1100 1793 πρόσωπα
1136 1728 1325 1782 αὐτῶν
1364 1729 1587 1796 ἀτιμίας
1609 1770 1622 1793 ,
1660 1748 1708 1783 κ.
1751 1750 1797 1785 τ.

1977 1737 2136 1794 Vens.
2158 1741 2240 1792 I7.
2266 1741 2428 1806 Imple
2463 1721 2622 1810 facies
2643 1760 2817 1798 eorum
2845 1747 3148 1814 ignominia,
3175 1757 3275 1801 etc.
3299 1747 3422 1801 Ησιο

226 1816 283 1866 ὲ.
333 1815 527 1868 Τοῦτο
556 1816 616 1868 τὸ
655 1817 934 1884 πρόσωπόν
973 1819 1086 1868 ἐστι
1127 1817 1216 1868 τοῦ
1258 1817 1479 1870 παλαιοῦ
1525 1817 1797 1888 ἀνθρώπου

1906 1824 2066 1878 facies
2097 1836 2178 1878 est
2225 1829 2418 1880 veteris
2459 1830 2686 1884 hominis
2739 1833 2824 1897 qui
2855 1834 3208 1899 corrumpitur
3234 1849 3422 1888 secun-

221 1900 342 1952 τοῦ
389 1903 746 1972 φθειρομένου
794 1903 930 1956 κατὰ
976 1904 1070 1967 τὰς
1107 1905 1388 1974 ἐπιθυμίας
1419 1909 1513 1974 τῆς
1563 1907 1796 1976 ἀπάτηςο

213 1983 299 2040 οὗ
344 1990 660 2059 φθαρέντος
687 1992 716 2040 ὁ
749 1992 868 2054 νοῦς
894 1990 1106 2061 ἐκζητεῖ
1132 1992 1192 2043 τὸ
1214 1992 1380 2060 ὄνομα
1413 1994 1633 2062 Κυρίου.

310 2082 370 2126 Α
385 2075 846 2141 ἱσχυνθήτωσαν
900 2077 997 2128 καὶ
1062 2076 1513 2142 ταραχθήτωσαν
1568 2081 1652 2142 εἰς
1699 2081 1800 2132 τὸν

1906 1914 2026 1964 dum
2078 1913 2342 1967 desideria
2376 1917 2608 1982 erroris;
2640 1933 2745 1986 quo
2775 1929 3022 1987 corrupto
3048 1934 3197 1976 mens
3233 1925 3424 1989 quaerit

1903 2011 2092 2050 nomen
2119 1998 2344 2053 Domini.

1975 2085 2133 2140 Vens.
2173 2089 2254 2142 18.
2290 2089 2606 2145 Erubescant
2633 2103 2680 2145 et
2711 2097 3076 2149 conturbentur
3100 2098 3151 2149 in
3178 2096 3420 2149 swculunt

216 2160 454 2213 αἰῶνα
501 2161 604 2212 τοῦ
645 2161 880 2224 αἰῶνος,
914 2160 1008 2212 καὶ
1055 2159 1506 2225 ἐντραπήτωσαν
1537 2161 1632 2212 καὶ
1663 2161 1797 2212 ἀπο-

1905 2176 2100 2238 swculi,
2151 2184 2200 2229 et
2243 2179 2627 2245 confundantur
2670 2194 2719 2235 et
2763 2195 2994 2250 pereant,
3043 2194 3142 2239 etc.
3191 2186 3422 2239 Perditio

218 2249 608 2311 λέσθωσαν,
640 2265 694 2301 κ.
725 2265 772 2299 τ.
803 2249 850 2300 ὲ.
882 2247 1026 2316 Δῦτη
1054 2248 1088 2316 ἡ
1129 2247 1364 2300 ἀπώλεια
1406 2249 1646 2316 σημαίνει
1681 2248 1802 2315 φθο-

219 2338 356 2409 ρὰν
399 2339 601 2398 κακίας
629 2336 721 2389 καὶ
748 2337 1031 2402 ἀγνωσίας.

825 2515 1108 2567 ΨΑΛΜΟΣ
1143 2515 1261 2565 III".

312 2602 628 2668 Μακάριοι
657 2606 708 2655 ol
744 2603 1150 2667 κατοικοῦντες
1190 2603 1257 2655 ἐν
1281 2601 1359 2666 τῷ
1399 2603 1537 2666 οίκῳ
1581 2619 1713 2662 σου.
1743 2619 1798 2656 κ.

1905 2261 2015 2315 lucc
2036 2265 2300 2332 signiﬁcat
2336 2267 2600 2323 interitum
2626 2273 2838 2326 malitiae
2867 2282 2920 2328 et
2951 2274 3281 2342 ignorantiae.

2347 2520 2664 2580 PSALMUS
2699 2525 2976 2582 LXXXIII.

1975 2605 2133 2661 Vnus.
2161 2609 2212 2663 ὅ.
2242 2608 2391 2662 Beati
2411 2612 2500 2679 qui
2533 2614 2764 2693 [inuitant
2794 2615 2845 2666 in
2874 2617 3025 2668 domo
3056 2625 3280 2678 tua,etc.
3304 2617 3419 2687 Ipse

221 2711 287 2746 ιτ.
323 2694 391 2747 ἑ..
435 2690 608 2751 Αὐτὸς
639 2690 732 2758 μὲν
760 2692 788 2742 ὁ
819 2690 979 2742 Δαυῒδ
1013 2691 1263 2759 ἐπιθυμεῖ
1292 2690 1541 2742 εἰσελθεῖν
1581 2692 1659 2752 εἰς
1705 2691 1797 2752 τὰς

1903 2696 2113 2762 quidem
2165 2696 2329 2750 David
2372 2690 2635 2752 desiderat
2674 2702 2874 2769 ingredi
2923 2705 2972 2756 in
3017 2705 3150 2757 atria
3189 2707 3418 2770 Domini,

228 2781 437 2841 αὐλὰς
485 2779 575 2830 τοῦ
613 2778 832 2847 Κυρίου,
869 2779 1151 2847 μακαρίζει
1186 2781 1240 2832 δὲ
1278 2781 1398 2842 τοὺς
1427 2778 1799 2840 κατοικοῦντας

228 2873 300 2921 ἐν
339 2869 433 2937 τῷ
467 2866 598 2935 οίκῳ
628 2867 844 2934 Κυρίου.

826 3040 1109 3091 ΨΑΛΜΟΣ
1145 3041 1261 3090 ΠΔ’.

329 3127 602 3198 Ἆφῆκας
633 3130 736 3192 τὰς
780 3129 1026 3194 ἀνομίας
1055 3127 1132 3190 τῷ
1168 3128 1291 3192 λαῷ
1321 3145 1454 3192 σου,
1495 3131 1801 3198 ἐκάλυψας

229 3221 468 3282 πάσας
507 3217 611 3280 τὰς
654 3216 934 3282 ἁμαρτίας
970 3217 1179 3279 αὐτῶν,
1205 3233 1258 3268 κ.
1284 3233 1335 3269 τ.
1369 3218 1416 3268 ὲ.
1445 3218 1542 3268 Διά
1587 3220 1683 3286 μὲν
1710 3217 1800 3271 τοῦ

229 3314 420 3381 ἁγίου
476 3305 842 3376 βαπτίσματος
890 3307 918 3360 ὁ
964 3306 1160 3374 Κύριος
1211 3305 1306 3366 τὰς
1356 3306 1616 3375 ἁμαρτίας
1679 3307 1802 3375 ἀφί-

232 3416 422 3470 στησι
452 3414 464 3426 ·
497 3396 586 3446 διὰ
636 3395 692 3445 δὲ
732 3395 828 3462 τῆς
861 3396 1056 3462 πικρᾶς
1097 3393 1372 3461 μετανοίας
1413 3394 1507 3457 τὰς
1537 3396 1801 3465 ἁμαρτίας

230 3485 644 3542 ἐπικαλύπτει.

323 3577 547 3635 Ἔλεος
596 3570 691 3622 καὶ
735 3569 978 3635 ἀλήθεια
1015 3569 1420 3634 συνήντησαν,
1459 3569 1799 3634 δικαιοσύνη

232 3667 356 3721 καὶ
391 3661 603 3729 εἰρήνη
645 3659 1063 3725 κατεφίλησίιν,
1092 3674 1144 3708 κ.
1172 3675 1222 3711 τ.
1255 3657 1302 3708 ὲ.
1347 3655 1617 3707 Ἀδύνατόν
1659 3657 1801 3708 ἐστιν

229 3755 484 3824 εἰρήνην
520 3744 844 3812 ωναφθῆναι
893 3743 1233 3812 δικαιοσύνῃ,
1279 3743 1350 3811 μὴ
1396 3741 1643 3811 ἀληθείας
1673 3740 1802 3809 ἐλέῳ

235 3837 701 3905 συναντησὰσης·
744 3833 802 3884 τὸ
855 3834 950 3901 μὲν
997 3833 1102 3901 γὰρ
1151 3832 1293 3893 ἕλεος
1333 3832 1429 3900 τὴν
1469 3830 1802 3897 δικαιοσύνην

234 3930 452 4001 γεννᾷ,
480 3928 514 3994 ὴ
543 3924 599 3976 δὲ
630 3921 848 3989 ἀλήθεια
879 3922 974 3989 τὴν
1007 3921 1241 3990 εἰρήνην.
1281 3918 1594 3987 Δικαιοσύνη
1625 3918 1678 3970 δὲ
1713 3917 1803 3969 καὶ

239 4019 460 4087 εἰρήνη
491 4010 616 4079 περὶ
640 4009 829 4077 πρᾶξιν
855 4008 947 4058 καὶ
971 4007 1194 4074 θεωρίαν
1221 4005 1561 4073 λαμϐάνεται.

324 4097 695 4161 Δικαιοσύνη
735 4093 982 4147 ἐνώπιον
1023 4093 1203 4146 αὑτοῦ
1244 4093 1716 4158 προπορεύσεται,
1745 4105 1799 4140 κ.

237 4211 300 4246 τ.
337 4193 388 4243 ὲ.
439 4189 506 4238 Ἠ
548 4185 783 4253 ἄρχουσα
812 4182 916 4233 τῶν
951 4181 1256 4250 πρακτικῶν
1299 4180 1500 4250 ἀρετῶν
1533 4181 1565 4246 ἡ
1601 4179 1800 4229 δικαιο-

241 4281 394 4348 σύνη
443 4276 610 4335 ἐστὶν,
639 4274 728 4339 ἀφ’
757 4269 823 4342 ἦς
859 4253 948 4323 καὶ
984 4271 1031 4322 οἱ
1061 4269 1326 4338 ἅνθρωποι
1365 4268 1557 4320 δίκαιοι
1603 4263 1798 4333 ὀνομά-

240 4370 466 4432 ζονται.

833 4536 1112 4589 ΨΛΛΜΟΣ
1149 4535 1270 4587 IIE'.

323 4628 544 4686 Σῶσον
576 4626 678 4677 τὸν
708 4623 924 4675 δοῦλόν
955 4637 1087 4682 σου,
1118 4625 1148 4672 ό
1176 4621 1312 4682 Θεός
1335 4635 1471 4685 μου,
1501 4617 1603 4669 τὸν
1637 4617 1800 4670 ἐλπί-

246 4725 438 4784 ζοντα
471 4715 566 4767 ἐπὶ
599 4714 691 4777 σὲ,
718 4729 769 4763 κ.
797 4728 846 4763 τ.
871 4713 914 4763 ὲ.
953 4710 1012 4760 Ἡ
1051 4710 1246 4776 γνῶσις
1277 4709 1310 4775 ὴ
1343 4706 1434 4757 τοῦ
1455 4704 1590 4756 Θεοῦ
1634 4721 1801 4773 σωτη-

246 4810 351 4880 ρία.
381 4804 502 4856 ἐστὶ
529 4798 720 4868 ψυχῆς.

325 4893 449 4950 Καὶ
482 4885 794 4952 συναγωγὴ
830 4881 1112 4948 κραταιῶν
1150 4882 1438 4950 ἐζήτησαν
1459 4879 1569 4946 τὴν
1591 4878 1797 4947 ψυχήν

1824 3051 1870 3108 C

1825 4337 1875 4393 ι)

1901 2782 2084 2837 beatos
2118 2798 2243 2838 vero
2287 2787 2537 2852 prmdicat
2570 2787 2867 2842 habitantes
2893 2791 2944 2843 in
2969 2791 3124 2846 domo
3152 2794 3382 2848 Domini.

2344 3042 2656 3098 PSALMUS
2697 3045 2971 3101 LXXXIV.

1973 3129 2129 3182 Vsus.
2164 3130 2216 3182 5.
2253 3129 2508 3184 Remisisti
2560 3133 2882 3200 iniquitatem
2912 3134 3044 3202 plebi
3069 3145 3196 3201 tua,
3220 3142 3418 3206 operui~

1899 3219 1969 3266 sti
1991 3218 2162 3267 omnia
2197 3227 2404 3282 peccata
2437 3233 2633 3284 eorum,
2665 3229 2770 3273 etc.
2805 3220 2905 3273 Per
2935 3232 3178 3274 sanctum
3205 3225 3413 3290 quidem

1901 3301 2160 3369 baptisma
2186 3303 2438 3357 Dominus
2461 3315 2680 3372 peccata
2703 3308 2949 3368 remittit;
2988 3308 3074 3359 illa
3097 3322 3221 3362 vero
3243 3313 3416 3378 operit

1901 3403 1994 3456 per
2017 3404 2250 3442 amaram
2289 3391 2673 3457 panitentiam.

1974 3557 2134 3613 Vens.
2162 3560 2246 3612 11.
2277 3559 2631 3614 Misericordia
2650 3573 2694 3614 et
2721 3567 2904 3618 veritas
2940 3569 3268 3623 obviaverunt
3291 3574 3412 3636 sibi,

1891 3645 2098 3711 justitia
2119 3655 2167 3698 et
2191 3662 2294 3712 pax
2315 3647 2558 3701 osculata:
2579 3659 2718 3714 sunt,
2742 3660 2844 3703 etc.
2876 3651 2990 3705 Non
3010 3664 3180 3721 potest
3197 3656 3417 3722 justitiar

1900 3748 2001 3800 pax
2021 3736 2318 3798 admisceri,
2349 3736 2444 3786 nisi
2476 3736 2670 3789 veritas
2699 3738 3069 3793 misericordia:
3086 3743 3412 3797 obviaverit:

1900 3835 2022 3873 nam
2049 3821 2408 3875 misericordia
2430 3822 2714 3890 justitiam,
2742 3826 2933 3879 veritas
2960 3841 3083 3880 vero
3111 3843 3294 3896 pacem
3321 3847 3415 3898 pu-

1901 3911 1988 3962 rit.
2022 3909 2234 3963 Justitia
2281 3921 2456 3965 autem
2484 3921 2539 3964 et
2569 3927 2670 3978 pax
2699 3913 2749 3964 in
2772 3915 2982 3966 actione
3009 3924 3062 3968 ct
3087 3921 3416 3986 contempla-

1901 3999 2044 4052 tione
2071 4009 2368 4052 versnntur.

1972 4085 2131 4139 Vens.
2167 4086 2251 4139 I4.
2275 4086 2487 4138 Justitia
2529 4096 2646 4140 ante
2680 4104 2792 4139 eum
2828 4088 3126 4153 ambulabit,
3155 4099 3258 4144 etc.
3289 4091 3418 4144 Pra-

1904 4176 2054 4227 cticis
2077 4174 2582 4243 virtutibusjustitia
2617 4176 2860 4241 imperat,
2890 4186 2942 4228 et
2964 4188 3029 4228 ex
3062 4177 3147 4228 illa
3178 4177 3418 4232 homines

1897 4262 2024 4329 justi
2050 4265 2404 4314 nominantur.

2362 4520 2670 4576 PSALMUS
2709 4519 2964 4574 LXXXV.

1981 4614 2137 4667 Vens.
2169 4615 2222 4666 2.
2279 4613 2492 4667 Salvum
2527 4610 2610 4676 [ac
2640 4626 2839 4663 servum
2891 4620 3056 4672 tuum,
3084 4609 3222 4664 Deus
3264 4626 3424 4673 meus,

1899 4713 2178 4768 sperantem
2213 4702 2266 4752 in
2294 4711 2363 4763 te,
2393 4706 2495 4751 etc.
2533 4697 2777 4764 Coguitio
2809 4698 2901 4750 Dei
2927 4696 3069 4750 salus
3097 4705 3180 4752 est
3215 4698 3425 4752 animi».

1968 4873 2126 4944 774
2169 4875 2325 4928 Vnus.
2354 4875 2436 4926 14.
2482 4872 2546 4925 Et
2590 4889 2846 4942 synagoga
2892 4882 3169 4941 potentium
3214 4872 3424 4939 quasie-

231 5001 396 5054 μου,
443 4996 498 5031 κ.
541 4995 590 5028 τ.
631 4977 674 5026 ὲ.
715 4975 785 5026 Τὸ
813 4967 991 5039 τάγμα
1021 4970 1124 5023 τῶν
1173 4970 1431 5039 δαιμόνων
1483 4969 1792 5036 συναγωγὴν

1901 4973 2014 5014 runt
2047 4964 2271 5015 animam
2316 4979 2497 5028 meant,
2524 4972 2628 5015 etc.
2662 4962 2910 5016 Ordinem
2953 4962 3247 5025 daemonum
3300 4970 3425 5026 syn-

237 5073 357 5126 ὼνό
374 5083 518 5137 μασε
552 5061 841 5132 κραταιῶν.

807 5233 1089 5285 “mox
1125 5233 1263 5296 uq'.

328 5325 545 5394 Μήτηρ
596 5327 746 5377 Etim
786 5321 924 5386 ἐρεῖ·
963 5322 1284 5385 Ἄνθρωπος
1308 5357 1322 5384 ,
1366 5319 1456 5372 καὶ
1502 5319 1798 5387 ἄνθρωπος

315 5485 367 5517 ⁸ο
392 5483 591 5535 lerunt.
626 5498 684 5536 ll.
711 5485 796 5534 21.

536 5570 795 5628 [Ἀτιιοι.
834 5576 947 5634 Gn.
987 5577 1122 5638 XII.

1907 5067 2125 5121 agogam
2159 5053 2366 5106 vocavit
2389 5055 2698 5122 potentium.

2341 5231 2654 5288 PSALMIJS
2689 5228 2968 5284 LXXXVI.

1968 5322 2127 5377 Vens.
2157 5322 2209 5375 5.
2249 5322 2416 5375 Mater
2446 5321 2572 5373 Sion
2597 5319 2767 5370 dicet:
2803 5316 2964 5368 Homo
2993 5326 3038 5366 et
3068 5316 3220 5369 homo
3268 5327 3416 5371 nutus

2983 5552 3058 5612 ίιξ)
