3884 6262
327 349 459 404 1549

1171 350 1471 407 SELECTA
1505 350 1570 405 ΙΝ
1604 347 1935 405 PSALMOS.
1974 378 2041 390 -
2073 345 2265 405 PSAL.
2299 348 2577 403 LXXXIX.

3330 346 3467 400 1550

393 463 497 517 Kal
524 462 592 516 ἐν
627 463 699 530 τῇ
729 464 965 531 εὐδοκία
1010 479 1123 517 σου
1157 465 1532 532 ὑψωθήσεται
1568 480 1635 517 τυ
1658 458 1846 530 ’κέρας

2010 463 2174 518 Vens.
2200 464 2285 517 l8.
2308 465 2376 516 Et
2403 481 2457 517 ιιι
2485 463 2795 532 beneplacito
2839 474 2924 515 tuo
2971 461 3284 516 excitabitur
3309 477 3469 515 cornu

327 552 505 621 ἡμῶν,
536 569 587 604 κ.
619 569 671 604 τ.
696 555 742 604 ὲ.
768 554 945 624 Κέρας
976 554 1069 608 νῦν
1097 556 1185 608 τὸν
1226 556 1347 608 νοῦν
1386 554 1651 623 ὀνομάζει·
1686 552 1845 621 ὑψοῦ-

324 656 409 695 ται
435 641 489 693 δὲ
511 640 629 703 νοῦς
647 641 732 693 διὰ
750 642 996 708 γνώσεως
1029 643 1182 695 Θεοῦ.

395 730 527 782 Τότε
584 728 888 795 ἐλάλησας
942 731 1011 781 ἐν
1068 730 1268 797 ὁράσει
1316 731 1438 795 τοῖς
1498 729 1645 795 υἱοῖς
1699 744 1812 782 σου
1830 768 1844 792 ,

324 829 377 866 κ.
431 831 479 865 τ.
533 814 581 865 ἐ.
633 814 762 866 Τότε
806 814 1071 885 ἑλάλησας
1116 817 1205 868 διὰ
1251 816 1357 869 τῶν
1405 814 1576 882 ἁγίων
1637 831 1846 882 προφη-

323 917 443 955 των.

407 993 498 1043 Ἑν
531 992 709 1057 ἐλαίῳ
744 992 885 1060 ἁγίῳ
923 1009 1040 1060 μου
1064 993 1271 1059 ἕχρισα
1298 991 1497 1055 αὐτὸν,
1531 1008 1586 1043 κ.
1624 1008 1674 1043 τ.
1703 993 1747 1042 ἐ.
1778 989 1849 1039 Τὸ

324 1079 471 1145 ἅγιον
501 1079 672 1133 ἔλαιον
702 1080 799 1150 τὴν
831 1080 923 1132 τοῦ
961 1079 1091 1132 Θεοῦ
1121 1079 1317 1147 γνῶσιν
1352 1078 1619 1147 σημαίνει,
1657 1077 1848 1146 μᾶλλον

322 1169 379 1221 δὲ
400 1170 494 1238 τὴν
530 1170 755 1238 οὐσιώδη
787 1169 981 1236 γνῶσιν
1000 1169 1162 1237 δηλοῖ.

394 1257 511 1307 οὐκ
557 1256 847 1324 ὠφελήσει
880 1259 913 1309 ὀ
950 1255 1160 1322 ἐχθρὸς
1198 1257 1266 1308 ἐν
1304 1253 1478 1318 αὐτῷ,
1510 1270 1565 1305 κ.
1604 1271 1651 1304 τ.
1688 1254 1733 1304 ὲ.
1766 1254 1846 1315 El,

321 1344 443 1395 ὅταν
467 1346 876 1413 ἁμαρτάνωμεν,
920 1346 1045 1407 τοὺς
1081 1344 1300 1413 ἐχθροὺς
1329 1343 1478 1411 ἡμῶν
1523 1341 1847 1408 ὠφελοῦμεν,

323 1431 545 1498 Χριστὸς
575 1432 630 1483 δὲ
672 1432 765 1499 οὐχ
802 1432 1057 1501 ἥμαρτεν·
1106 1430 1211 1499 ἄρα
1253 1430 1376 1490 τοὺς
1426 1426 1646 1497 ἐχθροὺς
1689 1424 1847 1477 αὐτοῦ

319 1518 417 1568 οὐκ
437 1518 710 1587 ὠφέλησεν
734 1521 762 1570 ὁ
787 1520 1029 1587 Χριστός.

388 1607 492 1659 Καὶ
517 1607 767 1675 θήσομαι
803 1608 873 1659 ἐν
913 1606 1185 1673 θαλάσσῃ
1224 1605 1386 1673 χεῖρα
1421 1604 1620 1666 αὐτοῦ,
1668 1604 1759 1655 καὶ
1783 1604 1849 1655 ἐν

320 1696 600 1763 ποταμοῖς
637 1696 838 1758 δεξιὰν
874 1696 1077 1758 αὑτοῦ,
1113 1713 1163 1748 κ.
1208 1712 1257 1746 τ.
1295 1696 1342 1746 ὲ.
1387 1695 1472 1746 Ἐν
1512 1693 1612 1761 μὲν
1651 1696 1715 1761 τῇ
1758 1691 1849 1744 θα-

321 1762 489 1851 λάσσῄ
525 1782 727 1835 τίθεται
748 1785 780 1852 ἡ
805 1783 923 1851 χεὶρ
949 1782 1040 1834 τοῦ
1072 1781 1322 1850 Χριστοῦ,
1367 1783 1422 1833 ὲν
1459 1779 1513 1831 δὲ
1540 1782 1651 1840 τοῖς
1687 1794 1849 1830 ποτα-
1880 1762 1922 1820 Β

323 1875 441 1941 μοῖς
479 1874 512 1941 ἡ
558 1870 704 1935 δεξιὰ
744 1870 922 1923 αὐτοῦ.
958 1871 1121 1937 Πλὴν,
1161 1869 1252 1921 ἐὰν
1283 1867 1497 1938 θελήσῃ,
1543 1869 1575 1934 ἠ
1613 1866 1849 1918 θάλασσα

318 1958 523 2025 γίνεται
553 1958 804 2027 ποταμός·
836 1958 929 2010 καὶ
948 1956 1102 2009 πάλιν
1131 1958 1158 2007 ὁ
1189 1956 1443 2024 ποταμὸς,
1467 1955 1557 2006 ἐὰν
1584 1955 1656 2023 μὴ
1686 1955 1851 2023 τηρὴ-

320 2062 387 2114 σῃ
417 2047 507 2098 τὸν
526 2048 589 2097 ὲκ
607 2046 704 2114 τῆς
738 2044 935 2106 κοιλίας
956 2045 1114 2097 αὐτοῦ
1136 2044 1321 2113 ῥέοντα
1350 2042 1582 2110 ποταμὸν
1607 2040 1699 2093 τοῦ
1718 2041 1849 2103 ζῶνσ

317 2150 408 2195 τος
443 2133 651 2194 ὓδατος,
672 2132 874 2198 γίνεται
906 2132 1164 2184 θάλασσα.

386 2221 500 2273 Καὶ
528 2220 635 2272 τὸν
662 2222 871 2287 θράνον
905 2220 1086 2274 αὐτοῦ
1120 2221 1198 2284 ὠς
1228 2220 1332 2283 τὰς
1361 2218 1576 2286 ἡμέρας
1616 2218 1717 2270 τοῦ
1756 2220 1852 2270 οὑ-

311 2309 531 2375 ρανοῦ,
554 2326 608 2361 κ.
640 2326 690 2363 τ.
720 2311 764 2361 ὲ.
794 2310 959 2363 Ὅταν
1004 2309 1219 2378 γένηται
1254 2308 1314 2359 τὸ
1350 2307 1555 2375 θέλημα
1594 2306 1685 2357 τοῦ
1719 2302 1850 2357 Θεοῦ

318 2398 395 2458 ὡς
424 2399 481 2449 ἐν
507 2397 716 2467 οὐρανῷ
737 2399 827 2451 καὶ
844 2399 934 2448 ἐπὶ
963 2396 1059 2465 τῆς
1090 2397 1212 2464 γῆς,
1239 2397 1356 2447 τότε
1388 2396 1478 2447 καὶ
1499 2398 1526 2447 ὁ
1557 2394 1738 2464 θρόνος
1758 2393 1848 2446 τοῦ

319 2484 555 2554 Χριστοῦ
585 2484 730 2536 ἔσται
758 2484 831 2546 ὡς
854 2486 906 2535 αἱ
932 2484 1127 2554 ἡμέραι
1154 2483 1244 2535 τοῦ
1264 2481 1506 2552 οὐρανοῦ.

388 2572 497 2626 Kal
534 2573 632 2637 τὰς
664 2571 908 2636 ἐντολάς
939 2589 1053 2638 μου
1089 2570 1172 2639 μὴ
1197 2571 1523 2639 φυλάξωσι,
1547 2588 1600 2622 κ.
1624 2588 1672 2622 τ.
1705 2577 1753 2626 ὲ.
1794 2568 1853 2621 Ὀ

320 2660 397 2730 μὴ
429 2658 713 2727 φυλάσσων
750 2658 849 2720 τὰς
893 2658 1105 2720 ἐντολὰς
1146 2658 1238 2710 τοῦ
1286 2656 1418 2710 Θεοῦ
1467 2657 1717 2709 ἐκπίπτει
1759 2655 1851 2709 τοῦ

317 2741 455 2798 εἶναι
483 2745 667 2815 θρόνος
701 2743 851 2796 Θεοῦ·
894 2763 913 2796 ι
960 2746 1051 2806 Εἰς
1081 2745 1184 2813 γὰρ
1206 2745 1519 2813 κακότεχνον
1557 2744 1729 2812 ψυχὴν
1756 2744 1853 2795 οὐκ

318 2831 679 2884 εἰσελεύσεται
697 2830 870 2897 σοφία,
887 2831 1004 2883 οὐδὲ
1033 2833 1338 2901 κατοικήσει
1366 2834 1422 2883 ὲν
1452 2829 1658 2899 σώματι
1684 2847 1852 2883 κατα-

315 2923 462 2991 χρέῳ
495 2922 783 2991 ἁμαρτίας.
817 2941 835 2973 ›

399 3008 822 3076 Ἐπισκέψομαι
856 3008 924 3060 ἐν
959 3007 1293 3075 ρἄδῳ.τὰς
1343 3009 1587 3075 ἀνομίας
1627 3007 1852 3072 αὐτῶν,
1880 3050 1924 3107 c

317 3113 371 3147 κ.
396 3113 445 3147 τ.
469 3096 516 3147 ὲ.
551 3114 570 3145 ι
616 3097 708 3147 Ὃν
728 3096 833 3164 γὰρ
859 3098 1043 3166 ἀγαπᾷ
1074 3097 1295 3165 Κύριος,
1318 3095 1573 3149 παιδεύειο
1606 3099 1857 3164 μαστιγοῖ

312 3183 372 3235 δὲ
404 3184 582 3236 πάντα
602 3185 712 3237 υίὸν
740 3185 796 3236 ὃν
819 3185 1192 3253 παραδέχεται.
1228 3204 1246 3235 ι

390 3274 502 3326 Tdr
543 3274 753 3339 θρόνον
791 3272 971 3326 αὐτοῦ
1015 3275 1101 3335 εὶς
1149 3271 1260 3337 τὴν
1303 3270 1416 3339 γῆν
1478 3271 1853 3336 κατέρῤαξας,

314 3376 369 3412 κ.
396 3378 449 3412 τ.
478 3361 526 3411 ἐ.
551 3362 643 3421 Εἰς
669 3361 768 3428 γῆν
795 3361 884 3411 ἀπ’
905 3360 1125 3427 οὐρανοῦ
1161 3360 1553 3427 καταράσσεται
1584 3358 1708 3420 νοῦς
1740 3360 1858 3411 ἀντὶ

314 3446 647 3517 ἐπουρανίου.
669 3446 843 3514 χοῖκὸς
877 3446 1127 3513 γεγονώς.

397 3538 793 3606 Ὲσμίκρυνας
845 3534 949 3598 τὰς
992 3534 1209 3601 ἡμέρας
1252 3533 1356 3586 τοῦ
1395 3536 1611 3600 χρόνου
1652 3533 1854 3599 αὐτοῦ,

314 3647 367 3681 κ.
394 3646 446 3681 τ.
479 3630 528 3679 ἑ.
575 3625 666 3676 Ἐκ
695 3624 792 3692 τῆς
815 3622 1237 3690 ὲγκαταλείψεως
1272 3622 1541 3691 μειοῦνται
1577 3627 1631 3676 αἱ
1670 3624 1857 3692 ἀρεταὶ

316 3718 412 3771 καὶ
436 3717 494 3769 αἱ
522 3712 750 3781 γνώσεις
782 3711 952 3780 ἡμῶν·
989 3711 1145 3764 αὐταὶ
1167 3712 1269 3782 γάρ
1296 3711 1428 3763 εἰσιν
1451 3712 1506 3762 ai
1534 3711 1735 3780 ἡμέραι
1760 3712 1858 3774 τῆς

316 3806 535 3876 φύσεως
572 3802 672 3871 τῆς
703 3801 938 3869 λογικῆς.

392 3896 490 3959 Τίς
514 3893 685 3945 ἐστιν
713 3890 1011 3956 ἅνθρωπος
1037 3890 1101 3953 ὃς
1124 3888 1370 3954 ζήσεται,
1402 3888 1498 3941 καί
1517 3891 1625 3942 οὐκ
1656 3889 1861 3956 ὄψεται

316 3983 597 4043 θάνατον,
631 3980 876 4045 ῥύσεται
921 3977 1033 4043 τὴν
1078 3977 1284 4044 ψυχὴν
1328 3978 1508 4031 αὐτοῦ
1553 3979 1619 4030 ἐκ
1664 3978 1859 4044 χειρὸς

317 4070 503 4134 ᾅδου;
536 4085 589 4120 κ.
621 4085 669 4119 τ.
710 4068 754 4118 ὲ.
797 4066 859 4118 Ἦ
881 4065 1100 4135 αὔξησις
1122 4067 1217 4135 τῆς
1240 4067 1431 4136 ἀρετῆς
1472 4067 1566 4119 καὶ
1597 4067 1692 4135 τῆς
1726 4066 1861 4133 γνὼ-

318 4174 458 4218 σεως
493 4158 556 4208 ὲκ
586 4155 684 4223 τῆς
716 4153 851 4206 κατὰ
887 4154 1075 4222 μικρὸν
1113 4154 1385 4222 μειώσεως
1418 4154 1602 4206 πασῶν
1633 4154 1737 4206 τῶν
1765 4172 1861 4206 κα-

318 4244 455 4298 κιῶν
499 4245 591 4295 καὶ
631 4242 727 4310 τῆς
780 4241 998 4308 ἀγνοίας
1042 4241 1430 4310 ὲπισυμὸαίνει.
1481 4242 1658 4294 Κακία
1684 4244 1739 4295 δὲ
1768 4242 1861 4293 καὶ

1944 562 2196 613 nostrum.
2221 560 2328 605 etc.
2357 551 2537 605 Cornu
2567 552 2669 606 hoc
2708 551 2824 606 loco
2850 558 3078 604 mentem
3109 560 3279 603 vocat.
3312 549 3470 602 Exal-

1946 650 2021 695 tat
2048 651 2223 694 autem
2255 650 2481 693 mentem
2510 640 2743 707 cognitio
2763 639 2875 692 Dei.

2017 727 2170 780 Vens.
2196 725 2285 780 20.
2315 724 2455 778 Tum:
2485 725 2687 778 locutus
2712 741 2765 777 es
2787 725 2839 777 in
2859 727 3048 778 visione
3070 725 3196 790 ﬁliis
3223 723 3469 789 luis,etc.

1945 818 2093 872 Tunc
2118 819 2321 870 locutus
2342 831 2400 869 es
2424 829 2517 883 per
2543 823 2756 868 sanctos
2784 815 3083 882 prophetas.

2017 996 2175 1050 Vens.
2234 996 2321 1049 21.
2363 994 2487 1049 Oleo
2508 1006 2683 1048 sancto
2703 1010 2813 1047 meo
2840 995 2964 1047 unxi
2988 1011 3124 1057 eum,
3151 1005 3258 1049 etc.
3286 995 3469 1049 Oleum

1946 1092 2187 1138 sanctum
2212 1083 2489 1137 scientiam
2518 1083 2610 1135 Dei
2654 1083 2939 1148 signiﬁcat,
2973 1082 3138 1149 magis
3175 1096 3301 1135 vero
3345 1083 3472 1137 sub-

1946 1170 2244 1226 stantialem
2266 1170 2540 1223 scientiam
2578 1168 2794 1222 indicat.

2018 1257 2287 1313 Vsusﬂ'é.
2337 1255 2487 1309 Nihil
2525 1256 2757 1322 proﬁciet
2802 1256 3041 1308 inimicus
3063 1257 3119 1308 in
3154 1259 3467 1321 eo,.etc.Si.

1946 1356 2068 1398 cum
2111 1358 2411 1411 peccamus,
2450 1356 2731 1410 prosuntus
2779 1342 3027 1408 inimicis,
3076 1342 3319 1397 Christus
3345 1359 3471 1399 vero

1946 1443 2051 1484 non
2083 1429 2344 1497 peccavit,
2390 1444 2493 1484 non
2544 1443 2671 1498 ergo
2700 1429 2930 1483 inimicis
2961 1430 3072 1483 suis
3100 1430 3298 1497 profuit
3322 1430 3474 1486 Chri-

1947 1527 2080 1571 stus.

2015 1607 2176 1662 Vsus.
2206 1607 2293 1662 26.
2326 1605 2394 1658 Et
2441 1623 2625 1673 ponam
2670 1590 2721 1659 in
2762 1610 2896 1660 mari
2934 1625 3141 1661 manum
3172 1608 3316 1676 eius,
3345 1618 3393 1661 et
3418 1608 3474 1662 in

1946 1697 2245 1765 ﬂuminibus
2294 1697 2553 1749 dexterum
2574 1682 2722 1762 ejus,
2754 1706 2856 1748 etc.
2883 1696 2937 1748 In
2973 1697 3101 1747 mari
3133 1697 3343 1763 quidem
3372 1711 3473 1763 po-

1950 1787 2093 1837 nitur
2133 1797 2321 1837 manus
2372 1785 2589 1845 Christi,
2633 1786 2684 1836 in
2737 1784 3040 1837 llmninihus
3079 1800 3205 1840 vero
3258 1788 3473 1839 dextera

1946 1871 2077 1936 ejus.
2125 1872 2233 1925 luto
2258 1909 2273 1934 ,
2302 1872 2347 1924 si
2395 1872 2637 1932 voluerit,
2670 1886 2816 1924 mare
2866 1870 2925 1923 ﬁt
2951 1870 3166 1933 ﬂumen.
3193 1881 3246 1925 et
3286 1888 3476 1925 rursus

1947 1953 2161 2018 ﬂumen,
2190 1956 2234 2009 si
2268 1956 2517 2009 liuentem
2549 1957 2612 2009 de
2642 1968 2827 2012 ventre
2850 1956 2965 2025 ejus
2989 1957 3203 2011 ﬂuvium
3227 1973 3374 2027 aqua:
3401 1961 3478 2012 vi-

1948 2051 2017 2098 tae
2044 2054 2147 2097 non
2172 2046 2481 2108 servaverit,
2510 2046 2566 2097 ﬁt
2598 2060 2759 2098 mare.

2016 2210 2176 2265 Vnus.
2210 2211 2296 2265 50.
2328 2211 2395 2264 Et
2440 2215 2679 2266 thronum
2720 2215 2830 2281 ejus
2876 2217 3006 2268 sicut
3049 2216 3158 2266 dies
3206 2216 3336 2281 caeli,
3370 2227 3473 2270 etc.

1948 2300 2077 2353 Cum
2113 2300 2251 2354 facta
2297 2300 2456 2354 fuerit
2488 2302 2729 2356 voluntas
2761 2303 2847 2357 D'ei
2880 2303 3015 2357 sicut
3057 2304 3108 2355 in
3140 2304 3275 2358 caelo
3318 2315 3373 2360 et
3425 2307 3476 2359 in

1952 2394 2125 2453 terra,
2175 2396 2300 2442 tunc
2350 2387 2511 2443 etiam
2551 2389 2770 2443 thronus
2809 2388 3007 2444 Christi
3042 2393 3145 2445 erit
3187 2393 3325 2447 sicut
3363 2394 3478 2447 dies

1951 2475 2091 2529 cceli.

2019 2559 2180 2615 Vnus.
2217 2561 2305 2618 32.
2338 2561 2404 2614 Et
2430 2565 2681 2616 mandata
2714 2580 2823 2619 mea
2853 2584 2953 2621 non
2988 2569 3342 2633 custodierint,
3370 2580 3476 2624 etc.

1951 2650 2048 2716 Qui
2074 2658 2174 2706 non
2209 2659 2436 2708 custodit
2470 2657 2713 2709 mandata
2750 2658 2861 2721 Dei,
2889 2661 3084 2714 desinit
3115 2675 3234 2715 esse
3260 2663 3482 2717 thronus

1952 2741 2089 2794 Dei:
2123 2757 2245 2794 nam
2296 2759 2315 2791 ι
2364 2744 2413 2795 in
2466 2744 2775 2805 malevolam
2827 2745 3060 2799 animam
3103 2763 3204 2801 non
3243 2749 3481 2803 introrbit

1951 2827 2234 2892 sapientia,
2270 2842 2441 2896 neque
2472 2830 2735 2885 habitabit
2765 2832 2816 2885 in
2867 2848 3090 2900 corpore
3121 2835 3333 2891 subdito
3356 2850 3481 2905 pec-

1952 2914 2084 2967 catis
2109 2912 2170 2966 “.
2213 2932 2232 2965 ι

2029 3001 2182 3054 Vens.
2203 3002 2271 3056 55
2329 3003 2559 3058 Visitabo
2589 3006 2644 3058 in
2668 3007 2808 3074 virga
2834 3008 3127 3076 iniquitates
3151 3025 3349 3077 eorum,
3374 3020 3478 3065 etc.

1962 3110 1982 3143 t
2030 3091 2194 3158 Quem
2227 3096 2369 3148 enim
2415 3097 2584 3165 diligit
2632 3098 2924 3163 Dominus,
2955 3104 3218 3171 corripit;
3258 3102 3484 3174 ﬂagellat

1955 3182 2129 3235 autem
2155 3182 2366 3236 oinnem
2394 3186 2556 3238 lilium
2585 3201 2740 3253 quem
2769 3191 3031 3257 recipit“.
3073 3211 3091 3242 ι

2025 3268 2184 3322 Vens.
2216 3271 2304 3323 45.
2335 3270 2513 3324 Sedem
2539 3274 2651 3340 ejus
2676 3276 2727 3327 in
2765 3287 2955 3328 terram
2982 3279 3233 3332 coilisistt'.
3274 3281 3317 3333 E
3348 3283 3483 3335 εωιυ

1955 3357 2008 3410 in
2046 3366 2241 3410 terram
2276 3359 2541 3412 colliditur
2587 3376 2734 3414 mens
2778 3377 2894 3429 qua:
2933 3377 2962 3416 e
2993 3364 3196 3418 caelesti
3233 3366 3371 3421 facta
3403 3379 3484 3421 est

1956 3448 2190 3495 terrena.

2025 3527 2182 3585 Vens.
2216 3530 2305 3583 46.
2347 3531 2624 3586 Minorasti
2670 3534 2777 3585 dies
2821 3538 3061 3603 temporis
3094 3540 3229 3607 ejus,
3272 3544 3485 3596 etcplﬁx

1956 3614 2293 3670 derclietione
2328 3618 2636 3671 minuuntur
2664 3621 2890 3674 virtutes
2938 3631 2985 3675 et
3025 3626 3351 3689 cognitiones
3392 3645 3486 3681 nn-

1956 3716 2113 3768 ιιι-ως
2156 3707 2281 3774 ipsae
2304 3710 2445 3760 enim
2476 3717 2598 3762 sunt
2640 3710 2757 3763 dies
2789 3724 2989 3765 natura:
3032 3715 3379 3771 rationabilis.

2026 3877 2184 3945 776
2212 3875 2364 3932 Vens.
2390 3878 2475 3931 A9.
2511 3877 2637 3942 Quis
2653 3889 2726 3931 est
2757 3880 2906 3930 homo
2934 3880 3020 3946 qui
3044 3879 3186 3943 viret,
3217 3892 3382 3933 etnon
3409 3883 3486 3934 vi.

1955 3961 2087 4014 debit
2112 3975 2345 4027 mortem,
2371 3976 2510 4018 eruet
2537 3967 2762 4018 animum
2801 3982 2945 4019 suum
2979 3969 3041 4018 de
3086 3984 3240 4019 manu
3276 3969 3432 4035 inferi
3463 3970 3490 4023 2

1955 4062 2060 4105 etc.
2093 4051 2314 4106 Virtutis
2360 4062 2414 4106 et
2467 4055 2703 4107 scientia:
2756 4054 3144 4108 incrementum
3194 4057 3385 4111 accidit
3420 4073 3486 4111 ex

1958 4142 2205 4192 vitiorum
2259 4150 2312 4194 et
2369 4142 2677 4210 ignorantia:
2734 4143 3121 4196 imminutione.
3183 4144 3375 4196 Malitia
3433 4156 3488 4198 et

1957 4228 2274 4295 ignorantia,
2314 4232 2503 4283 animus
2542 4230 2874 4286 rationabilis
2910 4244 3094 4296 mors;
3139 4234 3245 4288 vita
3286 4244 3485 4300 autem,

318 4333 563 4398 ἀγνωσία
583 4330 807 4392 θάνατος
837 4330 1013 4398 ψυχῆς
1048 4329 1288 4399 λογικῆςο
1326 4328 1437 4398 ζωὴ
1466 4330 1523 4382 δὲ
1567 4332 1731 4400 ἀρετὴ
1771 4332 1858 4384 καὶ

1968 4323 2130 4374 virtus
2149 4332 2203 4374 et
2232 4323 2476 4377 scientia.

319 4437 542 4489 γνωσις.

395 4506 480 4564 0ίῦ
515 4508 786 4574 ὑπέσχον
819 4508 886 4559 ἐν
919 4506 997 4572 τῷ
1026 4509 1225 4573 κόλπῳ
1258 4525 1373 4576 μου
1397 4506 1638 4559 πολλῶν
1656 4504 1859 4567 ἐθνῶν,

321 4613 376 4651 κ.
411 4613 464 4649 τ.
489 4598 536 4650 ἑ.
575 4596 783 4650 Κόλπον
810 4596 902 4647 νῦν
936 4596 1028 4664 τὴν
1057 4596 1229 4665 ψυχὴν
1283 4595 1555 4664 ὀνομάζει,
1581 4593 1667 4646 διά
1688 4610 1746 4644 τε
1770 4594 1863 4646 καὶ

321 4688 418 4755 τὴν
448 4685 643 4752 γνῶσιν
669 4684 766 4753 τὴν
796 4681 886 4735 τοῦ
914 4682 1045 4734 Θεοῦ
1088 4683 1263 4749 ἀγαθὰ
1288 4681 1656 4751 ὀνομάζεσθαι·
1688 4681 1863 4746 ἀγαθὰ

319 4774 376 4826 δὲ
424 4775 494 4827 τὰ
551 4775 609 4825 ὲν
667 4772 882 4833 κόλποις
944 4771 1149 4840 πέφυκε
1214 4770 1515 4838 βάλλεσθαι.
1557 4787 1575 4820 ι
1620 4769 1864 4820 Πιστεύω

321 4863 455 4933 γὰρ,
491 4864 642 4933 φησὶ,
675 4861 765 4913 τοῦ
808 4861 932 4912 ίδεῖν
967 4860 1037 4913 τὰ
1080 4858 1258 4927 ἀγαθὰ
1292 4860 1495 4928 Κυρίου
1530 4859 1589 4909 ὲν
1631 4859 1700 4926 γῇ
1731 4855 1863 4920 ζών-

322 4968 451 5005 των.
488 4972 506 5002 ι

399 5043 470 5095 Τὸ
510 5038 893 5107 ἀντάλλαγμα
936 5037 1040 5091 τοῦ
1069 5038 1341 5105 Χριστοῦ,
1388 5057 1438 5092 κ.
1473 5055 1526 5090 τ.
1567 5038 1613 5088 ὲ.
1646 5034 1796 5102 Τάχα
1837 5035 1867 5086 6

322 5129 602 5199 Κυριακὸς
632 5128 929 5197 ἄνθρωπος.

881 5302 1165 5355 ΨΛΛΜυΣ
1195 5301 1318 5353 110'.

405 5394 483 5448 Τὰ
514 5390 951 5457 ἐξουδενώματα
981 5388 1172 5443 αὐτῶν
1207 5390 1308 5453 ἐτη
1347 5388 1604 5450 ἔσονται,
1644 5405 1697 5441 κ.
1730 5405 1781 5440 τ.
1815 5390 1862 5445 ἑ.

341 5480 846 5547 Ἐξουδενωθήσεται
866 5480 898 5545 ἡ
930 5477 1038 5544 ζωὴ
1067 5474 1260 5526 αὐτῶν.

2035 4490 2187 4545 Vens.
2218 4492 2306 4545 51.
2333 4492 2485 4556 Quod
2531 4495 2762 4547 continui
2803 4497 2858 4548 in
2890 4497 3008 4548 sinu
3052 4512 3165 4549 meo
3207 4498 3491 4550 multarum

1960 4580 2203 4646 gentium,
2236 4589 2339 4633 etc.
2376 4579 2560 4633 Sinum
2606 4580 2704 4634 hoc
2739 4582 2853 4635 loco
2901 4585 3127 4636 animam
3166 4595 3337 4648 vocat,
3366 4588 3492 4651 quia

1963 4667 2122 4719 etiam
2147 4668 2403 4720 bonorum
2439 4669 2647 4722 nomine
2669 4672 2901 4738 cognitio
2931 4670 3021 4724 Dei
3050 4674 3359 4738 appellatur.
3390 4673 3492 4727 Bo-

1966 4768 2029 4804 na
2050 4762 2223 4805 autem
2243 4754 2293 4806 in
2314 4755 2490 4807 sinum
2523 4754 2707 4821 projici
2730 4757 2923 4811 solent.
2948 4775 2965 4808 t
2986 4757 3155 4812 Credo
3176 4779 3192 4809 ι
3221 4759 3384 4820 enim,
3410 4763 3492 4810 in-

1959 4843 2148 4909 quit”,
2171 4862 2189 4895 ι
2224 4844 2362 4896 bona
2392 4843 2595 4897 Dotnini
2632 4845 2813 4900 videre
2863 4848 2915 4899 in
2953 4856 3091 4898 terra
3126 4847 3430 4900 viventium.
3471 4863 3490 4895 ι

2041 5030 2192 5081 Vsus.
2225 5029 2311 5084 52.
2342 5029 2805 5085 Commutationem
2828 5029 3039 5081 Christi
3071 5028 3171 5090 tui,
3197 5037 3301 5081 etc.
3337 5026 3496 5083 Forte

1965 5118 2271 5172 Dominicus
2300 5121 2458 5174 homo
2487 5127 2586 5172 est.

2411 5294 2719 5349 PSALMUS
2776 5291 3051 5345 LXXXIX.

2036 5391 2197 5444 Vens.
2239 5388 2292 5441 5.
2335 5386 2465 5449 Qun:
2505 5399 2597 5449 pro
2648 5382 2805 5435 nihilo
2857 5382 3108 5432 habemur
3148 5395 3325 5434 eorum
3374 5386 3501 5441 anni

1965 5489 2134 5540 erum,
2169 5485 2269 5527 etc.
2300 5476 2377 5527 Ad
2405 5472 2624 5524 nihilum
2651 5473 2914 5539 redigetur
2946 5469 3049 5522 vita
3073 5484 3278 5525 eorum.

405 5572 450 5602 “
473 5573 598 5635 Sap.
632 5584 672 5633 ι,
696 5567 748 5619 4.
820 5566 869 5649 “_
893 5564 1045 5617 Prov.
1076 5577 1156 5627 nt,
1199 5562 1297 5628 l2;
1330 5562 1493 5617 llebr.
1528 5577 1626 5627 xu,
1656 5563 1709 5618 6.
1785 5567 1829 5599 ⁸⁸
1862 5567 1998 5621 Psal.
2032 5580 2169 5625 xxvt,
2205 5564 2284 5616 l5.
