3884 6224
316 310 473 370 ⁸ιὸξῆ
1218 318 1521 376 SELECTA
1557 324 1624 380 IN
1657 327 1989 383 PSALMOS.
2022 359 2091 373 —-
2121 329 2311 385 PSA]...
2352 332 2530 388 XCIII.
3351 332 3487 386 I355

392 431 827 499 Πεφυτευμένοι
871 433 941 486 ἐν
974 434 1051 499 τῷ
1092 437 1233 503 oliuo
1268 437 1506 505 Κυρίου,
1543 457 1596 494 κ.
1628 458 1681 494 τ.
1719 443 1768 496 ἑ.
1800 443 1862 497 οι
1887 447 1926 503 Α

2031 442 2189 501 Vens.
2224 445 2307 502 H.
2340 444 2571 501 Plantati
2598 449 2652 501 in
2701 447 2851 499 domo
2881 444 3109 507 Domini,
3140 454 3246 499 etc.
3268 442 3400 497 Justi
3434 444 3483 496 iu

312 512 544 583 δίκαιοι,
578 520 923 587 φυτευθέντες
973 526 1029 576 ἐν
1063 528 1126 595 τῇ
1166 524 1359 594 γνώσει
1395 530 1459 598 τῇ
1504 529 1595 582 τοῦ
1634 528 1846 602 κυρίους

1962 534 2185 589 scientia
2211 533 2301 588 Del
2320 534 2540 601 plantati
2561 535 2754 590 multos
2780 536 2832 588 in
2859 535 2960 588 ltoc
2984 534 3178 587 mundo
3212 533 3292 584 vel
3321 533 3372 585 in
3400 544 3487 585 eos

314 603 555 668 πολλοὺς
594 610 652 662 ὲν
694 609 770 678 τῷ
801 611 986 681 κόσμῳ
1020 615 1191 684 τούτῳ
1235 615 1268 685 ἢ
1308 618 1363 669 ὲν
1394 620 1510 682 ταῖς
1550 619 1848 690 ἐκκλησίαις

1963 620 2145 679 desiis
2171 623 2339 676 instar
2361 622 2546 676 ﬂorum
2580 621 2853 690 proferunt
2881 623 3146 688 homines,
3175 635 3310 690 quos
3341 620 3483 674 velut

312 692 706 780 ξξανθήσουσιν
738 700 1067 771 ἀνθρωπους,
1105 703 1192 756 διὰ
1244 705 1342 774 τῆς
1379 709 1743 778 πνευματικῆς
1776 709 1846 761 δι-

1502 709 1743 778 ιματικῆς
1776 709 1858 761 δι-
1960 707 2162 767 fructus
2195 711 2422 780 spiritali
2452 712 2692 766 doctrina
2724 711 3036 779 producunt.

309 776 616 846 δασκαλίας
653 789 1108 859 καρποφοροῦντες
1139 792 1347 856 αὐτούς.

389 872 507 923 Καὶ
529 875 638 926 οὐκ
660 876 827 928 ἐστιν
847 878 1043 932 ἀδικία
1074 881 1205 947 παρ’
1224 882 1401 947 αὐτῷ,
1421 901 1475 938 κ.
1503 901 1554 938 τ.
1574 884 1622 939 ἑ.
1659 882 1860 938 Ἀδικία

2028 883 2189 942 Vens.
2224 882 2308 937 16.
2341 882 2410 936 Ει
2438 898 2538 936 non
2568 891 2641 937 est
2668 882 2909 949 iniquitas
2941 882 2996 934 in
3021 897 3100 946 eo,
3121 889 3228 935 etc.
3254 879 3366 931 Non
3399 887 3479 932 est

313 955 422 1009 οὐκ
446 959 563 1012 ἐστι
583 963 731 1033 παρὰ
751 964 888 1034 Θεῷ,
913 966 998 1020 διὰ
1023 967 1084 1020 τὸ
1103 964 1238 1022 εἶναι
1262 969 1419 1024 αὐτὸν
1441 972 1636 1034 κακίας
1675 971 1847 1024 ἀνεπί-

1961 966 2097 1035 apud
2143 968 2307 1023 Deum
2352 968 2622 1036 iniquitas,
2655 982 2776 1021 cum
2822 966 3032 1021 malitiae
3072 981 3174 1020 non
3216 966 3288 1020 sit
3313 964 3479 1019 obno-

308 1043 532 1101 δεκτόν.

1245 1130 1248 1132 γ
1960 1056 2096 1109 xius.

886 1336 1168 1390 ΨΑΛΜΟΣ
1205 1339 1314 1404 ιιϐν.

2463 1335 2772 1397 PSALMUS
2826 1336 2976 1391 XCII.

395 1418 660 1485 Ἔπῆραν
703 1425 756 1475 οι
808 1424 1052 1492 ποταμοὶ
1111 1427 1307 1495 φωνὰς
1358 1428 1569 1493 αὐτῶν,
1614 1446 1666 1481 κ.
1707 1446 1757 1481 τ.
1801 1429 1850 1485 ὲ.

2028 1428 2183 1485 Vens.
2212 1429 2261 1482 5.
2289 1427 2622 1483 Elevaverunt
2656 1429 2870 1496 flumina
2890 1441 3030 1481 voces
3059 1439 3202 1488 suae,
3227 1430 3329 1477 etc.
3367 1419 3475 1473 Na-

305 1507 516 1573 Φύσεις
564 1511 781 1579 λογικὰς
819 1515 977 1580 ἁγίας
1034 1520 1305 1586 ποταμοὺς
1358 1518 1624 1589 ὀνομάζει,
1658 1519 1744 1573 διὰ
1794 1518 1839 1572 τί

1957 1526 2104 1573 turas
2131 1519 2469 1573 rationabiles
2499 1527 2711 1571 sanctas
2737 1515 2948 1570 ﬂumina
2978 1522 3148 1579 vocat,
3166 1513 3289 1580 quia
3311 1509 3476 1564 ﬂuunt

305 1594 434 1692 ξεῖν
497 1598 563 1648 ὲκ
628 1597 723 1665 τῆς
786 1601 1005 1668 καρδίας
1086 1602 1258 1655 αὐτῶν
1321 1605 1589 1674 ποταμοὺς
1661 1603 1839 1666 ὕδατος

1563 1622 1589 1667 ς
1661 1603 1848 1666 ὕδατος
1957 1623 1988 1662 e
2012 1608 2172 1662 corde
2200 1622 2383 1662 earum
2417 1605 2631 1660 [lumina
2666 1620 2818 1676 aqua:
2848 1603 3094 1659 viventis.

276 1697 545 1735 .QLDVTOC.

302 1679 493 1740 ζῶντο
530 1720 545 1735 .

380 1698 722 1835 Θαυῖιαστοὶ
786 1772 840 1823 οἱ
883 1775 1258 1842 μετεωρισμώ
1333 1777 1442 1843 τῆς
1506 1775 1836 1843 θααῑάοτνης1

2020 1770 2183 1828 Vens.
2205 1774 2260 1827 4.
2295 1775 2561 1829 Mirabile:
2591 1776 2836 1831 elationes
2884 1776 3063 1840 maris,
3090 1782 3192 1828 etc.
3220 1772 3476 1827 Mirabilis

296 1866 358 1903 κ.
417 1868 479 1908 τ.
537 1854 585 1906 ι.
640 1856 930 1927 Θαυμαστὴ
984 1858 1186 1925 γίνεται
1244 1859 1384 1930 ψυχὴ
1437 1861 1659 1932 ἀρθεῖσα
1722 1878 1830 1931 μετ·

1956 1858 2012 1912 tit
2035 1861 2210 1913 anima
2244 1876 2360 1928 quae
2403 1863 2453 1914 in
2496 1861 2718 1916 sublime
2746 1862 2881 1915 elata
2921 1871 3004 1915 est
3045 1868 3099 1913 et
3132 1866 3376 1927 separata
3409 1858 3474 1910 ab

294 1942 508 2009 ἀρσιος
566 1946 657 1998 καὶ
712 1946 1030 2016 χωρισθεῖσα
1072 1950 1177 2003 τῶν
1228 1951 1319 2003 τοῦ
1372 1951 1485 2021 βίον
1534 1951 1716 2005 τούτου
1758 1967 1828 2004 κύ

1003 1966 1030 2003 z
1072 1950 1177 2003 τῶν
1228 1951 1319 2003 τοῦ
1372 1951 1485 2021 βίου
1534 1951 1716 2005 τούτου
1758 1967 1849 2004 κυ-
1953 1947 2108 2017 hujus
2136 1948 2255 2003 vita:
2274 1946 2537 2004 ﬂuctibus.

301 2032 515 2100 μάτων

864 2315 1146 2370 mmo:
1191 2318 1301 2383 ιιῐν.

2442 2312 2753 2369 PSALMUS
2783 2310 2955 2369 XCIII.

382 2398 636 2465 Ἀπόδος
690 2401 1084 2456 ἀνταπόδοσιν
1135 2403 1547 2473 ὑπερηφάνοις,
1595 2422 1649 2459 κ.
1697 2423 1749 2459 τ.
1795 2407 1842 2459 ὲ.

2028 2404 2172 2461 iens.
2206 2403 2262 2456 2.
2305 2402 2475 2458 Redde
2519 2400 2902 2456 retributionem
2948 2399 3200 2468 superbis,
3231 2405 3336 2454 etc.
3370 2396 3471 2454 Su-

302 2484 697 2556 Ὓπερηφανία
774 2490 886 2543 ἐστὶ
968 2493 1359 2563 καταφρόνησις
1419 2492 1656 2562 κλήσεως
1714 2493 1836 2562 ἁγα-

1593 2510 1656 2555 »;
1714 2493 1847 2562 ἁγα-
1948 2493 2129 2564 perbia
2167 2499 2501 2561 contemptus
2530 2500 2611 2546 est
2639 2490 2931 2546 vocationis
2955 2488 3127 2544 bonae.

291 2573 429 2635 θ’ς.

332 2592 500 2713 ηΤόν
543 2664 695 2717 λαόν
734 2679 867 2731 σου,
895 2669 1085 2736 Κύριε,
1130 2670 1545 2739 ἐταπείνωσαν,
1597 2689 1650 2726 κ.
1688 2689 1742 2727 τ.
1787 2672 1825 2726 ἑ.

2009 2663 2168 2720 Vsus.
2207 2665 2260 2720 5.
2292 2664 2546 2734 Populum
2592 2674 2760 2730 tuum,
2790 2663 3022 2730 Domine,
3052 2661 3466 2729 humiliaverunt,

296 2763 322 2796 ι
370 2750 478 2799 ³*ον
524 2751 708 2821 ἀγαπᾷ
736 2755 954 2824 Κύριος,
987 2757 1244 2825 παιδεύει,
1279 2778 1299 2811 ι
1329 2763 1489 2831 φησὶν
1516 2764 1544 2815 ὁ
1582 2762 1830 2816 Ἀπόστο-

1940 2762 2043 2810 etc.
2083 2774 2102 2807 ι
2152 2756 2320 2822 Quem
2372 2755 2542 2824 diligit
2596 2755 2882 2819 Dominus,
2932 2755 3182 2823 corripit,
3231 2773 3250 2808 ι
3298 2755 3470 2824 inquit

295 2836 419 2898 λος’
457 2840 506 2890 εί
534 2837 590 2892 δὲ
606 2839 663 2892 ὃν
693 2842 948 2906 παιδεύει,
984 2834 1287 2917 μακαρίζει,
1320 2852 1425 2912 πᾶς
1455 2852 1483 2902 ὁ
1525 2851 1829 2922 παιδευόμε-

1939 2844 2219 2914 Apostolus
2240 2845 2305 2898 ".
2337 2845 2392 2900 Si
2422 2854 2597 2897 autem
2632 2857 2785 2910 quem
2817 2844 3057 2913 corripit.
3077 2844 3288 2898 beatum
3329 2858 3464 2911 pra:-

294 2942 389 2988 νος
459 2927 550 2978 ὑπ’
613 2928 772 2981 αὐτοῦ
823 2931 1033 3003 ἀπαθὴς
1094 2937 1407 3009 γενήσεται’
1481 2938 1664 2991 τοῦτον
1729 2939 1828 3009 γὰρ

1936 2933 2099 2997 dicat,
2118 2931 2291 2986 omnis
2315 2932 2404 3000 qui
2435 2932 2501 2985 ab
2528 2930 2614 2984 illo
2632 2929 2939 3007 corripitur,
2964 2929 3029 2984 ab
3051 2929 3294 2983 omnibus
3306 2930 3466 3000 778

293 3015 498 3083 ἀγαπᾷ
532 3015 757 3085 Κύριος·
791 3020 995 3074 παιδεία
1019 3022 1124 3092 γάρ
1161 3008 1274 3078 ἔστι
1303 3026 1683 3097 μετριοπάθεια
1728 3008 1827 3083 me

1940 3021 2028 3074 liet
2071 3020 2345 3075 affectibus
2390 3020 2541 3075 liber.
2579 3019 2726 3076 Hunc
2782 3020 2926 3075 enim
2977 3019 3145 3088 diligit
3187 3018 3461 3073 Dominus.

294 3100 433 3154 θῶν·
1937 3109 2211 3178 Correptio
2238 3111 2378 3165 enim
2407 3120 2488 3165 est
2509 3110 2797 3164 .aﬂ‘ectuum
2831 3108 3185 3165 mediocritas.

373 3187 494 3240 Τοῦ
573 3189 822 3256 πραῧναι
889 3196 1070 3249 αὐτὸν
1118 3198 1217 3265 ἀφ’
1264 3199 1492 3266 ἡμερῶν
1549 3202 1837 3270 πονηρῶν,

2006 3198 2166 3254 Vens.
2189 3198 2277 3252 15.
2306 3198 2374 3255 Ut
2413 3200 2611 3268 mitiges
2645 3198 2690 3251 ei
2715 3215 2746 3252 a
2791 3199 2967 3251 diebus
3008 3195 3178 3261 malis,
3210 3205 3312 3250 etc.
3338 3194 3461 3250 Dies

294 3293 352 3331 κ.
386 3292 442 3327 τ.
476 3276 526 3328 ἐ.
563 3277 796 3347 Ἡμέρας
831 3282 1065 3352 πονηρὰς
1098 3285 1195 3347 τὰς
1237 3286 1442 3356 ἡμέρας
1473 3289 1571 3358 τῆς
1610 3291 1828 3359 κρίσεως

1936 3286 2100 3340 malos
2123 3287 2234 3341 dies
2252 3287 2436 3354 judicii
2463 3287 2610 3349 dicit,
2640 3288 2694 3340 in
2724 3286 2913 3353 quibus
2954 3285 3045 3352 qui
3074 3284 3142 3338 ab
3169 3283 3258 3337 illo
3288 3285 3457 3337 corri-

292 3364 470 3430 λέγει,
518 3365 576 3415 ὲν
612 3361 699 3427 αἷς
754 3367 783 3417 ὀ
829 3369 1204 3439 παιδευόμενος
1252 3374 1341 3426 ὑπ’
1385 3375 1564 3440 αὐτοῦ,
1606 3377 1826 3449 καθαρὸς

1933 3374 2095 3443 pitur,
2131 3374 2197 3427 ab
2241 3372 2513 3428 all'ectibus
2542 3374 2673 3428 liber
2707 3374 2944 3436 ell'ectus,
2966 3372 3188 3426 scientia
3220 3370 3456 3440 perfrue-

291 3452 590 3518 γενόμενος
614 3451 719 3502 ἀπὸ
745 3453 944 3520 παθῶν,
976 3458 1263 3512 ἀπολαύσει
1294 3462 1393 3531 τῆς
1424 3462 1690 3529 γνώσεως,
1716 3467 1825 3521 ἀτά-

1294 3462 1393 3531 τῆς
1424 3462 1690 3529 γνώσεως,
1716 3467 1837 3521 ἀτά-
1936 3474 2020 3518 tur
2040 3472 2094 3518 et
2111 3463 2525 3532 imperturbatus
2551 3463 2803 3516 manebit.

293 3555 468 3610 ραχος
491 3538 773 3607 διαμένων.
2043 3559 2055 3570 '

369 3629 525 3692 Ἕως
553 3623 625 3682 οὖ
670 3629 854 3698 ὀρυτῇ
878 3631 956 3696 τῷ
991 3635 1308 3702 ἁμαρτωλῷ
1340 3638 1578 3706 βόθρος,
1625 3657 1680 3695 κ.
1703 3657 1754 3696 τ.
1782 3642 1831 3698 ἑ.

1999 3634 2127 3687 IBID.
2156 3632 2326 3686 Donec
2353 3631 2584 3699 fodiatur
2613 3633 2863 3699 peccatori
2889 3631 3056 3699 fovea,
3091 3641 3193 3688 etc.
3228 3632 3458 3689 Foveam

291 3715 400 3769 Βόθ
410 3726 502 3787 ρον
524 3716 621 3785 τὴν
646 3717 861 3784 γέενναν
887 3720 1180 3786 ὠνόμασεν.

938 3721 1180 3786 νόμασεν.
1929 3723 2219 3789 gehennam
2247 3721 2472 3774 vocavit.

369 3804 519 3867 Ἕως
567 3799 638 3857 οὗ
688 3804 1030 3875 δικαιοσύνη
1084 3811 1421 3880 ἐπιστρέψει
1473 3816 1557 3878 εἰς
1610 3815 1829 3882 κρίσιν,

1995 3808 2156 3865 Vens.
2198 3809 2283 3863 I5.
2321 3807 2664 3875 Quoadusque
2696 3809 2904 3876 Justitia
2944 3818 3269 3864 convertatur
3289 3811 3343 3863 in
3364 3811 3455 3879 ju-

292 3906 350 3943 κ.
383 3907 435 3942 τ.
463 3891 511 3941 ἐ.
552 3891 690 3953 Ἕως
720 3888 778 3944 οῦ
814 3895 843 3945 ὀ
879 3896 1108 3965 Χριστὸς
1150 3904 1321 3968 κρινεῖ
1363 3902 1461 3972 τὴν
1493 3904 1825 3972 οἰκουμένηψ

1927 3898 2137 3962 dicium,
2170 3907 2273 3951 etc.
2315 3898 2489 3951 Donec
2530 3896 2773 3951 Christus
2811 3898 3015 3965 judicet
3063 3899 3245 3952 orbem
3279 3905 3450 3953 terra-

290 3978 460 4039 αὑτδς
485 3977 593 4047 γὰρ
631 3996 650 4029 ι
685 3981 811 4049 ἡμῖν
841 3982 1066 4053 ἐγενήθη
1106 3989 1262 4055 σοφία
1305 3990 1411 4041 ἀπὸ
1442 3990 1594 4052 Θεοῦ,
1633 3991 1824 4044 δικαιο-

1927 4000 2061 4039 rum.
2091 3986 2205 4054 Ipse
2230 3986 2371 4038 enim
2411 4003 2430 4036 ι
2472 3985 2621 4039 nobis
2653 3985 2825 4040 factus
2862 3994 2947 4039 est
2973 3986 3229 4054 sapientia
3254 4000 3284 4038 a
3324 3986 3450 4050 Deo,

295 4064 435 4133 σύνη
461 4081 520 4116 τε
541 4066 634 4117 καὶ
658 4066 923 4136 ἁγιασμὸς
961 4072 1052 4122 καὶ
1085 4073 1471 4143 ἀπολύτρωσις,
1511 4095 1530 4128 ι
1568 4078 1660 4130 καὶ
1683 4096 1701 4128 ι
1733 4080 1828 4150 τὴν

1919 4073 2124 4141 justitia
2153 4087 2362 4141 quoque
2382 4082 2437 4127 et
2468 4074 2839 4140 sanctiﬁcatio,
2862 4082 2915 4127 et
2952 4074 3244 4141 redemptio
3265 4074 3329 4139 ⁸⁸,
3350 4092 3368 4125 ι
3400 4084 3453 4129 ct

288 4152 477 4221 κρίσιν
498 4152 555 4203 δὲ
585 4152 759 4204 πᾶσαν
785 4154 927 4223 αύτῷ
955 4156 1181 4211 δέδωκεν
1204 4161 1233 4211 ό
1263 4162 1467 4232 Πατήρ.
1497 4181 1516 4213 ι

1454 4201 1467 4216 .
1497 4181 1516 4213 ι
1928 4179 1947 4213 ι
1976 4161 2233 4229 judicium
2255 4177 2412 4216 omne
2438 4164 2487 4218 ei
2516 4164 2661 4218 dedit
2693 4164 2850 4218 Pater
2865 4164 2930 4216 ⁸³.
2967 4181 2985 4213 ι

372 4239 441 4291 Τὸ
467 4238 638 4304 ἔλεός
664 4254 798 4302 σου,
821 4243 1012 4308 Κύριε,
1041 4245 1266 4311 ἐϐοήθει
1303 4267 1424 4317 μοι,
1454 4268 1507 4305 κ.
1524 4246 1531 4247 ί
1548 4269 1597 4305 τ.
1624 4254 1673 4307 ἐ.
1714 4238 1826 4308 Ἐν-

1991 4250 2149 4305 Vztts.
2170 4254 2253 4307 l8.
2272 4251 2622 4306 Misericordia
2650 4260 2762 4318 tua,
2785 4252 3024 4319 Domine,
3055 4251 3331 4320 adjtwabat
3349 4268 3448 4316 me,

286 4328 469 4381 ταῦθα
494 4326 556 4378 τὸ
584 4328 726 4390 ἔλεος
748 4329 838 4381 τοῦ
872 4331 1100 4399 Χριστοῦ
1132 4335 1229 4403 τὴν
1258 4337 1507 4407 πρόνοιαν
1537 4342 1693 4394 αὐτοῦ
1730 4361 1820 4414 ση-

1923 4349 2028 4395 etc.
2054 4340 2162 4394 Hoc
2191 4341 2307 4395 loco
2322 4340 2681 4396 misericordia
2706 4340 2901 4394 Christi
2930 4340 3312 4408 providentiam
3336 4340 3449 4409 éjus

292 4422 502 4491 μαίνει,
534 4420 600 4472 δι’
639 4421 704 4489 ἢν
726 4420 1004 4492 ἄνθρωπος
1044 4424 1330 4494 βοηθεῖται,
1355 4430 1469 4499 ἦτοι
1518 4434 1826 4498 ἐγκαταλεί-

1921 4429 2206 4497 signiﬁcat,
2243 4444 2273 4483 a
2299 4444 2400 4498 qua
2431 4430 2708 4499 adjuvatur
2735 4431 2892 4484 homo
2924 4428 3006 4483 vel
3047 4429 3446 4498 derelinquitur.

289 4526 477 4562 πεται.
536 4508 692 4559 Ἀλλά
750 4508 1013 4577 βοηθεῖται
1066 4515 1162 4583 μὲν
1217 4520 1534 4589 ἐνεργούσης
1585 4522 1751 4594 αὐτῆς
1795 4525 1823 4577 ὁ

1918 4518 2011 4573 llla
2055 4529 2308 4588 operante
2354 4519 2632 4590 adjuvatur
2676 4522 2864 4584 homo,
2896 4521 3176 4577 recedente
3221 4521 3448 4577 derelin-

290 4599 609 4667 ἅνθρωπος,
670 4597 1108 4663 ἐγκαταλείπεται
1148 4603 1203 4656 δὲ
1261 4605 1686 4679 ὑποχωρησιωης
1728 4613 1826 4666 αὑ·
1918 4608 2117 4678 quitur.

287 4703 408 4740 της.
925 4732 931 4736 .

327 4705 430 4829 nil
485 4775 885 4843 παρακλήσεις
931 4791 1045 4833 σου
1098 4780 1395 4846 εὔφραναν
1450 4783 1562 4851 τὴν
1608 4799 1819 4857 ψυχην

1998 4779 2156 4841 Vens.
2204 4781 2286 4836 l9.
2328 4782 2714 4837 Consolatione:
2765 4790 2867 4837 tute
2905 4784 3288 4852 lmttpcaverunt
3325 4784 3439 4834 ani-

283 4879 422 4933 μου,
468 4880 523 4915 κ.
562 4879 613 4914 τ.
663 4864 710 4914 ἐ.
751 4863 1088 4934 Παράκλησίς
1129 4869 1274 4920 ἐστιν
1316 4868 1610 4940 ἀνάκτησις
1639 4873 1817 4948 ψυχῆς

1921 4885 2056 4922 mam
2080 4885 2264 4935 meum,
2309 4879 2410 4926 etc.
2446 4871 2750 4928 Consolatio
2778 4882 2859 4928 est
2889 4873 3147 4927 recreatio
3179 4872 3367 4925 animae
3403 4886 3432 4923 a

283 4949 396 5004 ἀπὸ
426 4950 620 5002 πόνων.

1925 4957 2207 5015 laboribus.

355 5036 452 5102 Μὴ
484 5036 918 5103 συμπροσέσιαι
935 5053 1032 5091 σοι
1057 5040 1263 5106 θρόνος
1304 5042 1570 5113 amplae,-
1600 5063 1654 5100 κ.
1687 5065 1737 5101 τ.
1765 5051 1812 5106 ι.

1992 5049 2149 5107 Vens.
2176 5051 2262 5108 20.
2299 5052 2551 5123 Nunquid
2577 5059 2807 5111 adhteret
2830 5056 2926 5109 tibi
2959 5058 3101 5109 sedes
3129 5053 3452 5121 iniquitatis?

284 5123 484 5193 Θρόνον
529 5123 750 5191 ἀνομίας
789 5124 1029 5194 ὠνόμασε
1075 5126 1162 5178 τὸν
1197 5127 1457 5193 διάϐολον,
1502 5132 1685 5205 ἐπειδὴ
1723 5138 1816 5190 καὶ

1923 5147 2025 5191 etc.
2055 5138 2244 5194 Sedem
2289 5142 2582 5211 iniquitatis
2626 5144 2832 5198 vocavit
2874 5142 3137 5195 diabolum
3162 5177 3178 5203 ,
3224 5142 3440 5207 quando

284 5210 470 5279 θρόνος
489 5209 823 5279 δικαιοσύνης
841 5213 983 5265 ἐστὶν
1007 5212 1037 5263 ὁ
1066 5212 1311 5280 Χριστὸς,
1340 5215 1484 5279 ὅστις
1511 5218 1812 5277 ἀντίκειται

1922 5223 2130 5291 (Ιιιίιίοιη
2151 5228 2308 5281 etiam
2343 5209 2492 5285 sedes
2502 5232 2719 5299 iustitiae
2743 5243 2823 5287 est
2843 5230 3110 5293 Christus,
3132 5227 3220 5296 qui
3247 5226 3439 5279 adver—

282 5298 362 5365 τῴ
388 5298 635 5364 διαϐόλῳ.

1883 5339 1887 5342 ν
1921 5323 2067 5368 satur
2091 5316 2321 5372 diabolo.

351 5381 464 5437 Καὶ
485 5381 770 5449 κατὰτὴν
792 5387 1072 5453 πονηρίαν
1107 5387 1303 5439 αὐτῶν
1334 5390 1567 5459 rigarisi
1586 5396 1806 5463 αὐτοὺς

1988 5404 2143 5460 Vens.
2172 5408 2259 5460 25.
2293 5408 2360 5459 Et
2390 5412 2663 5461 secundum
2694 5409 2941 5462 malitiam
2975 5425 3150 5464 eorum
3178 5406 3434 5475 dieperdet

357 5528 396 5559 "
425 5525 585 5580 Hebr.
625 5541 715 5591 xu,
746 5528 793 5580 ti.
866 5530 906 5561 ⁸⁸
932 5530 949 5582 l
974 5528 1092 5582 Cor.
1140 5542 1181 5593 ι,
1215 5531 1296 5583 3D.
1369 5554 1413 5586 ιο
1438 5554 1606 5611 “an,
1636 5570 1695 5620 η,
1721 5555 1811 5612 ’1.2,
