3884 6230
243 272 372 327 1557

1187 262 1495 324 SELECTA
1527 266 1592 321 IN
1629 263 1954 320 PSALMOS.
1993 295 2059 304 —
2094 264 2286 317 PSAL.
2318 261 2400 317 CI.

1346 11 3777 42 -Ψῄ-Μὺηνγ

3251 251 3385 305 ιεεδ

238 389 430 452 σύγ-ην
467 387 683 449 αὐτοῦ,
728 404 783 440 κ.
815 404 865 440 τ.
894 388 938 439 ὲ.
991 404 1009 435 ι
1035 384 1350 454 Δικαιοσύνη
1392 384 1498 453 γὰρ
1531 379 1663 435 Θεοῦ
1703 381 1757 432 ὲν

1868 394 2002 431 suam
2027 415 2040 440 ,
2081 386 2185 430 ctc.
2218 376 2347 428 Nam
2397 391 2416 424 ι
2444 372 2650 443 iustitia
2690 370 2780 425 Dei
2832 370 2884 421 in
2922 381 2987 421 eo
3025 363 3288 419 reveletur
3317 376 3379 416 ex

237 474 381 542 αύτῷ
412 475 839 527 ἀποκαλύπτεται
867 477 928 528 ὲκ
958 476 1187 535 πίστεως
1218 476 1295 537 εἰς
1318 473 1514 526 πίστιν.
1554 489 1571 521 ι

304 563 554 631 Ποταμοὶ
573 564 928 630 κροτήσουσι
944 563 1086 631 χειρὶ
1105 560 1202 613 ἐπὶ
1225 562 1289 613 τὸ
1313 561 1475 624 αὐτὸ,
1493 578 1546 615 κ.
1568 578 1616 612 τ.
1633 561 1677 611 ὲ.
1695 560 1757 611 El

237 650 301 703 τὰ
318 652 620 721 χαρίσματα
635 652 726 703 τοῦ
743 652 876 703 Πνεύ
883 668 1042 717 ματος
1062 650 1153 701 τοῦ
1171 650 1319 717 ἁγίου
1342 649 1564 718 ποταμοὶ
1582 649 1760 715 λέγον-

235 755 322 790 ται
345 739 479 790 κατὰ
504 739 584 790 τόν
623 757 640 789 ι
667 739 900 807 Ποταμοὶ
920 741 983 791 ὲκ
1008 739 1105 807 τῆς
1130 738 1329 801 κοιλίας
1361 736 1518 790 αὐτοῦ
1540 737 1758 807 ῥεύσου-

235 823 534 885 σιν-ὓδατος
555 823 769 887 ζῶντος,
798 843 816 875 s
839 823 1015 885 καλῶς
1040 825 1089 876 οἱ
1107 823 1412 893 μεθέξοντες
1441 822 1636 875 τούτων
1654 821 1758 875 τῶν

234 911 487 980 πσεαμῶν
513 912 605 963 καὶ
629 912 776 964 αὐτοὶ
804 929 935 965 ποτα
942 913 1028 980 μοὶ
1058 911 1313 978 λέγονται.
1348 913 1420 980 Ση
1429 911 1674 979 μειωτέον
1705 909 1758 961 δὲ

235 1000 325 1050 καὶ
356 1000 417 1051 τὸ
447 1017 465 1049 ι
500 1001 592 1051 ἐπὶ
621 1000 681 1052 τὸ
716 999 843 1052 αὐτὸ
883 1017 901 1052 s
934 996 1215 1061 εἶναιτοὺς
1253 999 1537 1067 ποταμοὺς,
1580 1000 1664 1051 ἴνα
1708 997 1758 1049 τὸ

231 1088 359 1140 αὐτὸ
403 1089 599 1155 λέγωσι
631 1088 842 1151 πάντες,
882 1089 973 1141 καὶ
1011 1088 1082 1158 μὴ
1184 1090 1239 1139 ὲν
1264 1088 1443 1149 αὐτοῖς
1470 1088 1755 1155 σχίσματα.

726 1256 729 1261 '
807 1242 1084 1315 ΨΑΑΜΟΣ
1115 1264 1233 1328 ur.

300 1349 384 1400 Σὺ
412 1350 736 1416 ἡτοίμασας
776 1352 1124 1416 εὐθύτητας,
1157 1368 1210 1403 κ.
1258 1369 1307 1403 τ.
1355 1353 1400 1404 ὲ.
1458 1351 1760 1419 Εὑθύτητας

228 1437 347 1503 ἦτοι
379 1436 504 1497 τοὺς
532 1435 729 1505 εὐθεῖς,
756 1436 868 1504 ἦτοι
903 1436 1000 1498 τὰς
1032 1437 1243 1505 ἀρετάς.

296 1524 405 1576 Kal
420 1523 804 1590 προσκυνεῖτε
822 1523 900 1588 τῷ
915 1525 1210 1588 ὑποποδίῳ
1224 1526 1339 1580 τῶν
1348 1527 1542 1581 ποδῶν
1554 1529 1754 1592 αὺτοῦ,

229 1629 283 1664 κ.
301 1629 352 1665 τ.
379 1613 425 1663 ὲ.
473 1612 546 1663 Τὸ
576 1612 857 1664 ὑποπόδιον
895 1612 1000 1664 τῶν
1045 1613 1217 1665 ποδῶν
1255 1610 1401 1667 εἶπόν
1444 1632 1582 1677 τινες
1623 1611 1756 1669 εἶναι

226 1702 322 1770 τὴν
365 1701 546 1772 σάρκα
588 1701 683 1770 τὴν
728 1700 819 1753 τοῦ
856 1700 1120 1771 Χριστοῦ,
1164 1700 1280 1770 ἥτις
1307 1702 1392 1754 διὰ
1420 1703 1507 1755 τὸν
1534 1704 1757 1773 Χριστόν

225 1789 340 1840 ἐστι
372 1791 714 1859 προσκυνητή
737 1805 753 1818 ·
783 1791 810 1840 ὁ
840 1790 895 1840 δὲ
928 1782 1152 1858 Χριστὸς
1183 1791 1541 1861 προσκυνητὸς
1567 1792 1650 1844 διὰ
1672 1795 1758 1845 τὸν

228 1880 285 1929 ὲν
318 1879 470 1947 αὐτῷ
500 1880 668 1945 Λόγον
684 1879 836 1953 Θεοῦ.

295 1966 409 2017 Kal
438 1965 715 2032 Σαμουὴλ
748 1966 949 2031 ἐντοῖς
975 1967 1455 2035 ἐπικαλουμένοις
1483 1968 1548 2020 τὸ
1579 1968 1758 2036 ὄνομα

223 2052 410 2104 αὑτοῦ
433 2090 450 2114 ,
482 2070 535 2105 κ.
573 2070 619 2104 τ.
650 2054 697 2104 ὲ.
739 2046 903 2116 Οὗτος
935 2055 1259 2108 ἐπικαλεῖται
1292 2057 1387 2124 τὴν
1427 2056 1758 2126 δικαιοσύνην

220 2139 250 2189 ὁ
277 2138 701 2207 δικαιοπραγῶν,
732 2142 821 2193 καὶ
842 2142 936 2209 τὴν
969 2142 1215 2212 ἀλήθειαν
1260 2146 1287 2195 ὁ
1320 2144 1391 2213 μὴ
1422 2143 1756 2214 ψευδόμενος,

222 2226 318 2276 καὶ
346 2225 446 2294 τὴν
474 2226 688 2297 ἀγάπην
711 2229 739 2279 ό
768 2226 839 2296 μὴ
874 2228 1062 2297 μισῶν.

306 2314 404 2364 Ἐν
431 2313 634 2378 στύλῳ
663 2313 915 2381 νεφέλης
954 2313 1150 2367 ἐλάλει
1185 2313 1329 2381 πρὸς
1353 2315 1585 2379 αὐτοὺς,
1625 2333 1678 2367 κ.
1705 2332 1754 2367 τ.

222 2405 269 2457 ὲ.
307 2403 367 2456 Ὅ
398 2400 586 2463 στῦλος
621 2403 710 2454 καὶ
745 2404 776 2471 ή
806 2399 995 2469 νεφέλη
1038 2401 1247 2468 λογικαὶ
1286 2402 1468 2468 φύσεις
1508 2401 1642 2465 εἰσὶ,
1693 2401 1756 2453 δι’

219 2487 296 2543 ῶν
339 2490 520 2543 ἐλάλει
551 2490 684 2558 πρὸς
709 2491 833 2551 τοὺς
864 2489 1043 2556 ἁγίους
1071 2490 1332 2559 ὀΚύριος.

303 2577 552 2643 ’Υψοῦτε
584 2577 797 2642 Κύριον
827 2576 932 2629 τὸν
980 2576 1124 2630 Θεὸν
1156 2577 1335 2644 ἡμῶν,
1370 2595 1421 2629 κ.
1456 2595 1503 2629 τ.
1542 2577 1587 2631 ἐ.
1626 2575 1757 2627 Ὑπὸ

225 2666 469 2738 καθαροῦ
504 2666 593 2720 νοῦ
624 2667 858 2734 πέφυκεν
888 2666 1142 2735 ὑψοῦσθαι
1170 2667 1312 2729 Θεός.

779 2860 1063 2925 ΨΑΛΜΟΣ
1095 2870 1207 2934 ηθι.

293 2955 611 3010 Εισέλθετε
637 2959 722 3021 εὶς
746 2958 848 3022 τὰς
887 2958 1080 3022 πύλας
1109 2957 1320 3021 αὐτοῦ,
1348 2976 1399 3011 κ.
1437 2976 1485 3010 τ.
1515 2959 1559 3012 ὲ.
1587 2959 1754 3011 Πύλαι

224 3044 439 3112 σοφίας,
468 3043 652 3112 ἀρεταί
676 3059 691 3074 ο
723 3043 808 3095 διὰ
835 3043 940 3114 γὰρ
970 3044 1141 3098 αὐτῶν
1170 3045 1514 3114 είσερχόμεθα
1548 3047 1625 3108 είς
1663 3044 1757 3114 τὴν

224 3132 504 3201 βασιλείαν
525 3132 630 3185 τῶν
656 3133 910 3203 οὐρανῶν.

805 3293 1089 3344 ΨΑΛΜΟΣ
1127 3292 1201 3345 P'.

296 3383 522 3434 Ἕλεον
547 3378 642 3431 καὶ
672 3379 869 3444 κρίσιν
901 3378 1120 3445 ᾄσομαι
1144 3394 1241 3432 σοι
1259 3419 1273 3443 ,
1304 3381 1475 3446 Κύριε
1494 3419 1509 3442 ,
1558 3398 1610 3433 κ.
1644 3398 1691 3432 τ.
1718 3381 1763 3435 ἐ.

221 3470 327 3524 Τὸν
364 3468 502 3538 περὶ
534 3467 790 3536 Προνοίας
815 3467 906 3518 καὶ
934 3468 1159 3536 κρίσεως
1186 3465 1310 3537 ᾄσαι
1358 3469 1495 3520 ϐέλει
1528 3470 1699 3535 λόγον.

298 3646 411 3699 Τὸν
441 3642 888 3697 καταλαλοῦντα
926 3640 1110 3708 λάθρα
1140 3643 1242 3695 τοῦ
1271 3645 1532 3710 πλησίον
1556 3646 1757 3708 αὐτοῦ,

222 3735 444 3787 τοῦτον
473 3730 809 3795 ἐξεδίωκον,
836 3748 890 3784 κ.
914 3749 963 3784 τ.
998 3732 1046 3784 ὲ.
1063 3732 1339 3802 Χρήσιμον
1357 3734 1415 3785 τὸ
1445 3734 1602 3803 ῥητὸν
1628 3737 1758 3805 πρὸς

221 3822 350 3883 τοὺς
377 3817 829 3879 καταλαλῶντας.

292 3906 702 3973 Πορευόμενος
732 3903 800 3955 ἐν
826 3901 1212 3971 ὁδῶάμώμῳ,
1261 3900 1434 3969 οὗτός
1462 3923 1562 3974 μοι
1612 3907 1761 3960 ἑλει-

224 3997 483 4064 τούργει,
523 4010 575 4046 κ.
606 4009 657 4046 τ.
685 3993 730 4043 ὲ.
761 3991 1032 4061 Χρηστέον
1056 3993 1114 4044 τὸ
1141 3994 1296 4062 ῥητὸν
1320 3995 1450 4064 πρὸς
1466 3994 1589 4057 τοὺς
1622 3996 1764 4065 ἱερα-

224 4086 412 4145 τικοὺς
434 4080 897 4150 ὕπηρετουμὲνους
917 4079 1020 4131 ὑπὸ
1042 4078 1235 4132 δούλων
1256 4082 1645 4151 πονηροτάτων.

1860 465 1962 519 [Ide
1990 466 2040 518 in
2069 465 2221 517 ﬁdem
2245 465 2311 513 ".
2346 481 2364 514 ι

1929 553 2087 607 Vens.
2116 552 2168 606 8.
2196 550 2447 603 Flumina
2472 550 2713 617 plaudent
2744 561 2896 599 manu
2919 545 2972 596 in
3001 542 3244 609 idipsum,
3272 548 3375 591 etc.

1862 646 1916 699 Si
1956 645 2182 711 Spiritus
2213 642 2381 697 sancti
2424 641 2562 694 dona
2599 639 2814 691 tlumina
2843 637 3109 700 dicuntur,
3129 634 3278 703 juxta
3320 631 3382 683 il-

1862 731 1979 785 lud:
2011 749 2030 781 ι
2059 729 2298 784 Flumina
2327 729 2390 781 de
2418 735 2600 779 ventre
2619 723 2731 790 ejus
2754 722 2916 774 ﬂuent
2936 735 3085 788 aquae
3111 720 3242 772 vivae
3260 717 3329 779 ",
3354 734 3374 768 s

1860 818 2079 888 pulchre
2125 817 2214 886 qui
2262 817 2451 871 horum
2482 812 2755 866 ﬂuminum
2806 811 3093 877 participes
3130 813 3295 871 sunt,
3326 814 3383 859 et

1859 912 1958 982 ipsi
1990 910 2203 964 ﬂumina
2233 909 2501 963 dicuntur.
2541 903 2667 957 Illud
2699 914 2908 970 quoque
2951 898 3335 952 observandum
3359 932 3379 961 ,

1867 1017 1886 1050 ι
1914 1000 1966 1055 in
1992 1000 2215 1067 idipsum
2247 1016 2266 1050 s
2298 1011 2414 1051 esse
2437 994 2674 1057 ﬂumina,
2716 1000 2776 1044 ut
2805 990 2941 1043 idem
2973 988 3148 1041 dicant
3172 999 3378 1051 omnes,

1861 1098 1915 1145 et
1943 1104 2047 1144 non
2076 1088 2181 1143 sint
2213 1087 2266 1140 in
2295 1086 2372 1141 eis
2400 1084 2707 1139 schismata.

2233 1258 2393 1326 780
2430 1252 2737 1309 PSALMUS
2765 1249 2985 1307 XCVIII.

1929 1351 2089 1404 Vsus.
2128 1349 2181 1401 4.
2213 1347 2289 1401 Τιι
2334 1347 2527 1414 parasti
2553 1345 2893 1407 directiones,
2933 1350 3036 1395 etc.
3064 1339 3379 1409 Equitates,

1788 1476 1830 1529 Β
1861 1440 1944 1494 vel
1974 1448 2169 1497 rectos,
2198 1434 2279 1489 vel
2307 1435 2551 1487 virtutes.

1924 1527 2085 1580 Vens.
2132 1524 2183 1577 5.
2220 1523 2285 1575 Et
2314 1522 2526 1576 adorate
2555 1520 2835 1573 scabellum
2871 1519 3055 1586 pedum
3085 1518 3194 1585 ejus
3215 1557 3231 1581 ,
3276 1526 3379 1572 etc.

1857 1615 2151 1671 Scabellum
2202 1611 2394 1679 pedum
2440 1609 2653 1678 quidam
2708 1607 2956 1661 dixerunt
2998 1621 3119 1660 esse
3165 1614 3423 1660 carnem‘

1854 1700 2073 1763 Christi,
2101 1713 2217 1766 quae
2247 1705 2462 1765 propter
2493 1694 2762 1751 Christum
2791 1703 2872 1748 est
2898 1694 3183 1747 adoranda.
3221 1693 3380 1747 Chri-

1856 1798 1969 1842 stus
1991 1797 2164 1841 autem
2189 1793 2272 1839 est
2293 1784 2592 1838 adorandus
2618 1792 2833 1850 propter
2862 1782 3094 1835 Verbum
3118 1781 3209 1834 Dei
3238 1782 3381 1848 quod

1857 1878 1908 1930 in
1942 1879 2054 1945 ipso
2088 1885 2186 1930 est.

1925 1963 2084 2018 Vsus.
2123 1964 2174 2017 6.
2205 1961 2270 2015 Et
2301 1962 2512 2016 Samuel
2543 1962 2677 2014 inter
2704 1976 2789 2014 eos
2817 1961 2906 2033 qui
2937 1962 3173 2014 invocant
3200 1975 3383 2013 nomen

1856 2052 1985 2120 ejus,
2011 2061 2112 2105 etc.
2145 2051 2240 2117 Qui
2269 2052 2409 2120 juste
2438 2052 2567 2120 agit,
2592 2051 2895 2120 justitiam;
2925 2051 3012 2118 qui
3048 2065 3149 2104 non
3178 2052 3376 2119 menti-

1859 2150 1964 2203 tur,
1993 2141 2298 2206 veritatem;
2319 2148 2372 2195 et
2390 2140 2479 2209 qui
2505 2154 2607 2194 non
2628 2141 2758 2203 odit,
2784 2140 3096 2195 charitatem
3145 2140 3377 2195 invocat.

1926 2317 2084 2370 Vsus.
2108 2318 2161 2370 7.
2188 2316 2257 2370 1η
2284 2317 2520 2371 columna
2549 2318 2699 2371 nubis
2725 2317 3027 2387 loquebatur
3048 2317 3116 2370 ad
3143 2334 3250 2379 eos,
3277 2325 3379 2372 etc.

1856 2404 2111 2459 Columna
2144 2415 2196 2459 et
2242 2407 2410 2461 nubes
2454 2417 2657 2459 natura:
2698 2415 2824 2459 sunt
2869 2407 3076 2460 ratione
3112 2406 3377 2474 praedita,

1857 2507 1949 2560 per
1974 2506 2105 2560 quas
2139 2492 2205 2547 ad
2239 2503 2450 2549 sanctos
2485 2494 2734 2549 Dominus
2769 2494 3105 2561 loquebatur.
3186 2551 3193 2557 _

1932 2579 2087 2635 Vens.
2127 2581 2179 2636 9.
2212 2580 2454 2637 Exaltate
2493 2583 2766 2636 Dominum
2797 2585 2960 2638 Deum
2993 2587 3244 2648 nostrum,
3277 2591 3379 2636 etc.

1856 2669 1992 2721 Pura
2033 2685 2181 2725 mens
2211 2672 2344 2727 solet
2379 2673 2613 2726 exaltare
2640 2674 2825 2728 Deum.

2374 2873 2688 2930 PSALMUS
2724 2874 2885 2930 XCIX

1933 2958 2090 3013 Vsus.
2118 2962 2169 3014 ὁ.
2197 2961 2414 3016 Introite
2433 2974 2604 3032 portas
2624 2964 2755 3031 ejus,
2785 2975 2888 3018 etc.
2918 2963 3090 3018 Ροτιω
3112 2960 3386 3031 sapientis

1860 3054 1983 3098 sunt
2018 3048 2237 3103 virtutes
2258 3090 2275 3115 ,
2325 3066 2444 3103 nam
2476 3064 2570 3118 per
2599 3064 2688 3103 eas
2714 3049 3038 3119 ingredimur
3065 3050 3117 3102 in
3166 3061 3384 3118 regnum

1861 3135 2134 3188 caelorum.

2410 3291 2719 3357 PSALMUS
2774 3290 2859 3345 C.‘

1939 3378 2094 3433 Vnus.
2123 3381 2172 3433 I.
2200 3380 2615 3434 Misericordiam
2653 3392 2698 3434 et
2723 3381 2981 3449 judicium
3008 3383 3222 3434 cantabo
3257 3383 3350 3435 tibi
3369 3418 3387 3446 ,

1863 3454 2077 3519 Domine
2096 3506 2111 3532 ,
2141 3476 2245 3521 etc.
2279 3467 2630 3522 Providentiae
2659 3478 2713 3521 et
2737 3469 2926 3536 judicii
2968 3470 3229 3523 rationem
3250 3485 3386 3524 ean-

1865 3563 1977 3620 tare
2007 3555 2138 3609 vult.

1936 3645 2093 3700 Vens.
2130 3646 2185 3699 5.
2224 3645 2581 3700 Detrahentem
2618 3657 2811 3700 secreto
2841 3648 3075 3715 proximo
3107 3664 3222 3715 suo,
3254 3650 3389 3703 hunc

1861 3736 2210 3801 persequebar,
2236 3744 2337 3788 etc.
2358 3734 2497 3790 Utile
2522 3736 2622 3790 hoc
2645 3735 2808 3791 fuerit
2833 3745 3015 3791 contra
3038 3737 3387 3793 detractores.

1936 3907 2095 3961 Vsus.
2128 3907 2180 3961 6.
2211 3908 2496 3962 Ambumns
2525 3924 2581 3960 ιη
2623 3923 2704 3960 ma
2748 3907 3114 3971 immaculata,
3147 3908 3228 3960 ltic
3263 3907 3389 3960 mihi

1867 3994 2224 4058 ministrabat,
2263 4004 2368 4048 etc.
2416 3993 2519 4047 His'
2543 3994 2720 4048 verbis
2752 3993 3002 4046 utendum
3053 4006 3175 4061 erga
3211 4003 3391 4044 sacer-

1867 4084 2019 4137 dotes
2048 4084 2242 4152 quibus
2288 4082 2596 4153 nequissimi
2619 4085 2759 4137 servi
2790 4081 3118 4135 ministrant.

302 4143 416 4227 Τοῧ
434 4143 851 4235 ἐξολοθρεῧσαι
876 4168 944 4219 ἐκ
989 4169 1232 4234 πόλεως,
1264 4187 1318 4222 κ.
1440 4172 1485 4224 ὲ.
1517 4171 1628 4223 Νῦν
1669 4172 1757 4224 πό-

1938 4143 2095 4226 Vens.
2123 4173 2175 4226 8.
2211 4171 2276 4226 Ut
2300 4143 2641 4242 dis-perderem
2677 4173 2741 4226 de
2762 4173 2988 4235 civitate,
3010 4179 3115 4225 etc.
3137 4168 3248 4223 Hoc
3270 4168 3384 4222 loco

223 4261 309 4315 λιν
336 4261 544 4330 Κυρίου
587 4258 731 4325 λέγει
782 4258 878 4327 τὴν
918 4256 1107 4310 ἑαυτοῦ
1156 4257 1346 4328 ψυχὴν,
1383 4260 1438 4312 ἐν
1563 4262 1763 4324 πάντας

225 4351 517 4404 ἀπέκτεινε
538 4347 823 4415 λογισμοὺς
850 4346 1210 4416 παρανόμους.

788 4531 1073 4583 ΨΑΛΜΟΣ
1104 4531 1225 4588 ΡΔ¹.

312 4622 695 4690 Ἠτρύπνησα
720 4618 815 4672 καὶ
834 4620 1120 4687 ἐγενόμην
1146 4619 1224 4684 ὡς
1249 4623 1561 4686 στρουθίον
1583 4624 1763 4691 μονά-

226 4712 331 4770 ζογ
360 4711 459 4764 ἐπὶ
487 4710 722 4778 δώματι,
752 4725 804 4761 κ.
831 4724 881 4760 τ.
914 4709 960 4760 ἑ.
997 4707 1158 4760 Οὐδὲν
1191 4706 1313 4760 ἄλλο
1339 4708 1427 4761 τὸν
1454 4709 1575 4762 νοῦν
1598 4711 1778 4774 οὕτως,

228 4795 600 4867 ἀπεργάζεται
632 4794 825 4862 κοῦφον
848 4794 921 4857 ὡς
948 4793 1234 4861 ἀγρυπνία.

308 4885 436 4935 ’Ότι
467 4881 698 4936 σποδὸν
723 4882 862 4935 ὡσεὶ
895 4880 1072 4945 ἄρτον
1094 4881 1314 4948 ἔφαγον
1337 4921 1352 4945 ,
1383 4884 1480 4936 καὶ
1506 4884 1567 4936 τὸ
1606 4888 1764 4954 πόμα

223 4990 347 5040 μου
390 4970 539 5039 μετὰ
579 4968 878 5036 κλαυθμοῦ
909 4968 1189 5032 ἐκίρνων,
1224 4985 1276 5019 κ.
1308 4985 1356 5020 τ.
1391 4970 1438 5024 ὲ.
1490 4971 1766 5041 Χρήσιμον

228 5061 291 5114 τὸ
318 5060 478 5130 ῥητὸν
503 5058 636 5127 πρὸς
660 5057 782 5118 τοὺς
804 5055 952 5125 παρὰ
972 5054 1060 5105 τὸν
1084 5056 1264 5123 καιρὸν
1290 5060 1383 5110 τοῦ
1404 5059 1563 5111 πότου
1590 5061 1766 5123 αὐλοῖς

231 5154 328 5204 καὶ
346 5152 511 5219 ᾠδαῖς
532 5148 906 5217 τερπομένους.

301 5240 473 5308 Κάγὼ
517 5236 658 5290 ὡσεὶ
703 5236 909 5303 χόρτος
942 5231 1271 5301 ἐξηράνθην
1291 5255 1304 5268 °
1352 5241 1431 5293 σὺ
1459 5240 1545 5306 δὲ,
1574 5243 1764 5307 Κύριε,

225 5324 320 5386 εις
351 5321 455 5374 τὸν
479 5319 662 5372 αἰῶνα
702 5315 929 5383 μένεις,
984 5329 1034 5363 κ.
1066 5329 1112 5365 τ.
1153 5316 1200 5365 ὲ.
1264 5319 1400 5386 Ἐγὼ
1457 5322 1550 5390 μὲν
1612 5323 1770 5390 πρόσ-

303 5473 352 5502 "
384 5471 540 5524 Rom.
571 5483 613 5533 ι,
648 5468 729 5520 i7.
802 5468 844 5498 ⁷³
864 5464 1018 5518 Joan.
1047 5477 1141 5529 vn,
1166 5466 1263 5521 38.

1867 4262 2132 4314 civitatem
2163 4260 2368 4315 Domini
2404 4270 2556 4316 vocat
2594 4260 2825 4314 animam
2858 4274 3045 4320 suam,
3074 4259 3128 4311 in
3162 4272 3267 4326 qua
3308 4257 3387 4310 in-

1867 4348 2168 4404 terﬁciehat
2192 4364 2376 4404 omnes
2408 4363 2684 4417 perversae
2714 4348 3081 4417 cogitationes.

2412 4528 2723 4584 PSALMUS
2759 4528 2842 4583 CI.

1936 4624 2097 4677 Vens.
2128 4622 2181 4677 8.
2220 4620 2441 4689 Vigilaui
2487 4629 2533 4672 et
2566 4619 2735 4686 factus
2761 4635 2873 4672 sum
2900 4620 3033 4671 sicut
3061 4635 3239 4686 passer
3263 4619 3390 4672 soli—

1869 4713 2034 4765 tarius
2059 4712 2112 4762 in
2142 4718 2291 4771 tecto,
2317 4717 2419 4761 etc.
2453 4705 2590 4758 Nihil
2615 4719 2765 4771 aeque
2795 4711 3018 4756 mentem
3044 4702 3211 4756 levem
3237 4703 3395 4757 ellicit

1869 4814 1932 4854 ac
1963 4798 2299 4852 insomnium.

1938 4889 2095 4943 Vens.
2132 4886 2217 4939 10.
2252 4885 2388 4949 Quia
2416 4898 2637 4936 emerem
2676 4892 2920 4950 tauquam
2951 4895 3132 4947 panem
3174 4879 3392 4929 mandu-

1870 4976 2046 5029 eabam
2073 5013 2089 5038 ,
2132 4983 2178 5026 et
2206 4985 2384 5041 potum
2421 4987 2590 5025 meum
2623 4987 2738 5024 eum
2781 4971 2905 5036 ﬂetu
2940 4966 3211 5017 miscebam
3237 5001 3253 5026 ,
3284 4971 3370 5015 etc

1870 5062 2008 5117 Utile
2035 5062 2132 5116 hoc
2158 5060 2317 5115 fuerit
2342 5068 2525 5114 contra
2554 5074 2647 5113 eos
2677 5058 2765 5124 qui
2797 5066 3031 5120 tempore
3062 5049 3296 5103 convivii
3326 5050 3394 5101 ti-

1870 5151 1972 5208 biis
2007 5158 2061 5203 et
2085 5149 2311 5203 canticis
2339 5148 2682 5211 delectantur.

1937 5238 2092 5307 78],
2124 5236 2281 5292 Vsus.
2310 5237 2395 5300 12,
2430 5236 2513 5287 I5.
2545 5233 2613 5285 Et
2639 5246 2731 5297 ego
2774 5229 2903 5279 sicut
2935 5223 3109 5288 fenum
3149 5222 3287 5273 arui.
3319 5222 3397 5274 Τη

1871 5335 2061 5393 autem,
2086 5326 2319 5389 Domine,
2343 5323 2397 5374 in
2424 5329 2669 5375 aeternum
2696 5325 2977 5379 permanes,
3005 5319 3111 5362 etc.
3146 5309 3255 5377 Ego
3279 5311 3399 5375 qui-

3776 4616 3777 4681 ι

3775 4702 3777 4813 φ

3775 4820 3777 4911 l
