3884 6226
275 269 405 323 1561

1212 264 1513 321 SELECTA
1549 266 1612 319 IN
1650 254 2009 317 PSALMOS.‘
2037 293 2083 303 —
2116 256 2323 316 PSALL'
2349 254 2476 317 Clll.

3299 258 3436 316 i562

355 382 420 435 '0
445 382 629 435 ποιῶν
660 382 799 447 τοὺς
824 381 1110 451 ἀγγέλους
1141 383 1322 435 αὐτοῦ
1352 382 1650 450 πνεύματα
1670 423 1683 446 ,
1713 380 1800 433 καί

1977 376 2134 433 Vens.
2172 380 2225 431 4.
2266 379 2368 443 Qui
2404 378 2530 430 facis
2559 376 2765 444 angelos
2793 387 2912 428 tuos
2946 373 3177 441 spiritus,
3209 383 3256 427 et
3288 377 3439 427 mini-

271 470 416 535 τοὺς
455 470 834 539 λειτουργοὺς
879 470 1060 523 αὐτοῦ
1110 470 1293 537 πυρὸς
1324 470 1549 538 φλόγα,
1590 487 1644 521 κ.
1684 486 1733 523 τ.
1762 471 1807 521 ὲ.

272 554 363 623 Τῷ
407 556 510 624 μὲν
574 556 818 626 Ἀϐραάμ
862 557 909 607 oi
953 557 1167 623 ἄγγελοι
1200 557 1273 618 ὼς
1304 555 1582 625 πνεύματα
1617 557 1814 625 ἐφάνη-

272 659 374 698 σαν
393 682 408 704 ,
437 648 549 707 τοῖς
571 646 627 696 δὲ
653 644 965 714 Σοδομίταις
990 644 1173 713 ὥσπερ
1205 643 1314 713 πῦρ
1347 644 1557 711 φλέγον.

349 727 406 781 σο
427 730 711 797 θεμωιῶν
730 732 842 796 τὴν
859 729 972 798 γῆν
990 731 1085 782 ἐπὶ
1110 729 1221 796 τὴν
1237 730 1570 797 ἀσφάλειαν
1590 720 1807 795 αὐτῆςο

268 816 343 868 οὐ
366 817 713 882 κλιθήσεται
738 821 823 882 είς
848 817 952 869 τὸν
983 815 1161 869 αἰῶνα
1191 817 1294 870 τοῦ
1321 816 1530 881 αἰῶνος
1548 856 1562 880 ,
1601 834 1655 869 κ.
1686 835 1734 869 τ.
1760 819 1806 870 ἐ.

279 903 339 957 '0
373 904 475 973 μὲν
517 905 636 957 Ἰὼϐ
665 902 783 957 εἷπε
806 922 820 936 ·
855 924 873 955 ι
908 906 1198 976 Κρεμάσας
1239 906 1335 975 τὴν
1369 907 1472 974 γῆν
1519 907 1609 958 ἐπὶ
1653 907 1810 975 μηδε-

267 993 400 1054 νόςο
437 1011 457 1042 ι
505 995 534 1044 ὁ
588 994 645 1045 δὲ
671 993 861 1060 Δαυῒδ,
907 1012 925 1044 ι
957 996 1046 1047 ἐπὶ
1082 992 1175 1062 τὴν
1227 992 1516 1060 ἀσφάλειαν
1563 995 1747 1062 αὐτῆς.
1785 1011 1803 1044 ι

279 1079 564 1150 Ἕκάτεροι
594 1081 649 1132 δὲ
679 1083 949 1150 ἀναιροῦσι
972 1083 1032 1134 τὸ
1056 1080 1191 1134 εἶναι
1219 1081 1378 1151 σῶμά
1420 1099 1470 1133 τι
1509 1083 1685 1151 ἕτερον
1715 1083 1808 1151 βα-

271 1168 471 1231 στάζον
518 1171 683 1241 αὐτὴν
731 1172 1012 1234 ὑποκάτω·
1052 1174 1086 1241 ὴ
1122 1171 1225 1241 γὰρ
1246 1170 1504 1237 ἀσφάλεια
1540 1170 1638 1221 οὐκ
1667 1170 1808 1223 ἔστιν

268 1258 427 1308 οὐσία
455 1297 470 1321 ,
508 1258 641 1311 ἀλλὰ
688 1259 846 1327 τέχνη
889 1259 1053 1322 Θεοῦ,
1084 1260 1331 1327 ἀκίνητον
1375 1260 1469 1329 τὴν
1510 1260 1610 1327 γῆν
1641 1261 1699 1311 ὲν
1740 1261 1805 1328 τῇ

270 1348 480 1416 σφαίρᾳ
508 1347 949 1414 διαφυλάττουσα.

339 1435 652 1499 Ἀϐυσσος
706 1435 784 1498 ὡς
830 1433 1055 1502 ἱμάτιον
1098 1433 1163 1485 τὸ
1206 1435 1574 1499 περιϐόλαιον
1604 1433 1804 1495 αὐτοῦ,

262 1538 317 1573 κ.
342 1540 393 1575 τ.
421 1525 470 1575 ὲ.
500 1523 573 1574 Τὸ
608 1522 978 1591 ἀκατάληπτον
1017 1522 1116 1591 τῆς
1158 1519 1405 1588 γνώσεως
1441 1519 1531 1572 τοῦ
1565 1520 1694 1572 Θεοῦ
1723 1520 1806 1572 διὰ

260 1600 364 1677 τῆς
395 1610 635 1663 ἀδύσσου
668 1611 976 1679 παρίστησι.

1908 476 2043 519 stros
2075 476 2189 518 tuos
2222 467 2388 533 ignem
2436 473 2662 516 urentem
2684 502 2699 527 ,
2747 474 2850 516 etc.
2892 462 3194 515 Abrabamo
3220 463 3434 529 quidem

1907 552 2077 620 attgeli
2123 552 2262 604 sicut
2293 550 2511 616 spiritus
2554 558 2949 617 apparuerunt;
2994 548 3276 602 Sodomitis
3311 563 3437 602 vero

1904 640 2042 693 sicut
2072 639 2205 706 ignis
2229 639 2444 690 ardens.

1973 727 2134 779 Vens.
2171 726 2226 779 5.
2270 726 2369 789 Qui
2416 724 2651 793 fundasti
2695 735 2882 776 terram
2923 741 3077 793 super
3103 724 3435 777 stabititatem

1906 831 2054 869 suam
2077 831 2096 867 :
2123 831 2222 867 nou
2250 814 2588 867 inclinabitur
2619 813 2674 865 in
2707 813 2950 864 saxulum
2980 814 3173 874 amuli,
3201 823 3305 866 etc.
3335 811 3436 865 Job

1906 903 2118 969 quidem
2155 901 2345 954 dixit"
2383 917 2396 952 :
2434 917 2453 950 ι
2485 899 2585 964 Qui
2633 900 2883 967 appendit
2932 910 3125 952 terram
3166 914 3323 967 super
3347 899 3431 952 ni-

1907 990 2070 1043 hilum
2096 1004 2111 1053 ;
2137 1008 2156 1041 s
2191 989 2355 1041 David
2386 998 2584 1054 autem,
2619 1006 2637 1037 ι
2661 1002 2822 1055 super
2851 986 3187 1040 stabilitatem
3213 1003 3381 1041 suam.
3406 1007 3427 1039 s

1908 1075 2145 1144 Uterque
2176 1084 2351 1129 autem
2396 1084 2553 1143 negat
2582 1089 2703 1127 esse
2730 1087 2920 1141 corpus
2948 1071 3087 1125 aliud
3126 1073 3260 1139 quod
3293 1073 3431 1126 illam

1906 1163 2044 1219 infra
2075 1165 2353 1218 sustineat.
2394 1162 2669 1216 Stabilitas
2699 1162 2840 1214 enim
2879 1174 2981 1212 non
3013 1170 3088 1214 est
3118 1161 3431 1225 substantia,

1903 1254 1995 1306 sed
2027 1267 2117 1307 ars
2146 1251 2264 1316 Dei,
2289 1266 2407 1320 qua:
2431 1250 2753 1305 immobilem
2778 1258 2969 1302 terram
2997 1250 3047 1301 in
3078 1250 3280 1317 sphaera
3309 1264 3435 1304 con-

1903 1354 2097 1397 servat.

1979 1430 2145 1485 Vens.
2181 1430 2232 1484 6.
2266 1431 2492 1498 Abyssus
2521 1432 2653 1483 sicut
2681 1431 3029 1484 vestimentum
3055 1440 3271 1481 amictus
3298 1431 3431 1497 ejus,

1903 1530 2007 1575 etc.
2053 1517 2641 1586 lucomprebensibilem
2688 1519 2964 1573 scientiam
2998 1519 3088 1573 Dei
3130 1532 3223 1585 per
3276 1520 3435 1587 abys-

1903 1624 2019 1666 ‘sum
2046 1612 2263 1664 indicat.

346 1700 802 1752 Ἀναϐαίνουσιν
828 1697 932 1766 ὄρη
960 1697 1055 1750 καὶ
1084 1697 1498 1749 καταϐαίνουσι
1523 1693 1694 1746 πεδία
1724 1696 1800 1758 είς

1976 1698 2133 1751 Vens.
2174 1699 2228 1751 8.
2268 1698 2558 1751 Ascenduut
2594 1705 2788 1748 montes
2824 1704 2870 1748 et
2907 1694 3217 1747 descendunt
3266 1691 3431 1758 campi

261 1790 371 1839 τὸν
402 1789 592 1843 τόπον
609 1788 680 1840 ὃν
693 1787 1080 1853 ἐθεμελίωσας
1097 1783 1294 1847 αὐτοῖς
1309 1823 1323 1848 ,
1354 1801 1406 1835 κ.
1430 1800 1479 1834 τ.
1503 1784 1547 1834 ἐ.
1573 1781 1803 1848 Λογικάς

258 1894 416 1939 τινας
454 1877 545 1929 διὰ
570 1876 674 1929 τῶν
696 1876 862 1941 λόγων
884 1877 1081 1926 τούτων
1105 1873 1392 1925 αἰνίττεται
1421 1872 1626 1938 φύσεις.

334 1969 548 2033 Ὅριον
576 1967 711 2020 ἔθου
745 1964 775 2017 ὃ
801 1966 870 2018 οὐ
895 1963 1351 2030 παρελεύσονται
1370 2001 1384 2024 ,
1419 1978 1472 2014 κ.
1510 1979 1558 2014 τ.
1594 1962 1640 2013 ἐ.
1670 1962 1802 2032 Περὶ

257 2056 371 2111 τῶν
400 2053 765 2123 καταχθονίων
789 2053 1049 2122 δαιμόνων
1070 2050 1240 2104 ταῦτα
1266 2049 1511 2118 λέγεσθαί
1533 2066 1681 2117 φασι.

331 2228 593 2287 Ποτίζων
621 2229 723 2294 ὄρη
773 2229 839 2280 ἐκ
866 2227 979 2280 τῶν
1018 2226 1293 2293 ὑπερῴων
1335 2228 1519 2280 αὐτοῦ
1541 2267 1555 2291 ,
1584 2245 1637 2279 κ.
1668 2244 1716 2278 τ.
1749 2229 1796 2279 ἐ.

270 2314 533 2386 ’Υπερῷα
565 2314 695 2366 Θεοῦ
717 2314 900 2381 φύσεις
925 2313 1154 2383 καθαραὶ
1181 2314 1482 2378 ποτίζουσαι
1515 2315 1635 2367 τοὺς
1660 2313 1799 2385 ὑψη-

257 2405 383 2458 λοτέ
392 2421 523 2473 ρους
550 2405 612 2471 τῇ
642 2403 852 2472 καρδίᾳ.

333 2492 814 2561 Χορτασθήσεται
858 2491 929 2543 τὰ
971 2491 1124 2554 ξύλα
1168 2492 1273 2545 τοῦ
1314 2490 1550 2556 πεδίου,
1584 2507 1637 2542 κ.
1664 2507 1716 2543 τ.
1750 2504 1795 2542 ε.

271 2585 331 2637 '0
362 2583 421 2636 δὲ
473 2580 714 2651 Ἑϐραῖος
750 2582 841 2633 καὶ
879 2583 925 2635 oi
964 2580 1135 2634 λοιποὶ
1183 2599 1201 2631 ι
1228 2579 1320 2632 τοῦ
1350 2581 1549 2650 Κυρίου
1578 2599 1597 2629 ι
1632 2578 1799 2632 τεθεί-

262 2689 443 2727 κασιν.
482 2669 766 2733 Διεξελθὼν
804 2670 872 2722 τά
920 2670 1199 2739 κάρπιμα,
1248 2666 1550 2741 ἀναγκαίως
1598 2683 1798 2736 μνημο-

259 2763 407 2814 νεύει
435 2761 529 2813 καὶ
558 2759 661 2812 τῶν
688 2761 943 2829 ἀκάρπων
964 2797 981 2823 ,
1014 2759 1087 2821 ὼς
1125 2760 1411 2824 ἀναγκαῖον
1450 2761 1560 2819 τοῖς
1590 2756 1796 2827 ἀνθρώ-

259 2867 385 2912 ποις
433 2849 527 2902 καὶ
565 2847 702 2899 αὐτὰ
739 2847 1073 2916 παρεχόντων
1121 2845 1324 2915 χρείαν.
1366 2844 1464 2896 Διὰ
1511 2844 1664 2896 τοῦτο
1707 2845 1798 2899 καὶ

264 2958 284 2989 s
312 2938 519 3008 Κυρίου
556 2956 575 2988 ι
603 2937 736 2988 αὐτὰ
763 2935 1188 3006 προσηγόρευσεν
1207 2974 1222 2999 ,
1254 2935 1327 2996 ὡς
1352 2936 1589 3001 αὐτοφυᾶ
1618 2936 1711 2987 κα)⁸
1735 2935 1794 2986 οὐ

1906 1789 1960 1841 in
1990 1788 2157 1839 locum
2185 1803 2331 1855 quem
2376 1786 2608 1853 fundasti
2645 1788 2738 1844 eis.
2769 1797 2873 1839 etc.
2922 1783 3150 1836 Naturas
3179 1783 3431 1851 quasdam

1907 1880 2110 1928 ratione
2139 1874 2384 1941 praeditas
2414 1873 2496 1927 bis
2529 1873 2708 1927 verbis
2735 1873 2957 1926 iudicat.

1974 1961 2135 2015 Vens.
2162 1960 2216 2015 9.
2253 1959 2543 2018 Terminum
2587 1960 2803 2027 posuisti
2835 1975 2982 2027 quem
3030 1970 3132 2010 non
3176 1967 3431 2025 transgre-

1903 2049 2111 2102 dientur
2138 2089 2153 2115 ,
2191 2058 2294 2102 etc.
2319 2048 2443 2103 llaec
2493 2048 2640 2101 aiunt
2674 2049 2739 2101 de
2762 2044 3119 2101 subterraneis
3158 2044 3433 2098 daemoniis

1903 2138 2028 2193 dici.

1978 2226 2137 2282 Vens.
2164 2226 2248 2282 15.
2279 2225 2470 2293 Riguus
2495 2234 2689 2277 montes
2711 2224 2773 2276 de
2800 2223 3145 2292 superioribus
3168 2221 3295 2286 suis,
3324 2229 3428 2274 etc.

1907 2315 2194 2382 Superiora
2226 2314 2318 2368 Dei
2348 2322 2475 2368 sunt
2507 2321 2706 2367 natura:
2736 2326 2879 2380 purae
2926 2312 3160 2380 rigantes
3189 2309 3429 2364 excelsos

1902 2404 2080 2459 corde.

1973 2491 2134 2546 Vens.
2172 2492 2256 2546 16.
2308 2491 2699 2546 Saturabuntur
2733 2489 2885 2559 iligna
2920 2490 3125 2556 campi,
3169 2498 3273 2542 etc.
3328 2487 3428 2542 lle~

1902 2580 2078 2634 bruus
2108 2590 2283 2634 textus
2305 2618 2320 2643 ,
2354 2588 2407 2633 et
2437 2579 2622 2646 reliqui
2653 2616 2669 2641 ,
2718 2596 2736 2629 ι
2767 2577 2974 2631 Domini
3003 2614 3017 2639 ,
3058 2595 3078 2628 ι
3116 2588 3424 2644 posuerunt.

1899 2670 2187 2736 Postquam
2219 2669 2488 2724 recensuit
2523 2667 2819 2732 fructifera,
2845 2668 3144 2721 necessario
3169 2676 3428 2720 memorat

1900 2762 2061 2813 etiam
2093 2758 2443 2822 infructuosa,
2472 2758 2663 2825 quippe
2708 2771 2825 2824 quas
2873 2758 3224 2810 necessariqu
3257 2757 3427 2810 licini-

1901 2846 2056 2899 nibus
2082 2856 2136 2898 et
2162 2846 2273 2913 ipsa
2306 2844 2572 2913 praebeant
2600 2859 2773 2897 usum.
2826 2841 3110 2910 Propterea
3142 2852 3195 2895 et
3229 2860 3248 2893 ι
3283 2842 3424 2911 ligna

1900 2932 2108 2987 Domini
2132 2953 2152 2985 ι
2185 2935 2292 3001 ipsa
2324 2932 2624 3000 appellavit,
2653 2931 2846 2999 quippe
2866 2944 2983 2998 qua:
3011 2941 3197 2997 sponte
3220 2942 3424 2985 natura:

258 3027 599 3097 χειρόκμητα
625 3066 640 3089 ,
671 3024 803 3077 ἀλλὰ
840 3023 915 3093 τῷ
962 3024 1086 3093 θείῳ
1118 3024 1255 3093 λόγῳ
1294 3023 1692 3092 βλαστήσανταο
1719 3024 1797 3076 διὸ

1913 3023 2233 3086 )roveniaut,
2258 3036 2353 3074 uec
2376 3036 2533 3074 manu
2559 3019 2921 3082 elaborentur,
2953 3019 3044 3071 sed
3064 3018 3244 3071 divino
3264 3020 3424 3073 verbo

257 3117 349 3168 καὶ
400 3115 710 3183 ἐπήγαγεν
758 3134 775 3163 ι
806 3114 869 3165 Ai
915 3112 1092 3182 κέδροι
1136 3112 1229 3164 τοῦ
1276 3112 1502 3166 Λιϐάνου
1552 3112 1617 3175 ἃς
1664 3113 1795 3181 ἐφύ-

255 3217 480 3265 τευσας.
516 3220 536 3252 s

331 3290 447 3343 Τοῦ
486 3290 689 3343 αὐτοῦ.
726 3290 929 3358 Ὥσπερ
966 3288 1078 3341 ἐστί
1112 3305 1231 3341 τινα
1257 3287 1383 3351 ξύλα
1413 3287 1504 3340 τοῦ
1546 3287 1797 3358 παραδεί-

258 3399 350 3435 σου
372 3421 389 3445 ,
419 3379 566 3432 οὕτω
591 3378 683 3428 καὶ
710 3375 838 3439 ξύλα
861 3376 1056 3428 πεδίου.

324 3471 521 3536 Πέτρα
556 3464 858 3533 καταφυγὴ
890 3463 1011 3528 τοῖς
1049 3463 1543 3530 χοιροτρυλλίοις,
1575 3478 1628 3514 κ.
1660 3477 1710 3512 τ.
1745 3462 1792 3512 ὲ.

1906 3111 2227 3177 germinent.
2259 3110 2608 3174 Quamobrem
2638 3110 2798 3163 etiam
2828 3108 3062 3191 addidit:
3101 3124 3120 3159 ι
3148 3108 3308 3162 Cedri
3332 3108 3425 3163 Li—

1892 3197 2018 3251 bani
2049 3212 2181 3264 quas
2213 3197 2476 3265 plautasti.
2509 3216 2528 3249 ι

1963 3284 2229 3351 Ejusdem.
2261 3286 2711 3350 Quemadmodum
2739 3285 2976 3352 quaedam
3018 3286 3156 3354 ligna
3181 3295 3307 3339 sunt
3333 3299 3421 3353 pa-

1894 3371 2075 3435 radisi,
2104 3373 2180 3424 sic
2211 3372 2371 3424 etiam
2407 3382 2530 3425 sunt
2556 3372 2691 3438 ligna
2726 3372 2915 3438 campi.

1961 3459 2119 3513 Vnus.
2143 3460 2228 3513 18.
2261 3457 2419 3510 Petra
2450 3460 2703 3525 refugium
2735 3457 3029 3521 heriuaciis,
3061 3468 3164 3512 etc.
3200 3459 3297 3524 Qui
3327 3459 3421 3513 he-

266 3561 324 3614 '0
360 3555 767 3629 χοιρογρυλλίου
801 3552 936 3622 ἔχων
975 3551 1299 3603 κατάστασιν
1329 3547 1682 3617 προσφυγέτω
1728 3549 1792 3615 τῇ

1913 3547 2080 3601 'inacii
2118 3548 2277 3600 habet
2308 3546 2558 3608 indolem,
2591 3546 2860 3615 confugiat
2898 3549 2964 3599 ad
2997 3548 3288 3613 spiritalem
3320 3562 3410 3615 pe-

255 3647 599 3717 πνευματικῇ
623 3642 794 3713 πέτρᾳ
817 3644 881 3711 τῇ
904 3638 1259 3708 ἀκολουθούσῃ
1288 3640 1344 3690 ὲν
1373 3640 1438 3707 τῇ
1468 3639 1673 3706 ἐρήμῳ,
1703 3635 1795 3687 καὶ

1913 3649 2027 3687 ram
2064 3642 2477 3702 consequentem
2510 3635 2560 3686 iu
2591 3633 2800 3688 deserto
2830 3644 2883 3687 et
2931 3635 3188 3703 rigantem
3229 3633 3413 3689 Israel.

254 3734 550 3802 ποτιξούσῃ
578 3732 667 3783 τὸν
708 3727 936 3798 Ἰσραήλ.

335 3827 392 3875 '0
422 3822 594 3887 ἥλιος
610 3819 759 3886 errat
784 3816 896 3882 τὴν
912 3815 1087 3868 δύσιν
1101 3811 1301 3876 αὐτοῦ,
1331 3828 1384 3865 κ.
1414 3827 1464 3863 τ.
1487 3811 1531 3862 ὲ.
1574 3809 1630 3861 '0
1649 3808 1795 3880 ἥλιος

255 3916 355 3984 τῆς
377 3908 719 3978 δικαιοσύνης
752 3907 889 3973 ἔγνω
918 3904 1010 3957 νῦν
1040 3905 1163 3966 τοὺς
1185 3904 1241 3955 ὲν
1269 3898 1350 3963 οἷς
1377 3900 1463 3952 ἔδυ
1494 3899 1641 3951 ποτέ.

372 4000 701 4054 Ἀνέτειλεν
728 3998 759 4048 ό
789 3995 957 4061 ἣλιος
1003 3994 1099 4045 καὶ
1129 3990 1549 4059 συνήχθησαν,
1583 4005 1634 4040 κ.
1661 4005 1712 4041 τ.
1743 3989 1789 4040 ὲ.

268 4093 355 4143 Ἐν
386 4085 467 4151 οἷς
509 4085 781 4139 ἀνατέλλει
807 4085 834 4134 ὁ
859 4083 1004 4151 ἥλιος
1043 4081 1142 4149 τῆς
1185 4079 1518 4147 δικαιοσύνης
1538 4117 1551 4141 ,
1583 4078 1640 4130 ὲν
1680 4076 1794 4130 τού-

254 4196 367 4241 τοις
398 4178 490 4231 καὶ
509 4177 566 4226 αἱ
590 4174 774 4227 κακίαι
800 4171 935 4224 κατὰ
961 4171 1181 4238 δύναμιν
1209 4169 1552 4237 ὑπάρχουσιν.

1961 3808 2122 3863 Vens.
2164 3808 2248 3863 i9.
2296 3808 2387 3862 ,ςοι
2436 3811 2666 3876 cognouit
2704 3825 2939 3862 occasum
2978 3827 3150 3874 suum,
3194 3820 3298 3864 etc.
3330 3810 3425 3865 Sol

1884 3898 2106 3971 jnstitia:
2137 3900 2280 3951 novit
2302 3912 2441 3951 nunc
2476 3913 2569 3952 eos
2593 3900 2645 3950 in
2677 3900 2869 3967 quibus
2894 3899 3176 3966 aliquando
3203 3900 3419 3956 occidit.

1960 3989 2118 4042 Vens.
2147 3988 2236 4041 22.
2268 3988 2423 4041 Ortus
2455 3998 2527 4041 est
2562 3988 2662 4052 sol,
2702 3996 2750 4040 et
2780 3990 3074 4056 congregati
3119 3999 3259 4053 sunt,
3310 3997 3412 4044 etc.

1888 4077 1944 4131 In
1986 4078 2179 4144 quibus
2217 4077 2374 4145 783
2419 4077 2657 4147 exoritur
2708 4076 2783 4128 sol
2820 4077 3040 4143 justitia:
3066 4115 3082 4142 ,
3138 4077 3203 4131 iis
3252 4077 3417 4130 etiam

1890 4166 2100 4218 malitiae
2130 4165 2418 4217 secundum
2452 4164 2696 4218 virtutem
2730 4165 2930 4217 insunt.

346 4265 748 4330 Ἑξελεύσεται
789 4260 1086 4326 ἄνθρωπος
1122 4257 1218 4311 ἐπὶ
1254 4257 1316 4308 τὸ
1363 4257 1534 4324 ἔργον
1585 4254 1785 4336 αὑτοῦ,

1955 4249 2116 4305 Vens.
2148 4250 2237 4304 23.
2267 4249 2440 4301 Exibit
2465 4249 2614 4302 homo
2650 4250 2718 4301 ad
2745 4265 2868 4315 opus
2903 4265 3073 4311 suum,
3105 4259 3151 4302 et
3189 4249 3257 4301 ad
3294 4264 3416 4316 ope-

254 4359 357 4413 καὶ
400 4356 497 4409 ἐπὶ
536 4353 648 4419 τὴν
674 4351 952 4419 ἐργασίαν
978 4348 1158 4401 αὑτοῦ
1193 4347 1301 4410 ἕως
1335 4345 1606 4411 ἑσπέρας,
1641 4360 1693 4395 κ.
1740 4360 1789 4396 τ.

256 4448 303 4498 ὲ.
342 4446 540 4514 Ἔργον
567 4440 660 4493 νῦν
687 4438 827 4504 λέγει
852 4437 1016 4505 αὐτὴν
1046 4435 1141 4504 τὴν
1174 4432 1302 4501 ὓλην
1328 4432 1451 4500 περὶ
1477 4432 1542 4500 ἢν
1571 4433 1604 4501 ὴ
1631 4432 1793 4500 ἐργα-

257 4533 375 4584 σίαο
413 4528 671 4601 ἐργασίαν
709 4525 764 4576 δὲ
804 4524 968 4593 αὐτὴν
1012 4523 1106 4595 τὴν
1155 4523 1345 4591 τέχνην
1390 4521 1485 4590 τὴν
1526 4521 1651 4589 ’περί⁵
1698 4519 1794 4590 τὴν

257 4623 391 4690 ὓλην
417 4616 724 4687 γινομένην.

342 4707 500 4762 Ἐκεῖ
544 4701 757 4771 ἑρπετὰ
799 4695 886 4754 ὧν
925 4700 1034 4753 οὐκ
1082 4698 1249 4751 ἐστιν
1289 4696 1546 4763 ἀριθμὸς,
1583 4713 1636 4748 κ.
1666 4712 1717 4746 τ.
1747 4695 1793 4748 ὲ.

1898 4339 2146 4391 rationem
2173 4353 2319 4390 suam
2349 4352 2505 4403 usque
2531 4340 2601 4389 ad
2628 4351 2905 4403 vesperum,
2939 4345 3044 4389 etc.
3091 4336 3234 4404 Opus
3276 4350 3419 4394 nunc

1900 4427 2172 4481 materiam
2203 4427 2339 4478 circa
2375 4441 2533 4494 quam
2559 4425 2794 4492 operatio
2826 4433 3097 4488 versatur;
3149 4424 3418 4492 operatio.

1899 4529 2018 4568 nem
2046 4522 2221 4567 autem
2246 4525 2396 4567 vocnt
2425 4521 2590 4566 artem
2620 4526 2737 4581 qua:
2763 4514 3038 4566 materiam
3088 4512 3411 4582 aggreditur.

1963 4689 2124 4744 Vsus.
2161 4690 2252 4746 25.
2276 4690 2394 4743 Illic
2424 4691 2628 4756 reptitia
2651 4705 2865 4758 quorum
2898 4706 3001 4743 non
3028 4697 3104 4742 est
3149 4704 3414 4755 numerus,

259 4796 378 4850 Τῶν
414 4791 654 4865 ἑρπετῶν
690 4788 982 4859 ἀνθρώπων
1021 4788 1107 4840 διὰ
1143 4786 1238 4856 τὴν
1280 4786 1470 4838 κακίαν
1515 4784 1612 4837 οὐκ
1656 4783 1797 4837 ἐστιν

1913 4788 2000 4835 :tc.
2034 4780 2344 4851 Repentium
2370 4780 2641 4832 hominum
2671 4787 2882 4847 propter
2921 4778 3175 4831 malitiam
3203 4792 3304 4829 non
3333 4784 3416 4829 est

257 4884 510 4955 ἀριθμός·
545 4900 564 4932 ι
602 4881 660 4932 '0
692 4878 796 4949 γάρ
841 4877 1100 4947 ἀριθμῶν,
1147 4877 1312 4946 φησὶ,
1355 4875 1528 4945 πλήθη
1565 4875 1793 4944 ἄστρων,

257 4975 353 5026 καὶ
379 4974 543 5025 πᾶσιν
568 4971 746 5029 αὐτοῖς
776 4964 1010 5034 ὀνόματα
1037 4965 1233 5017 καλῶν.
1280 4982 1300 5016 s

339 5054 693 5127 Ἀντανελεῒς
716 5053 781 5105 τὸ
805 5052 1033 5119 πνεῦμα
1062 5050 1270 5116 αὐτῶν,
1297 5051 1390 5104 καὶ
1422 5051 1787 5117 ἐκλείψουσι,

1900 4887 2170 4925 numerus.
2199 4889 2218 4922 ι
2253 4872 2352 4937 Qui
2390 4882 2633 4925 numerat
2671 4872 2831 4935 enim,
2860 4871 3032 4937 inquit
3071 4869 3132 4928 ⁷⁸,
3180 4867 3409 4923 ωιιιιὶιυμ

1891 4962 2043 5015 dines
2069 4961 2363 5022 stellarum,
2387 4973 2441 5014 et
2469 4961 2713 5013 etuuibus
2740 4959 2819 5011 eis
2841 4956 3052 5008 nomina
3078 4961 3249 5005 vocat.
3288 4969 3307 5000 ι

1960 5050 2120 5105 Vsus.
2145 5049 2235 5104 29.
2262 5049 2477 5117 Auferes
2497 5050 2738 5115 spiritum
2782 5045 3009 5101 illorum,
3058 5048 3106 5089 et
3154 5038 3413 5104 deﬁcient.

258 5145 357 5199 καὶ
380 5149 464 5209 εις
633 5139 783 5209 χοῦν
806 5139 998 5191 αὐτῶν
1027 5137 1466 5203 ἐπιστρέψουσι,
1497 5153 1550 5187 κ.
1581 5152 1629 5187 τ.
1657 5137 1703 5187 ἑ.
1731 5137 1793 5187 Οἱ

1913 5150 1938 5191 ει
1970 5140 2023 5192 in
2047 5139 2303 5206 pulverem
2333 5153 2484 5192 suum
2512 5142 2842 5191 revertentur,
2891 5134 2998 5179 etc.
3042 5124 3147 5209 Qui
3177 5126 3356 5178 datum
3385 5137 3420 5182 tt

259 5207 607 5292 ἐκπίπτοντες
635 5207 746 5280 ⁷τοῦ
803 5226 948 5295 παρὰ
990 5224 1082 5276 τοῦ
1139 5224 1270 5276 Θεοῦ
1322 5224 1557 5284 δοθέντος
1614 5223 1790 5285 αὐτοῖς

1913 5229 2004 5281 )eo
2035 5227 2163 5296 ipsis
2188 5226 2431 5293 spiritum
2451 5223 2716 5282 amittunt,
2748 5215 2881 5267 ﬁunt
2905 5207 3133 5263 terreni.

261 5321 557 5390 πνεύματος
587 5317 818 5383 γίνονται
848 5313 1035 5383 χοϊκοί.

325 5506 367 5537 ⁷⁷
400 5503 501 5558 Job
532 5478 673 5559 sxvt,
710 5498 761 5551 7.
838 5497 880 5527 ⁷⁸
907 5494 1043 5548 Psal.
1077 5510 1251 5556 eam,
1279 5493 1331 5548 4.
