3884 6262
213 298 379 352 1585
1235 300 1539 355 ΒΕΙΔΞΕΤΑ
1577 301 1643 356 ΙΝ
1677 291 1747 355 PE

1892 300 2019 357 [05f
2041 326 2112 344 -
2144 301 2330 356 PSAL.
2368 301 2501 359 CV1.
3294 305 3426 359 1566

210 410 398 463 τοῦτο
446 411 624 477 σώζει
672 414 814 484 ἡμᾶς
854 433 882 469 ο
930 418 1142 486 Κυριυιη
1189 420 1272 470 rvat
1308 420 1502 486 γνῶσιν
1548 422 1674 491 ἡμῖν
1710 438 1744 473 τ

1905 435 1999 475 nos
2026 421 2276 476 Dominus
2325 430 2381 474 ut
2433 418 2784 490 cognitionem
2835 420 2985 476 nobis
3027 422 3269 489 potentia:
3312 437 3423 476 sua)

209 498 581 564 δυναστείας
604 505 771 556 αὑτοῦ
794 505 1099 575 χαρίσηται.

836 505 1099 575 αρίσηται.
1906 511 2176 578 largiatur.
2366 509 2370 513 ’

291 585 415 654 Εἷς
436 592 522 655 ἐξ
557 593 752 646 αὐτῶν
780 596 888 661 οὐχ
918 596 1259 661 ὑπελείφθη,
1289 613 1341 649 κ.
1373 613 1423 648 τ.
1457 599 1503 648 ἐ.
1534 597 1808 667 Μακάριος

1974 601 2132 653 Vens.
2159 601 2242 651 Η.
2268 596 2411 650 Unus
2436 613 2499 651 ea:
2522 599 2594 650 eis
2622 611 2722 648 non
2773 599 3037 662 remansit,
3071 607 3176 651 etc.
3232 596 3424 652 Beatus

211 669 418 742 οὗτος,
450 674 505 746 ᾧ
539 681 724 750 μηδεὶς
748 682 855 734 τῶν
888 683 1091 751 ἐχθρῶν
1119 683 1474 738 ὑπολείπεται.

1440 703 1474 738 ι.
1903 687 1990 742 ille
2009 687 2094 741 cui
2121 688 2294 740 nullus
2327 687 2660 740 inimicorum
2704 687 2974 739 remansit.

302 769 445 820 Οὐκ
494 770 828 837 ὑπέμειναν
856 770 966 836 τὴν
985 772 1222 838 ,ϐουλὴν
1250 774 1452 837 αὐτοῦ,
1482 774 1573 825 καὶ
1604 774 1808 826 ἐπεθύ-

1972 775 2132 831 Vens.
2163 776 2339 839 13,14.
2371 774 2490 827 Non
2519 775 2866 827 sustinuerunt
2904 772 3172 825 consilium
3208 772 3339 840 ejus,
3371 778 3421 823 et

211 872 451 925 μησαν
477 858 809 926 ἐπιθυμίαν
834 860 903 910 ἐν
928 858 999 926 τῇ
1023 861 1233 929 ἐρήμῳ,
1276 879 1329 914 κ.
1372 879 1423 916 τ.
1464 865 1509 914 ἐ.
1545 862 1655 916 Οὐκ
1690 864 1745 915 ἀν

1903 864 2262 931 concupierunt
2302 862 2757 926 concupiscentiam
2797 860 2852 912 in
2902 860 3120 919 deserto,
3168 869 3272 913 etc.
3306 858 3417 912 Non

217 958 435 1013 μειναν
470 945 587 1015 τὴν
606 947 762 1016 χάριν
788 947 969 1011 αὑτοῦ,
1000 948 1110 1000 ἀλλ’
1146 949 1459 1002 ἐπελάθοντο
1497 951 1601 1005 τῶν
1634 950 1751 1021 ἑργι

1901 958 2343 1017 exspectaverunt
2374 956 2599 1014 gratiam
2630 945 2764 1013 ejus,
2816 945 2906 999 sed
2953 944 3103 999 obliti
3134 955 3257 999 sunt
3298 959 3420 1013 ope-

217 1030 406 1083 αὑτοῦ
452 1034 564 1086 καὶ
592 1035 934 1103 ἐπεθύμησαν
958 1037 1245 1105 ἐπιθυμίαν
1273 1041 1463 1107 κακήν.

1900 1050 2016 1089 rum
2047 1035 2181 1102 ejus,
2208 1045 2260 1090 et
2285 1035 2665 1098 concupierunt
2686 1033 3170 1101 concupiscentiam
3206 1034 3416 1089 malam.

295 1122 424 1174 Kal
464 1123 823 1189 ἠλλάξαντο
854 1126 967 1192 τὴν
990 1126 1172 1189 δόξαν
1197 1127 1389 1180 αὐτῶν
1413 1128 1481 1180 ἐν
1502 1127 1806 1195 ὁμοιώματι

1968 1122 2126 1177 Vens.
2156 1123 2246 1175 20.
2275 1121 2338 1174 Et
2375 1128 2699 1181 mutaverunt
2729 1120 2946 1188 gloriam
2971 1136 3117 1173 suam
3149 1122 3201 1172 in
3231 1121 3413 1173 simili-

213 1222 486 1276 ;eoa'xov
537 1212 846 1275 ἐσθίοντος
872 1213 1098 1278 χόρτον,
1139 1232 1192 1266 κ.
1231 1231 1281 1267 τ.
1317 1216 1363 1267 ἐ.
1400 1218 1463 1267 0i.
1505 1215 1747 1278 δοξάζοντ

1900 1212 2125 1263 tudinem
2149 1210 2293 1263 vituli
2334 1212 2639 1263 comedenlis
2697 1211 2889 1274 fenum,
2925 1217 3029 1262 etc.
3077 1208 3173 1271 Oui
3223 1208 3420 1276 glorifi-

218 1299 452 1367 κτίσμα
482 1299 649 1369 παρὰ
676 1301 765 1352 τὸν
793 1303 1064 1363 κτίσαντα,
1093 1295 1232 1356 οῦτοι
1262 1304 1573 1356 ἀλλάσσουσι
1600 1304 1693 1371 τὴν
1724 1304 1752 1355 δ

1901 1308 2022 1351 cant
2047 1307 2347 1352 creaturam
2374 1307 2563 1365 praeter
2611 1298 2937 1359 Creatorem,
2996 1298 3049 1349 hi
3084 1305 3420 1348 mutaverunt

224 1384 331 1449 ξαν
352 1387 580 1440 αὐτῶν.
604 1406 622 1437 ‹
655 1390 761 1439 Καὶ
785 1389 1031 1456 ἤλλαξαν,
1057 1391 1216 1459 φησὶν
1237 1393 1266 1442 ὁ
1298 1391 1519 1453 Παῦλος,
1537 1392 1630 1460 τὴν
1653 1391 1758 1453 δόξα

1901 1388 2120 1457 gloriam
2154 1402 2323 1441 suam.
2362 1405 2381 1437 ι
2413 1387 2477 1439 Et.
2523 1393 2880 1449 mutaverunt,
2929 1384 3099 1452 inquit
3139 1384 3332 1438 Paulus
3353 1384 3418 1448 ⁸⁸⁸,

219 1473 325 1524 τοῦ
352 1475 661 1545 ἀφθάρτου
691 1478 821 1528 Θεοῦ
847 1480 903 1529 ἐν
934 1478 1227 1547 ὁμοιώματι
1250 1479 1481 1547 φθαρτοῦ
1504 1478 1753 1548 ἀνθρώποι

1901 1475 2117 1543 gloriam
2151 1474 2564 1541 incorruptibilis
2592 1474 2681 1525 Dei
2722 1473 2773 1525 in
2800 1473 3195 1525 similitudinem
3237 1486 3421 1525 corru-

223 1564 329 1617 καὶ
364 1565 675 1627 πετεινῶν,
706 1567 795 1618 καὶ
822 1567 1173 1629 τετοαπόδων,
1204 1568 1298 1619 καὶ
1326 1568 1581 1636 ἑρπετῶν.
1618 1586 1636 1617 ›

1898 1561 2094 1628 ptibilis
2118 1560 2366 1625 hominis,
2410 1567 2466 1614 et
2496 1560 2790 1621 volucrum,
2823 1568 2871 1612 et
2924 1559 3341 1626 quadrupedum,
3367 1565 3421 1612 et

1899 1649 2243 1715 serpentium.
2280 1668 2300 1699 ι

298 1737 421 1791 Kal
468 1735 613 1791 εἷπε
650 1739 752 1793 τοῦ
787 1714 1197 1806 ἐξολοθρεῦσαι
1227 1742 1459 1806 αὐτοὺς,
1492 1759 1546 1794 κ.
1578 1760 1628 1795 1.
1659 1744 1703 1795 ἐ.
1738 1743 1800 1795 Ἡ
1831 1719 1832 1723 Ἴ

1973 1714 2128 1789 Vens.
2149 1737 2239 1789 25.
2267 1724 2489 1789 Et'dizit
2519 1745 2574 1788 ut
2604 1737 2915 1804 disperderet
2941 1752 3045 1800 eos,
3078 1746 3182 1790 etc.
3237 1735 3419 1789 Perdi-

224 1827 632 1897 ἐξολόθρευσις
661 1827 751 1881 νῦν
778 1829 872 1898 τὴν
907 1828 1183 1897 μετάθεσιν
1203 1830 1300 1899 τὴν
1325 1832 1387 1882 ἐκ
1416 1829 1507 1882 τοῦ
1541 1831 1653 1899 βίου
1682 1834 1758 1883 1ot'

1682 1831 1803 1883 τού-
1900 1822 1971 1875 ιίο
2002 1822 2103 1875 hoc
2131 1823 2246 1877 loco
2276 1824 2554 1877 transitum
2583 1837 2644 1876 ex
2671 1823 2770 1877 hac
2796 1824 2902 1876 vita
2933 1824 3213 1890 signiﬁcat.

223 1928 322 1963 του
361 1914 665 1982 σημαίνει.
2530 1960 2538 1969 α

302 2004 381 2054 El
412 2001 512 2069 μὴ
558 2002 816 2068 Μωῦσῆς
860 2005 892 2055 ό
936 2004 1210 2068 ἐκλεκτὸς
1239 2005 1416 2058 αὐτοῦ
1458 2006 1600 2072 ἔστη
1627 2006 1696 2059 ἐν
1729 2005 1802 2073 τῇ

1963 1994 2093 2050 lem.
2126 1995 2183 2051 Si
2218 2015 2319 2052 non
2351 1998 2552 2065 Moyses
2575 1998 2763 2051 electus
2784 1999 2893 2066 ejus
2944 2000 3163 2052 stetisset
3207 2000 3261 2050 in
3297 2013 3418 2051 con-

224 2093 499 2156 θραύσει
536 2090 791 2144 ἐνώπιον
825 2093 1025 2154 αὐτοῦ,
1053 2093 1155 2145 τοῦ
1187 2094 1551 2161 ἀποστρέψαι
1574 2095 1678 2147 τὸν
1704 2098 1758 2149 θι

1898 2086 2147 2154 fractione
2172 2088 2223 2139 in
2256 2097 2524 2154 conspectu
2572 2090 2681 2157 efus
2722 2097 2774 2139 ut
2827 2097 3066 2141 averteret
3100 2088 3231 2139 iram
3270 2102 3416 2139 suam

217 2180 352 2246 μὸν
385 2179 618 2240 αὐτοῦ,
646 2177 749 2230 τοῦ
764 2179 847 2246 μὴ
868 2179 1281 2245 ἐξολοθρεῦσαι
1309 2180 1542 2244 αὐτοὺς,
1588 2198 1640 2233 κ.
1669 2198 1718 2233 τ.

1897 2191 1962 2227 ne
2005 2176 2310 2242 disperderet
2363 2191 2471 2240 eos,
2506 2186 2609 2229 etc.
2677 2175 3074 2230 Observandum
3119 2185 3200 2229 est
3254 2176 3413 2228 etiam

222 2266 627 2335 Σημειωτέον,
656 2266 734 2318 ὅτι
768 2267 857 2318 καὶ
882 2263 958 2328 εἷς
981 2267 1147 2333 ἅγιος,
1168 2268 1240 2329 ὡς
1263 2270 1290 2319 ὁ
1311 2270 1560 2336 Μωῦσῆς,
1587 2268 1756 2320 δυνατι

1898 2278 2057 2315 unum
2082 2272 2340 2326 sanctum,
2367 2263 2537 2330 qualis
2563 2274 2677 2317 erat
2720 2264 2943 2333 Moyses,
2979 2279 3134 2333 posse
3174 2272 3417 2319 avertere

227 2358 386 2408 ἐστιν
415 2355 768 2425 ἀποστρέψαι
818 2355 977 2424 ὀργὴν
1025 2357 1318 2425 φερομένην
1365 2358 1447 2408 ἐπ’
1487 2357 1632 2419 ἔθνος
1664 2359 1761 2410 ὅλοι

1487 2357 1632 2419 ἔθνος
1664 2359 1797 2411 ὅλον,
1900 2353 2030 2403 iram
2062 2351 2112 2403 in
2140 2361 2347 2419 gentem
2378 2352 2674 2405 universam
2703 2354 3004 2407 excitatam.

303 2443 421 2494 Kal
472 2440 894 2503 ἐξουδένωσαν
922 2441 1037 2508 γῆν
1075 2443 1452 2510 ἐπιθυμητὴν,
1479 2461 1531 2496 κ.
1575 2462 1623 2498 τ.
1656 2447 1699 2498 ἐ.
1738 2448 1799 2498 Ἡ

1964 2437 2119 2492 Vens.
2141 2440 2228 2492 24.
2267 2440 2330 2492 Et
2368 2457 2460 2507 pro
2489 2442 2645 2492 nihilo
2680 2442 2964 2494 habuerunt
3001 2426 3417 2495 terram’desideo

230 2529 305 2600 γῆ
334 2527 664 2597 ἐπιθυμητὴ
692 2529 723 2597 ἡ
756 2528 992 2596 βασιλεία
1025 2530 1136 2581 ἐστὶ
1161 2530 1265 2583 τῶν
1294 2533 1549 2603 οὐρανῶν.

1897 2525 2127 2590 rabilem,
2160 2539 2262 2580 etc.
2291 2526 2454 2581 Terra
2484 2528 2850 2583 desiderabilis
2882 2539 2965 2582 est
3011 2544 3227 2596 regnum
3253 2528 3416 2583 coelo-

1898 2628 2032 2666 rum.

306 2708 423 2760 Kal
455 2706 650 2775 ἐπῆρε
672 2708 782 2775 τὴν
810 2710 972 2777 χεζοα
996 2711 1176 2764 αὐτοῦ
1201 2713 1290 2764 ἐπ’
1320 2713 1554 2777 αὐτοὺς,
1579 2730 1631 2764 κ.
1664 2730 1714 2764 τ.
1750 2714 1795 2764 ἐ.

1963 2702 2124 2756 Vens.
2150 2703 2237 2757 26.
2273 2702 2334 2756 Et
2357 2704 2561 2757 elevavit
2591 2721 2797 2758 manum
2823 2721 2966 2758 suam
2989 2722 3138 2772 super
3159 2721 3265 2767 eos,
3306 2712 3409 2760 etc.

233 2797 414 2867 Χεῖρα
447 2796 606 2863 λέγει
638 2797 733 2859 τὰς
764 2799 1079 2862 κολαπικάς
1104 2801 1261 2854 αὐτοῦ
1291 2803 1558 2872 δυνάμεις.

1896 2789 2105 2842 Manum
2137 2790 2263 2844 dicit
2286 2792 2509 2844 virtutes
2533 2792 2643 2859 ejus
2668 2806 2784 2860 quas
2806 2806 2988 2858 pteuas
3014 2791 3272 2859 inﬂigunt.

305 2886 423 2940 Kal
463 2886 876 2952 ἐτελέσθησαν
906 2888 984 2952 τῷ
1020 2891 1372 2957 Βεελφεγὼρ,
1405 2908 1458 2944 κ.
1491 2909 1540 2944 τ.
1569 2893 1613 2944 ἑ.
1647 2892 1799 2945 Βεελσ-

1962 2880 2121 2934 Vens.
2149 2879 2235 2933 28.
2266 2879 2329 2932 Et
2359 2881 2550 2933 initiati
2578 2891 2694 2934 sunt
2727 2882 3056 2949 Beelphegor,
3101 2891 3207 2936 etc.
3261 2880 3413 2936 Beel-

235 2974 431 3045 φεγὼρ
461 2974 687 3026 εἴδωλον
719 2974 806 3027 τοῦ
839 2975 944 3045 Βὴλ
970 2977 1026 3029 ἐν
1050 2976 1130 3046 ,τῷ
1165 2978 1306 3048 τόπῳ
1334 2978 1423 3031 τοῦ
1453 2979 1655 3048 Φεγώρ.

1642 3021 1655 3034 ,
1820 3001 1862 3057 C
1894 2967 2093 3057 phegor
2121 2968 2457 3057 simulacrum
2482 2979 2562 3022 est
2592 2968 2700 3021 Beli
2729 2968 2780 3021 in
2802 2968 2916 3022 loco
2951 2968 3172 3037 Phegor.

307 3063 421 3115 Kal
472 3063 706 3129 ἔφαγον
757 3064 964 3129 θυσίας
1001 3065 1241 3131 νεκρῶν,
1293 3084 1344 3119 κ.
1387 3085 1435 3119 τ.
1482 3070 1525 3121 ἐ.
1569 3069 1791 3132 Τελετάς
1832 3055 1841 3057 ξ

1960 3055 2087 3110 Isto.
2138 3055 2204 3108 Et
2249 3058 2571 3111 comederunt
2619 3058 2877 3124 sacriﬁcia
2924 3068 3264 3119 mortuorum,
3306 3066 3413 3111 etc.

236 3149 448 3216 ἤγαγον
498 3148 581 3215 τῷ
628 3146 958 3219 Βεελφεγὼρ,
1014 3152 1330 3219 μνησθέντες
1363 3154 1419 3205 ἐν
1454 3156 1562 3215 τοῖς
1594 3172 1770 3226 μυστη

1990 3144 2049 3212 ιε
2080 3143 2273 3198 Initiati
2306 3153 2429 3198 sunt
2484 3145 2823 3215 Beelphegor,
2877 3144 3025 3211 cujus
3061 3146 3415 3199 meminerunt
3521 3173 3524 3177 “

240 3234 376 3302 ρίοις
407 3232 581 3285 αὐτοῦ

1891 3229 1942 3281 in
1976 3230 2259 3298 mysteriis.

305 3321 420 3373 Kal
457 3321 616 3386 ἔστη
647 3320 863 3385 Φινεὲς,
891 3322 985 3373 καὶ
1027 3322 1363 3386 ἐξιλάσατο,
1392 3341 1445 3376 κ.
1476 3340 1525 3375 τ.
1554 3326 1599 3375 ἐ.
1633 3329 1791 3377 Ἀνω-

1962 3314 2117 3369 Vens.
2139 3314 2227 3372 30.
2256 3315 2321 3367 Et
2350 3318 2485 3369 stetit
2517 3316 2757 3379 Phinees,
2783 3325 2827 3367 et
2873 3316 3113 3382 placavit.
3145 3324 3248 3368 etc.
3306 3316 3410 3367 Su-

235 3410 381 3479 τέρω
429 3410 531 3478 μὲν
558 3408 727 3474 λέγει,
775 3409 853 3460 ὅτι
910 3410 1036 3476 ἔστη
1084 3412 1316 3479 Μωῦσῆς
1359 3414 1450 3465 καὶ
1496 3414 1769 3483 ἀπέστρεψε

1888 3417 1981 3470 pra
2006 3402 2217 3468 quidem
2253 3402 2382 3455 dicit
2413 3404 2625 3456 stetisse
2665 3403 2876 3471 Moysen
2901 3412 2956 3455 et
2985 3403 3244 3454 avertisse
3275 3402 3406 3455 iram

238 3496 334 3566 τὴν
364 3496 624 3566 θραῦσιν,
657 3494 767 3547 ἀλλ’
800 3494 1060 3548 ἐκόπασεν
1093 3498 1125 3567 ἠ
1154 3498 1391 3568 θραῦσις.

1889 3489 2001 3555 ejus
2042 3503 2058 3541 :
2094 3489 2181 3543 bic
2210 3499 2387 3543 autem
2422 3490 2631 3544 stetisse
2658 3489 2914 3551 Pbineen,
2943 3500 3123 3543 etnon
3154 3491 3409 3547 avertisse

1887 3577 2295 3645 quassationem,
2329 3580 2418 3632 sed
2446 3591 2686 3631 cessasse
2709 3577 3124 3644 quassationem.

310 3668 422 3721 Kal
449 3667 751 3734 ἐμίγησαν
775 3664 843 3716 ἐν
881 3664 999 3729 τοῖς
1037 3665 1251 3726 ἔθνεσι,
1285 3682 1338 3717 κ.
1374 3683 1424 3717 τ.
1453 3666 1499 3718 ἐ.
1529 3667 1790 3733 Μίγνυταί

1957 3664 2114 3719 Vens.
2168 3666 2253 3720 35.
2300 3666 2364 3718 Et
2406 3666 2655 3719 commisti
2693 3676 2809 3718 sunt
2860 3667 2992 3718 inter
3038 3676 3245 3734 gentes,
3300 3676 3405 3722 etc.

236 3774 322 3821 τις
347 3760 462 3819 τοῖς
495 3756 677 3807 ἔθνεσι
703 3753 959 3806 δουλεύων
989 3754 1256 3821 γλυπτοῖς.

1887 3753 2139 3808 Gentibus
2161 3754 2532 3808 commiscetur
2574 3754 2662 3821 qui
2692 3753 2856 3807 servit
2888 3754 3235 3822 sculptilibus.

309 3848 420 3901 Kal
458 3847 839 3912 ἐπόρνευσαν
864 3844 932 3895 ἐν
958 3844 1078 3907 τοῖς
1101 3844 1553 3911 ἐπιτηδεύμασιν
1577 3845 1786 3908 αὐτῶν,

1959 3841 2113 3893 Vens.
2160 3841 2246 3895 59.
2294 3841 2362 3893 Et
2407 3842 2652 3909 fornicati
2701 3851 2818 3894 sunt
2874 3843 2924 3895 in
2970 3841 3407 3895 adinventionibus

242 3953 296 3987 κ.
322 3952 374 3987 1.
410 3937 459 3986 ἐ.
498 3931 757 4002 Πορνεύει
804 3930 943 3999 ψυχὴ
992 3931 1272 4000 σπέρματα
1317 3930 1655 4000 λαμϐάνουσα
1694 3933 1776 4001 τῆς

1884 3928 2012 3993 suis,
2039 3937 2139 3981 etc.
2165 3930 2479 3999 Fornicatur
2526 3931 2700 3983 anima
2747 3946 2867 3984 cum
2912 3930 3229 3983 adversaria:
3260 3939 3408 3999 pote-

243 4021 631 4090 άντικειμὲνης
659 4018 949 4087 δυνάμεως,
978 4018 1069 4069 καὶ
1098 4018 1347 4070 τίκτουσα
1372 4018 1530 4070 τέκνα
1562 4019 1777 4090 πονηρά.

1609 4019 1783 4090 ονηρά.
1886 4016 2038 4071 statis
2063 4018 2263 4070 semina
2290 4019 2530 4085 suscipit,
2551 4028 2603 4071 et
2635 4019 2799 4071 malos
2820 4020 2959 4093 parit
2990 4019 3143 4072 lilios.

309 4109 416 4160 Kal
456 4106 823 4168 ἐϐδελύξατο
860 4104 971 4170 τὴν
1000 4105 1390 4171 κληρονομίαν
1415 4103 1615 4170 αὐτοῦ,
1650 4122 1702 4157 κ.
1734 4122 1783 4158 1.

1952 4103 2111 4158 Vens.
2142 4105 2228 4158 40.
2265 4105 2327 4158 Et
2360 4107 2682 4159 abominatus
2728 4116 2801 4160 est
2852 4107 3204 4160 hareditatcm
3232 4122 3405 4172 suam,

247 4194 292 4245 ἐ.
325 4211 344 4242 ι
378 4191 732 4263 Κληρονομία
760 4190 958 4259 Κυρίου
989 4190 1153 4258 ψυχαὶ
1178 4189 1403 4255 λογικαί.
1438 4209 1457 4241 ι

1881 4200 1988 4246 etc.
2012 4193 2305 4247 Hmreditas
2351 4193 2553 4247 Domini
2580 4203 2702 4247 sunt
2731 4196 2918 4247 anima:
2967 4195 3328 4249 rationabiles.

310 4282 420 4334 Kal
452 4280 811 4346 ἐκυρίευσαν
835 4275 1025 4330 αὐτῶν
1053 4281 1105 4330 οἱ
1129 4278 1441 4344 μισοῦντες
1472 4278 1703 4343 αὐτοὺς,
1729 4297 1781 4332 κ.
1814 4293 1844 4346 ις

1955 4282 2113 4336 Vens.
2133 4283 2220 4337 41.
2245 4282 2581 4339 Et,domiuati
2608 4292 2726 4336 sunt
2747 4299 2922 4336 eorum
2953 4283 3041 4350 qui
3062 4284 3276 4336 oderunt
3298 4299 3404 4346 eos,

244 4383 295 4419 1.
322 4368 369 4420 ἐ.
404 4367 666 4436 Δαίμονές
693 4366 825 4417 εἰσιν
851 4367 897 4417 οἱ
928 4364 1200 4434 μισοῦντες
1229 4368 1372 4436 ἡμᾶς
1402 4369 1493 4420 καὶ
1522 4367 1778 4432 θλίϐοντες

1883 4380 1986 4424 etc.
2040 4370 2316 4425 Daemones
2344 4372 2580 4439 suntqui
2630 4372 2855 4426 oderunt
2904 4386 3004 4425 nos
3047 4380 3101 4425 et
3155 4372 3405 4425 tribulant

247 4454 340 4516 τὰς
366 4454 542 4523 ψυχὰς
566 4451 741 4521 ἡμῶν·

1883 4458 2087 4511 animas
2118 4468 2344 4513 nostras.
3056 4502 3072 4521 ρ

313 4543 419 4593 Kal
469 4542 693 4595 ἔδωκεν
742 4540 954 4604 αὐτοὺς
1005 4543 1091 4605 είς
1147 4541 1467 4607 οἱκτιρμοὺς
1515 4541 1785 4594 ἐναντίον

1954 4545 2111 4600 Vens.
2157 4547 2247 4600 46.
2279 4547 2346 4599 Ει
2392 4547 2532 4600 dedit
2568 4563 2653 4600 eos
2681 4548 2736 4601 in
2774 4549 3155 4602 misericordias
3206 4549 3259 4600 in
3285 4563 3391 4600 con-

251 4627 483 4680 πάντων
526 4629 645 4681 τῶν
673 4628 1266 4696 αὶχμαλωτευσάντων
1294 4629 1523 4692 αὐτοὺς,
1552 4646 1605 4681 κ.
1644 4646 1695 4681 τ.
1732 4631 1779 4682 ἐ.

1883 4643 2055 4699 specta
2085 4635 2305 4687 omnium
2335 4635 2422 4703 qui
2444 4644 2681 4703 ceperant
2707 4652 2812 4699 eos,
2841 4645 2942 4689 etc.
2978 4637 3110 4689 Hinc
3153 4636 3404 4690 discimus

263 4714 528 4769 Ἐντεῦθεν
565 4716 918 4787 μανθάνομεν,
954 4720 1032 4772 ὅτι
1076 4719 1168 4770 καὶ
1207 4716 1298 4769 τοῦ
1346 4715 1602 4770 ἐλεεῖσθαι
1639 4719 1782 4788 ἡμᾶς

1639 4719 1782 4788 ἡμᾶς
1884 4738 1980 4777 nos
2016 4723 2176 4779 etiam
2210 4723 2572 4778 misericordia
2599 4724 2782 4792 dignos
2810 4740 2838 4777 a
2873 4724 2979 4779 Deo
3003 4725 3135 4779 elIici

251 4800 282 4853 ὁ
308 4803 503 4873 Κύριος
530 4803 709 4869 ἀξίους
738 4808 896 4859 ποιεῖ.

792 5006 1075 5058 ΨΑΑΜΟΣ
1104 5008 1239 5071 Pq'.

2400 5009 2713 5066 PSALMUS
2748 5010 2874 5066 CVI.

323 5091 438 5143 Ὅτι
462 5090 747 5157 exoptem
776 5090 984 5159 ψυχὴν
1003 5090 1203 5157 κενὴν,
1233 5108 1286 5144 κ.
1319 5108 1369 5143 τ.
1398 5091 1442 5143 ἐ.
1469 5092 1625 5161 Ψυχὴ
1658 5092 1783 5161 κενή

1943 5094 2106 5150 Vens.
2136 5096 2187 5150 9.
2222 5096 2357 5161 Quia
2385 5100 2591 5152 satiavit
2615 5100 2847 5152 animam
2872 5098 3097 5158 inanem,
3130 5105 3237 5150 etc.
3278 5095 3396 5149 lna-

257 5176 367 5229 ἐστι
394 5178 428 5246 ἡ
451 5178 655 5247 ἀρετῶν
686 5181 782 5231 καὶ
812 5178 1057 5246 γνώσεως
1082 5180 1429 5248 ἐστερημένη.

1874 5184 1956 5237 nis
1978 5193 2061 5237 est
2090 5185 2264 5237 anima
2297 5200 2412 5253 quae
2437 5186 2720 5238 virtutibus
2741 5194 2792 5236 et
2822 5183 3044 5236 scientia
3070 5184 3270 5250 privata
3289 5192 3392 5237 est.

316 5266 420 5319 Kal
442 5265 727 5345 ἐξήγαγεν
751 5267 965 5330 αὐτοὺς
993 5266 1058 5317 ἐκ
1089 5267 1341 5331 σκότους
1370 5268 1463 5320 καὶ
1484 5267 1657 5332 σκιᾶς
1684 5273 1782 5323 θαι

1944 5273 2102 5327 Vens.
2138 5275 2221 5327 Η.
2245 5274 2311 5327 Ει
2337 5276 2511 5327 eduxit
2540 5289 2625 5326 eos
2659 5273 2721 5324 de
2747 5270 2961 5323 tenebris
2984 5279 3031 5322 et
3057 5272 3235 5324 umbra
3255 5287 3393 5324 mor.

258 5350 449 5420 νότου,
479 5371 532 5407 κ.
568 5371 619 5408 τ.
661 5355 707 5407 ἐ.
752 5355 899 5410 Καθδ
944 5354 1055 5421 φῶς
1101 5355 1241 5408 ἐστιν
1271 5356 1300 5406 ὁ
1336 5356 1551 5424 Κύριος,
1602 5356 1777 5425 ἐξάγει

1871 5362 1959 5426 tis,
1984 5370 2087 5417 etc.
2143 5361 2413 5428 Quatenus
2438 5361 2527 5413 lux
2571 5367 2652 5413 est
2697 5357 2969 5422 Dominus,
3000 5359 3180 5413 educit
3208 5372 3304 5413 nos
3327 5360 3390 5414 de

322 5505 366 5537 "
392 5506 540 5564 Rom.
567 5523 603 5567 t.
627 5509 717 5565 23.
