3884 6230
174 307 294 364 1369

1107 299 1417 368 SELECTA
1444 301 1512 360 ΙΝ
1546 306 1879 368 PSALMOS.
1914 344 1982 355 —
2015 314 2207 371 PSAL.
2241 316 2377 372 CXI.

3174 317 3308 371 1570

162 427 204 481 δ.
233 426 494 497 Χρηστέον
522 427 600 499 τῷ
630 429 774 500 ῥητῷ
799 430 931 501 πρὸς
951 430 1070 494 τοὺς
1098 423 1558 499 καταφρονοῦντας
1588 431 1666 501 τῆι

1786 442 1887 487 etc.
1916 431 2028 486 IIoc
2060 434 2177 487 loco
2204 434 2459 487 utendum
2490 426 2743 487 adversus
2769 448 2860 489 eos
2903 436 2990 502 qui
3034 436 3297 490 abstinen-

164 517 253 583 ὲγκ
262 516 487 586 ρατείας.

224 603 653 669 Καταράσονται
674 606 858 669 αὐτοὶ,
879 605 974 658 καὶ
998 606 1076 660 σὺ
1098 604 1461 674 εὐλογήσας,
1481 622 1535 658 κ.
1557 624 1608 659 τ.
1631 608 1678 661 ὲ.

163 690 344 744 Τοῦτον
367 692 575 762 εὐλογεῖ
602 694 822 763 Κύριος,
851 695 910 749 ὃν
937 697 1285 766 ἀντικείμενοι
1323 695 1677 766 καταρῶνται.

699 871 987 925 ΨΑΛΜΟΣ
1016 872 1133 928 ΡΘθ.

218 954 371 1008 Μετὰ
399 956 512 1009 σοῦ
542 959 581 1026 ἡ
611 958 764 1026 ἀρχὴ
796 960 864 1011 ἐν
897 961 1080 1028 ᾑμέρᾳ
1107 962 1213 1029 τῆς
1240 963 1535 1033 δυνάμεώς
1563 983 1677 1022 σου

156 1040 219 1092 ἐν
245 1041 365 1105 ταῖς
396 1045 768 1111 λαμπρότησι
798 1046 913 1098 τῶν
943 1048 1139 1116 ἁγίων,
1174 1067 1225 1102 κ.
1260 1068 1308 1102 τ.
1355 1052 1401 1103 ὲ.
1436 1052 1498 1104 Ei
1535 1053 1673 1123 ἀρχὴ

158 1127 243 1179 τοῦ
276 1129 400 1181 Υίοῦ
423 1131 452 1181 ὁ
480 1132 693 1201 Πατὴρ,
714 1135 746 1203 ἡ
771 1134 825 1185 δὲ
847 1135 991 1205 ἀρχὴ
1027 1131 1094 1205 ἦν
1124 1137 1257 1206 μετά
1290 1138 1383 1190 τοῦ
1423 1141 1672 1208 Χριστοῦ,

155 1218 317 1280 καλῶς
351 1218 494 1288 λέγει
523 1223 582 1274 ὲν
612 1226 722 1286 τοῖς
752 1224 1093 1292 Εὑαγγελίοις
1122 1228 1207 1279 τό⁹
1245 1248 1263 1278 ‹
1292 1228 1400 1281 Οὐκ
1437 1231 1548 1298 sip).
1579 1231 1674 1298 μό-

152 1323 251 1370 νος,
295 1308 404 1360 ἀλλ’
443 1309 554 1376 ἐγὼ
587 1312 681 1363 καὶ
705 1312 734 1361 ὁ
758 1313 972 1381 πέμψας
1019 1331 1085 1383 με
1138 1316 1339 1385 Πατήρ.
1374 1334 1393 1366 ι
1440 1317 1673 1386 Ἡμέραν

1788 521 1914 575 tiam
1943 530 2305 575 contemnunt.

1851 609 2013 663 Vens.
2041 611 2130 664 9.8.
2156 610 2461 663 Maledicent
2484 605 2580 671 illi,
2601 620 2646 661 et
2669 619 2721 664 tu
2745 615 3021 678 benedices,
3044 623 3149 666 etc.
3165 612 3297 669 Huic

1783 699 2059 753 benedicit.
2087 699 2343 753 Dominus
2390 698 2475 752 cui
2502 698 2786 753 adversarii
2819 702 3155 756 maledicunt.

2299 875 2609 930 PSALMUS
2645 874 2775 929 CIX.

1850 966 2011 1020 Vens.
2038 964 2092 1018 5.
2124 961 2309 1016 Tecum
2348 963 2651 1031 principium
2673 964 2726 1015 in
2759 964 2842 1016 die
2880 964 3085 1018 uirtutis
3109 974 3210 1020 tum
3241 969 3296 1021 in

1779 1054 2132 1121 splendoribus
2180 1061 2491 1115 sanctorum,
2548 1062 2650 1105 etc.
2701 1051 2754 1105 Si
2814 1053 3127 1120 principium
3179 1056 3295 1109 Filii

1782 1142 1936 1195 Pater
1956 1151 2053 1201 est,
2085 1140 2396 1208 principium
2428 1148 2603 1192 autem
2629 1147 2744 1192 erat
2769 1154 2887 1193 cum
2916 1141 3149 1203 Christo.
3183 1147 3296 1207 pul-

1777 1230 1902 1283 chre
1934 1230 2062 1282 dicit
2090 1229 2142 1280 in
2173 1226 2471 1296 Evangeliis
2490 1226 2572 1278 "z
2605 1245 2623 1277 ι
2658 1226 2768 1280 Non
2798 1243 2912 1281 sum
2946 1229 3105 1296 787
3131 1230 3293 1290 solus,

1773 1319 1863 1369 sed
1892 1332 1989 1385 ego
2011 1327 2063 1370 et
2086 1319 2171 1385 qui
2200 1318 2342 1369 misit
2370 1333 2451 1369 me
2487 1316 2660 1370 Pater.
2699 1336 2718 1367 ι
2752 1318 2894 1369 Diem
2923 1328 3096 1372 autem
3126 1319 3295 1372 virtu-

151 1394 203 1445 δὲ
247 1394 519 1464 δυνάμεως
562 1395 682 1450 εἷπε
724 1400 819 1470 τὴν
861 1401 1066 1470 ἡμέραν
1103 1401 1193 1453 τοῦ
1242 1404 1485 1472 σταυροῦ,
1515 1403 1546 1472 ἢ
1577 1404 1666 1473 τῆς

1776 1406 1841 1458 tis
1866 1406 1998 1458 dixit
2020 1405 2158 1460 diem
2185 1407 2379 1472 crucis,
2406 1406 2488 1459 vel
2521 1406 2923 1459 Incarnationis.

152 1482 452 1556 ὲνανθρωπή
463 1503 620 1549 σεως.

224 1573 315 1625 Ἐκ
365 1577 624 1642 γαστρὸς
678 1576 788 1643 πρὸ
834 1578 1166 1646 Ἑωσφόρου
1223 1577 1515 1646 ἐγέννησά
1573 1593 1664 1636 σε.

1832 1573 1994 1631 Vens.
2034 1578 2089 1630 '5.
2135 1576 2217 1629 Ea:
2251 1585 2396 1630 utero
2426 1587 2547 1630 ante
2572 1577 2868 1646 Luciferum
2910 1580 3060 1647 genui
3089 1589 3157 1643 te,
3187 1590 3290 1634 etc.

150 1675 200 1710 κ.
229 1677 275 1711 τ.
307 1662 353 1714 ὲ.
398 1662 544 1715 Ἀντὶ
573 1664 686 1727 τοῦ,
708 1665 820 1735 Πρὸ
851 1665 1026 1734 πάσης
1056 1665 1270 1733 λογικῆς
1300 1664 1506 1732 φύσεως
1525 1665 1672 1730 ἐγέν-

151 1746 277 1811 νησά
297 1762 376 1799 σε.
405 1748 478 1799 Τὸ
510 1749 617 1819 γάρ
659 1749 943 1820 βαθύτερον
970 1750 1413 1821 περιεργάζεσθαι
1458 1751 1554 1818 τὴν
1584 1750 1672 1816 γέ-

151 1848 281 1888 νεσιν
300 1835 393 1887 τοῦ
424 1838 658 1902 Χριστοῦ
690 1841 782 1893 καὶ
801 1840 893 1891 τοῦ
924 1839 1241 1911 Ἑωσφόρου,
1275 1841 1335 1892 οὐ
1360 1839 1455 1907 τῆς
1480 1840 1670 1907 ἡμετε-

151 1939 242 1992 ρας
264 1925 377 1976 ἐστὶ
402 1928 700 1996 δυνάμεως.
727 1926 896 1988 Πολὺς
922 1928 1026 1997 γὰρ
1063 1930 1093 1980 ὁ
1123 1928 1247 1989 περὶ
1289 1925 1473 1977 τούτου
1514 1925 1666 1986 λόνος

150 2011 232 2061 καὶ
257 2011 647 2084 δυσθεώρητος.

208 2101 406 2166 Κρινεῖ
468 2103 540 2153 ἐν
578 2102 700 2167 τοῖς
750 2102 963 2167 ἔθνεσι,
1019 2102 1317 2170 πληρώσει
1368 2103 1659 2170 πτώματα,

150 2200 196 2236 κ.
246 2202 299 2239 τ.
344 2188 392 2238 ὲ.
442 2187 645 2257 Πληροτ
684 2186 944 2257 πτώματα
985 2189 1077 2240 τοῦ
1119 2186 1343 2241 παλαιοῦ
1391 2187 1671 2257 ἀνθρώπου

146 2271 232 2325 τοῦ
261 2273 615 2345 φθειρομένου
639 2273 775 2328 κατά
797 2274 892 2338 τὰς
916 2276 1068 2328 ὲπιθυ
1075 2277 1199 2346 μίας
1215 2278 1312 2346 τῆς
1337 2276 1565 2346 ἀπάτης.

692 2450 978 2504 ΨΛΛΜΟΣ
1026 2451 1127 2503 PI'.

224 2558 317 2609 Ἐν
352 2555 559 2622 ,βουλῇ
594 2556 809 2612 εὐθέων
849 2557 946 2611 καὶ
983 2556 1298 2626 συναγωγῇ
1334 2556 1561 2626 μεγάλα
1601 2557 1672 2610 τὰ

149 2644 281 2714 ἔργα
307 2646 549 2712 Κυρίου,
608 2662 661 2698 κ.
714 2662 766 2700 1.
814 2647 862 2699 ι.
907 2646 1126 2713 Μεγάλα
1169 2646 1238 2699 τὰ
1288 2646 1422 2715 ἔργα
1469 2646 1669 2717 Κυρίου

148 2730 228 2782 διὰ
256 2730 352 2800 τὴν
375 2730 738 2800 ἀποκειμένην
759 2733 815 2783 ὲν
845 2732 1025 2794 αὐτοῖς
1057 2731 1244 2799 σοφίαν
1272 2732 1538 2800 ὠνόμασε.

216 2817 445 2885 Τροφὴν
471 2817 653 2871 ἔδωκε
669 2818 792 2884 τοῖς
820 2819 1198 2887 φοϐουμένοις
1240 2819 1441 2882 αὐτὸν,
1470 2837 1522 2872 κ.
1543 2836 1591 2871 τ.
1620 2819 1666 2872 ι.

160 2906 216 2957 Ἡ
243 2907 412 2976 τροφὴ
447 2907 556 2958 τῶν
578 2906 913 2975 φοϐουμένων
934 2907 1021 2959 τὸν
1050 2907 1246 2973 Κύριον
1276 2910 1308 2976 ή
1355 2907 1515 2974 σοφία
1549 2906 1665 2959 ἐστὶ

148 2994 232 3046 τοῦ
256 2995 384 3047 Θεοῦ
402 3011 417 3025 ·
453 3012 473 3045 ι
517 2995 681 3063 Ἀρχὴ
705 2993 810 3063 γὰρ
842 2994 1027 3062 σοφίας
1051 2994 1207 3062 φόϐος
1234 2995 1455 3064 Κυρίου.
1486 3014 1505 3045 ι

219 3081 412 3148 Ἰσχὺν
448 3080 637 3148 ἕρπων
666 3080 845 3133 αὐτοῦ
876 3080 1181 3148 ἀνήγγειλε
1206 3080 1285 3145 τῷ
1312 3081 1436 3144 λαῷ
1465 3080 1667 3147 αὐτοῦ,

146 3182 196 3218 κ.
223 3183 271 3219 τ.
302 3169 349 3219 ἑ.
385 3166 495 3234 Τὴν
544 3166 768 3234 Θεωρίαν
815 3166 920 3221 τῶν
973 3167 1266 3234 γεγονότων
1314 3170 1461 3236 ἰσχὺν
1496 3168 1668 3237 ἔργων

145 3253 296 3306 αὑτοῦ
320 3252 574 3323 ὀνομάζει
596 3269 611 3283 ·
659 3254 806 3320 ἰσχὺς
832 3253 888 3303 δὲ
917 3253 1124 3321 εἴρηται
1156 3256 1189 3323 ἡ
1229 3254 1443 3320 γνῶσις,
1479 3255 1567 3308 διὰ
1608 3255 1668 3308 τὸ

146 3342 290 3411 ἰσχὺν
314 3342 581 3395 ἐντιθέναι
612 3341 677 3407 τῇ
706 3338 861 3406 φύσει
886 3342 955 3409 τῇ
982 3343 1187 3410 λογικῇ.

211 3514 393 3581 Ἔργα
417 3509 824 3578 χειρῶναύτοῦ
847 3510 1090 3576 ἀλήθεια
1118 3512 1215 3565 καὶ
1237 3512 1449 3580 κρίσις,
1474 3528 1528 3565 κ.
1552 3530 1598 3565 τ.
1617 3514 1663 3566 ὲ.

149 3598 209 3651 Ἦ
231 3602 327 3669 μὲν
354 3600 584 3669 ἀλήθεια
610 3598 666 3650 ὲν
686 3601 794 3660 τοῖς
823 3598 997 3668 ὀρθοῖς
1032 3599 1256 3669 δόγμασι
1300 3600 1591 3671 θεωρεῖται,
1632 3603 1665 3672 ἡ

139 3685 189 3736 δὲ
229 3689 406 3755 κρίσις
432 3687 490 3738 ὲν
530 3688 595 3754 τῇ
628 3688 913 3754 πρακτικῇ.
952 3704 970 3735 t
1006 3687 1195 3738 Πισταὶ
1233 3688 1397 3740 πᾶσαι
1430 3690 1484 3739 ai
1516 3690 1661 3740 ἐντο-

139 3773 221 3825 λαὶ
251 3774 435 3837 αὐτοῦ,
461 3772 841 3841 ὲστηριγμέναι
864 3775 941 3836 είς
972 3773 1060 3825 τὸν
1091 3775 1255 3827 αἰῶνα
1284 3775 1375 3827 τοῦ
1408 3776 1615 3840 αἰῶνος.
1636 3794 1659 3827 s

138 3867 332 3928 Πιστὰς
360 3863 481 3919 εἷπε
506 3864 601 3926 τὰς
629 3862 859 3925 ἐντολὰς,
884 3863 1002 3915 ἀντὶ
1030 3862 1120 3914 τοῦ
1151 3863 1378 3925 πίστεως
1412 3863 1562 3928 ἀξίας
1583 3880 1597 3893 ο
1636 3863 1666 3916 δ

138 3956 240 4025 γὰρ
269 3952 670 4023 ὑπισχνοῦνται,
700 3950 852 4002 τοῦτο
878 3951 971 4021 καὶ
995 3950 1230 4002 ποιοῦσιν
1249 3968 1262 3981 ·
1291 3952 1663 4021 ὑπισχνοῦνται

135 4044 189 4095 δὲ
218 4044 482 4114 κάθαρσιν
503 4040 677 4110 ψυχῆς
697 4038 915 4108 λογικῆς
939 4041 1047 4102 τοῖς
1071 4040 1299 4110 γνησίως
1319 4042 1663 4109 φυλάττουσιν

136 4132 316 4193 αὑτάς.

661 4299 947 4352 ΨΑΛΜΟΣ
989 4300 1136 4353 PIA’.

209 4407 309 4460 Ἐν
344 4405 477 4469 ταῖς
540 4402 807 4466 ἐντολαῖς
862 4401 1050 4456 αὐτοῦ
1108 4404 1344 4470 θελήσει
1393 4406 1620 4474 σφόδρα
1637 4446 1654 4472 ,

130 4512 183 4550 κ.
214 4512 265 4550 1.
289 4498 336 4548 ἑ.
378 4489 546 4555 Οὗτος
574 4492 712 4545 θέλει
753 4495 809 4544 ὲν
839 4496 955 4554 ταῖς
986 4493 1219 4556 ἐντολαῖς
1266 4495 1430 4549 αὑτοῦ
1457 4497 1656 4567 σφόδρα

130 4584 159 4635 ὁ
188 4583 322 4645 μετά
349 4585 529 4651 πάσης
560 4581 839 4650 ἀκριὸείας
864 4581 1141 4648 φυλάσσων
1163 4583 1347 4645 αὐτάς.

162 4734 167 4739 ο
197 4672 349 4734 Δόξα
378 4671 479 4723 καὶ
511 4667 768 4732 πλοῦτος
812 4668 880 4720 ἐν
925 4666 1003 4732 τῷ
1044 4669 1183 4734 οἴκῳ
1222 4671 1425 4732 αὐτοῦ,
1450 4688 1502 4724 κ.
1528 4689 1578 4724 1.
1606 4674 1653 4727 ἐ.

140 4757 202 4809 Ἦ
236 4759 394 4826 σοφία
420 4758 513 4809 τοῦ
543 4754 696 4818 Θεοῦ,
725 4754 856 4808 καθὸ
888 4757 983 4825 μὲν
1005 4756 1256 4816 ἀφθονίαν
1277 4759 1496 4829 παρέχει
1528 4760 1657 4813 θεω-

130 4846 404 4913 ρημάτων,
441 4844 661 4904 πλοῦτος
695 4841 950 4905 καλεῖται,
996 4844 1127 4896 καθὸ
1159 4843 1215 4896 δὲ
1260 4846 1658 4914 παρασκευάζει

126 4934 247 4994 τοὺς
276 4930 591 5000 ἀνθρώπους
617 4929 852 4993 δοξάζειν
866 4928 954 4982 τὸν
982 4930 1309 4999 κεκτημένον
1332 4933 1515 5002 αὐτὴν,
1540 4934 1656 4987 όνο-

132 5018 359 5085 μάςεται
385 5016 529 5080 δόξα.

206 5105 609 5169 Ἐξίι-νέτεεῑεν
665 5104 735 5155 ἐν
779 5105 976 5157 σκότει
1042 5102 1165 5169 φῶς
1221 5103 1342 5166 τοῖς
1396 5105 1652 5168 εὐθέσιν,

128 5210 178 5245 κ.
215 5211 266 5246 τ.
304 5194 350 5244 ι.
398 5193 457 5242 '0
494 5190 678 5259 Σωτὴρ
713 5193 770 5242 ὲν
799 5193 908 5252 τοῖς
950 5190 1288 5256 Εὐαγγελίοις
1344 5193 1472 5278 φησι
1520 5194 1652 5261 πρὸς

127 5281 245 5340 τοὺς
286 5278 556 5345 μαθητάςο
592 5293 611 5325 ι
647 5275 710 5326 ‘0
750 5275 1011 5341 ἠκούσατε
1039 5277 1096 5326 ἐν
1124 5276 1187 5341 τῇ
1223 5275 1426 5335 σκοτία,
1464 5275 1649 5330 εἴπετε

130 5367 185 5417 ὲν
214 5366 287 5434 τῷ
316 5365 470 5432 φωτί.
510 5381 531 5413 s

197 5501 239 5530 ³³
267 5508 418 5554 Joau.
452 5514 558 5561 xv',
588 5498 673 5551 52.
747 5499 791 5530 “
820 5498 953 5554 Psal.
986 5512 1069 5560 cs,
1100 5498 1180 5548 l0.
1258 5495 1302 5526 ⁸⁸
1332 5495 1514 5552 Matth.
1547 5516 1601 5566 ς,
1630 5504 1694 5557 27

1771 1666 1849 1719 Ac
1893 1667 1937 1719 si
1992 1668 2136 1721 dicat
2175 1684 2188 1719 :
2234 1665 2365 1718 Ante
2397 1682 2605 1720 omnem
2643 1668 3006 1721 rationabilem
3047 1678 3291 1721 naturam

1772 1752 1925 1817 genui
1974 1761 2041 1806 te.
2085 1753 2255 1807 Altius
2305 1756 2700 1821 generationem
2748 1756 2945 1808 Christi
2973 1765 3025 1808 et
3063 1755 3292 1809 Luciferi

1772 1840 2020 1901 scrutari.
2048 1854 2204 1906 supra
2247 1841 2393 1893 vires
2428 1848 2635 1894 nostras
2678 1849 2778 1894 est.
2834 1840 3026 1893 Multus
3054 1841 3192 1893 enim
3228 1854 3293 1892 ea

1768 1927 1834 1979 dc
1868 1941 1924 1981 re
1947 1940 2119 1980 sermo
2145 1938 2230 1981 est
2252 1937 2307 1980 et
2333 1928 2683 1996 contemplatu
2714 1928 2957 1981 ditiicilis.

1837 2101 1997 2154 VERS.
2023 2100 2075 2154 6.
2101 2100 2368 2155 Judicabit
2392 2103 2447 2156 in
2475 2103 2765 2156 nationibus
2790 2141 2805 2165 ,
2831 2103 3058 2171 implebit
3088 2106 3287 2170 ruinas,

1766 2194 1873 2243 etc.
1902 2190 2084 2256 Implet
2112 2190 2290 2243 ruinas
2315 2192 2511 2243 veteris
2544 2191 2775 2246 hominis
2812 2192 2902 2259 qui
2933 2195 3292 2260 corrumpitur

1771 2278 2058 2331 secundum
2084 2279 2278 2331 erroris
2300 2278 2581 2331 desideria.

2298 2443 2611 2499 PSALMII'S
2651 2446 2760 2500 CX.

1834 2554 1995 2609 Vens.
2020 2552 2073 2619 1,
2110 2553 2164 2606 2.
2201 2553 2267 2606 In
2296 2554 2509 2608 consilio
2529 2556 2795 2623 justorum
2824 2565 2872 2610 et
2903 2561 3291 2628 congregatione

1767 2658 1953 2711 magna
1981 2658 2131 2708 opera
2160 2641 2390 2705 Domini,
2451 2653 2555 2699 etc.
2600 2644 2783 2713 Magna
2818 2646 2950 2699 dixit
2993 2661 3150 2714 Opera
3185 2649 3287 2700 Do—

1694 2755 1737 2811 c
1769 2731 1894 2783 mini
1924 2740 2137 2798 propter
2166 2731 2488 2784 reconditam
2515 2732 2566 2784 in
2592 2733 2697 2786 illis
2724 2733 3059 2800 sapientiam.

1843 2817 2000 2870 Vens.
2042 2817 2094 2871 5.
2144 2817 2325 2870 Esram
2369 2820 2508 2871 dedit
2557 2820 2853 2872 timentibus
2896 2838 2972 2885 se,
3010 2832 3113 2876 elc.
3155 2824 3289 2879 Esca

1769 2905 2057 2958 timentium
2085 2904 2368 2958 Dominum
2403 2907 2659 2974 sapientia
2689 2918 2771 2960 est
2807 2908 2899 2963 Dei
2934 2928 2949 2963 :
2980 2925 3101 2964 nam
3132 2930 3152 2962 ι
3184 2913 3287 2965 ini-

1765 2994 1892 3057 tium
1916 2994 2185 3060 sapientia:
2212 2993 2369 3046 timor
2397 2994 2600 3047 Domini
2649 2995 2717 3047 ⁸⁵.
2753 3013 2773 3046 ι

1832 3082 1992 3135 Vens.
2051 3082 2104 3135 6.
2164 3081 2414 3135 Virtutem
2452 3099 2663 3150 operum
2710 3100 2921 3138 suorum
2964 3089 3287 3142 annuntianit

1759 3171 1946 3235 papqu
1981 3185 2095 3231 suo,
2137 3178 2241 3223 etc.
2286 3171 2479 3223 Eorum
2529 3187 2647 3239 qua:
2683 3175 3019 3241 contigerunt
3051 3185 3289 3229 contem-

1760 3255 2045 3320 platiouem
2103 3259 2349 3311 virtutem
2400 3274 2618 3325 operum
2682 3261 2797 3328 ejus
2868 3271 3039 3314 vocat.
3096 3260 3282 3316 Virtus

1763 3353 1933 3394 autem
1966 3343 2106 3397 dicta
2156 3354 2238 3397 est
2286 3347 2530 3407 scientia,
2581 3347 2701 3412 quia
2746 3347 3045 3401 rationabili
3079 3358 3285 3403 natura:

1760 3432 2004 3484 virtutem
2033 3434 2237 3487 inserit.

1832 3517 1990 3572 Vsus.
2020 3521 2071 3573 7.
2119 3520 2288 3590 Opera
2316 3537 2561 3575 manuum
2586 3526 2696 3590 ejus
2727 3526 2912 3577 veritas
2937 3535 2983 3578 et
3000 3526 3285 3593 judicium,

1759 3617 1868 3660 etc.
1902 3608 2109 3661 Veritas
2147 3610 2199 3662 in
2234 3612 2398 3663 rectis
2428 3611 2693 3678 decretis,
2720 3613 2976 3681 judicium
3014 3616 3064 3667 in
3098 3619 3284 3682 agendi

1760 3693 1966 3746 ratione
2005 3695 2347 3762 conspicitur.
2387 3713 2406 3746 ι
2431 3695 2628 3751 Fidelia
2659 3701 2837 3752 omnia
2871 3703 3117 3754 mandata
3146 3702 3282 3768 ejus.

1733 3781 2065 3846 .coulirmata
2097 3784 2147 3836 in
2181 3785 2429 3838 saeculum
2459 3787 2657 3839 saeculi.
2685 3806 2705 3838 ι
2743 3788 2941 3842 Fidelia
2968 3791 3105 3843 dixit
3136 3807 3283 3843 man-

1758 3866 1878 3916 data
1910 3865 2043 3931 ejus,
2088 3883 2151 3922 ac
2195 3870 2238 3922 si
2284 3871 2506 3925 dixisset
2556 3872 2657 3925 ﬁde
2703 3873 2883 3941 digna.
2938 3874 3091 3939 Quod
3141 3878 3282 3929 enim

1758 3953 2086 4018 pollicentur.
2135 3959 2235 4011 hoc
2272 3968 2325 4013 et
2372 3969 2650 4026 praestant.
2707 3962 3060 4018 Ralionabilis
3106 3977 3282 4018 autem

1759 4044 1948 4097 animae
1990 4047 2274 4114 puritatem
2323 4049 2638 4116 poilicenlur
2682 4052 2748 4106 iis
2789 4053 2879 4122 qui
2932 4054 3139 4109 sincere
3194 4056 3281 4109 illa

1760 4145 1944 4197 set‘xajt
1953 4142 1990 4188 ι.

2271 4313 2590 4372 PSALMUS
2641 4316 2770 4372 CXI.

1825 4421 1989 4476 Vens.
2030 4424 2082 4477 1.
2142 4419 2208 4479 In
2239 4428 2499 4481 mandatis
2544 4445 2656 4495 ejus
2697 4431 2826 4484 volet
2849 4431 3021 4496 nimis,
3074 4446 3178 4489 etc.
3223 4436 3279 4491 in

1756 4512 2016 4566 mandatis
2043 4511 2158 4579 ejus
2183 4514 2293 4567 vult
2316 4516 2473 4571 nimis
2511 4517 2557 4572 is
2586 4519 2674 4587 qui
2713 4534 2776 4574 ea
2826 4535 2946 4575 cum
2991 4525 3131 4579 omni
3162 4525 3283 4579 dili-

1754 4599 1929 4665 gentia
1958 4601 2209 4654 custodit.

1827 4688 1984 4741 Vnus.
2018 4686 2073 4741 '5.
2109 4685 2289 4742 Gloria
2327 4702 2374 4745 et
2401 4692 2597 4747 divitia:
2635 4694 2690 4746 in
2716 4699 2865 4748 domo
2885 4695 3020 4764 ejus,
3044 4707 3148 4751 etc.
3175 4698 3279 4753 Sa-

1757 4777 1954 4842 pientia
1993 4776 2107 4840 Dei,
2138 4787 2404 4845 quatenus
2444 4780 2822 4835 abundantiam
2874 4788 3279 4855 contemplatio-

1754 4880 1881 4918 num
1943 4868 2164 4934 praebet,
2212 4878 2433 4923 vocatur
2493 4872 2728 4937 divitias;
2779 4884 3040 4942 quatenus
3097 4885 3275 4927 autem

1749 4954 1998 5008 homines
2026 4966 2288 5025 praeparat
2321 4959 2387 5011 ad
2426 4959 2829 5026 gloriﬁcandum
2873 4976 2992 5014 eum
3040 4962 3129 5027 qui
3157 4975 3274 5012 eam

1754 5054 2025 5097 assecutus
2046 5053 2145 5107 est,
2178 5047 2470 5112 appellatur
2493 5047 2666 5115 gloria

1773 5141 1787 5158 ‘
1823 5130 1977 5185 Vens.
2006 5134 2062 5187 4.
2114 5134 2371 5189 Exortum
2417 5147 2489 5189 est
2530 5136 2584 5187 in
2639 5135 2859 5187 tenebris
2882 5133 3052 5185 lumen
3103 5134 3275 5196 rectis,

1752 5228 1856 5273 etc.
1895 5221 2137 5276 Salvator
2167 5224 2219 5276 in
2251 5223 2548 5289 Evangeliis
2576 5222 2653 5273 ait
2683 5219 2952 5285 discipulis
2978 5221 3057 5272 "z
3080 5238 3097 5269 ι
3124 5219 3277 5285 Qucd

1752 5304 1972 5360 audistis
1992 5307 2044 5361 in
2080 5309 2332 5370 tenebris,
2363 5306 2521 5359 dicite
2552 5305 2605 5357 in
2643 5306 2856 5357 lumine.
2888 5322 2909 5355 ι

2388 5589 2461 5601 ια’..-
