3884 6230
227 310 385 365 1573
1179 308 1481 365 SELECTA
1518 305 1581 361 IN
1619 305 1761 365 PSA)

1871 307 1947 362 DS.
1982 335 2050 348 -
2089 305 2278 361 PSAL.
2315 308 2496 364 CXIV.
3272 308 3405 365 1571

224 441 318 494 μῳ
357 424 599 495 στρέψας
621 424 717 495 τὴν
750 423 950 494 πέτραν
972 422 1185 477 ἐπότισε
1216 423 1306 475 τὸν
1351 421 1592 492 ’Ῑσραήλ’
1623 422 1697 483 ὡς
1720 420 1758 472 δ]

1879 423 2005 475 tavit
2030 420 2279 475 lsraelem
2302 438 2318 483 ;
2344 423 2634 477 secundum
2658 431 2833 477 autem
2857 420 3146 491 spiritalem
3170 436 3404 484 sensum,

224 513 372 581 πρὸς
425 512 490 564 τὸ
536 513 747 582 πνεῦμα
799 513 884 565 ἀεὶ
941 513 1155 582 στρέφει
1218 514 1314 582 τὴν
1369 513 1605 581 πέτραν,
1661 510 1758 577 ἥτις

1878 512 2086 579 semper
2114 512 2375 564 convertit
2404 521 2624 580 petram,
2652 527 2769 582 qua:
2783 512 3030 566 Christus
3052 519 3152 575 est,
3176 520 3231 565 et
3259 524 3404 578 potnt

222 600 387 653 ἐστὶν
421 602 452 653 δ
507 601 758 672 Χριστὸς,
806 604 898 655 καὶ
933 601 1135 663 ποτίζει
1169 602 1259 654 τὸν
1289 598 1645 669 πνευματικὸν
1688 600 1756 649 Ἰσ

845 604 898 655 αἱ
933 601 1135 663 ποτίζει
1169 602 1259 654 τὸν
1289 598 1645 669 πνευματικὸν
1688 600 1781 649 Ἰσ-
1876 600 2166 668 spiritalem
2202 597 2379 654 Israel.

224 689 399 758 ραήὶ-

286 776 619 844 Εὐλότησε
651 776 791 841 τοὺς
820 775 1214 843 φοϐουμένους
1239 776 1342 827 τὸν
1381 775 1612 840 Κύριον,
1642 771 1779 836 τοὺς

1945 780 2104 833 Vens.
2148 779 2234 832 15.
2285 778 2552 831 Benediin
2592 779 2656 831 iis
2705 782 2793 847 qui
2854 783 3032 834 timent
3094 780 3405 845 Dominum,

218 866 492 932 μικροὺς
506 866 655 934 μετὰ
680 866 797 919 τῶν
817 867 1107 935 μεγάλων,
1141 884 1194 918 κ.
1227 884 1276 917 τ.
1312 868 1357 916 ὲ.
1388 865 1496 932 Οὐχ
1526 866 1572 914 οί
1613 861 1751 930 μεγά

1874 868 2076 935 pusillis
2135 882 2248 919 cum
2304 867 2607 933 majoribus,
2664 878 2769 920 etc.
2831 867 2945 921 Non
3005 868 3233 935 majores
3286 885 3403 920 cum

222 951 310 1005 λοι
373 956 514 1023 μετὰ
557 956 664 1008 τῶν
696 956 901 1027 μικρῶν
944 956 1301 1022 εὐλογοῦνται,
1336 952 1447 1006 ἀλλ’
1496 953 1543 1002 οἱ
1598 966 1756 1019 μικρο

1875 956 2078 1024 pusillis
2114 956 2539 1018 benedicuntur,
2581 957 2675 1009 sed
2721 956 2894 1023 pusilli
2939 971 3056 1009 cum
3093 956 3405 1021 majoribus,

226 1044 381 1112 μετὰ
410 1046 518 1097 τῶν
543 1045 809 1115 μεγάλων,
839 1046 925 1098 ἵνα
949 1047 1040 1098 καὶ
1072 1045 1219 1098 αὐτοὶ
1240 1044 1497 1110 γένωνται
1539 1038 1754 1109 μεγάλοι

1876 1055 1933 1098 ιιι
1968 1053 2020 1099 et
2052 1045 2149 1111 ipsi
2179 1044 2310 1096 [latnt
2338 1043 2599 1111 majores.
2638 1044 2892 1097 Pusillqu
2943 1052 3119 1098 autem
3157 1045 3254 1098 hoc
3289 1045 3407 1098 loco

223 1132 302 1183 Τὸ
326 1132 391 1184 δὲ
411 1134 604 1203 μικρὸν
633 1131 860 1187 ἐνταῦθα
885 1134 1055 1185 καὶτὸ
1085 1133 1225 1202 μέγα
1247 1134 1344 1184 οὐκ
1366 1130 1457 1182 ἐπὶ¹
1488 1128 1576 1181 τοῦ
1604 1127 1755 1188 ἐκτὸς

1874 1140 1927 1186 et
1956 1146 2198 1198 maguum
2236 1126 2434 1185 non'de
2464 1145 2529 1183 eo
2563 1133 2699 1199 quod
2745 1141 2914 1196 extra,
2955 1132 3048 1185 sed
3081 1133 3145 1186 de
3175 1147 3239 1187 eo
3269 1136 3405 1201 quod

221 1221 349 1274 ἀλλ’
381 1222 478 1275 ἐπὶ
507 1222 598 1275 τοῦ
622 1223 768 1285 ἐντὸς
799 1223 1031 1292 νοητέον.

1878 1221 2013 1272 intra
2040 1228 2140 1282 est,
2166 1219 2576 1286 intelligendum.

300 1313 438 1378 Οὐχ
465 1315 519 1364 οἱ
543 1312 738 1377 νεκροὶ
768 1310 1075 1363 αίνέσουσι
1094 1324 1184 1373 σε,
1201 1311 1389 1376 Κύριε,
1406 1310 1544 1361 οὐδὲ
1563 1309 1777 1374 πάντες

1945 1309 2104 1362 Vens.
2137 1310 2226 1372 17,
2256 1309 2335 1362 18.
2370 1307 2491 1359 Non
2518 1312 2708 1362 mortui
2736 1311 3019 1366 laudabunt
3058 1323 3125 1376 te,
3170 1313 3407 1377 Domine,

220 1400 279 1449 οἱ
309 1399 781 1463 καταϐαίνοντες
800 1402 885 1463 εις
912 1399 1074 1463 ᾅδου.
1121 1399 1267 1451 Ἀλλ’
1305 1396 1471 1464 ἡμεῖς
1492 1400 1543 1448 οὶ
1572 1396 1754 1455 ζ’ὠντει

1875 1414 2032 1465 neque
2058 1412 2232 1450 omnes
2269 1399 2354 1465 qui
2396 1398 2708 1451 descendunt
2750 1401 2806 1452 iu
2836 1401 3119 1466 infernum.
3166 1401 3267 1454 Sed
3316 1418 3407 1453 nos

218 1487 655 1554 εὐλογήσομεν
691 1488 793 1539 τὸν
838 1488 1051 1553 Κύριον
1075 1486 1191 1540 ἀπὸ
1238 1485 1341 1539 τοῦ
1385 1485 1619 1539 νῦνκαὶ
1669 1484 1752 1536 Emi

1874 1487 1962 1552 qui
1987 1485 2221 1544 vivimus,
2257 1485 2606 1536 benediremus
2654 1486 2931 1538 Dominum
2954 1502 3017 1539 ea:
3038 1488 3131 1539 hoc
3178 1504 3313 1540 nunc
3360 1498 3408 1540 et

218 1572 341 1623 τοῦ
373 1573 608 1639 αἰῶνος,
642 1593 694 1627 κ.
722 1592 770 1626 τ.
800 1576 843 1625 ἐ.
892 1577 964 1627 Οὐ
1004 1575 1217 1628 δύναται
1240 1574 1427 1643 νεκρὸς
1450 1574 1653 1626 αἰνέσαι
1681 1574 1752 1641 τὴ·

1875 1588 2034 1635 usque
2064 1574 2117 1624 in
2145 1572 2411 1633 saeculum,
2439 1582 2543 1625 etc.
2579 1573 2692 1626 Non
2725 1583 2897 1641 potest
2924 1585 3166 1628 mortuus
3190 1576 3408 1629 laudare

218 1659 383 1730 ζωὴν
417 1662 516 1732 τὴν
542 1663 813 1727 εἰποῦσαν,
852 1682 870 1713 ι
910 1663 1046 1731 Ἐγώ
1067 1667 1236 1733 είμιή
1277 1664 1408 1734 ζωή.
1452 1683 1470 1714 ι
1501 1682 1606 1712 -—«
1646 1662 1752 1713 Οὐδ

1877 1661 2034 1712 vitam
2086 1674 2204 1727 qua:
2253 1658 2383 1711 dixit
2410 1658 2455 1689 ’°
2486 1675 2501 1711 :
2536 1675 2554 1708 «
2581 1658 2689 1726 Ego
2732 1675 2848 1713 sum
2920 1662 3045 1714 vita.
3077 1678 3207 1711 s—t
3229 1660 3411 1725 Neque

216 1749 466 1815 πάντες,
501 1771 520 1803 ι
568 1753 663 1804 οὐκ
707 1747 875 1817 εἶπεν,
910 1772 928 1803 «
966 1757 1012 1805 οί
1056 1753 1402 1815 καταϐάντες,
1453 1772 1473 1803 s
1505 1752 1615 1805 ἀλλ’
1662 1769 1681 1802 «
1724 1769 1750 1803 ο

1874 1760 2079 1808 omnes,
2112 1761 2131 1794 ι
2158 1757 2260 1795 non
2290 1744 2442 1809 dixit,
2475 1761 2494 1792 «
2526 1745 2616 1811 qui
2646 1744 3058 1806 descenderunt,
3086 1764 3104 1796 ι
3141 1746 3254 1808 sed,
3290 1750 3404 1813 «qui

204 1851 666 1912 καταϐαίνοντες.
704 1869 721 1897 ι
760 1876 826 1889 -ο
867 1866 884 1896 «
918 1847 1053 1898 Ἀλλ’
1098 1848 1252 1915 ἡμεῖς
1298 1847 1346 1895 οἱ
1390 1838 1666 1905 ζῶντες,”»
1700 1840 1738 1891 ὼ

1876 1838 2224 1891 descendunt.
2264 1856 2280 1885 ι
2313 1866 2382 1874 -
2416 1856 2433 1884 «
2473 1834 2576 1888 Sed
2620 1850 2717 1887 nos
2746 1834 2837 1900 qui
2883 1834 3126 1898 vivimus,
3166 1854 3184 1885 ι
3218 1850 3408 1902 quem-

204 1941 311 1991 καὶ
357 1939 592 2000 Παῦλοςο
631 1956 648 1986 ι
689 1936 915 1988 Ἔπειτα
948 1937 1099 2002 ἡμεῖς
1140 1934 1187 1984 οἱ
1219 1932 1430 1995 ζῶντες,
1464 1932 1511 1981 οἱ
1540 1927 1738 1997 περιλει

1875 1927 2156 1979 admodum
2177 1926 2334 1977 etiam
2361 1924 2553 1976 Paulus
2578 1924 2649 1975 ait
2662 1923 2726 1973 “z
2759 1941 2775 1971 «
2796 1921 2898 1975 Sed
2927 1938 3024 1976 nos
3046 1925 3137 1992 qui
3161 1925 3404 1990 vivimus,

203 2028 484 2096 πῦμενοι.
523 2045 540 2075 ι

1877 2017 1966 2083 qui
1998 2014 2190 2068 residui
2218 2025 2419 2065 sumus.
2455 2029 2472 2060 ι

795 2196 1078 2249 ΨᾹΛΜΟΣ
1114 2199 1251 2251 ΡῐΔ¹.

2397 2189 2702 2244 PSALMUS
2757 2192 2933 2245 CXIV.

302 2299 444 2349 Ὅτι
469 2298 666 2351 ἔκλινε
690 2299 752 2351 τὸ
777 2298 883 2365 οὖς
902 2302 1082 2354 αὑτοῦ
1107 2302 1252 2369 ἐμοὶ,
1278 2303 1373 2355 καὶ
1409 2303 1477 2356 ἐν
1495 2304 1620 2369 ταῖς
1647 2306 1785 2372 ’ὴμέ-

1954 2302 2112 2355 Vsus.
2141 2302 2193 2354 2.
2222 2303 2356 2365 Quia
2393 2301 2651 2353 inclinavit
2685 2317 2858 2353 aurem
2886 2318 3031 2353 suam
3077 2304 3222 2368 milii,
3264 2314 3311 2356 et
3362 2304 3416 2357 ius

210 2402 375 2454 ραις
399 2403 523 2452 μου
553 2387 985 2455 ἐπικαλέσομαι,
1004 2408 1055 2442 κ.
1089 2408 1137 2443 τ.
1164 2394 1209 2443 ἐ.
1250 2394 1398 2444 Ἐπεὶ
1425 2393 1496 2461 μὴ
1517 2393 1743 2461 δυνάμεθ

1886 2394 2063 2445 diebus
2104 2392 2227 2442 meis
2265 2391 2532 2450 invocabo,
2569 2397 2672 2440 etc.
2728 2388 3162 2456 Quandoquidem
3205 2400 3418 2444 orantes

218 2472 478 2533 ἑαυτοὺς
497 2474 749 2525 ἐκτείνειν
782 2476 914 2545 πρὸς
935 2477 1063 2529 Θεὸν
1096 2479 1389 2547 εὐχόμενοι,
1422 2481 1578 2542 αὐτὸς
1608 2481 1667 2532 τὸ
1688 2476 1752 2533 οὗ

1887 2481 2104 2534 minime
2139 2479 2374 2533 valemus
2402 2479 2751 2544 nosmetipsos
2802 2480 2867 2530 ad
2916 2477 3075 2529 Deum
3108 2482 3412 2547 extendere,

219 2557 416 2611 αὐτοῦ
451 2559 618 2611 κλίνει
646 2561 775 2629 πρὸς
802 2563 943 2631 ἡμᾶς
969 2564 1061 2619 καὶ
1082 2564 1283 2631 ἐγγίζει
1315 2568 1459 2635 ἡμῖν.

1884 2569 2105 2635 ipsemet
2128 2582 2305 2619 aurem
2332 2584 2481 2642 suam
2504 2570 2567 2621 ad
2594 2580 2689 2620 nos
2716 2564 2932 2619 inclinat
2956 2567 3209 2635 nobisque
3227 2581 3416 2635 appro-

1922 2659 2125 2710 innuat.

306 2734 437 2788 Τοῦ
468 2736 669 2789 αὐτοῦ.
716 2736 771 2789 '0
795 2738 884 2789 τὸν
919 2738 1064 2808 ἥλιον
1098 2739 1197 2808 τῆς
1222 2742 1555 2812 δικαιοσύνης
1592 2746 1783 2797 ἐπικα-

1923 2672 1971 2707 ιιι
2015 2672 2125 2710 uat.

1883 2672 1917 2725 Ρ
1953 2672 2221 2812 Ejusdem.
2254 2744 2354 2809 Qui
2398 2743 2562 2798 solem
2608 2742 2826 2812 justitite
2871 2742 3104 2807 invocat,
3144 2743 3198 2795 in
3231 2740 3416 2796 diebus

220 2824 512 2892 λούμενος
545 2826 602 2875 ἐν
639 2827 757 2887 ταῖς
793 2826 1019 2896 ἡμέραις
1046 2829 1230 2881 τούτου
1261 2830 1353 2882 τοῦ
1393 2831 1537 2900 ἡλίου
1585 2832 1754 2900 διάγω

1119 2829 1230 2881 Ξτου
1261 2830 1353 2882 τοῦ
1393 2831 1537 2900 ἡλίου
1585 2832 1781 2900 διάγων
1807 2822 1849 2879 C
1882 2834 2038 2901 hujus
2071 2833 2198 2887 solis
2232 2847 2394 2901 agens
2421 2834 2653 2886 invocet.

218 2909 635 2965 ῑπικαλείσθω.

236 3032 251 3046 .
299 2998 650 3065 Περιέσχον
665 3017 740 3067 με
766 3000 966 3067 ὠδῖνες
987 3004 1256 3068 θανάτου,
1288 3024 1340 3059 κ.
1366 3025 1414 3061 τ.
1439 3009 1484 3063 ἐ.
1516 3010 1573 3062 Ὀ
1600 3012 1656 3061 ἐν
1689 3010 1770 3079 βα-

1955 3006 2116 3059 Veus.
2147 3008 2199 3059 3.
2232 3005 2692 3059 Cirrumdederunt
2723 3020 2801 3057 me
2824 3005 3028 3059 dolores
3067 3006 3265 3069 mortis,
3306 3016 3411 3060 etc.

221 3086 500 3158 ρυτέροις
519 3086 797 3156 γενόμενος
818 3097 1148 3161 πειρασμοῖς,
1172 3096 1261 3146 καὶ
1286 3094 1508 3162 βάσανον
1529 3098 1585 3149 ἐν
1605 3099 1754 3150 αύτοῖ

1880 3093 1978 3157 Qui
2011 3094 2062 3144 iu
2101 3092 2350 3160 gravibus
2386 3091 2765 3144 tentationibus
2811 3101 3085 3156 versatus,
3136 3092 3187 3144 in
3224 3093 3410 3147 iisdem

217 3174 427 3235 διδοὺς
454 3175 553 3243 τῆς
585 3177 941 3246 προαιρέσεως
976 3181 1183 3242 ἑαυτοῦ,
1230 3182 1303 3243 ὡς
1346 3184 1436 3235 καὶ
1481 3187 1536 3236 ἐν
1561 3186 1751 3237 κινδύνι

1881 3180 2042 3232 animi
2092 3180 2172 3231 sui
2231 3182 2649 3247 experimentum
2696 3180 2859 3242 dedit,
2914 3190 3167 3246 tanquam
3224 3182 3311 3248 qui
3364 3185 3414 3233 in

217 3262 335 3315 τοῦ
369 3259 654 3329 νικηθῆναι
686 3262 949 3327 γενέσθαι,
979 3265 1109 3317 ἀλλὰ
1146 3266 1216 3335 μὴ
1251 3269 1504 3336 νικηθεὶς,
1546 3271 1685 3338 λέγοι
1717 3273 1750 3324 ἃ

1883 3267 2118 3334 periculo
2150 3266 2310 3318 fuerit
2344 3281 2410 3319 ne
2446 3268 2769 3328 vinceretur,
2798 3267 3014 3319 minime
3042 3275 3216 3319 tamen
3246 3268 3417 3320 vietus

218 3352 291 3403 τό
319 3366 333 3379 ·
375 3368 398 3399 ι
442 3349 729 3418 Περιέσχον
778 3366 841 3417 με
885 3351 1064 3412 ὠδῖνες
1101 3353 1346 3415 θανάτου,
1395 3356 1619 3409 κίνδυνοι
1659 3359 1750 3428 ᾇδο

1884 3354 1972 3415 sit,
2006 3354 2048 3405 is
2077 3353 2254 3405 dicere
2299 3354 2465 3420 possit
2497 3371 2511 3405 :
2546 3371 2562 3401 ι
2591 3352 3065 3406 Circumdederunt
3097 3367 3179 3406 me
3209 3353 3418 3408 dolores

222 3436 484 3506 εὖροσάν
535 3450 620 3501 με.
661 3452 678 3483 ι
710 3435 781 3485 Ού
813 3436 1003 3487 ταυτὸν
1042 3437 1098 3488 δέ
1137 3441 1248 3491 ἐστι
1285 3441 1362 3503 τὸ,
1396 3459 1413 3491 «
1450 3443 1610 3511 ᾍδης
1660 3441 1752 3514 εὕρ

1882 3441 2087 3502 mortis,
2127 3440 2354 3507 pericula
2387 3440 2581 3492 interni
2633 3440 2947 3492 invenerunt
2975 3455 3077 3492 me.
3109 3458 3126 3490 ι
3154 3439 3415 3494 Caeterum

224 3541 330 3595 με,
375 3542 397 3573 ι
431 3520 564 3589 τῷ,ι
597 3521 840 3573 Κίνδυνοι
871 3522 992 3591 ᾂδου
1026 3524 1247 3594 εὖροσάν
1278 3544 1344 3595 με
1395 3549 1416 3580 s
1455 3530 1509 3581 Ὀ
1533 3530 1661 3599 ᾅδης
1686 3534 1758 3601 μέε

1884 3528 2286 3593 haudquaquam
2319 3528 2453 3579 idem
2485 3535 2585 3588 est,
2618 3543 2636 3575 «
2664 3525 2898 3578 infernus
2922 3526 3124 3579 invenit
3157 3543 3260 3590 me,
3292 3546 3309 3579 ι
3354 3545 3416 3580 ne

221 3612 349 3681 γὰρ
386 3608 631 3677 εὑρίσκει
668 3607 871 3670 τοῦτον,
896 3605 955 3661 οὗ
980 3613 1352 3679 κατισχύουσιν
1381 3617 1436 3667 αἱ
1478 3617 1638 3670 πύλαι
1683 3622 1755 3671 αύη

1883 3614 2025 3675 illud,
2100 3613 2375 3666 «Pericula
2437 3612 2627 3665 inferni
2688 3614 2999 3666 invenerunt
3057 3628 3205 3667 me.»
3284 3616 3415 3667 Nam

219 3699 332 3753 τοῦ
356 3714 374 3729 °
411 3697 645 3748 κίνδυνοι
687 3696 741 3748 δὲ
779 3696 902 3765 ᾅδου
932 3699 1087 3766 μόνον
1126 3701 1430 3770 εὑρίσκουσι
1474 3706 1560 3758 τὸν
1600 3707 1685 3760 διὰ
1724 3725 1753 3759 τ

1882 3700 2123 3754 infernus
2152 3701 2358 3753 invenit
2387 3700 2529 3752 illum
2554 3710 2738 3753 contra
2782 3715 2937 3768 quem
2972 3703 3259 3768 praevalent
3296 3720 3416 3771 por-

228 3785 482 3857 μέγεθος
527 3783 631 3836 τῶν
666 3786 978 3855 πειρασμῶν
1010 3787 1415 3845 κινδυνεύσαντα
1454 3793 1550 3861 μὲν
1578 3811 1762 3865 κρατη-

1883 3799 1945 3841 ta:
1999 3789 2134 3853 ejus,
2190 3788 2420 3856 pericula
2477 3803 2605 3841 vero
2664 3788 2855 3842 inferni
2912 3789 3080 3842 solum
3142 3794 3417 3857 reperiunt

222 3875 407 3942 θῆναι
446 3870 551 3921 ὑπὸ
572 3870 677 3922 τῶν
704 3871 792 3923 τοῦ
817 3871 939 3941 ᾅδου
978 3873 1176 3939 πυλῶν,
1205 3874 1265 3926 ού
1311 3876 1407 3945 μὲν
1445 3877 1536 3930 καὶ
1585 3896 1754 3949 κρατη

1879 3875 2024 3927 illum
2066 3876 2154 3942 qui
2186 3877 2253 3928 ob
2297 3875 2711 3943 magnitudinem
2744 3880 3091 3929 tentatiouum
3120 3880 3412 3946 periculqu

224 3961 409 4014 θέντα
442 3959 533 4010 ὑπ’
562 3956 753 4009 αὐτῶν.

1880 3964 2089 4030 quidem
2118 3964 2295 4028 subiit,
2329 3977 2395 4016 ne
2421 3963 2794 4031 portisinl’erni
2816 3966 3175 4035 subigeretur,
3198 3970 3414 4023 minime

1434 4094 1437 4097 .
1882 4058 2056 4102 tamen
2092 4050 2156 4100 ab
2196 4049 2259 4102 iis
2284 4050 2536 4101 subactus
2564 4058 2668 4102 est.

312 4135 542 4201 Θλίψιν
569 4134 662 4185 καὶ
694 4132 914 4199 ὀδύνην
940 4130 1134 4200 εὖρον,
1168 4151 1221 4187 κ.
1246 4150 1299 4187 τ.
1328 4136 1372 4188 ἐ.
1401 4136 1624 4206 Εὔρημά
1644 4139 1785 4189 ἐστιν
1816 4140 1846 4192 Ι]

1954 4135 2083 4188 lato.
2121 4136 2524 4190 Tribulatiouem
2549 4148 2595 4189 et
2622 4138 2850 4190 dolorem
2875 4137 3063 4203 inveni,
3099 4148 3205 4191 etc.
3235 4138 3416 4190 luven-

225 4230 268 4298 ἡ
309 4223 497 4291 θλίψις
518 4221 594 4290 τῷ
626 4222 937 4290 ὑπομένοντι
989 4224 1174 4293 αὐτὴν,
1225 4224 1316 4276 καὶ
1358 4226 1683 4294 καυχωμένῳ
1725 4228 1759 4277 ὲκ

1884 4233 1989 4275 tum
2019 4224 2280 4290 quoddam
2324 4235 2403 4277 est
2453 4224 2719 4277 tribulatio
2758 4224 2807 4277 ei
2851 4224 2939 4291 qui
2973 4224 3204 4277 suStinet
3250 4223 3411 4285 illam,

227 4316 368 4374 ταῖς
414 4309 645 4377 θλίψεσι,
680 4311 772 4361 καὶ
807 4309 1035 4362 ὁδεύοντι
1076 4312 1173 4380 τὴν
1221 4312 1529 4378 ἁπάγουσαν
1572 4317 1649 4375 εἰς
1686 4314 1761 4383 τὴε

1882 4321 1936 4364 et
1967 4314 2017 4365 in
2050 4312 2477 4366 tribulationibus
2516 4313 2794 4380 gloriatur,
2822 4321 2982 4381 atque
3005 4312 3241 4365 ambulat
3270 4313 3406 4366 viam

224 4402 414 4469 ζωὴν,
441 4394 605 4450 οὖσαν
638 4397 821 4466 στενὴν
846 4399 938 4449 καὶ
960 4397 1315 4469 τεθλιμμένην
1341 4400 1471 4452 ὁδόν.
1506 4400 1657 4452 Οὕτω
1687 4419 1756 4453 κα

1883 4415 2001 4466 quae
2025 4401 2169 4454 ducit
2195 4401 2259 4453 ad
2290 4402 2473 4465 vitam,
2501 4417 2617 4469 quae
2647 4410 2727 4454 est
2752 4403 2835 4455 via
2865 4412 3010 4455 arcta
3041 4412 3096 4455 et
3128 4402 3410 4456 laboriosa.

224 4491 335 4542 λδν
358 4488 425 4556 δὴ
453 4486 667 4554 εὕρημα
695 4485 785 4537 καὶ
804 4484 979 4554 ὀδύνη,
1012 4487 1098 4537 ὅτε
1125 4486 1190 4538 δι’
1221 4486 1433 4555 ἀγάπην
1480 4503 1560 4548 τις
1600 4488 1757 4540 δδυνᾶ

1884 4490 1960 4540 Ita
2004 4503 2213 4556 quoque
2255 4489 2563 4556 praeclarum
2616 4503 2745 4544 sane
2808 4490 3079 4543 inventum
3127 4500 3209 4544 est
3242 4490 3410 4552 dolor,

225 4593 336 4631 ται
372 4575 450 4637 ὡς
484 4575 513 4625 ὁ
545 4573 709 4623 εἰπὼν
742 4569 947 4633 Παῦλος
969 4590 982 4601 ο
1011 4592 1028 4623 ι
1078 4573 1231 4642 Λύπη
1277 4574 1363 4642 μοί
1411 4576 1524 4625 ἐστι
1554 4575 1755 4642 μεγάλη

1883 4577 2093 4643 quando
2126 4576 2243 4643 quis
2274 4590 2337 4629 ex
2369 4577 2648 4629 dilectione
2675 4576 2835 4646 79o
2854 4577 3017 4641 dolet,
3055 4579 3192 4632 sicut
3220 4578 3415 4634 Paulus

227 4667 343 4721 καὶ
393 4662 716 4732 ἀδιάληπτος
768 4660 924 4731 ὀδύνη
967 4664 1029 4731 τῇ
1082 4663 1269 4732 καρδίᾳ
1335 4680 1451 4732 μου,
1512 4682 1531 4715 ι
1586 4666 1677 4716 καὶ
1716 4665 1761 4717 τὲ

1888 4671 2070 4724 dicens
2103 4671 2147 4702 "
2180 4685 2195 4722 :
2228 4688 2246 4720 «
2278 4671 2516 4725 Tristitia
2550 4673 2674 4726 mihi
2709 4687 2895 4742 magna
2915 4681 3020 4737 est,
3053 4681 3107 4728 et
3130 4673 3414 4727 continuus

228 4754 399 4822 ἑξῆς.

1887 4758 2037 4812 dolor
2063 4760 2206 4813 cordi
2236 4775 2370 4824 meo,
2403 4778 2420 4811 ι
2455 4772 2556 4815 etc.

318 4841 433 4894 Kal
478 4839 542 4891 τὸ
584 4837 766 4905 ὄνομα
799 4839 1015 4904 Κυρίου
1049 4839 1517 4909 ἐπεκαλεσάμην,
1561 4863 1613 4898 κ.
1648 4863 1697 4898 τ.
1734 4848 1780 4898 ἐ.

1956 4848 2115 4902 Vsus.
2147 4848 2200 4902 4.
2240 4847 2305 4901 Et
2341 4865 2521 4901 nomen
2550 4849 2754 4903 Domini
2784 4851 3028 4911 invocavi,
3059 4856 3164 4903 etc.
3196 4846 3413 4901 «Omnis

234 4954 259 4986 ι
310 4930 431 4990 Πᾶς
456 4926 581 4997 γὰρ,
603 4926 784 4995 φησὶν,
817 4926 874 4986 ὃς
911 4925 975 4978 ἃν
1008 4926 1381 4996 ἐπικαλέσηται
1409 4930 1466 4981 τὸ
1483 4930 1647 5001 ὄνομα
1678 4934 1768 4984 Κυ

1887 4937 2048 5002 enim.
2073 4936 2242 5005 inquit
2273 4938 2338 5001 ’³,
2367 4940 2452 5007 qui
2481 4939 2807 4993 invocaverit
2834 4954 3021 4991 nomen
3059 4935 3266 4989 Domini
3308 4934 3414 4986 sal-

226 5021 366 5094 ρίου
399 5017 714 5085 σωθήσεται.
744 5033 761 5066 ι
794 5016 1084 5083 Τοιγαροῦν
1110 5019 1138 5067 δ
1161 5016 1401 5085 ἐλεήμων
1432 5021 1760 5073 ἐπικαλείσθο

1888 5039 1984 5078 vus
2012 5026 2133 5079 erit.
2172 5043 2191 5077 ι
2244 5024 2546 5080 Misericors
2573 5027 2734 5095 igitur
2777 5025 3204 5081 misericordem,
3234 5027 3287 5072 et
3324 5020 3412 5087 ju-

224 5113 341 5167 τὸν
374 5110 657 5177 ἐλεήμονα,
687 5107 778 5158 καὶ
801 5106 897 5176 τὴν
934 5105 1270 5174 δικαιοσύνην
1309 5110 1337 5159 δ
1366 5108 1587 5172 δίκαιος.
1640 5110 1758 5180 Ἢχὸ

1886 5112 2085 5164 stitiam
2122 5112 2544 5181 invocetjustus.
2570 5113 2697 5164 Nam
2723 5112 2950 5178 iustitia,
2989 5109 3170 5177 prima:
3192 5106 3416 5172 iustitiae

223 5201 358 5270 γὰρ
383 5196 569 5266 ὥσπερ
589 5211 671 5255 τις
690 5196 723 5263 ἡ
755 5195 812 5245 ἐν
838 5194 965 5262 ἡμῖν
988 5192 1312 5264 δικαιοσύνη,
1337 5194 1433 5261 τῆς
1464 5195 1682 5265 πρώτης
1706 5198 1755 5249 δι

1885 5201 2046 5252 veluti
2098 5202 2231 5256 echo
2281 5204 2541 5271 quaedam,
2579 5200 2727 5252 nobis
2794 5213 2889 5264 per
2953 5193 3414 5262 repercussioucm

224 5284 541 5352 καιοσύνης
567 5282 707 5333 κατὰ
728 5281 1015 5333 ἀνάκλασιν
1046 5281 1172 5347 ἡμῖν
1198 5280 1588 5348 ἐπισυμοαίνει.
1884 5290 2109 5342 advenit,
3000 5288 3003 5291 ’

332 5372 634 5439 Ἐλεήμοη
680 5372 713 5422 ὁ
749 5370 955 5437 Κύριος
983 5366 1079 5420 καὶ
1126 5366 1367 5432 δίκαιος,
1421 5367 1516 5420 καί
1564 5373 1597 5421 ό
1641 5371 1780 5436 Θεὸς

1954 5375 2111 5429 Vsus.
2160 5376 2211 5428 5.
2262 5377 2551 5430 Misericors
2596 5372 2842 5426 Dominus
2884 5380 2931 5425 et
2971 5372 3165 5437 iustus,
3196 5382 3243 5418 et
3282 5368 3419 5423 Deus

316 5530 365 5561 ⁸ο
390 5528 542 5582 .loau.
573 5540 683 5591 xtv,
709 5526 761 5578 6.
833 5528 875 5559 "
914 5526 931 5578 Ι
964 5526 1148 5577 Thess.
1183 5541 1256 5590 tv,
1290 5525 1370 5577 Μ.
1445 5525 1487 5556 ⁸⁸
1516 5524 1669 5586 Rom.
1697 5542 1768 5593 ιχ,
1795 5527 1846 5581 2.

833 5528 875 5559 "
914 5526 931 5578 l
964 5526 1148 5577 Thess.
1183 5541 1256 5590 tv,
1290 5525 1370 5577 lal.
1445 5525 1487 5556 “
1516 5524 1669 5586 Rom.
1697 5542 1768 5593 tx,
1795 5527 1846 5581 ‘2.
1921 5530 1966 5561 ”
1991 5530 2117 5584 ibid.
2150 5544 2199 5594 ς,
2238 5530 2321 5582 15.

1264 11 3517 39 ω
