3884 6244
315 280 456 335 1377

1240 276 1540 332 SELECTA
1576 272 1643 328 IN
1678 271 2006 331 PSALMOS.
2039 303 2106 312 —
2138 271 2338 325 PSAL.
2364 270 2527 326 CXV.

3331 267 3464 321 1578

311 397 409 463 τῆς
434 393 662 463 ἀμοιϐῆς
690 409 852 463 φησι·
888 412 905 442 ι
935 392 999 444 Τί
1026 391 1377 444 ἀνταποδώσω
1403 390 1479 458 τῷ
1503 389 1689 460 Κυρίῳ
1713 386 1838 456 περὶ

1944 384 2245 438 munerandi
2282 385 2438 438 modo
2474 382 2746 450 ambigens
2779 380 2898 436 ait:
2946 398 2964 431 ι
3000 378 3137 445 Quid
3174 380 3463 437 retribuam

313 483 526 535 πάντων
567 477 640 535 ὧν
682 480 1020 534 ἀνταπέδωκέ
1077 496 1204 548 μοι;
1239 498 1256 531 ι
1310 481 1398 540 Εἰς
1442 477 1685 546 αἴσθησιν
1732 475 1837 545 γὰρ

312 570 478 623 ἐλθὼν
508 570 614 622 τῶν
644 571 845 639 μυρίων
879 569 1023 638 παρά
1047 568 1177 620 Θεοῦ
1200 566 1408 636 δωρεῶν
1426 583 1440 596 ·
1458 566 1536 618 ὅτι
1565 568 1627 617 ὲκ
1653 565 1743 617 τοῦ
1768 564 1838 633 μὴ

306 659 460 721 ὄντος
478 659 557 721 εἰς
574 658 634 711 rb
662 653 794 710 εἶναι
821 656 1067 727 παρήχθη
1085 672 1099 686 ο
1131 656 1210 708 ὃτι
1232 656 1335 707 ἀπὸ
1359 655 1458 723 γῆς
1481 652 1836 715 διαπλασθεὶς,

310 745 454 817 λόγῳ
474 747 773 816 τετίμηται,
806 748 861 798 ὲν
881 740 924 811 ᾧ
954 747 1044 798 καὶ
1074 744 1169 814 τὴν
1197 734 1374 796 εἰκύνα
1417 745 1595 810 φορεῖν
1626 740 1838 793 δύναται

309 835 404 889 τοῦ
433 834 767 904 ἐπουρανίου·
789 833 971 885 ἔπειτα
1001 835 1092 885 καὶ
1117 833 1247 902 πρὸς
1267 832 1360 901 τὴν
1389 832 1523 899 ὑπὲρ
1541 829 1632 882 τοῦ
1658 830 1840 896 γένους

309 922 419 975 τῶν
454 921 751 992 ἀνθρώπων
782 921 1084 991 οἰκονομίαν
1110 920 1332 983 ἀπιδὼν,
1359 921 1438 973 ὅτι
1468 920 1652 972 ἑαυτὸν
1675 921 1703 970 ὁ
1733 918 1841 970 Κύ-

314 1025 427 1078 ριος
459 1010 622 1062 ἔδωκε
650 1009 838 1081 λύτρον
865 1010 983 1062 ἀντὶ
1014 1009 1217 1061 πολλῶν
1243 1009 1415 1078 ἡμῶν,
1438 1010 1714 1077 ὲπαπορεῖ,
1748 1007 1841 1059 καὶ

312 1093 466 1163 ζητεῖ
482 1096 541 1148 ὲν
566 1098 697 1148 πᾶσι
718 1095 919 1157 τούτοις
946 1097 1054 1158 τοῖς
1076 1096 1403 1166 ὑπάρχουσιν
1435 1095 1599 1164 αὐτῷ,
1620 1096 1673 1147 τί
1697 1094 1840 1160 ἀξιον

312 1182 521 1252 ἐξεύροι
547 1183 714 1254 δῶρον
735 1182 1067 1254 τῷΔεσπότῃ
1085 1199 1100 1214 ’
1142 1183 1202 1236 οὐ
1243 1182 1443 1245 θυσίας,
1475 1183 1592 1235 οὐδὲ
1619 1183 1840 1234 ὁλοκαυ-

311 1270 521 1335 τώσεις,
554 1273 668 1325 ἀλλ’
697 1271 858 1341 αὐτὴν
884 1273 1057 1324 πᾶσαν
1076 1272 1171 1342 τὴν
1194 1272 1381 1325 ἑαυτοῦ
1407 1272 1567 1342 ζωήν.

243 1514 251 1525 ⁸
383 1441 698 1509 Διέρῤηξας
722 1443 859 1509 τοὺς
879 1444 1134 1513 δεσμούς
1154 1462 1290 1513 μου.
1326 1462 1377 1497 κ.
1397 1462 1445 1496 τ.
1468 1446 1514 1497 ὲ.
1576 1444 1713 1511 Πρὸς
1763 1444 1840 1504 rb,

318 1549 338 1580 ε
370 1532 436 1582 Τί
460 1529 814 1584 ἀνταποδώσω
843 1532 918 1601 τῷ
940 1533 1125 1603 Κυρίῳ
1144 1550 1188 1595 ς»
1224 1534 1366 1585 δοκεῖ
1393 1550 1479 1601 μοι
1511 1532 1842 1584 ἀποδίδοσθαι

311 1617 527 1686 πρῶτον
552 1619 667 1687 μὲν,
704 1636 722 1669 ι
757 1621 1003 1690 ποτήριον
1034 1621 1292 1690 σωτηρίου
1312 1621 1571 1691 λήψομαι⁸
1612 1640 1630 1671 ι
1663 1621 1842 1673 δεύτε-

1942 470 2167 524 Domino
2212 484 2306 538 pro
2337 469 2581 523 omnibus
2621 484 2738 537 quae
2769 468 3020 524 retribuit
3061 469 3225 525 mlhi?
3252 489 3272 523 ι
3303 470 3466 526 Innu-

1942 571 2084 610 mera
2116 557 2254 611 enim
2298 556 2388 610 Dei
2428 571 2645 611 munera
2671 558 2994 626 expendens,
3026 558 3168 628 quod
3193 560 3262 615 de
3300 561 3469 616 nihilo

1942 644 1993 697 in
2037 643 2205 696 lucem
2252 644 2540 711 productus
2577 642 2646 696 sit
2678 661 2691 695 :
2721 646 2860 711 quod
2903 660 2966 698 ex
3010 652 3148 700 terra
3180 646 3463 712 formatus.

1943 733 2142 785 ratione
2167 730 2415 799 praeditus
2441 730 2529 793 sit,
2550 731 2601 782 in
2632 745 2733 797 qua
2757 732 2990 788 cmlestis
3022 735 3304 805 imaginem
3327 737 3467 793 ferre

1942 819 2113 873 valeat
2143 837 2158 872 :
2182 818 2374 873 deinde
2404 819 2495 873 Dei
2522 832 2732 887 quoque
2762 834 2856 887 pro
2884 822 3116 877 humano
3139 838 3331 892 genere
3353 826 3466 880 dis-

1940 910 2301 978 pensationem
2339 908 2658 976 inspiciens,
2703 911 2965 977 quomodo
2995 910 3249 967 Dominus
3272 925 3470 969 semet-

1943 998 2113 1065 ipsum
2152 996 2357 1051 dederit
2384 996 2436 1048 in
2467 996 2880 1065 redemptionem
2916 1011 3011 1064 pro
3053 1000 3230 1055 multis
3276 1004 3463 1067 nobis,

1943 1085 2132 1138 anxius
2164 1083 2372 1138 hzcsitat
2397 1092 2452 1137 et
2494 1085 2680 1152 qumrit
2709 1085 2758 1138 in
2790 1086 2873 1138 his
2922 1087 3168 1143 omnibus
3206 1104 3324 1158 quae
3366 1093 3465 1161 ipsi

1943 1180 2246 1240 suppettmt,
2284 1172 2550 1239 quodnam
2582 1181 2726 1224 tanto
2752 1172 2973 1227 Domino
3000 1175 3213 1244 dignum
3239 1180 3468 1246 reperiat

1945 1260 2138 1312 donum
2164 1274 2178 1309 :
2210 1274 2313 1312 non
2339 1260 2623 1325 sacrificia,
2649 1274 2750 1313 non
2780 1261 3111 1328 holocausta,
3139 1266 3233 1319 sed
3263 1265 3466 1333 ipsam-

1944 1355 2052 1400 met
2082 1356 2242 1402 totam
2269 1349 2431 1401 vitam
2458 1363 2629 1403 suam.

2018 1436 2178 1490 Vsus.
2209 1435 2262 1489 8.
2311 1436 2567 1501 Dirupisti
2607 1435 2805 1490 vincula
2852 1453 2986 1504 mea,
3036 1447 3139 1494 etc.
3174 1440 3254 1494 Ad
3297 1441 3465 1508 illud,

1950 1542 1968 1574 ι
2003 1524 2139 1589 Quid
2172 1525 2461 1578 retribuam
2506 1525 2768 1578 Domino?
2800 1545 2819 1579 ι
2855 1528 3071 1582 videtur
3116 1529 3245 1584 mihi
3280 1531 3467 1587 referri

1948 1613 2171 1678 primum
2218 1613 2452 1680 quidem,
2488 1628 2508 1662 ι
2544 1612 2765 1667 calicem
2811 1614 3061 1670 salutaris
3101 1618 3400 1687 accipiam;
3441 1638 3461 1672 ι

317 1720 410 1773 ρον
441 1705 599 1770 δὲτὸ,
630 1725 648 1757 ι
686 1707 781 1770 τὰς
829 1709 988 1776 εὐχάς
1024 1725 1121 1777 μου
1152 1707 1439 1761 ἀποδώσω’
1480 1727 1497 1759 ι
1526 1709 1700 1777 τρίτον
1760 1708 1842 1775 rb,

1944 1700 2176 1753 secundo
2205 1701 2366 1765 istud,
2395 1717 2414 1749 ι
2455 1710 2572 1754 vota
2621 1716 2739 1755 mea
2781 1703 3027 1767 reddam;
3060 1721 3079 1754 ι
3111 1706 3268 1760 tertio
3316 1706 3467 1771 illud,

320 1809 340 1841 ι
378 1792 462 1845 σοὶ
496 1793 639 1846 θύσω
672 1796 857 1848 θυσίαν
893 1795 1143 1857 αἰνέσεως
1165 1812 1178 1826 ⁸
1222 1815 1241 1847 ι
1275 1796 1524 1865 τέταρτον
1563 1798 1644 1859 rb,
1697 1815 1714 1845 ‹
1746 1796 1843 1858 τὰς

314 1881 484 1949 εὐχάς
514 1897 612 1951 μου
642 1899 719 1951 τῳ
746 1882 928 1951 Κυρίῳ
951 1882 1226 1936 ἀποδώσω.
1252 1901 1270 1932 ι
1308 1883 1463 1935 Ἀλλὰ
1495 1884 1553 1936 rb
1582 1885 1678 1952 μὲν
1715 1885 1845 1954 πρό-

315 1984 496 2038 τερον,
523 1988 542 2020 ι
573 1969 667 2031 τὰς
701 1969 861 2038 εὐχάς
905 1987 1002 2037 μου
1054 1969 1329 2031 ἀποδώσω,
1363 1989 1380 2019 ι
1417 1971 1571 2040 μόνον
1615 1971 1724 2040 ἔχει
1764 1973 1843 2035 τὸ,

315 2073 338 2107 α
379 2057 616 2109 ἐναντίον
647 2059 840 2119 παντὸς
858 2058 950 2110 τοῦ
972 2057 1097 2109 λαοῦ
1120 2057 1279 2110 αὐτοῦ
1303 2075 1316 2088 ·
1344 2078 1362 2108 ι
1414 2059 1473 2111 rb
1511 2060 1566 2112 δὲ
1604 2060 1846 2129 δεύτερον

310 2144 418 2195 καὶ
439 2143 518 2205 rb,
554 2161 573 2192 ι
609 2145 665 2195 ὲν
714 2143 899 2206 αὐλαῖς
945 2143 1089 2196 οίκου
1136 2143 1357 2213 Κυρίου,
1417 2163 1435 2195 ι
1465 2146 1555 2196 καὶ
1586 2146 1664 2208 rb,
1734 2163 1752 2195 ι
1792 2148 1847 2198 ἐν

313 2231 475 2301 μέσῳ
523 2248 641 2293 σου,
678 2233 1036 2303 Ἰερουσαλήμ.
1092 2253 1111 2285 ι
1165 2236 1271 2288 Καὶ
1327 2235 1386 2287 rb
1437 2235 1532 2303 μὲν
1571 2236 1884 2305 πρότερον..

316 2338 337 2371 ι
368 2320 474 2382 τὰς
499 2320 658 2388 εὐχάς
679 2337 777 2389 μου
809 2323 884 2391 τῷ
932 2323 1116 2393 Κυρίῳ
1165 2323 1437 2388 ἀποδώσω,
1471 2341 1490 2374 ›
1540 2324 1847 2391 ἐπιφέρεται

312 2409 395 2479 τῷ
435 2410 672 2479 ποτηρίῳ
698 2411 790 2464 τοῦ
821 2412 1082 2482 σωτηρίου
1102 2429 1116 2442 ·
1145 2413 1208 2465 rb
1241 2413 1297 2465 δὲ
1317 2413 1558 2484 δεύτερον
1580 2413 1668 2465 ἐπὶ
1718 2415 1849 2466 πᾶσι

312 2498 416 2550 καὶ.
444 2499 791 2567 συνημμένως
818 2499 909 2568 τῷ,
950 2519 968 2551 ‹
1002 2500 1280 2570 διέρρηξας
1300 2502 1420 2564 τοὺς
1442 2501 1667 2570 δεσμούς
1692 2519 1843 2571 μου,›

313 2585 418 2638 καὶ
446 2585 543 2655 τῷ,
576 2604 594 2636 ι
637 2587 718 2638 σοι
745 2587 886 2639 θύσω
909 2588 1091 2640 θυσίαν
1123 2589 1373 2651 αἰνέσεως
1395 2606 1409 2619 ·
1447 2609 1465 2640 ι
1503 2590 1563 2641 rb
1593 2590 1648 2642 δὲ
1672 2629 1687 2652 ,
1734 2609 1752 2639 ι
1786 2592 1848 2643 σὺ

314 2672 606 2743 διέρῤηξας
634 2674 758 2736 τοὺς
798 2674 1025 2744 δεσμούς
1054 2692 1170 2744 μου,
1211 2695 1229 2726 ι
1285 2676 1361 2746 τῷ
1418 2678 1579 2747 τιμίῳ
1616 2679 1849 2731 ἐναντίον

316 2760 512 2830 Κυρίῳ
539 2760 777 2830 θανάτῳ·
805 2762 833 2814 ὃ
878 2762 1098 2825 δοξάσας
1140 2763 1229 2815 τοῦ
1270 2766 1557 2835 μαρτυρίου
1600 2766 1687 2818 τὸν
1723 2767 1852 2821 Θεὸν

316 2847 469 2915 λέγει
502 2847 591 2900 ὲπί
626 2848 702 2918 τῷ
730 2849 815 2902 διὰ
865 2851 1155 2921 μαρτυρίου
1194 2852 1290 2916 τὰς
1325 2855 1716 2924 προγενομένας
1750 2873 1852 2911 σει-

319 2936 428 3006 ρας
451 2936 557 2988 τῶν
583 2937 856 3006 ἁμαρτιῶν
880 2939 1040 2993 αὑτοῦ
1076 2940 1383 3011 διερρἦθαι
1432 2944 1536 2996 ἀπὸ
1574 2945 1727 3010 Θεοῦ,
1773 2946 1849 3010 ὠς

1947 1804 1966 1836 ι
2003 1787 2097 1841 tibi
2132 1787 2446 1842 sacrificabo
2472 1787 2702 1841 hostiam
2739 1787 2946 1855 laudis;
2978 1808 2997 1842 ι
3021 1798 3212 1858 quarto
3242 1793 3469 1861 denique

1944 1875 2107 1938 isxud,
2144 1891 2162 1926 ι
2196 1882 2315 1928 vota
2373 1889 2490 1928 mea
2524 1876 2748 1930 Domino
2777 1878 3013 1931 reddam.
3051 1897 3071 1931 ο
3105 1879 3210 1934 Sed
3239 1881 3467 1950 primum

1944 1962 2177 2029 quidem,
2211 1979 2229 2012 ι
2260 1971 2377 2015 vota
2414 1977 2528 2016 mea
2568 1963 2804 2030 reddam,
2833 1981 2853 2015 ι
2883 1973 3082 2019 tantum
3115 1968 3273 2022 habet
3301 1969 3469 2038 illud,

1948 2070 1968 2102 ι
2006 2052 2057 2105 in
2080 2060 2367 2119 conspectu
2395 2052 2570 2106 omnis
2596 2052 2769 2120 populi
2793 2054 2938 2121 ejus;
2975 2073 2996 2107 ο
3026 2057 3316 2111 secundum
3341 2074 3471 2115 vero

1944 2149 1997 2194 et
2028 2140 2183 2204 istud,
2219 2158 2237 2191 ι
2276 2141 2327 2193 in
2360 2141 2511 2195 atriis
2533 2142 2720 2196 domus
2741 2141 2980 2207 Domini,
3010 2162 3031 2195 ι
3060 2152 3112 2197 et
3161 2145 3323 2214 istud,
3359 2166 3379 2200 σ
3416 2149 3470 2203 in

1945 2225 2119 2280 medio
2149 2226 2243 2292 tui,
2268 2225 2582 2284 Jerusalem.
2616 2245 2638 2280 ο
2664 2229 2742 2283 Ac
2772 2229 3004 2294 primum
3032 2231 3269 2298 quidem,
3295 2250 3316 2285 ι
3346 2245 3471 2290 vota

1946 2327 2061 2367 mea
2092 2315 2313 2369 Domino
2345 2316 2594 2383 reddam,
2630 2334 2649 2366 ι
2677 2316 2829 2371 calici
2862 2316 3146 2387 salutaris;
3180 2324 3471 2378 secundum

1947 2416 2073 2457 vero
2105 2405 2156 2457 in
2198 2405 2300 2459 line
2331 2414 2385 2460 et
2420 2414 2660 2460 connexa
2695 2405 2835 2459 serie
2864 2405 3202 2478 subjungitur
3239 2413 3323 2469 his
3350 2427 3472 2469 ver-

1944 2494 2047 2557 bis,
2084 2511 2102 2545 ι
2141 2495 2383 2561 dirupisti
2416 2496 2622 2549 vincula
2650 2510 2786 2561 mea,
2817 2514 2835 2547 ι
2869 2506 2923 2550 et
2949 2498 3048 2554 his.
3091 2518 3109 2551 ι
3149 2502 3241 2556 tibi
3267 2505 3472 2560 sacriti-

1946 2582 2081 2637 cabo
2113 2584 2339 2637 hostiam
2364 2583 2573 2648 laudis;
2609 2602 2628 2637 ι
2674 2585 2803 2640 illud
2835 2600 2983 2651 vero,
3020 2605 3040 2639 ι
3075 2589 3322 2659 dirupisti
3356 2594 3474 2648 οἰησ-

1945 2671 2062 2724 cula
2095 2685 2236 2734 mea,
2267 2684 2289 2723 ε
2330 2672 2578 2738 pretiosae
2610 2673 2663 2726 in
2713 2684 2998 2743 conspectu
3056 2677 3264 2734 Domini
3308 2683 3471 2737 morti

1946 2760 2274 2813 subnectitur
2302 2774 2313 2806 :
2340 2761 2481 2828 quod
2509 2760 2705 2816 dicitur
2733 2763 2801 2817 ab
2827 2777 2892 2818 eo
2915 2765 3003 2834 qui
3039 2770 3277 2839 martyrii
3304 2772 3466 2827 Deum

1946 2847 2224 2916 gloriﬁcat,
2246 2849 2370 2917 quia
2399 2863 2495 2917 per
2521 2851 2832 2918 martyrium
2862 2854 3101 2921 pristinae
3129 2866 3469 2925 peccatorum

1947 2935 2062 3003 ejus
2075 2944 2326 2990 catenaea
2355 2936 2461 2990 Deo
2491 2935 2897 3005 disruptzesunt,
2923 2940 2995 2994 ita
3026 2951 3084 2996 ut
3111 2958 3217 2999 non
3244 2948 3473 3015 amplius

320 3001 525 3093 μηκέτι
552 3001 712 3079 αὑτὸν
737 3025 875 3095 ἔχειν
904 3026 1128 3096 δεσμοὺς
1156 3001 1451 3099 ’ἀμαρτίαᾳ
1486 3032 1556 3084 Ἢ
1588 3034 1634 3084 εἰ
1668 3001 1845 3104 δεσμοί

1948 3001 2138 3074 habeat
2180 3022 2389 3077 vincula
2414 3001 2655 3092 peccati:
2680 3026 2771 3081 Vel
2803 3027 2847 3081 si
2883 3001 3078 3084 animas
3103 3018 3311 3088 vincula
3334 3001 3473 3090 .sunt

315 3114 425 3183 τῆς
443 3112 614 3183 ψυχῆς
642 3116 688 3166 οἰ
731 3108 1021 3184 σωματικοὶ
1054 3116 1159 3169 τῶν
1185 3117 1451 3188 διαφόρων
1507 3120 1680 3189 μελῶν
1717 3123 1845 3175 εἰσιν

1948 3109 2248 3177 corporalia
2271 3111 2599 3167 diversorum
2645 3116 3002 3169 membrorum
3027 3131 3215 3188 onera,
3247 3123 3472 3189 pulchre

315 3201 499 3277 ὄγκοι,
530 3200 705 3263 καλῶς
728 3201 792 3254 ἂν
814 3203 905 3255 καὶ
924 3202 1092 3264 οὕτως
1116 3204 1320 3270 λέγοιτο
1344 3207 1400 3257 ἐν
1429 3208 1702 3277 μαρτυρίῳ
1723 3209 1845 3261 ἀπο-

1947 3197 2106 3249 etiam
2136 3198 2236 3252 hoc
2280 3200 2436 3253 modo
2459 3200 2563 3254 dici
2596 3202 2764 3267 possit
2786 3203 2838 3255 in
2884 3207 3141 3272 martyrio
3165 3222 3197 3261 a
3246 3210 3473 3267 vinculis

316 3289 504 3351 λυθεὶς
532 3289 636 3341 τῶν
667 3289 875 3357 δεσμῶν
899 3290 955 3341 ὲν
1006 3292 1193 3363 εἰρήνῃ
1219 3287 1350 3344 εἶναι
1373 3330 1387 3355 ,
1439 3295 1645 3357 οὐδενὸς
1687 3296 1720 3365 ἢ
1760 3296 1845 3348 τοῦ

1949 3284 2217 3338 absolutus
2249 3287 2299 3338 in
2346 3301 2477 3353 pace
2505 3288 2784 3353 exsistere,
2821 3305 2940 3344 cum
2974 3293 3150 3349 nullus
3189 3297 3290 3352 nisi
3334 3299 3474 3355 Deus

321 3376 464 3430 Θεοῦ
493 3375 872 3445 διαρῤήξαντος
929 3376 1140 3439 αὐτούς.
1181 3378 1254 3429 Οὐ
1286 3379 1390 3448 γὰρ
1421 3382 1511 3432 καὶ
1552 3381 1657 3434 τῶν
1683 3383 1747 3435 δι’
1789 3385 1845 3454 ἣν

1948 3386 2010 3425 ea
2041 3373 2345 3441 disruperit.
2374 3373 2485 3428 Non
2512 3377 2653 3429 enim
2676 3389 2856 3430 eorum
2886 3380 2976 3444 qui
3008 3394 3378 3453 quamcunque
3404 3389 3475 3442 oh

321 3467 525 3535 δήποτε
552 3462 725 3516 αἰτίαν
749 3462 1220 3533 ἀπαλλαττομένων
1254 3466 1346 3518 τοῦ
1387 3466 1630 3537 σώματος
1674 3469 1845 3538 βιαίως

1950 3476 2165 3514 causam
2184 3461 2443 3515 violenter
2461 3476 2492 3515 a
2517 3476 2739 3531 corpore
2767 3464 3077 3533 liberantur,
3102 3471 3240 3528 Deus
3266 3474 3474 3531 vincula

323 3557 353 3607 ὀ
372 3553 507 3615 Θεὸς
529 3551 876 3621 διαρρήγνυσι
897 3552 1019 3613 τοὺς
1043 3551 1289 3620 δεσμούς.
1319 3554 1453 3606 Ποτὲ
1479 3557 1573 3625 μὲν
1592 3552 1682 3609 οὖν
1720 3559 1845 3610 ἀπο-

1951 3549 2250 3616 disrumpit.
2274 3550 2575 3617 Aliquando
2590 3550 2836 3607 nimirum
2853 3554 3080 3623 aliquem
3112 3562 3309 3617 occidit
3338 3545 3478 3620 Deus

324 3641 526 3695 κτείνει
550 3640 579 3691 ὁ
605 3637 753 3701 θεὸς,
774 3640 834 3691 οὐ
865 3638 1186 3708 διαρῤηγνὺς
1214 3640 1374 3692 αὐτοῦ
1427 3644 1548 3705 τοὺς
1590 3644 1813 3713 δεσμούς
1837 3660 1845 3674 ε

1952 3652 2049 3691 nec
2098 3648 2378 3707 propterea
2408 3641 2692 3711 disrumpit
2722 3644 2837 3712 ejus
2888 3646 3131 3713 vincula;
3188 3661 3475 3722 martyrem

324 3730 420 3783 τὸν
458 3728 514 3781 δὲ
572 3726 814 3796 μάρτυρα
864 3727 962 3779 οὐκ
1004 3728 1351 3789 ἀποκτείνει,
1408 3730 1562 3798 μόνον
1621 3731 1678 3784 δὲ
1731 3732 1845 3795 τοὺς

1953 3741 2080 3781 vero
2105 3742 2208 3781 non
2228 3727 2437 3788 occidit.
2453 3730 2544 3782 sed
2563 3732 2926 3786 tantummodo
2950 3731 3064 3800 ejus
3088 3735 3293 3790 vincula
3316 3739 3476 3810 792

323 3818 553 3887 δεσμοὺς
571 3815 731 3868 αὑτοῦ
754 3816 1116 3885 διαῤῥήγνυσι.
1147 3816 1255 3869 Καὶ
1287 3817 1392 3888 γὰρ
1434 3818 1520 3871 διὰ
1546 3820 1604 3872 τὸ
1660 3822 1845 3893 μαρτύ·

1953 3815 2476 3883 disrumpit.Etenim
2499 3833 2594 3886 per
2619 3822 2929 3890 martyrium
2953 3825 3317 3896 unusquisque
3341 3844 3481 3884 mar-

330 3922 445 3975 ριον
469 3908 497 3958 ὁ
525 3905 745 3965 ἕκαστος
774 3904 1055 3973 μαρτυρῶν
1093 3904 1276 3957 ἑαυτὸν
1303 3906 1592 3977 προσφέρει
1634 3907 1845 3977 ἄμωμοι

1957 3910 2128 3971 tyrum
2175 3904 2520 3972 semetipsum
2568 3905 2722 3962 ol'l’ert
2790 3909 3017 3965 hostiam
3080 3914 3479 3971 immacula'tam

331 3994 519 4046 θυσίαν
558 3989 635 4060 τῷ
662 3990 796 4060 Θεῷ,
826 3992 1051 4059 Χριστὸν
1086 3992 1406 4061 μιμούμενος
1426 4009 1439 4023 ·
1493 3992 1636 4060 λέγει
1683 4010 1744 4045 τε
1773 3994 1845 4055 rb,

1954 3986 2082 4052 Deo,
2129 3989 2399 4044 Christum
2451 3993 2724 4060 imitando,
2755 3998 3034 4067 dicitque:
3074 4018 3094 4052 ι
3129 4001 3247 4058 Tibi
3273 4007 3481 4060 sacriﬁ-

334 4102 353 4133 ‹
385 4084 475 4134 Σοὶ
506 4082 650 4134 θύσω
680 4080 866 4133 θυσίαν
890 4081 1159 4143 αἰνέσεως.
1191 4100 1210 4131 ι
1264 4083 1350 4134 Ἐν
1384 4082 1729 4153 Ἰερουσαλὴμ
1752 4084 1845 4153 γὰρ

1955 4076 2086 4131 cabo
2122 4078 2346 4132 hostiam
2395 4080 2584 4138 laudis.
2619 4101 2638 4133 ι
2669 4083 2723 4136 ln
2754 4084 3047 4142 Jerusalem
3073 4090 3215 4144 enim
3254 4092 3478 4158 caelesti,

329 4170 651 4240 ἐπουρανίῳ,
671 4172 735 4238 τῇ
756 4169 864 4222 ἄνω
899 4169 1061 4237 μητρὶ
1088 4169 1261 4239 ἡμῶν,
1294 4171 1554 4224 ἀποδώσει
1599 4174 1628 4224 ὁ
1654 4171 1845 4235 δίκαιος

1956 4178 2186 4232 superna
2231 4175 2400 4221 matre
2426 4180 2631 4233 nostra,
2661 4172 2847 4226 reddet
2886 4174 3065 4242 justus
3096 4186 3220 4231 vota
3258 4178 3481 4244 Domino

330 4260 426 4323 τὰς
457 4259 617 4328 εὐχὰς
634 4258 712 4327 τῷ
741 4259 925 4327 Κυρίῳ
950 4259 1039 4311 ἐπὶ
1074 4258 1268 4321 παντὸς
1293 4259 1561 4329 μάρτυρος
1585 4260 1677 4312 τοῦ
1732 4260 1845 4314 λαοῐ

1957 4264 2116 4343 super
2149 4254 2291 4307 omni
2319 4263 2547 4324 martyre
2577 4257 2749 4325 populi
2782 4258 2903 4326 Dei,
2940 4262 3390 4334 etHierosolymat
3427 4267 3484 4321 in

328 4347 423 4402 τοῦ
451 4346 583 4400 Θεοῦ
622 4347 714 4399 καὶ
745 4346 841 4415 τῆς
889 4347 1246 4417 Ἰερουσαλὴμ,
1291 4348 1348 4399 ὲν
1384 4348 1529 4415 τόπῳ
1577 4348 1810 4418 ἐκλεκτῷ
1832 4361 1845 4383 ε

1958 4340 2075 4395 loco
2103 4343 2308 4407 electo;
2344 4344 2429 4397 hic
2456 4353 2631 4399 autem
2660 4356 2743 4400 est
2776 4366 2795 4399 ι
2823 4349 2877 4403 in
2901 4352 3052 4406 atriis
3088 4352 3275 4408 domus
3306 4355 3483 4410 Domi-

327 4435 482 4502 οὖτος
507 4439 563 4491 δέ
587 4440 730 4490 ἐστιν
763 4456 780 4488 ι
817 4438 875 4489 ὲν
895 4435 1079 4497 αὐλαῖς
1096 4434 1240 4487 οίκου
1270 4436 1470 4506 Κυρίου
1503 4439 1561 4488 ὲν
1591 4436 1736 4506 μέσῳ
1756 4438 1845 4507 τῆς

1957 4427 2034 4493 ni,
2066 4429 2119 4483 in
2151 4430 2325 4483 medio
2352 4430 2668 4489 Jerusalem.
2693 4452 2712 4485 ι

337 4528 699 4600 Ἰερουσαλήμ.
734 4544 752 4576 δ
1026 4598 1033 4605 .
1334 4584 1339 4589 .

403 4618 513 4673 Τοῦ
550 4614 749 4672 αὑτοῦ.
792 4632 811 4664 ‹
839 4612 1128 4684 Διέρῤηξας
1152 4614 1271 4675 τοὺς
1292 4612 1516 4683 δεσμούς
1542 4629 1660 4682 μου.
1696 4631 1714 4663 ι
1742 4613 1845 4666 Οὐκ

1951 4645 1957 4652 ι
2026 4613 2294 4682 Ejusdem.
2338 4631 2359 4665 ‹
2397 4613 2648 4682 Dirupisti
2683 4614 2892 4683 vincula
2933 4630 3071 4670 mea.
3114 4635 3133 4668 ι
3160 4618 3273 4673 Non
3298 4618 3482 4675 dixit:

331 4704 497 4769 εἶπεν,
524 4706 749 4766 ἔλυσας,
793 4702 922 4754 ἀλλά
968 4721 986 4753 t
1024 4702 1324 4772 διέρῤηξας.
1370 4720 1390 4753 ι
1440 4703 1513 4764 ὡς
1558 4703 1845 4772 ἀχρήστους

1959 4702 2191 4767 solvisti,
2219 4702 2311 4756 sed
2338 4720 2358 4753 ι
2396 4703 2664 4771 dirupisti,
2699 4721 2718 4755 ι
2750 4704 2822 4757 ita
2859 4713 2919 4759 ut
2943 4705 3149 4760 inutilia
3182 4706 3321 4761 facta
3351 4709 3484 4766 sint.

331 4796 595 4864 γενέσθαι.
630 4792 864 4860 Δεσμοὺς
887 4790 1112 4843 ἐνταῦθα
1133 4791 1230 4853 τὰς
1257 4791 1458 4859 θλίψεις
1512 4790 1674 4857 λέγει.
1702 4792 1845 4843 Ἔστι

1958 4791 2181 4847 Vincula
2231 4792 2333 4846 hoc
2384 4791 2499 4847 loco
2552 4792 2919 4848 tribulatioues
2978 4803 3156 4847 vocat.
3210 4794 3303 4848 Est
3338 4797 3481 4850 enim

332 4886 439 4956 γὰρ
469 4884 563 4937 καὶ
611 4880 803 4949 δεσμὸς
849 4877 1028 4942 καλδς,
1083 4879 1157 4941 ὡς
1201 4880 1324 4932 ὅταν
1370 4878 1531 4951 λέγῃ·
1591 4898 1609 4929 ‹
1654 4880 1739 4932 Ἑν
1780 4878 1845 4948 τᾷ

1956 4880 2113 4934 etiam
2138 4880 2402 4934 vinculum
2432 4882 2650 4944 bonum,
2680 4891 2737 4935 ut
2763 4897 2882 4936 cum
2920 4882 3048 4936 dicit
3080 4897 3094 4934 :
3130 4899 3148 4931 ι
3186 4880 3241 4933 lu
3267 4882 3483 4935 vinculo

335 4972 608 5041 συνδέσμῳ
633 4971 729 5038 τῆς
751 4968 981 5035 ἀγάπης.
1023 4986 1042 5017 i
1076 4967 1270 5037 Δεσμοὶ
1289 4968 1345 5021 δὲ
1369 4967 1461 5021 κα)⁸
1489 4968 1544 5020 αἱ
1576 4969 1845 5037 προσγινό-

1955 4970 2232 5026 charitatis
2256 4971 2295 5023 ¹.
2336 4988 2355 5021 ι
2388 4969 2613 5025 Vincula
2642 4980 2769 5026 sunt
2811 4972 2969 5025 etiam
3008 4976 3347 5036 peccatorum
3393 4984 3484 5023 ca-

338 5079 488 5128 μεναι
517 5060 691 5123 σειραὶ
716 5057 821 5108 τῶν
854 5056 1285 5124 ἁμαρτημάτων·
1316 5057 1508 5117 οἵτινες
1534 5055 1592 5106 οὐ
1639 5055 1725 5107 διὰ
1766 5056 1845 5108 τοί

1958 5066 2090 5111 teme
2124 5074 2137 5110 :
2166 5071 2282 5125 qua:
2303 5057 2514 5124 quidem
2547 5056 2754 5109 vincula
2786 5069 2888 5107 non
2922 5057 3087 5106 solum
3119 5064 3216 5117 per
3237 5053 3481 5107 divinum

336 5150 476 5203 θείου
511 5148 665 5218 μόνον
713 5144 1077 5214 βαπτίσματος
1131 5144 1554 5215 διαρῤήσσονται,
1604 5144 1735 5196 ἀλλά
1766 5146 1845 5198 καί

1955 5146 2233 5214 baptisma,
2261 5146 2355 5198 sed
2380 5155 2436 5198 et
2469 5159 2563 5213 per
2591 5142 2897 5210 martyrium
2918 5152 3011 5205 pro
3037 5137 3257 5192 Christo
3278 5141 3481 5197 abitum

333 5238 419 5292 διὰ
440 5238 533 5290 τοῦ
553 5235 691 5304 ὑπὲρ
716 5233 945 5304 Χριστοῦ
980 5233 1288 5301 μαρτυρίου,
1334 5233 1426 5284 καὶ
1478 5231 1565 5283 διὰ
1613 5230 1845 5301 δακρύωκ

1957 5244 2011 5289 et
2046 5250 2139 5306 pcr
2161 5234 2484 5306 pmnitentias
2510 5232 2765 5299 lacrymas
2792 5227 3208 5293 disrumpuntur.

335 5325 437 5379 τῶν
463 5328 526 5379 ὲκ
556 5322 854 5392 μετανοίας.

410 5513 548 5569 'Ose.
572 5525 648 5576 ιι,
677 5508 731 5564 4.

604 5605 865 5664 Parnm.
910 5604 1022 5663 Gn.
1068 5604 1203 5663 XII.

3108 5588 3184 5648 50
