3884 6232
342 268 484 323 1581
1255 260 1556 320 SELECTA
1585 263 1650 318 IN
1688 260 2017 318 PSALMOS.
2051 289 2118 300 -—
2147 260 2334 314 PSAL.
2369 259 2570 316 CXVII.
3372 255 3504 312 1532

334 379 491 431 ωὑτά
508 379 580 440 ὡς
612 376 855 448 μέλισσαι
883 376 1035 439 εἰσιν,
1068 373 1178 430 ἀλλ’
1205 373 1262 427 οὑ
1297 376 1564 445 μέλισσαι.
1606 377 1711 428 Καὶ
1753 390 1859 428 κατι

1987 371 2078 440 qui
2097 387 2154 424 ea
2176 370 2528 440 promulgant,
2556 370 2588 422 ii
2614 377 2739 423 sunt
2765 367 2906 422 velut
2930 380 3072 436 apes,
3108 365 3202 420 sed
3233 381 3333 421 non
3356 380 3502 436 apes.

335 466 439 518 τὸν
468 465 782 534 Σολομῶντα
837 465 891 517 δὲ
946 483 963 514 ι
999 464 1117 533 μέλι
1167 463 1455 526 ἀποστάζει
1519 465 1623 516 ἀπὸ
1667 464 1859 532 χειλέωε

1984 459 2280 514 Secundum
2322 457 2653 511 Salomoncm
2698 471 2910 526 quoque
2939 456 2960 486 ⁸
2994 474 3013 507 ι
3065 455 3166 510 mel
3208 455 3429 510 distillat
3472 472 3502 508 a

332 554 605 620 γυναικὸς
642 554 839 623 πόρνης
858 569 871 582 ⁸
898 571 916 603 ι
947 554 1064 621 ἥτις
1093 550 1206 602 ἐστὶ
1231 549 1568 620 ψευδώνυμος
1597 552 1808 618 γνῶσις.
1826 553 1859 601 ⁸(

1982 549 2134 603 labiis
2162 547 2397 601 mulieris
2447 546 2769 608 fornicariae,
2800 565 2820 597 ι
2855 559 2971 614 quae
2999 553 3078 599 est
3107 545 3229 600 falsi
3272 546 3506 599 nominis

332 641 678 712 κολλώμενος
706 641 836 712 πρὸς
858 642 1020 710 αὐτὴν
1045 641 1099 693 ἓν
1133 641 1288 711 σῶμά
1309 645 1448 694 ἐστιν
1478 643 1630 710 αὑτῇ,
1659 639 1730 702 ὡς
1751 642 1778 690 ό
1808 641 1859 708 τιξ

1979 639 2214 692 scientia.
2247 638 2344 701 Qui
2374 636 2604 688 adhmret
2630 636 2724 696 illi,
2752 651 2909 688 unum
2940 651 3130 703 corpus
3161 644 3243 688 est
3265 650 3384 689 cum
3416 649 3502 695 ea,

333 729 535 800 Κυρίῳ
566 730 660 781 καὶ
690 729 875 798 ἀληθεί
902 730 1054 798 Λόγῳ
1083 730 1137 782 ἒν
1169 730 1398 799 πνεῦμα.

1979 726 2116 778 sicut
2146 727 2188 778 is
2225 725 2312 792 qui
2351 723 2569 776 Domino
2599 737 2824 791 veroque
2879 722 3048 778 Verbo
3081 725 3334 789 adltmret,
3365 738 3503 776 unus

1885 821 1889 856 τ
1979 815 2197 884 Spiritus
2230 821 2309 866 est
2339 825 2457 864 cum
2479 825 2563 864 eo.

425 903 620 971 Ἰσχύς
640 921 756 971 μου
789 903 884 956 καὶ
911 905 1165 972 ὕμνησίς
1182 922 1297 972 μου
1327 905 1358 955 ό
1388 903 1630 967 Κύριος,
1664 918 1715 951 κ.
1748 916 1795 948 τ.
1831 900 1855 949 ἐ

2051 903 2202 956 Vens.
2230 901 2310 953 Η.
2332 899 2607 954 Fortitudo
2631 916 2738 951 mea
2761 907 2805 951 et
2838 898 2948 951 laus
2971 915 3081 950 mea
3101 898 3368 964 Dominus,
3395 908 3500 955 etc.

343 992 528 1060 Ἰσχὺς
555 994 583 1043 ό
635 993 786 1060 λόγος
823 995 1168 1057 ἀναλαϐόντος
1217 993 1393 1055 αὑτὸν,
1434 990 1499 1043 δι’
1549 990 1605 1041 ὃν
1643 1007 1660 1039 ι
1709 989 1859 1040 πάντε

1979 990 2326 1057 Suscipientis
2364 1004 2481 1042 eum
2513 1003 2606 1056 per
2642 1001 2798 1057 quem
2834 1004 2852 1036 ι
2891 986 3066 1038 omnia
3095 1001 3328 1050 oossum,
3365 1005 3385 1038 ι
3415 987 3498 1041 in~

331 1079 534 1146 ἰσχύω,
572 1098 592 1130 ι
635 1082 794 1149 φησὶν
825 1083 852 1132 ό
876 1081 1100 1144 Παῦλος,
1142 1099 1159 1130 ι
1202 1081 1258 1132 ὲν
1285 1079 1361 1147 τῷ
1391 1075 1762 1145 ἐνδυναμοῦντί
1811 1091 1877 1144 με

332 1167 561 1237 Χριστῷ
606 1168 796 1238 Ἰησοῦ.
831 1189 849 1220 ι
892 1164 1054 1232 Οὗτος
1079 1171 1106 1221 ό
1129 1170 1282 1236 λόγος
1311 1168 1401 1219 καὶ
1439 1166 1667 1236 ὑμνησίς
1711 1167 1874 1224 ἐστιν,

329 1257 400 1308 ὲν
430 1251 474 1322 ᾧ
511 1259 657 1310 ἐστιν
689 1261 720 1326 ἡ
755 1258 1016 1324 θεολογία.
1045 1258 1149 1309 Καὶ
1174 1257 1492 1326 θαρροῦντος
1523 1255 1579 1307 δὲ
1610 1254 1878 1324 μάρτυρος

327 1336 424 1406 εἴη
455 1339 488 1406 ἡ
540 1339 722 1407 φωνή·
779 1357 796 1388 ι
839 1338 1006 1407 Ἰσχύς
1063 1355 1160 1406 μου
1211 1340 1302 1390 καὶ
1333 1336 1554 1406 ὑμνησίς
1591 1352 1688 1404 μου
1717 1333 1877 1385 όΚύ-

329 1439 476 1494 ριος.
508 1444 529 1477 ι

415 1517 538 1566 οὐκ
566 1515 983 1584 ἀποθανοῦμαι,
1015 1515 1169 1568 ἀλλὰ
1191 1513 1449 1582 ζήσομαι,
1484 1513 1578 1566 καὶ
1603 1512 1874 1580 διηγήσο-

323 1617 440 1668 μαι
469 1602 541 1654 τὰ
573 1604 711 1670 ἔργα
736 1607 971 1669 Κυριου,
999 1623 1051 1658 κ.
1084 1621 1132 1656 τ.
1157 1605 1202 1656 ὲ.
1227 1603 1344 1654 Τῶν
1368 1602 1576 1663 ζώντων
1604 1602 1716 1652 ἐστὶ
1760 1603 1873 1668 διη-

325 1690 554 1755 γεῖσθαι
578 1693 642 1743 τὰ
663 1691 795 1761 ἔργα
819 1693 1038 1760 Κυρίου.

419 1773 710 1835 Ἆνοίξατέ
736 1791 832 1840 μοι
859 1774 1052 1836 πύλας
1081 1771 1476 1837 δικαιοσύνης,
1502 1789 1554 1825 κ.
1583 1788 1632 1824 τ.
1663 1772 1708 1822 έ.
1747 1771 1870 1822 Ὥσ-

328 1876 448 1928 περ
506 1860 858 1928 δικαιοσύνης,
903 1863 1027 1928 μιᾶς
1053 1859 1158 1912 τῶν
1187 1861 1408 1929 ἀρετῶν,
1453 1860 1555 1911 εἰσὶ
1605 1859 1765 1911 πύλαι
1816 1862 1868 1910 αἱ

326 1945 462 1997 κατ’
491 1947 656 2014 αὐτὴν
686 1946 927 2016 πράξεις,
957 1947 1122 2008 οὕτως
1157 1943 1261 1998 εἷεν
1310 1946 1373 1999 ἃν
1419 1948 1509 2000 καὶ
1563 1947 1869 2016 φρονήσεως

325 2033 528 2096 τιύλαι,
559 2033 650 2084 καὶ
674 2034 1034 2102 σωφροσύνης,
1058 2036 1145 2086 καὶ
1172 2035 1435 2105 ἀνδρείας,
1477 2035 1568 2087 καὶ
1605 2035 1709 2087 τῶν
1767 2035 1870 2086 λοι-

324 2123 457 2174 πῶν
492 2121 714 2190 ἀρετῶν,
757 2123 1083 2192 ἀνεῳγμέναι
1122 2123 1216 2192 μὲν
1237 2124 1292 2175 ὲν
1322 2123 1398 2191 τῷ
1447 2123 1726 2192 σπουδαίῳ,
1777 2140 1868 2174 κεο

325 2211 652 2279 κλεισμέναι
677 2213 731 2262 δὲ
757 2213 813 2264 ὲν
840 2211 913 2281 τῷ
951 2212 1152 2282 φαύλῳ.
1189 2213 1305 2265 Εἰσὶ
1354 2213 1594 2282 μέντοιγε
1619 2214 1712 2266 καὶ
1762 2211 1869 2266 τῶν

324 2299 546 2351 κακιῶν
581 2299 738 2351 πύλαι
784 2301 1214 2369 ἠνοιγμέναιομὲν
1265 2299 1340 2368 τῷ
1396 2301 1576 2369 φαύλῳ
1623 2301 1708 2352 διὰ
1765 2301 1869 2353 τῶν

325 2386 480 2439 κατὰ
518 2388 708 2440 κακίαν
754 2388 1012 2456 πράξεων,
1074 2389 1547 2458 ἀποκεκλεισμέναι
1595 2391 1649 2442 δὲ
1702 2394 1757 2444 ἐν
1792 2391 1869 2461 τῷ

325 2475 560 2545 ἀστείῳ.
592 2477 810 2546 Μήποτε
841 2477 894 2528 δὲ
924 2478 1013 2528 καὶ
1041 2477 1209 2540 ἄλλως
1246 2479 1331 2530 διὰ
1352 2479 1411 2530 τό
1439 2496 1451 2508 ο
1487 2498 1504 2529 ι
1544 2481 1740 2548 Ἀρατε
1770 2480 1870 2531 πύ-

322 2567 511 2629 λας,οί
538 2566 1078 2636 άρχοντες,ὑμῶν,καὶ
1110 2567 1398 2637 ὲπάρϐητε,
1430 2569 1586 2620 πύλαι
1610 2569 1860 2621 αἰώνιοιί

323 2657 447 2709 εἰσὶ
474 2656 631 2708 πύλαι
663 2659 740 2718 είς
770 2656 866 2718 τὰς
892 2655 1132 2719 αἰωνίους
1179 2656 1338 2725 μονὰς
1365 2657 1560 2726 ἑκάστη
1607 2658 1713 2709 τῶν
1745 2659 1867 2726 ἀρε-ο

323 2745 442 2796 τῶν
470 2743 695 2807 αίώνιοι,
717 2744 781 2796 δι’
815 2739 887 2799 ὧν
927 2744 1264 2815 καταλλήλως
1315 2745 1694 2799 εἰσελεύσονται
1748 2749 1866 2808 ταῖς

321 2832 596 2903 πράξεσιν
657 2833 857 2887 ἑαυτῶν
909 2834 958 2885 οἱ
1019 2835 1306 2886 σπουδαῖοι.
1363 2835 1463 2887 Τὸν
1521 2836 1575 2887 δὲ
1641 2835 1865 2904 Σωτῆρα

320 2925 501 2993 ἐχρῆν
527 2923 612 2974 διὰ
638 2922 821 2977 πασῶν
865 2921 1112 2988 ἐξελθεῖν,
1145 2924 1508 2992 ἐπαιρομένων
1554 2925 1646 2976 καὶ
1703 2941 1862 2993 μεγε-

1976 1079 2092 1146 quit
2124 1077 2316 1131 Paulus
2342 1079 2384 1141 ⁵,
2422 1096 2440 1127 ι
2481 1077 2533 1128 in
2577 1091 2638 1129 eo
2682 1076 2767 1142 qui
2817 1091 2900 1130 me
2958 1075 3240 1139 confortat,
3285 1077 3500 1131 Christo

1974 1163 2120 1229 Jesn,
2166 1183 2183 1214 ι
2218 1174 2405 1231 potens
2436 1171 2515 1216 est
2545 1176 2740 1215 sermo.
2777 1161 2872 1215 Hic
2920 1175 3114 1223 sermo,
3175 1161 3226 1213 in
3268 1175 3372 1228 quo
3419 1170 3502 1215 est

1977 1255 2259 1323 theologia,
2309 1255 2470 1308 etiam
2503 1263 2584 1307 est
2615 1252 2749 1304 laus.
2777 1253 3037 1304 Caeterum
3071 1249 3180 1302 ltzec
3213 1263 3310 1301 vox
3336 1249 3497 1301 etiam

1973 1356 2091 1396 esse
2121 1344 2285 1410 possit
2315 1343 2562 1410 martyris
2608 1341 2796 1394 fiducia
2831 1339 2968 1408 pleni
2995 1355 3007 1390 :
3033 1357 3053 1388 ‹
3087 1337 3360 1392 Fortitudo
3385 1352 3498 1390 mea

1972 1437 2025 1483 et
2054 1429 2171 1483 laus
2201 1445 2314 1483 mea
2350 1430 2622 1483 Dominus.
2667 1447 2684 1478 ι

2041 1519 2197 1572 Vnus.
2258 1520 2338 1571 l7.
2393 1517 2513 1570 Non
2560 1517 2775 1578 moriar,
2824 1517 2912 1569 sed
2964 1516 3149 1578 vivam,
3193 1524 3239 1568 et
3279 1516 3499 1569 narrabo

1972 1622 2124 1674 opera
2166 1606 2392 1671 Domini,
2430 1615 2534 1658 etc.
2563 1604 2814 1657 Vivorum
2845 1613 2922 1658 est
2954 1620 3174 1659 narrare
3199 1619 3357 1674 Opera
3393 1607 3498 1660 Do-

1901 1676 1942 1731 Β
1971 1695 2120 1747 ηιίιιί.

2038 1782 2197 1834 Vens.
2225 1781 2307 1834 l9.
2340 1780 2540 1848 Aperite
2569 1780 2694 1831 mihi
2719 1787 2889 1847 portas
2906 1777 3147 1846 justitia’,
3166 1788 3268 1833 etc.
3289 1779 3509 1844 Quem-5

1966 1869 2250 1922 admodum
2274 1868 2511 1936 jnstitiae,
2557 1879 2677 1934 quae
2712 1881 2812 1918 una
2846 1876 2928 1920 est
2952 1881 3016 1919 ex
3043 1867 3348 1930 virtutibus,
3376 1881 3496 1933 por-

1968 1964 2030 2010 ta:
2056 1965 2177 2008 sunt
2225 1954 2459 2008 actiones
2501 1955 2550 2009 ei
2602 1961 2968 2010 consentaneae
3022 1992 3039 2018 ,
3067 1954 3139 2006 ita
3161 1955 3494 2008 eruntctiam

1965 2053 2128 2114 portae
2166 2043 2488 2112 prudentiae,
2531 2051 2585 2096 et
2621 2042 3003 2110 temperantia),
3051 2049 3104 2094 et
3144 2040 3494 2104 fortitudinis,

1966 2149 2027 2188 ac
2057 2135 2308 2187 virtutum
2337 2142 2669 2197 ceterarum,
2699 2140 2895 2201 aperta:
2940 2130 3151 2199 quidem
3187 2131 3373 2210 probo,
3399 2134 3491 2184 sed

1965 2221 2155 2276 clausae
2185 2221 2440 2289 improbo.
2480 2222 2615 2274 Sunt
2639 2221 2798 2274 etiam
2824 2221 3073 2274 vitiorum
3103 2229 3271 2288 portae
3293 2229 3492 2288 apertae

1965 2311 2172 2377 quidem
2197 2311 2435 2378 improbo
2463 2324 2557 2378 per
2580 2309 2802 2363 vitiosas
2824 2309 3079 2375 actiones,
3108 2311 3200 2362 sed
3223 2309 3415 2363 clausae
3437 2311 3489 2363 in

1965 2401 2078 2452 viro
2119 2401 2304 2468 probo.
2355 2399 2514 2453 Forte
2542 2413 2668 2454 vero
2700 2399 2859 2451 etiam
2892 2398 3047 2452 aliter
3077 2406 3290 2466 pr0ptcr
3337 2399 3489 2460 illud,

1970 2507 1989 2540 ι
2019 2489 2260 2543 Attollite
2288 2497 2488 2558 portas,
2512 2489 2798 2558 principes,
2833 2495 3034 2543 vestras
3057 2527 3072 2553 ,
3105 2497 3156 2542 et
3185 2489 3490 2550 clevamini,

1965 2586 2132 2645 portae
2179 2580 2456 2633 :eternales
2483 2578 2524 2642 ⁸,
2562 2597 2582 2628 ι
2612 2577 2834 2646 singulae
2876 2577 3104 2632 virtutes
3155 2586 3278 2632 sunt
3327 2589 3492 2648 portae

1963 2664 2238 2718 :eternalcs
2262 2667 2326 2718 ad
2355 2667 2658 2719 mansiones
2685 2675 2934 2731 aeternas,
2960 2680 3053 2734 per
3069 2680 3202 2733 quas
3219 2665 3316 2718 viri
3339 2667 3490 2735 probi

1963 2753 2120 2805 modo
2171 2752 2284 2804 suis
2341 2753 2639 2806 actionibus
2697 2762 3057 2806 consentaneo
3105 2753 3487 2820 ingrcdientur.

1963 2839 2290 2894 Salvatorem
2317 2850 2495 2894 autem
2525 2841 2756 2910 oportuit
2785 2855 2882 2909 per
2926 2856 3112 2896 omnes
3139 2842 3350 2909 egredi,
3381 2843 3491 2897 ele-

1963 2938 2112 2983 vatas
2156 2938 2209 2983 et
2255 2929 2623 2998 magnificatas
2676 2945 2772 2997 pro
2820 2930 3076 2998 dignitate
3113 2931 3491 2999 magnitudinis

321 2983 639 3080 (δυνομένων
665 3010 826 3073 ἀξίως
858 2983 946 3062 τοῦ
969 2983 1222 3079 μεγέθους
1251 2983 1500 3079 έριστοῦ.
1543 2983 1723 3074 Πάσας
1753 2983 1856 3080 γ’ἀρ

1964 3013 2174 3067 Christi.
2205 2983 2401 3069 Omnes
2431 3015 2571 3068 enim
2603 2983 2905 3082 assumpsi;
2919 2983 3233 3070 secundumu
3258 3018 3490 3084 dignita-

318 3097 562 3151 ἀνέλαϐε
611 3099 724 3149 κατ’
776 3097 927 3160 ἀξίαν
985 3096 1079 3166 τῆς
1130 3098 1470 3160 ὑποστάσεως
1514 3099 1855 3169 Πρωτοτόκου

318 3189 512 3255 πάσης
534 3185 776 3247 κτίσεως.
806 3186 915 3238 Καὶ
955 3186 1140 3237 σκόπει
1185 3188 1252 3249 εί,
1302 3185 1485 3254 ὥσπερ
1534 3186 1612 3254 τῷ
1651 3188 1856 3256 Σωτῆρι

319 3276 572 3344 αἴρονται
603 3274 693 3324 καὶ
725 3273 1050 3341 ἐπαίρονται,
1081 3272 1217 3324 οὑτω
1248 3272 1364 3325 κατ’
1387 3273 1537 3337 ἀξίαν
1569 3275 1774 3343 ἑκάστῳ
1821 3276 1855 3342 ἢ

316 3366 574 3434 αἴρονται
601 3363 692 3414 καὶ
723 3361 1102 3430 ἐπαίρονται,ἢ
1149 3361 1375 3413 τίθενται
1426 3362 1517 3414 καὶ
1567 3364 1663 3414 οὑκ
1704 3363 1855 3414 ἐπαί-

319 3467 535 3524 ρονται.
566 3449 754 3500 Εἰσὶδὲ
777 3450 867 3500 καὶ
894 3448 1117 3516 ἔμψυχοι
1148 3449 1236 3500 καὶ
1267 3448 1431 3510 ζῶσαι
1473 3445 1624 3502 αὗται
1656 3451 1710 3500 αἱ
1761 3451 1859 3503 πύ-

315 3539 441 3591 λαι*
477 3535 559 3587 διὸ
612 3533 822 3600 λέγεται
863 3533 1049 3594 αὑταῖς
1086 3533 1178 3595 τὸ,
1245 3551 1263 3583 ι
1310 3534 1624 3604 Ἐπάροητε.
1683 3554 1700 3586 ι
1754 3537 1858 3588 Καὶ

316 3631 464 3696 τάχα
493 3627 542 3678 οἱ
580 3623 829 3693 ἄρχοντες
855 3622 945 3675 καὶ¹
975 3624 1028 3674 ai
1082 3622 1241 3674 πύλαι
1283 3623 1562 3692 θανόμεναί
1610 3642 1735 3691 φασι
1777 3627 1853 3689 τὸ,

325 3736 344 3767 ι
379 3715 476 3778 Τίς
501 3715 642 3766 ἐστιν
663 3707 812 3774 οὗτος
836 3713 863 3763 ὁ
897 3710 1143 3780 βασιλεὺς
1173 3713 1268 3779 τῆς
1296 3712 1481 3781 δόξηςς
1515 3731 1534 3763 ι
1587 3714 1705 3765 Εἰσὶ
1737 3714 1857 3783 μένα

318 3821 468 3872 τοιγε
495 3805 552 3856 αἱ
587 3802 682 3871 μὲν
718 3800 820 3853 ὑπὸ
854 3800 1076 3862 πολλοὺς
1127 3798 1287 3851 πύλαι
1322 3800 1687 3870 δικαιοσύνης,
1713 3805 1746 3870 ἡ
1801 3802 1856 3854 δὲ

315 3894 404 3956 τίς
428 3892 588 3962 μόνου
612 3889 704 3942 τοῦ
732 3889 929 3958 Κυρίου
957 3888 1127 3957 πύλη;
1170 3888 1344 3950 Πύλας
1379 3885 1468 3940 οὑν
1525 3888 1855 3958 δικαιοσύνης

317 3983 419 4044 τὰς
440 3981 724 4049 διαφόρους
773 3979 869 4046 τῆς
906 3978 1107 4047 ἀρετῆς
1147 3978 1283 4039 ίδέας
1314 3977 1492 4030 καλεῖο
1537 3978 1602 4030 δι’
1642 3979 1856 4031 ἐκείνων

319 4072 430 4142 γὰρ
462 4069 682 4123 δυνατὸν
715 4068 875 4132 ἀξίως
904 4067 1133 4136 ὑμνῆσαι
1159 4067 1246 4118 τὸν
1275 4067 1380 4120 τῶν
1413 4067 1543 4122 ὅλων
1569 4067 1716 4120 Θεόν.
1749 4069 1857 4122 Καὶ

314 4162 475 4215 τοῦτο
507 4158 828 4227 σαφέστερον
863 4155 949 4209 διὰ
978 4156 1084 4209 τῶν
1119 4156 1514 4225 ἐπιφερομένων
1563 4157 1851 4226 ἐδήλωσεν·

1957 3112 2062 3157 tem
2079 3102 2420 3172 Primogeniti
2445 3103 2604 3174 794
2623 3106 2795 3158 omnis
2814 3115 3093 3160 creaturze.
3111 3106 3178 3159 Et
3204 3107 3321 3160 vide
3339 3123 3488 3174 num,

1955 3191 2092 3245 sicut
2113 3190 2368 3244 Salvatori
2388 3192 2642 3244 tolluntur
2662 3199 2716 3246 et
2749 3191 3080 3254 attolluntur,
3111 3192 3184 3245 ita
3204 3201 3258 3245 et
3281 3193 3491 3246 unicui-

1955 3290 2057 3344 que
2089 3291 2183 3344 pro
2222 3277 2476 3344 dignitate
2504 3278 2587 3330 vel
2635 3279 2972 3332 tollantur'et
3023 3278 3354 3340 attollantur,
3406 3280 3487 3332 vel

1956 3377 2218 3437 ponantur
2260 3377 2313 3422 ct
2353 3384 2456 3420 non
2496 3367 2824 3422 attolluntur.
2853 3368 2988 3421 Sunt
3012 3368 3170 3421 etiam
3207 3368 3287 3421 ha:
3317 3377 3486 3436 portae

1955 3455 2202 3508 animata:
2229 3467 2284 3508 et
2324 3455 2475 3508 vivaa.
2508 3454 2768 3519 Quocirca
2814 3455 2939 3523 ipsis
2966 3455 3201 3509 dicitur:
3247 3475 3265 3507 ι
3295 3457 3483 3513 Eleva-

1956 3543 2104 3594 mini.
2150 3561 2168 3592 ι
2202 3542 2263 3594 Et
2294 3541 2536 3594 fortassis
2578 3541 2839 3609 principes
2879 3555 2942 3594 ac
2969 3551 3134 3609 porta:
3162 3552 3382 3598 mortuae
3405 3545 3482 3598 di-

1954 3640 2080 3683 cunt
2117 3647 2130 3682 :
2160 3646 2180 3679 ι
2224 3629 2354 3695 Quis
2385 3639 2465 3683 est
2506 3630 2606 3683 iste
2642 3644 2735 3683 rex
2777 3629 3001 3698 gloria}?
3039 3649 3058 3682 ι
3094 3631 3231 3685 Sunt
3271 3634 3482 3700 quidem

1956 3719 2038 3771 ba:
2083 3721 2258 3786 quoad
2293 3719 2486 3774 multos
2517 3726 2682 3786 portae
2705 3718 2956 3787 iustitiae,
3000 3719 3090 3773 sed
3118 3735 3358 3788 quamam
3390 3722 3478 3776 illa

1953 3808 2122 3862 solius
2143 3808 2345 3862 Domini
2370 3808 2556 3877 porta?
2589 3807 2779 3862 Portas
2803 3808 2964 3876 igitur
2982 3809 3200 3874 iustitiae
3222 3819 3378 3863 vocat
3402 3811 3477 3864 di-

1952 3909 2134 3948 versas
2180 3895 2393 3950 virtutis
2421 3895 2626 3964 Species
2665 3910 2680 3946 :
2712 3909 2805 3962 per
2827 3895 2944 3948 illas
2973 3898 3112 3953 enim
3157 3897 3319 3954 Deum
3363 3899 3478 3955 uni-

1951 3997 2227 4037 versorum
2268 3985 2423 4054 digne
2471 3999 2751 4052 possumus
2809 3985 3102 4043 celebrare.
3153 3991 3326 4058 Atque
3379 3993 3478 4044 hoc

1953 4072 2289 4128 manifestius
2332 4075 2620 4130 declaravit
2663 4091 2758 4144 per
2786 4090 2850 4130 ea
2891 4091 3011 4144 quae
3054 4077 3476 4146 subiunguntur:

1953 4177 2072 4214 nam
2104 4175 2199 4214 ceu
2226 4165 2620 4230 responsionem
2658 4164 2944 4233 quamdam
2976 4165 3154 4230 tradit,
3188 4181 3305 4220 cum
3337 4167 3411 4220 ait
3449 4187 3462 4221 :

315 4247 428 4304 οἷον
470 4249 578 4318 γάρ
627 4263 744 4299 τινα
779 4247 1065 4316 ἀπόκρισιν
1109 4245 1287 4298 δίδωσι
1332 4245 1498 4311 λέγων
1523 4262 1536 4276 ·
1590 4263 1608 4296 ι
1645 4245 1850 4315 Αὕτηὴ

1964 4267 1979 4300 ι
2012 4250 2134 4304 Haec
2164 4260 2313 4319 porta
2340 4253 2566 4307 Domini.
2605 4272 2625 4304 ι

318 4338 460 4407 πύλη
494 4334 587 4387 τοῦ
613 4337 830 4404 Κυρίου.
863 4353 881 4385 ι
1301 4393 1314 4406 ⁸
1365 4405 1368 4410 '

388 4417 498 4479 Τοῦ
557 4425 758 4477 αὑτοῦ.
810 4425 895 4486 Ὦς
941 4423 1235 4489 ἀνοίγονται
1281 4423 1440 4475 πύλαι
1492 4424 1846 4495 δικαιοσύνης,

310 4515 453 4567 οὕτω
486 4513 580 4565 καὶ
608 4511 948 4582 σωφροσύνης
969 4511 1060 4563 καὶ
1089 4512 1333 4581 ἀνδρείας
1361 4511 1452 4564 καὶ
1479 4512 1713 4581 ἀγάπης.
1752 4514 1850 4566 Διά

312 4602 422 4671 γὰρ
440 4600 641 4653 τούτων
663 4599 767 4651 τῶν
791 4598 967 4650 πυλῶν
993 4599 1286 4668 εἰσέρχεται
1319 4598 1438 4661 νοῦς
1470 4600 1548 4660 εἰς
1574 4601 1670 4670 τὴν
1701 4601 1849 4670 βασι-

315 4686 460 4741 λείαν
485 4687 592 4741 τῶν
618 4687 874 4756 οὐρανῶν.

384 4778 546 4843 Αὕτη
573 4777 611 4842 ἠ
647 4775 804 4841 πύλη
828 4777 929 4828 τοῦ
963 4776 1199 4842 Κυρίου,
1222 4791 1275 4826 κ.
1311 4791 1358 4826 τ.
1392 4775 1436 4826 ὲ.
1467 4775 1619 4828 Μετά
1637 4775 1694 4828 τὸ
1737 4777 1846 4829 sla-

293 4864 352 4916 ελ
374 4865 482 4917 θεῖν
513 4864 602 4916 διὰ
641 4864 747 4917 τῶν
792 4864 1100 4933 πρακτικῶν
1153 4860 1357 4933 ἀρετῶν
1403 4864 1701 4933 εὑρήσομεν
1747 4865 1843 4933 τὴν

299 4951 487 5024 πύλην
514 4952 613 5020 τῆς
635 4952 899 5018 γνώσεως,
930 4953 1048 5020 ἥτις
1073 4954 1214 5005 ἐστὶν
1241 4955 1274 5022 ἡ
1311 4952 1509 5022 θεωρία
1543 4952 1648 5004 τῶν
1689 4969 1844 5020 γεγο-

309 5040 389 5092 ιότ
406 5058 502 5104 ων,
529 5041 790 5110 σωμάτων
813 5041 903 5091 καὶ
935 5041 1255 5108 ἀσωμάτων.

382 5131 562 5183 Λίθον
587 5127 658 5180 ὃν
685 5126 1124 5194 ἀπεδοκίμασαν
1154 5131 1208 5179 oi
1241 5129 1679 5197 οἰκοδομοῦντες
1699 5165 1714 5189 ,
1740 5120 1843 5181 05-

311 5234 412 5284 τος
435 5217 680 5287 ἐγεννήθη
703 5219 786 5281 εις
811 5216 1076 5284 κεφαλὴν
1096 5216 1326 5282 γωνίας,
1360 5235 1413 5272 κ.
1446 5234 1495 5272 τ.
1526 5218 1574 5268 ὲ.
1601 5216 1765 5266 Τοῦτο
1786 5215 1845 5267 τὺ

312 5307 470 5375 ῥητὸν
526 5307 615 5373 εἰς,
643 5303 870 5373 Χριστὸν
919 5300 1272 5370 ἀναφέρεται·
1313 5303 1404 5354 καὶ
1454 5302 1556 5372 γὰρ
1591 5302 1748 5364 αὑτὸς
1787 5305 1844 5356 ὲν

381 5501 401 5530 ⁸
434 5499 590 5553 Prov.
618 5513 667 5561 v,
695 5497 730 5550 ὖ
823 5497 843 5528 ⁸
865 5493 1088 5563 Philipp.
1122 5505 1196 5560 tv,
1237 5493 1316 5548 15.
1394 5497 1412 5526 ⁸
1438 5494 1579 5552 Psal.
1621 5512 1775 5565 χχιιι,

2020 4425 2286 4494 Ejusdem.
2321 4427 2474 4482 Sicut
2501 4427 2810 4495 aperiuntur
2837 4436 3003 4496 portae
3038 4425 3276 4492 iustitiae,
3311 4426 3389 4480 sic
3429 4435 3476 4478 ct

1952 4514 2331 4580 temperantiae,
2369 4522 2422 4566 et
2451 4512 2798 4576 fortitudinis,
2831 4521 2884 4568 et
2917 4512 3215 4567 charitatis.
3245 4511 3346 4564 Per
3383 4510 3481 4562 has

1949 4601 2087 4654 enim
2113 4611 2292 4670 portas
2318 4601 2610 4671 ingreditur
2628 4615 2776 4656 mens
2801 4601 2856 4656 in
2883 4614 3100 4669 regnum
3121 4598 3402 4653 caelorum.

2019 4772 2176 4825 Vens.
2220 4771 2309 4826 20.
2362 4771 2488 4828 Hau:
2533 4782 2680 4839 porta
2710 4772 2940 4836 Domini,
2967 4779 3073 4826 etc.
3112 4771 3467 4836 Posteaquam

1947 4861 2171 4929 ingressi
2202 4861 2458 4916 fuerimus
2477 4877 2570 4931 per
2587 4863 2852 4930 practicas
2869 4862 3110 4922 virtutes,
3141 4858 3470 4911 inveniemus

1945 4958 2151 5018 portam
2185 4951 2438 5014 scientiae,
2481 4965 2597 5018 quas
2635 4958 2717 5005 est
2757 4964 2941 5004 eorum
2975 4963 3090 5016 quae
3123 4945 3264 4998 facta
3308 4952 3469 5009 sunt,

1943 5040 2348 5108 contemplatio,
2379 5053 2752 5107 corporeorum
2780 5046 2833 5090 et
2865 5039 3301 5102 incorporeorum

2013 5127 2172 5182 Vsus.
2199 5129 2286 5182 22.
2319 5128 2565 5196 Lapidem
2588 5140 2734 5191 quem
2757 5123 3149 5190 reprobaverunt
3191 5116 3469 5183 adiﬁcan-

1944 5224 2036 5280 εει,
2060 5218 2144 5270 hic
2171 5217 2335 5272 factus
2361 5216 2504 5269 estin
2527 5220 2677 5278 caput
2703 5211 2901 5278 anguli,
2925 5220 3030 5264 etc.
3056 5207 3178 5260 Haec
3201 5207 3471 5258 sententia

1943 5302 2176 5359 refertur
2203 5303 2269 5358 ad
2299 5301 2592 5358 Christum:
2612 5295 2724 5363 ipse
2745 5295 2888 5351 enim
2921 5296 2974 5352 in
2998 5289 3305 5360 Evangeliis
3329 5291 3473 5356 hanc,
