3884 6258
1250 403 1555 461 SELECTA
1592 403 1656 456 lN
1691 398 2026 458 PSALMOS.
2059 429 2125 441 —
2155 399 2343 454 PSAL.
2385 397 2609 454 CXVIII.

3354 387 3487 442 1590

413 526 660 591 Ὄφελον
718 520 1253 588 κατευθυγθείησαν
1311 525 1369 575 αι
1433 521 1557 575 ὁδοί
1602 537 1716 587 μου
1767 517 1859 572 τοί

2042 516 2198 570 Vens.
2234 514 2285 567 5.
2324 512 2529 567 Utinam
2574 512 2867 580 dirigantur
2901 511 2991 564 vite
3038 523 3161 561 mea:
3201 506 3267 560 ad
3319 519 3490 559 custo-

338 610 712 679 φυλάξασθαι
748 613 816 663 τὰ
854 608 1203 677 δικαιώματά
1246 624 1379 673 σου,
1414 625 1466 660 κ.
1493 625 1542 659 τ.
1582 609 1626 659 ὲ.
1662 607 1733 659 Οὐ
1764 605 1871 674 γὰρ

336 700 509 762 ἄλλως
540 700 608 753 τὰ
636 699 969 768 δικαιώματά
1013 715 1105 750 σου
1156 697 1389 766 φυλάξω,
1431 696 1523 748 ἐὰν
1578 694 1651 765 μὴ
1683 710 1872 746 κατευ-

336 786 598 841 θυνθῶσιν
625 789 725 839 ὑπὸ
774 787 864 839 σοῦ
899 789 952 839 αἱ
980 786 1086 839 ὁδοί
1121 803 1240 855 μου.
1268 786 1396 837 Τίνα
1426 781 1516 837 οὖν
1556 784 1625 836 τὰ
1658 782 1866 835 δικαιώ-

337 890 484 943 ματα
506 875 673 926 ταῦτα
692 874 726 927 ἂ
750 874 1069 944 παραθέσεις
1096 872 1317 926 ἐνώπιον
1348 871 1454 923 τῶν
1477 871 1605 923 υἱῶν
1631 867 1867 938 Ἰσραήλ;

340 980 364 1014 s
403 963 527 1017 Ἐὰν
553 965 725 1035 κτήσῃ
758 964 916 1015 παῖδα
962 963 1223 1031 Ἐϐραῖον,
1254 949 1312 1024 ἒξ
1343 960 1433 1030 ἔτη
1464 958 1731 1012 δουλεύσει
1769 974 1868 1019 σοι,

336 1052 411 1119 τῷ
447 1053 655 1121 ἑϐδόμῳ
686 1051 1053 1117 ὲξαποστελεῖς
1088 1052 1244 1104 αὐτὸν
1278 1048 1572 1118 ἐλεύθερον,
1617 1066 1634 1098 t
1678 1047 1767 1099 καὶ
1805 1044 1871 1097 τὰ

336 1137 479 1206 ἑξῆς.
518 1157 535 1188 ι
571 1137 791 1205 Ὄφελον
824 1135 1125 1206 sim-(moi,
1158 1134 1635 1203 κατευθυνθείησαν
1682 1134 1734 1183 αἱ
1763 1130 1869 1182 ὁδοί

340 1244 461 1296 μου,
493 1247 510 1279 ο
548 1228 635 1282 ἵνα
670 1229 767 1280 ὅσα
818 1229 1161 1293 ὲδικαίωσας,
1196 1227 1363 1281 ταῦτα
1394 1226 1603 1294 ἑκάστῳ
1635 1224 1773 1276 κατά
1811 1223 1869 1275 τὺ

337 1319 550 1387 πρέπον
575 1319 774 1370 ἀποδῶ.

414 1405 548 1456 Τότε
586 1407 656 1457 οὐ
696 1404 777 1472 μὴ
830 1405 1146 1472 αἱσχυνθῶ,
1185 1403 1252 1455 ἐν
1298 1401 1376 1466 τῷ
1414 1419 1489 1470 με
1535 1400 1870 1456 ἐπιϐλέπειν

331 1490 436 1542 ἐπὶ
484 1491 682 1557 πάσας
716 1493 819 1557 τὰς
865 1492 1110 1557 ἐντολάς
1155 1505 1297 1555 σου,
1352 1509 1405 1545 κ.
1450 1508 1499 1543 τ.
1538 1493 1584 1543 ὲ.
1624 1492 1734 1542 Οὐκ
1780 1490 1868 1542 ἐπί

332 1593 503 1641 τινας,
536 1580 645 1633 ἀλλ’
667 1581 756 1632 ἐπὶ
780 1581 981 1642 πάσας’
1009 1582 1124 1633 κατ’
1156 1582 1363 1641 ὲκείνας
1388 1578 1494 1649 γὰρ
1527 1579 1622 1642 τὰς
1655 1579 1869 1642 ἐντολὰς

332 1665 401 1727 ἃς
443 1668 521 1737 μὴ
581 1668 758 1736 βλέπω
815 1669 1254 1740 αἰσχυνθήσομαι.
1302 1670 1460 1739 Ἡμῖν
1511 1669 1568 1721 δὲ
1622 1669 1753 1737 πρὸς
1809 1667 1869 1721 τὸ

336 1756 564 1824 Πνεῦμα
584 1756 644 1807 τὸ
667 1753 804 1809 θεῖον
838 1757 1104 1827 ἀφορῶσιν
1143 1757 1289 1810 ἔσται
1318 1757 1378 1809 τὸ
1410 1757 1482 1826 μὴ
1505 1757 1866 1825 αἰσχύνεσθαι,

332 1845 554 1897 ἐπειδὰν
596 1846 1057 1914 συνηρμοσμένους
1092 1845 1237 1913 αὐτῷ
1266 1845 1551 1913 θεωρῶμεν
1596 1846 1739 1913 ἡμᾶς
1771 1845 1867 1897 αύ-

330 1934 457 1994 τούς
473 1934 772 2002 ἁπανταχῆ,
800 1935 890 1987 καὶ⁵
918 1934 1131 2003 μηδαμῆ
1159 1934 1598 2004 μετατιθεμένους
1621 1935 1754 2004 πρὸς
1773 1935 1867 2005 τὴν

332 2022 541 2089 σάρκα,
603 2022 734 2090 μηδὲ
783 2018 890 2076 οἷον
940 2026 1003 2075 ὲκ
1059 2024 1326 2093 μετεώρου
1398 2024 1650 2089 πτώσεως
1706 2044 1865 2080 κατε-

331 2105 460 2173 νεχθ
468 2105 622 2167 έντας
650 2138 665 2153 .

414 2193 524 2248 Τοῦ
572 2195 772 2251 αὐτοῦ.
807 2197 869 2248 Ei
904 2199 934 2248 ὁ
980 2199 1154 2262 πάσας
1208 2201 1430 2271 ποιήσας
1477 2203 1575 2266 τὰς
1615 2205 1861 2271 ἐντολὰς,

331 2281 569 2345 πταίσας
613 2283 667 2335 δὲ
701 2286 757 2338 ἑν
801 2287 896 2355 μιᾷ
944 2286 1144 2353 γίνεται
1183 2290 1394 2344 πάντων
1445 2291 1642 2360 ἔνοχος,
1690 2293 1866 2358 καλῶς

328 2370 668 2440 γέγραπται·
704 2389 722 2421 ι
752 2374 881 2426 Τότε
925 2376 983 2427 οὐ
1020 2378 1092 2446 μὴ
1117 2379 1387 2447 αἰσχυνθῶ
1435 2382 1492 2433 ὲν
1520 2381 1595 2450 τῷ
1638 2401 1703 2452 με
1750 2387 1865 2438 ὲπι-

325 2459 551 2512 ϐλέπειν
580 2462 669 2514 ἐπὶ
708 2462 881 2525 πάσας
913 2463 1008 2526 τὰς
1048 2465 1258 2529 ἐντολάς
1303 2463 1423 2522 σουο
1452 2490 1469 2521 ι
1501 2468 1606 2524 οἶδε
1639 2472 1741 2541 γὰρ
1774 2475 1865 2526 καὶ

329 2546 432 2616 μία
479 2550 911 2620 παραμεληθεῖσα
943 2554 1124 2625 ἐντολὴ
1165 2557 1418 2628 αἰσχύνης
1458 2562 1585 2629 ἡμῖν
1626 2562 1863 2628 γίνεσθαι

331 2635 610 2706 πρόξενος.

410 2725 944 2797 Ἐξομολογήσομαί
972 2747 1069 2785 σοι
1106 2733 1174 2785 ἐν
1202 2736 1471 2802 εὐθύτητι
1515 2738 1770 2806 καρδίας,
1805 2757 1857 2793 κ.

324 2827 374 2861 τ.
415 2812 461 2863 ὲ.
505 2812 562 2864 '0
611 2815 873 2884 μηδέποτε
928 2818 1189 2887 εὐθύτητα
1240 2822 1460 2890 καρδίας
1531 2808 1858 2894 ἀνειληφὼς,

322 2900 443 2952 ἀλλ’
485 2900 562 2954 ἔτι
612 2904 775 2974 αὐτὴν
831 2905 967 2975 ἔχων
1012 2908 1244 2972 σκολιὰν,
1285 2911 1381 2962 ούκ
1428 2911 1861 2984 ὲξωμολογήσατο

322 2986 558 3049 οὐδέπω,
593 2991 671 3052 εἰς
703 2991 764 3043 τὸ
824 2994 1215 3064 πραδεχθῆναι
1259 2997 1339 3065 τῷ
1377 2998 1492 3067 Θεῷ
1536 3000 1631 3070 τὴν
1678 3002 1861 3071 ἐξομο-

1970 606 2183 658 dieudas
2214 603 2613 671 justiﬁcatioues
2669 610 2804 663 tuas,
2853 609 2958 654 etc.
3008 598 3122 652 Non
3165 600 3304 651 enim
3337 602 3490 650 aliter

1962 693 2369 761 justificationes
2413 702 2527 745 tuas
2570 690 2885 755 custodiam,
2927 688 3026 742 nisi
3064 688 3161 741 viae
3194 700 3323 743 mea:
3362 700 3393 739 a
3439 695 3491 738 te

1969 783 2183 837 directa“.
2206 781 2418 834 fuerint.
2461 780 2713 845 Quantam
2746 779 2909 844 igitur
2938 788 3064 831 sunt
3093 776 3492 845 iustiﬁcationes

1971 870 2070 923 illae
2096 885 2228 937 quas
2271 882 2530 936 propones
2555 881 2733 921 coram
2766 863 2888 919 ﬁliis
2913 864 3119 918 lsrael?
3157 882 3176 915 ι
3224 864 3279 918 Si
3308 876 3495 933 posse-

1969 959 2109 1012 deris
2151 971 2371 1026 puerum
2420 954 2692 1009 Hebraeum
2719 993 2734 1017 ,
2791 969 2883 1007 sex
2915 955 3067 1008 annis
3114 952 3307 1008 serviet
3356 950 3491 1017 tibi,

1969 1046 2196 1113 septimo
2231 1054 2407 1099 autem
2440 1044 2677 1097 dimittes
2703 1058 2821 1097 eum
2859 1042 3105 1105 liberum,
3136 1060 3156 1093 ι
3186 1050 3237 1095 et
3256 1055 3375 1111 qute
3402 1054 3492 1096 se-

1968 1141 2204 1201 quuntur
2236 1134 2300 1186 ¹⁶.
2335 1150 2353 1183 ι
2393 1132 2604 1187 Utinam
2636 1132 2819 1201 igitur,
2854 1131 3046 1200 inquit,
3072 1130 3369 1198 dirigantur
3395 1130 3494 1185 via

1968 1235 2119 1285 mete,
2163 1240 2182 1273 ι
2229 1231 2288 1275 ιιι
2317 1235 2646 1289 quaecunque
2696 1221 2999 1290 justilicasti
3025 1259 3041 1287 ,
3075 1234 3139 1275 ea
3186 1220 3490 1289 unicuique,

1967 1319 2122 1377 prout
2153 1311 2325 1375 decet,
2359 1310 2595 1364 reddam.

2033 1398 2192 1455 Vens.
2233 1402 2285 1458 6.
2322 1401 2464 1456 Tunc
2490 1419 2588 1457 non
2629 1402 2938 1470 confundar,
2963 1417 3078 1455 cum
3110 1416 3414 1471 perspexero
3439 1388 3494 1456 in

1965 1492 2197 1544 omnibus
2226 1492 2482 1546 mandatis
2511 1494 2636 1559 tuis,
2657 1502 2760 1548 etc.
2795 1492 2910 1548 Non
2935 1494 2989 1548 in
3016 1492 3302 1562 aliquibus,
3320 1493 3411 1547 sed
3440 1492 3493 1546 iu

1965 1578 2252 1633 omnibus:
2285 1594 2407 1633 nam
2440 1595 2535 1650 per
2570 1581 2655 1635 illa
2698 1583 2945 1636 mandata
2977 1596 3094 1652 quae
3125 1596 3228 1637 non
3268 1582 3496 1650 inspicio

1966 1667 2277 1721 confundor.
2305 1667 2469 1723 Nobis
2499 1677 2674 1723 autem
2699 1671 2765 1724 ad
2805 1670 3065 1739 Spiritum
3094 1671 3330 1725 divinum
3354 1669 3494 1738 aspi-

1967 1757 2223 1811 cientibus
2272 1752 2541 1825 conting'et
2583 1767 2639 1813 ut
2671 1775 2775 1813 non
2826 1759 3234 1825 confundantur,
3279 1758 3496 1828 quando

1968 1846 2322 1913 nosmetipsos
2358 1846 2408 1900 ei
2459 1847 2809 1914 undequaqne
2855 1846 3161 1900 conformes
3203 1859 3322 1900 esse
3362 1852 3496 1900 'con-

1965 1934 2319 2000 spexeritnus,
2348 1950 2446 1989 nec
2469 1935 2536 1987 ad
2586 1950 2801 1989 carnem
2852 1935 2958 1989 ullo
2990 1936 3146 1991 modo
3186 1934 3493 2000 inclinatos,

1968 2038 2138 2093 neque
2172 2023 2323 2094 quasi
2358 2036 2389 2077 e
2419 2021 2630 2078 sublimi
2661 2022 2805 2093 lapsu
2831 2024 3087 2093 dejectos.

2035 2190 2197 2260 798
2229 2190 2499 2259 Ejusdem.
2537 2190 2593 2243 Si
2624 2190 2742 2259 quis
2776 2190 2902 2246 fecit
2927 2192 3105 2246 omnia
3140 2192 3408 2258 mandata,
3439 2193 3492 2247 in

1965 2295 2069 2333 uno
2111 2291 2287 2334 autem
2322 2281 2560 2344 olfentlit,
2585 2281 2631 2335 is
2661 2281 2718 2334 ﬁt
2759 2283 2994 2336 omnium
3026 2296 3150 2337 reus
3174 2283 3239 2349 ",
3270 2284 3494 2353 pulchre

1964 2370 2215 2436 scriptum
2270 2380 2388 2424 est:
2417 2388 2436 2421 ι
2477 2369 2626 2425 Tunc
2683 2384 2789 2425 non
2836 2371 3152 2438 confundar,
3186 2386 3307 2427 cum
3365 2387 3490 2441 per-

1963 2472 2188 2526 spexero
2242 2459 2294 2512 in
2339 2459 2585 2515 omnibus
2640 2451 2905 2516 mandatis
2944 2460 3047 2515 tuis
3091 2477 3105 2515 :
3163 2478 3183 2513 ι
3238 2475 3359 2515 nam
3403 2461 3489 2517 vel

1963 2563 2123 2601 unum
2147 2547 2444 2617 neglectum
2472 2548 2779 2605 mandatum
2819 2550 3185 2606 confusionem
3212 2550 3368 2606 nobis
3390 2563 3489 2621 ps-

1961 2636 2051 2691 rit.

2033 2725 2196 2780 Vens.
2228 2726 2280 2781 7.
2307 2726 2604 2793 Conﬁtebor
2641 2728 2731 2780 tibi
2769 2729 2823 2782 in
2853 2727 3136 2783 directione
3158 2730 3349 2795 cordis,
3381 2738 3486 2787 etc.

1957 2812 2061 2878 Qui
2112 2827 2378 2882 nunquam
2412 2818 2589 2870 cordis
2629 2816 2976 2872 directionem
3012 2818 3334 2886 assumpsit,
3390 2819 3485 2873 sed

1960 2903 2135 2956 adhuc
2168 2902 2295 2957 illud
2324 2919 2544 2959 curvum
2571 2906 2755 2971 habet,
2788 2906 2835 2961 is
2867 2921 3137 2976 nunquam
3169 2908 3241 2962 ita
3274 2906 3485 2964 confes-

1958 3005 2051 3046 sus
2079 3003 2182 3059 est,
2210 3001 2267 3047 ut
2305 3008 2334 3046 a
2363 2995 2469 3048 Deo
2493 2995 2850 3063 susciperetur
2885 2996 2998 3062 ejus
3024 2997 3313 3053 confessio.
3341 2998 3485 3065 Quo-

320 3074 548 3145 λόγησιν
600 3078 779 3133 αὐτοῦ.
833 3081 953 3146 Πῶς
1005 3079 1094 3138 οὖν
1125 3084 1279 3139 τοῦτο
1333 3086 1561 3155 γίνεται,
1603 3089 1749 3159 δηλοῖ
1790 3092 1859 3145 τὰ
1883 3114 1924 3172 c
1960 3079 2116 3134 ωοάο
2143 3080 2306 3149 ἱεῖιιιτ
2332 3080 2433 3136 hoc
2458 3081 2571 3148 “3|:
2602 3082 2880 3151 θθίίυθηιίδ
2908 3083 3204 3140 deﬂamm-

318 3164 473 3234 ἑξῆς.

389 3254 490 3319 Μή
518 3272 595 3322 με
624 3257 1017 3329 ἐγκαταλίπῃς
1063 3262 1171 3328 ἕως·
1212 3264 1458 3332 σφόδρα,
1504 3284 1555 3318 κ.
1584 3286 1633 3320 τ.
1664 3268 1709 3322 ὲ.
1748 3271 1856 3323 Μέ-

317 3357 423 3410 τρα
451 3341 566 3410 ἔχει
595 3342 629 3411 ἡ
655 3342 874 3413 δύναμίς
909 3364 1005 3415 μου
1031 3352 1087 3401 ὲν
1122 3351 1199 3419 τῷ
1228 3352 1577 3422 πειράζεσθαι
1595 3372 1607 3385 ·
1643 3358 1731 3426 Μή
1766 3374 1852 3427 με,

318 3431 476 3498 φησὶ,
507 3432 617 3491 τοῖς
642 3432 778 3502 ὑπὲρ
800 3434 1021 3505 δύναμιν
1046 3445 1360 3509 πειρασμοῖς
1394 3444 1681 3516 ύποϐάλῃς,
1726 3446 1854 3516 μηδὲ

317 3519 529 3587 σφόδρα
575 3520 932 3593 έγκαταλίπῃς
965 3543 1049 3593 με.
1088 3546 1106 3577 ι
1136 3529 1324 3592 Πιστὸς
1347 3529 1402 3582 δὲ
1430 3533 1458 3584 ὁ
1487 3532 1635 3596 Θεὸς,
1671 3534 1730 3596 ὃς
1759 3535 1856 3587 οὐκ

315 3608 470 3660 ἐάσει
514 3608 658 3676 ἡμᾶς
698 3611 1047 3682 πειρασθῆναι
1084 3616 1221 3686 ὑπὲρ
1250 3617 1279 3669 ὃ
1308 3618 1593 3688 δυνάμεθα,
1619 3639 1637 3671 ι
1673 3625 1765 3675 καὶ
1789 3622 1855 3675 τὰ

315 3695 467 3763 ἑξῆς.

400 3785 503 3836 Ἐν
536 3784 609 3851 τῇ
635 3787 841 3853 καρδίᾳ
860 3806 977 3856 μου
1000 3790 1230 3859 ἔκρυψα
1254 3794 1324 3847 τὰ
1345 3796 1514 3865 λόγιὰ
1539 3814 1671 3862 σου,
1701 3799 1853 3867 ὅπως

312 3871 391 3926 ἂν
410 3871 499 3940 μὴ
528 3872 761 3940 ἁμάρτω
798 3892 918 3941 σοι,
947 3896 993 3931 κ.
1020 3896 1068 3933 τ.
1100 3882 1147 3933 ὲ.
1187 3881 1505 3955 Ἀμαρτάνει
1552 3886 1629 3955 τῷ
1678 3889 1792 3958 Θεῷ
1824 3892 1853 3943 ὁ

309 3962 564 4026 ἀξιωθεὶς
593 3962 781 4031 λογίων
803 3967 1264 4043 ἀπορῤητοτέρων,
1290 3975 1381 4026 καὶ
1402 3975 1729 4044 κρύπτεσθαι
1747 3979 1852 4033 ἀπὸ

310 4049 526 4105 πολλῶν
559 4049 843 4117 κελευθεὶς,
867 4057 958 4108 καὶ
989 4058 1061 4127 μὴ
1093 4059 1343 4129 κρύπτων
1372 4063 1508 4117 αὐτὰ
1537 4064 1627 4132 ἀφ’
1653 4059 1726 4119 ὧν
1752 4064 1848 4120 δεῖ.

310 4139 575 4201 κινδυνος
604 4140 711 4210 γὰρ
732 4143 792 4195 οὐ
822 4144 976 4212 μόνον
1008 4146 1067 4198 τὸ
1096 4147 1164 4200 τὰ
1192 4148 1359 4219 ψευδῆ
1383 4149 1577 4219 λέγειν,
1599 4154 1732 4207 ἀλλὰ
1758 4156 1851 4208 καὶ

307 4227 369 4279 τὸ
386 4227 617 4298 τάληθῆ,
645 4229 779 4283 ἐπὰν
805 4230 937 4313 ὅλως
967 4234 1039 4303 μὴ
1061 4234 1139 4287 δεῖ
1155 4236 1523 4305 ἀπαγγέλλειν.
1542 4240 1619 4295 υύ
1639 4242 1746 4313 γὰρ
1771 4244 1852 4296 δεῖ

306 4318 436 4380 τοὺς
471 4317 809 4387 μαργαρίτας
839 4318 1118 4387 βάλλεσθαι
1160 4325 1459 4396 ἔμπροσθεν
1495 4329 1602 4383 τῶν
1632 4331 1846 4402 χοίρων,

304 4406 427 4457 οὐδὲ
461 4403 659 4457 διδόναι
689 4405 758 4457 τὰ
786 4408 914 4474 ἅγια
938 4411 1047 4472 τοῖς
1074 4412 1214 4465 κυσί.

373 4599 715 4665 Εὐλογητὸς
745 4597 808 4655 εἴ
860 4602 1047 4669 Κύριε,
1083 4621 1136 4660 κ.
1160 4623 1205 4659 τ.
1230 4609 1274 4660 ὲ.
1316 4607 1374 4662 Ὀ
1399 4609 1711 4680 αἰσθόμενος
1741 4614 1840 4682 τῆς

303 4684 469 4739 αὐτοῦ
504 4686 801 4756 προκοπῆς,
837 4690 941 4742 ἀπὸ
967 4691 1059 4744 τοῦ
1094 4695 1152 4748 ἐν
1180 4694 1272 4765 ὅλῃ
1316 4697 1503 4769 καρδίᾳ
1550 4699 1841 4771 ὲκξητῆσαι

302 4774 393 4827 τὸν
435 4775 590 4836 Θεὸν,
640 4775 847 4843 εύλογεϊ
890 4779 1048 4833 αὐτὸν
1104 4784 1431 4854 εὐχαριστῶν
1490 4788 1586 4858 ἤδη
1633 4789 1716 4857 ἐφ’
1760 4789 1840 4855 οἷς

300 4862 527 4951 ἠξιώθη.
557 4864 728 4932 Ἕχων
771 4865 875 4937 γὰρ
919 4867 1071 4936 λόγια
1119 4871 1402 4951 ἀπόρρητα
1455 4876 1546 4928 καὶ
1595 4878 1840 4949 κρύψεως

301 4949 446 5016 ἄξια,
472 4951 681 5019 εὐλογεῖ
706 4953 794 5006 ἐπὶ
817 4955 1018 5020 τούτοις
1044 4960 1131 5012 τὸν
1157 4949 1373 5032 Κύριον.

380 5123 479 5175 Ἐν
515 5123 588 5192 τῇ
629 5126 743 5191 ὀδῷ
772 5128 887 5181 τῶν
910 5131 1237 5198 μαρτυρίων
1272 5147 1387 5189 σου
1425 5137 1726 5207 ἐτέρφθην,
1755 5141 1833 5207 ὡς

2024 3247 2182 3304 Vens.
2221 3249 2276 3305 8.
2307 3250 2428 3306 Non
2457 3269 2535 3306 me
2580 3255 2902 3323 derelinquas
2942 3273 3304 3328 usquequaque
3328 3298 3343 3325 ,
3370 3268 3477 3318 etc.

1954 3335 2226 3393 Ilensuras
2257 3339 2417 3394 habet
2446 3341 2617 3396 virtus
2658 3358 2774 3397 mea
2804 3343 2928 3396 dum
2971 3352 3203 3399 tentatur
3232 3344 3339 3402 :Ne
3370 3363 3477 3414 me,

1954 3426 2146 3494 inquit,
2181 3429 2317 3482 ultra
2346 3430 2487 3484 vires
2530 3446 2677 3486 meas
2705 3434 3080 3490 tentationibus
3107 3434 3349 3503 objicias,
3382 3453 3480 3493 ne-

1955 3527 2060 3581 que
2091 3517 2431 3570 vehementer
2477 3519 2815 3587 derelinquas
2850 3536 2951 3576 me.
3003 3541 3023 3574 ι
3076 3523 3273 3581 Fidelis
3302 3535 3479 3582 autem

1953 3601 2093 3657 Deus
2136 3603 2229 3671 qui
2275 3618 2376 3657 non
2428 3605 2658 3672 patietur
2696 3621 2792 3662 uos
2837 3611 3028 3665 tentari
3063 3626 3223 3682 supra
3259 3615 3309 3669 id
3338 3619 3477 3684 quod

1951 3704 2249 3759 possumus,
2284 3709 2302 3742 ι
2336 3700 2391 3746 et
2428 3702 2621 3749 caetera
2660 3695 2725 3750 ".
3052 3698 3055 3701 ’
3462 3717 3474 3729 ⁸

2024 3778 2183 3836 Vitas.
2220 3782 2304 3836 ti.
2335 3780 2402 3836 In
2434 3785 2588 3837 corde
2631 3801 2741 3839 meo
2767 3787 3014 3843 abscondi
3042 3791 3247 3860 eloquia
3276 3804 3386 3859 tua,
3423 3806 3477 3849 ut

1951 3884 2055 3922 non
2083 3885 2283 3937 peccem
2314 3871 2428 3937 tibi,
2463 3882 2569 3926 etc.
2608 3872 2800 3930 Peccat
2843 3876 2897 3931 in
2928 3877 3093 3933 Deum
3123 3882 3169 3935 is
3197 3885 3285 3951 qui
3325 3899 3478 3941 arca-

1950 3958 2158 4013 nierum
2202 3958 2318 4027 ejus
2367 3960 2699 4030 eloquiorum
2739 3965 3046 4036 particeps,
3097 3972 3387 4041 eademque
3446 3991 3476 4029 a

1950 4046 2092 4116 vulgi
2115 4049 2453 4106 multitudine
2485 4054 2810 4108 abscondere
2834 4055 3034 4123 Iussus,
3059 4074 3087 4113 a
3111 4062 3302 4128 quibus
3325 4078 3478 4132 opor-

1952 4146 2028 4193 tet
2053 4137 2141 4192 illa
2164 4141 2380 4196 minime
2407 4143 2708 4199 abscondit.
2739 4146 2853 4201 Non
2894 4149 3068 4203 solum
3098 4152 3237 4205 enim
3266 4156 3474 4220 pericu-

1950 4224 2119 4280 losum
2174 4235 2255 4282 est
2308 4229 2583 4285 mendacia
2613 4270 2628 4295 ,
2676 4232 2772 4287 sed
2815 4235 2979 4290 etiam
3026 4250 3149 4291 vera
3195 4240 3472 4308 proferre,

1946 4316 2158 4384 quando
2186 4330 2287 4371 non
2312 4327 2437 4372 sunt
2462 4321 2807 4377 enuntianda.
2851 4323 2970 4380 Non
2997 4336 3122 4382 sunt
3161 4330 3302 4384 enim
3330 4347 3475 4385 mar-

1873 4400 1923 4459 D
1946 4403 2130 4471 garitae
2177 4406 2446 4460 mittendae
2492 4416 2615 4462 ante
2644 4423 2838 4478 porcos
2866 4449 2882 4478 ,
2924 4427 3097 4482 neque
3140 4416 3316 4472 danda
3346 4428 3471 4474 sunt

1942 4499 2126 4547 sancta
2155 4493 2372 4547 canibus
2402 4494 2490 4547 ιδ’.

2016 4602 2172 4658 Vens.
2204 4605 2289 4657 12.
2312 4605 2619 4662 Benedictus
2645 4625 2718 4674 es,
2759 4609 2998 4679 Domine,
3026 4622 3131 4670 etc.
3174 4615 3273 4682 Qui
3307 4629 3465 4673 suum

1942 4692 2234 4760 profectum
2289 4695 2470 4758 sentit,
2528 4711 2591 4750 eo
2622 4701 2761 4766 quod
2792 4707 2909 4755 toto
2960 4704 3120 4758 corde
3170 4705 3333 4759 Deum
3375 4720 3439 4760 ex

1941 4780 2155 4848 quirat,
2207 4781 2472 4837 benedicit
2519 4785 2567 4838 ei
2617 4787 2814 4854 gratias
2863 4803 3026 4857 agens
3069 4806 3166 4860 pro
3212 4793 3297 4847 his
3350 4794 3464 4861 qni-

1941 4868 2043 4922 bus
2074 4870 2262 4938 dignus
2300 4872 2510 4928 habitus
2539 4885 2641 4931 est.
2689 4877 2819 4931 Cum
2849 4879 2991 4933 enim
3031 4880 3225 4934 habeat
3254 4881 3465 4947 eloquia

1940 4972 2136 5012 arcana
2164 4967 2217 5013 et
2235 4961 2584 5019 absconsione
2605 4966 2783 5035 digna,
2805 4981 2900 5036 pro
2936 4967 3019 5021 his
3046 4966 3268 5022 Domino
3295 4967 3455 5023 bene-

1938 5046 2085 5100 dicit.

2009 5135 2167 5194 Vsns.
2200 5138 2285 5194 i4.
2320 5139 2386 5194 In
2404 5142 2486 5196 via
2516 5144 2920 5196 testimoniorum
2942 5151 3149 5192 tuorum
3176 5142 3460 5201 delectatus

295 5212 394 5266 ἐπὶ
441 5216 619 5267 παντί
655 5220 913 5282 πλούτῳ,
960 5236 1011 5272 κ.
1052 5237 1101 5272 τ.
1142 5223 1186 5274 ὲ.
1233 5223 1289 5275 '0
1331 5224 1403 5287 ὡς
1446 5228 1503 5279 ὲν
1552 5228 1627 5296 τῷ
1676 5233 1832 5284 παντὶ

1963 5242 2065 5289 um,
2094 5228 2226 5281 sicut
2261 5232 2313 5283 in
2356 5233 2588 5285 omnibus
2625 5230 2821 5282 divitiis
2845 5264 2860 5291 ,
2894 5235 3000 5280 etc.
3039 5228 3141 5293 Qui
3180 5232 3233 5284 in
3258 5233 3338 5288 via
3382 5246 3462 5291 te-

297 5299 513 5368 πλούτῳ
564 5302 782 5370 χρυσοῦ,
824 5306 916 5357 καὶ
959 5306 1215 5375 ἀργύρου,
1261 5310 1351 5360 καὶ
1389 5314 1698 5382 ἱματισμοῦ,
1741 5318 1829 5369 καὶ

1965 5315 2298 5371 timoniorum
2367 5317 2812 5381 Deiidclectatur'
2883 5314 3022 5367 sicut
3087 5319 3140 5372 in
3210 5323 3459 5384 omnibus

293 5385 608 5452 οἰκοπέδων,
647 5392 738 5442 καὶ
788 5393 1016 5463 χωρίων,
1061 5395 1151 5445 καὶ
1202 5397 1427 5465 κτηνῶν,
1475 5401 1566 5454 καὶ
1608 5404 1827 5459 οἰκετῶν

1960 5407 2125 5462 iivitiis
2186 5411 2321 5473 auri,
2368 5411 2609 5479 argenti,
2660 5407 2998 5472 vestimenti,
3047 5422 3335 5477 arearum,
3377 5412 3465 5472 to-

369 5624 410 5655 “
438 5624 593 5683 Deut.
626 5641 711 5692 xv,
746 5628 829 5683 12.
900 5629 941 5659 ¹⁷
970 5629 1150 5686 Jucob.
1180 5646 1237 5698 It,
1272 5634 1356 5690 10.
1432 5640 1475 5672 ¹⁸
1507 5639 1525 5693 l
1553 5641 1672 5698 Cor.
1711 5662 1766 5712 ι,
1796 5647 1859 5700 t3

1960 5648 2014 5680 ιδ·
2044 5646 2228 5700 Matth.
2260 5660 2353 5709 vn.
2391 5647 2444 5701 6.
