3884 6274
219 385 356 440 I593

1119 377 1421 435 SELEC'I‘A
1457 375 1523 430 IN
1554 374 1880 431 PSALMOS.
1919 405 1986 416 —-
2022 365 2219 425 PSAL.
2255 363 2486 424 CXVIII.

3245 370 3375 426 I594

214 490 291 560 τῷ
312 506 327 521 ο
366 507 386 541 r
417 490 513 552 Είς
560 487 687 558 χοῦν
721 487 943 543 θανάτου
973 488 1276 559 κατήγαγες
1312 504 1376 557 με
1396 504 1409 517 ·
1435 505 1453 538 ι
1512 488 1607 539 καὶ
1646 488 1737 557 τῷ,

1845 485 2117 553 pulverem
2144 478 2330 534 mortis
2363 478 2632 535 deduxisti
2662 494 2746 533 me
2777 478 2823 510 ³⁸
2853 496 2865 529 :
2908 495 2926 527 ι
2965 476 3109 541 item,
3149 496 3168 531 r
3202 481 3372 535 llmni-

219 595 240 630 ι
282 576 649 645 Έταπεινώθη
679 579 757 640 εἰς
807 576 932 645 χοῦν
961 578 994 646 η
1042 575 1184 645 ψυχὴ
1224 576 1409 646 ἡμῶν·
1436 595 1454 626 ι
1489 577 1582 629 καὶ
1631 577 1706 645 τῷ
1728 594 1741 607 ο

219 682 239 716 ι
265 664 337 716 Τὸ
371 662 531 732 σῶμα
563 663 662 731 τῆς
692 660 1060 724 ταπεινώσεως
1092 661 1272 730 ἡμῶν·
1298 680 1316 712 ι
1348 663 1441 715 καὶ
1474 663 1567 732 τῷ,
1607 682 1626 715 ι
1653 664 1746 725 Τίς

215 767 283 821 με
311 750 537 820 ῥύσεται
579 751 641 802 ὲκ
676 750 768 802 τοῦ
812 748 1058 818 σώματος
1093 750 1185 802 τοῦ
1220 750 1445 803 θανάτου
1475 751 1742 817 τούτους»

211 842 318 910 Τὴν
363 839 666 909 ὑπερϐολὴν
692 840 789 909 τῆς
815 838 1182 901 ταπεινώσεως
1213 839 1300 892 διὰ
1327 840 1524 893 τούτων
1555 841 1748 910 ἐδήλω-

211 945 319 982 σεν.
364 928 522 982 υῦτω
573 928 680 998 γὰρ
710 932 766 981 ἐν
810 935 897 998 μγ¹
923 927 1150 997 ψαλμᾷν
1208 948 1226 979 r
1256 930 1372 982 Ὅτι
1420 928 1744 999 ἐταπεινώθη

209 1020 286 1080 εἰς
323 1017 455 1085 χοῦν
498 1019 532 1087 ἡ
575 1016 716 1087 ψυχὴ
753 1018 928 1087 ἡμῶν,
957 1017 1212 1086 ἐκολλήθη
1241 1020 1319 1080 είς
1351 1019 1450 1088 γῆν
1480 1021 1512 1088 η
1541 1018 1745 1088 γαστὴρ

337 1122 434 1155 ν.ι

337 1122 385 1155 ν.
418 1123 434 1155 ι

209 1107 458 1246 ήμῖὶδὸν
507 1192 903 1261 δικαιωμάτων
962 1207 1076 1245 σου
1120 1190 1437 1245 συνέτισόν
1484 1207 1589 1259 με,
1649 1192 1743 1245 καὶ

205 1280 604 1348 ἀδολεσχήσω
649 1281 718 1333 ἐν
765 1281 886 1345 τοῖς
942 1281 1286 1348 θαυμασίοις
1337 1296 1470 1345 σου,
1525 1295 1578 1333 κ.
1617 1297 1666 1334 τ.
1695 1281 1741 1334 ὲ.

208 1367 430 1423 Σύνεσιν
459 1371 565 1440 γὰρ
594 1370 701 1421 τῶν
740 1371 797 1424 ὲν
845 1370 1023 1430 αὐτοῖς
1070 1369 1375 1438 μυστηρίων
1430 1367 1625 1433 λαϐὼν,
1670 1369 1745 1431 ὡς

207 1462 300 1512 καὶ
338 1460 544 1527 ταύτην
573 1459 811 1520 ὁδεύσας,
844 1460 1133 1529 δυνήσομαι
1166 1458 1289 1528 περὶ
1332 1458 1437 1509 τῶν
1480 1460 1536 1511 ὲν
1566 1460 1746 1524 αὐτοῖς

207 1546 524 1616 θαυμασίων
548 1547 749 1616 ὁμιλεῖν
772 1564 830 1598 τε
858 1549 947 1599 καὶ
975 1547 1126 1613 λόγον
1154 1546 1435 1599 ποιεῖσθαι.

272 1635 643 1699 Ἐνύσταξεν
686 1637 724 1702 ή
766 1634 929 1703 ψυχή
977 1652 1092 1701 μου
1140 1634 1253 1687 ἀπὸ
1313 1633 1589 1701 ἀκηδίας·
1637 1636 1746 1699 ,βε-

201 1724 470 1778 ϐαίωσόν
513 1742 588 1793 με
622 1725 691 1777 ἐν
717 1724 838 1787 τοῖς
881 1725 1078 1791 λόγοις
1107 1740 1240 1785 σου,
1273 1742 1325 1777 κ.
1355 1743 1403 1776 τ.
1431 1726 1478 1777 ὲ.
1528 1726 1745 1795 Ἀκηδία

1846 576 1969 628 liata
1994 581 2078 628 est
2098 572 2152 626 in
2175 570 2390 639 pulvere
2420 573 2596 624 anima
2626 581 2806 624 nostra
2832 570 2912 634 “;
2949 587 2968 620 ι
3001 570 3147 635 item,
3185 589 3204 623 ι
3240 573 3369 627 Cor-

1843 677 1940 730 pus
1969 658 2279 715 humilitatis
2296 666 2495 710 nostrae
2517 659 2583 719 ";
2617 674 2635 707 ι
2657 666 2730 719 et,
2755 675 2772 707 ι
2799 658 2927 721 Quis
2945 671 3027 711 me
3049 658 3291 712 liberabit
3310 661 3371 713 de

1843 762 2064 817 corpore
2089 748 2276 801 mortis
2307 744 2462 813 hujus
2484 745 2567 797 "‘l
2590 764 2609 795 ι
2648 745 2748 798 Per
2772 746 2882 798 haec
2909 760 3184 799 excessum
3202 746 3353 799 humi-

1842 838 2002 892 litatis
2030 837 2280 892 ostendit.
2329 836 2419 889 Sic
2460 835 2603 888 enim
2654 834 2707 886 in
2740 835 2944 900 psalmo
2973 835 3370 902 quadragesimo

1845 927 1999 981 tertio
2028 926 2069 959 “
2101 926 2214 978 ait:
2253 943 2271 975 ι
2312 923 2572 988 Quoniam
2614 923 2889 976 hutniliata
2937 932 3018 975 est
3069 923 3121 975 in
3157 923 3369 990 pulvere

1841 1030 2017 1068 atnma
2072 1029 2274 1079 nosua,
2327 1014 2723 1082 conglutinatus
2774 1019 2856 1065 est
2903 1010 2956 1063 in
3001 1018 3142 1064 terra
3189 1022 3368 1066 venter

1842 1115 2042 1157 noster.
2076 1122 2095 1154 ι

1912 1191 2070 1246 Vens.
2111 1190 2201 1243 27.
2246 1189 2395 1243 Viam
2438 1188 2879 1259 justiﬁcatianum
2928 1196 3134 1239 tuarum
3176 1187 3373 1240 instrue

1842 1295 1940 1343 me,
1972 1290 2017 1332 et
2041 1280 2311 1332 exercebar
2357 1280 2410 1330 in
2446 1277 2767 1329 mirabilibus
2800 1279 2925 1337 tuis,
2972 1286 3076 1328 etc.
3119 1275 3371 1343 Percepta

1840 1371 1980 1422 enim
2017 1370 2388 1438 mysteriorum
2425 1382 2544 1435 qtae
2595 1368 2646 1419 in
2686 1368 2764 1419 eis
2812 1376 2956 1428 sunt,
3006 1365 3371 1432 intelligentia,

1840 1469 1893 1513 et
1925 1460 2058 1512 hanc
2101 1460 2239 1511 viam
2291 1473 2563 1520 emensus,
2598 1459 2663 1511 de
2696 1456 3040 1527 mirabilibus}
3064 1472 3180 1524 qua:
3215 1457 3266 1511 in
3294 1457 3373 1511 eis

1841 1557 1965 1601 sunt
1997 1557 2180 1616 potero
2207 1548 2510 1599 conversari
2543 1554 2597 1600 et
2619 1547 2778 1600 verba
2814 1546 3013 1603 facere.

1916 1636 2073 1689 Vens.
2112 1635 2200 1688 28.
2244 1635 2551 1688 Dormitavit
2579 1636 2752 1687 anima
2784 1651 2896 1687 mea
2921 1649 3029 1703 prie
3051 1637 3227 1700 twdio,
3252 1652 3373 1690 ron-

1842 1726 1994 1793 ﬁrma
2020 1741 2099 1777 me
2127 1726 2181 1777 in
2208 1725 2370 1778 verbis
2398 1726 2525 1787 tuis,
2560 1733 2663 1778 etc.
2699 1723 2935 1776 Taedium
2969 1734 3049 1778 est
3089 1726 3140 1777 in
3187 1728 3369 1778 eodem

200 1814 324 1866 ἐστὶ
379 1814 589 1885 κίνησις
633 1816 689 1868 ὲν
737 1813 815 1882 τῷ
854 1812 1002 1882 αὐτῴ
1057 1813 1398 1884 πολυχρόνιος
1436 1815 1606 1885 θυμοῦ
1648 1819 1737 1871 καὶ

1844 1814 1928 1866 ditt
1977 1813 2268 1881 perdurans
2311 1820 2483 1863 motus
2524 1810 2725 1863 luroris
2772 1819 2825 1862 et
2873 1811 3366 1876 concupiscentiae;

197 1900 528 1972 ἐπιθυμίας*
558 1901 651 1954 τοῦ
687 1903 782 1972 μὲν
818 1907 925 1961 τοῖς
964 1902 1219 1971 παροῦσιν
1243 1903 1607 1974 ὀργιζομένου,
1642 1905 1743 1975 τῆς

194 1988 256 2040 δὲ
308 1990 608 2058 ἐφιεμένης
652 1988 756 2041 τῶν
814 1989 885 2059 μὴ
923 1990 1218 2059 παρόντων.
1263 1991 1582 2060 Νυσταγμός
1627 1992 1742 2046 ἔστι

189 2075 384 2146 ψυχῆς
412 2076 630 2145 λογικῆς
670 2077 892 2145 ἀμέλεια
938 2078 1043 2129 τῶν
1085 2078 1290 2146 ἀρετῶν
1326 2079 1416 2130 καὶ
1461 2080 1555 2148 τῆς
1602 2080 1741 2147 γνώ⁴

193 2182 345 2226 σεως
387 2164 487 2231 τῆς
523 2165 614 2216 τοῦ
651 2164 811 2217 Θεοῦ·
849 2164 1010 2228 ῦπνος
1037 2167 1151 2218 ἐστὶ
1180 2166 1352 2235 ψυχῆς
1395 2168 1611 2236 λογικῆς
1639 2186 1743 2238 χω-

189 2252 400 2323 ρισμὸς
435 2251 673 2316 ἑκούσιος
693 2253 796 2306 ἀπὸ
817 2254 914 2323 τ’ἧς
933 2254 1095 2318 ὅντως
1122 2254 1263 2324 ζωῆς
1278 2272 1291 2286 °
1314 2256 1393 2309 διὸ
1418 2256 1509 2308 καὶ
1530 2260 1558 2308 ό
1584 2257 1742 2324 σοφὸς

184 2335 459 2405 Σολομῶν
499 2340 749 2405 παραινεῖ
795 2338 866 2409 μὴ
916 2340 1093 2392 δοῦναι
1150 2340 1310 2394 ὕπνον
1360 2344 1470 2403 τοῖς
1513 2342 1738 2411 ὄμμασι,

189 2425 323 2495 μηδ’
348 2425 700 2489 ὲπινυστάξαι
728 2430 836 2489 τοῖς
868 2427 1170 2498 βλεφάροις.

275 2530 455 2583 Ὀδὸν
503 2532 732 2596 ἀδικίας
790 2534 1135 2600 ἁπόστησον
1172 2534 1270 2587 ἀπ’
1309 2534 1471 2602 ἐμοῦ,
1515 2536 1610 2590 καὶ
1662 2537 1740 2603 τῷ

181 2623 363 2689 νόμῳ
418 2636 532 2675 σου
567 2623 826 2690 ἐλέησόν
869 2641 962 2692 με,
995 2642 1046 2677 κ.
1086 2643 1132 2678 τ.
1161 2628 1207 2679 ἑ.
1239 2627 1349 2678 υύκ
1398 2629 1521 2697 ἐμὲ,
1555 2631 1736 2700 φησὶν,

181 2711 508 2779 ἁπόστησον
538 2711 644 2763 ἀπὸ
677 2711 795 2764 ὁδοῦ
839 2713 1066 2778 ἀδικίας,
1096 2715 1206 2766 ἀλλ’
1246 2716 1410 2785 αὐτὴν
1453 2717 1544 2769 ἀπ’
1584 2718 1736 2788 ἐμοῦ,

181 2796 261 2861 ὡς
297 2798 711 2868 ἐνυπάρχουσαν
741 2800 859 2870 ηδη’
895 2802 985 2853 καὶ
1023 2801 1275 2872 δεομένην
1306 2803 1402 2871 μὲν
1430 2804 1583 2873 ἡμῶν
1606 2806 1740 2877 πρὸς

182 2886 467 2952 ἐξέλασιν,
505 2887 731 2957 μάλιστα
764 2889 819 2940 δὲ
856 2890 952 2958 τῆς
993 2890 1057 2940 ὲκ
1089 2890 1219 2942 Θεοῦ
1259 2890 1524 2959 βοηθείας,
1562 2893 1637 2957 ώς
1673 2893 1740 2949 ἂν

180 2974 509 3045 eameam
541 2976 687 3046 νόμῳ
717 2977 848 3031 Θεοῦ
867 2995 881 3009 ο
912 2979 1091 3047 ὅμοιον
1132 2980 1187 3032 δὲ
1218 2979 1294 3049 τῷ
1322 2980 1495 3049 λέγειν
1543 2983 1734 3054 ἰατρῷ·

193 3063 479 3133 Ἰατρικῆς
509 3064 649 3133 λόγῳ
700 3066 832 3134 πρὸς
881 3066 1086 3133 ὑγίειάν
1128 3085 1194 3136 με
1232 3069 1471 3137 κόμισον,
1512 3071 1611 3124 κᾶν
1650 3089 1738 3126 το-
1762 3090 1803 3147 α

181 3153 298 3223 μῆς
334 3153 435 3223 δὲῃ
469 3152 561 3205 καὶ
595 3152 857 3217 καύσεως,
898 3155 999 3208 κᾶν
1050 3156 1234 3226 ἑτέρου
1286 3158 1428 3220 τινὸς
1478 3158 1584 3212 τῶν
1619 3162 1737 3213 επι-

177 3239 479 3309 οταμένων
520 3239 724 3294 λυπεῖν.
762 3242 962 3294 Τούτου
1005 3244 1060 3295 δὲ
1090 3244 1179 3296 τοῦ
1231 3246 1391 3313 νόμου
1432 3246 1549 3297 οὐδὲ
1594 3248 1732 3319 ἀρχή

175 3329 302 3381 ἔστι
327 3329 448 3389 τοῖς
482 3328 700 3397 μηδέπω
728 3331 1222 3399 ὲπισκοπουμένοις,
1254 3331 1367 3382 ἀλλ’
1390 3331 1469 3383 ἔτι
1507 3335 1735 3402 παραδι-

173 3418 439 3489 δομένοις
471 3416 694 3470 πάθεσιν
741 3419 978 3487 ἀτιμίας,
1025 3418 1058 3487 ἢ
1108 3419 1343 3489 ἀδοκίμῳ
1393 3421 1426 3490 ἡ
1470 3438 1575 3473 τινι
1632 3423 1735 3476 τῶν

171 3506 341 3560 οῦπω
383 3505 485 3574 τὴν
512 3505 792 3576 διόρθωσιν
839 3509 930 3559 καὶ
978 3506 1264 3576 θεραπείαν
1296 3510 1731 3578 περιποιούντων.

184 3597 312 3665 Ἐφ’
338 3597 477 3649 ὅσον
497 3596 603 3666 γὰρ
635 3597 788 3666 ἡμῶν
817 3600 850 3666 ἡ
878 3598 977 3666 τῆς
1004 3598 1212 3662 ἀδικίας
1252 3600 1365 3667 ὁδὸς
1388 3601 1484 3652 οὐκ
1511 3602 1736 3669 ἀφίστα-

169 3699 291 3749 ται,
329 3684 428 3736 sui.
462 3683 709 3736 τοσοῦτον
738 3684 855 3737 οὐδὲ
899 3685 1069 3756 ἀρχὴν
1114 3686 1303 3757 ἔχομεν
1343 3688 1433 3740 τοῦ
1475 3689 1733 3743 ἐλεεῖσθαι

171 3770 341 3840 νόμῳ
378 3769 537 3822 Θεοῦ.

259 3878 440 3933 Ὀδύν
481 3878 740 3932 ἐντολῶν
778 3892 891 3933 σου
923 3878 1192 3949 ἔδραμον,
1222 3882 1365 3936 ὅταν
1400 3881 1734 3950 ἐπλάτυνας

168 3971 300 4038 τὴν
346 3968 600 4036 καρδίαν
635 3985 772 4037 μου,
807 3988 861 4024 κ.
904 3984 953 4023 τ.
991 3973 1036 4025 ὲ.
1072 3974 1133 4024 0i
1166 3973 1309 4040 λόγοι
1359 3973 1464 4025 τῶν
1509 3975 1732 4026 ἐντολῶν

168 4058 550 4119 πλατύνοντες
592 4057 686 4127 τὴν
717 4059 938 4129 καρδίαν
979 4059 1192 4114 εῦκολον
1222 4061 1353 4132 αὐτῇ
1394 4062 1733 4131 παρασκευά-

169 4152 339 4215 ζουσι
366 4149 467 4217 τῆς
501 4151 804 4219 πρακτικῆς
831 4150 926 4220 τὴν
957 4150 1092 4204 ὀδόν.

254 4261 372 4315 Τοῦ
407 4258 612 4313 αὑτοῦ.
649 4278 667 4312 r
703 4261 847 4324 Ὁδὸς
885 4263 982 4331 μὲν
1016 4261 1171 4333 στενὴ
1212 4261 1303 4314 καὶ
1331 4260 1654 4333 τεθλιμμένη
1695 4266 1727 4334 ή

1839 1898 1980 1953 illius
2010 1897 2223 1966 quidem
2276 1898 2626 1964 praesentibus
2671 1897 2817 1958 irati,
2855 1895 3009 1960 hujus
3057 1911 3180 1949 vero
3210 1896 3373 1965 800

1838 1987 2075 2040 absentia
2108 1986 2476 2039 desiderantis.
2501 1984 2812 2037 Dormitatio
2833 1993 2914 2037 est
2944 1986 3132 2036 anima:
3163 1988 3370 2038 ratione

1839 2074 2072 2142 przeditte
2096 2074 2414 2143 negligentia
2441 2074 2696 2127 virtutum
2731 2081 2781 2125 et
2808 2073 3045 2125 scientite
3076 2073 3188 2126 Dei.
3219 2072 3371 2126 Som-

1838 2179 1939 2218 nus
1982 2172 2062 2218 est
2107 2164 2298 2216 animae
2331 2163 2535 2215 ratione
2571 2161 2805 2230 praedita:
2859 2161 3159 2214 voluntaria
3204 2176 3371 2228 sepa-

1839 2254 1974 2307 ratio
2000 2267 2029 2305 a
2057 2268 2181 2305 vera
2223 2251 2354 2304 vita.
2394 2252 2729 2319 Quapropter
2767 2259 2820 2303 et
2853 2251 3072 2316 sapiens
3117 2250 3367 2304 Salomon

1838 2344 2082 2397 hortatur
2103 2342 2169 2403 ",
2197 2351 2254 2393 ut
2281 2357 2385 2392 non
2417 2341 2568 2394 detur
2595 2354 2816 2394 somnus
2840 2340 3007 2394 oculis
3040 2354 3213 2407 neque
3241 2339 3367 2393 dor-

1837 2431 2046 2485 mitatio
2076 2430 2357 2498 palpebris.

1906 2540 2067 2594 Vens.
2106 2540 2194 2594 29.
2249 2537 2392 2592 Viam
2436 2539 2722 2607 iniquitatis
2769 2555 2946 2593 amove
2984 2556 3014 2593 a
3067 2557 3166 2604 me,
3208 2549 3254 2593 et
3304 2541 3368 2593 de

1836 2636 1944 2697 tege
1972 2639 2060 2682 tua
2086 2630 2319 2681 miserere
2350 2629 2468 2691 mei,
2494 2638 2598 2682 etc.
2629 2627 2742 2681 Non
2792 2643 2895 2691 me,
2943 2629 3140 2696 inquit,
3178 2644 3367 2683 amove

1836 2732 1867 2771 a
1894 2719 1976 2771 via
2005 2717 2322 2786 iniquitatis,
2347 2717 2437 2769 sed
2466 2716 2634 2783 ipsam
2667 2730 2695 2769 a
2724 2732 2826 2779 me,
2856 2724 2912 2768 ut
2936 2730 3054 2784 qua:
3085 2715 3211 2769 mihi
3241 2716 3367 2770 insit

1837 2815 1891 2859 et
1926 2805 2078 2861 nobis
2124 2803 2336 2872 quidem
2376 2810 2550 2871 egeat,
2600 2810 2660 2854 ut
2709 2813 3077 2866 removeatur,
3135 2805 3367 2857 maxime

1842 2908 1969 2947 vero
1998 2893 2087 2946 Dei
2121 2892 2338 2957 auxilio,
2382 2901 2440 2943 ut
2475 2894 2589 2959 lege
2637 2892 2724 2944 Dei
2769 2893 3186 2946 misericordiam
3239 2908 3366 2947 con-

1836 2978 2157 3045 sequamur:
2189 2978 2341 3044 quasi
2375 2976 2521 3030 dicat
2570 2978 2774 3035 medico
2820 2995 2833 3030 :
2888 2978 3014 3032 Arte
3062 2979 3364 3032 medicinali

1837 3068 1900 3120 ad
1922 3067 2197 3120 sanitatem
2221 3080 2408 3119 revoca
2436 3081 2537 3127 me,
2558 3067 2671 3120 sive
2699 3066 2842 3122 ferro
2862 3067 2972 3121 sive
2999 3070 3207 3122 ustione
3233 3084 3364 3137 opus

1835 3155 1924 3229 sit,
1950 3157 2064 3209 sive
2096 3154 2199 3207 alio
2234 3153 2469 3221 quolibet
2497 3155 2729 3207 remedio
2752 3159 2889 3222 quod
2912 3156 3144 3209 dolorem
3174 3158 3360 3225 pariat.

1838 3241 2004 3308 llujus
2043 3242 2172 3308 legis
2199 3255 2263 3294 ne
2302 3242 2512 3294 initium
2543 3243 2753 3308 quidem
2794 3243 2986 3296 habent
3026 3244 3061 3295 ii
3107 3247 3194 3311 qui
3229 3261 3362 3297 non-

1834 3330 1958 3383 dum
2011 3330 2206 3383 visitati
2252 3337 2396 3389 sunt,
2454 3332 2549 3382 sed
2604 3333 2776 3384 adhuc
2833 3331 3011 3384 traditi
3082 3330 3362 3387 all'ectibus

1835 3418 2171 3487 ignominia;
2205 3417 2283 3471 vel
2331 3418 2608 3486 reprobus,
2640 3419 2719 3470 vel
2752 3420 3010 3485 quispiam
3041 3432 3221 3470 eorum
3270 3420 3360 3486 qui

1836 3506 2066 3560 nondum
2096 3508 2359 3561 emendati
2386 3516 2439 3559 et
2471 3508 2685 3559 sanitati
2733 3508 2960 3560 restituti
3010 3515 3154 3559 sunt.
3179 3508 3360 3571 Quan-

1836 3603 1942 3648 tum
1992 3596 2131 3648 enim
2182 3596 2263 3646 via
2310 3594 2609 3662 iniquitatis
2647 3608 2675 3646 a
2726 3596 2874 3647 nobis
2903 3610 3005 3646 non
3040 3605 3357 3659 removetur,

1835 3693 2032 3736 tantum
2062 3685 2313 3736 absumus
2343 3684 2407 3735 ab
2442 3682 2594 3736 initio
2641 3682 3024 3737 misericordiae
3057 3698 3156 3752 per
3189 3683 3359 3753 legem

1836 3773 1924 3825 Dei
1956 3772 2353 3840 consequentiae.

1907 3883 2063 3936 Vens.
2100 3883 2187 3936 52.
2257 3881 2401 3934 Viam
2443 3881 2811 3934 mandatorum
2865 3894 3069 3936 (uorum
3129 3887 3358 3952 cucurri,

1831 3988 1946 4024 eum
1997 3972 2229 4025 dilatasti
2261 3987 2349 4025 car
2394 3988 2584 4035 nteant,
2633 3981 2736 4026 etc.
2785 3971 3152 4025 Mattdatorum
3198 3975 3357 4029 verba

1831 4075 1947 4128 qua:
1974 4075 2067 4115 cor
2096 4061 2341 4127 dilatant,
2373 4062 2582 4116 facilem
2613 4064 2659 4118 ei
2687 4071 2882 4131 parant
2911 4062 2977 4116 ad
3024 4077 3105 4117 res
3130 4064 3360 4134 agendas

1834 4164 1994 4202 vtam.

1900 4258 2166 4327 Ejusdem.
2209 4277 2227 4311 ι
2262 4259 2356 4314 Via
2378 4260 2587 4328 quidem
2619 4269 2842 4329 angusta
2873 4269 2926 4314 et
2952 4269 3098 4314 arcta
3132 4270 3214 4315 est
3241 4276 3361 4331 quas

166 4351 479 4417 ἀπάγουσα
527 4349 606 4410 είς
654 4349 750 4418 τὴν
790 4347 963 4420 ζωήνσ
994 4369 1012 4401 ι
1055 4350 1248 4421 καρδία
1278 4349 1334 4402 δὲ
1366 4349 1589 4402 πλατεῖα
1633 4354 1726 4404 καὶ

1844 4346 1973 4399 lucit
2007 4346 2073 4400 ad
2111 4348 2270 4399 vitam
2295 4347 2378 4413 “;
2415 4366 2435 4399 ι
2474 4362 2566 4400 cor
2596 4359 2769 4401 autem
2793 4348 2953 4402 latum
2977 4359 3030 4403 et
3060 4351 3355 4418 spatiosum

132 4413 499 4512 ἐὐρύχωρος
531 4438 632 4490 ὑπὸ
672 4413 764 4490 τοῦ
815 4413 968 4505 λόγου
1024 4413 1350 4509 εὐρυνομένη
1384 4439 1416 4507 ἠ
1450 4438 1597 4505 ἁγία,
1636 4441 1728 4493 καὶ

1844 4450 1858 4487 ι
1893 4434 2052 4488 verbo
2080 4433 2353 4488 dilatatutn
2384 4445 2629 4490 sanctum
2663 4447 2768 4501 est,
2799 4446 2852 4490 et
2892 4438 3054 4492 Deum
3088 4413 3252 4505 videt,
3294 4454 3361 4494 ae

166 4530 313 4583 Θεὸν
343 4527 612 4596 ὀψομένη,
656 4528 748 4579 καὶ
779 4528 865 4579 τὸν
896 4527 1052 4579 καλὸν
1097 4527 1289 4598 δρόμον
1326 4531 1585 4600 τρέχουσα
1627 4530 1725 4600 τῆς

1844 4524 1967 4577 tiam
2001 4523 2370 4577 mandatorum
2419 4526 2509 4578 Dei
2562 4527 2750 4579 currit.
2785 4525 2871 4581 Sic
2917 4528 3022 4582 lata
3060 4531 3272 4597 quidem
3304 4537 3359 4584 et

161 4616 300 4673 ὀδοῦ
332 4615 445 4668 τῶν
495 4614 716 4665 ἐντολῶν
761 4613 851 4666 τοῦ
900 4614 1050 4666 Θεοῦ.
1086 4615 1237 4668 Οὕτω
1282 4618 1380 4687 μὲν
1424 4620 1456 4687 ἡ
1504 4618 1724 4671 πλατεῖα

1844 4614 2060 4680 spatiosa
2104 4613 2186 4665 via
2233 4613 2378 4667 ducit
2431 4614 2497 4667 ad
2541 4616 2914 4683 perditionem,
2957 4634 3052 4673 cor
3090 4634 3216 4675 vero
3262 4634 3360 4674 an-

162 4706 270 4758 καὶ
303 4702 611 4773 εὐρύχωρος
638 4701 751 4762 ὁδὸς
782 4702 979 4767 ἀπάγει
1013 4704 1104 4755 ἐπὶ
1146 4704 1242 4773 τὴν
1276 4703 1565 4769 ἀπώλειαν,
1594 4708 1626 4776 ἠ
1667 4706 1724 4758 δὲ

1844 4709 2036 4769 gustum
2065 4709 2116 4754 et
2154 4711 2384 4765 arctam,
2412 4712 2465 4756 et
2491 4705 2630 4770 quod
2666 4720 2770 4758 non
2801 4708 2943 4775 capit
2973 4708 3024 4760 iu
3072 4709 3360 4777 semetipso

163 4792 344 4862 στενὴ
389 4790 603 4860 καρδία,
639 4790 732 4842 καὶ
765 4791 835 4861 μὴ
864 4791 1106 4860 χωροῦσα
1137 4794 1191 4844 ἐν
1220 4794 1381 4863 ἑαυτῇ
1419 4793 1580 4863 μονὴν
1612 4795 1723 4846 Πα-
1770 4824 1781 4834 ι

158 4880 311 4952 πρὸς
351 4879 447 4931 καὶ
478 4877 604 4928 Υἱοῦ
651 4876 865 4946 χωρίζει
899 4878 1004 4929 ἀπὸ
1045 4877 1175 4930 Θεοῦ
1214 4878 1300 4930 διὰ
1334 4879 1429 4949 τὴν
1467 4895 1724 4948 στενοχω-

160 4971 308 5043 ρίαν
331 4967 423 5021 τὸν
451 4964 707 5034 τοιαύτην
730 4967 795 5034 τῇ
826 4965 1014 5018 ἑαυτοῦ
1039 4968 1202 5036 κακίᾳ
1232 4967 1582 5037 πεποιηκότα.

241 5070 669 5142 Νομοθέτησόν
693 5086 787 5137 με,
813 5071 1006 5136 Κύριε,
1036 5070 1148 5136 τὴν
1178 5071 1317 5125 ὀδόν
1350 5071 1466 5124 τῶν
1493 5073 1720 5127 δικαιω-

154 5162 384 5235 μάτων
428 5175 564 5222 σου,
597 5159 695 5211 καὶ
726 5157 1019 5224 ἐκζητήσω
1046 5158 1237 5224 αὐτὴν
1264 5158 1361 5211 διὰ
1394 5159 1634 5224 παντὸς,
1664 5177 1718 5214 κ.

158 5266 222 5302 τ.
257 5248 315 5300 ἑ.
350 5245 555 5314 Τδμὲν
604 5245 713 5313 γὰρ
760 5244 906 5315 παρὰ
950 5242 1042 5296 τοῦ
1086 5243 1517 5317 Θεοῦὲαίτεῐται,
1563 5246 1623 5298 τὸ
1664 5247 1721 5299 δὲ

159 5333 578 5402 ιπαγγέλλεται
606 5331 666 5395 ἐξ
707 5332 897 5384 ἑαυτοῦ
942 5332 1323 5403 συνεισφέρειν.
1365 5334 1435 5385 Σὺ
1468 5336 1563 5402 μὲν
1591 5336 1717 5407 γὰρ,

159 5425 371 5499 φησὶν,
400 5417 445 5479 ὦ
481 5422 669 5491 Κύριε,
710 5422 1063 5492 νομοθέτησόν
1097 5439 1186 5491 μοι
1229 5422 1325 5491 τὴν
1355 5423 1471 5475 ὁδὸν
1500 5424 1608 5478 τῶν
1644 5427 1719 5478 δι-

1826 4790 2148 4842 mansionem
2180 4789 2351 4844 Patris
2373 4803 2427 4845 et
2455 4793 2600 4858 Filii,
2628 4804 2841 4862 propter
2864 4796 3168 4864 angustiam
3204 4811 3356 4849 suam

1823 4886 2033 4944 separat
2075 4894 2104 4932 a
2154 4879 2261 4933 Deo
2312 4880 2456 4934 illum
2507 4884 2597 4952 qui
2650 4884 2852 4937 malitia
2894 4898 2990 4938 sua
3031 4885 3207 4952 ipsum
3253 4881 3361 4935 tale

1826 4964 2070 5022 reddidit.

1898 5073 2052 5128 Vens.
2093 5074 2181 5131 35.
2223 5074 2399 5144 Legem
2428 5094 2559 5144 parte
2591 5080 2743 5141 mihi,
2774 5076 3013 5136 Domine,
3044 5076 3181 5125 viam
3203 5073 3362 5140 justi-

1822 5164 2119 5230 ﬁcatiouam
2161 5172 2398 5228 tuarum,
2439 5178 2484 5219 et
2517 5168 2780 5233 exquiram
2822 5176 2936 5213 eam
2980 5176 3211 5224 semper,
3259 5173 3369 5218 etc.

1823 5250 1951 5304 Illud
1985 5253 2200 5321 quidem
2224 5268 2254 5306 a
2296 5254 2401 5306 Deo
2430 5254 2578 5321 petit,
2630 5252 2773 5304 aliud
2808 5261 2938 5301 vero
2981 5262 3053 5298 ex
3102 5258 3257 5313 parte
3281 5263 3379 5304 sua

1822 5339 2098 5406 pollicetur
2122 5355 2179 5394 se
2201 5340 2534 5393 collaturum.
2566 5338 2663 5403 Tu,
2692 5336 2894 5404 inquit,
2924 5333 3182 5395 Domine,
3211 5334 3384 5402 legem

1823 5445 1960 5495 pone
1994 5430 2121 5483 mihi
2152 5430 2287 5481 viam
2313 5427 2756 5495 justiﬁeationum
2797 5434 3053 5477 tuarum.
3106 5433 3212 5484 ego
3264 5435 3397 5476 vero

245 5555 304 5628 ff
348 5551 493 5628 Psal.
535 5567 660 5628 χιι..
689 5551 773 5607 ισ.
844 5554 884 5586 ²¹
919 5550 1060 5607 Psal.
1082 5566 1228 5619 xnttt,
1258 5553 1345 5606 25.
1422 5554 1463 5585 ²²
1493 5552 1684 5627 Philip.
1710 5574 1737 5612 ll

1844 5563 1907 5613 ll.
1982 5563 2202 5619 “Bora.
2244 5577 2338 5628 vn,
2380 5562 2467 5617 24.
2546 5559 2745 5614 “Vers.
2776 5553 2893 5609 25.
2967 5551 3013 5581 "
3047 5547 3218 5598 PFOV-
3252 5562 3330 5610 VI.
3356 5549 3410 5602 4-

162 5626 215 5656 ⁸⁸
244 5621 449 5683 Matth.
483 5633 573 5686 ru,
604 5620 687 5673 l4.
