3884 6248
297 370 437 426 1597

1208 369 1510 430 SELECTA
1542 372 1606 427 lN
1641 370 1968 429 PSALMOS.
2005 401 2071 412 -—
2101 372 2293 428 PSAL.
2333 356 2576 426 CXVIII.

3332 371 3467 430 1598

290 501 483 553 πησα,
517 506 571 544 κ.
604 506 655 544 τ.
690 490 737 544 ι.
763 491 923 554 Τέλος
946 488 1052 542 τῶν
1095 491 1322 545 ἐντολῶν
1353 489 1449 559 τῆς
1489 492 1717 561 μελέτης
1747 507 1800 543 το

1903 490 2040 551 ,Ιεπὶ
2065 530 2080 553 ,
2125 498 2231 545 etc.
2278 483 2639 546 Meditationis
2680 492 3045 546 mandatorum
3086 488 3177 544 Dei
3225 487 3344 544 linis
3385 497 3468 543 est

287 573 428 628 Θεοῦ
451 578 652 647 ἐστινή
684 578 822 632 κατὰ
846 578 943 640 τὰς
976 579 1191 641 ἐντολὰς
1220 580 1483 649 ἐνέργεια.
1511 581 1621 632 Καὶ
1657 577 1832 640 καλῶς

290 665 688 733 προστετάχθαι
719 667 961 734 φαίνεται
983 666 1064 732 τὸ,
1092 685 1110 717 s
1155 668 1446 737 Ἐμελέτων
1470 669 1526 720 ἐν
1546 670 1664 729 ταῖς
1690 669 1833 720 ἐντο-

279 748 406 813 λαῖς
444 767 537 803 σου
573 749 663 816 αἷς
696 756 970 824 ἠγάπησα.
1009 774 1028 805 ι
1057 757 1210 809 Μετὰ
1240 757 1346 827 γὰρ
1369 757 1464 826 τὴν
1491 758 1717 827 μελέτην
1738 757 1830 809 καὶ

280 837 557 906 ἀνάληψιν
603 840 696 892 τοῦ
733 841 838 893 τῶν
871 842 1095 895 ἐντολῶν
1122 843 1296 910 λόγου,
1329 843 1488 896 καλὸν
1531 844 1591 895 τὸ
1632 844 1830 912 ἐπᾶραι

282 923 380 985 τὰς
422 928 612 996 χεῖρας
643 930 733 980 ἐπὶ
763 929 861 991 τὰς
899 931 1035 983 κατά
1075 931 1171 994 τὰς
1203 931 1415 994 ἐντολὰς
1440 933 1680 1001 πράξεις,
1709 932 1829 1001 δίχα

280 1011 372 1062 τοῦ
408 1014 475 1065 ἐκ
502 1015 679 1086 λύπης
708 1018 741 1087 ἦ
773 1019 830 1084 ἐξ
852 1020 1090 1090 ἀνάγκης
1116 1020 1175 1073 τὸ
1201 1020 1356 1090 ἔργον
1395 1021 1695 1075 ἀποδιδόναι
1720 1020 1826 1073 τῶν

280 1098 404 1152 ιντο
414 1101 543 1155 λῶν.

349 1267 667 1336 Μνήσθητι
706 1270 821 1323 τῶν
864 1274 1060 1338 λόγων
1095 1290 1210 1327 σου
1246 1273 1323 1338 τῷ
1366 1274 1558 1337 δούλῳ
1597 1289 1710 1327 σου
1739 1269 1826 1326 ὧν

274 1352 632 1421 ἐπήλπισάς
650 1374 745 1425 με,
775 1376 829 1410 κ.
858 1377 907 1411 τ.
942 1361 987 1412 ὲ.
1020 1361 1126 1413 Καὶ
1159 1365 1307 1424 ποῖος
1334 1364 1364 1414 ὁ
1394 1362 1565 1429 λόγος,
1593 1357 1652 1415 οὗ
1685 1380 1821 1432 μνη-

274 1440 477 1509 σθῆναι
505 1443 663 1494 αὑτὸν
706 1444 862 1509 ἀξιοῖ,
896 1446 928 1515 ἢ
960 1446 1020 1497 τὸ
1051 1443 1185 1499 εἶναι
1230 1448 1344 1516 μετ’
1380 1447 1574 1511 αὐτῶν,
1605 1448 1723 1501 καθ’
1755 1448 1822 1517 ἢν

271 1525 513 1581 δέδωκεν
558 1530 734 1593 αὐτοῖς
775 1533 1114 1599 ἐπαγγελίαν,
1179 1535 1299 1602 ἥτις
1346 1534 1438 1588 καὶ
1485 1534 1820 1604 παράκλησις

269 1613 468 1677 αὐτοῖς
496 1614 552 1668 ἐν
583 1618 694 1678 τοῖς
717 1616 970 1687 διωγμοῖς
1000 1619 1243 1685 ἐγένετο;

1929 580 2198 635 exsecutio
2208 588 2262 634 et
2275 576 2520 647 operatio
2534 582 2838 636 eorumdem
2854 582 3242 659 mandatorum.
3257 577 3425 643 Quam
3438 606 3457 616 -

1927 668 2110 723 obrem
2144 668 2367 736 pulchre
2417 666 2578 722 etiam
2627 669 2931 738 adjunctum
2972 670 3201 731 videtur,
3238 684 3258 718 ε
3290 666 3457 721 Medi-

1929 755 2081 809 tabar
2130 757 2183 809 in
2240 754 2505 809 mandatis
2544 757 2647 809 tuis
2695 770 2812 823 qua:
2858 757 3037 811 dilexi.
3090 774 3108 807 ι
3156 755 3289 809 Nam
3339 762 3460 822 post

1927 844 2319 898 meditationem
2347 851 2400 896 et
2430 845 2958 912 comprehensionem
3000 844 3148 900 verbi
3179 844 3459 898 mandato-

1924 946 2083 995 rum,
2130 932 2408 1001 pulchrum
2455 941 2539 985 est
2586 947 2778 986 manus
2826 932 3068 987 attollere
3119 936 3182 987 ad
3217 933 3455 987 actiones

1923 1018 2184 1071 mandatis
2206 1025 2614 1081 consentaneas,
2648 1019 2719 1071 ita
2742 1026 2799 1071 ut
2825 1032 2994 1086 neque
3022 1032 3085 1070 ex
3118 1019 3332 1073 tristitia
3358 1033 3453 1073 ne-

1828 1174 1832 1184 “
1919 1120 2025 1174 que
2055 1121 2120 1160 ex
2164 1108 2483 1163 necessitate
2525 1122 2660 1179 Opus
2705 1108 3076 1161 mandatorum
3118 1109 3448 1164 exsecutioni

1920 1197 2220 1250 mandetur.

1987 1283 2144 1336 Vens.
2185 1283 2273 1339 49.
2302 1284 2504 1339 Memor
2532 1295 2639 1339 esto
2662 1287 2924 1341 verborum
2952 1297 3158 1342 tuorum
3192 1304 3334 1342 servo
3359 1297 3446 1341 tuo

1917 1373 1970 1424 in
1991 1372 2175 1440 quibus
2201 1374 2323 1425 mihi
2352 1390 2489 1436 spem
2519 1376 2744 1439 dedisti,
2776 1386 2882 1436 etc.
2932 1379 3000 1431 At
3040 1378 3201 1446 quale
3227 1388 3309 1434 est
3331 1392 3449 1433 ver-

1916 1461 2038 1513 bum
2104 1459 2256 1527 cujus
2300 1462 2430 1527 petit
2475 1461 2619 1515 illum
2672 1477 2791 1517 esse
2862 1479 3188 1531 memorem,
3235 1467 3336 1520 nisi
3389 1475 3448 1521 ut

1915 1563 2033 1602 cum
2066 1548 2170 1603 illis
2212 1549 2316 1613 sit,
2343 1548 2492 1616 juxta
2524 1552 2929 1618 promissionem
2979 1568 3140 1630 quam
3173 1554 3302 1624 ipsis
3343 1554 3440 1610 de-

1914 1637 2079 1700 derat,
2123 1652 2238 1701 quae
2266 1647 2321 1693 et
2361 1638 2464 1694 illis
2495 1639 2842 1696 consolationi
2873 1653 2989 1697 erat
3017 1644 3071 1697 in
3103 1644 3438 1713 persecutio-

1916 1725 2105 1779 nibus?

341 1790 514 1857 Αὕτη
550 1809 625 1858 με
669 1790 1074 1859 παρεκάλεσεν
1104 1793 1173 1845 ἐν
1200 1792 1276 1861 τῇ
1306 1792 1647 1848 ταπεινώσει
1674 1812 1800 1863 μου,

1978 1814 2141 1883 802
2171 1812 2327 1868 Vens.
2364 1813 2450 1868 50.
2484 1813 2610 1868 Hazc
2637 1831 2716 1868 me
2744 1817 3009 1871 eonsolata
3033 1827 3111 1872 est
3143 1819 3197 1872 in
3225 1818 3440 1874 humili-

184 1880 189 1887 “
259 1874 363 1929 ὅτι
397 1878 469 1946 τό
504 1879 708 1947 λόγιόν
730 1894 842 1930 σου
869 1878 1038 1944 ἐζησέ
1058 1894 1153 1945 με,
1181 1895 1235 1930 κ.
1261 1896 1310 1931 τ.
1357 1881 1403 1932 ἐ.
1428 1879 1574 1933 Πάνυ
1605 1882 1639 1951 ἡ
1665 1882 1817 1946 ἐλπὶς

258 1965 521 2033 πέφυκεν
561 1969 618 2017 ἐν
647 1968 756 2027 τοῖς
802 1968 1118 2034 πειρασμοῖς
1151 1967 1476 2035 παρακαλεῖν
1514 1968 1815 2040 amati/uth

255 2052 599 2105 προσδοκίαν
628 2051 839 2117 ἀγαθῶν
865 2050 1188 2120 παρέχουσα.

336 2222 464 2274 Τοῦ
513 2221 712 2274 αὐτοῦ.
756 2222 947 2285 Μόνον,
993 2222 1170 2291 φησὶν,
1221 2223 1398 2276 ἱκανὸν
1436 2225 1578 2293 ἡμᾶς
1608 2226 1664 2277 ἐν
1694 2227 1811 2288 ταῖς

245 2308 549 2363 κακώσεσι
607 2309 1035 2379 παραμυθεῖσθαι
1087 2310 1146 2363 τὸ
1190 2310 1333 2379 ζωῆς
1374 2312 1626 2382 ἀληθινῆς
1669 2312 1808 2382 ἔχειν

244 2396 624 2463 ἐπαγγελίαν.
657 2397 816 2449 Ταῦτ’
857 2394 948 2450 οῦν
989 2401 1113 2470 ἡμῖν
1150 2401 1469 2454 ἐπιτέλεσον.
1516 2402 1578 2453 Εἰ
1614 2402 1721 2470 γὰρ
1749 2403 1806 2455 ἐν

247 2488 324 2554 τῇ
384 2484 502 2553 ζωῇ
544 2483 708 2553 ταύτῃ
755 2486 910 2554 μόνον
948 2492 1006 2537 ἐν
1054 2487 1269 2557 Χριστῷ
1305 2489 1591 2556 ¹Ιιλπικότες
1619 2490 1801 2560 ἐσμὲν,

244 2573 616 2641 ἐλεεινότεροι
641 2573 849 2625 πάντων
872 2573 1163 2644 ἀνθρώπων
1185 2577 1364 2645 ἐσμὲν,
1388 2579 1467 2629 ὅτι
1495 2580 1803 2650 κακούμεθα

241 2661 352 2713 νῦν
398 2661 494 2712 καὶ
534 2660 631 2711 οὐκ
664 2659 748 2711 ἐπ’
780 2659 949 2712 ἐλπίδι
995 2662 1282 2731 μελλούσης
1314 2663 1473 2733 ζωῆς.
1522 2666 1641 2736 Ζωὴ
1681 2668 1737 2720 δὲ
1767 2669 1801 2738 ἠ

245 2745 538 2817 μέλλουσά
581 2746 723 2798 ἐστιν
765 2745 1091 2811 ἀναζώωσις,
1127 2748 1260 2800 καθὸ
1301 2750 1397 2819 τὴν
1442 2751 1614 2822 ψυχὴν
1663 2754 1798 2807 ίδίαν

240 2834 432 2901 ζωὴν,
466 2832 582 2884 οὐδὲ
613 2831 780 2903 ἀληθῆ
812 2829 945 2885 εἶναι
991 2834 1341 2905 μανθάνομεν·
1392 2839 1545 2908 εἴπερ
1576 2841 1673 2892 οὐκ
1703 2842 1786 2894 ἄν·

238 2922 480 2993 θρωπος
508 2923 540 2990 ὴ
566 2922 725 2990 ψυχή.
758 2922 818 2974 Εἰ
859 2922 963 2994 γὰρ
1004 2924 1060 2975 ἐν
1098 2928 1163 2994 τῇ
1208 2927 1325 2978 καθ’
1355 2928 1545 2998 ἑαυτὴν
1584 2928 1694 3001 ζωῇ
1738 2933 1797 2985 τὸ

234 3008 458 3081 ἄληθες
498 3005 607 3079 εἶχε
640 3009 730 3062 τοῦ
769 3010 886 3080 ζῇν,
922 3012 1020 3065 οῦκ
1050 3012 1115 3065 ἂν
1154 3013 1512 3080 ἀναζωώσεως
1546 3021 1573 3071 ὁ
1604 3021 1792 3090 τεθνη-

233 3097 365 3160 κὼς
419 3098 613 3150 ἐδεῖτο·
650 3098 728 3150 διὸ
756 3100 847 3150 καὶ
885 3099 914 3150 ὁ
957 3100 1155 3169 Κύριος
1191 3104 1316 3165 τοὺς
1360 3104 1652 3168 τεθνεῶτας
1681 3083 1796 3178 Θεῷ
1822 3083 1863 3138 C

234 3181 353 3254 ζῇν.
394 3179 568 3247 εἶπεν,
600 3183 673 3246 ὼς
706 3185 853 3236 οὔπω
888 3190 948 3237 τὸ
992 3185 1087 3255 ζῇν
1134 3188 1370 3256 ἔχοντας,
1418 3192 1552 3261 πλὴν
1589 3196 1708 3247 ὅσον
1739 3199 1794 3249 ἐν

230 3272 482 3340 δυνάμει
527 3272 657 3324 Θεοῦ
700 3273 791 3325 τοῦ
839 3274 1278 3344 ζωοποιήσαντος,
1334 3281 1424 3331 καὶ
1468 3282 1793 3339 ἀπολωλέναι

230 3358 422 3416 φησὶν
445 3357 656 3420 αὐτοὺς,
691 3359 738 3408 εἰ
777 3358 848 3427 μὴ
876 3360 971 3428 τῆς
998 3361 1334 3426 ἀναστάσεως
1365 3364 1590 3434 τύχοιεν.

318 3538 718 3607 Ὺπερήςρανοι
740 3542 1131 3609 ιπαρηνόμουν
1160 3544 1268 3610 ἕως
1299 3547 1548 3614 σφόδρα,
1581 3550 1697 3604 ἀπὸ
1724 3551 1790 3605 δὲ

227 3631 351 3687 τοῦ
409 3629 595 3696 νόμου
638 3642 751 3680 σου
788 3631 894 3682 οὐκ
921 3630 1213 3696 ἐξέκλινα,
1260 3651 1313 3686 κ.
1354 3652 1405 3688 τ.
1440 3638 1487 3688 ἐ.
1530 3637 1616 3690 Ἐν
1641 3640 1788 3713 αὐτῷ

225 3720 352 3789 γὰρ
384 3715 769 3785 ἐπολιτευόμην
795 3717 972 3786 τηρῶν
1009 3719 1068 3770 τὸ
1095 3721 1410 3788 ἡγεμονικόν
1439 3740 1557 3793 μου,
1598 3726 1682 3780 ἴνα
1713 3728 1785 3800 μὴ

221 3810 472 3877 γένηται
504 3805 650 3874 ῥῆμα
680 3805 915 3873 κρυπτὸν
942 3808 999 3859 ἐν
1029 3808 1092 3876 τῇ
1125 3808 1318 3878 καρδίᾳ
1362 3827 1459 3879 μου
1494 3813 1748 3884 ἀνόμημα
1769 3834 1781 3845 ·

224 3895 473 3952 ἐκείνων
498 3892 606 3960 γὰρ
642 3892 758 3945 λίαν
782 3896 1249 3964 παρανομούντων,
1275 3898 1392 3951 οὐδὲ
1417 3901 1553 3954 κατά
1591 3905 1780 3973 μικρὸν

224 3984 351 4055 ἐγὼ
374 3982 471 4034 τὸν
500 3981 660 4051 νόμον
689 3984 1032 4052 παρέϐαινον.

316 4091 561 4157 Ἅθυμία
584 4089 833 4157 κατέσχε
851 4107 926 4157 με
958 4090 1073 4143 ἀπὸ
1104 4093 1455 4159 ἁμαρτωλῶν·
1475 4097 1589 4149 τῶν
1607 4098 1778 4167 ἐγκα-

1913 1908 2018 1954 tate
2062 1917 2192 1965 mea,
2232 1902 2355 1966 quia
2385 1902 2643 1970 eloquium
2686 1909 2830 1956 tuum
2876 1904 3141 1972 uiuiﬁcavit
3176 1921 3288 1968 me,
3330 1914 3434 1961 etc.

1911 1989 1983 2043 Ea
2019 1997 2101 2043 est
2145 1990 2363 2043 omnino
2415 1991 2526 2058 spei
2573 2000 2801 2055 natura,
2849 2000 2907 2045 ut
2950 1992 3002 2045 in
3055 1992 3436 2049 tentatinnihus

1910 2075 2138 2128 animam
2185 2076 2487 2132 consoletur
2504 2077 2957 2146 exspectationem
3004 2079 3263 2135 bonorum
3291 2096 3431 2151 prae-

1907 2163 2096 2216 bendo.

1974 2247 2243 2317 Ejusdem.
2274 2250 2384 2306 Hoc
2413 2251 2607 2318 solum,
2646 2251 2835 2321 inquit,
2884 2253 3015 2307 satis
3042 2260 3123 2307 est
3148 2253 3213 2306 ad
3246 2266 3341 2308 nos
3374 2253 3430 2308 in

1905 2338 2149 2392 omnibus
2178 2339 2546 2394 aillictionibus
2583 2341 2981 2406 consolandum,
3014 2343 3153 2411 quod
3189 2358 3329 2399 vera:
3350 2344 3426 2399 vi-

1905 2433 1970 2477 tae
2002 2426 2404 2493 promissionem
2433 2430 2744 2483 habeamus.
2778 2431 2901 2485 Haec
2941 2431 3101 2500 igitur
3131 2433 3285 2487 nobis
3308 2447 3430 2501 per-

1902 2513 2019 2567 tice.
2057 2512 2186 2567 Nam
2222 2516 2267 2568 si
2309 2517 2361 2569 in
2387 2516 2488 2570 hac
2518 2518 2622 2570 vita
2648 2517 2816 2570 solum
2853 2518 2903 2570 in
2931 2517 3142 2572 Christo
3166 2532 3425 2587 sperave-

1902 2599 2090 2663 rimus,
2124 2601 2544 2657 miserabiliores
2579 2617 2764 2658 sumus
2805 2605 3053 2660 omnibus
3102 2606 3428 2675 hominibus,

1899 2702 1963 2741 eo
1994 2690 2131 2757 quod
2162 2691 2319 2745 modo
2349 2691 2641 2761 aliiigamur
2676 2701 2729 2747 et
2759 2707 2861 2747 non
2892 2709 3011 2748 cum
3046 2709 3139 2763 spe
3180 2695 3304 2749 vita
3341 2694 3427 2749 l'u-

1900 2784 2048 2830 turae.
2082 2776 2198 2831 Vita
2245 2789 2423 2834 autem
2459 2780 2632 2834 futura
2664 2793 2746 2835 est
2775 2782 2974 2838 reditus
3015 2784 3083 2839 ad
3125 2783 3289 2838 vitam
3314 2822 3330 2848 ,
3369 2784 3423 2837 in

1897 2872 2151 2931 quantum
2177 2865 2409 2920 animam
2441 2868 2603 2921 vitam
2632 2869 2926 2937 propriam,
2960 2884 3065 2925 non
3098 2885 3279 2926 veram
3304 2885 3426 2927 esse

1897 2952 2184 3019 discimus;
2216 2954 2258 3008 si
2281 2955 2495 3023 quidem
2536 2958 2710 3010 anima
2740 2974 2842 3012 non
2871 2968 2953 3014 est
2974 2961 3155 3015 homo.
3181 2961 3238 3015 Si
3276 2961 3419 3015 enim

1897 3041 1948 3094 in
1985 3056 2081 3095 sua
2128 3043 2292 3112 ipsius
2321 3045 2431 3099 vita
2464 3047 2682 3101 haberet
2729 3048 2851 3102 vitae
2882 3050 3182 3113 veritatem,
3237 3052 3283 3107 is
3318 3052 3410 3120 qui

1895 3137 2135 3184 mortuus
2155 3140 2238 3184 est
2272 3147 2604 3201 nequaquam
2636 3150 2770 3203 opus
2792 3137 3012 3191 haberet
3043 3141 3216 3193 reditu
3249 3140 3316 3194 ad
3342 3140 3424 3193 via

1896 3223 2019 3267 tam.
2054 3218 2394 3286 Quapropter
2419 3221 2581 3275 etiam
2618 3223 2873 3278 Dominus
2899 3226 3174 3281 defunctos
3201 3228 3310 3282 Deo
3338 3229 3421 3281 vi-

1890 3316 2013 3356 vere
2057 3305 2218 3368 dixit,
2273 3316 2521 3374 tauquam
2571 3312 2658 3377 qui
2708 3313 2937 3366 nondum
2970 3314 3129 3366 vitam
3166 3315 3417 3378 habeant,

1890 3391 1990 3444 nisi
2025 3392 2075 3446 in
2106 3393 2304 3446 virtute
2339 3395 2429 3449 Dei
2463 3398 2800 3461 viviﬁcantis,
2818 3402 2997 3470 aitque
3028 3401 3148 3457 illos
3173 3402 3413 3472 petiisse,

1888 3478 1987 3531 nisi
2013 3490 2284 3548 compotes
2310 3483 2441 3536 liant
2467 3487 2901 3542 resurrectionis.

1954 3566 2117 3621 Vlns.
2147 3569 2235 3624 5i.
2260 3570 2478 3637 Superbi
2520 3574 2689 3644 inique
2714 3578 2931 3644 agebant
2960 3594 3341 3649 usquequaque,
3377 3596 3411 3632 α

1885 3652 1992 3723 lege
2018 3664 2189 3710 autem
2224 3668 2315 3712 tua
2350 3677 2451 3715 non
2485 3663 2760 3729 declinavi,
2799 3675 2905 3722 etc.
2940 3666 2996 3721 lu
3024 3668 3138 3737 ipsa
3179 3670 3322 3723 enim
3347 3683 3415 3724 ea

1884 3754 2001 3827 erat
2045 3746 2168 3800 vitae
2213 3752 2532 3818 mesen-alio
2582 3762 2641 3808 ut
2700 3757 3039 3812 custodirem
3079 3758 3403 3812 intellectum

1883 3845 2079 3897 meum,
2112 3849 2179 3888 ne
2209 3851 2314 3905 qua
2348 3851 2490 3895 esset
2521 3842 2572 3896 in
2605 3845 2766 3899 corde
2816 3860 2936 3900 meo
2967 3846 3169 3901 occulta
3210 3846 3406 3915 iniqui-

1882 3929 1984 3974 tas.
2016 3922 2123 3979 lllis
2150 3927 2290 3980 enim
2335 3943 2588 3999 perquam
2643 3932 2825 4003 inique
2857 3934 3155 4003 agentibus,
3188 3949 3254 3989 ne
3285 3942 3405 3989 tan-

1881 4010 2050 4064 tillum
2085 4014 2297 4080 quidem
2329 4016 2496 4086 legem
2519 4020 2733 4075 violavi.

1947 4100 2104 4154 Vens.
2135 4101 2222 4156 55.
2254 4102 2483 4171 Deiectio
2519 4109 2681 4160 tenuit
2707 4124 2787 4161 me
2812 4124 2907 4176 pro
2937 4110 3288 4176 peccatoribus
3314 4111 3403 4162 de-

219 4180 730 4248 ταλιμπανόντων
754 4178 857 4230 τὸν
886 4181 1069 4245 νόμον
1102 4196 1234 4246 σου,
1261 4200 1314 4234 κ.
1345 4201 1395 4236 τ.
1424 4187 1468 4236 ἐ.
1518 4186 1636 4240 Ἐπὶ
1670 4188 1776 4242 τῶν

1903 4187 2276 4257 elinguentibus
2322 4192 2482 4263 legem
2531 4205 2716 4263 tuam,
2747 4205 2849 4251 etc.
2902 4198 3044 4253 inter
3096 4208 3402 4267 peccatores

220 4261 580 4333 ἁμαρτωλῶν
617 4264 663 4313 οἱ
714 4263 809 4330 μὲν
851 4263 1060 4331 ἀνόμως
1103 4266 1483 4335 ἁμαρτάνουσι,
1523 4272 1600 4340 τῷ
1644 4274 1776 4343 μηδὲ

1908 4275 1961 4328 iii
1994 4277 2206 4343 quidem
2253 4261 2384 4336 sine
2402 4282 2515 4352 lege
2564 4261 2826 4352 peccant,
2878 4288 3020 4355 quod
3058 4261 3276 4342 omnino
3326 4287 3403 4342 le-

215 4354 327 4423 τὴν
378 4349 553 4419 ἀρχὴν
585 4349 898 4420 πειραθῆναι
938 4352 1146 4421 νόμων
1192 4356 1241 4406 οἱ
1283 4355 1339 4409 δὲ
1388 4359 1445 4411 ἐν
1489 4359 1655 4429 νόμῳ,
1698 4362 1772 4431 τῷ

1903 4380 1996 4423 tum
2038 4377 2284 4435 expertes
2311 4349 2552 4437 fuerint;
2586 4372 2676 4426 alii
2708 4388 2836 4428 vero
2865 4375 2917 4427 in
2953 4375 3087 4444 lege,
3122 4375 3266 4431 illam
3293 4377 3403 4432 vio-

215 4438 593 4509 παρασαίνειν
624 4438 799 4491 αὐτόν.

1903 4455 2049 4505 sudo.

301 4527 520 4581 Ψαλτὰ
558 4522 718 4593 ἦσάν
753 4544 851 4594 μοι
881 4529 952 4581 τὰ
985 4525 1334 4599 δικαιώματά
1363 4549 1496 4599 σου,
1524 4538 1592 4589 ἐν
1618 4540 1776 4610 τόπῳ

1948 4540 2109 4598 Vens.
2155 4544 2242 4597 54.
2284 4548 2579 4601 Cantabites
2629 4550 2758 4603 mihi
2809 4560 2953 4605 erant
2997 4553 3399 4620 justi/icationes

211 4615 542 4683 παροικίας
568 4631 706 4680 μου,
744 4632 797 4666 κ.
830 4633 879 4667 τ.
925 4620 971 4669 ἐ.
1004 4621 1174 4674 Τόπον
1214 4626 1495 4692 παροικίας
1522 4628 1611 4679 τὸν
1639 4646 1776 4699 παρ-

1903 4647 1972 4683 ra:
2001 4632 2052 4684 in
2091 4631 2203 4685 loco
2236 4636 2665 4704 peregrinationis
2704 4654 2848 4702 mete,
2876 4615 3209 4696 etc.'Locum
3243 4657 3399 4707 pere-

209 4703 355 4755 όντα
404 4699 517 4767 βίον
560 4699 710 4768 φησὶ,
755 4702 891 4755 κατά
934 4704 1016 4767 τὸ,
1073 4725 1091 4756 s
1161 4709 1612 4781 Ὀμολογήσαντες
1636 4754 1650 4780 ,
1693 4719 1771 4771 ὅτι

1904 4718 2184 4773 rinationis
2225 4699 2457 4789 appellat
2504 4724 2670 4778 vitam
2726 4699 3082 4794 praesentem,
3132 4699 3283 4796 juxt-a
3327 4729 3394 4782 il-

213 4788 371 4852 ξένοι
403 4786 495 4837 καὶ
522 4786 883 4855 παρεπίδημοί
911 4793 1045 4844 εἰσιν
1089 4796 1179 4847 ἐπὶ
1204 4798 1298 4866 τῆς
1328 4801 1447 4868 γῆς.
1487 4820 1505 4853 ι
1544 4803 1769 4859 Ψάλλων

1903 4805 1952 4856 id
2004 4805 2093 4857 ”:
2135 4824 2155 4858 ι
2207 4786 2532 4866 Conﬁtentes
2568 4814 2692 4882 quia
2726 4786 3006 4885 peregrini
3056 4786 3395 4884 et'hospit'es

164 4878 169 4883 ’
210 4874 315 4929 οὖν
342 4874 413 4925 τὰ
438 4872 775 4942 δικαιώματά
804 4892 894 4928 σου
921 4880 1309 4954 ηὐφραινόμην,
1337 4889 1428 4940 καὶ
1450 4891 1483 4959 ἡ
1514 4891 1771 4963 ἐπιθυμία

1903 4899 1984 4943 aut
2026 4906 2188 4959 super
2219 4903 2441 4951 terram.
2484 4917 2505 4950 a
2550 4872 2791 4957 Psallens
2818 4872 3000 4971 itaque
3049 4872 3389 4968 iustiﬁcatio-

205 4963 320 5031 τῆς
356 4960 574 5030 ἐντολῆς
607 4962 725 5015 οὐδὲ
748 4963 824 5032 τῷ
855 4963 1002 5035 ὕπνῳ
1026 4968 1205 5039 χώραν
1236 4974 1423 5028 ἐδίδου.
1677 4960 1687 4963 ⁷

1903 4993 1957 5032 es
1998 4989 2132 5044 tuas,
2185 4986 2509 5053 recreabar,
2571 4998 2627 5042 et
2674 4960 2928 5044 mandati.
2952 4989 3272 5044 desiderium
3322 5002 3393 5044 ne

1859 5085 2045 5127 somno
2076 5076 2290 5143 quidem
2327 5078 2497 5133 locum
2535 5082 2717 5137 dabat.

305 5130 651 5199 Ἐμνήσθην
676 5133 745 5185 ἐν
768 5136 937 5189 νυκτὶ
959 5137 1064 5190 τοῦ
1089 5141 1371 5209 ὀνόματός
1396 5163 1529 5212 σου,
1559 5167 1612 5202 κ.
1638 5167 1689 5203 τ.
1713 5154 1761 5206 ἑ.

1930 5130 2105 5215 Vens:
2127 5162 2216 5218 55.
2269 5130 2600 5232 Alcinoi-"lui
2606 5130 2856 5218 1'5"..an
2883 5163 3104 5215 nominis
3149 5164 3249 5224 tui.
3278 5170 3389 5221 etc.

206 5220 397 5276 Παντὶ
430 5219 525 5306 μέν
560 5220 732 5289 καιρῷ
765 5221 1029 5293 χρῄζομεν
1053 5227 1151 5295 τῆς
1189 5232 1403 5301 μνήμης
1437 5235 1543 5288 τῶν
1573 5237 1763 5306 λογίων

203 5307 313 5363 τοῦ
352 5305 508 5367 Θεοῦ,
547 5307 774 5375 μάλιστα
815 5309 871 5360 δὲ
897 5311 983 5363 ὅτε
1017 5314 1201 5375 σκότος
1232 5316 1409 5387 κύκλῳ
1441 5338 1560 5388 μου,
1590 5327 1681 5379 καὶ
1711 5329 1759 5379 οἱ

201 5390 390 5461 τοῖχοι
433 5407 499 5458 με
530 5391 903 5460 καλύπτουσιν,
941 5398 1027 5450 ὅτε
1067 5401 1362 5471 εἰσέρχεται
1395 5409 1427 5476 ή
1459 5410 1760 5484 ἀκάθαρτος

203 5477 503 5540 ἐπιθυμία,
552 5479 646 5530 καὶ
687 5484 939 5552 ταράσσει
990 5488 1049 5540 τὸ
1088 5491 1426 5559 ἡγεμονικόν.
1478 5500 1605 5553 Τότε
1640 5477 1757 5577 ’γὰρ

280 5591 333 5625 ³⁸
363 5589 527 5645 Hebr.
556 5608 635 5657 χι,
662 5593 746 5648 l5.

1859 5244 2011 5301 Omni
2057 5251 2272 5318 quidem
2333 5260 2569 5318 tempore
2620 5252 2918 5320 indigemus
2964 5250 3223 5303 memoria
3278 5251 3393 5306 elo-

1856 5336 2100 5403 quiorum
2140 5340 2255 5402 Dei,
2296 5339 2522 5391 maxime
2568 5353 2698 5393 vero
2742 5354 2861 5393 cum
2911 5338 3145 5390 tenebrae
3194 5339 3249 5392 in
3283 5341 3393 5394 cir-

1856 5424 1998 5477 cuitu
2031 5441 2149 5480 meo
2180 5433 2335 5489 sunt,
2360 5435 2414 5477 et
2454 5425 2592 5477 muri
2628 5441 2715 5481 me
2741 5431 3048 5492 contegunt,
3070 5426 3286 5489 quando
3311 5428 3393 5481 in-

1854 5514 1993 5582 gruit
2026 5515 2234 5584 impura
2275 5511 2736 5581 concupiscentia,
2756 5524 2810 5571 et
2850 5510 3169 5578 superiorem
3202 5513 3395 5568 animas
