3884 6252
101 11 340 41 ῃ

192 252 221 305 ‘l
236 254 357 309 60!

1136 262 1432 320 SELECTA
1465 266 1531 319 lN
1564 265 1890 322 PSALMOS.
1921 301 1989 311 -—
2024 270 2213 327 PSAL.
2238 273 2463 335 CXVIII.

3279 281 3415 340 1602

187 361 277 433 ἧν
315 367 412 421 ὅτε
450 369 550 423 οὐκ
574 366 641 442 ἦν
670 374 850 444 τυρὸς,
887 376 1054 439 οὕτως
1091 379 1138 430 οι
1177 379 1422 448 δαιμονες
1458 376 1597 450 ἦσάν
1621 398 1744 435 ποτε

1874 384 2087 436 modum
2134 400 2320 441 caseus
2360 396 2496 453 erat,
2528 387 2742 456 quando
2774 403 2879 444 non
2913 392 3036 443 erat
3073 404 3284 460 caseus,
3331 398 3408 451 sic

187 455 304 541 ᾇτε
339 457 445 511 οὐκ
481 455 620 527 ἦσαν
652 465 894 533 πονηροί.
926 466 987 517 El
1025 466 1081 518 δὲ
1131 467 1191 518 τὸ
1229 468 1365 536 γάλα
1410 470 1769 541 πρεσϐύτερόν

185 540 333 595 ἔπι
386 547 485 599 τοῦ
517 549 702 618 τυροῦ,
746 551 980 619 δηλονότι
1022 555 1113 606 καὶ⁸
1151 557 1183 626 ἡ
1226 557 1388 628 ἀρετὴ
1436 540 1771 629 πρεσϐυτέρα

181 632 314 700 τῆς
350 636 554 701 κακίας
583 640 745 692 ἐστίν·
781 643 930 712 τυρῷ
958 645 1064 714 γὰρ
1096 646 1253 702 Δαυῖδ
1276 648 1373 718 τὴν
1402 650 1596 702 κακίαν
1618 651 1770 702 ἀπεί-

185 734 279 771 κα
294 738 415 778 σεν.

301 810 554 879 Ἀταθόν
568 833 669 881 μοι
696 817 781 869 ὅτι
810 818 1206 888 ἐταπείνωσάς
1221 841 1314 891 με,
1341 825 1495 892 ὅπως
1521 828 1598 881 ἂν
1608 829 1770 896 μάθω

190 897 289 950 τὰ
324 900 692 971 δικαιώματά
717 922 851 970 σου,
884 926 938 962 κ.
970 928 1018 962 τ.
1054 913 1100 964 ὲ.
1146 913 1285 967 Ὠσεὶ
1312 916 1509 984 ἔλεγεν·
1556 919 1771 972 Εὐδοκῶ

190 984 271 1039 ὲν
299 988 635 1058 ἀσθενείαις,
663 997 718 1048 ὲν
743 996 977 1066 ὕϐρεσιν,
1008 1002 1064 1054 ὲν
1096 1003 1374 1071 ἀνάγκαις,
1411 1008 1466 1059 ὲν
1493 1006 1765 1077 διωγμοῖς,

198 1077 271 1128 ὲν
304 1083 712 1151 στενοχωρίαις,
751 1086 927 1149 ’Ἄξιος
953 1090 1177 1159 ὀφθῆναι
1207 1093 1313 1145 τῶν
1339 1094 1446 1146 σῶν
1474 1096 1767 1167 δικαιωμάφ

192 1183 327 1221 των
352 1171 515 1235 αἰτῶ,
549 1172 692 1243 ειπερ
716 1176 813 1226 οὐκ
841 1175 982 1228 ἔστιν
1005 1179 1173 1243 ἄλλως
1200 1183 1404 1250 μαθεῖν.

270 1337 797 1406 Αίσχυνθήτωσαν
838 1347 1220 1415 ὑπερήφανοι,
1261 1350 1348 1403 ὅτι
1375 1352 1587 1418 ἀδίκως
1625 1355 1764 1422 ἡνό-

185 1441 430 1513 μησαν
450 1431 541 1494 είς
568 1432 689 1499 ἐμὲ,
719 1451 771 1486 κ.
801 1452 851 1487 τ.
888 1437 934 1488 ἑ.
978 1438 1040 1489 Ἠ
1063 1440 1283 1509 αἰσχύνη
1317 1443 1394 1503 εἰς
1422 1442 1765 1513 συναίσθησιν

191 1512 472 1581 πέφυκεν
499 1516 651 1584 ἄγειν
681 1520 769 1571 τὸν
791 1522 1182 1592 ἁμαρτάνοντα.

294 1601 864 1673 Ἐπιστρεψάτωσάν
905 1629 1003 1678 μοι
1067 1615 1121 1665 οἱ
1162 1616 1511 1684 φοϐούμενοί
1544 1630 1616 1670 σε
1666 1619 1759 1671 καὶ

1873 470 2140 527 ilaemones
2172 474 2461 541 aliquando
2488 484 2662 542 erant,
2692 479 2903 545 quando
2927 491 3036 531 non
3060 492 3218 537 erant
3252 486 3400 539 mali.

1872 557 1926 609 Si
1957 573 2084 612 vero
2108 559 2189 612 lac
2215 561 2484 628 antiquius
2510 572 2590 615 est
2622 577 2777 618 caseo
2795 604 2810 628 ,
2840 566 2919 619 ita
2940 564 3187 623 videlicet
3207 579 3262 625 et
3291 571 3399 625 vir~

1872 653 1959 700 tus
1985 648 2254 715 antiquior
2285 657 2368 703 est
2413 651 2638 703 malitia.
2671 651 2837 708 Caseo
2879 656 3019 708 enim
3055 656 3217 713 David
3241 659 3399 714 mali-

1872 734 1997 786 tiam
2025 736 2360 790 assimilavit.

1939 821 2101 875 Vens.
2129 821 2213 878 7i.
2242 822 2445 876 Bonum
2470 823 2594 876 mihi
2622 827 2741 894 quia
2770 829 3059 885 humiliarti
3081 849 3160 887 me
3184 873 3200 899 ,
3224 845 3279 891 ut
3313 838 3395 891 di-

1867 926 2005 963 scam
2030 911 2431 979 justiﬁratioues
2474 927 2612 979 tuas,
2640 926 2745 971 etc.
2773 917 2935 982 Quasi
2963 921 3161 977 diceret
3190 942 3204 978 :
3236 926 3397 979 Com-

1866 995 2049 1063 placeo
2079 999 2206 1051 mihi
2236 998 2290 1051 in
2317 1000 2733 1065 infirmitatibus,
2758 1004 2811 1057 in
2847 1011 3199 1074 contumeliis,
3218 1011 3268 1063 in
3300 1026 3369 1067 ne

1865 1084 2227 1148 ecssitatibus,
2263 1087 2314 1140 in
2339 1091 2811 1154 persecutionibus.
2839 1092 3002 1163 804
3031 1094 3082 1145 in
3110 1098 3387 1163 angustiis.

1865 1170 2058 1225 Precor
2091 1182 2149 1225 ut
2181 1174 2284 1228 tuis
2333 1190 2614 1243 appaream
2648 1179 2837 1244 dignus
2881 1178 3386 1247 justiﬁeationibus,

1864 1274 1996 1327 quas
2021 1262 2236 1328 quidem
2273 1278 2375 1316 non
2400 1264 2555 1317 aliter
2588 1265 2792 1318 discere
2822 1276 2919 1323 est.

1929 1350 2089 1405 Vens.
2118 1352 2204 1405 78.
2244 1351 2644 1421 Confundantur
2670 1358 2895 1424 superbi,
2926 1359 3049 1426 quia
3077 1359 3264 1428 injuste
3286 1362 3391 1416 ini—

1861 1440 2109 1508 quitatem
2148 1442 2377 1505 fecerunt
2428 1445 2481 1496 in
2512 1461 2609 1507 me,
2658 1457 2764 1498 etc.
2795 1446 3048 1501 Confusio
3075 1460 3387 1518 peccantem

1863 1527 1928 1579 ad
1963 1528 2044 1581 sui
2075 1544 2287 1581 sensum
2317 1532 2451 1584 solet
2475 1534 2759 1587 adducere.

1935 1616 2093 1670 Vnus.
2119 1618 2203 1671 79.
2250 1619 2626 1673 Convertuntur
2666 1622 2791 1674 milii
2844 1624 3078 1679 timentes
3110 1635 3179 1692 te,
3217 1637 3266 1680 el
3298 1630 3386 1697 qui

190 1689 257 1739 οἱ
303 1690 709 1759 γινώσκοντες
740 1697 810 1750 τὰ
850 1701 1135 1766 μαρτύριά
1166 1717 1300 1766 σου,
1332 1721 1384 1756 κ.
1435 1722 1482 1757 τ.
1514 1707 1561 1759 ὲ.
1616 1708 1744 1759 Ἐπι-

1864 1714 2110 1755 noverunt
2138 1706 2431 1758 testimonia
2466 1714 2554 1759 tua
2581 1747 2597 1772 ,
2640 1718 2748 1761 etc.
2782 1708 2878 1774 Qui
2910 1711 3169 1777 ejusmodi
3213 1725 3337 1770 sunt
3368 1753 3385 1780 ,

193 1778 453 1847 στρέψαι
486 1783 620 1851 πρὸς
637 1785 793 1837 αὐτὸν
818 1788 909 1839 καὶ
939 1791 1328 1858 παραγενέσθαι
1352 1793 1475 1856 τοὺς
1497 1795 1760 1859 τοιούτους

188 1866 377 1929 αἰτεῖ,
408 1867 489 1928 ὡς
511 1868 577 1920 ἂν
605 1871 782 1933 αὐτοῖς
802 1873 899 1940 τῆς
924 1875 982 1926 ὲν
1006 1874 1150 1944 αὐτῷ
1176 1878 1421 1951 μεταδοίη
1456 1881 1687 1951 χάριτος.

266 1954 609 2020 Γενηθήτω
636 1958 674 2022 ἡ
723 1960 932 2023 καρδία
977 1980 1093 2029 μου
1139 1963 1370 2033 ἄμωμος
1411 1968 1479 2020 ἐν
1508 1969 1628 2034 τοῖς
1672 1970 1755 2023 δι-

183 2041 516 2111 καιώμασί
548 2058 681 2106 σου,
719 2046 874 2111 ὅπως
911 2048 986 2101 ἂν
1016 2050 1102 2118 μὴ
1152 2055 1467 2121 alatur-0&3,
1515 2074 1566 2109 κ.
1608 2075 1657 2110 τ.
1708 2061 1752 2113 ὲ.

196 2128 303 2190 Ὠς
348 2132 526 2199 μήπω
555 2131 689 2200 ἔχων
722 2136 864 2186 αἰτεῖ
892 2138 1027 2191 κατὰ
1053 2139 1131 2201 τὸ,
1177 2159 1196 2191 t
1249 2143 1483 2212 Καρδίαν
1520 2145 1756 2215 καθαρὰν

180 2219 403 2271 κτίσον
431 2222 492 2271 ὲν
524 2222 663 2289 ἐμοὶ,
687 2225 713 2275 ὁ
741 2224 886 2287 Θεός.
923 2245 941 2276 ι
972 2229 1076 2280 Καὶ
1108 2230 1222 2293 πῶς
1258 2249 1277 2282 t
1306 2232 1529 2302 ἄμωμος
1558 2254 1576 2286 ι
1608 2236 1755 2289 ἔσται

176 2306 217 2376 ἢ
260 2308 433 2361 κατὰ
477 2310 601 2372 τοὺς
640 2311 849 2376 λοιποὺς
895 2333 913 2364 t
949 2317 1154 2381 τελεία;
1182 2338 1213 2370 .›
1277 2322 1595 2393 Ἐπήγαγεν,
1646 2343 1665 2375 t
1699 2312 1755 2378 ἓν

179 2400 316 2458 τοῖς
354 2397 687 2467 δικαιώμασί
719 2417 829 2455 σου.
867 2422 885 2455 ι
919 2406 1100 2476 Τούτῳ
1124 2408 1178 2460 δὲ
1202 2410 1262 2462 τὸ
1294 2412 1365 2479 μὴ
1409 2414 1753 2484 αἰσχυνθῆναι

181 2484 523 2537 ἀκολουθεῖ’
548 2488 803 2559 αἰσχύνης
826 2491 930 2561 γὰρ
956 2493 1099 2559 ἄξιον
1125 2499 1229 2549 πᾶν
1258 2500 1551 2570 ἁμάρτημα
1574 2541 1588 2555 .

278 2650 615 2714 Ἐξέλιπον
639 2656 692 2707 οἱ
717 2657 1004 2727 ὀφθαλμοί
1022 2680 1140 2729 μου
1168 2667 1255 2730 εἰς
1290 2667 1354 2719 τὸ
1374 2670 1580 2737 λόγιόν
1614 2687 1747 2741 σου,

181 2739 516 2809 λέγοντες·
561 2744 709 2797 Πότε
746 2748 1174 2816 παρακαλέσας
1191 2770 1301 2819 pe;
1331 2772 1382 2808 κ.
1410 2773 1459 2808 τ.
1490 2760 1536 2810 ὲ.
1572 2739 1753 2832 Παράέ-

182 2828 404 2899 κλησίς
437 2831 581 2884 ἐστιν
604 2834 636 2901 ὴ
669 2833 961 2900 ἀνάπαυσις
981 2838 1152 2909 ψυχῆς
1179 2842 1283 2895 ἀπὸ
1306 2845 1496 2899 πόνων.

264 2917 403 2968 Ὅτι
432 2916 721 2987 ἐγενήθην
749 2923 828 2987 ὡς
849 2925 1034 2990 ἀσκὸς
1060 2928 1130 2979 ἐν
1156 2930 1372 2999 πάχνη,
1402 2950 1456 2987 κ.
1490 2954 1540 2988 τ.
1577 2939 1620 2990 ἐ.
1645 2940 1747 2992 Εὑ-

1861 1803 1955 1842 eos
1982 1791 2047 1843 ad
2092 1804 2150 1844 se
2191 1794 2426 1845 converti
2455 1803 2508 1847 et
2545 1796 2800 1849 accedere
2845 1799 3001 1864 petit,
3046 1808 3384 1870 uteamquze

1859 1878 1957 1931 sibi
1987 1878 2144 1942 inest,
2175 1881 2398 1947 gratiam
2428 1897 2548 1934 cum
2580 1884 2706 1951 ipsis
2731 1888 3104 1941 communicet.

1921 1965 2083 2021 Vens.
2110 1969 2196 2023 80.
2229 1967 2355 2022 Fiat
2378 1985 2466 2022 cor
2494 1986 2659 2023 meum
2682 1973 3067 2029 immaculatum
3095 1978 3149 2029 in
3180 1977 3381 2047 justiﬁ-

1856 2053 2142 2107 cationibus
2172 2055 2355 2115 luis,ut
2382 2070 2481 2107 non
2507 2055 2815 2123 confundor,
2847 2067 2958 2114 etc.
2987 2059 3262 2129 Tanquam
3287 2063 3380 2131 qui

1857 2142 2089 2195 nondum
2119 2143 2243 2195 illud
2276 2143 2488 2207 habeat,
2531 2146 2971 2213 precatur,juxta
3006 2149 3177 2203 illud:
3217 2166 3237 2201 ι
3274 2149 3380 2206 Cor

1855 2232 2104 2284 mundum
2139 2247 2259 2285 crea
2287 2232 2339 2285 in
2371 2246 2474 2297 me,
2504 2233 2640 2286 Deus
2665 2234 2729 2285 ³⁸.
2764 2253 2782 2285 ι
2823 2235 2887 2289 Ει
2918 2240 3183 2304 quomodo
3216 2258 3235 2291 ι
3272 2240 3344 2294 im
3362 2271 3377 2283 -ο

1854 2318 2178 2370 maculatum
2231 2336 2251 2369 ι
2294 2319 2420 2381 erit,
2453 2320 2532 2373 vel
2571 2322 2722 2388 juxta
2769 2316 2999 2392 reliquos
3028 2325 3375 2396 interpretes,

1857 2422 1877 2453 α
1940 2404 2285 2472 perfectum?
2346 2424 2366 2458 ι
2413 2405 2671 2471 Addidit,
2724 2427 2744 2459 ι
2807 2409 2861 2463 in
2908 2410 3376 2478 justiticatiouihus

1853 2492 1979 2545 tuis.
2032 2509 2052 2542 ι
2106 2492 2241 2548 Hinc
2283 2496 2341 2548 lit
2387 2504 2445 2550 ut
2472 2495 2709 2551 confusio
2739 2513 2842 2552 non
2874 2509 3146 2569 sequatur.
3179 2503 3377 2559 Confu-

1850 2582 1998 2636 sione
2028 2584 2167 2637 enim
2193 2584 2406 2653 dignum
2437 2595 2520 2641 est
2552 2602 2708 2643 omne
2740 2598 3016 2659 peccatum

1919 2671 2080 2725 Vsus.
2110 2672 2198 2727 82.
2240 2673 2544 2741 Defecerunt
2575 2677 2708 2729 oculi
2732 2679 2830 2732 mei
2854 2681 2908 2733 in
2943 2680 3199 2747 eloquium
3223 2691 3367 2738 tuum

1849 2759 2096 2823 dicentes,
2116 2761 2337 2826 Quando
2364 2764 2708 2821 consolaberiz
2733 2784 2812 2821 me
2839 2769 2865 2823 7
2913 2777 3017 2824 etc.
3064 2770 3369 2827 Consolatio

1849 2858 1933 2901 est
1958 2849 2167 2915 requies
2191 2852 2380 2904 animae
2403 2867 2431 2904 a
2463 2853 2749 2911 laboribus.

1922 2939 2082 2994 Vens.
2106 2939 2194 2996 83.
2226 2940 2362 3006 Quia
2395 2943 2564 3010 factus
2602 2961 2715 2998 tum
2746 2947 2876 2999 sicut
2915 2958 3028 3001 uter
3056 2949 3111 3003 in
3139 2952 3369 3018 pruina,

186 3007 399 3076 ρήσεις
450 3006 712 3077 πολλαχοῦ
750 3012 850 3107 τῆς
895 3015 1110 3099 Γραφῆς
1159 3021 1641 3093 τροπολογουμενον
1684 3030 1744 3082 τὸ

1848 3037 1947 3084 etc.
1975 3028 2217 3083 Invenies
2242 3030 2550 3099 frequenter
2595 3033 2645 3087 in
2692 3035 2973 3102 Scriptura
3014 3039 3216 3107 tropice
3242 3055 3368 3095 cor-

183 3095 368 3164 σῶμα
389 3095 471 3155 είς
493 3095 674 3150 ἀσκόν.
707 3101 770 3150 ’Ὀ
792 3096 883 3152 οὖν
903 3101 1045 3168 λέγει
1066 3098 1094 3156 ὁ
1116 3105 1312 3170 δίκαιος
1327 3111 1557 3167 τοιοῦτόν
1580 3117 1740 3169 ἐστιν·
1784 3154 1787 3157 ς

195 3183 530 3252 Ἐνέκρωσά
555 3201 654 3252 μου
681 3185 746 3237 τὰ
777 3187 910 3256 μέλη
939 3191 1028 3242 ἐπὶ
1056 3192 1156 3260 τῆς
1176 3196 1294 3264 γῆς’
1318 3197 1413 3268 τὴν
1443 3200 1743 3272 θερμότητα

178 3272 283 3324 τοῦ
327 3270 583 3341 σώματος
622 3273 787 3357 ἐψυξα
822 3277 899 3345 τῷ
929 3277 1053 3349 θείῳ
1082 3281 1241 3353 λόγῳ·
1269 3287 1445 3364 οὐκέτι
1475 3291 1588 3358 εἰμὶ
1621 3270 1742 3363 θερ-

183 3360 294 3429 μὸς
339 3361 484 3448 πρὸς
527 3360 699 3448 ὄρεξιν
741 3364 845 3415 τῶν
890 3368 1027 3421 κατὰ
1075 3370 1170 3440 τὴν
1209 3374 1412 3427 κοιλίαν
1432 3360 1472 3446 ’ἢ
1519 3379 1651 3448 πρὸς
1675 3360 1742 3435 τὰ

179 3445 515 3517 σωματικά·
532 3446 805 3506 ἐνέκοωσα
828 3454 919 3504 καὶ
943 3454 1108 3523 ἔψυξα
1133 3459 1200 3512 τὰ
1228 3461 1359 3532 μέλη
1387 3445 1478 3516 ὲπῖ⁵
1498 3445 1593 3536 τῆς
1617 3469 1738 3536 γῆς.

253 3622 464 3674 Πόσαι
495 3623 652 3675 εἰσὶν
681 3627 741 3678 αἱ
778 3627 985 3694 ἡμέραι
1022 3631 1126 3684 τοῦ
1152 3631 1372 3690 δούλου
1407 3654 1557 3702 σου;
1598 3644 1740 3696 πότε

187 3795 419 3889 Ὄλίγαι
446 3798 554 3869 γὰρ
589 3803 641 3852 at
673 3803 779 3856 τῶν
808 3806 1101 3876 ἀνθρώπων
1132 3813 1331 3883 ἡμέραι
1368 3816 1460 3868 ἐπὶ
1491 3817 1587 3886 τῆς
1613 3821 1734 3889 γῆς,

172 3885 239 3939 ὲν
269 3882 367 3950 αἷς
399 3888 614 3956 εὔχεται
639 3893 842 3960 ταχέως
866 3899 1210 3970 συντριϐῆναι
1241 3882 1329 3959 τὸν
1356 3882 1593 3961 Σατανάν

170 3977 311 4039 τοὺς
345 3978 519 4040 πόδας
540 3980 721 4033 αὐτοῦ.
1080 4050 1087 4055 _
1302 4024 1310 4033 -

254 4067 380 4119 Τοῦ
417 4069 623 4152 αὐτοῦ.
655 4072 829 4125 Πᾶσαι
853 4076 1548 4152 ἀνθρώπωνήμέραιὸλίγαι
1575 4087 1729 4140 εἰσίν.

185 4152 352 4206 Ἐπεὶ
379 4150 477 4207 οὖν
504 4155 678 4223 ὀλίγον
718 4162 904 4230 χρόνον
935 4164 1010 4227 ζῶ
1037 4167 1128 4220 ἐπὶ
1154 4150 1285 4239 γῆς,
1318 4150 1569 4244 βούλομαι
1605 4177 1731 4229 ἰδεῖν

1842 3133 1937 3185 pus
1961 3118 2062 3171 dici
2091 3127 2283 3172 utrem.
2314 3120 2461 3185 Quod
2488 3121 2757 3190 igiturhic
2781 3124 2957 3190 justus
2984 3127 3078 3191 ait,
3104 3137 3188 3182 est
3219 3128 3367 3196 eius-

1842 3205 1980 3259 modi
2018 3222 2032 3257 :
2080 3203 2388 3261 Mortiﬁcavi
2437 3210 2668 3263 membra
2714 3227 2828 3264 mea
2854 3251 2870 3277 ,
2900 3227 3017 3280 quae
3060 3224 3184 3268 sunt
3209 3230 3370 3284 super

1841 3301 2038 3347 terram
2067 3309 2082 3357 ;
2114 3296 2355 3359 corporis
2377 3295 2605 3349 calorem
2644 3298 2825 3351 divino
2874 3301 3035 3353 verbo
3085 3302 3370 3370 refrigera-

1838 3383 1922 3447 vi;
1962 3398 2064 3435 non
2094 3384 2321 3452 amplius
2355 3386 2504 3437 caleo
2554 3384 2621 3437 ad
2667 3387 2905 3448 ventris,
2951 3388 3031 3440 vel
3066 3389 3130 3440 ad
3185 3382 3403 3442 rerum'

1837 3472 2137 3524 carnalium
2196 3472 2523 3542 appetitum;
2571 3473 2889 3526 mortiﬁcavi
2948 3484 3004 3527 et
3052 3474 3366 3544 .‘el’rigeravi

1839 3562 2074 3615 membra
2111 3577 2226 3615 mea
2257 3576 2375 3630 quae
2396 3570 2519 3614 sunt
2544 3576 2702 3628 super
2735 3570 2950 3615 terram.

1906 3648 2065 3702 Vens.
2096 3649 2183 3702 84.
2217 3648 2355 3712 Quot
2377 3658 2493 3702 sunt
2517 3650 2625 3702 dies
2653 3650 2785 3702 servi
2810 3650 2887 3701 tui
2913 3652 2938 3705 γ
2962 3651 3170 3719 quando
3200 3652 3360 3719 facies

1721 3773 1733 3787 .
1834 3737 1897 3789 de
1943 3736 2361 3805 persequentibus
2407 3750 2488 3788 me
2526 3735 2834 3802 judicium?
2872 3749 2975 3792 etc.
3006 3736 3167 3793 Pauci
3214 3741 3358 3793 enim

1834 3824 2108 3879 hominum
2139 3828 2253 3882 dies
2288 3836 2412 3881 sunt
2433 3842 2592 3895 super
2621 3836 2833 3887 terram,
2865 3827 2918 3880 in
2945 3827 3138 3894 quibus
3167 3842 3354 3895 preca-

1835 3925 1921 3971 tur
1951 3917 2201 3972 Satanam
2231 3919 2339 3973 cito
2371 3919 2577 3974 conteri
2607 3921 2706 3973 sub
2729 3918 2949 3988 pedibus
2990 3919 3123 3988 ejus,

1896 4087 2165 4157 Ejusdem.
2198 4089 2395 4146 Omnes
2421 4091 2535 4146 dies
2588 4090 2802 4145 humani
2846 4090 2998 4160 pauci
3043 4098 3189 4146 sunt.
3212 4089 3350 4145 Cum

1828 4177 1990 4246 igitur
2017 4179 2207 4247 exiguo
2237 4188 2475 4249 tempore
2516 4181 2689 4235 vivam
2725 4196 2882 4249 supra
2932 4190 3127 4236 terram
3151 4219 3169 4242 ,
3193 4182 3351 4251 cupio

171 4243 309 4306 τοὺς
346 4245 781 4341 καταδιιῦκοντάς
811 4267 877 4319 με
906 4257 1270 4325 κρινομένους,
1304 4262 1395 4313 καὶ
1432 4265 1728 4333 παρακαλῶ

1848 4269 2006 4325 νίιιθτο
2041 4281 2410 4338 persecutores
2439 4285 2585 4326 meos
2610 4270 2898 4339 iudicatos,
2933 4280 2987 4325 et
3033 4286 3160 4341 rogo
3202 4279 3253 4324 te
3280 4286 3349 4325 ne

173 4344 237 4380 σε
276 4330 358 4400 μὴ
393 4330 741 4400 ὑπερθέσθαι.
774 4338 926 4402 Τίνες
949 4341 1006 4393 δέ
1033 4344 1168 4397 εἰσιν
1190 4348 1239 4399 οἱ
1267 4350 1394 4418 περὶ
1413 4343 1485 4402 ὧν
1510 4330 1726 4421 εὔχεται

1848 4330 2060 4413 litl'eras.
2086 4360 2311 4425 Quinam
2342 4375 2470 4414 vero
2502 4359 2577 4414 illi
2605 4330 2729 4414 sunt
2752 4359 2817 4412 de
2839 4330 3032 4426 quibus
3059 4330 3206 4428 optat
3230 4359 3344 4413 ﬁeri

172 4417 265 4470 ἵνα
322 4418 551 4487 γένηται
595 4423 681 4473 ἐπ’
721 4424 913 4488 αὐτοὺς
949 4430 1162 4499 κρίσις;
1201 4435 1263 4487 Οί
1310 4417 1725 4504 καταδιώκοντες

167 4509 328 4576 ἡμᾶς
361 4510 607 4573 Σατανᾶς
642 4529 702 4564 τε
723 4516 815 4566 καὶ
843 4517 911 4568 τὰ
950 4524 1286 4592 πνευματικὰ
1312 4526 1408 4596 τῆς
1443 4530 1721 4600 πονηρίας.

170 4596 351 4654 Ὅταν
385 4601 446 4653 δὲ
477 4603 622 4671 ἡμᾶς
647 4603 739 4655 καὶ
777 4605 1053 4677 ἄνθρωπος
1082 4612 1210 4681 δοκῇ
1245 4596 1611 4684 καταδιώκειν,
1645 4620 1720 4689 τῷ

168 4689 789 4776 πρώτωςῌκαταδιώκειν
817 4696 913 4747 οὐκ
941 4697 1219 4767 ἄνθρωπός
1255 4704 1421 4766 ἐστιν,
1450 4705 1583 4759 ἀλλὰ
1606 4708 1716 4762 διά·
1746 4772 1753 4776 ν

167 4772 351 4841 ϐολος,
376 4770 440 4830 οὗ
468 4782 706 4850 μιμητής
732 4783 863 4835 ἐστι.

238 4866 618 4936 Διηγιήσαντό
649 4888 749 4938 μοι
807 4874 1130 4944 παράνομοι
1170 4879 1550 4950 ἀδολεσχίας,
1581 4888 1718 4943 ἀλλ’

164 4955 286 5023 οὐχ
315 4955 398 5020 ὡς
442 4957 477 5008 ό
513 4958 692 5024 νόμος
727 4975 860 5025 σου,
900 4979 954 5015 κ.
994 4980 1044 5016 τ.
1089 4965 1135 5016 ὲ.
1190 4968 1257 5017 Ἢ
1291 4970 1419 5031 τοὺς
1454 4973 1718 5043 γραῴδεις

168 5044 376 5111 μύθους
399 5045 507 5098 τῶν
531 5047 789 5102 Ἰουδαίων
807 5052 936 5120 φησὶ
964 5053 1060 5115 τὰς
1078 5054 1437 5123 διδασκαλίας,
1467 5062 1499 5130 ἢ
1528 5065 1620 5116 καὶ
1648 5065 1715 5117 τὰ

163 5130 479 5201 δντάλματα
523 5134 630 5188 τῶν
670 5138 978 5209 ἀνθρώπιον,
1021 5141 1115 5192 καὶ
1165 5142 1262 5205 τὰς
1304 5145 1576 5216 φλυαρίας
1606 5153 1714 5205 τῶν

165 5222 349 5288 σοφῶν
392 5222 486 5276 τοῦ
525 5225 715 5289 αίῶνος
756 5228 952 5280 τούτου.
996 5227 1190 5279 Πολλοὶ
1239 5233 1347 5302 γὰρ
1387 5236 1711 5306 ἑρμηνεύειν

163 5307 498 5380 ἐπιχειροῦσι
525 5313 621 5377 τὰς
655 5315 797 5379 θείας
822 5316 1035 5386 Γραφὰς
1071 5316 1171 5370 καὶ
1195 5320 1301 5376 τῶν
1337 5322 1440 5393 τῆς
1480 5327 1710 5405 Ἐκκλη.

213 5505 261 5537 ⁸⁵
301 5506 439 5562 Psal.
473 5524 525 5574 ι..
566 5509 650 5565 12.

1819 4448 2120 4515 judicium?
2169 4447 2360 4517 Utique
2392 4449 2467 4501 illi
2496 4449 2586 4516 qui
2619 4464 2715 4502 nos
2746 4457 3167 4517 persequuntur,
3189 4447 3343 4503 Satao

1823 4551 1921 4590 nas
1972 4552 2165 4605 nempe
2213 4546 2268 4591 et
2312 4538 2572 4606 spiritalia
2615 4537 2883 4606 nequitiae.
2918 4536 3139 4602 Quando
3168 4545 3343 4591 autem

1825 4626 1989 4679 etiam
2038 4626 2198 4680 homo
2246 4640 2344 4681 nos
2375 4628 2615 4695 persequi
2666 4627 2809 4679 visus
2850 4624 3049 4689 fuerit,
3102 4627 3202 4681 hoc
3230 4626 3344 4693 ipso

1820 4714 1960 4782 quod
1992 4714 2136 4780 prior
2157 4717 2512 4783 persequitur,
2532 4716 2640 4782 jam
2665 4731 2767 4769 non
2804 4724 2886 4768 est
2914 4715 3093 4781 homo,
3119 4715 3211 4769 sed
3235 4714 3345 4768 dia-

1818 4803 1990 4867 holus,
2017 4804 2169 4869 cujus
2199 4804 2478 4857 aemulator
2511 4813 2608 4858 est.

1899 4892 2059 4946 Vens.
2085 4893 2174 4948 85.
2213 4892 2567 4946 Nat-raserunt
2611 4895 2738 4946 nti/ti
2778 4893 2936 4961 iniqui
2970 4890 3335 4958 fabulationes,

1814 4984 1905 5035 sed
1934 4996 2038 5035 non
2069 4990 2125 5034 ut
2160 4982 2244 5035 lea:
2270 4990 2360 5035 tua
2385 5018 2404 5046 ,
2439 4993 2545 5036 etc.
2583 4982 2674 5035 Vel
2720 4980 2887 5033 aniles
2928 4978 3136 5030 fabulas
3182 4982 3338 5027 vocat

1814 5068 2085 5121 doctrinas
2112 5067 2433 5133 Judteorum,
2453 5070 2533 5123 vel
2563 5071 2720 5124 etiam
2750 5075 3009 5135 prtecepta
3039 5066 3332 5126 hominum,

1814 5163 1866 5208 et
1895 5171 2063 5225 nugas
2084 5158 2383 5225 sapientum
2417 5157 2573 5226 liuius
2600 5156 2802 5210 saeculi.
2828 5151 2979 5203 Multi
3029 5151 3174 5204 enim
3226 5159 3336 5205 tam

1814 5244 1906 5311 qui
1939 5249 1991 5297 ln
2042 5245 2277 5300 Ecclesia
2322 5255 2467 5308 sunt,
2500 5259 2660 5311 quam
2692 5240 2782 5308 qui
2808 5248 2980 5301 extra,
3010 5247 3073 5291 ut
3097 5239 3334 5293 haretici

1814 5346 1869 5391 et
1902 5335 2088 5401 Judaei,
2127 5335 2210 5391 vel
2233 5336 2394 5390 etiam
2427 5328 2770 5392 Satnaritani,
2797 5325 3005 5381 divinas
3033 5325 3339 5395 Scriptura:
