3884 6242
142 262 166 314 l
178 262 298 318 605

1094 265 1413 330 SELECTA
1448 274 1513 329 IN
1550 273 1882 331 PSALMOS.
1912 306 1979 319 -
2011 275 2202 332 PSAL.
2248 279 2480 337 CXVIII.

3264 291 3394 345 1606

140 377 370 467 γρᾴφει
388 397 402 410 '
428 400 451 431 ί
495 384 1027 457 Ἐξελευθερωθέντες
1055 382 1167 438 ἀπὸ
1188 391 1286 459 τῆς
1310 394 1574 463 ἁμαρτίας
1600 396 1718 447 ὲδουη

1844 391 1919 444 ait
1942 391 2014 445 ":
2052 410 2070 442 ι
2093 391 2324 446 Liberali
2354 409 2382 446 a
2425 404 2644 462 peccato
2684 389 2843 450 servi
2878 387 3030 453 factis
3057 402 3183 456 estis
3211 404 3334 467 Deo,
3362 421 3381 452 ι

139 463 376 537 λώθητε
416 471 508 539 τῷ
545 473 682 542 Θεῷ,
708 494 725 525 ι
755 476 985 545 δηλονότι
1016 477 1134 526 κατ’
1178 479 1375 550 ἀρετὴν
1407 484 1494 534 καὶ
1527 484 1738 549 γνῶσιν.

143 571 168 603 e
199 555 422 623 Ἔχετε
461 558 568 611 τὸν
606 562 809 631 καρπὸν
836 564 985 632 ὑμῶν
1019 562 1097 625 είς
1130 566 1414 638 ἁγιασμὸν,
1437 570 1496 621 τὸ
1522 569 1575 621 δὲ
1597 571 1744 638 τέλος

139 641 302 711 ζωὴν
330 643 601 701 αἰώνιον.
630 668 647 699 ι
670 651 732 701 Εἰ
755 650 809 702 δὲ
833 651 1067 703 τοιούτου
1092 654 1274 719 τέλους
1300 636 1528 727 *ἄμοιρός
1553 636 1695 712 ἐστιν
1715 664 1744 714 6

141 726 435 811 μύρμηξ,
475 733 732 803 δηλονότι
770 738 861 790 καὶ
897 738 1097 806 ταύτης
1129 741 1226 810 τῆς
1258 726 1515 808 δουλείας.
1551 748 1742 811 Καλῶς

133 810 238 868 οὖν
266 815 578 885 λέγεται.ό
601 823 819 895 μύρμηξ
853 826 924 895 μὴ
956 822 1090 881 εἶναι
1121 830 1222 882 ὑπὸ
1247 831 1576 898 δεσποτείαν,
1604 810 1740 889 κατᾶ

129 903 364 973 ταύτην
400 909 518 978 τὴν
553 910 880 966 δεσποτείαν.

207 994 284 1044 El
309 993 413 1060 μὴ
471 995 577 1049 ὅτι
614 1003 647 1050 ό
683 1003 863 1067 νόμος
897 1017 1011 1056 σου
1039 1006 1256 1073 μελέτη
1280 1010 1398 1075 μοῦ
1431 1011 1579 1073 ἐστι,
1610 1015 1738 1066 τότε

123 1077 217 1130 (ἲν
238 1081 621 1151 ἀπωλόμην
642 1088 710 1139 ἐν
737 1088 808 1155 τῇ
840 1093 1181 1146 ταπεινώσει
1209 1112 1346 1163 μου,
1377 1114 1430 1150 κ.
1458 1115 1507 1150 τ.
1543 1100 1588 1152 ὲ.
1622 1102 1739 1153 Μα-

132 1167 348 1237 κάριον
383 1172 584 1236 ὅντως
607 1176 666 1227 τὸ
688 1177 760 1247 μὴ
779 1180 1069 1234 ἀπολέσθαι
1091 1185 1373 1250 γεγονότας
1404 1188 1460 1238 ὲν
1487 1190 1738 1257 περιστά-

131 1273 321 1350 σεσιν,
361 1257 494 1315 οἷον
533 1266 630 1318 ἐπὶ
665 1270 975 1339 μαρτυρίου.
1012 1272 1072 1323 El
1105 1276 1177 1342 μή
1222 1292 1303 1337 τις
1350 1279 1734 1350 προμελετήσει

130 1345 229 1401 τὸν
264 1350 458 1418 νόμον
494 1352 600 1404 τοῦ
626 1354 779 1419 Θεοῦ,
813 1359 1119 1413 ἀπόλλυται.

205 1437 453 1505 Πάσης
481 1448 841 1511 συντελείας
858 1445 1018 1501 εἶδον
1031 1449 1231 1516 πέραςο
1255 1453 1499 1507 πλατεῖα
1519 1457 1731 1524 ἐντολή

130 1533 259 1608 σου
311 1526 588 1592 σφόδρα
611 1567 625 1591 ,
669 1547 721 1582 κ.
757 1548 804 1583 τ.
842 1534 886 1585 ἑ.
925 1534 1094 1606 ’Υπὲρ
1142 1539 1345 1601 πάντας
1384 1541 1509 1604 τοὺς
1541 1543 1734 1608 ἔξωθεν

133 1606 346 1674 λόγους
383 1616 441 1665 οἱ
507 1615 659 1683 λόγοι
714 1618 818 1673 τῶν
865 1623 1086 1676 ἐντολῶν
1122 1624 1214 1678 τοῦ
1248 1627 1380 1680 Θεοῦ
1414 1631 1731 1688 πλατύνουσι

132 1697 540 1769 καθαίροντες
571 1706 669 1776 τὴν
703 1708 894 1779 ψυχήν.

225 1785 336 1878 ’ρς
372 1791 685 1859 ἠγάπησα
717 1795 821 1849 τὸν
850 1801 1033 1865 νόμον
1057 1816 1191 1865 σου,
1217 1805 1409 1871 Κύριε·
1444 1807 1594 1876 ὅλην
1624 1811 1736 1878 τὴν

134 1873 392 1941 ἡμέραν
417 1881 658 1948 μελέτη
691 1901 808 1951 μου
835 1886 1021 1949 ἐστιν,
1069 1907 1118 1941 κ.
1151 1908 1201 1942 τ.
1237 1893 1281 1943 έ.
1309 1873 1606 1950 Μελετᾶται
1647 1873 1732 1953 νό-

138 1980 245 2030 μος
280 1967 400 2019 οὐκ
440 1968 509 2021 ἐν
554 1969 725 2034 λέξεσι
770 1975 861 2025 καὶ
899 1980 1098 2041 φωναῖς
1134 1980 1321 2047 μόνον,
1361 1984 1493 2037 ἀλλὰ
1533 1987 1624 2040 καὶ
1676 1991 1734 2043 ὲν

136 2047 461 2116 πράξεσιν.
501 2051 634 2104 ’Ὀτε
658 2055 765 2125 γὰρ
793 2059 1146 2125 ἀναγινώσκει
1177 2081 1277 2131 τις,
1306 2070 1438 2123 νοῶν
1474 2074 1541 2126 τὰ
1586 2075 1733 2143 λεγό-

141 2153 318 2234 μενοι,
348 2139 743 2234 καὶ-πράττων
764 2146 917 2210 αὐτὰ,
944 2149 1017 2219 μὴ
1037 2155 1353 2224 παραλιπὼν
1383 2159 1440 2212 ἒν
1470 2179 1570 2215 τινι
1596 2139 1733 2234 πρά-

139 2222 220 2286 ξει
244 2265 287 2319 ,Δ
326 2227 495 2319 ’ἀλλὰ
546 2231 604 2319 ἐν
639 2234 770 2285 πᾶσι
799 2236 962 2290 ποιῶν
991 2239 1019 2290 ὃ
1043 2222 1285 2309 βούλεται
1311 2248 1339 2299 6
1368 2249 1547 2319 νόμος,
1580 2222 1731 2318 οὗτος

136 2315 239 2366 καὶ
272 2315 480 2413 λέγων
517 2318 614 2370 καὶ
649 2320 1026 2389 ἀναγινώσκων
1083 2334 1176 2384 καὶ
1236 2315 1487 2395 πράττων
1537 2315 1730 2413 μελετᾷ

138 2402 236 2503 τδν
253 2403 361 2456 τοῦ
388 2405 545 2458 Θεοῦ
571 2409 747 2479 νόμον.
788 2414 996 2470 Ἐνθάδε
1031 2420 1127 2488 μὲν
1150 2419 1241 2475 οὖν
1260 2424 1489 2493 λέγεται,
1511 2402 1549 2481 ι,
1564 2402 1728 2503 Ὅλην

274 2495 519 2594 ἡμέραν
561 2498 750 2594 μελέτη
799 2504 917 2594 μοῦ
948 2508 1110 2573 ἐστιν,
1146 2531 1163 2561 ι
1228 2516 1285 2566 ὲν
1423 2519 1499 2588 τῷ
1533 2492 1727 2594 πρώτη)

142 2579 372 2678 ψαλμῷ-
394 2585 469 2678 ού
505 2586 665 2678 μόνον
695 2592 790 2659 τὴν
816 2592 1052 2663 ἡμέραν,
1102 2600 1235 2653 ἀλλὰ
1288 2605 1376 2656 καὶ
1430 2579 1526 2678 τὴν
1561 2579 1726 2666 νύκτα

320 2675 423 2727 τὸν
454 2676 716 2770 ἐσόμενον
749 2684 1011 2754 μακάριον
1041 2687 1146 2740 δεῖν
1180 2692 1401 2763 μελετᾷν
1425 2673 1514 2749 τὸν
1544 2701 1721 2770 νόμον.

149 2758 215 2853 :l‘i
241 2760 462 2831 δήποτε
490 2764 723 2853 ἐνταῦθα
756 2771 1015 2839 παρέλιπε
1037 2774 1131 2844 τὴν
1164 2758 1361 2843 νύκτα,
1395 2783 1511 2835 ’Ότι
1540 2758 1723 2853 μικτός

148 2845 302 2897 ἐστιν
339 2848 598 2902 ἐνταῦθα
628 2852 734 2905 τῶν
777 2856 1071 2926 ἀνθρώπων
1098 2864 1126 2914 ό
1154 2864 1284 2931 βίος,
1325 2867 1411 2921 διὰ
1450 2845 1603 2925 τοῦτο
1630 2845 1722 2928 καί

1844 481 2091 536 videlicet
2112 484 2402 536 secundum
2430 485 2679 539 virtutem
2703 497 2759 541 et
2787 478 3091 543 scientiam.
3127 509 3146 541 ι
3167 491 3380 545 Habetis

1846 568 2071 622 fructum
2104 577 2339 622 vestrum
2360 570 2412 623 in
2437 572 2936 639 sanctificationem,
2972 576 3126 630 finem
3158 592 3282 634 vero
3308 579 3378 633 vi-

1842 666 1947 711 tam
1973 665 2224 711 aeternam
2247 658 2312 713 ³⁸.
2338 677 2357 710 ι
2387 658 2442 712 Si
2471 669 2647 715 autem
2678 662 2936 730 ejusmodi
2966 663 3087 719 finis
3106 668 3376 735 particeps

1840 760 1944 797 non
1971 755 2052 799 est
2075 746 2318 810 formica,
2344 747 2592 803 videlicet
2620 764 2717 802 nec
2746 749 2900 803 istius
2922 752 3215 807 servitutis.
3249 752 3372 807 Pul-

1838 833 1968 887 chre
2011 847 2138 902 ergo
2180 833 2377 888 dicitur
2409 835 2632 889 formica
2670 852 2772 890 non
2822 852 2939 892 esse
2991 841 3088 894 sub
3136 843 3372 899 dominio

1839 921 1939 973 hoc
1971 935 2128 974 sensu
2172 931 2409 990 accepto.

1908 1007 2070 1061 Vens.
2105 1007 2194 1063 92.
2242 1008 2365 1063 Nisi
2397 1013 2534 1080 quod
2558 1013 2642 1066 lea:
2666 1021 2757 1065 tua
2794 1015 3061 1069 meditatio
3104 1034 3216 1070 mea
3250 1028 3366 1084 est,

1836 1104 1958 1148 tunc
2009 1094 2142 1163 forte
2171 1097 2432 1162 periissem
2463 1100 2517 1151 in
2550 1098 2841 1152 humilitate
2889 1116 3001 1153 mea
3023 1143 3038 1166 ,
3088 1111 3189 1155 etc.
3230 1102 3365 1156 Vere

1836 1183 2046 1236 beatum
2079 1192 2161 1237 est
2190 1200 2293 1239 non
2324 1187 2497 1254 perire
2527 1201 2619 1240 eos
2645 1187 2733 1254 qui
2780 1197 2903 1241 sunt
2931 1188 2984 1241 in
3015 1189 3365 1245 tribulationi-

1834 1269 1951 1332 bus,
1983 1272 2126 1325 verbi
2158 1273 2325 1341 gratia
2357 1275 2407 1326 in
2440 1275 2712 1343 martyrio.
2740 1274 2850 1329 Nisi
2880 1277 3000 1345 quis
3025 1277 3171 1345 prius
3197 1278 3367 1334 medi-

1837 1369 1977 1413 tatus
2006 1360 2166 1415 fuerit
2190 1362 2355 1430 legem
2382 1363 2495 1427 Dei,
2526 1365 2683 1430 perit.

1904 1448 2064 1502 Vens.
2098 1449 2185 1503 96.
2217 1450 2395 1503 Omnis
2443 1454 2897 1506 consummationis
2935 1454 3037 1507 vidi
3065 1454 3239 1522 ﬁnem,
3286 1455 3367 1507 la-

1834 1544 1941 1589 tum
1983 1540 2281 1591 mandatum
2313 1550 2458 1591 tuum
2497 1540 2668 1602 nimis,
2702 1552 2807 1593 etc.
2847 1540 3018 1609 Super
3056 1555 3239 1595 omnes
3261 1555 3361 1596 ex-

1837 1633 2048 1678 traneos
2076 1640 2346 1681 sermones
2378 1629 2540 1681 verba
2575 1631 2943 1683 mandatorum
2972 1629 3065 1683 Dei
3093 1644 3364 1700 expurga-

1835 1723 1939 1765 tam
1970 1714 2195 1766 animam
2223 1715 2466 1768 dilatant.

1898 1798 2060 1854 Vens.
2084 1801 2170 1854 97.
2220 1801 2486 1865 Quomodo
2516 1804 2672 1857 dilexi
2700 1806 2859 1874 legem
2891 1817 3061 1874 tuam,
3103 1808 3318 1864 Domine
3339 1827 3359 1863 :

1831 1899 1936 1943 tota
1968 1891 2053 1943 die
2081 1891 2346 1943 meditatio
2388 1906 2502 1944 mea
2537 1899 2647 1954 est,
2681 1902 2784 1946 etc.
2829 1893 3126 1949 Meditauda
3162 1896 3243 1949 lex
3278 1907 3361 1952 est

1831 1993 1934 2031 non
1964 1979 2132 2032 solum
2164 1979 2216 2032 in
2244 1979 2418 2033 verbis
2449 1988 2505 2033 et
2534 1980 2773 2046 vocibus,
2806 1984 2898 2037 sed
2928 1984 3089 2038 etiam
3119 1985 3171 2038 in
3197 1986 3359 2041 aetio-

1829 2067 2001 2121 nibus.
2036 2067 2259 2131 Quando
2284 2068 2424 2122 enim
2459 2068 2578 2136 quis
2609 2069 2736 2139 legit
2757 2109 2773 2134 ,
2807 2071 3103 2142 intelligens
3133 2088 3249 2143 quae
3275 2075 3354 2130 di-

1828 2164 2042 2217 cuntur,
2066 2164 2121 2207 et
2150 2156 2355 2209 faciens
2380 2170 2464 2220 ea,
2491 2157 2618 2210 nihil
2640 2159 2688 2211 in
2718 2160 2953 2227 qualibet
2971 2164 3176 2216 actione
3200 2165 3358 2218 omit-

1829 2252 1965 2309 tens,
1997 2244 2088 2297 sed
2116 2243 2167 2297 in
2200 2244 2445 2299 omnibus
2470 2245 2670 2300 faciens
2707 2249 2755 2300 id
2786 2251 2924 2316 quod
2955 2251 3040 2305 lex
3071 2253 3201 2315 vult,
3234 2253 3279 2307 is
3302 2262 3357 2307 et

1825 2331 2007 2386 dicens
2036 2340 2092 2386 et
2132 2332 2315 2402 legens
2354 2342 2406 2388 et
2447 2333 2646 2389 faciens
2693 2339 2978 2393 meditatur
3020 2340 3187 2409 legem
3238 2342 3353 2395 Dei.

1825 2416 1937 2474 Hoc
1961 2419 2078 2475 loco
2123 2422 2301 2491 itaque
2340 2424 2565 2480 dicitur:
2605 2444 2623 2477 ι
2652 2427 2783 2481 Tota
2818 2429 2903 2483 die
2940 2430 3209 2484 meditatio
3239 2445 3355 2485 mea

1823 2514 1927 2572 est,
1954 2526 1973 2559 ι
2008 2508 2062 2561 in
2093 2510 2266 2579 primo
2298 2526 2426 2566 vero
2463 2515 2664 2581 psalmo
2692 2517 2768 2568 ait
2796 2531 2897 2569 non
2929 2517 3096 2572 solum
3128 2519 3234 2580 die,
3263 2520 3357 2573 sed

1823 2598 1984 2651 etiam
2016 2607 2170 2654 nocte
2195 2602 2552 2657 meditandam
2578 2618 2698 2659 esse
2721 2607 2889 2675 legem
2924 2606 2998 2660 illi
3027 2608 3113 2674 qui
3146 2608 3355 2661 futurus

1821 2686 1893 2741 sit
1917 2688 2122 2742 beatus.
2152 2689 2260 2744 Cur
2288 2691 2450 2761 igitur
2479 2694 2577 2747 hoc
2606 2694 2722 2749 loco
2751 2705 2959 2750 noctem
2981 2696 3193 2750 omisit?
3217 2697 3352 2763 Quia

1821 2775 1909 2829 hic
1953 2777 2107 2830 mista
2146 2788 2226 2833 est
2262 2781 2367 2834 vita
2397 2783 2691 2844 hominum,
2727 2784 2924 2839 idcirco
2956 2801 3097 2840 nunc
3129 2794 3182 2840 et
3210 2787 3353 2840 diem

1820 2863 2074 2919 habemus
2113 2876 2171 2919 et
2197 2874 2444 2933 noctem;
2492 2871 2702 2936 quando
2748 2886 2876 2926 vero
2921 2873 2984 2925 ad
3017 2875 3350 2927 sanctitatem

154 2935 376 3035 ἡμέραν
402 2937 507 2989 νῦν
548 2939 738 3010 ἔχομεν
784 2945 876 2997 καὶ
906 2947 1089 3001 νύκτα’
1118 2952 1244 3005 ὅταν
1272 2954 1327 3006 δὲ
1359 2957 1500 3024 ἆγιοι
1553 2962 1717 3028 γενώ-

1824 2964 1883 3004 ae
1910 2951 2289 3007 beatitudinem
2320 2958 2737 3024 pervenerimus,
2762 2958 2904 3012 nulla
2938 2975 3042 3014 nox
3072 2961 3222 3015 nobis
3250 2962 3349 3015 ob-

152 3023 298 3113 μεθα
328 3028 430 3079 καὶ
474 3031 754 3101 μακάριοι,
789 3036 882 3100 νὺξ
927 3040 1070 3107 ἡμᾶς
1098 3043 1159 3094 οὐ
1185 3023 1495 3113 διαδέξεται,
1526 3023 1636 3103 ἀλλ’
1660 3055 1718 3106 ὲν

156 3112 295 3183 μόνῃ
319 3116 573 3203 ἐσόμεθα
601 3122 666 3188 τῇ
699 3123 895 3195 ἡμέρᾳ.
927 3127 1061 3198 Ὅρα
1090 3127 1182 3183 οὖν
1205 3133 1279 3196 ὡς
1304 3137 1401 3203 μὲν
1431 3138 1458 3189 6
1489 3140 1717 3195 ἐνταῦθα

154 3201 558 3299 πορευόμενος,
584 3206 698 3299 ἦτοι
733 3210 803 3278 μὴ
833 3212 969 3264 κατὰ
995 3215 1104 3281 βίον
1137 3201 1335 3282 τέλειος
1364 3222 1574 3294 (πορεία
1612 3231 1717 3299 γάρ

152 3286 361 3385 ἐστινὴ
395 3292 549 3343 κατὰ
594 3294 791 3362 κόσμον
828 3299 1179 3375 ἀναστροφή’)
1220 3286 1427 3363 οὐδέπω
1456 3286 1717 3385 ’καθαρῶς

153 3376 456 3444 πορεύεται
478 3418 495 3441 ,
531 3380 645 3431 ἀλλ’
692 3383 778 3435 ὁτὲ
816 3386 912 3454 μὲν
942 3390 997 3440 ὲν
1028 3393 1206 3464 ἡμέρᾳ
1245 3397 1408 3460 ἐστὶν,
1458 3400 1546 3452 ότὲ
1574 3376 1628 3454 δέ
1659 3376 1716 3456 ἐν

151 3467 324 3516 νυκτίο
371 3468 435 3518 ὲν
471 3468 655 3539 ἡμέρᾳ
688 3472 803 3541 μὲν,
833 3476 920 3527 ὅτε
948 3478 1014 3529 τὰ
1045 3482 1181 3534 κατὰ
1210 3485 1299 3537 τὸν
1341 3488 1498 3557 νόμον
1555 3492 1716 3564 καθή-

152 3566 319 3649 κοντα
352 3560 527 3609 ποιεῖ’
548 3560 603 3609 ὲν
627 3561 776 3613 νυκτὶ
801 3563 877 3627 δὲ,
907 3566 991 3618 ὅτε
1015 3569 1220 3624 οὐδέπω
1246 3573 1337 3645 ὅλῃ
1367 3578 1559 3649 καρδίᾳ
1591 3560 1712 3649 (κᾶν

157 3640 358 3738 μελετᾳ
387 3644 489 3696 τὸν
518 3646 726 3715 νόμον,)
753 3655 894 3703 ποιεῖ
933 3654 1021 3707 τὸν
1061 3657 1238 3726 νόμον,
1276 3640 1545 3731 ῆπκαὶότε,
1565 3640 1713 3738 παρὰ

152 3727 217 3779 τὰ
250 3728 578 3799 καθήκοντα
614 3734 854 3804 πράττει.
894 3739 951 3792 Ὁ
977 3743 1073 3809 μὲν
1099 3741 1190 3797 οὖν
1212 3727 1523 3817 ἀρξόμενος,
1557 3755 1588 3823 ἢ
1620 3727 1711 3809 καὶ

153 3820 512 3906 προκόπτων,
547 3823 739 3895 μελετᾷ
760 3828 850 3881 τὸν
882 3830 1040 3899 νόμον
1069 3834 1277 3904 ἡμέρας
1300 3840 1390 3890 καὶ
1419 3820 1606 3906 νυκτός
1632 3820 1649 3874 ’Ἴ
1680 3848 1709 3899 ὁ

150 3904 206 4008 δὲ
233 3911 662 4008 τετελειωμένος
688 3918 786 3969 οὐκ
818 3920 960 3974 ἐστιν
992 3924 1051 3975 ἐν
1083 3929 1251 3988 νυκτὶ,
1286 3929 1397 3983 ἀλλ’
1428 3934 1486 3985 ὲν
1510 3904 1703 4008 ἡμέρᾳ,

151 3990 223 4093 ῶς
256 3994 286 4045 6
324 3997 548 4093 Παῦλός
578 4018 757 4071 φησιν’
782 4022 800 4052 ι
836 4006 897 4058 Ἠ
925 4008 1017 4074 νὺξ
1045 4012 1361 4083 προέκοψεν,
1390 4020 1422 4087 ἡ
1448 4020 1501 4072 δὲ

151 4078 405 4180 Errasti:
428 4087 511 4150 ὡς
537 4090 594 4141 ἐν
626 4092 805 4164 ἡμέρᾳ
832 4078 1172 4167 εὐσχημόνως
1196 4078 1699 4180 περιπατήσωμεν.»

154 4168 262 4260 Rat
308 4173 514 4227 πάλιν·
560 4195 578 4227 ι
612 4180 750 4249 Ἀρα
798 4179 888 4235 οὖν
927 4186 1106 4239 οὐκέτι
1149 4168 1311 4259 ἐσμέν
1355 4168 1703 4260 νυκτὺς1ούδὲ

156 4256 401 4322 σκότους,
442 4263 562 4315 ἀλλ’
597 4266 759 4335 ἐσμὲν
785 4270 945 4325 τέκνα
970 4276 1142 4341 φωτὸς
1168 4256 1260 4331 καὶ
1292 4256 1563 4352 ἡμέραςξ)
1672 4284 1679 4287 ’

234 4429 404 4527 ἶῖῖπὲρ
436 4438 581 4503 τοὺς
620 4440 864 4508 ἐχθρούς
896 4463 1012 4513 μου
1047 4449 1336 4518 ἑσόςρισάς
1361 4472 1437 4523 με
1468 4457 1579 4527 τὴν
1608 4460 1703 4513 ἐν·

152 4518 341 4609 ξοξήν
382 4537 505 4578 σου
523 4566 539 4589 ,
572 4527 657 4579 ὅτι
681 4531 766 4594 εὶς
793 4531 896 4584 τὸν
931 4536 1110 4589 αἰῶνα
1133 4540 1242 4606 ἐμή
1279 4518 1463 4609 ἐστιν,
1492 4518 1542 4600 κζ
1571 4566 1620 4601 τ.
1650 4550 1696 4600 ὲ.

156 4601 298 4703 Νρῦς
335 4612 525 4666 παθῶν
548 4616 847 4684 γυμνωθεὶς
886 4622 975 4673 καὶ
1008 4601 1254 4689 γνώσεως
1295 4601 1514 4701 μέτοίος
1543 4652 1698 4703 γεγο-

158 4691 272 4793 νὼς
303 4706 743 4793 ,πανουργότερος
798 4710 1001 4775 γίνεται
1035 4714 1140 4767 τῶν
1192 4691 1472 4787 δαιμόνων,
1494 4691 1508 4696 ν
1525 4691 1697 4793 λέγων

160 4781 414 4885 πολλάκις
444 4793 506 4843 τὸ
535 4793 626 4845 τοῦ
658 4796 884 4863 Παύλου,
906 4799 986 4863 τὸ,
1025 4819 1043 4851 ι
1063 4803 1137 4855 Οὐ
1164 4804 1271 4875 γὰρ
1282 4781 1468 4863 ἀὑτοῦ
1481 4812 1547 4865 τὰ
1571 4781 1695 4885 νοή-

165 4885 304 4937 ματα
329 4876 646 4950 ἀγνοοῦμεν.
681 4902 699 4933 ι

229 4964 338 5061 Τοῦ
367 4968 569 5061 (litt—013.
608 4971 856 5043 Ἐχθροὺς
887 4975 983 5028 νῦν
1020 4993 1181 5047 φησιν
1224 4984 1691 5061 ὲπιδικαζομένους

162 5046 264 5146 τῶν
308 5053 561 5146 ἐντολῶν,
608 5060 699 5112 καὶ
744 5062 1031 5130 μισοῦντας
1069 5046 1216 5134 ἡμᾶς
1234 5087 1248 5100 ·
1296 5071 1377 5137 οἷς
1404 5046 1563 5146 ἡμεῖς
1591 5046 1690 5136 οὐκ
1746 5084 1755 5093 ’

163 5132 521 5232 ξιθραίνο-μεν.
555 5146 805 5214 Σημαίνει
825 5151 951 5211 τοὺς
971 5152 1034 5203 ὲκ
1060 5132 1372 5229 περιτομῆς⁷
1390 5132 1684 5232 Ἰόυδέίουςζ

168 5220 533 5329 ΰτξιρῆτούτους
557 5234 661 5305 γὰρ
685 5239 713 5289 6
734 5238 1052 5307 Χριστιανὸς
1080 5220 1350 5317 semesi
1362 5251 1459 5320 τὴν
1474 5220 1687 5329 ὲντολὴν

164 5309 247 5361 τοῦ
283 5312 433 5382 Θεοῦ,
476 5327 841 5393 πνευματικῶς
867 5325 962 5376 τὸν
997 5327 1157 5396 νόμον
1190 5309 1339 5387 νοῶν,
1370 5309 1463 5390 κᾶιι
1492 5309 1689 5409 φυλάτέ

163 5500 168 5522 ι
229 5476 267 5507 ³⁷
294 5480 436 5541 ilom.
469 5503 542 5554 vt,
578 5491 655 5546 i8.

1818 3041 2015 3105 veniet,
2042 3042 2132 3095 sed
2160 3042 2213 3096 in
2238 3045 2347 3096 sola
2378 3047 2460 3100 die
2482 3049 2832 3104 versabimur.
2857 3048 3145 3103 Considera
3192 3051 3355 3120 igitur

1818 3128 2084 3194 quomodo
2117 3129 2163 3183 is
2191 3131 2280 3197 qui
2312 3131 2398 3187 hic
2429 3134 2707 3197 ambulat,
2742 3150 2838 3190 nec
2868 3138 3158 3191 secundum
3184 3140 3350 3193 vitam

1815 3216 2079 3283 perfectus
2099 3228 2180 3272 est
2200 3221 2506 3286 (ambulatio
2525 3225 2666 3277 enim
2690 3232 2775 3278 est
2798 3224 2952 3291 hujus
2976 3226 3100 3280 vitae
3124 3242 3343 3282 coavcr-

1815 3302 1970 3373 satio)
1997 3343 2012 3367 ,
2041 3307 2272 3359 nondum
2301 3321 2431 3375 pure
2460 3309 2694 3373 incedit,
2742 3312 2833 3365 sed
2865 3313 3147 3380 aliquando
3177 3314 3227 3367 in
3259 3316 3348 3368 die

1814 3399 1897 3445 est
1927 3429 1943 3456 ,
1970 3393 2292 3461 quandoque
2343 3410 2471 3449 vero
2517 3398 2570 3451 in
2623 3409 2830 3460 nocte;
2884 3400 2936 3453 in
2982 3401 3066 3454 die
3109 3402 3342 3469 quidem,

1814 3481 2028 3547 quando
2053 3496 2117 3535 ea
2148 3496 2266 3550 quae
2296 3483 2410 3552 lege
2446 3489 2737 3554 perscripta
2778 3499 2902 3541 sunt
2931 3490 3074 3557 agit;
3109 3492 3160 3544 in
3192 3488 3346 3546 nocte

1812 3582 1959 3632 vero,
2013 3572 2223 3638 quando
2267 3574 2500 3626 nondum
2539 3584 2647 3630 toto
2693 3578 2855 3631 corde
2896 3577 3139 3646 (tamelsi
3174 3580 3340 3649 legem

1807 3657 2115 3729 .meditetur)
2166 3658 2293 3713 facit
2329 3660 2495 3729 legem
2520 3702 2535 3725 ,
2588 3664 2669 3717 vel
2709 3666 2870 3717 etiam
2918 3667 3128 3734 quando
3156 3678 3340 3721 contra

1809 3761 1967 3815 quam
1994 3747 2197 3812 deceat,
2228 3751 2355 3817 agit.
2383 3750 2481 3814 Qui
2510 3753 2667 3821 igitur
2695 3753 2901 3821 incipit,
2925 3756 3006 3807 vel
3037 3755 3192 3808 etiam
3227 3769 3342 3822 pro-

1765 3904 1773 3915 .
1809 3835 1940 3899 ficit,
1987 3837 2031 3891 is
2076 3839 2362 3891 meditatur
2400 3841 2570 3908 legem
2615 3842 2702 3895 die
2742 3856 2813 3895 ae
2848 3852 3043 3896 nocte:
3084 3844 3172 3911 qui
3213 3857 3340 3898 vero

1807 3923 2072 3992 perfectus
2097 3935 2200 3991 est,
2248 3927 2293 3981 is
2321 3943 2424 3982 non
2453 3929 2623 3983 solum
2673 3939 2917 3983 versatur
2947 3931 2998 3983 in
3038 3940 3216 3997 nocte,
3244 3935 3338 3990 56d

1805 4015 1859 4068 in
1884 4016 2000 4078 die,
2046 4018 2487 4084 quemadmodum
2520 4018 2711 4073 Paulus
2742 4021 2816 4073 ait
2858 4021 2939 4076 "z
2990 4039 3009 4072 ι
3037 4021 3150 4075 Nox
3201 4037 3339 4092 pm-

1805 4109 1996 4173 cessit,
2021 4109 2136 4165 dics
2155 4120 2331 4165 autem
2363 4114 2808 4183 appmpiuquavit
2833 4133 2846 4169 :
2875 4119 3013 4171 sicut
3045 4119 3096 4172 in
3128 4120 3212 4173 die
3241 4122 3336 4173 lto-

1806 4213 1951 4257 neste
1971 4203 2320 4258 ambulemus.
2355 4221 2375 4255 ι
2411 4205 2474 4258 Et
2506 4206 2693 4260 iterum
2725 4209 2803 4261 “:
2849 4228 2867 4259 ι
2896 4210 3060 4278 Igitur
3089 4226 3190 4264 nou
3221 4226 3334 4265 am-

1804 4290 1940 4359 plius
1969 4305 2153 4347 sumus
2183 4295 2374 4359 noctis,
2419 4310 2590 4366 neque
2620 4299 2957 4353 tenebrarum
2982 4339 2998 4364 ,
3030 4302 3122 4353 sed
3150 4316 3333 4355 sumus

1803 4379 1892 4432 ﬁlii
1924 4380 2055 4434 lucis
2080 4389 2134 4434 et
2164 4383 2289 4436 diei.
2322 4403 2342 4436 ι
2558 4374 2569 4384 ’

1871 4469 2029 4524 Vens.
2045 4471 2133 4526 98.
2154 4472 2323 4541 Super
2337 4474 2573 4527 inimicos
2594 4491 2729 4529 meos
2747 4477 3045 4544 prudentem
3069 4493 3149 4531 me
3163 4477 3329 4546 fecisti

1802 4561 2046 4612 mandato
2083 4570 2171 4613 tuo
2198 4600 2214 4625 ,
2248 4563 2370 4631 quia
2397 4565 2451 4616 in
2481 4574 2729 4618 internum
2756 4566 2883 4617 mihi
2919 4577 3013 4630 est,
3041 4575 3145 4620 etc.
3181 4566 3329 4619 Mens

1796 4645 2068 4701 aﬂ'ectibus
2100 4649 2318 4713 nudata,
2346 4659 2400 4703 et
2447 4652 2681 4706 scientiae
2708 4654 2970 4722 particeps
2996 4654 3155 4715 facta,
3201 4668 3328 4723 pru-

1795 4734 2002 4790 dentior
2022 4737 2082 4790 lit
2103 4737 2452 4803 daemonibus,
2476 4741 2755 4808 proferens
2777 4757 2915 4811 saepe
2930 4743 3055 4797 illud
3072 4743 3224 4799 Pauli
3242 4742 3287 4781 “
3304 4759 3324 4798 ;

1798 4841 1817 4874 ι
1844 4823 1959 4879 Non
1989 4827 2131 4880 enim
2162 4828 2276 4897 ejus
2304 4830 2655 4898 cogitationes
2691 4832 3016 4901 ignoramus.
3054 4851 3076 4885 ι

1860 4997 2023 5067 807
2078 4997 2349 5067 Ejusdem.
2395 4999 2647 5057 inimicos
2691 5017 2830 5056 nunc
2884 5012 3037 5056 vocat
3088 5016 3182 5055 eos
3229 5002 3323 5071 qui

1793 5087 2161 5141 mandatorum
2216 5090 2291 5144 rei
2332 5102 2479 5158 sunt,
2509 5104 2562 5148 et
2599 5108 2694 5148 nos
2721 5092 2981 5146 oderunt:
3008 5091 3203 5156 quibus
3223 5107 3325 5151 nos

1791 5173 2008 5229 minime
2027 5175 2382 5244 indignamur.
2406 5182 2647 5251 lntelligit
2663 5180 2870 5233 Judmos
2891 5179 2981 5244 qui
2997 5191 3062 5230 ex
3083 5179 3324 5232 cireum-

1790 5261 1991 5317 cisione
2010 5274 2151 5319 sunt.
2177 5265 2348 5337 Super
2384 5270 2481 5323 hos
2523 5271 2663 5322 enim
2710 5264 3043 5319 Christianus
3089 5268 3325 5333 prudens

1789 5347 1963 5406 factus
1988 5363 2071 5407 est
2114 5354 2167 5409 in
2210 5356 2459 5411 mandato
2487 5355 2615 5420 Dei,
2652 5366 2776 5406 eum
2805 5351 3121 5419 spiritaliter
3148 5355 3322 5423 legem

723 5494 765 5527 ⁸⁸
788 5493 927 5548 ibid.
964 5495 1051 5550 22.
1132 5502 1178 5535 ⁸³
1210 5503 1361 5561 Rom.
1404 5524 1527 5595 xm,
1556 5515 1640 5585 l2,
1671 5520 1755 5578 13.
1827 5524 1871 5557 "
1900 5525 1921 5581 ι
1949 5526 2133 5585 Thess.
2164 5542 2218 5595 v,
2254 5527 2320 5583 5.
2380 5527 2423 5561 δι
2452 5526 2492 5582 ll
2524 5525 2649 5583 Cor.
2690 5538 2759 5590 ιι,
2791 5521 2875 5575 lt.

3124 48 3141 57 ἰι
3180 44 3443 63 *--ιι-ι“.ι
3452 56 3467 63 ι.
3512 60 3527 63 ρ
