3884 6272
95 27 281 37 -—___._

281 255 431 312 1609
1181 253 1483 309 SELECTA
1519 252 1583 305 IN
1620 251 1946 306 PSALMOS.
1985 282 2052 293 ——-
2086 252 2274 306 PSAL.
2316 253 2544 308 CXVIII.
3310 254 3442 310 1610

361 371 590 437 "Opaca
613 365 707 420 καὶ
733 364 962 434 samera
979 367 1081 421 τοῦ
1094 370 1465 435 φυλάξασθαι
1488 371 1557 423 τὰ
1572 370 1807 437 κρίματα

1983 365 2139 418 Vens.
2170 365 2290 420 106.
2318 366 2502 421 Juraui
2527 377 2576 421 et
2598 371 2759 421 ualui
2789 361 3052 419 custodire
3061 368 3266 434 judicia
3284 374 3444 440 justi.

282 455 406 523 τῆς
451 455 833 521 δικαιοσύνης
860 468 993 519 σου,
1024 473 1077 509 κ.
1102 474 1151 509 τ.
1178 459 1222 510 ἐ.
1250 460 1321 510 Τὸ
1357 458 1678 527 ἀμετάθετον
1724 457 1815 510 τοῦ

282 545 496 597 σκοποῦ
528 546 684 614 ὅρκον
706 543 997 612 ὠνόμασεν.

362 634 477 689 Τοῦ
502 634 704 687 αὐτοῦ.
747 634 810 685 Τί
844 637 988 687 ποιεῖ
1020 635 1199 688 ἐνθάδε
1238 637 1298 687 τὸ
1344 634 1599 704 «ὤμοσα»
1656 636 1816 704 ζητη-

277 721 431 775 τέον.
465 742 483 773 ι
517 723 726 775 Διέθετο
774 723 1032 793 διαθήκην
1066 725 1198 792 πρὸς
1234 726 1354 785 τοὺς
1400 724 1676 784 ἐκλεκτοὺς
1722 725 1816 776 αὐ-

277 812 404 865 τοῦ.
439 831 458 863 ι
484 813 591 864 Καὶ
613 813 810 882 ταύτην
832 814 928 882 τὴν
958 813 1212 884 διαθήκην
1239 815 1370 883 πρὸς
1394 815 1517 874 τοὺς
1538 814 1814 876 ἐκλεκτοὺς

277 900 453 951 αὐτοῦ
483 899 794 968 διαθεμένου
825 901 916 952 τοῦ
958 900 1087 951 Θεοῦ
1120 904 1148 953 ὁ
1176 900 1435 952 πιστεύων
1458 901 1811 969 έπαρεδέξατο,

275 989 382 1039 καὶ
415 989 577 1041 οίονεὶ
602 991 780 1058 ὅρκοις
818 990 1014 1058 μεταξὺ
1044 989 1134 1040 τοῦ
1165 989 1295 1042 Θεοῦ
1328 991 1611 1059 ἐποιήσατο
1643 1008 1815 1059 παρα-

273 1077 572 1146 δεξάμενος
594 1079 753 1131 αὐτοῦ
774 1079 869 1149 τὴν
907 1079 1180 1149 διαθήκην,
1207 1079 1343 1131 ὥστε
1372 1080 1558 1148 στῆσαι
1597 1081 1689 1132 καὶ
1716 1098 1813 1147 cpu-

272 1164 543 1228 λάξασθαι
565 1167 632 1218 τὰ
654 1168 888 1236 κρίματα
913 1167 1007 1235 τῆς
1033 1167 1365 1237 δικαιοσύνης
1391 1169 1569 1220 αὐτοῦ.
1601 1170 1811 1237 Ἵστημι

271 1252 359 1315 δὲ,
398 1254 579 1322 φησὶν,
611 1255 748 1307 αὐτὰ
775 1259 839 1324 τῇ
869 1257 971 1324 ἐμῇ
1000 1256 1161 1325 ψυχῇ⁸
1190 1258 1279 1309 καὶ
1300 1259 1424 1310 ὅταν
1451 1258 1588 1310 αὐτὰ
1615 1260 1808 1327 στήσω,

273 1342 491 1405 γίνεται
523 1338 695 1395 ἐκεῖνο
738 1338 798 1395 τὺ
826 1342 1102 1411 εἰρημένον
1134 1345 1280 1415 παρὰ
1308 1345 1385 1413 τῷ
1415 1345 1708 1413 Σολομῶντι
1754 1347 1811 1398 ἐν

273 1431 639 1500 Παροιμίαιςο
679 1449 698 1480 ι
730 1431 986 1499 Δογισμοὶ
1019 1432 1234 1485 δικαίων
1255 1435 1508 1502 κρίματα.
1548 1453 1567 1484 ι
1607 1434 1812 1486 Ἐκεῖνα

278 1537 301 1569 e
335 1520 412 1572 τὰ
438 1522 674 1590 κρίματά
710 1540 726 1570 ι
756 1524 869 1573 ἐστι
910 1540 928 1571 ι
954 1522 1049 1590 τῆς
1079 1522 1410 1592 δικαιοσύνης
1446 1542 1464 1573 ι
1517 1524 1611 1575 τοῦ
1656 1524 1806 1575 Θεοῦ·

272 1604 405 1657 τότε
452 1606 508 1658 δὲ
537 1606 816 1674 γενόμενα,
851 1607 937 1658 ὅτε
967 1605 1151 1675 ὤμοσα
1202 1608 1294 1659 καὶ
1338 1606 1535 1675 ἐστησα
1586 1606 1721 1659 αὐτὰ
1752 1608 1809 1659 ἐν

271 1694 522 1764 ἐμαυτῷ.
552 1695 623 1746 Τὸ
650 1696 707 1748 δὲ
734 1713 753 1745 ι
775 1695 964 1763 στῆσαι
982 1713 999 1746 ι
1036 1693 1263 1746 ἐνταῦθα
1296 1693 1358 1746 τδ
1385 1694 1607 1763 βεϐαίως
1636 1692 1809 1762 δρίσαι

269 1780 460 1849 δηλοῖο
522 1782 614 1833 καὶ
654 1779 716 1833 τδ
757 1781 1028 1849 (ὀμόσαι)
1072 1779 1314 1833 τουτέστι
1360 1780 1420 1832 τὸ
1469 1780 1811 1849 ἀμεταθέτως

268 1868 440 1921 τοῦτο
469 1869 774 1938 προθέσθαι,
796 1870 889 1921 xal
915 1869 1255 1939 ἀπαράϐατον
1277 1868 1555 1937 φυλάττειν
1574 1868 1634 1921 τὸ
1657 1870 1811 1939 ἔργον

267 1956 374 2009 τοῦ
402 1958 563 2024 ὅρκου
595 1955 728 2024 μετὰ
754 1955 1083 2023 βεόαιώσεως
1109 1956 1436 2026 προελέσθαι.
1491 1975 1509 1987 κ

354 2044 435 2095 Τὰ
479 2041 721 2096 ἑκούσια
755 2044 859 2097 τοῦ
893 2045 1182 2111 στόματός
1208 2062 1324 2112 μου
1355 2044 1686 2111 εὐδόκησον
1710 2045 1807 2112 δὴ,

271 2135 481 2199 Κύριε,
521 2133 616 2185 καί
649 2131 718 2184 τὰ
759 2133 1002 2201 κρίματὰ
1037 2148 1151 2186 σου
1195 2132 1437 2197 δίδαξόν
1465 2151 1560 2202 με,
1604 2152 1656 2186 κ.
1684 2152 1734 2188 τ.
1761 2137 1807 2188 ἐ.

271 2222 421 2291 Περὶ
451 2214 524 2274 ὧν
575 2222 635 2272 οὐ
679 2222 1026 2291 διετάχθημεν
1076 2226 1243 2274 ποιεῖν
1267 2261 1281 2285 ,
1330 2223 1462 2275 ἀλλὰ
1506 2223 1810 2293 προαιρέσει

271 2308 564 2375 ποιοῦμεν,
593 2307 761 2361 ταῦτά
787 2324 944 2376 φησιν
976 2308 1187 2359 ἐκούσια
1227 2307 1318 2360 τοῦ
1356 2307 1613 2377 στόματος
1637 2306 1807 2377 ἡμῶνο

270 2392 413 2458 οἷον,
447 2397 494 2447 εί
521 2395 803 2465 παρθενίαν
831 2398 1069 2465 ἀσκήσω,
1098 2397 1162 2465 ἢν
1188 2397 1248 2448 οὐ
1300 2395 1664 2465 προσετάχθην
1694 2396 1810 2447 οὐδὲ

270 2483 603 2551 ἐκελεύσθην
627 2521 640 2545 ,
674 2483 786 2536 ἀλλ’
825 2484 1080 2545 ἑκουσίως
1112 2484 1265 2535 τοῦτο
1306 2486 1522 2553 ποιῆσαι
1566 2486 1811 2552 κρεῖσσον

270 2573 560 2643 αἱροῦμαι.
581 2572 747 2625 Τοῦτο
775 2567 865 2626 οῦν
897 2572 1199 2641 εὐδόκησον,
1227 2572 1417 2642 Κύριε.
1450 2571 1559 2625 Kal
1589 2572 1679 2623 ἐπὶ
1715 2570 1809 2624 άλ-

270 2662 388 2715 λων
416 2663 473 2714 δὲ
496 2663 690 2732 ὁμοίως
734 2660 839 2715 τῶν
883 2660 1021 2713 κατὰ
1048 2661 1136 2713 τὸν
1165 2661 1276 2729 βίον
1301 2661 1455 2730 ἡμῶν
1479 2659 1695 2713 τοιαῦτα
1723 2660 1804 2712 εὑ-

276 2750 543 2819 ρήσομεν,
576 2740 648 2800 ὧν
674 2748 790 2800 τινὰ
823 2749 918 2818 μὲν
956 2748 1208 2816 ποιοῦμεν
1253 2746 1328 2810 ὡς
1361 2747 1808 2817 προστεταγμένοι

268 2837 475 2899 δοῦλοι,
497 2835 614 2889 τινὰ
644 2837 700 2888 δέ
733 2835 1032 2906 πράττομεν
1059 2836 1329 2898 ἑκουσίως.

362 2927 430 2980 Ἡ
449 2925 612 2993 ψυχή
636 2942 752 2993 μου
781 2924 850 2977 ἐν
875 2924 1002 2990 ταῖς
1023 2927 1193 2993 χερσί
1211 2941 1324 2980 σου
1338 2925 1670 2992 διαπαντὸς,
1705 2925 1802 2979 και
1830 2943 1871 3000 ο

267 3014 382 3067 τοῦ
422 3016 606 3080 νόμου
632 3030 743 3068 σου
766 3016 873 3066 οὐκ
905 3015 1286 3083 ἐπελαθόμην,
1317 3033 1369 3068 κ.
1400 3032 1450 3070 τ.
1481 3016 1526 3068 ἐ.
1551 3017 1805 3086 Ζητήσεις

270 3100 394 3162 πῶς
427 3103 460 3170 ή
485 3100 625 3170 ψυχὴ
655 3099 746 3153 τοῦ
777 3100 933 3153 Δαυτδ
973 3103 1030 3153 ἐν
1068 3105 1182 3164 ταῖς
1224 3103 1377 3173 χερσὶ
1408 3104 1500 3156 τοῦ
1530 3103 1661 3156 Θεοῦ
1692 3105 1804 3157 δια-

269 3188 481 3250 παντός
499 3204 514 3219 σ
546 3189 767 3259 πότερον
795 3191 868 3252 ὡς
894 3192 951 3241 ἐν
975 3191 1276 3263 δικαιοσύνῃ
1294 3230 1308 3254 ,
1337 3192 1372 3260 ἢ
1402 3191 1475 3253 ὡς
1508 3193 1565 3244 ἐν
1594 3191 1800 3258 γνώσει.

267 3276 385 3328 Καὶ
419 3275 558 3343 τάχα
598 3276 657 3326 τὸ
697 3276 956 3346 πρότερον
979 3291 990 3303 ·
1026 3277 1263 3343 ἀγγέλων
1290 3278 1386 3345 μὲν
1428 3277 1533 3346 γάρ
1576 3280 1698 3329 ’ἐστι
1746 3280 1806 3331 τὸ

264 3363 562 3422 διαπαντὸς
609 3362 818 3430 βλέπειν
853 3362 914 3414 τὸ
956 3364 1235 3433 πρόσωπον
1260 3363 1351 3415 τοῦ
1381 3362 1533 3427 Θεοῦ,
1565 3366 1804 3418 τουτέστι

263 3455 371 3523 τὴν
405 3451 634 3520 θεωρίαν
673 3452 865 3514 αὑτοῦ,
919 3451 1214 3522 ἀνθρώπων
1243 3454 1299 3506 δὲ
1333 3454 1393 3507 τὸ
1419 3454 1666 3507 δύνασθαι
1694 3454 1806 3507 δια-

268 3538 477 3599 παντὸς
504 3538 900 3608 δικαιοπραγεῖν
941 3541 1059 3592 κατ’
1094 3542 1386 3610 ἐνέργειαν
1418 3543 1552 3613 ὅπερ
1603 3544 1716 3595 ἐστὶ
1746 3543 1806 3596 τὸ

265 3623 417 3681 εἶναι
445 3630 504 3679 ἐν
548 3631 665 3688 ταῖς
701 3628 852 3705 χερσὶ
891 3628 983 3680 τοῦ
1013 3628 1165 3683 Θεοῦ·
1198 3632 1233 3700 ἡ
1265 3630 1370 3700 γὰρ
1404 3632 1540 3684 κατὰ
1574 3630 1805 3684 διάνοιαν

263 3714 653 3785 δικαιοπραγία
687 3715 827 3784 μόνῳ
859 3717 1061 3786 προσῆν
1091 3717 1167 3786 τῷ
1203 3720 1435 3789 Χριστῷ,
1464 3720 1521 3781 ὃς
1543 3722 1805 3789 ἁμαρτίαν

264 3806 369 3857 οὐκ
400 3803 640 3872 ἐποίησε,
661 3802 891 3871 δηλονότι
912 3803 1029 3854 κατ’
1056 3804 1347 3875 ἐνέργειαν,
1372 3807 1464 3858 καὶ
1488 3806 1581 3873 οὐχ
1612 3806 1801 3876 εὑρέθη

266 3890 422 3951 δόλος
452 3891 509 3941 ἐν
543 3888 619 3957 τῷ
654 3889 873 3958 στόματι
922 3889 1080 3942 αὐτοῦ
1104 3907 1117 3920 ·
1158 3892 1353 3958 σαφὲς,
1400 3892 1481 3943 ὅτι
1522 3892 1658 3944 κατά
1693 3893 1804 3945 διά-

266 3995 442 4041 νοιαν,
479 3978 569 4044 ἀφ’
609 3968 677 4045 ἧς
703 3978 1046 4047 προέρχονται
1077 3980 1142 4032 τὰ
1172 3980 1395 4049 περιττὰ
1432 3981 1529 4050 τῆς
1560 3982 1798 4051 καρδίας.

271 4064 386 4134 Τὴν
414 4064 591 4132 ψυχήν
628 4081 723 4133 μου
759 4064 840 4115 col
872 4064 1149 4133 ἐγχειρίζω
1201 4066 1421 4118 πάντοτε
1441 4106 1454 4130 ,
1485 4068 1544 4118 σὲ
1575 4069 1801 4140 φρουρὸν

270 4154 533 4222 ποιοῦμαι
566 4154 656 4205 καὶ
687 4153 1087 4222 ὑπερασπιστὴν
1130 4155 1224 4207 καὶ
1250 4155 1579 4226 κυϐερνήτην
1611 4159 1796 4227 αὐτῆς

269 4243 367 4293 καὶ
389 4241 478 4293 διὰ
505 4239 658 4291 τοῦτο
681 4238 773 4291 τοῦ
797 4239 967 4315 νόμου,
990 4255 1081 4291 σου
1109 4240 1205 4291 οὐκ
1227 4241 1580 4311 ἐπελαθόμην,
1608 4243 1693 4296 ἴνα
1725 4244 1795 4314 μὴ
1832 4228 1872 4279 D

267 4328 549 4381 ἀποπέσω.
584 4327 695 4388 Πᾶς
730 4326 761 4377 ὁ
791 4326 1000 4388 ἀναθεὶς
1028 4329 1211 4380 ἑαυτὸν
1237 4329 1313 4397 τῷ
1344 4329 1477 4398 Θεῷ,
1505 4331 1599 4401 τὴν
1625 4331 1797 4401 ψυχὴν

268 4416 436 4470 αὐτοῦ
471 4415 814 4483 παρατίθεται
851 4416 928 4477 είς
969 4415 1063 4477 τὰς
1092 4419 1272 4486 χεῖρας
1293 4417 1471 4481 αὐτοῦ,
1500 4420 1677 4482 καθὼς
1706 4422 1797 4472 καὶ

268 4505 503 4575 ἀλλαχοῦ
555 4501 726 4555 εἶπεν·
780 4521 799 4552 ι
838 4504 955 4555 Ὅτι
988 4506 1050 4556 σὺ
1092 4502 1141 4556 εἶ
1169 4507 1196 4557 ὁ
1228 4506 1629 4576 ὑπερασπιστὴς
1674 4525 1793 4577 μου,

269 4593 465 4663 Κύριε,
498 4594 575 4653 είς
604 4592 785 4659 χεῖράς
816 4607 906 4642 σου
939 4593 1313 4661 παραθήσομαι
1329 4594 1388 4645 τὸ
1408 4594 1620 4663 πνεῦμά
1643 4613 1791 4664 μου.»

271 4684 334 4735 Et
363 4685 421 4737 δὲ
457 4682 662 4751 μερίζει
705 4680 887 4732 ἑαυτὸν
914 4681 991 4743 είς
1017 4682 1204 4750 ἡδονὰς
1229 4684 1320 4733 καὶ
1348 4683 1488 4753 πάθη
1520 4684 1797 4753 σωματικά

275 4774 368 4824 .eal
398 4769 675 4841 φροντίδας
710 4769 989 4838 βιωτικὰς,
1023 4771 1082 4822 ού
1116 4770 1460 4839 παρατίθεται
1489 4772 1585 4841 τὴν
1625 4773 1796 4842 ψυχὴν

186 4894 189 4903 α
271 4861 435 4912 αὑτοῦ
464 4863 542 4921 εἰς
575 4861 756 4928 χεῖρας
787 4858 939 4911 Θεοῦ.

349 4946 458 4999 Τοῦ
491 4945 693 4998 αὐτοῦ.
739 4944 794 4996 Ὀ
835 4945 891 4995 δὲ
925 4943 1147 5007 Ἀκύλας
1174 4944 1339 4997 οὔτω-⁷
1365 4962 1385 4995 ι
1423 4945 1578 5015 Ψυχή
1610 4962 1707 5015 μου
1736 4949 1794 4999 ἐν

272 5035 453 5103 ταρσῷ
477 5051 575 5104 μου
598 5032 878 5101 ἐνδελεχῶς
897 5034 986 5085 καὶ
1002 5033 1275 5101 διηνεκῶς,
1300 5034 1390 5085 καὶ
1412 5035 1570 5103 νόμου
1590 5052 1681 5086 σου
1695 5036 1794 5087 ούκ

273 5121 626 5191 ἐπελαθόμηψ
665 5140 683 5170 ι
707 5122 735 5171 ὁ
768 5120 823 5172 δὲ
866 5120 1166 5190 Σύμμαχος·
1204 5139 1225 5170 e
1272 5121 1333 5171 Ἡ
1363 5121 1502 5190 ψυχή
1536 5139 1631 5189 μου
1661 5122 1793 5190 μετὰ

274 5210 456 5277 χεῖράς
492 5225 590 5276 μου
639 5208 934 5269 διαπαντός⁹
978 5228 996 5258 ι
1028 5211 1058 5277 ὴ
1090 5208 1143 5258 δὲ
1170 5206 1386 5275 πέμπτη
1431 5209 1627 5275 ὁμοίως
1684 5212 1792 5271 τοῖς

284 5298 699 5365 Ἐὅδομήκοντα.

1914 452 2000 504 tia:
2037 460 2162 514 tua',
2191 461 2293 508 etc.
2319 451 2537 509 Consilii
2576 453 3059 507 immutabilitatem
3078 455 3435 523 juramentum

1914 539 2213 608 appellavit.

1981 630 2246 696 Ejusdem.
2270 629 2404 694 Quid
2431 630 2529 685 sibi
2551 633 2651 685 hoc
2682 634 2795 688 loco
2815 635 2962 699 velit,
2993 653 3013 686 ι
3030 635 3220 704 juravi,
3246 658 3265 690 ι
3292 654 3435 707 quae-

1914 719 2133 772 rendnm
2151 726 2249 771 est.
2274 735 2292 769 ι
2316 718 2579 785 Disposuit
2596 729 2963 777 testamentum
2984 725 3164 780 electis
3191 730 3298 783 suis
3321 728 3381 782 “.
3408 749 3427 780 ι

1912 804 2081 871 Atque
2128 805 2227 858 hoc
2261 814 2649 873 testamentum,
2679 806 2785 862 Deo
2818 810 2943 865 illud
2974 811 3155 867 electis
3182 817 3290 877 suis
3321 819 3429 869 dis-

1912 902 2154 959 ponente,
2182 892 2349 946 iidelis
2368 894 2617 962 suscepit,
2647 902 2805 963 atque
2825 897 3141 962 iuramentis
3179 905 3431 970 quodam-

1914 982 2066 1033 modo
2086 996 2142 1034 se
2170 980 2274 1035 Deo
2292 985 2575 1037 obstrinxit
2597 987 2886 1054 suscipiens
2909 997 3274 1045 testamentum
3296 994 3430 1060 ejus,

1912 1077 1969 1119 ut
1997 1077 2254 1123 statueret
2276 1078 2330 1124 et
2352 1069 2641 1125 custodiret
2654 1072 2854 1139 judicia
2875 1073 3095 1141 iustitiae
3127 1079 3281 1133 illius.
3305 1082 3427 1134 Sta-

1912 1165 2021 1217 tuo,
2053 1155 2243 1224 inquit,
2272 1155 2359 1209 illa
2385 1158 2574 1212 anima:
2603 1175 2731 1214 meae
2755 1177 2770 1214 :
2806 1174 2860 1217 et
2892 1176 3011 1217 cum
3043 1165 3130 1218 illa
3158 1175 3391 1222 statuero
3411 1211 3427 1233 ,

1912 1239 1967 1292 ﬁt
2008 1240 2133 1294 illud
2166 1243 2305 1308 quod
2352 1244 2487 1310 apud
2522 1244 2856 1302 Salomonem
2898 1248 2951 1301 in
3002 1249 3306 1306 Proverbiis
3345 1256 3429 1307 di-

1908 1340 2053 1381 etum
2087 1338 2169 1382 est
2194 1330 2276 1383 “z
2312 1347 2332 1380 ι
2362 1331 2721 1400 Cogitationes
2743 1336 3004 1403 justorum
3029 1339 3249 1405 judicia.
3279 1359 3298 1391 ι
3335 1341 3426 1396 [lla

1913 1432 1934 1467 ι
1954 1415 2150 1483 judicia
2170 1436 2190 1469 ι
2230 1429 2352 1475 sunt
2395 1438 2413 1471 ι
2435 1423 2652 1488 justitize
2679 1441 2697 1474 ι
2736 1424 2864 1479 Dei:
2901 1434 3026 1481 tunc
3056 1438 3228 1483 autem
3260 1430 3388 1485 fiunt
3408 1474 3422 1497 ,

1907 1503 2117 1568 quando
2151 1504 2323 1569 juravi
2369 1516 2423 1561 et
2467 1509 2624 1560 statui
2660 1508 2746 1561 illa
2794 1510 2845 1564 in
2892 1514 3222 1582 memetipso.
3261 1514 3429 1569 Porro

1913 1608 1931 1640 ι
1964 1599 2195 1646 statuere
2222 1611 2242 1645 ι
2276 1595 2375 1648 hoc
2404 1595 2523 1649 loco
2551 1597 2815 1664 signiﬁcat
2836 1599 3067 1653 .tirmiter
3110 1605 3424 1666 decernere;

1908 1687 1961 1731 et
2008 1677 2234 1746 eiurare
2261 1699 2281 1732 ι
2322 1681 2458 1737 idem
2496 1694 2577 1738 est
2612 1700 2677 1740 ac
2709 1687 3109 1742 immutabiliter
3155 1690 3279 1743 illud
3309 1706 3435 1757 pro-

1908 1779 2121 1832 ponere,
2136 1777 2189 1820 et
2208 1768 2694 1839 opusjurisjurandi
2714 1789 2833 1828 cum
2853 1776 2984 1829 conti
2994 1791 3069 1830 rm
3078 1777 3252 1830 atione
3269 1779 3431 1834 invio-

1908 1855 2070 1911 latum
2101 1871 2315 1912 servare
2348 1861 2501 1914 velle.

1962 2031 2135 2106 ⁴νιιῑιις.
2178 2032 2299 2087 108.
2355 2032 2663 2088 Voluntaria
2697 2035 2800 2089 erit
2845 2038 2944 2088 mei
2985 2038 3292 2106 beneplacita
3322 2042 3425 2107 fac,

1904 2122 2122 2178 Domine
2145 2163 2162 2188 ,
2193 2133 2237 2175 et
2263 2123 2465 2191 judicia
2501 2131 2587 2175 tua
2616 2125 2738 2178 doce
2767 2141 2847 2178 me
2866 2162 2881 2187 ,
2912 2136 3015 2181 etc.
3045 2128 3174 2192 Quae
3200 2144 3303 2183 non
3334 2146 3429 2185 su-

1907 2227 2023 2265 mus
2044 2213 2179 2278 jussi
2211 2212 2410 2274 facere,
2442 2212 2531 2264 sed
2561 2212 2723 2264 libera
2755 2213 3024 2268 voluntate
3052 2217 3276 2272 facimus
3299 2256 3315 2281 ,
3361 2233 3423 2273 ea

1879 2297 2132 2364 appellat
2163 2296 2457 2350 voluntaria
2489 2298 2598 2349 oris
2631 2299 2829 2351 nostri:
2859 2300 2998 2352 verbi
3023 2303 3213 2369 gratia,
3243 2304 3287 2357 si
3320 2306 3426 2358 vir-

1905 2384 2177 2452 ginitatem
2209 2384 2424 2439 coluero
2448 2422 2465 2447 ,
2505 2399 2621 2452 mue
2652 2387 2778 2439 mihi
2832 2402 3004 2455 neque
3041 2400 3295 2461 praecepta
3330 2409 3425 2448 ne-

1906 2489 2010 2541 que
2051 2474 2196 2542 jussu
2229 2482 2344 2539 est,
2379 2476 2471 2528 sed
2502 2485 2688 2541 sponte
2714 2478 2811 2530 hoc
2849 2480 3024 2535 facere
3050 2481 3240 2538 melius
3267 2483 3426 2552 eligo.

1908 2560 2018 2614 Hoc
2058 2561 2217 2628 igitur
2247 2562 2629 2628 bencplacitum
2681 2564 2765 2618 fac
2794 2603 2811 2628 ,
2846 2564 3083 2623 Domine.
3115 2568 3208 2623 Sic
3237 2579 3292 2624 et
3321 2572 3428 2626 alia

1905 2648 2209 2703 istiusmodi
2250 2652 2301 2704 in
2334 2652 2443 2704 vita
2470 2663 2648 2706 nostra
2686 2656 3029 2722 reperiemus,
3058 2672 3280 2726 quorum
3323 2661 3424 2714 ali-

1904 2751 2005 2803 qua
2035 2738 2246 2803 quidem
2277 2737 2411 2805 jussi
2450 2740 2593 2793 velut
2620 2743 2760 2795 servi
2796 2741 3022 2798 facimus
3045 2782 3063 2809 ,
3091 2746 3267 2816 aliqua
3298 2762 3422 2802 vero

1906 2823 2131 2879 facimus
2178 2826 2364 2880 libere.

1974 2908 2131 2966 Vens.
2159 2913 2279 2969 109.
2310 2916 2495 2969 Anima
2522 2933 2633 2970 mea
2660 2918 2714 2991 in
2743 2918 2978 2973 manibus
3008 2921 3111 2975 (uie
3134 2939 3346 2993 semper,
3373 2935 3425 2981 et

1905 3001 2060 3071 legem
2098 3014 2239 3055 tuam
2275 3020 2375 3056 non
2401 3022 2511 3057 eum
2541 3006 2749 3071 oblitus,
2779 3019 2884 3063 etc.
2916 3008 3133 3075 Queres
3161 3016 3424 3083 quomodo

1904 3091 2079 3144 anima
2116 3092 2327 3145 Davidis
2365 3094 2416 3145 in
2458 3095 2699 3150 manibus
2729 3095 2821 3152 Dei
2855 3096 3015 3154 fuerit
3054 3114 3308 3172 semper:
3355 3120 3421 3158 an

1904 3186 2152 3246 tanquam
2185 3181 2234 3232 in
2260 3181 2464 3246 justitia
2489 3220 2506 3243 ,
2537 3183 2620 3234 vel
2647 3189 2896 3249 tanquam
2929 3187 2980 3240 in
3006 3190 3326 3258 cognitione.
3358 3193 3423 3247 Et

1902 3266 2040 3318 forte
2065 3267 2227 3332 priori
2262 3268 2453 3322 modo:
2500 3282 2622 3320 nam
2658 3272 2964 3336 angelorum
2996 3284 3084 3329 est
3107 3290 3317 3345 semper
3340 3280 3419 3332 vi-

1902 3352 2028 3405 dere
2049 3351 2237 3406 faciem
2267 3353 2381 3416 Dei,
2410 3354 2511 3409 hoc
2536 3366 2619 3409 est
2646 3358 2841 3412 habere
2868 3358 3007 3414 illius
3027 3363 3424 3432 contemplatio-

1903 3454 2058 3502 nem;
2107 3440 2375 3493 hominum
2419 3455 2545 3495 vero
2602 3457 2755 3511 posse
2800 3459 3009 3515 semper
3042 3451 3182 3517 quod
3219 3451 3419 3521 justum

1901 3537 1985 3579 est
2024 3528 2307 3583 eliicaciter
2335 3532 2559 3596 ;operari
2590 3548 2605 3584 :
2642 3532 2779 3600 quod
2819 3541 2904 3587 est
2939 3534 2991 3588 in
3037 3538 3280 3593 manibus
3327 3541 3419 3595 Dei

1900 3628 2053 3669 esse:
2106 3632 2226 3668 nam
2258 3628 2431 3671 mente
2465 3629 2609 3674 recte
2654 3635 2812 3688 agere
2858 3621 3023 3677 solius
3048 3635 3163 3679 erat
3200 3627 3418 3693 Christi,

1901 3704 1989 3771 qui
2016 3713 2287 3771 peccatum
2316 3720 2419 3758 non
2443 3705 2588 3769 fecit,
2620 3708 2862 3764 videlicet
2890 3720 3032 3777 actu,
3060 3728 3156 3769 nec
3178 3714 3421 3771 inventus

1899 3802 1980 3846 est
2007 3792 2156 3847 dolus
2184 3795 2236 3845 in
2266 3808 2358 3847 ore
2382 3795 2496 3863 ejus
2522 3796 2586 3861 ⁵⁷,
2614 3799 2861 3852 nimirum
2888 3811 3084 3869 mente,
3109 3816 3139 3857 a
3162 3818 3265 3871 qua
3299 3821 3422 3873 pro—

1900 3883 2092 3935 cedunt
2123 3885 2381 3950 superﬂua
2426 3888 2621 3940 cordis.
2668 3889 2912 3942 Animam
2942 3904 3110 3945 meam
3144 3894 3238 3948 tibi
3275 3910 3420 3947 com»

1899 3972 2050 4023 mitto
2093 3985 2324 4039 semper,
2362 3984 2413 4027 te
2440 3978 2729 4041 custodem,
2758 3985 3108 4046 protectorem
3136 3994 3201 4034 ac
3227 3981 3393 4047 gubcr

1902 4069 2136 4114 notorem
2163 4064 2326 4132 809
2351 4064 2488 4119 illius
2510 4064 2667 4131 facio,
2694 4078 2747 4121 et
2772 4079 3045 4137 propterea
3074 4069 3240 4136 legem
3272 4081 3416 4124 tuam

1900 4162 2001 4201 non
2024 4165 2138 4202 sum
2165 4153 2377 4216 oblitus,
2405 4168 2472 4208 ne
2496 4156 2699 4208 cadam.
2725 4155 2909 4210 Omnis
2935 4158 3023 4223 qui
3046 4158 3273 4224 seipsum
3308 4156 3417 4211 Deo

1901 4234 2113 4297 addicit,
2134 4237 2360 4291 animum
2375 4251 2525 4293 suam
2553 4243 2603 4294 in
2631 4244 2872 4297 inanibus
2893 4242 3009 4311 ejus
3027 4246 3209 4308 tradit,
3235 4259 3420 4314 quem-

1901 4320 2176 4374 admodum
2233 4334 2285 4378 et
2341 4326 2465 4379 alibi
2491 4327 2537 4360 ⁴⁸
2561 4330 2687 4383 dicit
2722 4345 2738 4383 :
2771 4348 2789 4380 ι
2822 4331 3078 4395 Quoniam
3116 4341 3169 4386 tu
3205 4347 3263 4389 es
3292 4349 3418 4403 pro-

1899 4416 2068 4462 tector
2110 4426 2294 4476 meus,
2332 4415 2587 4481 Domine,
2624 4417 2675 4471 in
2726 4433 2915 4473 manus
2962 4431 3080 4473 tuas
3108 4424 3421 4476 commendo

1897 4497 2138 4564 spiritum
2167 4513 2360 4553 meum.
2394 4518 2415 4552 ι
2456 4502 2511 4555 Si
2546 4513 2717 4558 autem
2752 4508 2984 4576 seipsum
3029 4508 3222 4575 partim
3263 4509 3423 4564 tradit

1899 4585 2258 4654 voluptatibus
2306 4600 2361 4644 et
2411 4591 2686 4649 aﬂ'ectibus
2738 4596 3008 4665 corporeis
3051 4605 3217 4664 atque
3264 4596 3424 4664 huius

1899 4676 2017 4729 vita
2044 4677 2207 4743 curis,
2239 4694 2339 4733 non
2366 4686 2702 4741 commendat
2722 4687 2954 4739 animam
2979 4700 3131 4740 suam
3156 4686 3214 4738 in
3239 4698 3427 4738 manus

1900 4764 2009 4819 Dei.

1954 4942 2427 5016 Ejusdem-Aquila
2453 4949 2529 5004 sic
2553 4952 2712 5004 vertit
2741 4967 2757 5005 :
2792 4966 2812 4999 ι
2843 4948 3035 5000 Anima
3066 4956 3191 4993 mea
3227 4941 3283 4991 in
3319 4939 3437 4990 vola

1888 5046 2003 5085 mea
2034 5034 2391 5089 indesinenter
2423 5048 2476 5092 et
2503 5053 2777 5108 perpetuo,
2823 5045 2882 5088 et
2917 5035 3091 5099 legem
3149 5038 3302 5079 tuam
3343 5039 3448 5076 non

1886 5136 2001 5174 sum
2033 5122 2243 5177 oblitus.
2270 5143 2288 5175 ι
2315 5126 2659 5192 Symmachus
2694 5143 2709 5178 :
2744 5141 2764 5173 e
2791 5121 2989 5174 Anima
3015 5127 3147 5166 mea
3186 5119 3319 5176 Ροδῑ
3346 5123 3457 5159 “¹³’

1888 5224 1985 5261 nus
2018 5224 2164 5262 meas
2219 5191 2458 5277 semper;
2489 5230 2506 5262 ι
2553 5213 2735 5277 quinta
2800 5212 2994 5256 autem
3039 5195 3231 5249 editio
3284 5191 3471 5245 eodem

1888 5298 2041 5349 modo
2075 5313 2138 5351 ac
2179 5298 2522 5367 Septuaginta
2554 5299 2919 5363 interpretes.

342 5470 384 5501 δ’
411 5466 550 5521 Psal.
581 5478 833 5524 Lxxxvm,
861 5465 912 5515 ι.
983 5467 1028 5497 ⁸⁸
1058 5466 1213 5516 Prov.
1242 5480 1336 5528 xu,
1366 5467 1416 5519 5.
1495 5466 1539 5497 "
1569 5467 1585 5519 l
1610 5468 1747 5523 Petr.
1781 5484 1840 5534 ιι,
1869 5467 1957 5521 ‘22.
2035 5468 2078 5499 ⁸⁸
2106 5467 2246 5519 I‘sal.
2274 5481 2394 5528 xu,
2425 5466 2476 5530 5,
2506 5466 2557 5521 6.

628 5552 884 5613 Peritos.
920 5556 1032 5613 Gn.
1079 5552 1216 5613 XII.

3085 5537 3168 5595 51
