3884 6230
315 212 483 271 1615

1239 221 1537 278 SELECTA
1572 222 1638 276 IN
1674 221 1998 279 PSALMUS.
2039 256 2103 263 -ο
2138 224 2328 279 PSAL.
2368 224 2593 281 CXVIII.

2948 38 3035 53 ...ᾇῖ
3070 38 3101 55 2i-
3146 42 3349 57 in“
3356 44 3507 58 m-

3374 224 3502 278 lb’M

308 350 459 398 μαι,
487 336 584 388 καὶ
608 336 694 404 μὴ
728 340 1127 407 καταισχύνῃς
1148 358 1223 409 με
1252 343 1367 395 ἀ.τό
1392 341 1496 408 τῆς
1517 340 1866 409 προσδοκίας

1972 348 2016 394 et
2058 342 2243 403 vivant,
2268 351 2315 394 et
2344 357 2443 394 non
2470 338 2762 406 confundas
2789 351 2866 390 me
2895 337 2957 389 ab
2977 339 3346 404 exspectatione
3369 356 3498 406 mea,

308 439 471 486 μου,
500 441 554 476 κ.
584 442 634 479 τ.
656 425 701 477 ἐ.
732 444 750 475 ι
791 427 910 478 Ὅτι
932 430 965 496 ἡ
986 427 1157 495 θλίψις
1184 430 1447 500 ὑπομονὴν
1468 427 1870 498 κατεργάζεται,

314 512 351 579 ἡ
398 512 464 564 δὲ
500 512 743 583 ὑπομονὴ
778 515 1021 585 δοκιμὴν,
1052 518 1085 585 ἡ
1113 517 1169 570 δὲ
1199 518 1389 588 δοκιμὴ
1418 519 1622 583 ἐλπίδα,
1653 521 1685 587 ἡ
1706 518 1760 569 δὲ
1791 517 1875 568 ὲλ-

313 599 424 660 πὶς
444 601 506 652 οὐ
534 602 898 671 καταισχύνει.
936 623 954 653 ι

402 691 521 745 Τοῦ
554 692 756 745 αὐτοῦ.
780 712 799 745 t
822 694 976 747 Κατά
998 693 1056 745 τὸ
1078 694 1251 761 λόγιόν
1277 711 1386 746 σου·
1430 713 1447 745 ι
1480 695 1718 746 τουτέστι
1738 693 1873 744 κατά

313 779 428 849 τὴν
490 782 776 849 ὑπόσχεσιν
810 800 921 837 σου.
985 783 1312 851 Ἐπηγγείλω
1354 784 1458 852 γάρ
1503 786 1559 837 ὲν
1607 783 1682 851 τῷ
1731 782 1874 850 νόμῳ

317 867 727 937 ὐπερασπίζειν
758 870 863 920 τῶν
901 869 1270 936 φυλασσόντων
1313 871 1487 922 αὐτόν.
1538 869 1730 923 Τοῦτον
1770 870 1874 920 τοί-

316 970 424 1006 νυν
454 955 643 1023 ἔχοντα
667 956 757 1008 τὸν
794 957 984 1009 σκοπὸν
1008 958 1102 1025 τῆς
1134 958 1229 1025 σῆς
1258 957 1504 1026 προνοίας
1526 958 1767 1020 ἀξίωσον,
1790 958 1873 1008 ἵνα

321 1042 408 1109 μὴ
442 1042 709 1111 ἐπιτυχὼν
737 1044 832 1111 τῆς
864 1045 1093 1107 ἐλπίδος,
1126 1046 1378 1113 αἰσχύνης
1422 1045 1757 1113 ἀναπλησθῶ.
1802 1046 1875 1096 Τὸ

316 1128 381 1179 δὲ
408 1130 590 1196 λόγιον
622 1130 849 1182 ἐνταῦθα
874 1132 970 1200 τὴν
997 1132 1279 1200 ὑπόσχεσιν
1294 1133 1457 1201 δηλοῖ⁸
1485 1134 1603 1185 ἀντ)⁸
1625 1132 1737 1185 τοῦ·
1766 1134 1871 1200 Την

319 1217 760 1284 ὲπαγγελθείσάν
789 1235 877 1287 μοι
916 1218 1189 1288 παράσχου
1224 1220 1504 1289 σωτηρίαν.

400 1395 723 1462 Βοήθησόν
752 1412 871 1463 μοι,
899 1396 993 1448 καὶ
1039 1396 1397 1463 σωθήσομαι,
1443 1397 1539 1448 καὶ
1567 1394 1873 1463 μελετήσω

320 1482 401 1534 ἐν
440 1485 565 1548 τοῖς
589 1482 931 1551 δικαιώμασί
948 1499 1059 1537 σου
1084 1485 1416 1549 διαπαντός,
1448 1502 1499 1536 κ.
1532 1502 1581 1536 τ.
1612 1486 1657 1535 ὲ.
1692 1485 1872 1555 Είγάρ

325 1571 436 1624 καὶ
470 1572 593 1642 ἔφη·
627 1591 646 1623 t
680 1572 876 1641 Βοηθός
902 1589 997 1641 μου
1024 1573 1116 1624 καὶ
1145 1574 1480 1641 ἁντιλήπτωρ
1516 1590 1615 1640 μου
1647 1568 1695 1624 εἷ
1725 1575 1808 1637 σὺ,
1847 1592 1864 1622 ι

320 1659 470 1712 ἁλλά
488 1661 656 1713 δεῖται
683 1660 925 1729 βοηθείας
952 1661 1301 1714 ἀδιαλείπτου.
1337 1662 1421 1712 Ἐν
1451 1662 1557 1729 ὅσῳ
1588 1661 1691 1729 γάρ
1713 1663 1871 1730 ἐσμεν

321 1748 589 1811 ἐνταῦθα,
633 1748 782 1802 οὔπω
820 1749 1016 1801 τέλειον
1048 1750 1106 1801 τὸ
1140 1768 1157 1798 t
1194 1750 1519 1819 σωθήσομαι,
1556 1770 1574 1801 ι
1607 1751 1716 1802 ἀλλ’
1748 1751 1871 1803 ὅταν

324 1839 479 1906 μετά
508 1838 615 1891 τῶν
640 1838 878 1904 ἀγγέλων
910 1837 1156 1905 ζήσωμεν
1180 1837 1269 1889 τοῦ
1302 1837 1453 1890 Θεοῦ.
1488 1840 1615 1890 Τότε
1647 1840 1751 1908 γὰρ
1784 1840 1870 1892 καὶ

325 1926 538 1994 μελέτη
581 1924 951 1992 δικαιωμάτων
975 1923 1254 1992 πρόσωπον
1292 1926 1423 1993 πρὸς
1454 1926 1753 1994 πρόσωπον,
1810 1928 1871 1978 οὐ

322 2015 478 2067 κατά
510 2014 608 2082 τὴν
626 2013 799 2074 σκιὰν,
840 2012 970 2064 ἀλλά
1003 2013 1136 2065 κατὰ
1166 2013 1259 2082 τὴν
1293 2013 1561 2083 ἀλήθειαν.

404 2102 880 2168 Παραϐαίνοντας
907 2101 1265 2168 ἐλογισάμην
1284 2102 1507 2167 πάντας
1530 2103 1669 2167 τοὺς
1695 2104 1872 2171 ἀμαρ-

320 2208 343 2243 τ
364 2189 564 2254 ωλοὺς
587 2188 694 2255 τῆς
716 2187 839 2256 γῆς’
882 2189 976 2241 διὰ
997 2188 1168 2241 τοῦτο
1197 2188 1473 2256 ἠγάπησα
1497 2191 1565 2241 τὰ
1589 2191 1872 2257 μαρτύριά

323 2296 477 2340 σου,
515 2295 566 2329 κ.
596 2294 644 2328 τ.
670 2279 713 2329 ὲ.
750 2278 933 2346 Ἡμεῖς
960 2279 1055 2346 μὲν
1082 2297 1100 2327 ι
1139 2278 1562 2348 παραϐαίνοντας
1598 2298 1615 2329 ι
1647 2279 1872 2347 λέγομεν

322 2368 462 2428 τοὺς
481 2365 877 2433 δεδιδαγμένους
902 2365 1178 2431 τὸνλόγον,
1208 2365 1299 2418 κα)⁸
1330 2366 1462 2434 μετά
1478 2365 1536 2418 τὸ
1557 2366 1869 2435 δεδιδάχθαι,

327 2456 413 2525 μὴ
443 2454 823 2523 τετηρηκότας.
860 2454 971 2505 ἀλλ’
1014 2454 1346 2516 ἀποστάντας
1384 2456 1474 2508 καὶ
1504 2454 1873 2524 παραϐεϐηκό-

323 2560 452 2604 τας.
488 2538 649 2604 Οὗτος
677 2541 731 2593 δὲ
763 2544 882 2611 ὁρᾷ,
915 2543 995 2594 ὅτι
1022 2542 1215 2603 πάντες
1245 2542 1450 2610 ἔχουσιν
1478 2543 1721 2612 ἀφορμάς
1739 2542 1869 2611 πρὸς

325 2629 754 2697 καλοκάγαθίαν,
790 2632 836 2683 εἰ
869 2630 958 2683 καὶ
1001 2630 1073 2699 μὴ
1105 2629 1467 2699 ἐδιδάχθησαν·
1504 2630 1638 2682 ὥστε
1671 2630 1741 2698 μὴ
1775 2629 1870 2703 μό-

324 2737 459 2782 νους
496 2718 805 2788 παραϐάτας
834 2717 1079 2785 λέγεσθαι
1100 2719 1222 2779 τοὺς
1252 2716 1388 2786 μετά
1419 2716 1513 2786 τὴν
1536 2718 1709 2769 πίστιν
1735 2718 1869 2770 ἀπο-

326 2809 587 2871 στάντας,
626 2807 758 2859 ἀλλά
794 2808 886 2859 καὶ
920 2808 1043 2869 τοὺς
1072 2805 1414 2858 ὁπωσποτοῦν
1450 2808 1867 2876 ἁμαρτάνοντας.

1970 437 2075 481 etc.
2108 444 2127 477 ι
2169 426 2426 491 Quoniam
2466 425 2732 480 tribulatio
2760 425 3065 491 patientiam
3106 434 3374 493 operatur,
3404 444 3498 494 pa-

1972 516 2151 570 tientia
2178 514 2564 582 probationem,
2584 512 2823 583 probatio
2848 528 2969 570 vero
2988 530 3157 583 spem,
3182 530 3303 590 spes
3323 529 3496 570 autem

1972 619 2074 658 non
2104 602 2379 658 confundit
2406 602 2470 653 ⁸⁸.
2503 620 2522 653 ι

2041 690 2668 759 EjusdemJtSecundum
2688 690 2951 758 eloquium
2983 700 3179 756 tuum,»
3211 693 3262 745 id
3294 701 3378 746 est
3413 707 3500 747 se-

1972 782 2259 835 secundum
2293 780 2724 849 pollicitationem
2758 791 2920 833 tuam.
2973 781 3246 837 Pollicitus
3272 797 3330 836 es
3354 782 3495 835 enim

1973 872 2023 923 in
2067 871 2180 937 lege
2213 881 2262 924 te
2284 868 2395 922 fore
2422 867 2827 922 custodientium
2853 868 2992 921 illam
3016 870 3362 924 defensorem.
3398 870 3495 923 Cui

1974 961 2132 1028 igitur
2159 960 2296 1014 istud
2339 960 2661 1028 propositum
2690 965 2791 1021 est,
2846 972 2967 1010 eum
3015 959 3344 1025 providentia
3407 967 3496 1010 tua

1972 1048 2206 1113 dignare,
2260 1059 2324 1097 ne
2364 1059 2456 1110 spe
2495 1043 2746 1096 excidens
2776 1042 3085 1095 confusione
3120 1043 3342 1110 replear.
3371 1044 3495 1096 Elo-

1970 1137 2150 1202 quium
2210 1143 2383 1185 autem
2433 1133 2531 1184 ltoc
2596 1130 2708 1182 loco
2756 1131 3161 1197 promissionem
3211 1132 3496 1200 signiﬁcat,

1971 1234 2130 1288 atque
2155 1221 2292 1273 idem
2318 1230 2398 1273 est
2430 1233 2491 1271 ac
2517 1219 2560 1272 si
2588 1218 2785 1272 diceret
2815 1234 2828 1269 :
2858 1218 3177 1273 Promissam
3198 1221 3325 1273 mihi
3358 1221 3499 1274 salu-

1971 1317 2075 1362 tem
2103 1308 2296 1374 prtebe.

2038 1393 2194 1446 Vens.
2233 1394 2354 1446 H7.
2395 1390 2596 1458 Adjura
2625 1406 2702 1443 me
2731 1399 2775 1442 et
2798 1390 2967 1443 salvus
3001 1406 3110 1455 ero,
3138 1399 3184 1442 et
3216 1388 3500 1441 meditabor

1973 1486 2023 1536 in
2046 1482 2502 1550 jnstiﬁcationibus
2524 1484 2623 1535 tuis
2645 1480 2859 1548 semper,
2889 1489 2990 1533 etc.
3014 1479 3227 1532 Dixerat
3245 1477 3453 1546 quidem
3482 1494 3495 1529 :

1977 1587 1995 1620 ι
2014 1570 2233 1637 Adjutor
2261 1579 2312 1620 et
2342 1579 2617 1636 susceptor
2643 1584 2790 1622 meus
2812 1583 2870 1621 es
2896 1577 2972 1630 tu,
2999 1586 3018 1618 ι
3053 1566 3146 1620 sed
3177 1565 3498 1619 indesinenti

1971 1669 2091 1725 eget
2122 1658 2336 1711 auxilio.
2380 1657 2623 1723 Quaudiu
2663 1659 2804 1711 enim
2835 1671 3021 1711 sumus
3046 1656 3097 1708 in
3143 1655 3243 1709 hoc
3278 1655 3495 1715 mundo,

1973 1750 2198 1801 nondum
2241 1745 2537 1813 perfectura
2586 1759 2667 1800 est
2712 1748 2841 1799 illud
2878 1768 2889 1800 :
2926 1764 2942 1796 ι
2967 1746 3155 1799 Salvus
3202 1760 3316 1806 ero,
3348 1762 3366 1794 ι
3405 1746 3497 1797 sed

1971 1840 2179 1905 quando
2204 1855 2323 1892 cum
2352 1840 2551 1906 angelis
2582 1836 2670 1889 Dei
2705 1839 2960 1886 vivemus.
2998 1833 3147 1885 Tunc
3168 1832 3307 1885 enim
3336 1832 3499 1883 medi-

1975 1928 2102 1981 tatio
2136 1930 2507 1981 mandatorum
2540 1928 2627 1978 ﬁet
2655 1923 2787 1976 facie
2821 1923 2885 1975 ad
2912 1922 3121 1986 faciem,
3152 1935 3257 1973 non
3282 1919 3496 1973 umbra-

1976 2016 2094 2077 tice,
2132 2016 2224 2068 sed
2259 2015 2543 2069 secundum
2578 2012 2877 2065 veritatem.

2045 2102 2199 2156 Vens.
2229 2104 2346 2156 H9.
2391 2101 2791 2154 Pra'varicantes
2821 2098 3046 2164 reputavi
3072 2111 3244 2148 omnes
3268 2104 3499 2162 peccato-

1972 2210 2050 2246 res
2076 2204 2224 2246 terra:
2248 2208 2265 2244 :
2287 2194 2402 2245 ideo
2431 2190 2587 2243 dilexi
2608 2188 2899 2242 testimonia
2927 2197 3036 2250 tua,
3065 2196 3168 2241 etc.
3218 2184 3328 2239 Nos
3381 2185 3499 2252 qui-

1972 2282 2090 2332 dem
2148 2277 2601 2345 cpraevaricantes
2635 2295 2653 2326 ι
2715 2276 2939 2328 dicimus
2985 2288 3077 2327 eos
3137 2274 3225 2340 qui
3277 2272 3495 2326 verbum

1970 2368 2141 2420 edocti
2187 2375 2331 2428 sunt,
2367 2376 2419 2418 et
2458 2376 2733 2434 postquam
2766 2364 2939 2419 edocti
2990 2371 3150 2425 sunt,
3208 2362 3335 2416 illud
3388 2375 3497 2416 non

1969 2457 2341 2519 observarunt,
2386 2454 2477 2507 sed
2514 2455 2857 2507 deseruerunt
2896 2461 2951 2505 et
2990 2451 3320 2521 prmvaricati
3349 2460 3493 2503 sunt.

1970 2545 2064 2597 llic
2096 2554 2272 2597 autem
2310 2542 2455 2595 videt
2491 2552 2710 2595 cunctos
2736 2542 2930 2595 habere
2955 2539 3087 2592 bene
3112 2538 3299 2607 agendi
3334 2551 3493 2591 ocea-

1973 2648 2174 2698 stones,
2228 2634 2332 2686 etsi
2373 2648 2477 2685 non
2527 2630 2725 2683 fuerint
2758 2629 2929 2693 docti,
2976 2627 3047 2678 ita
3084 2634 3278 2679 utnon
3324 2625 3496 2678 solum

1969 2736 2060 2776 eos
2105 2720 2331 2788 appellet
2369 2719 2773 2787 praevaricantes
2816 2716 2903 2782 qui
2937 2716 3091 2769 fidem
3142 2714 3493 2775 deseruerint,

1970 2824 2151 2863 verum
2172 2810 2333 2862 etiam
2364 2824 2454 2862 eos
2486 2811 2574 2876 qui
2614 2808 3088 2876 quomodocunque
3131 2804 3339 2857 tandem
3367 2817 3495 2871 pec.-

339 2897 679 2968 Ἀμαρτωλοὶ
714 2897 768 2950 δὲ
807 2896 903 2965 τῆς
942 2896 1042 2964 γῆς
1071 2897 1119 2948 ol
1150 2897 1238 2947 ἐπὶ
1267 2897 1367 2964 γῆς
1396 2896 1763 2965 ἡμαρτηκότες
1790 2896 1866 2949 ἀν·

1972 2908 2115 2952 cant.
2170 2896 2484 2951 Peccatores
2516 2912 2641 2950 vero
2670 2905 2825 2948 terra:
2856 2893 3095 2947 homines
3143 2901 3269 2946 sunt
3310 2893 3401 2960 qui
3444 2892 3498 2944 in

326 2988 560 3056 θρωποι.
596 2984 772 3037 ’Ἄλλοι
818 2985 923 3053 γάρ
955 2986 1084 3035 εἰσιν
1106 2983 1409 3053 ἁμαρτωλοὶ
1434 2984 1678 3055 οὐρανοῦ,
1733 2983 1867 3054 πρὸς

321 3074 425 3137 οὒς
448 3077 577 3143 ἡμῖν
604 3076 744 3126 ἐστιν
763 3076 796 3142 ἡ
817 3073 954 3143 πάλη
985 3091 1002 3122 ι
1039 3073 1171 3142 πρὸς
1192 3073 1258 3125 τά
1292 3074 1621 3142 πνευματικά
1653 3074 1750 3141 τῆς
1780 3092 1867 3127 πο-

322 3165 523 3235 νηρίας
568 3164 625 3214 ὲν
671 3165 783 3225 τοῖς
830 3163 1177 3231 ἐπουρανίοις.
1244 3183 1262 3212 ι
1328 3164 1470 3214 Ἐκεῖ
1512 3163 1616 3232 γάρ
1658 3163 1865 3232 πρῶτον

321 3252 681 3323 ἁμαρτόντες,
715 3250 934 3319 ὕστερον
964 3249 1055 3301 καὶ
1084 3251 1173 3301 ἐπὶ
1201 3251 1300 3316 γῆς
1326 3250 1480 3302 τοῦτο
1508 3252 1760 3306 ποιοῦσιν.

404 3339 770 3405 Καοήλωσον
794 3337 860 3389 ἐκ
881 3337 983 3391 τοῦ
1018 3339 1199 3404 φόϐου
1221 3352 1334 3389 σου
1362 3339 1462 3402 τὰς
1481 3338 1706 3405 σάρκας
1725 3357 1860 3407 μου*

323 3429 450 3484 ἀπὸ
480 3427 586 3495 γὰρ
626 3423 742 3476 τῶν
770 3423 1057 3491 χριμάτων
1074 3441 1187 3476 σου
1213 3425 1526 3492 ἐφοϐήθην,
1556 3444 1606 3478 κ.
1641 3445 1688 3479 τ.
1716 3429 1760 3479 ὲ.
1808 3430 1864 3479 '0

323 3516 726 3585 καθηλούμενος
774 3514 1110 3584 σταυροῦται.
1148 3515 1301 3583 Ζητῶ
1352 3510 1442 3566 οὖν
1488 3516 1575 3566 τὸν
1620 3518 1863 3585 σταυρὸν,

323 3608 424 3659 καὶ
462 3604 607 3674 ζητῶ
642 3604 845 3672 μήποτε
868 3603 896 3652 ὁ
927 3602 1148 3671 σταυρός
1172 3606 1311 3654 ἐστιν
1343 3606 1370 3655 ό
1402 3603 1558 3670 φόϐος
1597 3604 1685 3656 τοῦ
1711 3604 1859 3656 Θεοῦ.

325 3696 443 3750 Καὶ
474 3693 580 3762 γὰρ
604 3687 749 3743 εἶπεν
785 3694 813 3743 ὁ
842 3691 1042 3761 Σωτήρ·
1073 3709 1090 3740 t
1136 3693 1227 3753 Ὃς
1246 3693 1336 3744 ἐὰν
1372 3693 1443 3761 μὴ
1470 3693 1574 3764 ἄρῃ
1598 3694 1685 3745 τὸν
1718 3710 1864 3747 σταυ-

332 3785 427 3855 ρὸν
454 3783 640 3846 αὑτοῦ,
659 3782 748 3834 καὶ
777 3780 1104 3851 ἀκολουθήσῃ
1127 3798 1232 3851 μοι,
1265 3781 1360 3833 οὐκ
1388 3781 1497 3835 ἔστι
1521 3800 1617 3851 μου
1640 3783 1800 3846 ἄξιος.
1840 3805 1857 3835 ι

250 3902 259 3907 ~
328 3872 597 3933 Πολλάκις
626 3871 681 3922 δὲ
706 3869 1104 3938 διεστειλάμεθα
1145 3871 1271 3940 περὶ
1308 3870 1470 3937 φόϐου
1504 3873 1594 3923 καὶ
1627 3874 1859 3941 ἀγάπηςο

330 3961 426 4016 καὶ
452 3959 773 4027 τελειότερον
801 3959 1091 4027 εἰρήκαμεν
1118 3959 1205 4010 τὸν
1234 3960 1524 4026 ἀγαπῶντα
1549 3961 1639 4013 τοῦ
1672 3963 1861 4031 φοϐου-

335 4052 522 4122 μένου,
558 4050 648 4101 καὶ
688 4049 974 4114 ἀναγκαῖον
1002 4044 1134 4099 εἶναι
1165 4048 1254 4099 τὸν
1285 4048 1442 4115 φόϐον
1482 4051 1612 4118 πρὸς
1641 4051 1863 4119 εἰσαγω-

331 4144 454 4211 γήν.
473 4142 641 4193 Ὅπου
661 4138 715 4190 δὲ
741 4138 947 4206 εἰσέλθῃ
976 4155 993 4186 t
1023 4138 1195 4190 τελεία
1227 4139 1432 4207 ἀγάπη,
1454 4139 1556 4204 ἔξω
1581 4140 1755 4207 βάλλει
1776 4142 1862 4193 τὸν

333 4230 514 4299 φόϐον.
564 4247 582 4279 ι
631 4228 779 4279 Ἐπεὶ
816 4227 987 4278 τοίνυν
1024 4226 1325 4296 εὑρίσκεται
1364 4228 1755 4297 καθηλούμενος
1800 4232 1862 4282 ὲκ

331 4318 423 4371 τοῦ
478 4316 637 4386 φόϐου
686 4316 787 4367 ὑπὸ
827 4316 918 4367 τοῦ
960 4316 1091 4368 Θεου
1124 4318 1152 4367 ὁ
1183 4316 1402 4379 δίκαιος,
1448 4316 1609 4385 ζητῶ,
1658 4319 1861 4388 μήποτε

330 4409 359 4461 ὁ
395 4409 488 4476 μὲν
544 4404 931 4475 σταυρούμενος
978 4405 1212 4471 φοϐεῖται
1256 4405 1646 4475 καθηλούμενος
1683 4410 1745 4459 ὲκ
1770 4407 1859 4459 τοῦ

332 4496 514 4563 φόϐου,
569 4495 653 4545 ἵνα
693 4492 935 4563 νεκρώσῃ
965 4494 1030 4545 τὰ
1075 4494 1206 4563 μέλη
1233 4493 1296 4545 τά
1327 4495 1533 4563 ent-:71;
1564 4496 1680 4562 γῆς·
1706 4497 1863 4565 ἡνίκα

330 4585 373 4637 δ’
388 4586 453 4638 ἂν
478 4583 603 4651 ἔλθῃ
634 4584 667 4650 ἡ
687 4581 862 4632 τελεία
883 4582 1085 4651 ἀγάπη,
1110 4582 1440 4652 καθαιρείται
1459 4584 1564 4635 ἀπὸ
1584 4584 1675 4635 τοῦ
1703 4602 1861 4637 σταυ-

337 4674 450 4743 ροῦ,
468 4672 746 4731 θάπτεται,
777 4671 839 4720 ἐκ
870 4670 1072 4737 νεκρῶν
1103 4670 1387 4738 ἐγείρεται,
1418 4672 1480 4723 ἶν’
1507 4673 1561 4723 ὲν
1595 4674 1862 4743 καινότητι

333 4762 472 4831 ζωῆς
502 4759 860 4829 περιπατήσῃ.
892 4759 1069 4810 οὐκέτι
1091 4759 1225 4810 κατά
1247 4758 1425 4826 φόϐον,
1447 4759 1577 4811 ἀλλά
1604 4764 1740 4814 κατὰ
1766 4762 1861 4831 τὴν

334 4850 548 4917 ἀγάπην
578 4848 675 4917 τὴν
704 4849 757 4899 ὲν
784 4846 997 4916 Χριστῷ
1032 4847 1218 4915 Ἰησοῦ.

415 4938 691 5002 Ἐποίησα
717 4936 890 5002 κρίμα
916 4936 1005 4987 καὶ
1040 4935 1438 5003 δικαιοσύνην·
1481 4938 1565 5005 μὴ
1593 4940 1860 5006 παραδῷς

328 5041 403 5091 με
428 5024 547 5087 τοῖς
571 5023 842 5075 ἀδικοῦσί
872 5040 966 5089 με,
1004 5040 1055 5075 κ.
1079 5026 1188 5075 τ.ὲ.
1219 5025 1339 5087 Πῶς
1368 5023 1459 5078 οὖν
1497 5027 1611 5078 Ἰὼϐ
1637 5030 1859 5097 ποιήσας

334 5111 503 5178 κρίμα
534 5110 628 5160 καὶ
675 5108 1028 5177 δικαιοσύνην,
1062 5108 1135 5170 ὡς
1167 5108 1322 5169 αὐτὸς
1348 5110 1376 5159 ὁ
1408 5109 1604 5178 Κύριος
1633 5111 1859 5180 ἐμαρτύ-

340 5212 487 5264 ρησε,
517 5194 775 5263 παρεδόθη
806 5197 912 5255 τοῖς
939 5193 1203 5245 ἀδικοῦσιν
1234 5194 1421 5258 αὐτόνς
1471 5196 1539 5246 Ἦ
1564 5196 1659 5264 τὴν
1690 5196 1859 5265 ψυχὴν

337 5284 509 5343 αὐτοῖς
538 5283 597 5333 οὐ
633 5282 870 5351 βούλεται
919 5281 1311 5351 παραδίδοσθαι·
1356 5281 1597 5350 σώματος
1637 5285 1741 5353 γάρ
1768 5286 1860 5337 καὶ

339 5372 620 5436 κτημάτων
660 5372 688 5422 ό
712 5370 906 5431 δίκαιος
924 5365 1057 5421 οἶδεν
1088 5373 1455 5438 καταφρονεῖν.

410 5460 452 5491 ⁵⁸
486 5458 638 5513 Rom.
669 5476 718 5525 γ,
748 5460 800 5514 5.
872 5463 916 5493 ⁸¹
940 5459 1133 5528 Ephes.
1167 5474 1235 5523 τι,
1266 5462 1353 5513 12.
1429 5461 1475 5491 ⁸³
1504 5459 1686 5516 Matth.
1722 5480 1774 5528 κ,
1802 5464 1888 5518 '58.

1974 2995 2111 3040 terra
2142 2996 2379 3055 peccant.
2425 2986 2532 3040 Alii
2578 2987 2718 3039 enim
2749 2994 2871 3037 sunt
2911 2995 3213 3051 peccatores
3236 2984 3377 3049 caeli,
3400 2993 3495 3036 ad-

1970 3091 2153 3129 versus
2175 3091 2309 3144 quos
2336 3076 2488 3130 nobis
2523 3085 2605 3130 est
2631 3073 2936 3127 colluctatio
2975 3090 2993 3122 ι
3015 3082 3197 3127 contra
3237 3073 3494 3142 spiritalia

1969 3165 2218 3232 nequitia:
2250 3165 2302 3216 in
2327 3163 2631 3217 cmlcstibus
2656 3162 2721 3215 ⁸⁸.
2755 3179 2775 3212 ι
2806 3162 2937 3215 Cum
2962 3162 3100 3215 enim
3130 3163 3359 3230 primum
3391 3161 3499 3215 illic

1969 3252 2324 3321 peccaverint.
2355 3252 2688 3319 postmodum
2719 3251 2879 3304 etiam
2905 3250 2955 3302 in
2987 3258 3126 3301 terra
3149 3251 3247 3302 hoc
3269 3249 3491 3303 faciunt.

2034 3340 2192 3409 811
2225 3338 2384 3394 Vens.
2425 3338 2543 3393 120.
2576 3337 2785 3406 Con/ige
2813 3338 2993 3389 timore
3017 3347 3105 3387 tuo
3140 3351 3315 3389 carnes
3336 3351 3493 3388 mens:

1967 3449 1999 3484 a
2017 3430 2230 3500 judiciis
2252 3430 2384 3482 enim
2411 3430 2511 3482 tuis
2535 3428 2701 3489 timui,
2731 3436 2833 3478 etc.
2859 3424 2957 3489 Qui
2989 3425 3151 3478 clavis
3175 3424 3360 3478 afﬁxus
3389 3438 3491 3486 est.

1966 3517 2314 3585 cruciﬁgitur.
2371 3516 2561 3581 Quaaro
2596 3516 2757 3583 igitur
2804 3529 3038 3579 crucem,
3075 3521 3128 3569 et
3161 3528 3337 3582 quer
3367 3531 3491 3567 num

1968 3606 2107 3661 forte
2132 3621 2262 3659 crux
2297 3605 2366 3657 sit
2415 3605 2571 3658 timor
2623 3604 2735 3658 Dei.
2771 3603 2976 3657 Etenim
3028 3601 3272 3656 Salvator
3314 3604 3490 3657 dixit:

1974 3714 1991 3745 ι
2020 3695 2120 3761 Qui
2150 3708 2252 3747 non
2298 3694 2490 3760 accipit
2524 3708 2731 3746 crucem
2761 3709 2943 3757 suam,
2992 3702 3045 3745 et
3096 3692 3335 3759 sequitur
3387 3707 3491 3748 me.

1970 3802 2073 3839 non
2106 3794 2186 3839 est
2213 3799 2295 3837 nte
2340 3782 2531 3849 dignus
2571 3783 2637 3834 ⁸³.
2663 3802 2683 3833 ι
2740 3782 3115 3851 Saepenumero
3167 3783 3409 3837 timorem
3461 3799 3491 3835 a

1967 3869 2246 3922 dilectione
2270 3868 2609 3923 distinximus
2630 3908 2645 3932 ,
2690 3868 3102 3937 diligentemque
3128 3869 3344 3923 timente
3373 3883 3492 3938 per-

1968 3956 2239 4011 fectiorem
2272 3971 2390 4010 esse
2418 3957 2674 4018 diximus,
2704 3965 2756 4009 et
2793 3958 3155 4011 necessarium
3184 3973 3302 4011 esse
3336 3959 3491 4011 timo-

1969 4062 2080 4099 rem
2112 4060 2208 4112 pro
2239 4046 2653 4100 introductione.
2704 4045 2802 4100 Ubi
2832 4057 3005 4099 autem
3053 4046 3289 4112 ingressa
3331 4045 3491 4100 fuerit

1974 4151 1992 4183 ι
2016 4133 2250 4200 perfecta
2279 4132 2537 4196 charitas,
2577 4133 2716 4186 foras
2740 4132 2900 4185 mittit
2935 4133 3174 4186 timorem
3208 4132 3272 4186 “.
3301 4151 3320 4183 ι
3349 4132 3492 4200 Quo-

1897 4222 1936 4273 D
1967 4223 2107 4273 niam
2145 4220 2301 4288 igitur
2325 4219 2505 4285 justus
2536 4221 2727 4273 timore
2756 4236 2784 4272 a
2814 4220 2919 4275 Deo
2943 4220 3183 4273 conﬁxus
3211 4222 3490 4290 reperitur,

1966 4329 2283 4383 quaerouum
2314 4314 2452 4367 forte
2484 4314 2770 4368 cruciﬁxus
2804 4314 3015 4383 quidem
3045 4316 3224 4368 timeat
3250 4318 3493 4373 conﬁxus

1968 4402 2179 4467 timore,
2224 4412 2279 4454 ut
2314 4402 2597 4457 mortificet
2648 4403 2883 4457 membra
2924 4419 3016 4457 sua
3046 4419 3161 4471 quae
3187 4416 3311 4460 sunt
3335 4423 3493 4477 super

1968 4501 2194 4554 terram;
2236 4491 2452 4557 quando
2492 4503 2668 4543 autem
2710 4494 2914 4546 venerit
2958 4494 3191 4562 perfecta
3233 4495 3488 4561 cbaritas,

1966 4579 2014 4632 de
2034 4588 2260 4647 putatur
2287 4580 2351 4633 de
2376 4593 2552 4644 cruce,
2580 4580 2885 4648 sepeliatur,
2932 4598 2960 4635 a
2998 4584 3225 4638 mortuis
3264 4587 3491 4641 suscite-

1966 4674 2071 4728 tur,
2122 4676 2179 4719 ut
2228 4668 2283 4720 in
2333 4670 2565 4723 novitate
2617 4670 2741 4723 vita:
2790 4671 3056 4739 ambulet,
3107 4687 3210 4727 non
3258 4674 3488 4742 amplius

1963 4754 2254 4807 secundum
2281 4756 2550 4823 timorem,
2575 4758 2667 4813 sed
2690 4760 2979 4815 secundum
3009 4760 3343 4815 dilectionem
3369 4777 3489 4830 quae

1963 4854 2046 4896 est
2070 4844 2120 4894 in
2148 4842 2359 4896 Christo
2382 4844 2527 4899 Jesu.

2036 4931 2196 4985 Vens.
2227 4933 2343 4986 121.
2378 4932 2503 4987 Feci
2518 4935 2776 5003 judicium
2796 4946 2841 4990 et
2858 4916 3119 5003 justitiam
3140 4949 3158 4984 :
3185 4950 3284 4988 non
3306 4938 3484 4988 tradas

1963 5035 2042 5071 me
2085 5022 2515 5077 calumniantibus
2559 5042 2657 5087 me,
2692 5037 2797 5078 etc.
2846 5024 3121 5087 Quomodo
3168 5024 3328 5090 igitur
3384 5022 3487 5079 Joh

1962 5108 2071 5174 qui,
2119 5118 2177 5159 ut
2231 5117 2454 5164 testatus
2496 5119 2579 5164 est
2623 5110 2895 5169 Dominus,
2948 5107 3076 5160 fecit
3125 5108 3385 5176 judicium
3432 5124 3486 5168 ct
3544 5176 3551 5181 ,

1958 5197 2249 5263 justitiam,
2300 5201 2522 5251 traditus
2565 5205 2648 5249 est
2692 5193 3133 5249 calumniantibus
3186 5196 3279 5250 se?
3323 5196 3486 5251 Certe

1963 5287 2193 5337 animam
2236 5286 2341 5337 illis
2375 5285 2508 5336 tradi
2555 5295 2658 5332 non
2704 5278 2835 5331 vult.
2872 5278 3077 5347 Corpus
3105 5284 3247 5337 enim
3270 5291 3324 5336 et
3348 5283 3486 5337 divi-

1964 5372 2064 5422 tias
2084 5371 2259 5435 justus
2289 5371 2430 5421 novit
2449 5377 2806 5421 contemnere.

1967 5465 2010 5495 “
2040 5463 2057 5516 ι
2084 5462 2236 5517 Joan.
2271 5476 2340 5524 tv,
2368 5459 2453 5514 18.
