  <div class='ocr_page' id='page_1' title='image "/cluster/home/n/w/nwhite01/storage/ocr_20150623/12 (Origen; pt. 2)/nyp.33433081862272/830.png"; bbox 0 0 3884 6248; ppageno 0'>
   <div class='ocr_carea' id='block_1_1' title="bbox 325 296 3502 373">
    <p class='ocr_par' dir='ltr' id='par_1_1' title="bbox 325 296 3502 373">
     <span class='ocr_line' id='line_1_1' title="bbox 325 296 3502 373; baseline -0.007 -3"><span class='ocrx_word' id='word_1_1' title='bbox 325 317 477 373; x_wconf 66' lang='grc' dir='ltr'>ιεει</span> <span class='ocrx_word' id='word_1_2' title='bbox 555 329 561 333; x_wconf 64' lang='lat'><strong>-</strong></span> <span class='ocrx_word' id='word_1_3' title='bbox 1088 342 1095 349; x_wconf 68' lang='grc' dir='ltr'><strong>ι</strong></span> <span class='ocrx_word' id='word_1_4' title='bbox 1240 301 1539 371; x_wconf 76' lang='lat' dir='ltr'><strong>SELECTA</strong></span> <span class='ocrx_word' id='word_1_5' title='bbox 1576 314 1641 368; x_wconf 86' lang='lat' dir='ltr'><strong>IN</strong></span> <span class='ocrx_word' id='word_1_6' title='bbox 1680 310 2003 368; x_wconf 73' lang='lat' dir='ltr'><strong>pSALuos.</strong></span> <span class='ocrx_word' id='word_1_7' title='bbox 2045 340 2114 352; x_wconf 90' lang='grc'><strong><em>-</em></strong></span> <span class='ocrx_word' id='word_1_8' title='bbox 2151 308 2341 363; x_wconf 79' lang='lat' dir='ltr'><strong>PSAL.</strong></span> <span class='ocrx_word' id='word_1_9' title='bbox 2373 307 2598 363; x_wconf 84' lang='lat' dir='ltr'><strong>cxvm.</strong></span> <span class='ocrx_word' id='word_1_10' title='bbox 3368 296 3502 349; x_wconf 67' lang='lat'><strong>1622</strong></span> 
     </span>
    </p>
   </div>
   <div class='ocr_carea' id='block_1_2' title="bbox 324 416 1869 505">
    <p class='ocr_par' dir='ltr' id='par_1_2' title="bbox 324 432 1869 505">
     <span class='ocr_line' id='line_1_2' title="bbox 324 432 1869 505; baseline -0.003 -17"><span class='ocrx_word' id='word_1_11' title='bbox 324 441 421 502; x_wconf 74' lang='grc' dir='ltr'>εὶς</span> <span class='ocrx_word' id='word_1_12' title='bbox 452 438 565 491; x_wconf 76' lang='grc' dir='ltr'>τὸν</span> <span class='ocrx_word' id='word_1_13' title='bbox 589 436 769 490; x_wconf 71' lang='grc' dir='ltr'>αἰῶνα</span> <span class='ocrx_word' id='word_1_14' title='bbox 809 436 1195 505; x_wconf 75' lang='grc' dir='ltr'><strong>ἐθεμελίωσας</strong></span> <span class='ocrx_word' id='word_1_15' title='bbox 1222 436 1389 499; x_wconf 82' lang='grc' dir='ltr'>αὐτὰ,</span> <span class='ocrx_word' id='word_1_16' title='bbox 1423 453 1475 487; x_wconf 91' lang='grc' dir='ltr'><strong>κ.</strong></span> <span class='ocrx_word' id='word_1_17' title='bbox 1496 453 1542 487; x_wconf 84' lang='grc' dir='ltr'><strong>τ.</strong></span> <span class='ocrx_word' id='word_1_18' title='bbox 1568 436 1614 486; x_wconf 83' lang='grc' dir='ltr'>ὲ.</span> <span class='ocrx_word' id='word_1_19' title='bbox 1654 436 1717 486; x_wconf 86' lang='grc' dir='ltr'><strong>Ἠ</strong></span> <span class='ocrx_word' id='word_1_20' title='bbox 1741 432 1869 500; x_wconf 85' lang='grc' dir='ltr'><strong>γνῶ-</strong></span> 
     </span>
    </p>
   </div>
   <div class='ocr_carea' id='block_1_3' title="bbox 1974 416 3497 505">
    <p class='ocr_par' dir='ltr' id='par_1_3' title="bbox 1974 416 3497 495">
     <span class='ocr_line' id='line_1_3' title="bbox 1974 416 3497 495; baseline -0.009 -13"><span class='ocrx_word' id='word_1_21' title='bbox 1974 434 2020 482; x_wconf 84' lang='lat' dir='ltr'><strong>in</strong></span> <span class='ocrx_word' id='word_1_22' title='bbox 2041 440 2283 485; x_wconf 67' lang='lat' dir='ltr'><strong>aeternum</strong></span> <span class='ocrx_word' id='word_1_23' title='bbox 2326 428 2556 495; x_wconf 72' lang='lat' dir='ltr'><strong>fundasti</strong></span> <span class='ocrx_word' id='word_1_24' title='bbox 2598 443 2697 489; x_wconf 84' lang='lat' dir='ltr'><strong>ea,</strong></span> <span class='ocrx_word' id='word_1_25' title='bbox 2730 433 2835 479; x_wconf 89' lang='lat' dir='ltr'><strong>etc.</strong></span> <span class='ocrx_word' id='word_1_26' title='bbox 2893 421 3018 478; x_wconf 75' lang='lat' dir='ltr'><strong>Mihi</strong></span> <span class='ocrx_word' id='word_1_27' title='bbox 3067 421 3193 475; x_wconf 91' lang='lat' dir='ltr'><strong>olim</strong></span> <span class='ocrx_word' id='word_1_28' title='bbox 3248 418 3314 472; x_wconf 89' lang='lat' dir='ltr'><strong>ab</strong></span> <span class='ocrx_word' id='word_1_29' title='bbox 3353 416 3497 469; x_wconf 86' lang='lat' dir='ltr'><strong>initio</strong></span> 
     </span>
    </p>
   </div>
   <div class='ocr_carea' id='block_1_4' title="bbox 326 505 1869 595">
    <p class='ocr_par' dir='ltr' id='par_1_4' title="bbox 326 520 1869 595">
     <span class='ocr_line' id='line_1_4' title="bbox 326 520 1869 595; baseline -0.004 -18"><span class='ocrx_word' id='word_1_30' title='bbox 326 527 421 587; x_wconf 86' lang='grc' dir='ltr'><strong>σίς</strong></span> <span class='ocrx_word' id='word_1_31' title='bbox 460 542 554 595; x_wconf 85' lang='grc' dir='ltr'><strong>μοι</strong></span> <span class='ocrx_word' id='word_1_32' title='bbox 599 524 828 592; x_wconf 77' lang='grc' dir='ltr'><strong>ἀρχῆθεν</strong></span> <span class='ocrx_word' id='word_1_33' title='bbox 874 521 1154 592; x_wconf 82' lang='grc' dir='ltr'>ἀρξαμένῳ</span> <span class='ocrx_word' id='word_1_34' title='bbox 1190 522 1281 574; x_wconf 86' lang='grc' dir='ltr'><strong>τοῦ</strong></span> <span class='ocrx_word' id='word_1_35' title='bbox 1331 522 1589 574; x_wconf 80' lang='grc' dir='ltr'>θεοσεὸεἶν</span> <span class='ocrx_word' id='word_1_36' title='bbox 1629 520 1869 590; x_wconf 73' lang='grc' dir='ltr'>ἐλήλυθεν</span> 
     </span>
    </p>
   </div>
   <div class='ocr_carea' id='block_1_5' title="bbox 1974 505 3496 595">
    <p class='ocr_par' dir='ltr' id='par_1_5' title="bbox 1976 505 3496 582">
     <span class='ocr_line' id='line_1_5' title="bbox 1976 505 3496 582; baseline -0.011 -10"><span class='ocrx_word' id='word_1_37' title='bbox 1976 520 2135 572; x_wconf 89' lang='lat' dir='ltr'><strong>Deum</strong></span> <span class='ocrx_word' id='word_1_38' title='bbox 2163 516 2334 570; x_wconf 85' lang='lat' dir='ltr'><strong>colere</strong></span> <span class='ocrx_word' id='word_1_39' title='bbox 2358 513 2629 582; x_wconf 75' lang='lat' dir='ltr'><strong>incipienti</strong></span> <span class='ocrx_word' id='word_1_40' title='bbox 2656 512 2841 566; x_wconf 89' lang='lat' dir='ltr'><strong>notitia</strong></span> <span class='ocrx_word' id='word_1_41' title='bbox 2867 512 3079 567; x_wconf 91' lang='lat' dir='ltr'><strong>obvenit</strong></span> <span class='ocrx_word' id='word_1_42' title='bbox 3111 524 3140 562; x_wconf 89' lang='lat' dir='ltr'><strong>a</strong></span> <span class='ocrx_word' id='word_1_43' title='bbox 3179 505 3496 561; x_wconf 73' lang='lat' dir='ltr'><strong>testimoniis</strong></span> 
     </span>
    </p>
   </div>
   <div class='ocr_carea' id='block_1_6' title="bbox 324 596 1869 681">
    <p class='ocr_par' dir='ltr' id='par_1_6' title="bbox 324 607 1869 681">
     <span class='ocr_line' id='line_1_6' title="bbox 324 607 1869 681; baseline -0.004 -17"><span class='ocrx_word' id='word_1_44' title='bbox 324 612 446 664; x_wconf 86' lang='grc' dir='ltr'><strong>ἀπὸ</strong></span> <span class='ocrx_word' id='word_1_45' title='bbox 494 612 599 664; x_wconf 86' lang='grc' dir='ltr'><strong>τῶν</strong></span> <span class='ocrx_word' id='word_1_46' title='bbox 635 611 739 663; x_wconf 91' lang='grc' dir='ltr'><strong>σῶν</strong></span> <span class='ocrx_word' id='word_1_47' title='bbox 784 612 1116 681; x_wconf 83' lang='grc' dir='ltr'>μαρτυρίων’</span> <span class='ocrx_word' id='word_1_48' title='bbox 1165 610 1576 680; x_wconf 88' lang='grc' dir='ltr'>συνεργούμενος</span> <span class='ocrx_word' id='word_1_49' title='bbox 1625 609 1729 679; x_wconf 81' lang='grc' dir='ltr'>γὰρ</span> <span class='ocrx_word' id='word_1_50' title='bbox 1770 607 1869 659; x_wconf 81' lang='grc' dir='ltr'><strong>ἀπὸ</strong></span> 
     </span>
    </p>
   </div>
   <div class='ocr_carea' id='block_1_7' title="bbox 1974 596 3494 681">
    <p class='ocr_par' dir='ltr' id='par_1_7' title="bbox 1974 596 3494 660">
     <span class='ocr_line' id='line_1_7' title="bbox 1974 596 3494 660; baseline -0.011 -2"><span class='ocrx_word' id='word_1_51' title='bbox 1974 607 2095 660; x_wconf 81' lang='lat' dir='ltr'><strong>tuis.</strong></span> <span class='ocrx_word' id='word_1_52' title='bbox 2128 604 2257 658; x_wconf 88' lang='lat' dir='ltr'><strong>Cum</strong></span> <span class='ocrx_word' id='word_1_53' title='bbox 2292 603 2431 655; x_wconf 91' lang='lat' dir='ltr'><strong>enim</strong></span> <span class='ocrx_word' id='word_1_54' title='bbox 2473 599 2889 654; x_wconf 85' lang='lat' dir='ltr'><strong>testimoniorum</strong></span> <span class='ocrx_word' id='word_1_55' title='bbox 2923 613 2951 652; x_wconf 91' lang='lat' dir='ltr'><strong>a</strong></span> <span class='ocrx_word' id='word_1_56' title='bbox 2982 606 3031 653; x_wconf 91' lang='lat' dir='ltr'><strong>te</strong></span> <span class='ocrx_word' id='word_1_57' title='bbox 3058 596 3371 651; x_wconf 88' lang='lat' dir='ltr'><strong>traditorum</strong></span> <span class='ocrx_word' id='word_1_58' title='bbox 3400 603 3494 644; x_wconf 53' lang='lat' dir='ltr'><strong>no-</strong></span> 
     </span>
    </p>
   </div>
   <div class='ocr_carea' id='block_1_8' title="bbox 324 681 1869 771">
    <p class='ocr_par' dir='ltr' id='par_1_8' title="bbox 324 695 1869 771">
     <span class='ocr_line' id='line_1_8' title="bbox 324 695 1869 771; baseline -0.004 -18"><span class='ocrx_word' id='word_1_59' title='bbox 324 701 428 753; x_wconf 84' lang='grc' dir='ltr'><strong>τοῦ</strong></span> <span class='ocrx_word' id='word_1_60' title='bbox 469 702 779 771; x_wconf 73' lang='grc' dir='ltr'><strong>νενοηκέναι</strong></span> <span class='ocrx_word' id='word_1_61' title='bbox 801 702 868 752; x_wconf 87' lang='grc' dir='ltr'><strong>τά</strong></span> <span class='ocrx_word' id='word_1_62' title='bbox 897 701 1160 770; x_wconf 86' lang='grc' dir='ltr'>μαρτύρια</span> <span class='ocrx_word' id='word_1_63' title='bbox 1177 699 1244 750; x_wconf 78' lang='grc' dir='ltr'>τὰ</span> <span class='ocrx_word' id='word_1_64' title='bbox 1268 698 1681 768; x_wconf 78' lang='grc' dir='ltr'><strong>παραδεδομένα,</strong></span> <span class='ocrx_word' id='word_1_65' title='bbox 1708 695 1869 756; x_wconf 74' lang='grc' dir='ltr'>οὕτως</span> 
     </span>
    </p>
   </div>
   <div class='ocr_carea' id='block_1_9' title="bbox 1974 681 3491 771">
    <p class='ocr_par' dir='ltr' id='par_1_9' title="bbox 1974 681 3491 759">
     <span class='ocr_line' id='line_1_9' title="bbox 1974 681 3491 759; baseline -0.01 -12"><span class='ocrx_word' id='word_1_66' title='bbox 1974 695 2100 746; x_wconf 72' lang='lat' dir='ltr'><strong>tilia:</strong></span> <span class='ocrx_word' id='word_1_67' title='bbox 2120 704 2452 759; x_wconf 88' lang='lat' dir='ltr'><strong>cooperarer,</strong></span> <span class='ocrx_word' id='word_1_68' title='bbox 2478 689 2576 741; x_wconf 90' lang='lat' dir='ltr'><strong>hoc</strong></span> <span class='ocrx_word' id='word_1_69' title='bbox 2597 687 2747 740; x_wconf 90' lang='lat' dir='ltr'><strong>modo</strong></span> <span class='ocrx_word' id='word_1_70' title='bbox 2771 687 3126 748; x_wconf 90' lang='lat' dir='ltr'><strong>illuminabar,</strong></span> <span class='ocrx_word' id='word_1_71' title='bbox 3152 694 3205 739; x_wconf 90' lang='lat' dir='ltr'><strong>et</strong></span> <span class='ocrx_word' id='word_1_72' title='bbox 3225 683 3289 737; x_wconf 87' lang='lat' dir='ltr'><strong>ad</strong></span> <span class='ocrx_word' id='word_1_73' title='bbox 3319 681 3491 736; x_wconf 86' lang='lat' dir='ltr'><strong>scien-</strong></span> 
     </span>
    </p>
   </div>
   <div class='ocr_carea' id='block_1_10' title="bbox 324 784 1875 858">
    <p class='ocr_par' dir='ltr' id='par_1_10' title="bbox 324 784 1875 858">
     <span class='ocr_line' id='line_1_10' title="bbox 324 784 1875 858; baseline -0.004 -19"><span class='ocrx_word' id='word_1_74' title='bbox 324 789 701 858; x_wconf 74' lang='grc' dir='ltr'>ὲφωτιζόμην,</span> <span class='ocrx_word' id='word_1_75' title='bbox 734 789 826 841; x_wconf 77' lang='grc' dir='ltr'><strong>καὶ</strong></span> <span class='ocrx_word' id='word_1_76' title='bbox 868 786 1217 857; x_wconf 79' lang='grc' dir='ltr'>ηκοντιζόμην</span> <span class='ocrx_word' id='word_1_77' title='bbox 1266 788 1355 838; x_wconf 77' lang='grc' dir='ltr'>ἐπὶ</span> <span class='ocrx_word' id='word_1_78' title='bbox 1398 786 1493 854; x_wconf 82' lang='grc' dir='ltr'>τὴν</span> <span class='ocrx_word' id='word_1_79' title='bbox 1533 784 1746 851; x_wconf 84' lang='grc' dir='ltr'>γνῶσιν,</span> <span class='ocrx_word' id='word_1_80' title='bbox 1784 784 1875 834; x_wconf 77' lang='grc' dir='ltr'><strong>καὶ</strong></span> 
     </span>
    </p>
   </div>
   <div class='ocr_carea' id='block_1_11' title="bbox 326 872 1872 945">
    <p class='ocr_par' dir='ltr' id='par_1_11' title="bbox 326 872 1872 945">
     <span class='ocr_line' id='line_1_11' title="bbox 326 872 1872 945; baseline -0.003 -18"><span class='ocrx_word' id='word_1_81' title='bbox 326 877 535 943; x_wconf 79' lang='grc' dir='ltr'>ἔγνων,</span> <span class='ocrx_word' id='word_1_82' title='bbox 570 878 650 929; x_wconf 86' lang='grc' dir='ltr'>ὃτι</span> <span class='ocrx_word' id='word_1_83' title='bbox 687 877 753 929; x_wconf 89' lang='grc' dir='ltr'><strong>τά</strong></span> <span class='ocrx_word' id='word_1_84' title='bbox 784 876 1047 945; x_wconf 85' lang='grc' dir='ltr'>μαρτύρια</span> <span class='ocrx_word' id='word_1_85' title='bbox 1088 877 1165 936; x_wconf 89' lang='grc' dir='ltr'><strong>είς</strong></span> <span class='ocrx_word' id='word_1_86' title='bbox 1189 874 1277 927; x_wconf 86' lang='grc' dir='ltr'><strong>τὸν</strong></span> <span class='ocrx_word' id='word_1_87' title='bbox 1306 873 1470 926; x_wconf 77' lang='grc' dir='ltr'>αἰῶνα</span> <span class='ocrx_word' id='word_1_88' title='bbox 1500 872 1872 941; x_wconf 72' lang='grc' dir='ltr'>ἐθεμελίωσας.</span> 
     </span>
    </p>
   </div>
   <div class='ocr_carea' id='block_1_12' title="bbox 324 959 1872 1034">
    <p class='ocr_par' dir='ltr' id='par_1_12' title="bbox 324 959 1872 1034">
     <span class='ocr_line' id='line_1_12' title="bbox 324 959 1872 1034; baseline -0.005 -17"><span class='ocrx_word' id='word_1_89' title='bbox 324 963 397 1017; x_wconf 81' lang='grc' dir='ltr'><strong>Εἰ</strong></span> <span class='ocrx_word' id='word_1_90' title='bbox 424 965 487 1016; x_wconf 86' lang='grc' dir='ltr'>δὲ</span> <span class='ocrx_word' id='word_1_91' title='bbox 514 965 864 1034; x_wconf 78' lang='grc' dir='ltr'>ὲθεμελίωσεν</span> <span class='ocrx_word' id='word_1_92' title='bbox 895 968 922 1016; x_wconf 84' lang='grc' dir='ltr'>ὁ</span> <span class='ocrx_word' id='word_1_93' title='bbox 962 962 1090 1025; x_wconf 89' lang='grc' dir='ltr'>Θεὸς</span> <span class='ocrx_word' id='word_1_94' title='bbox 1117 964 1184 1016; x_wconf 89' lang='grc' dir='ltr'><strong>τά</strong></span> <span class='ocrx_word' id='word_1_95' title='bbox 1218 962 1504 1032; x_wconf 85' lang='grc' dir='ltr'>μαρτύρια,</span> <span class='ocrx_word' id='word_1_96' title='bbox 1552 960 1755 1013; x_wconf 79' lang='grc' dir='ltr'><strong>οὐδέπω</strong></span> <span class='ocrx_word' id='word_1_97' title='bbox 1777 959 1872 1028; x_wconf 83' lang='grc' dir='ltr'><strong>λή-</strong></span> 
     </span>
    </p>
   </div>
   <div class='ocr_carea' id='block_1_13' title="bbox 325 1049 1872 1121">
    <p class='ocr_par' dir='ltr' id='par_1_13' title="bbox 325 1049 1872 1121">
     <span class='ocr_line' id='line_1_13' title="bbox 325 1049 1872 1121; baseline -0.003 -17"><span class='ocrx_word' id='word_1_98' title='bbox 325 1069 422 1118; x_wconf 85' lang='grc' dir='ltr'><strong>γει</strong></span> <span class='ocrx_word' id='word_1_99' title='bbox 457 1054 540 1115; x_wconf 84' lang='grc' dir='ltr'><strong>είς</strong></span> <span class='ocrx_word' id='word_1_100' title='bbox 576 1055 636 1106; x_wconf 89' lang='grc' dir='ltr'><strong>τὸ</strong></span> <span class='ocrx_word' id='word_1_101' title='bbox 679 1051 1064 1121; x_wconf 87' lang='grc' dir='ltr'>θεμελιοῦσθαι,</span> <span class='ocrx_word' id='word_1_102' title='bbox 1097 1050 1227 1103; x_wconf 83' lang='grc' dir='ltr'>ἀλλὰ</span> <span class='ocrx_word' id='word_1_103' title='bbox 1259 1050 1321 1120; x_wconf 79' lang='grc' dir='ltr'><strong>ζῇ</strong></span> <span class='ocrx_word' id='word_1_104' title='bbox 1370 1052 1428 1102; x_wconf 85' lang='grc' dir='ltr'><strong>τὸ</strong></span> <span class='ocrx_word' id='word_1_105' title='bbox 1474 1049 1872 1119; x_wconf 86' lang='grc' dir='ltr'>θεμελιούμενον</span> 
     </span>
    </p>
   </div>
   <div class='ocr_carea' id='block_1_14' title="bbox 323 1137 1873 1211">
    <p class='ocr_par' dir='ltr' id='par_1_14' title="bbox 323 1137 1873 1211">
     <span class='ocr_line' id='line_1_14' title="bbox 323 1137 1873 1211; baseline -0.003 -17"><span class='ocrx_word' id='word_1_106' title='bbox 323 1143 430 1194; x_wconf 75' lang='grc' dir='ltr'>καὶ</span> <span class='ocrx_word' id='word_1_107' title='bbox 460 1141 922 1211; x_wconf 77' lang='grc' dir='ltr'>οἰκοδομούμενον.</span> <span class='ocrx_word' id='word_1_108' title='bbox 962 1141 1023 1191; x_wconf 87' lang='grc' dir='ltr'>Τί</span> <span class='ocrx_word' id='word_1_109' title='bbox 1052 1140 1106 1191; x_wconf 87' lang='grc' dir='ltr'>δὲ</span> <span class='ocrx_word' id='word_1_110' title='bbox 1132 1140 1493 1207; x_wconf 82' lang='grc' dir='ltr'>ὲποικοδομεῖς</span> <span class='ocrx_word' id='word_1_111' title='bbox 1528 1137 1873 1206; x_wconf 83' lang='grc' dir='ltr'>προστάγμα-</span> 
     </span>
    </p>
   </div>
   <div class='ocr_carea' id='block_1_15' title="bbox 322 1224 1869 1298">
    <p class='ocr_par' dir='ltr' id='par_1_15' title="bbox 322 1224 1869 1298">
     <span class='ocr_line' id='line_1_15' title="bbox 322 1224 1869 1298; baseline -0.004 -16"><span class='ocrx_word' id='word_1_112' title='bbox 322 1249 421 1294; x_wconf 88' lang='grc' dir='ltr'><strong>τα,</strong></span> <span class='ocrx_word' id='word_1_113' title='bbox 458 1233 696 1294; x_wconf 70' lang='grc' dir='ltr'>ἐντολὰς,</span> <span class='ocrx_word' id='word_1_114' title='bbox 726 1229 1077 1298; x_wconf 82' lang='grc' dir='ltr'>δικαιώματα,</span> <span class='ocrx_word' id='word_1_115' title='bbox 1113 1228 1367 1295; x_wconf 88' lang='grc' dir='ltr'>κρίματα,</span> <span class='ocrx_word' id='word_1_116' title='bbox 1400 1226 1605 1293; x_wconf 80' lang='grc' dir='ltr'>σοφίαν,</span> <span class='ocrx_word' id='word_1_117' title='bbox 1644 1224 1869 1291; x_wconf 87' lang='grc' dir='ltr'>γνῶσιν·</span> 
     </span>
    </p>
   </div>
   <div class='ocr_carea' id='block_1_16' title="bbox 325 1316 1874 1392">
    <p class='ocr_par' dir='ltr' id='par_1_16' title="bbox 325 1316 1874 1392">
     <span class='ocr_line' id='line_1_16' title="bbox 325 1316 1874 1392; baseline -0.003 -17"><span class='ocrx_word' id='word_1_118' title='bbox 325 1325 431 1375; x_wconf 77' lang='grc' dir='ltr'><strong>καὶ</strong></span> <span class='ocrx_word' id='word_1_119' title='bbox 462 1323 634 1386; x_wconf 73' lang='grc' dir='ltr'>οὕτως</span> <span class='ocrx_word' id='word_1_120' title='bbox 661 1321 940 1392; x_wconf 80' lang='grc' dir='ltr'>ἀπαρτίζει</span> <span class='ocrx_word' id='word_1_121' title='bbox 968 1320 1061 1390; x_wconf 85' lang='grc' dir='ltr'>τὴν</span> <span class='ocrx_word' id='word_1_122' title='bbox 1082 1318 1359 1388; x_wconf 78' lang='grc' dir='ltr'>οἰκοδομὴν</span> <span class='ocrx_word' id='word_1_123' title='bbox 1390 1320 1445 1371; x_wconf 83' lang='grc' dir='ltr'>ὲν</span> <span class='ocrx_word' id='word_1_124' title='bbox 1475 1319 1632 1370; x_wconf 79' lang='grc' dir='ltr'>πᾶσιν</span> <span class='ocrx_word' id='word_1_125' title='bbox 1658 1316 1874 1384; x_wconf 77' lang='grc' dir='ltr'>ἀγαθοῖς</span> 
     </span>
    </p>
   </div>
   <div class='ocr_carea' id='block_1_17' title="bbox 324 1403 1873 1478">
    <p class='ocr_par' dir='ltr' id='par_1_17' title="bbox 324 1403 1873 1478">
     <span class='ocr_line' id='line_1_17' title="bbox 324 1403 1873 1478; baseline -0.004 -17"><span class='ocrx_word' id='word_1_126' title='bbox 324 1410 542 1478; x_wconf 77' lang='grc' dir='ltr'><strong>ἔργοις,</strong></span> <span class='ocrx_word' id='word_1_127' title='bbox 575 1408 748 1475; x_wconf 82' lang='grc' dir='ltr'><strong>λόγοις</strong></span> <span class='ocrx_word' id='word_1_128' title='bbox 777 1407 982 1475; x_wconf 82' lang='grc' dir='ltr'>σοφίας,</span> <span class='ocrx_word' id='word_1_129' title='bbox 1017 1406 1316 1473; x_wconf 77' lang='grc' dir='ltr'>ἐπιστήμης</span> <span class='ocrx_word' id='word_1_130' title='bbox 1344 1403 1567 1470; x_wconf 76' lang='grc' dir='ltr'>γνώσειο</span> <span class='ocrx_word' id='word_1_131' title='bbox 1602 1403 1754 1456; x_wconf 75' lang='grc' dir='ltr'>ἅτινα</span> <span class='ocrx_word' id='word_1_132' title='bbox 1782 1405 1873 1456; x_wconf 74' lang='grc' dir='ltr'><strong>ἐὰν</strong></span> 
     </span>
    </p>
   </div>
   <div class='ocr_carea' id='block_1_18' title="bbox 325 1489 1874 1565">
    <p class='ocr_par' dir='ltr' id='par_1_18' title="bbox 325 1489 1874 1565">
     <span class='ocr_line' id='line_1_18' title="bbox 325 1489 1874 1565; baseline -0.005 -16"><span class='ocrx_word' id='word_1_133' title='bbox 325 1497 478 1548; x_wconf 85' lang='grc' dir='ltr'><strong>κατά</strong></span> <span class='ocrx_word' id='word_1_134' title='bbox 505 1495 601 1565; x_wconf 83' lang='grc' dir='ltr'>τὴν</span> <span class='ocrx_word' id='word_1_135' title='bbox 629 1495 939 1564; x_wconf 79' lang='grc' dir='ltr'>θεμελίωσιν</span> <span class='ocrx_word' id='word_1_136' title='bbox 965 1491 1111 1561; x_wconf 84' lang='grc' dir='ltr'>τεθῇ,</span> <span class='ocrx_word' id='word_1_137' title='bbox 1141 1491 1250 1560; x_wconf 77' lang='grc' dir='ltr'>ἔχει</span> <span class='ocrx_word' id='word_1_138' title='bbox 1275 1509 1357 1553; x_wconf 86' lang='grc' dir='ltr'><strong>τις</strong></span> <span class='ocrx_word' id='word_1_139' title='bbox 1380 1489 1567 1543; x_wconf 79' lang='grc' dir='ltr'>ἑαυτοῦ</span> <span class='ocrx_word' id='word_1_140' title='bbox 1600 1490 1874 1559; x_wconf 82' lang='grc' dir='ltr'>οίκοδόμη-</span> 
     </span>
    </p>
   </div>
   <div class='ocr_carea' id='block_1_19' title="bbox 330 1581 1872 1656">
    <p class='ocr_par' dir='ltr' id='par_1_19' title="bbox 330 1581 1872 1656">
     <span class='ocr_line' id='line_1_19' title="bbox 330 1581 1872 1656; baseline -0.005 -16"><span class='ocrx_word' id='word_1_141' title='bbox 330 1605 417 1656; x_wconf 87' lang='grc' dir='ltr'><strong>μα</strong></span> <span class='ocrx_word' id='word_1_142' title='bbox 464 1588 683 1648; x_wconf 81' lang='grc' dir='ltr'>τέλειον,</span> <span class='ocrx_word' id='word_1_143' title='bbox 719 1585 862 1650; x_wconf 80' lang='grc' dir='ltr'>ἄξιον</span> <span class='ocrx_word' id='word_1_144' title='bbox 905 1583 996 1648; x_wconf 86' lang='grc' dir='ltr'><strong>τοῦ</strong></span> <span class='ocrx_word' id='word_1_145' title='bbox 1040 1582 1307 1652; x_wconf 71' lang='grc' dir='ltr'>ἐνοικῆσαι</span> <span class='ocrx_word' id='word_1_146' title='bbox 1349 1585 1405 1634; x_wconf 79' lang='grc' dir='ltr'>ὲν</span> <span class='ocrx_word' id='word_1_147' title='bbox 1443 1583 1585 1651; x_wconf 86' lang='grc' dir='ltr'>αύτῷ</span> <span class='ocrx_word' id='word_1_148' title='bbox 1631 1581 1718 1634; x_wconf 87' lang='grc' dir='ltr'><strong>τὸν</strong></span> <span class='ocrx_word' id='word_1_149' title='bbox 1746 1582 1872 1633; x_wconf 90' lang='grc' dir='ltr'>Θεὸν</span> 
     </span>
    </p>
   </div>
   <div class='ocr_carea' id='block_1_20' title="bbox 326 1675 911 1746">
    <p class='ocr_par' dir='ltr' id='par_1_20' title="bbox 326 1675 911 1746">
     <span class='ocr_line' id='line_1_20' title="bbox 326 1675 911 1746; baseline -0.003 -17"><span class='ocrx_word' id='word_1_150' title='bbox 326 1679 433 1730; x_wconf 76' lang='grc' dir='ltr'>καὶ</span> <span class='ocrx_word' id='word_1_151' title='bbox 457 1675 911 1746; x_wconf 82' lang='grc' dir='ltr'>ὲμπεριπατῆσαι.</span> 
     </span>
    </p>
   </div>
   <div class='ocr_carea' id='block_1_21' title="bbox 410 1757 1873 1831">
    <p class='ocr_par' dir='ltr' id='par_1_21' title="bbox 410 1757 1873 1831">
     <span class='ocr_line' id='line_1_21' title="bbox 410 1757 1873 1831; baseline -0.007 -13"><span class='ocrx_word' id='word_1_152' title='bbox 410 1765 541 1818; x_wconf 81' lang='grc' dir='ltr'>Ἴδε</span> <span class='ocrx_word' id='word_1_153' title='bbox 580 1763 694 1831; x_wconf 81' lang='grc' dir='ltr'><strong>τὴν</strong></span> <span class='ocrx_word' id='word_1_154' title='bbox 730 1765 1081 1817; x_wconf 81' lang='grc' dir='ltr'>ταπείνωσιν</span> <span class='ocrx_word' id='word_1_155' title='bbox 1126 1780 1241 1831; x_wconf 88' lang='grc' dir='ltr'><strong>μου</strong></span> <span class='ocrx_word' id='word_1_156' title='bbox 1271 1760 1367 1814; x_wconf 75' lang='grc' dir='ltr'>καὶ</span> <span class='ocrx_word' id='word_1_157' title='bbox 1412 1758 1622 1823; x_wconf 77' lang='grc' dir='ltr'>ἐξελοῦ</span> <span class='ocrx_word' id='word_1_158' title='bbox 1662 1773 1755 1825; x_wconf 84' lang='grc' dir='ltr'><strong>με,</strong></span> <span class='ocrx_word' id='word_1_159' title='bbox 1787 1757 1873 1809; x_wconf 86' lang='grc' dir='ltr'><strong>ὅτι</strong></span> 
     </span>
    </p>
   </div>
   <div class='ocr_carea' id='block_1_22' title="bbox 323 1845 1875 1920">
    <p class='ocr_par' dir='ltr' id='par_1_22' title="bbox 323 1845 1875 1920">
     <span class='ocr_line' id='line_1_22' title="bbox 323 1845 1875 1920; baseline -0.005 -17"><span class='ocrx_word' id='word_1_160' title='bbox 323 1853 445 1906; x_wconf 78' lang='grc' dir='ltr'><strong>τοῦ</strong></span> <span class='ocrx_word' id='word_1_161' title='bbox 471 1853 656 1920; x_wconf 80' lang='grc' dir='ltr'>νόμου</span> <span class='ocrx_word' id='word_1_162' title='bbox 680 1866 794 1904; x_wconf 86' lang='grc' dir='ltr'>σου</span> <span class='ocrx_word' id='word_1_163' title='bbox 820 1854 928 1906; x_wconf 81' lang='grc' dir='ltr'>οὐκ</span> <span class='ocrx_word' id='word_1_164' title='bbox 954 1850 1340 1917; x_wconf 76' lang='grc' dir='ltr'>ἐπελαθόμην,</span> <span class='ocrx_word' id='word_1_165' title='bbox 1370 1866 1420 1901; x_wconf 92' lang='grc' dir='ltr'><strong>κ.</strong></span> <span class='ocrx_word' id='word_1_166' title='bbox 1441 1865 1489 1900; x_wconf 85' lang='grc' dir='ltr'><strong>τ.</strong></span> <span class='ocrx_word' id='word_1_167' title='bbox 1512 1847 1559 1900; x_wconf 77' lang='grc' dir='ltr'><strong>ι.</strong></span> <span class='ocrx_word' id='word_1_168' title='bbox 1598 1845 1875 1916; x_wconf 79' lang='grc' dir='ltr'>Μακάρων</span> 
     </span>
    </p>
   </div>
   <div class='ocr_carea' id='block_1_23' title="bbox 325 1935 1868 2007">
    <p class='ocr_par' dir='ltr' id='par_1_23' title="bbox 325 1935 1868 2007">
     <span class='ocr_line' id='line_1_23' title="bbox 325 1935 1868 2007; baseline 0.003 -16"><span class='ocrx_word' id='word_1_169' title='bbox 325 1940 571 1993; x_wconf 76' lang='grc' dir='ltr'>ἐνώπιον</span> <span class='ocrx_word' id='word_1_170' title='bbox 591 1940 682 1992; x_wconf 91' lang='grc' dir='ltr'><strong>τοῦ</strong></span> <span class='ocrx_word' id='word_1_171' title='bbox 713 1940 842 1992; x_wconf 88' lang='grc' dir='ltr'>Θεοῦ</span> <span class='ocrx_word' id='word_1_172' title='bbox 870 1939 1270 1993; x_wconf 87' lang='grc' dir='ltr'>ταπεινοῦσθαι·</span> <span class='ocrx_word' id='word_1_173' title='bbox 1302 1938 1430 2007; x_wconf 70' lang='grc' dir='ltr'>φησὶ</span> <span class='ocrx_word' id='word_1_174' title='bbox 1451 1935 1557 2006; x_wconf 78' lang='grc' dir='ltr'>γὰρ</span> <span class='ocrx_word' id='word_1_175' title='bbox 1596 1935 1838 1996; x_wconf 75' lang='grc' dir='ltr'>Ἰάκωϐος</span> <span class='ocrx_word' id='word_1_176' title='bbox 1856 1951 1868 1964; x_wconf 89' lang='grc'>⁶</span> 
     </span>
    </p>
   </div>
   <div class='ocr_carea' id='block_1_24' title="bbox 332 2023 1864 2097">
    <p class='ocr_par' dir='ltr' id='par_1_24' title="bbox 332 2023 1864 2097">
     <span class='ocr_line' id='line_1_24' title="bbox 332 2023 1864 2097; baseline -0.002 -21"><span class='ocrx_word' id='word_1_177' title='bbox 332 2046 352 2076; x_wconf 74' lang='grc' dir='ltr'><strong>ι</strong></span> <span class='ocrx_word' id='word_1_178' title='bbox 375 2027 767 2097; x_wconf 83' lang='grc' dir='ltr'>Ταπεινὼθητε</span> <span class='ocrx_word' id='word_1_179' title='bbox 799 2027 1022 2082; x_wconf 65' lang='grc' dir='ltr'>ἐνώπιον</span> <span class='ocrx_word' id='word_1_180' title='bbox 1062 2026 1284 2096; x_wconf 81' lang='grc' dir='ltr'>Κυρίου,</span> <span class='ocrx_word' id='word_1_181' title='bbox 1318 2026 1408 2078; x_wconf 74' lang='grc' dir='ltr'>καὶ</span> <span class='ocrx_word' id='word_1_182' title='bbox 1440 2023 1635 2092; x_wconf 74' lang='grc' dir='ltr'>ὑψώσει</span> <span class='ocrx_word' id='word_1_183' title='bbox 1662 2023 1819 2093; x_wconf 77' lang='grc' dir='ltr'>ὑμᾶς.</span> <span class='ocrx_word' id='word_1_184' title='bbox 1849 2041 1864 2073; x_wconf 78' lang='grc' dir='ltr'><strong>ι</strong></span> 
     </span>
    </p>
   </div>
   <div class='ocr_carea' id='block_1_25' title="bbox 330 2111 1873 2184">
    <p class='ocr_par' dir='ltr' id='par_1_25' title="bbox 330 2111 1873 2184">
     <span class='ocr_line' id='line_1_25' title="bbox 330 2111 1873 2184; baseline -0.001 -16"><span class='ocrx_word' id='word_1_185' title='bbox 330 2116 513 2169; x_wconf 80' lang='grc' dir='ltr'>’Ὁταν</span> <span class='ocrx_word' id='word_1_186' title='bbox 541 2115 712 2167; x_wconf 85' lang='grc' dir='ltr'>τοίνυν</span> <span class='ocrx_word' id='word_1_187' title='bbox 761 2115 927 2178; x_wconf 74' lang='grc' dir='ltr'>οὕτως</span> <span class='ocrx_word' id='word_1_188' title='bbox 967 2115 1393 2184; x_wconf 86' lang='grc' dir='ltr'>ταπεινωθῶμεν,</span> <span class='ocrx_word' id='word_1_189' title='bbox 1424 2114 1521 2166; x_wconf 82' lang='grc' dir='ltr'><strong>κᾶν</strong></span> <span class='ocrx_word' id='word_1_190' title='bbox 1567 2114 1667 2165; x_wconf 80' lang='grc' dir='ltr'>ὑπὸ</span> <span class='ocrx_word' id='word_1_191' title='bbox 1699 2111 1873 2182; x_wconf 87' lang='grc' dir='ltr'>δαιμό-</span> 
     </span>
    </p>
   </div>
   <div class='ocr_carea' id='block_1_26' title="bbox 328 2202 1872 2273">
    <p class='ocr_par' dir='ltr' id='par_1_26' title="bbox 328 2202 1872 2273">
     <span class='ocr_line' id='line_1_26' title="bbox 328 2202 1872 2273; baseline -0.003 -18"><span class='ocrx_word' id='word_1_192' title='bbox 328 2220 448 2255; x_wconf 85' lang='grc' dir='ltr'><strong>νων</strong></span> <span class='ocrx_word' id='word_1_193' title='bbox 492 2203 969 2273; x_wconf 76' lang='grc' dir='ltr'>ὲπιδουλευθῶμεν,</span> <span class='ocrx_word' id='word_1_194' title='bbox 1014 2203 1112 2256; x_wconf 80' lang='grc' dir='ltr'><strong>κᾶν</strong></span> <span class='ocrx_word' id='word_1_195' title='bbox 1140 2204 1242 2254; x_wconf 80' lang='grc' dir='ltr'><strong>ὑπὸ</strong></span> <span class='ocrx_word' id='word_1_196' title='bbox 1265 2202 1553 2273; x_wconf 82' lang='grc' dir='ltr'>ἀνθρώπων</span> <span class='ocrx_word' id='word_1_197' title='bbox 1584 2202 1872 2271; x_wconf 84' lang='grc' dir='ltr'>μισούντων</span> 
     </span>
    </p>
   </div>
   <div class='ocr_carea' id='block_1_27' title="bbox 328 2289 1869 2361">
    <p class='ocr_par' dir='ltr' id='par_1_27' title="bbox 328 2289 1869 2361">
     <span class='ocr_line' id='line_1_27' title="bbox 328 2289 1869 2361; baseline -0.001 -18"><span class='ocrx_word' id='word_1_198' title='bbox 328 2291 440 2353; x_wconf 83' lang='grc' dir='ltr'>τὰς</span> <span class='ocrx_word' id='word_1_199' title='bbox 489 2293 682 2361; x_wconf 82' lang='grc' dir='ltr'>ἀρετὰς</span> <span class='ocrx_word' id='word_1_200' title='bbox 705 2291 1107 2361; x_wconf 87' lang='grc' dir='ltr'>πολεμηθῶμεν,</span> <span class='ocrx_word' id='word_1_201' title='bbox 1150 2292 1337 2360; x_wconf 82' lang='grc' dir='ltr'>ἔχομεν</span> <span class='ocrx_word' id='word_1_202' title='bbox 1367 2290 1454 2343; x_wconf 84' lang='grc' dir='ltr'><strong>τὸν</strong></span> <span class='ocrx_word' id='word_1_203' title='bbox 1484 2290 1610 2342; x_wconf 84' lang='grc' dir='ltr'>Θεὸν</span> <span class='ocrx_word' id='word_1_204' title='bbox 1634 2289 1869 2358; x_wconf 71' lang='grc' dir='ltr'>ἐξαιρού-</span> 
     </span>
    </p>
   </div>
   <div class='ocr_carea' id='block_1_28' title="bbox 333 2378 1870 2450">
    <p class='ocr_par' dir='ltr' id='par_1_28' title="bbox 333 2378 1870 2450">
     <span class='ocr_line' id='line_1_28' title="bbox 333 2378 1870 2450; baseline 0.001 -19"><span class='ocrx_word' id='word_1_205' title='bbox 333 2396 524 2448; x_wconf 79' lang='grc' dir='ltr'>μενον,</span> <span class='ocrx_word' id='word_1_206' title='bbox 557 2380 711 2449; x_wconf 86' lang='grc' dir='ltr'>μόνον</span> <span class='ocrx_word' id='word_1_207' title='bbox 740 2381 823 2433; x_wconf 81' lang='grc' dir='ltr'>ἵνα</span> <span class='ocrx_word' id='word_1_208' title='bbox 850 2379 942 2432; x_wconf 87' lang='grc' dir='ltr'><strong>τοῦ</strong></span> <span class='ocrx_word' id='word_1_209' title='bbox 982 2379 1139 2449; x_wconf 82' lang='grc' dir='ltr'>νόμου</span> <span class='ocrx_word' id='word_1_210' title='bbox 1171 2379 1329 2433; x_wconf 82' lang='grc' dir='ltr'>αὑτοῦ</span> <span class='ocrx_word' id='word_1_211' title='bbox 1363 2379 1435 2450; x_wconf 88' lang='grc' dir='ltr'>μὴ</span> <span class='ocrx_word' id='word_1_212' title='bbox 1480 2378 1870 2447; x_wconf 77' lang='grc' dir='ltr'>ἐπιλαθώμεθα,</span> 
     </span>
    </p>
   </div>
   <div class='ocr_carea' id='block_1_29' title="bbox 333 2468 1360 2540">
    <p class='ocr_par' dir='ltr' id='par_1_29' title="bbox 333 2468 1360 2540">
     <span class='ocr_line' id='line_1_29' title="bbox 333 2468 1360 2540; baseline 0.001 -18"><span class='ocrx_word' id='word_1_213' title='bbox 333 2469 481 2540; x_wconf 82' lang='grc' dir='ltr'>μηδὲ</span> <span class='ocrx_word' id='word_1_214' title='bbox 513 2470 875 2539; x_wconf 84' lang='grc' dir='ltr'>ἀποκάμωμεν</span> <span class='ocrx_word' id='word_1_215' title='bbox 901 2470 957 2522; x_wconf 81' lang='grc' dir='ltr'>ὲν</span> <span class='ocrx_word' id='word_1_216' title='bbox 986 2472 1103 2532; x_wconf 80' lang='grc' dir='ltr'>ταῖς</span> <span class='ocrx_word' id='word_1_217' title='bbox 1135 2468 1360 2538; x_wconf 70' lang='grc' dir='ltr'>θλίψεσι.</span> 
     </span>
    </p>
   </div>
   <div class='ocr_carea' id='block_1_30' title="bbox 404 2644 1874 2714">
    <p class='ocr_par' dir='ltr' id='par_1_30' title="bbox 404 2644 1874 2714">
     <span class='ocr_line' id='line_1_30' title="bbox 404 2644 1874 2714; baseline -0.003 -14"><span class='ocrx_word' id='word_1_218' title='bbox 404 2647 655 2714; x_wconf 79' lang='grc' dir='ltr'>Μακρὰν</span> <span class='ocrx_word' id='word_1_219' title='bbox 691 2646 802 2700; x_wconf 69' lang='grc' dir='ltr'><strong>ἀπὸ</strong></span> <span class='ocrx_word' id='word_1_220' title='bbox 850 2646 1201 2714; x_wconf 77' lang='grc' dir='ltr'>ἁμαρτωλῶν</span> <span class='ocrx_word' id='word_1_221' title='bbox 1240 2647 1513 2711; x_wconf 84' lang='grc' dir='ltr'>σωτηρία,</span> <span class='ocrx_word' id='word_1_222' title='bbox 1557 2646 1642 2697; x_wconf 84' lang='grc' dir='ltr'><strong>ὅτι</strong></span> <span class='ocrx_word' id='word_1_223' title='bbox 1686 2644 1757 2697; x_wconf 82' lang='grc' dir='ltr'>τὰ</span> <span class='ocrx_word' id='word_1_224' title='bbox 1791 2644 1874 2696; x_wconf 81' lang='grc' dir='ltr'>δι-</span> 
     </span>
    </p>
   </div>
   <div class='ocr_carea' id='block_1_31' title="bbox 331 2730 1875 2799">
    <p class='ocr_par' dir='ltr' id='par_1_31' title="bbox 331 2730 1875 2799">
     <span class='ocr_line' id='line_1_31' title="bbox 331 2730 1875 2799; baseline -0.004 -13"><span class='ocrx_word' id='word_1_225' title='bbox 331 2732 638 2799; x_wconf 79' lang='grc' dir='ltr'>καιώματά</span> <span class='ocrx_word' id='word_1_226' title='bbox 669 2747 781 2784; x_wconf 84' lang='grc' dir='ltr'><strong>σου</strong></span> <span class='ocrx_word' id='word_1_227' title='bbox 809 2734 916 2785; x_wconf 81' lang='grc' dir='ltr'>οὐκ</span> <span class='ocrx_word' id='word_1_228' title='bbox 944 2730 1317 2797; x_wconf 78' lang='grc' dir='ltr'>ἐξεζήτησαν,</span> <span class='ocrx_word' id='word_1_229' title='bbox 1367 2748 1418 2782; x_wconf 93' lang='grc' dir='ltr'><strong>κ.</strong></span> <span class='ocrx_word' id='word_1_230' title='bbox 1440 2747 1492 2781; x_wconf 88' lang='grc' dir='ltr'>τ.</span> <span class='ocrx_word' id='word_1_231' title='bbox 1519 2731 1564 2782; x_wconf 81' lang='grc' dir='ltr'>ἐ.</span> <span class='ocrx_word' id='word_1_232' title='bbox 1619 2731 1681 2780; x_wconf 90' lang='lat' dir='ltr'><strong>El</strong></span> <span class='ocrx_word' id='word_1_233' title='bbox 1714 2730 1745 2797; x_wconf 86' lang='grc' dir='ltr'><strong>ἡ</strong></span> <span class='ocrx_word' id='word_1_234' title='bbox 1775 2747 1875 2780; x_wconf 92' lang='grc' dir='ltr'>σω-</span> 
     </span>
    </p>
   </div>
   <div class='ocr_carea' id='block_1_32' title="bbox 330 2815 1870 2890">
    <p class='ocr_par' dir='ltr' id='par_1_32' title="bbox 330 2815 1870 2890">
     <span class='ocr_line' id='line_1_32' title="bbox 330 2815 1870 2890; baseline -0.004 -18"><span class='ocrx_word' id='word_1_235' title='bbox 330 2838 400 2890; x_wconf 85' lang='grc' dir='ltr'><strong>τη</strong></span> <span class='ocrx_word' id='word_1_236' title='bbox 412 2822 502 2890; x_wconf 87' lang='grc' dir='ltr'><strong>ρία</strong></span> <span class='ocrx_word' id='word_1_237' title='bbox 533 2819 645 2872; x_wconf 77' lang='grc' dir='ltr'>ἐστὶ</span> <span class='ocrx_word' id='word_1_238' title='bbox 671 2819 767 2888; x_wconf 85' lang='grc' dir='ltr'>τῆς</span> <span class='ocrx_word' id='word_1_239' title='bbox 813 2819 1030 2887; x_wconf 82' lang='grc' dir='ltr'>λογικῆς</span> <span class='ocrx_word' id='word_1_240' title='bbox 1058 2817 1263 2887; x_wconf 86' lang='grc' dir='ltr'>φύσεως</span> <span class='ocrx_word' id='word_1_241' title='bbox 1295 2820 1327 2886; x_wconf 82' lang='grc' dir='ltr'><strong>ἡ</strong></span> <span class='ocrx_word' id='word_1_242' title='bbox 1351 2817 1545 2885; x_wconf 86' lang='grc' dir='ltr'>γνῶσις</span> <span class='ocrx_word' id='word_1_243' title='bbox 1583 2816 1674 2869; x_wconf 86' lang='grc' dir='ltr'><strong>τοῦ</strong></span> <span class='ocrx_word' id='word_1_244' title='bbox 1719 2815 1870 2878; x_wconf 89' lang='grc' dir='ltr'>Θεοῦ,</span> 
     </span>
    </p>
   </div>
   <div class='ocr_carea' id='block_1_33' title="bbox 331 2901 1873 2975">
    <p class='ocr_par' dir='ltr' id='par_1_33' title="bbox 331 2901 1873 2975">
     <span class='ocr_line' id='line_1_33' title="bbox 331 2901 1873 2975; baseline -0.005 -14"><span class='ocrx_word' id='word_1_245' title='bbox 331 2907 483 2974; x_wconf 79' lang='grc' dir='ltr'>αῦτη</span> <span class='ocrx_word' id='word_1_246' title='bbox 509 2906 562 2958; x_wconf 85' lang='grc' dir='ltr'>δὲ</span> <span class='ocrx_word' id='word_1_247' title='bbox 589 2906 849 2975; x_wconf 86' lang='grc' dir='ltr'>καθαραῖς</span> <span class='ocrx_word' id='word_1_248' title='bbox 895 2906 1087 2974; x_wconf 74' lang='grc' dir='ltr'>ψυχαῖς</span> <span class='ocrx_word' id='word_1_249' title='bbox 1133 2906 1418 2972; x_wconf 78' lang='grc' dir='ltr'>ἐγγίνεται,</span> <span class='ocrx_word' id='word_1_250' title='bbox 1452 2903 1627 2965; x_wconf 83' lang='grc' dir='ltr'>καλῶς</span> <span class='ocrx_word' id='word_1_251' title='bbox 1664 2901 1873 2968; x_wconf 83' lang='grc' dir='ltr'>λέγεται</span> 
     </span>
    </p>
   </div>
   <div class='ocr_carea' id='block_1_34' title="bbox 1972 767 3489 842">
    <p class='ocr_par' dir='ltr' id='par_1_34' title="bbox 1972 767 3489 842">
     <span class='ocr_line' id='line_1_34' title="bbox 1972 767 3489 842; baseline -0.007 -10"><span class='ocrx_word' id='word_1_252' title='bbox 1972 781 2096 833; x_wconf 93' lang='lat' dir='ltr'><strong>tiam</strong></span> <span class='ocrx_word' id='word_1_253' title='bbox 2119 776 2470 838; x_wconf 90' lang='lat' dir='ltr'><strong>collimabam,</strong></span> <span class='ocrx_word' id='word_1_254' title='bbox 2496 784 2547 829; x_wconf 87' lang='lat' dir='ltr'><strong>et</strong></span> <span class='ocrx_word' id='word_1_255' title='bbox 2589 775 2807 842; x_wconf 78' lang='lat' dir='ltr'><strong>cognovi</strong></span> <span class='ocrx_word' id='word_1_256' title='bbox 2837 775 2958 841; x_wconf 89' lang='lat' dir='ltr'><strong>quia</strong></span> <span class='ocrx_word' id='word_1_257' title='bbox 2999 770 3295 826; x_wconf 90' lang='lat' dir='ltr'><strong>testimonia</strong></span> <span class='ocrx_word' id='word_1_258' title='bbox 3327 767 3489 824; x_wconf 77' lang='lat' dir='ltr'><strong>tua&#39;in</strong></span> 
     </span>
    </p>
   </div>
   <div class='ocr_carea' id='block_1_35' title="bbox 1967 857 3491 919">
    <p class='ocr_par' dir='ltr' id='par_1_35' title="bbox 1967 857 3491 919">
     <span class='ocr_line' id='line_1_35' title="bbox 1967 857 3491 919; baseline -0.007 0"><span class='ocrx_word' id='word_1_259' title='bbox 1967 874 2223 919; x_wconf 65' lang='lat' dir='ltr'><strong>arternum</strong></span> <span class='ocrx_word' id='word_1_260' title='bbox 2255 863 2505 917; x_wconf 82' lang='lat' dir='ltr'><strong>fundasti.</strong></span> <span class='ocrx_word' id='word_1_261' title='bbox 2533 861 2589 915; x_wconf 82' lang='lat' dir='ltr'><strong>Si</strong></span> <span class='ocrx_word' id='word_1_262' title='bbox 2611 871 2787 914; x_wconf 89' lang='lat' dir='ltr'><strong>autem</strong></span> <span class='ocrx_word' id='word_1_263' title='bbox 2815 861 2952 915; x_wconf 89' lang='lat' dir='ltr'><strong>Deus</strong></span> <span class='ocrx_word' id='word_1_264' title='bbox 2989 858 3227 913; x_wconf 82' lang='lat' dir='ltr'><strong>fundavit</strong></span> <span class='ocrx_word' id='word_1_265' title='bbox 3250 857 3491 911; x_wconf 79' lang='lat' dir='ltr'><strong>testium-</strong></span> 
     </span>
    </p>
   </div>
   <div class='ocr_carea' id='block_1_36' title="bbox 1971 946 3489 1013">
    <p class='ocr_par' dir='ltr' id='par_1_36' title="bbox 1971 946 3489 1013">
     <span class='ocr_line' id='line_1_36' title="bbox 1971 946 3489 1013; baseline -0.006 -7"><span class='ocrx_word' id='word_1_266' title='bbox 1971 954 2077 1013; x_wconf 90' lang='lat' dir='ltr'><strong>nia,</strong></span> <span class='ocrx_word' id='word_1_267' title='bbox 2105 953 2331 1006; x_wconf 91' lang='lat' dir='ltr'><strong>nondum</strong></span> <span class='ocrx_word' id='word_1_268' title='bbox 2356 959 2527 1004; x_wconf 86' lang='lat' dir='ltr'><strong>cessat</strong></span> <span class='ocrx_word' id='word_1_269' title='bbox 2558 962 2586 1002; x_wconf 90' lang='lat' dir='ltr'><strong>a</strong></span> <span class='ocrx_word' id='word_1_270' title='bbox 2624 948 2949 1009; x_wconf 85' lang='lat' dir='ltr'><strong>fundatione,</strong></span> <span class='ocrx_word' id='word_1_271' title='bbox 2979 946 3069 1000; x_wconf 86' lang='lat' dir='ltr'><strong>sed</strong></span> <span class='ocrx_word' id='word_1_272' title='bbox 3105 946 3236 1000; x_wconf 88' lang='lat' dir='ltr'><strong>vivit</strong></span> <span class='ocrx_word' id='word_1_273' title='bbox 3272 946 3322 999; x_wconf 93' lang='lat' dir='ltr'><strong>id</strong></span> <span class='ocrx_word' id='word_1_274' title='bbox 3351 946 3489 1013; x_wconf 86' lang='lat' dir='ltr'><strong>quod</strong></span> 
     </span>
    </p>
   </div>
   <div class='ocr_carea' id='block_1_37' title="bbox 1972 1033 3491 1101">
    <p class='ocr_par' dir='ltr' id='par_1_37' title="bbox 1972 1033 3491 1101">
     <span class='ocr_line' id='line_1_37' title="bbox 1972 1033 3491 1101; baseline -0.005 -7"><span class='ocrx_word' id='word_1_275' title='bbox 1972 1041 2244 1094; x_wconf 89' lang='lat' dir='ltr'><strong>fundatum</strong></span> <span class='ocrx_word' id='word_1_276' title='bbox 2291 1048 2345 1092; x_wconf 91' lang='lat' dir='ltr'><strong>et</strong></span> <span class='ocrx_word' id='word_1_277' title='bbox 2373 1037 2688 1091; x_wconf 68' lang='lat' dir='ltr'><strong>aedificatum</strong></span> <span class='ocrx_word' id='word_1_278' title='bbox 2719 1044 2817 1089; x_wconf 92' lang='lat' dir='ltr'><strong>est.</strong></span> <span class='ocrx_word' id='word_1_279' title='bbox 2852 1034 2984 1100; x_wconf 83' lang='lat' dir='ltr'><strong>Quid</strong></span> <span class='ocrx_word' id='word_1_280' title='bbox 3021 1047 3146 1088; x_wconf 88' lang='lat' dir='ltr'><strong>vero</strong></span> <span class='ocrx_word' id='word_1_281' title='bbox 3169 1033 3491 1101; x_wconf 65' lang='lat' dir='ltr'><strong>snperazdilio</strong></span> 
     </span>
    </p>
   </div>
   <div class='ocr_carea' id='block_1_38' title="bbox 1970 1126 3493 1197">
    <p class='ocr_par' dir='ltr' id='par_1_38' title="bbox 1970 1126 3493 1197">
     <span class='ocr_line' id='line_1_38' title="bbox 1970 1126 3493 1197; baseline -0.001 -16"><span class='ocrx_word' id='word_1_282' title='bbox 1970 1138 2054 1181; x_wconf 88' lang='lat' dir='ltr'><strong>cat</strong></span> <span class='ocrx_word' id='word_1_283' title='bbox 2078 1130 2099 1181; x_wconf 65' lang='grc' dir='ltr'><strong>ἲ</strong></span> <span class='ocrx_word' id='word_1_284' title='bbox 2126 1138 2404 1197; x_wconf 70' lang='lat' dir='ltr'><strong>prmcepta,</strong></span> <span class='ocrx_word' id='word_1_285' title='bbox 2428 1128 2690 1191; x_wconf 85' lang='lat' dir='ltr'><strong>mandata,</strong></span> <span class='ocrx_word' id='word_1_286' title='bbox 2704 1126 3128 1195; x_wconf 84' lang='lat' dir='ltr'><strong>justitlcationes,</strong></span> <span class='ocrx_word' id='word_1_287' title='bbox 3153 1126 3372 1192; x_wconf 82' lang='lat' dir='ltr'><strong>iudicia,</strong></span> <span class='ocrx_word' id='word_1_288' title='bbox 3405 1140 3493 1180; x_wconf 83' lang='lat' dir='ltr'><strong>sa-</strong></span> 
     </span>
    </p>
   </div>
   <div class='ocr_carea' id='block_1_39' title="bbox 1970 1213 3491 1282">
    <p class='ocr_par' dir='ltr' id='par_1_39' title="bbox 1970 1213 3491 1282">
     <span class='ocr_line' id='line_1_39' title="bbox 1970 1213 3491 1282; baseline -0.001 -13"><span class='ocrx_word' id='word_1_289' title='bbox 1970 1217 2238 1282; x_wconf 77' lang='lat' dir='ltr'><strong>pientiam,</strong></span> <span class='ocrx_word' id='word_1_290' title='bbox 2269 1216 2585 1279; x_wconf 83' lang='lat' dir='ltr'><strong>scientiam;</strong></span> <span class='ocrx_word' id='word_1_291' title='bbox 2623 1223 2677 1267; x_wconf 82' lang='lat' dir='ltr'><strong>et</strong></span> <span class='ocrx_word' id='word_1_292' title='bbox 2721 1215 2797 1267; x_wconf 88' lang='lat' dir='ltr'><strong>sic</strong></span> <span class='ocrx_word' id='word_1_293' title='bbox 2848 1214 3052 1282; x_wconf 87' lang='lat' dir='ltr'><strong>perlicit</strong></span> <span class='ocrx_word' id='word_1_294' title='bbox 3091 1213 3491 1267; x_wconf 66' lang='lat' dir='ltr'><strong>aediﬁcationem</strong></span> 
     </span>
    </p>
   </div>
   <div class='ocr_carea' id='block_1_40' title="bbox 1970 1301 3493 1371">
    <p class='ocr_par' dir='ltr' id='par_1_40' title="bbox 1970 1301 3493 1371">
     <span class='ocr_line' id='line_1_40' title="bbox 1970 1301 3493 1371; baseline 0.001 -18"><span class='ocrx_word' id='word_1_295' title='bbox 1970 1304 2021 1355; x_wconf 80' lang='lat' dir='ltr'><strong>iu</strong></span> <span class='ocrx_word' id='word_1_296' title='bbox 2050 1304 2295 1358; x_wconf 84' lang='lat' dir='ltr'><strong>omnibus</strong></span> <span class='ocrx_word' id='word_1_297' title='bbox 2336 1304 2586 1371; x_wconf 85' lang='lat' dir='ltr'><strong>operibus</strong></span> <span class='ocrx_word' id='word_1_298' title='bbox 2620 1302 2799 1366; x_wconf 86' lang='lat' dir='ltr'><strong>bonis,</strong></span> <span class='ocrx_word' id='word_1_299' title='bbox 2832 1301 3168 1355; x_wconf 82' lang='lat' dir='ltr'><strong>sermonibus</strong></span> <span class='ocrx_word' id='word_1_300' title='bbox 3199 1301 3493 1369; x_wconf 78' lang='lat' dir='ltr'><strong>sapientiae,</strong></span> 
     </span>
    </p>
   </div>
   <div class='ocr_carea' id='block_1_41' title="bbox 1971 1387 3494 1459">
    <p class='ocr_par' dir='ltr' id='par_1_41' title="bbox 1971 1387 3494 1459">
     <span class='ocr_line' id='line_1_41' title="bbox 1971 1387 3494 1459; baseline -0.002 -16"><span class='ocrx_word' id='word_1_301' title='bbox 1971 1391 2261 1458; x_wconf 71' lang='lat' dir='ltr'><strong>disciplina:</strong></span> <span class='ocrx_word' id='word_1_302' title='bbox 2293 1392 2627 1459; x_wconf 79' lang='lat' dir='ltr'><strong>cognitione;</strong></span> <span class='ocrx_word' id='word_1_303' title='bbox 2658 1404 2775 1456; x_wconf 73' lang='lat' dir='ltr'><strong>qua:</strong></span> <span class='ocrx_word' id='word_1_304' title='bbox 2797 1387 2841 1443; x_wconf 90' lang='lat' dir='ltr'><strong>si</strong></span> <span class='ocrx_word' id='word_1_305' title='bbox 2876 1396 2992 1457; x_wconf 91' lang='lat' dir='ltr'><strong>post</strong></span> <span class='ocrx_word' id='word_1_306' title='bbox 3019 1388 3379 1444; x_wconf 78' lang='lat' dir='ltr'><strong>laudationem</strong></span> <span class='ocrx_word' id='word_1_307' title='bbox 3408 1404 3494 1457; x_wconf 57' lang='lat' dir='ltr'><strong>po.</strong></span> 
     </span>
    </p>
   </div>
   <div class='ocr_carea' id='block_1_42' title="bbox 1970 1472 3494 1543">
    <p class='ocr_par' dir='ltr' id='par_1_42' title="bbox 1970 1472 3494 1543">
     <span class='ocr_line' id='line_1_42' title="bbox 1970 1472 3494 1543; baseline -0.004 -13"><span class='ocrx_word' id='word_1_308' title='bbox 1970 1479 2068 1531; x_wconf 88' lang='lat' dir='ltr'><strong>sita</strong></span> <span class='ocrx_word' id='word_1_309' title='bbox 2102 1477 2315 1539; x_wconf 88' lang='lat' dir='ltr'><strong>fuerint,</strong></span> <span class='ocrx_word' id='word_1_310' title='bbox 2342 1476 2498 1530; x_wconf 86' lang='lat' dir='ltr'><strong>habet</strong></span> <span class='ocrx_word' id='word_1_311' title='bbox 2529 1477 2650 1543; x_wconf 89' lang='lat' dir='ltr'><strong>quis</strong></span> <span class='ocrx_word' id='word_1_312' title='bbox 2680 1476 2732 1528; x_wconf 88' lang='lat' dir='ltr'><strong>in</strong></span> <span class='ocrx_word' id='word_1_313' title='bbox 2763 1476 3044 1541; x_wconf 82' lang='lat' dir='ltr'><strong>semetipso</strong></span> <span class='ocrx_word' id='word_1_314' title='bbox 3066 1472 3344 1528; x_wconf 63' lang='lat' dir='ltr'><strong>aedilicium</strong></span> <span class='ocrx_word' id='word_1_315' title='bbox 3373 1489 3494 1540; x_wconf 85' lang='lat' dir='ltr'><strong>per-</strong></span> 
     </span>
    </p>
   </div>
   <div class='ocr_carea' id='block_1_43' title="bbox 1972 1562 3494 1632">
    <p class='ocr_par' dir='ltr' id='par_1_43' title="bbox 1972 1562 3494 1632">
     <span class='ocr_line' id='line_1_43' title="bbox 1972 1562 3494 1632; baseline -0.002 -15"><span class='ocrx_word' id='word_1_316' title='bbox 1972 1566 2193 1627; x_wconf 87' lang='lat' dir='ltr'><strong>fectum,</strong></span> <span class='ocrx_word' id='word_1_317' title='bbox 2243 1566 2455 1632; x_wconf 88' lang='lat' dir='ltr'><strong>dignum</strong></span> <span class='ocrx_word' id='word_1_318' title='bbox 2495 1563 2547 1619; x_wconf 86' lang='lat' dir='ltr'><strong>in</strong></span> <span class='ocrx_word' id='word_1_319' title='bbox 2593 1578 2697 1632; x_wconf 92' lang='lat' dir='ltr'><strong>quo</strong></span> <span class='ocrx_word' id='word_1_320' title='bbox 2746 1564 2881 1616; x_wconf 88' lang='lat' dir='ltr'><strong>Deus</strong></span> <span class='ocrx_word' id='word_1_321' title='bbox 2928 1562 3185 1617; x_wconf 87' lang='lat' dir='ltr'><strong>inhabitet</strong></span> <span class='ocrx_word' id='word_1_322' title='bbox 3229 1570 3281 1617; x_wconf 87' lang='lat' dir='ltr'><strong>et</strong></span> <span class='ocrx_word' id='word_1_323' title='bbox 3325 1562 3494 1617; x_wconf 86' lang='lat' dir='ltr'><strong>inam-</strong></span> 
     </span>
    </p>
   </div>
   <div class='ocr_carea' id='block_1_44' title="bbox 1972 1654 2134 1717">
    <p class='ocr_par' dir='ltr' id='par_1_44' title="bbox 1972 1654 2134 1717">
     <span class='ocr_line' id='line_1_44' title="bbox 1972 1654 2134 1717; baseline -0.006 -10"><span class='ocrx_word' id='word_1_324' title='bbox 1972 1654 2134 1717; x_wconf 85' lang='lat' dir='ltr'><strong>bulet.</strong></span> 
     </span>
    </p>
   </div>
   <div class='ocr_carea' id='block_1_45' title="bbox 2039 1738 3493 1804">
    <p class='ocr_par' dir='ltr' id='par_1_45' title="bbox 2039 1738 3493 1804">
     <span class='ocr_line' id='line_1_45' title="bbox 2039 1738 3493 1804; baseline -0.001 -13"><span class='ocrx_word' id='word_1_325' title='bbox 2039 1739 2198 1795; x_wconf 73' lang='lat' dir='ltr'><strong>Vens.</strong></span> <span class='ocrx_word' id='word_1_326' title='bbox 2238 1740 2362 1794; x_wconf 75' lang='grc'><strong>155.</strong></span> <span class='ocrx_word' id='word_1_327' title='bbox 2415 1738 2535 1792; x_wconf 81' lang='lat' dir='ltr'><strong>Vide</strong></span> <span class='ocrx_word' id='word_1_328' title='bbox 2571 1738 2909 1790; x_wconf 84' lang='lat' dir='ltr'><strong>humilitatem</strong></span> <span class='ocrx_word' id='word_1_329' title='bbox 2944 1754 3108 1793; x_wconf 89' lang='lat' dir='ltr'><strong>meam</strong></span> <span class='ocrx_word' id='word_1_330' title='bbox 3147 1747 3194 1792; x_wconf 84' lang='lat' dir='ltr'><strong>et</strong></span> <span class='ocrx_word' id='word_1_331' title='bbox 3229 1738 3367 1804; x_wconf 85' lang='lat' dir='ltr'><strong>eripe</strong></span> <span class='ocrx_word' id='word_1_332' title='bbox 3394 1753 3493 1803; x_wconf 86' lang='lat' dir='ltr'><strong>me,</strong></span> 
     </span>
    </p>
   </div>
   <div class='ocr_carea' id='block_1_46' title="bbox 1969 1826 3497 1896">
    <p class='ocr_par' dir='ltr' id='par_1_46' title="bbox 1969 1826 3497 1896">
     <span class='ocr_line' id='line_1_46' title="bbox 1969 1826 3497 1896; baseline 0 -18"><span class='ocrx_word' id='word_1_333' title='bbox 1969 1829 2089 1895; x_wconf 85' lang='lat' dir='ltr'><strong>quia</strong></span> <span class='ocrx_word' id='word_1_334' title='bbox 2113 1828 2268 1896; x_wconf 89' lang='lat' dir='ltr'><strong>legem</strong></span> <span class='ocrx_word' id='word_1_335' title='bbox 2319 1837 2459 1878; x_wconf 88' lang='lat' dir='ltr'><strong>tuam</strong></span> <span class='ocrx_word' id='word_1_336' title='bbox 2494 1842 2595 1877; x_wconf 83' lang='lat' dir='ltr'><strong>non</strong></span> <span class='ocrx_word' id='word_1_337' title='bbox 2637 1842 2749 1878; x_wconf 85' lang='lat' dir='ltr'><strong>sum</strong></span> <span class='ocrx_word' id='word_1_338' title='bbox 2785 1827 2990 1892; x_wconf 79' lang='lat' dir='ltr'><strong>oblitus,</strong></span> <span class='ocrx_word' id='word_1_339' title='bbox 3030 1836 3133 1879; x_wconf 94' lang='lat' dir='ltr'><strong>etc.</strong></span> <span class='ocrx_word' id='word_1_340' title='bbox 3162 1826 3380 1878; x_wconf 87' lang='lat' dir='ltr'><strong>Beatum</strong></span> <span class='ocrx_word' id='word_1_341' title='bbox 3415 1836 3497 1878; x_wconf 89' lang='lat' dir='ltr'><strong>cst</strong></span> 
     </span>
    </p>
   </div>
   <div class='ocr_carea' id='block_1_47' title="bbox 1971 1912 3494 1985">
    <p class='ocr_par' dir='ltr' id='par_1_47' title="bbox 1971 1912 3494 1985">
     <span class='ocr_line' id='line_1_47' title="bbox 1971 1912 3494 1985; baseline -0.003 -15"><span class='ocrx_word' id='word_1_342' title='bbox 1971 1915 2130 1985; x_wconf 74' lang='lat'><strong>815</strong></span> <span class='ocrx_word' id='word_1_343' title='bbox 2178 1930 2355 1969; x_wconf 91' lang='lat' dir='ltr'><strong>coram</strong></span> <span class='ocrx_word' id='word_1_344' title='bbox 2388 1916 2495 1968; x_wconf 90' lang='lat' dir='ltr'><strong>Deo</strong></span> <span class='ocrx_word' id='word_1_345' title='bbox 2538 1916 2826 1970; x_wconf 86' lang='lat' dir='ltr'><strong>humiliari.</strong></span> <span class='ocrx_word' id='word_1_346' title='bbox 2861 1915 2952 1968; x_wconf 87' lang='lat' dir='ltr'><strong>Ait</strong></span> <span class='ocrx_word' id='word_1_347' title='bbox 2982 1915 3122 1968; x_wconf 88' lang='lat' dir='ltr'><strong>enim</strong></span> <span class='ocrx_word' id='word_1_348' title='bbox 3141 1912 3371 1967; x_wconf 71' lang='lat' dir='ltr'><strong>Iacobus</strong></span> <span class='ocrx_word' id='word_1_349' title='bbox 3405 1913 3449 1944; x_wconf 82' lang='lat'>“</span> <span class='ocrx_word' id='word_1_350' title='bbox 3478 1928 3494 1965; x_wconf 86' lang='lat'><strong>:</strong></span> 
     </span>
    </p>
   </div>
   <div class='ocr_carea' id='block_1_48' title="bbox 1977 1997 3498 2070">
    <p class='ocr_par' dir='ltr' id='par_1_48' title="bbox 1977 1997 3498 2070">
     <span class='ocr_line' id='line_1_48' title="bbox 1977 1997 3498 2070; baseline -0.003 -15"><span class='ocrx_word' id='word_1_351' title='bbox 1977 2023 1995 2055; x_wconf 78' lang='grc' dir='ltr'><strong>ι</strong></span> <span class='ocrx_word' id='word_1_352' title='bbox 2031 2003 2385 2057; x_wconf 87' lang='lat' dir='ltr'><strong>llumiliamini</strong></span> <span class='ocrx_word' id='word_1_353' title='bbox 2438 2004 2490 2056; x_wconf 93' lang='lat' dir='ltr'><strong>in</strong></span> <span class='ocrx_word' id='word_1_354' title='bbox 2546 2012 2832 2070; x_wconf 87' lang='lat' dir='ltr'><strong>conspectu</strong></span> <span class='ocrx_word' id='word_1_355' title='bbox 2882 2000 3109 2062; x_wconf 87' lang='lat' dir='ltr'><strong>Domini.</strong></span> <span class='ocrx_word' id='word_1_356' title='bbox 3148 2009 3202 2054; x_wconf 90' lang='lat' dir='ltr'><strong>et</strong></span> <span class='ocrx_word' id='word_1_357' title='bbox 3244 1997 3498 2053; x_wconf 75' lang='lat' dir='ltr'><strong>exaltabit</strong></span> 
     </span>
    </p>
   </div>
   <div class='ocr_carea' id='block_1_49' title="bbox 1970 2086 3496 2161">
    <p class='ocr_par' dir='ltr' id='par_1_49' title="bbox 1970 2086 3496 2161">
     <span class='ocr_line' id='line_1_49' title="bbox 1970 2086 3496 2161; baseline -0.004 -16"><span class='ocrx_word' id='word_1_358' title='bbox 1970 2108 2082 2147; x_wconf 87' lang='lat' dir='ltr'><strong>vos.</strong></span> <span class='ocrx_word' id='word_1_359' title='bbox 2120 2111 2139 2144; x_wconf 77' lang='grc' dir='ltr'><strong>ι</strong></span> <span class='ocrx_word' id='word_1_360' title='bbox 2178 2092 2397 2157; x_wconf 85' lang='lat' dir='ltr'><strong>Quando</strong></span> <span class='ocrx_word' id='word_1_361' title='bbox 2425 2092 2584 2161; x_wconf 78' lang='lat' dir='ltr'><strong>igitur</strong></span> <span class='ocrx_word' id='word_1_362' title='bbox 2612 2093 2709 2144; x_wconf 88' lang='lat' dir='ltr'><strong>hoc</strong></span> <span class='ocrx_word' id='word_1_363' title='bbox 2748 2090 2903 2145; x_wconf 89' lang='lat' dir='ltr'><strong>modo</strong></span> <span class='ocrx_word' id='word_1_364' title='bbox 2930 2089 3185 2142; x_wconf 84' lang='lat' dir='ltr'><strong>fuerimus</strong></span> <span class='ocrx_word' id='word_1_365' title='bbox 3212 2086 3496 2151; x_wconf 87' lang='lat' dir='ltr'><strong>humiliati,</strong></span> 
     </span>
    </p>
   </div>
   <div class='ocr_carea' id='block_1_50' title="bbox 1969 2177 3497 2244">
    <p class='ocr_par' dir='ltr' id='par_1_50' title="bbox 1969 2177 3497 2244">
     <span class='ocr_line' id='line_1_50' title="bbox 1969 2177 3497 2244; baseline -0.002 -10"><span class='ocrx_word' id='word_1_366' title='bbox 1969 2181 2066 2234; x_wconf 88' lang='lat' dir='ltr'><strong>etsi</strong></span> <span class='ocrx_word' id='word_1_367' title='bbox 2109 2181 2402 2232; x_wconf 64' lang='lat' dir='ltr'><strong>daemonum</strong></span> <span class='ocrx_word' id='word_1_368' title='bbox 2439 2179 2646 2232; x_wconf 90' lang='lat' dir='ltr'><strong>insidiis</strong></span> <span class='ocrx_word' id='word_1_369' title='bbox 2680 2177 2924 2244; x_wconf 86' lang='lat' dir='ltr'><strong>impetiti,</strong></span> <span class='ocrx_word' id='word_1_370' title='bbox 2962 2178 3059 2232; x_wconf 89' lang='lat' dir='ltr'><strong>etsi</strong></span> <span class='ocrx_word' id='word_1_371' title='bbox 3099 2178 3164 2232; x_wconf 89' lang='lat' dir='ltr'><strong>ab</strong></span> <span class='ocrx_word' id='word_1_372' title='bbox 3197 2177 3497 2231; x_wconf 87' lang='lat' dir='ltr'><strong>hominibus</strong></span> 
     </span>
    </p>
   </div>
   <div class='ocr_carea' id='block_1_51' title="bbox 1970 2266 3497 2336">
    <p class='ocr_par' dir='ltr' id='par_1_51' title="bbox 1970 2266 3497 2336">
     <span class='ocr_line' id='line_1_51' title="bbox 1970 2266 3497 2336; baseline 0 -16"><span class='ocrx_word' id='word_1_373' title='bbox 1970 2268 2222 2321; x_wconf 87' lang='lat' dir='ltr'><strong>virtutum</strong></span> <span class='ocrx_word' id='word_1_374' title='bbox 2278 2268 2524 2323; x_wconf 90' lang='lat' dir='ltr'><strong>osoribus</strong></span> <span class='ocrx_word' id='word_1_375' title='bbox 2579 2269 2861 2336; x_wconf 75' lang='lat' dir='ltr'><strong>oppugnati</strong></span> <span class='ocrx_word' id='word_1_376' title='bbox 2910 2266 3195 2328; x_wconf 86' lang='lat' dir='ltr'><strong>fuerimus,</strong></span> <span class='ocrx_word' id='word_1_377' title='bbox 3246 2266 3497 2320; x_wconf 87' lang='lat' dir='ltr'><strong>habemus</strong></span> 
     </span>
    </p>
   </div>
   <div class='ocr_carea' id='block_1_52' title="bbox 1971 2354 3493 2425">
    <p class='ocr_par' dir='ltr' id='par_1_52' title="bbox 1971 2354 3493 2425">
     <span class='ocr_line' id='line_1_52' title="bbox 1971 2354 3493 2425; baseline -0.001 -16"><span class='ocrx_word' id='word_1_378' title='bbox 1971 2357 2134 2411; x_wconf 87' lang='lat' dir='ltr'><strong>Deum</strong></span> <span class='ocrx_word' id='word_1_379' title='bbox 2164 2355 2254 2425; x_wconf 88' lang='lat' dir='ltr'><strong>qui</strong></span> <span class='ocrx_word' id='word_1_380' title='bbox 2280 2369 2374 2410; x_wconf 88' lang='lat' dir='ltr'><strong>nos</strong></span> <span class='ocrx_word' id='word_1_381' title='bbox 2398 2357 2607 2423; x_wconf 88' lang='lat' dir='ltr'><strong>eripiat,</strong></span> <span class='ocrx_word' id='word_1_382' title='bbox 2630 2355 2912 2410; x_wconf 90' lang='lat' dir='ltr'><strong>dummodo</strong></span> <span class='ocrx_word' id='word_1_383' title='bbox 2939 2355 3065 2423; x_wconf 85' lang='lat' dir='ltr'><strong>legis</strong></span> <span class='ocrx_word' id='word_1_384' title='bbox 3094 2354 3205 2421; x_wconf 77' lang='lat' dir='ltr'><strong>ejus</strong></span> <span class='ocrx_word' id='word_1_385' title='bbox 3234 2368 3335 2408; x_wconf 88' lang='lat' dir='ltr'><strong>non</strong></span> <span class='ocrx_word' id='word_1_386' title='bbox 3359 2354 3493 2409; x_wconf 84' lang='lat' dir='ltr'><strong>obli-</strong></span> 
     </span>
    </p>
   </div>
   <div class='ocr_carea' id='block_1_53' title="bbox 1970 2440 3501 2513">
    <p class='ocr_par' dir='ltr' id='par_1_53' title="bbox 1970 2440 3501 2513">
     <span class='ocr_line' id='line_1_53' title="bbox 1970 2440 3501 2513; baseline -0.002 -16"><span class='ocrx_word' id='word_1_387' title='bbox 1970 2446 2252 2510; x_wconf 89' lang='lat' dir='ltr'><strong>viscamur,</strong></span> <span class='ocrx_word' id='word_1_388' title='bbox 2282 2459 2451 2513; x_wconf 91' lang='lat' dir='ltr'><strong>neque</strong></span> <span class='ocrx_word' id='word_1_389' title='bbox 2474 2444 2527 2498; x_wconf 91' lang='lat' dir='ltr'><strong>in</strong></span> <span class='ocrx_word' id='word_1_390' title='bbox 2562 2443 2982 2498; x_wconf 85' lang='lat' dir='ltr'><strong>tribulationibus</strong></span> <span class='ocrx_word' id='word_1_391' title='bbox 3008 2442 3241 2496; x_wconf 88' lang='lat' dir='ltr'><strong>animum</strong></span> <span class='ocrx_word' id='word_1_392' title='bbox 3274 2440 3501 2510; x_wconf 84' lang='lat' dir='ltr'><strong>despon-</strong></span> 
     </span>
    </p>
   </div>
   <div class='ocr_carea' id='block_1_54' title="bbox 1971 2536 2209 2587">
    <p class='ocr_par' dir='ltr' id='par_1_54' title="bbox 1971 2536 2209 2587">
     <span class='ocr_line' id='line_1_54' title="bbox 1971 2536 2209 2587; baseline -0.017 0"><span class='ocrx_word' id='word_1_393' title='bbox 1971 2536 2209 2587; x_wconf 86' lang='lat' dir='ltr'><strong>deamus.</strong></span> 
     </span>
    </p>
   </div>
   <div class='ocr_carea' id='block_1_55' title="bbox 2041 2617 3497 2690">
    <p class='ocr_par' dir='ltr' id='par_1_55' title="bbox 2041 2617 3497 2690">
     <span class='ocr_line' id='line_1_55' title="bbox 2041 2617 3497 2690; baseline -0.001 -17"><span class='ocrx_word' id='word_1_394' title='bbox 2041 2620 2197 2675; x_wconf 70' lang='lat' dir='ltr'><strong>Vens.</strong></span> <span class='ocrx_word' id='word_1_395' title='bbox 2225 2621 2341 2675; x_wconf 69' lang='lat'><strong>155.</strong></span> <span class='ocrx_word' id='word_1_396' title='bbox 2371 2620 2545 2690; x_wconf 85' lang='lat' dir='ltr'><strong>Longe</strong></span> <span class='ocrx_word' id='word_1_397' title='bbox 2570 2637 2600 2674; x_wconf 90' lang='lat' dir='ltr'><strong>a</strong></span> <span class='ocrx_word' id='word_1_398' title='bbox 2627 2621 2971 2688; x_wconf 69' lang='lat' dir='ltr'><strong>peccatoribus</strong></span> <span class='ocrx_word' id='word_1_399' title='bbox 3010 2620 3171 2684; x_wconf 85' lang='lat' dir='ltr'><strong>salus,</strong></span> <span class='ocrx_word' id='word_1_400' title='bbox 3198 2620 3315 2689; x_wconf 83' lang='lat' dir='ltr'><strong>quia</strong></span> <span class='ocrx_word' id='word_1_401' title='bbox 3338 2617 3497 2688; x_wconf 80' lang='lat' dir='ltr'><strong>justi-</strong></span> 
     </span>
    </p>
   </div>
   <div class='ocr_carea' id='block_1_56' title="bbox 1971 2708 3496 2779">
    <p class='ocr_par' dir='ltr' id='par_1_56' title="bbox 1971 2708 3496 2779">
     <span class='ocr_line' id='line_1_56' title="bbox 1971 2708 3496 2779; baseline -0.001 -15"><span class='ocrx_word' id='word_1_402' title='bbox 1971 2711 2231 2778; x_wconf 80' lang='lat' dir='ltr'><strong>ﬁcationes</strong></span> <span class='ocrx_word' id='word_1_403' title='bbox 2253 2722 2366 2765; x_wconf 87' lang='lat' dir='ltr'><strong>tuas</strong></span> <span class='ocrx_word' id='word_1_404' title='bbox 2400 2728 2499 2767; x_wconf 82' lang='lat' dir='ltr'><strong>nor:</strong></span> <span class='ocrx_word' id='word_1_405' title='bbox 2528 2712 2894 2779; x_wconf 73' lang='lat' dir='ltr'><strong>exquisierunt,</strong></span> <span class='ocrx_word' id='word_1_406' title='bbox 2944 2720 3046 2765; x_wconf 91' lang='lat' dir='ltr'><strong>etc.</strong></span> <span class='ocrx_word' id='word_1_407' title='bbox 3082 2712 3136 2765; x_wconf 90' lang='lat' dir='ltr'><strong>Si</strong></span> <span class='ocrx_word' id='word_1_408' title='bbox 3169 2708 3496 2765; x_wconf 88' lang='lat' dir='ltr'><strong>rationabilis</strong></span> 
     </span>
    </p>
   </div>
   <div class='ocr_carea' id='block_1_57' title="bbox 1972 2798 3496 2868">
    <p class='ocr_par' dir='ltr' id='par_1_57' title="bbox 1972 2798 3496 2868">
     <span class='ocr_line' id='line_1_57' title="bbox 1972 2798 3496 2868; baseline -0.003 -16"><span class='ocrx_word' id='word_1_409' title='bbox 1972 2799 2113 2852; x_wconf 90' lang='lat' dir='ltr'><strong>salus</strong></span> <span class='ocrx_word' id='word_1_410' title='bbox 2136 2807 2217 2852; x_wconf 89' lang='lat' dir='ltr'><strong>est</strong></span> <span class='ocrx_word' id='word_1_411' title='bbox 2244 2808 2443 2853; x_wconf 61' lang='lat' dir='ltr'><strong>natura;</strong></span> <span class='ocrx_word' id='word_1_412' title='bbox 2467 2800 2695 2865; x_wconf 88' lang='lat' dir='ltr'><strong>cognitio</strong></span> <span class='ocrx_word' id='word_1_413' title='bbox 2728 2802 2840 2866; x_wconf 92' lang='lat' dir='ltr'><strong>Dei,</strong></span> <span class='ocrx_word' id='word_1_414' title='bbox 2868 2802 3081 2867; x_wconf 78' lang='lat' dir='ltr'><strong>ipsaque</strong></span> <span class='ocrx_word' id='word_1_415' title='bbox 3114 2799 3256 2868; x_wconf 84' lang='lat' dir='ltr'><strong>puris</strong></span> <span class='ocrx_word' id='word_1_416' title='bbox 3290 2798 3496 2852; x_wconf 82' lang='lat' dir='ltr'><strong>anima-</strong></span> 
     </span>
    </p>
   </div>
   <div class='ocr_carea' id='block_1_58' title="bbox 1974 2887 3497 2956">
    <p class='ocr_par' dir='ltr' id='par_1_58' title="bbox 1974 2887 3497 2956">
     <span class='ocr_line' id='line_1_58' title="bbox 1974 2887 3497 2956; baseline 0.001 -18"><span class='ocrx_word' id='word_1_417' title='bbox 1974 2888 2071 2938; x_wconf 86' lang='lat' dir='ltr'><strong>bus</strong></span> <span class='ocrx_word' id='word_1_418' title='bbox 2095 2887 2247 2951; x_wconf 88' lang='lat' dir='ltr'><strong>inest,</strong></span> <span class='ocrx_word' id='word_1_419' title='bbox 2287 2887 2504 2954; x_wconf 89' lang='lat' dir='ltr'><strong>pulchre</strong></span> <span class='ocrx_word' id='word_1_420' title='bbox 2529 2888 2722 2941; x_wconf 88' lang='lat' dir='ltr'><strong>dicitur</strong></span> <span class='ocrx_word' id='word_1_421' title='bbox 2751 2904 2766 2941; x_wconf 91' lang='lat'><strong>:</strong></span> <span class='ocrx_word' id='word_1_422' title='bbox 2807 2906 2825 2938; x_wconf 79' lang='grc' dir='ltr'><strong>ι</strong></span> <span class='ocrx_word' id='word_1_423' title='bbox 2853 2888 3030 2955; x_wconf 82' lang='lat' dir='ltr'><strong>Longe</strong></span> <span class='ocrx_word' id='word_1_424' title='bbox 3074 2902 3102 2940; x_wconf 88' lang='lat' dir='ltr'><strong>a</strong></span> <span class='ocrx_word' id='word_1_425' title='bbox 3132 2887 3497 2956; x_wconf 82' lang='lat' dir='ltr'><strong>peccatoribus</strong></span> 
     </span>
    </p>
   </div>
   <div class='ocr_carea' id='block_1_59' title="bbox 331 2973 1869 3063">
    <p class='ocr_par' dir='ltr' id='par_1_59' title="bbox 331 2973 1869 3063">
     <span class='ocr_line' id='line_1_59' title="bbox 331 2973 1869 3063; baseline -0.004 -15"><span class='ocrx_word' id='word_1_426' title='bbox 331 2997 417 3055; x_wconf 83' lang='grc' dir='ltr'><strong>τὸ,</strong></span> <span class='ocrx_word' id='word_1_427' title='bbox 442 2973 854 3063; x_wconf 10' lang='grc' dir='ltr'>«ῨΜακρὰνίάπὸ</span> <span class='ocrx_word' id='word_1_428' title='bbox 888 2973 1213 3062; x_wconf 82' lang='grc' dir='ltr'>ἁμαρτωλῶν</span> <span class='ocrx_word' id='word_1_429' title='bbox 1259 2994 1512 3062; x_wconf 76' lang='grc' dir='ltr'>σωτηρία⁶</span> <span class='ocrx_word' id='word_1_430' title='bbox 1549 2993 1626 3053; x_wconf 81' lang='grc' dir='ltr'><strong>εἰς</strong></span> <span class='ocrx_word' id='word_1_431' title='bbox 1649 2992 1753 3061; x_wconf 83' lang='grc' dir='ltr'>γὰρ</span> <span class='ocrx_word' id='word_1_432' title='bbox 1781 3007 1869 3042; x_wconf 90' lang='grc' dir='ltr'>κα-</span> 
     </span>
    </p>
   </div>
   <div class='ocr_carea' id='block_1_60' title="bbox 1974 2973 3499 3063">
    <p class='ocr_par' dir='ltr' id='par_1_60' title="bbox 1974 2973 3499 3037">
     <span class='ocr_line' id='line_1_60' title="bbox 1974 2973 3499 3037; baseline 0 -11"><span class='ocrx_word' id='word_1_433' title='bbox 1974 2973 2156 3037; x_wconf 90' lang='lat' dir='ltr'><strong>salus;</strong></span> <span class='ocrx_word' id='word_1_434' title='bbox 2241 2988 2363 3027; x_wconf 89' lang='lat' dir='ltr'><strong>nam</strong></span> <span class='ocrx_word' id='word_1_435' title='bbox 2452 2975 2504 3027; x_wconf 92' lang='lat' dir='ltr'><strong>in</strong></span> <span class='ocrx_word' id='word_1_436' title='bbox 2541 2976 2846 3031; x_wconf 89' lang='lat' dir='ltr'><strong>malevolam</strong></span> <span class='ocrx_word' id='word_1_437' title='bbox 2878 2977 3104 3028; x_wconf 85' lang='lat' dir='ltr'><strong>animam</strong></span> <span class='ocrx_word' id='word_1_438' title='bbox 3131 2990 3232 3029; x_wconf 79' lang='lat' dir='ltr'><strong>non</strong></span> <span class='ocrx_word' id='word_1_439' title='bbox 3260 2975 3499 3028; x_wconf 83' lang='lat' dir='ltr'><strong>introibit</strong></span> 
     </span>
    </p>
   </div>
   <div class='ocr_carea' id='block_1_61' title="bbox 332 3075 1869 3151">
    <p class='ocr_par' dir='ltr' id='par_1_61' title="bbox 332 3075 1869 3151">
     <span class='ocr_line' id='line_1_61' title="bbox 332 3075 1869 3151; baseline -0.003 -15"><span class='ocrx_word' id='word_1_440' title='bbox 332 3085 588 3151; x_wconf 86' lang='grc' dir='ltr'>κότεχνον</span> <span class='ocrx_word' id='word_1_441' title='bbox 610 3082 786 3151; x_wconf 69' lang='grc' dir='ltr'>ψυχὴν</span> <span class='ocrx_word' id='word_1_442' title='bbox 830 3083 927 3134; x_wconf 82' lang='grc' dir='ltr'><strong>οὐκ</strong></span> <span class='ocrx_word' id='word_1_443' title='bbox 973 3082 1325 3134; x_wconf 75' lang='grc' dir='ltr'>εἰσελεύσεται</span> <span class='ocrx_word' id='word_1_444' title='bbox 1377 3082 1553 3149; x_wconf 84' lang='grc' dir='ltr'>σοφία.</span> <span class='ocrx_word' id='word_1_445' title='bbox 1583 3099 1601 3130; x_wconf 76' lang='grc' dir='ltr'><strong>ι</strong></span> <span class='ocrx_word' id='word_1_446' title='bbox 1652 3075 1726 3132; x_wconf 66' lang='lat' dir='ltr'><strong>Ob</strong></span> <span class='ocrx_word' id='word_1_447' title='bbox 1762 3077 1869 3148; x_wconf 78' lang='grc' dir='ltr'>γὰρ</span> 
     </span>
    </p>
   </div>
   <div class='ocr_carea' id='block_1_62' title="bbox 236 3164 1869 3240">
    <p class='ocr_par' dir='ltr' id='par_1_62' title="bbox 236 3164 1869 3240">
     <span class='ocr_line' id='line_1_62' title="bbox 236 3164 1869 3240; baseline -0.002 -16"><span class='ocrx_word' id='word_1_448' title='bbox 236 3230 248 3239; x_wconf 55' lang='grc'><strong>,</strong></span> <span class='ocrx_word' id='word_1_449' title='bbox 333 3173 563 3240; x_wconf 78' lang='grc' dir='ltr'>ἐγγὺςή</span> <span class='ocrx_word' id='word_1_450' title='bbox 597 3171 789 3240; x_wconf 86' lang='grc' dir='ltr'>κρίσις,</span> <span class='ocrx_word' id='word_1_451' title='bbox 837 3172 997 3237; x_wconf 75' lang='grc' dir='ltr'>ἐγγὺς</span> <span class='ocrx_word' id='word_1_452' title='bbox 1028 3173 1119 3222; x_wconf 78' lang='grc' dir='ltr'>καὶ</span> <span class='ocrx_word' id='word_1_453' title='bbox 1147 3172 1179 3238; x_wconf 79' lang='grc' dir='ltr'>ἡ</span> <span class='ocrx_word' id='word_1_454' title='bbox 1214 3171 1478 3240; x_wconf 72' lang='grc' dir='ltr'>σωτηρίαο</span> <span class='ocrx_word' id='word_1_455' title='bbox 1520 3169 1610 3222; x_wconf 79' lang='grc' dir='ltr'>καὶ</span> <span class='ocrx_word' id='word_1_456' title='bbox 1656 3164 1714 3222; x_wconf 79' lang='grc' dir='ltr'>οὗ</span> <span class='ocrx_word' id='word_1_457' title='bbox 1767 3186 1869 3238; x_wconf 89' lang='grc' dir='ltr'>μα-</span> 
     </span>
    </p>
   </div>
   <div class='ocr_carea' id='block_1_63' title="bbox 329 3256 1870 3328">
    <p class='ocr_par' dir='ltr' id='par_1_63' title="bbox 329 3256 1870 3328">
     <span class='ocr_line' id='line_1_63' title="bbox 329 3256 1870 3328; baseline -0.006 -16"><span class='ocrx_word' id='word_1_458' title='bbox 329 3259 479 3328; x_wconf 77' lang='grc' dir='ltr'>κρὰν</span> <span class='ocrx_word' id='word_1_459' title='bbox 502 3260 534 3325; x_wconf 79' lang='grc' dir='ltr'>ἡ</span> <span class='ocrx_word' id='word_1_460' title='bbox 564 3257 816 3325; x_wconf 86' lang='grc' dir='ltr'>σωτηρία,</span> <span class='ocrx_word' id='word_1_461' title='bbox 838 3258 929 3307; x_wconf 74' lang='grc' dir='ltr'><strong>καὶ</strong></span> <span class='ocrx_word' id='word_1_462' title='bbox 956 3258 986 3324; x_wconf 83' lang='grc' dir='ltr'>ἠ</span> <span class='ocrx_word' id='word_1_463' title='bbox 1016 3258 1191 3325; x_wconf 88' lang='grc' dir='ltr'>κρίσις</span> <span class='ocrx_word' id='word_1_464' title='bbox 1219 3257 1444 3325; x_wconf 88' lang='grc' dir='ltr'>μακράν.</span> <span class='ocrx_word' id='word_1_465' title='bbox 1471 3256 1567 3307; x_wconf 88' lang='grc' dir='ltr'>Διά</span> <span class='ocrx_word' id='word_1_466' title='bbox 1588 3256 1670 3319; x_wconf 88' lang='grc' dir='ltr'>τί;</span> <span class='ocrx_word' id='word_1_467' title='bbox 1703 3257 1870 3306; x_wconf 86' lang='grc' dir='ltr'>Ἐπει.</span> 
     </span>
    </p>
   </div>
   <div class='ocr_carea' id='block_1_64' title="bbox 329 3340 1868 3417">
    <p class='ocr_par' dir='ltr' id='par_1_64' title="bbox 329 3340 1868 3417">
     <span class='ocr_line' id='line_1_64' title="bbox 329 3340 1868 3417; baseline -0.004 -20"><span class='ocrx_word' id='word_1_468' title='bbox 329 3348 398 3417; x_wconf 80' lang='grc' dir='ltr'>δὴ</span> <span class='ocrx_word' id='word_1_469' title='bbox 432 3345 503 3397; x_wconf 88' lang='grc' dir='ltr'><strong>τά</strong></span> <span class='ocrx_word' id='word_1_470' title='bbox 543 3342 878 3411; x_wconf 85' lang='grc' dir='ltr'>δικαιώματά</span> <span class='ocrx_word' id='word_1_471' title='bbox 934 3359 1024 3394; x_wconf 86' lang='grc' dir='ltr'><strong>σου</strong></span> <span class='ocrx_word' id='word_1_472' title='bbox 1070 3345 1165 3394; x_wconf 86' lang='grc' dir='ltr'><strong>οὐκ</strong></span> <span class='ocrx_word' id='word_1_473' title='bbox 1213 3342 1547 3410; x_wconf 81' lang='grc' dir='ltr'>ὲξεξήτησεν.</span> <span class='ocrx_word' id='word_1_474' title='bbox 1585 3342 1656 3392; x_wconf 84' lang='grc' dir='ltr'><strong>Οὐ</strong></span> <span class='ocrx_word' id='word_1_475' title='bbox 1701 3340 1806 3409; x_wconf 85' lang='grc' dir='ltr'>γὰρ</span> <span class='ocrx_word' id='word_1_476' title='bbox 1834 3343 1868 3411; x_wconf 75' lang='grc' dir='ltr'><strong>ἠ</strong></span> 
     </span>
    </p>
   </div>
   <div class='ocr_carea' id='block_1_65' title="bbox 330 3425 1873 3500">
    <p class='ocr_par' dir='ltr' id='par_1_65' title="bbox 330 3425 1873 3500">
     <span class='ocr_line' id='line_1_65' title="bbox 330 3425 1873 3500; baseline -0.004 -14"><span class='ocrx_word' id='word_1_477' title='bbox 330 3430 585 3500; x_wconf 84' lang='grc' dir='ltr'>σωτηρία</span> <span class='ocrx_word' id='word_1_478' title='bbox 617 3445 707 3481; x_wconf 82' lang='grc' dir='ltr'><strong>σου</strong></span> <span class='ocrx_word' id='word_1_479' title='bbox 740 3429 923 3496; x_wconf 85' lang='grc' dir='ltr'>φεύγει</span> <span class='ocrx_word' id='word_1_480' title='bbox 952 3431 1113 3498; x_wconf 80' lang='grc' dir='ltr'>ἡμᾶς,</span> <span class='ocrx_word' id='word_1_481' title='bbox 1146 3429 1255 3481; x_wconf 85' lang='grc' dir='ltr'>ἀλλ’</span> <span class='ocrx_word' id='word_1_482' title='bbox 1284 3430 1438 3498; x_wconf 76' lang='grc' dir='ltr'>ἡμεῖς</span> <span class='ocrx_word' id='word_1_483' title='bbox 1460 3430 1624 3498; x_wconf 80' lang='grc' dir='ltr'>αὐτήν</span> <span class='ocrx_word' id='word_1_484' title='bbox 1642 3445 1654 3458; x_wconf 91' lang='grc'><strong>·</strong></span> <span class='ocrx_word' id='word_1_485' title='bbox 1698 3447 1716 3478; x_wconf 78' lang='grc' dir='ltr'><strong>ι</strong></span> <span class='ocrx_word' id='word_1_486' title='bbox 1738 3425 1873 3480; x_wconf 82' lang='grc' dir='ltr'><strong>Ἦλ-</strong></span> 
     </span>
    </p>
   </div>
   <div class='ocr_carea' id='block_1_66' title="bbox 332 3516 1869 3589">
    <p class='ocr_par' dir='ltr' id='par_1_66' title="bbox 332 3516 1869 3589">
     <span class='ocr_line' id='line_1_66' title="bbox 332 3516 1869 3589; baseline -0.005 -13"><span class='ocrx_word' id='word_1_487' title='bbox 332 3524 398 3576; x_wconf 85' lang='grc' dir='ltr'><strong>θε</strong></span> <span class='ocrx_word' id='word_1_488' title='bbox 431 3521 540 3589; x_wconf 84' lang='grc' dir='ltr'>γὰρ</span> <span class='ocrx_word' id='word_1_489' title='bbox 563 3521 590 3572; x_wconf 86' lang='grc' dir='ltr'>ὁ</span> <span class='ocrx_word' id='word_1_490' title='bbox 620 3519 744 3581; x_wconf 82' lang='grc' dir='ltr'>Υίὸς</span> <span class='ocrx_word' id='word_1_491' title='bbox 774 3517 865 3571; x_wconf 87' lang='grc' dir='ltr'><strong>τοῦ</strong></span> <span class='ocrx_word' id='word_1_492' title='bbox 909 3518 1208 3587; x_wconf 83' lang='grc' dir='ltr'>ἀνθρώπου,</span> <span class='ocrx_word' id='word_1_493' title='bbox 1256 3520 1288 3587; x_wconf 77' lang='grc' dir='ltr'><strong>ἡ</strong></span> <span class='ocrx_word' id='word_1_494' title='bbox 1325 3517 1580 3587; x_wconf 87' lang='grc' dir='ltr'>σωτηρία,</span> <span class='ocrx_word' id='word_1_495' title='bbox 1643 3516 1869 3586; x_wconf 78' lang='grc' dir='ltr'>ζητῆσαι</span> 
     </span>
    </p>
   </div>
   <div class='ocr_carea' id='block_1_67' title="bbox 331 3607 1074 3668">
    <p class='ocr_par' dir='ltr' id='par_1_67' title="bbox 331 3607 1074 3668">
     <span class='ocr_line' id='line_1_67' title="bbox 331 3607 1074 3668; baseline -0.011 -3"><span class='ocrx_word' id='word_1_496' title='bbox 331 3613 435 3665; x_wconf 79' lang='grc' dir='ltr'>καὶ</span> <span class='ocrx_word' id='word_1_497' title='bbox 460 3609 629 3661; x_wconf 90' lang='grc' dir='ltr'>σῶσαι</span> <span class='ocrx_word' id='word_1_498' title='bbox 651 3607 711 3660; x_wconf 88' lang='grc' dir='ltr'><strong>τὸ</strong></span> <span class='ocrx_word' id='word_1_499' title='bbox 741 3607 1026 3668; x_wconf 86' lang='grc' dir='ltr'>ἀπολωλός.</span> <span class='ocrx_word' id='word_1_500' title='bbox 1056 3625 1074 3657; x_wconf 75' lang='grc' dir='ltr'><strong>ι</strong></span> 
     </span>
    </p>
   </div>
   <div class='ocr_carea' id='block_1_68' title="bbox 402 3694 1866 3762">
    <p class='ocr_par' dir='ltr' id='par_1_68' title="bbox 402 3694 1866 3762">
     <span class='ocr_line' id='line_1_68' title="bbox 402 3694 1866 3762; baseline -0.002 -14"><span class='ocrx_word' id='word_1_501' title='bbox 402 3698 471 3750; x_wconf 83' lang='lat' dir='ltr'><strong>Ol</strong></span> <span class='ocrx_word' id='word_1_502' title='bbox 525 3696 803 3762; x_wconf 71' lang='grc' dir='ltr'>οἰκτιρμοί</span> <span class='ocrx_word' id='word_1_503' title='bbox 837 3709 949 3747; x_wconf 88' lang='grc' dir='ltr'>σου</span> <span class='ocrx_word' id='word_1_504' title='bbox 986 3696 1217 3755; x_wconf 75' lang='grc' dir='ltr'>πολλοὶ,</span> <span class='ocrx_word' id='word_1_505' title='bbox 1251 3697 1447 3762; x_wconf 58' lang='grc' dir='ltr'>Κύρων</span> <span class='ocrx_word' id='word_1_506' title='bbox 1479 3695 1626 3748; x_wconf 79' lang='grc' dir='ltr'>κατὰ</span> <span class='ocrx_word' id='word_1_507' title='bbox 1653 3696 1715 3746; x_wconf 80' lang='grc' dir='ltr'><strong>τὸ</strong></span> <span class='ocrx_word' id='word_1_508' title='bbox 1750 3694 1866 3760; x_wconf 81' lang='grc' dir='ltr'>κρῖ-</span> 
     </span>
    </p>
   </div>
   <div class='ocr_carea' id='block_1_69' title="bbox 330 3780 1868 3854">
    <p class='ocr_par' dir='ltr' id='par_1_69' title="bbox 330 3780 1868 3854">
     <span class='ocr_line' id='line_1_69' title="bbox 330 3780 1868 3854; baseline -0.003 -17"><span class='ocrx_word' id='word_1_509' title='bbox 330 3783 420 3854; x_wconf 81' lang='grc' dir='ltr'>μά</span> <span class='ocrx_word' id='word_1_510' title='bbox 448 3797 563 3836; x_wconf 84' lang='grc' dir='ltr'><strong>σου</strong></span> <span class='ocrx_word' id='word_1_511' title='bbox 590 3780 769 3848; x_wconf 74' lang='grc' dir='ltr'><strong>ζῆσόν</strong></span> <span class='ocrx_word' id='word_1_512' title='bbox 789 3798 883 3849; x_wconf 82' lang='grc' dir='ltr'><strong>με,</strong></span> <span class='ocrx_word' id='word_1_513' title='bbox 914 3797 965 3833; x_wconf 94' lang='grc' dir='ltr'><strong>κ.</strong></span> <span class='ocrx_word' id='word_1_514' title='bbox 991 3797 1040 3835; x_wconf 87' lang='grc' dir='ltr'><strong>τ.</strong></span> <span class='ocrx_word' id='word_1_515' title='bbox 1065 3782 1110 3833; x_wconf 79' lang='grc' dir='ltr'>ὲ.</span> <span class='ocrx_word' id='word_1_516' title='bbox 1152 3780 1332 3842; x_wconf 76' lang='grc' dir='ltr'>Ἔλεος</span> <span class='ocrx_word' id='word_1_517' title='bbox 1363 3780 1639 3850; x_wconf 84' lang='grc' dir='ltr'>ἀνθρώπου</span> <span class='ocrx_word' id='word_1_518' title='bbox 1670 3781 1759 3832; x_wconf 80' lang='grc' dir='ltr'>ἐπὶ</span> <span class='ocrx_word' id='word_1_519' title='bbox 1780 3781 1868 3833; x_wconf 88' lang='grc' dir='ltr'><strong>τὸν</strong></span> 
     </span>
    </p>
   </div>
   <div class='ocr_carea' id='block_1_70' title="bbox 335 3865 1863 3938">
    <p class='ocr_par' dir='ltr' id='par_1_70' title="bbox 335 3865 1863 3938">
     <span class='ocr_line' id='line_1_70' title="bbox 335 3865 1863 3938; baseline -0.003 -15"><span class='ocrx_word' id='word_1_520' title='bbox 335 3868 563 3938; x_wconf 87' lang='grc' dir='ltr'>πλησίον</span> <span class='ocrx_word' id='word_1_521' title='bbox 588 3867 768 3928; x_wconf 85' lang='grc' dir='ltr'>αὐτοῦ,</span> <span class='ocrx_word' id='word_1_522' title='bbox 811 3866 951 3928; x_wconf 78' lang='grc' dir='ltr'>ἔλεος</span> <span class='ocrx_word' id='word_1_523' title='bbox 993 3865 1049 3916; x_wconf 86' lang='grc' dir='ltr'>δὲ</span> <span class='ocrx_word' id='word_1_524' title='bbox 1085 3866 1282 3936; x_wconf 83' lang='grc' dir='ltr'>Κυρίου</span> <span class='ocrx_word' id='word_1_525' title='bbox 1326 3869 1416 3920; x_wconf 75' lang='grc' dir='ltr'>ἐπὶ</span> <span class='ocrx_word' id='word_1_526' title='bbox 1455 3870 1627 3919; x_wconf 79' lang='grc' dir='ltr'>πᾶσαν</span> <span class='ocrx_word' id='word_1_527' title='bbox 1658 3867 1828 3936; x_wconf 82' lang='grc' dir='ltr'>σάρκα</span> <span class='ocrx_word' id='word_1_528' title='bbox 1849 3883 1863 3897; x_wconf 89' lang='grc'><strong>·</strong></span> 
     </span>
    </p>
   </div>
   <div class='ocr_carea' id='block_1_71' title="bbox 335 3952 1865 4023">
    <p class='ocr_par' dir='ltr' id='par_1_71' title="bbox 335 3952 1865 4023">
     <span class='ocr_line' id='line_1_71' title="bbox 335 3952 1865 4023; baseline -0.003 -15"><span class='ocrx_word' id='word_1_529' title='bbox 335 3956 436 4008; x_wconf 74' lang='grc' dir='ltr'>καὶ</span> <span class='ocrx_word' id='word_1_530' title='bbox 458 3955 487 4008; x_wconf 86' lang='grc' dir='ltr'><strong>ὁ</strong></span> <span class='ocrx_word' id='word_1_531' title='bbox 517 3952 844 4013; x_wconf 86' lang='grc' dir='ltr'>δικαιότατος</span> <span class='ocrx_word' id='word_1_532' title='bbox 862 3952 966 4022; x_wconf 83' lang='grc' dir='ltr'><strong>γὰρ</strong></span> <span class='ocrx_word' id='word_1_533' title='bbox 994 3953 1269 4022; x_wconf 79' lang='grc' dir='ltr'>ἄνθρωπος</span> <span class='ocrx_word' id='word_1_534' title='bbox 1290 3953 1362 4015; x_wconf 85' lang='grc' dir='ltr'>ὠς</span> <span class='ocrx_word' id='word_1_535' title='bbox 1391 3954 1525 4022; x_wconf 90' lang='grc' dir='ltr'>πρὸς</span> <span class='ocrx_word' id='word_1_536' title='bbox 1547 3954 1643 4023; x_wconf 84' lang='grc' dir='ltr'><strong>τὴν</strong></span> <span class='ocrx_word' id='word_1_537' title='bbox 1669 3953 1865 4023; x_wconf 81' lang='grc' dir='ltr'>ἀκριεῆ</span> 
     </span>
    </p>
   </div>
   <div class='ocr_carea' id='block_1_72' title="bbox 1973 3064 3499 3137">
    <p class='ocr_par' dir='ltr' id='par_1_72' title="bbox 1973 3064 3499 3137">
     <span class='ocr_line' id='line_1_72' title="bbox 1973 3064 3499 3137; baseline 0.002 -20"><span class='ocrx_word' id='word_1_538' title='bbox 1973 3064 2227 3132; x_wconf 86' lang='lat' dir='ltr'><strong>sapientia</strong></span> <span class='ocrx_word' id='word_1_539' title='bbox 2246 3065 2308 3117; x_wconf 73' lang='grc'>⁸⁷.</span> <span class='ocrx_word' id='word_1_540' title='bbox 2342 3083 2360 3117; x_wconf 84' lang='grc'><strong>›</strong></span> <span class='ocrx_word' id='word_1_541' title='bbox 2380 3065 2424 3117; x_wconf 77' lang='grc' dir='ltr'>Α</span> <span class='ocrx_word' id='word_1_542' title='bbox 2447 3080 2550 3134; x_wconf 88' lang='lat' dir='ltr'><strong>quo</strong></span> <span class='ocrx_word' id='word_1_543' title='bbox 2574 3068 2714 3121; x_wconf 90' lang='lat' dir='ltr'><strong>enim</strong></span> <span class='ocrx_word' id='word_1_544' title='bbox 2734 3080 2896 3137; x_wconf 88' lang='lat' dir='ltr'><strong>prope</strong></span> <span class='ocrx_word' id='word_1_545' title='bbox 2921 3076 3002 3119; x_wconf 83' lang='lat' dir='ltr'><strong>est</strong></span> <span class='ocrx_word' id='word_1_546' title='bbox 3030 3066 3304 3132; x_wconf 87' lang='lat' dir='ltr'><strong>judicium,</strong></span> <span class='ocrx_word' id='word_1_547' title='bbox 3337 3080 3499 3134; x_wconf 81' lang='lat' dir='ltr'><strong>prope</strong></span> 
     </span>
    </p>
   </div>
   <div class='ocr_carea' id='block_1_73' title="bbox 1973 3153 3499 3222">
    <p class='ocr_par' dir='ltr' id='par_1_73' title="bbox 1973 3153 3499 3222">
     <span class='ocr_line' id='line_1_73' title="bbox 1973 3153 3499 3222; baseline 0.001 -18"><span class='ocrx_word' id='word_1_548' title='bbox 1973 3160 2053 3204; x_wconf 91' lang='lat' dir='ltr'><strong>est</strong></span> <span class='ocrx_word' id='word_1_549' title='bbox 2079 3160 2131 3203; x_wconf 89' lang='lat' dir='ltr'><strong>et</strong></span> <span class='ocrx_word' id='word_1_550' title='bbox 2166 3153 2307 3206; x_wconf 87' lang='lat' dir='ltr'><strong>salus</strong></span> <span class='ocrx_word' id='word_1_551' title='bbox 2331 3170 2346 3217; x_wconf 92' lang='lat'><strong>;</strong></span> <span class='ocrx_word' id='word_1_552' title='bbox 2368 3168 2396 3204; x_wconf 88' lang='lat' dir='ltr'><strong>a</strong></span> <span class='ocrx_word' id='word_1_553' title='bbox 2427 3169 2531 3221; x_wconf 89' lang='lat' dir='ltr'><strong>quo</strong></span> <span class='ocrx_word' id='word_1_554' title='bbox 2560 3154 2713 3222; x_wconf 87' lang='lat' dir='ltr'><strong>longe</strong></span> <span class='ocrx_word' id='word_1_555' title='bbox 2746 3163 2824 3209; x_wconf 91' lang='lat' dir='ltr'><strong>est</strong></span> <span class='ocrx_word' id='word_1_556' title='bbox 2861 3155 3024 3219; x_wconf 86' lang='lat' dir='ltr'><strong>salus,</strong></span> <span class='ocrx_word' id='word_1_557' title='bbox 3049 3156 3201 3221; x_wconf 87' lang='lat' dir='ltr'><strong>longe</strong></span> <span class='ocrx_word' id='word_1_558' title='bbox 3235 3164 3316 3208; x_wconf 88' lang='lat' dir='ltr'><strong>est</strong></span> <span class='ocrx_word' id='word_1_559' title='bbox 3342 3164 3395 3208; x_wconf 93' lang='lat' dir='ltr'><strong>et</strong></span> <span class='ocrx_word' id='word_1_560' title='bbox 3409 3156 3499 3222; x_wconf 78' lang='lat' dir='ltr'><strong>ju-</strong></span> 
     </span>
    </p>
   </div>
   <div class='ocr_carea' id='block_1_74' title="bbox 1972 3238 3497 3308">
    <p class='ocr_par' dir='ltr' id='par_1_74' title="bbox 1972 3238 3497 3308">
     <span class='ocr_line' id='line_1_74' title="bbox 1972 3238 3497 3308; baseline 0.003 -17"><span class='ocrx_word' id='word_1_561' title='bbox 1972 3238 2186 3291; x_wconf 89' lang='lat' dir='ltr'><strong>dicium.</strong></span> <span class='ocrx_word' id='word_1_562' title='bbox 2221 3240 2397 3303; x_wconf 84' lang='lat' dir='ltr'><strong>Quare</strong></span> <span class='ocrx_word' id='word_1_563' title='bbox 2428 3242 2451 3293; x_wconf 73' lang='grc' dir='ltr'><strong><em>τ</em></strong></span> <span class='ocrx_word' id='word_1_564' title='bbox 2477 3242 2612 3306; x_wconf 86' lang='lat' dir='ltr'><strong>Quia</strong></span> <span class='ocrx_word' id='word_1_565' title='bbox 2662 3242 3065 3308; x_wconf 76' lang='lat' dir='ltr'><strong>iustificationes</strong></span> <span class='ocrx_word' id='word_1_566' title='bbox 3111 3253 3227 3295; x_wconf 87' lang='lat' dir='ltr'><strong>tuas</strong></span> <span class='ocrx_word' id='word_1_567' title='bbox 3264 3257 3367 3296; x_wconf 90' lang='lat' dir='ltr'><strong>non</strong></span> <span class='ocrx_word' id='word_1_568' title='bbox 3404 3258 3497 3295; x_wconf 80' lang='lat' dir='ltr'><strong>cx-</strong></span> 
     </span>
    </p>
   </div>
   <div class='ocr_carea' id='block_1_75' title="bbox 1972 3325 3498 3397">
    <p class='ocr_par' dir='ltr' id='par_1_75' title="bbox 1972 3325 3498 3397">
     <span class='ocr_line' id='line_1_75' title="bbox 1972 3325 3498 3397; baseline 0.005 -22"><span class='ocrx_word' id='word_1_569' title='bbox 1972 3325 2204 3391; x_wconf 89' lang='lat' dir='ltr'><strong>quisivit.</strong></span> <span class='ocrx_word' id='word_1_570' title='bbox 2252 3326 2366 3380; x_wconf 83' lang='lat' dir='ltr'><strong>Non</strong></span> <span class='ocrx_word' id='word_1_571' title='bbox 2417 3329 2559 3380; x_wconf 93' lang='lat' dir='ltr'><strong>enim</strong></span> <span class='ocrx_word' id='word_1_572' title='bbox 2612 3329 2749 3397; x_wconf 78' lang='lat' dir='ltr'><strong>fugit</strong></span> <span class='ocrx_word' id='word_1_573' title='bbox 2782 3342 2879 3381; x_wconf 91' lang='lat' dir='ltr'><strong>nos</strong></span> <span class='ocrx_word' id='word_1_574' title='bbox 2925 3330 3067 3382; x_wconf 88' lang='lat' dir='ltr'><strong>salus</strong></span> <span class='ocrx_word' id='word_1_575' title='bbox 3100 3337 3210 3393; x_wconf 90' lang='lat' dir='ltr'><strong>tua,</strong></span> <span class='ocrx_word' id='word_1_576' title='bbox 3254 3330 3347 3383; x_wconf 90' lang='lat' dir='ltr'><strong>sed</strong></span> <span class='ocrx_word' id='word_1_577' title='bbox 3400 3343 3498 3385; x_wconf 82' lang='lat' dir='ltr'><strong>nos</strong></span> 
     </span>
    </p>
   </div>
   <div class='ocr_carea' id='block_1_76' title="bbox 1973 3415 3499 3485">
    <p class='ocr_par' dir='ltr' id='par_1_76' title="bbox 1973 3415 3499 3485">
     <span class='ocr_line' id='line_1_76' title="bbox 1973 3415 3499 3485; baseline 0.001 -17"><span class='ocrx_word' id='word_1_578' title='bbox 1973 3416 2138 3484; x_wconf 86' lang='lat' dir='ltr'><strong>ipsam</strong></span> <span class='ocrx_word' id='word_1_579' title='bbox 2169 3416 2416 3485; x_wconf 87' lang='lat' dir='ltr'><strong>fugimus.</strong></span> <span class='ocrx_word' id='word_1_580' title='bbox 2441 3435 2458 3467; x_wconf 77' lang='grc'><strong>(</strong></span> <span class='ocrx_word' id='word_1_581' title='bbox 2486 3415 2643 3469; x_wconf 76' lang='lat' dir='ltr'><strong>Venit</strong></span> <span class='ocrx_word' id='word_1_582' title='bbox 2677 3417 2819 3469; x_wconf 90' lang='lat' dir='ltr'><strong>enim</strong></span> <span class='ocrx_word' id='word_1_583' title='bbox 2850 3417 3012 3472; x_wconf 86' lang='lat' dir='ltr'><strong>Filius</strong></span> <span class='ocrx_word' id='word_1_584' title='bbox 3038 3419 3269 3473; x_wconf 82' lang='lat' dir='ltr'><strong>hominis</strong></span> <span class='ocrx_word' id='word_1_585' title='bbox 3296 3454 3313 3481; x_wconf 90' lang='lat'><strong>,</strong></span> <span class='ocrx_word' id='word_1_586' title='bbox 3336 3419 3499 3482; x_wconf 82' lang='lat' dir='ltr'><strong>salus,</strong></span> 
     </span>
    </p>
   </div>
   <div class='ocr_carea' id='block_1_77' title="bbox 1970 3498 3333 3573">
    <p class='ocr_par' dir='ltr' id='par_1_77' title="bbox 1970 3498 3333 3573">
     <span class='ocr_line' id='line_1_77' title="bbox 1970 3498 3333 3573; baseline 0.005 -21"><span class='ocrx_word' id='word_1_587' title='bbox 1970 3511 2209 3568; x_wconf 62' lang='lat' dir='ltr'><strong>quaerere</strong></span> <span class='ocrx_word' id='word_1_588' title='bbox 2234 3507 2287 3552; x_wconf 92' lang='lat' dir='ltr'><strong>et</strong></span> <span class='ocrx_word' id='word_1_589' title='bbox 2307 3498 2515 3556; x_wconf 89' lang='lat' dir='ltr'><strong>salvum</strong></span> <span class='ocrx_word' id='word_1_590' title='bbox 2571 3502 2750 3557; x_wconf 85' lang='lat' dir='ltr'><strong>facere</strong></span> <span class='ocrx_word' id='word_1_591' title='bbox 2769 3505 2907 3572; x_wconf 90' lang='lat' dir='ltr'><strong>quod</strong></span> <span class='ocrx_word' id='word_1_592' title='bbox 2930 3507 3162 3573; x_wconf 90' lang='lat' dir='ltr'><strong>perierat</strong></span> <span class='ocrx_word' id='word_1_593' title='bbox 3200 3507 3267 3562; x_wconf 81' lang='lat'><strong>“.</strong></span> <span class='ocrx_word' id='word_1_594' title='bbox 3314 3525 3333 3559; x_wconf 73' lang='grc' dir='ltr'><strong>ι</strong></span> 
     </span>
    </p>
   </div>
   <div class='ocr_carea' id='block_1_78' title="bbox 2038 3676 3496 3750">
    <p class='ocr_par' dir='ltr' id='par_1_78' title="bbox 2038 3676 3496 3750">
     <span class='ocr_line' id='line_1_78' title="bbox 2038 3676 3496 3750; baseline 0.004 -20"><span class='ocrx_word' id='word_1_595' title='bbox 2038 3677 2197 3731; x_wconf 69' lang='lat' dir='ltr'><strong>Vens.</strong></span> <span class='ocrx_word' id='word_1_596' title='bbox 2226 3676 2345 3731; x_wconf 80' lang='grc'><strong>156.</strong></span> <span class='ocrx_word' id='word_1_597' title='bbox 2383 3677 2753 3734; x_wconf 73' lang='lat' dir='ltr'><strong>Misericordia:</strong></span> <span class='ocrx_word' id='word_1_598' title='bbox 2784 3688 2886 3733; x_wconf 74' lang='lat' dir='ltr'><strong>tum</strong></span> <span class='ocrx_word' id='word_1_599' title='bbox 2924 3683 3117 3746; x_wconf 69' lang='lat' dir='ltr'><strong>multm,</strong></span> <span class='ocrx_word' id='word_1_600' title='bbox 3156 3682 3392 3750; x_wconf 84' lang='lat' dir='ltr'><strong>Domine,</strong></span> <span class='ocrx_word' id='word_1_601' title='bbox 3416 3702 3496 3737; x_wconf 79' lang='lat' dir='ltr'><strong>se-</strong></span> 
     </span>
    </p>
   </div>
   <div class='ocr_carea' id='block_1_79' title="bbox 1970 3767 3494 3839">
    <p class='ocr_par' dir='ltr' id='par_1_79' title="bbox 1970 3767 3494 3839">
     <span class='ocr_line' id='line_1_79' title="bbox 1970 3767 3494 3839; baseline 0.007 -22"><span class='ocrx_word' id='word_1_602' title='bbox 1970 3767 2193 3820; x_wconf 84' lang='lat' dir='ltr'><strong>cundum</strong></span> <span class='ocrx_word' id='word_1_603' title='bbox 2206 3767 2459 3835; x_wconf 80' lang='lat' dir='ltr'><strong>judicium</strong></span> <span class='ocrx_word' id='word_1_604' title='bbox 2481 3780 2624 3823; x_wconf 82' lang='lat' dir='ltr'><strong>tuum</strong></span> <span class='ocrx_word' id='word_1_605' title='bbox 2646 3772 2841 3839; x_wconf 74' lang='lat' dir='ltr'><strong>uiui/ica</strong></span> <span class='ocrx_word' id='word_1_606' title='bbox 2867 3787 2966 3835; x_wconf 86' lang='lat' dir='ltr'><strong>me,</strong></span> <span class='ocrx_word' id='word_1_607' title='bbox 2998 3782 3100 3825; x_wconf 89' lang='lat' dir='ltr'><strong>etc.</strong></span> <span class='ocrx_word' id='word_1_608' title='bbox 3132 3770 3494 3827; x_wconf 80' lang='lat' dir='ltr'><strong>Misericordia</strong></span> 
     </span>
    </p>
   </div>
   <div class='ocr_carea' id='block_1_80' title="bbox 1970 3856 3496 3927">
    <p class='ocr_par' dir='ltr' id='par_1_80' title="bbox 1970 3856 3496 3927">
     <span class='ocr_line' id='line_1_80' title="bbox 1970 3856 3496 3927; baseline 0.002 -19"><span class='ocrx_word' id='word_1_609' title='bbox 1970 3856 2197 3910; x_wconf 87' lang='lat' dir='ltr'><strong>hominis</strong></span> <span class='ocrx_word' id='word_1_610' title='bbox 2219 3865 2300 3910; x_wconf 88' lang='lat' dir='ltr'><strong>est</strong></span> <span class='ocrx_word' id='word_1_611' title='bbox 2327 3872 2451 3925; x_wconf 82' lang='lat' dir='ltr'><strong>erga</strong></span> <span class='ocrx_word' id='word_1_612' title='bbox 2477 3860 2775 3927; x_wconf 80' lang='lat' dir='ltr'><strong>proximum</strong></span> <span class='ocrx_word' id='word_1_613' title='bbox 2810 3874 2986 3923; x_wconf 88' lang='lat' dir='ltr'><strong>suum,</strong></span> <span class='ocrx_word' id='word_1_614' title='bbox 3012 3860 3373 3914; x_wconf 89' lang='lat' dir='ltr'><strong>misericordia</strong></span> <span class='ocrx_word' id='word_1_615' title='bbox 3402 3877 3496 3914; x_wconf 85' lang='lat' dir='ltr'><strong>au-</strong></span> 
     </span>
    </p>
   </div>
   <div class='ocr_carea' id='block_1_81' title="bbox 1971 3943 3495 4014">
    <p class='ocr_par' dir='ltr' id='par_1_81' title="bbox 1971 3943 3495 4014">
     <span class='ocr_line' id='line_1_81' title="bbox 1971 3943 3495 4014; baseline 0.005 -20"><span class='ocrx_word' id='word_1_616' title='bbox 1971 3951 2078 3996; x_wconf 89' lang='lat' dir='ltr'><strong>tem</strong></span> <span class='ocrx_word' id='word_1_617' title='bbox 2114 3943 2321 3997; x_wconf 90' lang='lat' dir='ltr'><strong>Domini</strong></span> <span class='ocrx_word' id='word_1_618' title='bbox 2357 3959 2481 4014; x_wconf 84' lang='lat' dir='ltr'><strong>erga</strong></span> <span class='ocrx_word' id='word_1_619' title='bbox 2511 3961 2720 4001; x_wconf 90' lang='lat' dir='ltr'><strong>omnem</strong></span> <span class='ocrx_word' id='word_1_620' title='bbox 2754 3961 2985 4001; x_wconf 89' lang='lat' dir='ltr'><strong>carnem.</strong></span> <span class='ocrx_word' id='word_1_621' title='bbox 3032 3946 3201 4002; x_wconf 84' lang='lat' dir='ltr'><strong>Homo</strong></span> <span class='ocrx_word' id='word_1_622' title='bbox 3229 3948 3366 4000; x_wconf 90' lang='lat' dir='ltr'><strong>enim</strong></span> <span class='ocrx_word' id='word_1_623' title='bbox 3411 3948 3495 4001; x_wconf 75' lang='lat' dir='ltr'><strong>vel</strong></span> 
     </span>
    </p>
   </div>
   <div class='ocr_carea' id='block_1_82' title="bbox 337 4027 1869 4109">
    <p class='ocr_par' dir='ltr' id='par_1_82' title="bbox 337 4031 1868 4109">
     <span class='ocr_line' id='line_1_82' title="bbox 337 4031 1868 4109; baseline -0.002 -12"><span class='ocrx_word' id='word_1_624' title='bbox 337 4031 434 4098; x_wconf 77' lang='grc' dir='ltr'><strong>τοῦ</strong></span> <span class='ocrx_word' id='word_1_625' title='bbox 469 4039 599 4094; x_wconf 84' lang='grc' dir='ltr'>Θεοῦ</span> <span class='ocrx_word' id='word_1_626' title='bbox 626 4040 799 4109; x_wconf 86' lang='grc' dir='ltr'>κρίσιν</span> <span class='ocrx_word' id='word_1_627' title='bbox 827 4040 970 4093; x_wconf 81' lang='grc' dir='ltr'>ἐλέου</span> <span class='ocrx_word' id='word_1_628' title='bbox 1002 4041 1165 4092; x_wconf 86' lang='grc' dir='ltr'>δεῖται</span> <span class='ocrx_word' id='word_1_629' title='bbox 1189 4040 1338 4092; x_wconf 85' lang='grc' dir='ltr'>Θεοῦ·</span> <span class='ocrx_word' id='word_1_630' title='bbox 1373 4042 1501 4092; x_wconf 83' lang='grc' dir='ltr'>ὅπου</span> <span class='ocrx_word' id='word_1_631' title='bbox 1530 4057 1592 4107; x_wconf 86' lang='grc' dir='ltr'><strong>γε</strong></span> <span class='ocrx_word' id='word_1_632' title='bbox 1624 4043 1715 4092; x_wconf 73' lang='grc' dir='ltr'>καὶ</span> <span class='ocrx_word' id='word_1_633' title='bbox 1740 4041 1868 4094; x_wconf 84' lang='grc' dir='ltr'>αὐτὸ</span> 
     </span>
    </p>
   </div>
   <div class='ocr_carea' id='block_1_83' title="bbox 1974 4027 3492 4109">
    <p class='ocr_par' dir='ltr' id='par_1_83' title="bbox 1974 4027 3492 4100">
     <span class='ocr_line' id='line_1_83' title="bbox 1974 4027 3492 4100; baseline 0.006 -18"><span class='ocrx_word' id='word_1_634' title='bbox 1974 4027 2313 4094; x_wconf 87' lang='lat' dir='ltr'><strong>iustissimus,</strong></span> <span class='ocrx_word' id='word_1_635' title='bbox 2346 4032 2388 4085; x_wconf 88' lang='lat' dir='ltr'><strong>si</strong></span> <span class='ocrx_word' id='word_1_636' title='bbox 2419 4043 2667 4091; x_wconf 88' lang='lat' dir='ltr'><strong>accurato</strong></span> <span class='ocrx_word' id='word_1_637' title='bbox 2714 4035 2804 4088; x_wconf 90' lang='lat' dir='ltr'><strong>Dei</strong></span> <span class='ocrx_word' id='word_1_638' title='bbox 2831 4034 3031 4100; x_wconf 86' lang='lat' dir='ltr'><strong>judicio</strong></span> <span class='ocrx_word' id='word_1_639' title='bbox 3060 4036 3301 4097; x_wconf 87' lang='lat' dir='ltr'><strong>sistatur,</strong></span> <span class='ocrx_word' id='word_1_640' title='bbox 3335 4037 3492 4091; x_wconf 86' lang='lat' dir='ltr'><strong>mise-</strong></span> 
     </span>
    </p>
   </div>
   <div class='ocr_carea' id='block_1_84' title="bbox 337 4126 1861 4195">
    <p class='ocr_par' dir='ltr' id='par_1_84' title="bbox 337 4126 1861 4195">
     <span class='ocr_line' id='line_1_84' title="bbox 337 4126 1861 4195; baseline -0.001 -12"><span class='ocrx_word' id='word_1_641' title='bbox 337 4132 400 4183; x_wconf 88' lang='grc' dir='ltr'><strong>τὸ</strong></span> <span class='ocrx_word' id='word_1_642' title='bbox 426 4130 600 4181; x_wconf 81' lang='grc' dir='ltr'>δοκεῖν</span> <span class='ocrx_word' id='word_1_643' title='bbox 629 4127 896 4194; x_wconf 85' lang='grc' dir='ltr'>γεγονέναι</span> <span class='ocrx_word' id='word_1_644' title='bbox 934 4126 1153 4190; x_wconf 89' lang='grc' dir='ltr'>δίκαιον,</span> <span class='ocrx_word' id='word_1_645' title='bbox 1199 4127 1328 4195; x_wconf 82' lang='grc' dir='ltr'><strong>ὲλὲῳ</strong></span> <span class='ocrx_word' id='word_1_646' title='bbox 1364 4127 1564 4194; x_wconf 87' lang='grc' dir='ltr'>γίνεται</span> <span class='ocrx_word' id='word_1_647' title='bbox 1590 4128 1680 4180; x_wconf 86' lang='grc' dir='ltr'><strong>τοῦ</strong></span> <span class='ocrx_word' id='word_1_648' title='bbox 1711 4128 1861 4182; x_wconf 84' lang='grc' dir='ltr'>Θεοῦ.</span> 
     </span>
    </p>
   </div>
   <div class='ocr_carea' id='block_1_85' title="bbox 338 4215 1863 4286">
    <p class='ocr_par' dir='ltr' id='par_1_85' title="bbox 338 4215 1863 4286">
     <span class='ocr_line' id='line_1_85' title="bbox 338 4215 1863 4286; baseline -0.007 -15"><span class='ocrx_word' id='word_1_649' title='bbox 338 4219 405 4271; x_wconf 86' lang='grc' dir='ltr'><strong>Τί</strong></span> <span class='ocrx_word' id='word_1_650' title='bbox 431 4217 541 4285; x_wconf 83' lang='grc' dir='ltr'>γὰρ</span> <span class='ocrx_word' id='word_1_651' title='bbox 578 4215 721 4279; x_wconf 74' lang='grc' dir='ltr'>ἄξιόν</span> <span class='ocrx_word' id='word_1_652' title='bbox 763 4232 844 4277; x_wconf 90' lang='grc' dir='ltr'><strong>τις</strong></span> <span class='ocrx_word' id='word_1_653' title='bbox 872 4215 1157 4283; x_wconf 81' lang='grc' dir='ltr'>πεποίηκεν</span> <span class='ocrx_word' id='word_1_654' title='bbox 1195 4215 1403 4267; x_wconf 89' lang='grc' dir='ltr'>αίωνίου</span> <span class='ocrx_word' id='word_1_655' title='bbox 1446 4216 1863 4286; x_wconf 83' lang='grc' dir='ltr'>μακαριότητος;</span> 
     </span>
    </p>
   </div>
   <div class='ocr_carea' id='block_1_86' title="bbox 1971 4115 3493 4191">
    <p class='ocr_par' dir='ltr' id='par_1_86' title="bbox 1971 4115 3493 4191">
     <span class='ocr_line' id='line_1_86' title="bbox 1971 4115 3493 4191; baseline 0.007 -24"><span class='ocrx_word' id='word_1_656' title='bbox 1971 4115 2193 4170; x_wconf 90' lang='lat' dir='ltr'><strong>ricordia</strong></span> <span class='ocrx_word' id='word_1_657' title='bbox 2234 4116 2325 4171; x_wconf 88' lang='lat' dir='ltr'><strong>Dei</strong></span> <span class='ocrx_word' id='word_1_658' title='bbox 2370 4119 2589 4189; x_wconf 88' lang='lat' dir='ltr'><strong>indiget,</strong></span> <span class='ocrx_word' id='word_1_659' title='bbox 2629 4122 3048 4191; x_wconf 83' lang='lat' dir='ltr'><strong>quandoquidem</strong></span> <span class='ocrx_word' id='word_1_660' title='bbox 3092 4123 3313 4189; x_wconf 88' lang='lat' dir='ltr'><strong>idipsum</strong></span> <span class='ocrx_word' id='word_1_661' title='bbox 3355 4124 3493 4190; x_wconf 85' lang='lat' dir='ltr'><strong>quod</strong></span> 
     </span>
    </p>
   </div>
   <div class='ocr_carea' id='block_1_87' title="bbox 1968 4202 3494 4277">
    <p class='ocr_par' dir='ltr' id='par_1_87' title="bbox 1968 4202 3494 4277">
     <span class='ocr_line' id='line_1_87' title="bbox 1968 4202 3494 4277; baseline 0.008 -23"><span class='ocrx_word' id='word_1_662' title='bbox 1968 4202 2175 4258; x_wconf 88' lang='lat' dir='ltr'><strong>videtur</strong></span> <span class='ocrx_word' id='word_1_663' title='bbox 2196 4204 2367 4259; x_wconf 91' lang='lat' dir='ltr'><strong>factus</strong></span> <span class='ocrx_word' id='word_1_664' title='bbox 2390 4222 2510 4260; x_wconf 89' lang='lat' dir='ltr'><strong>esse</strong></span> <span class='ocrx_word' id='word_1_665' title='bbox 2529 4207 2723 4275; x_wconf 89' lang='lat' dir='ltr'><strong>justus,</strong></span> <span class='ocrx_word' id='word_1_666' title='bbox 2751 4210 3107 4264; x_wconf 85' lang='lat' dir='ltr'><strong>misericordia</strong></span> <span class='ocrx_word' id='word_1_667' title='bbox 3136 4209 3225 4263; x_wconf 91' lang='lat' dir='ltr'><strong>Dei</strong></span> <span class='ocrx_word' id='word_1_668' title='bbox 3258 4209 3336 4263; x_wconf 84' lang='lat' dir='ltr'><strong>lit.</strong></span> <span class='ocrx_word' id='word_1_669' title='bbox 3358 4210 3494 4277; x_wconf 91' lang='lat' dir='ltr'><strong>Quid</strong></span> 
     </span>
    </p>
   </div>
   <div class='ocr_carea' id='block_1_88' title="bbox 337 4292 1869 4375">
    <p class='ocr_par' dir='ltr' id='par_1_88' title="bbox 337 4304 1866 4375">
     <span class='ocr_line' id='line_1_88' title="bbox 337 4304 1866 4375; baseline -0.001 -15"><span class='ocrx_word' id='word_1_670' title='bbox 337 4307 493 4360; x_wconf 81' lang='grc' dir='ltr'>οὐδὲν</span> <span class='ocrx_word' id='word_1_671' title='bbox 536 4305 592 4357; x_wconf 87' lang='grc' dir='ltr'>δὲ</span> <span class='ocrx_word' id='word_1_672' title='bbox 625 4304 857 4375; x_wconf 83' lang='grc' dir='ltr'>ἀκρίτως</span> <span class='ocrx_word' id='word_1_673' title='bbox 892 4307 922 4358; x_wconf 81' lang='grc' dir='ltr'><strong>ὸ</strong></span> <span class='ocrx_word' id='word_1_674' title='bbox 966 4304 1092 4366; x_wconf 89' lang='grc' dir='ltr'>Θεὸς</span> <span class='ocrx_word' id='word_1_675' title='bbox 1139 4306 1295 4366; x_wconf 84' lang='grc' dir='ltr'>ποιεῖ,</span> <span class='ocrx_word' id='word_1_676' title='bbox 1342 4305 1460 4356; x_wconf 76' lang='grc' dir='ltr'>οὐδὲ</span> <span class='ocrx_word' id='word_1_677' title='bbox 1506 4306 1764 4368; x_wconf 79' lang='grc' dir='ltr'>ζωοποιεῖ.</span> <span class='ocrx_word' id='word_1_678' title='bbox 1806 4308 1866 4359; x_wconf 82' lang='grc' dir='ltr'><strong>Οἱ</strong></span> 
     </span>
    </p>
   </div>
   <div class='ocr_carea' id='block_1_89' title="bbox 1974 4292 3494 4375">
    <p class='ocr_par' dir='ltr' id='par_1_89' title="bbox 1974 4292 3494 4368">
     <span class='ocr_line' id='line_1_89' title="bbox 1974 4292 3494 4368; baseline 0.006 -23"><span class='ocrx_word' id='word_1_679' title='bbox 1974 4292 2109 4345; x_wconf 90' lang='lat' dir='ltr'><strong>enim</strong></span> <span class='ocrx_word' id='word_1_680' title='bbox 2144 4292 2333 4361; x_wconf 84' lang='lat' dir='ltr'><strong>aliquis</strong></span> <span class='ocrx_word' id='word_1_681' title='bbox 2369 4305 2566 4348; x_wconf 66' lang='lat' dir='ltr'><strong>aeterna</strong></span> <span class='ocrx_word' id='word_1_682' title='bbox 2592 4298 2919 4352; x_wconf 89' lang='lat' dir='ltr'><strong>beatitudine</strong></span> <span class='ocrx_word' id='word_1_683' title='bbox 2948 4299 3164 4368; x_wconf 82' lang='lat' dir='ltr'><strong>dignum</strong></span> <span class='ocrx_word' id='word_1_684' title='bbox 3192 4299 3318 4354; x_wconf 89' lang='lat' dir='ltr'><strong>fecit</strong></span> <span class='ocrx_word' id='word_1_685' title='bbox 3348 4300 3372 4353; x_wconf 72' lang='grc' dir='ltr'><strong>ι</strong></span> <span class='ocrx_word' id='word_1_686' title='bbox 3401 4299 3494 4356; x_wconf 82' lang='lat' dir='ltr'><strong>Ni-</strong></span> 
     </span>
    </p>
   </div>
   <div class='ocr_carea' id='block_1_90' title="bbox 337 4388 1864 4464">
    <p class='ocr_par' dir='ltr' id='par_1_90' title="bbox 337 4388 1864 4464">
     <span class='ocr_line' id='line_1_90' title="bbox 337 4388 1864 4464; baseline -0.003 -14"><span class='ocrx_word' id='word_1_687' title='bbox 337 4392 611 4464; x_wconf 79' lang='grc' dir='ltr'>οἱκτιρμοὶ</span> <span class='ocrx_word' id='word_1_688' title='bbox 657 4392 714 4446; x_wconf 75' lang='grc' dir='ltr'>δὲ</span> <span class='ocrx_word' id='word_1_689' title='bbox 760 4391 959 4457; x_wconf 77' lang='grc' dir='ltr'>πολλοὶ,</span> <span class='ocrx_word' id='word_1_690' title='bbox 1012 4392 1214 4446; x_wconf 85' lang='grc' dir='ltr'>πολλῶν</span> <span class='ocrx_word' id='word_1_691' title='bbox 1263 4393 1450 4460; x_wconf 75' lang='grc' dir='ltr'>ὄντων,</span> <span class='ocrx_word' id='word_1_692' title='bbox 1508 4395 1590 4460; x_wconf 76' lang='grc' dir='ltr'><strong>ἐφ’</strong></span> <span class='ocrx_word' id='word_1_693' title='bbox 1645 4393 1736 4456; x_wconf 84' lang='grc' dir='ltr'><strong>οὓς</strong></span> <span class='ocrx_word' id='word_1_694' title='bbox 1781 4388 1864 4461; x_wconf 79' lang='grc' dir='ltr'>γί-</span> 
     </span>
    </p>
   </div>
   <div class='ocr_carea' id='block_1_91' title="bbox 339 4498 542 4537">
    <p class='ocr_par' dir='ltr' id='par_1_91' title="bbox 339 4498 542 4537">
     <span class='ocr_line' id='line_1_91' title="bbox 339 4498 542 4537; baseline -0.01 0"><span class='ocrx_word' id='word_1_695' title='bbox 339 4498 519 4537; x_wconf 85' lang='grc' dir='ltr'>νονται</span> <span class='ocrx_word' id='word_1_696' title='bbox 526 4520 542 4536; x_wconf 78' lang='grc' dir='ltr'><strong><em>ο</em></strong></span> 
     </span>
    </p>
   </div>
   <div class='ocr_carea' id='block_1_92' title="bbox 408 4651 1867 4723">
    <p class='ocr_par' dir='ltr' id='par_1_92' title="bbox 408 4651 1867 4723">
     <span class='ocr_line' id='line_1_92' title="bbox 408 4651 1867 4723; baseline -0.001 -12"><span class='ocrx_word' id='word_1_697' title='bbox 408 4651 630 4711; x_wconf 71' lang='grc' dir='ltr'>Πολλοί</span> <span class='ocrx_word' id='word_1_698' title='bbox 677 4654 731 4708; x_wconf 87' lang='lat' dir='ltr'><strong>ol</strong></span> <span class='ocrx_word' id='word_1_699' title='bbox 771 4653 1145 4721; x_wconf 79' lang='grc' dir='ltr'>ἐκδιώκοντές</span> <span class='ocrx_word' id='word_1_700' title='bbox 1182 4673 1258 4723; x_wconf 80' lang='grc' dir='ltr'><strong>με</strong></span> <span class='ocrx_word' id='word_1_701' title='bbox 1309 4658 1403 4711; x_wconf 80' lang='grc' dir='ltr'>καὶ</span> <span class='ocrx_word' id='word_1_702' title='bbox 1444 4653 1739 4721; x_wconf 75' lang='grc' dir='ltr'>θλίϐοντες</span> <span class='ocrx_word' id='word_1_703' title='bbox 1757 4675 1769 4687; x_wconf 87' lang='grc'><strong>·</strong></span> <span class='ocrx_word' id='word_1_704' title='bbox 1800 4658 1867 4710; x_wconf 80' lang='grc' dir='ltr'>ἐκ</span> 
     </span>
    </p>
   </div>
   <div class='ocr_carea' id='block_1_93' title="bbox 339 4735 1869 4810">
    <p class='ocr_par' dir='ltr' id='par_1_93' title="bbox 339 4735 1869 4810">
     <span class='ocr_line' id='line_1_93' title="bbox 339 4735 1869 4810; baseline 0.001 -13"><span class='ocrx_word' id='word_1_705' title='bbox 339 4743 460 4797; x_wconf 80' lang='grc' dir='ltr'>τῶν</span> <span class='ocrx_word' id='word_1_706' title='bbox 475 4741 807 4810; x_wconf 81' lang='grc' dir='ltr'>μαρτυρίων</span> <span class='ocrx_word' id='word_1_707' title='bbox 819 4756 931 4795; x_wconf 90' lang='grc' dir='ltr'><strong>σου</strong></span> <span class='ocrx_word' id='word_1_708' title='bbox 953 4735 1061 4795; x_wconf 72' lang='grc' dir='ltr'>οὐκ</span> <span class='ocrx_word' id='word_1_709' title='bbox 1085 4742 1379 4808; x_wconf 78' lang='grc' dir='ltr'>ἐξέκλινα,</span> <span class='ocrx_word' id='word_1_710' title='bbox 1405 4760 1454 4796; x_wconf 91' lang='grc' dir='ltr'><strong>κ.</strong></span> <span class='ocrx_word' id='word_1_711' title='bbox 1479 4761 1527 4795; x_wconf 85' lang='grc' dir='ltr'><strong>τ.</strong></span> <span class='ocrx_word' id='word_1_712' title='bbox 1552 4746 1594 4795; x_wconf 79' lang='grc' dir='ltr'>ὲ.</span> <span class='ocrx_word' id='word_1_713' title='bbox 1642 4761 1658 4793; x_wconf 75' lang='grc' dir='ltr'><strong>ι</strong></span> <span class='ocrx_word' id='word_1_714' title='bbox 1681 4745 1869 4798; x_wconf 83' lang='grc' dir='ltr'>Μακά-</span> 
     </span>
    </p>
   </div>
   <div class='ocr_carea' id='block_1_94' title="bbox 344 4825 1867 4901">
    <p class='ocr_par' dir='ltr' id='par_1_94' title="bbox 344 4825 1867 4901">
     <span class='ocr_line' id='line_1_94' title="bbox 344 4825 1867 4901; baseline 0.001 -20"><span class='ocrx_word' id='word_1_715' title='bbox 344 4847 466 4899; x_wconf 88' lang='grc' dir='ltr'>ριοι,</span> <span class='ocrx_word' id='word_1_716' title='bbox 497 4828 676 4898; x_wconf 79' lang='grc' dir='ltr'>φησὶν,</span> <span class='ocrx_word' id='word_1_717' title='bbox 709 4825 758 4880; x_wconf 72' lang='grc' dir='ltr'><strong>οἱ</strong></span> <span class='ocrx_word' id='word_1_718' title='bbox 788 4827 1120 4897; x_wconf 81' lang='grc' dir='ltr'>δεδιωγμένοι</span> <span class='ocrx_word' id='word_1_719' title='bbox 1161 4830 1340 4883; x_wconf 75' lang='grc' dir='ltr'>ἕνεκεν</span> <span class='ocrx_word' id='word_1_720' title='bbox 1387 4830 1743 4901; x_wconf 86' lang='grc' dir='ltr'>δικαιοσύνης,</span> <span class='ocrx_word' id='word_1_721' title='bbox 1787 4833 1867 4884; x_wconf 84' lang='grc' dir='ltr'>ὅτι</span> 
     </span>
    </p>
   </div>
   <div class='ocr_carea' id='block_1_95' title="bbox 342 4913 1472 4987">
    <p class='ocr_par' dir='ltr' id='par_1_95' title="bbox 342 4913 1472 4987">
     <span class='ocr_line' id='line_1_95' title="bbox 342 4913 1472 4987; baseline 0.003 -20"><span class='ocrx_word' id='word_1_722' title='bbox 342 4913 519 4968; x_wconf 81' lang='grc' dir='ltr'>αὐτῶν</span> <span class='ocrx_word' id='word_1_723' title='bbox 548 4915 692 4967; x_wconf 77' lang='grc' dir='ltr'>ἐστιν</span> <span class='ocrx_word' id='word_1_724' title='bbox 715 4913 748 4983; x_wconf 78' lang='grc' dir='ltr'>ἡ</span> <span class='ocrx_word' id='word_1_725' title='bbox 781 4913 1019 4983; x_wconf 86' lang='grc' dir='ltr'>βασιλεία</span> <span class='ocrx_word' id='word_1_726' title='bbox 1037 4915 1143 4969; x_wconf 84' lang='grc' dir='ltr'><strong>τῶν</strong></span> <span class='ocrx_word' id='word_1_727' title='bbox 1172 4916 1426 4987; x_wconf 80' lang='grc' dir='ltr'>οὐρανῶν.</span> <span class='ocrx_word' id='word_1_728' title='bbox 1453 4936 1472 4970; x_wconf 71' lang='grc' dir='ltr'><strong>ι</strong></span> 
     </span>
    </p>
   </div>
   <div class='ocr_carea' id='block_1_96' title="bbox 417 5000 1870 5077">
    <p class='ocr_par' dir='ltr' id='par_1_96' title="bbox 417 5000 1870 5077">
     <span class='ocr_line' id='line_1_96' title="bbox 417 5000 1870 5077; baseline 0.003 -20"><span class='ocrx_word' id='word_1_729' title='bbox 417 5002 525 5057; x_wconf 80' lang='grc' dir='ltr'>Τοῦ</span> <span class='ocrx_word' id='word_1_730' title='bbox 555 5000 757 5054; x_wconf 85' lang='grc' dir='ltr'>αὐτοῦ.</span> <span class='ocrx_word' id='word_1_731' title='bbox 795 5001 867 5053; x_wconf 81' lang='grc' dir='ltr'>Τὸ</span> <span class='ocrx_word' id='word_1_732' title='bbox 887 5002 1084 5070; x_wconf 82' lang='grc' dir='ltr'>πλῆθος</span> <span class='ocrx_word' id='word_1_733' title='bbox 1111 5004 1330 5074; x_wconf 76' lang='grc' dir='ltr'>ἐχθροὺς</span> <span class='ocrx_word' id='word_1_734' title='bbox 1352 5008 1571 5075; x_wconf 80' lang='grc' dir='ltr'>ὁρατοὺς</span> <span class='ocrx_word' id='word_1_735' title='bbox 1592 5009 1682 5060; x_wconf 78' lang='grc' dir='ltr'>καὶ</span> <span class='ocrx_word' id='word_1_736' title='bbox 1709 5008 1870 5077; x_wconf 82' lang='grc' dir='ltr'>ἀορά-</span> 
     </span>
    </p>
   </div>
   <div class='ocr_carea' id='block_1_97' title="bbox 342 5080 1867 5160">
    <p class='ocr_par' dir='ltr' id='par_1_97' title="bbox 342 5080 1867 5160">
     <span class='ocr_line' id='line_1_97' title="bbox 342 5080 1867 5160; baseline 0.004 -20"><span class='ocrx_word' id='word_1_737' title='bbox 342 5103 468 5149; x_wconf 89' lang='grc' dir='ltr'>τους</span> <span class='ocrx_word' id='word_1_738' title='bbox 497 5086 802 5150; x_wconf 85' lang='grc' dir='ltr'>αίνίττεται,</span> <span class='ocrx_word' id='word_1_739' title='bbox 847 5080 921 5142; x_wconf 80' lang='grc' dir='ltr'>ὧν</span> <span class='ocrx_word' id='word_1_740' title='bbox 962 5088 1011 5140; x_wconf 79' lang='grc' dir='ltr'>οἱ</span> <span class='ocrx_word' id='word_1_741' title='bbox 1054 5088 1276 5157; x_wconf 79' lang='grc' dir='ltr'>διωγμοὶ</span> <span class='ocrx_word' id='word_1_742' title='bbox 1317 5092 1407 5142; x_wconf 83' lang='grc' dir='ltr'>καὶ</span> <span class='ocrx_word' id='word_1_743' title='bbox 1437 5093 1493 5144; x_wconf 75' lang='lat' dir='ltr'><strong>at</strong></span> <span class='ocrx_word' id='word_1_744' title='bbox 1523 5093 1724 5160; x_wconf 79' lang='grc' dir='ltr'>θλίψεις</span> <span class='ocrx_word' id='word_1_745' title='bbox 1764 5094 1867 5146; x_wconf 83' lang='grc' dir='ltr'>διά-</span> 
     </span>
    </p>
   </div>
   <div class='ocr_carea' id='block_1_98' title="bbox 345 5173 1868 5250">
    <p class='ocr_par' dir='ltr' id='par_1_98' title="bbox 345 5173 1868 5250">
     <span class='ocr_line' id='line_1_98' title="bbox 345 5173 1868 5250; baseline 0.003 -22"><span class='ocrx_word' id='word_1_746' title='bbox 345 5191 516 5245; x_wconf 84' lang='grc' dir='ltr'>φοροι.</span> <span class='ocrx_word' id='word_1_747' title='bbox 566 5176 629 5228; x_wconf 76' lang='lat' dir='ltr'><strong>Oi</strong></span> <span class='ocrx_word' id='word_1_748' title='bbox 658 5175 755 5242; x_wconf 78' lang='grc' dir='ltr'>μὲν</span> <span class='ocrx_word' id='word_1_749' title='bbox 781 5173 884 5244; x_wconf 86' lang='grc' dir='ltr'>γὰρ</span> <span class='ocrx_word' id='word_1_750' title='bbox 927 5174 1104 5243; x_wconf 86' lang='grc' dir='ltr'>φιλίαν</span> <span class='ocrx_word' id='word_1_751' title='bbox 1132 5176 1529 5245; x_wconf 80' lang='grc' dir='ltr'>ὑποκρινόμενοι</span> <span class='ocrx_word' id='word_1_752' title='bbox 1557 5180 1652 5242; x_wconf 86' lang='grc' dir='ltr'>τὰς</span> <span class='ocrx_word' id='word_1_753' title='bbox 1681 5180 1868 5250; x_wconf 75' lang='grc' dir='ltr'>ἡδονὰς</span> 
     </span>
    </p>
   </div>
   <div class='ocr_carea' id='block_1_99' title="bbox 345 5259 1868 5332">
    <p class='ocr_par' dir='ltr' id='par_1_99' title="bbox 345 5259 1868 5332">
     <span class='ocr_line' id='line_1_99' title="bbox 345 5259 1868 5332; baseline 0.004 -19"><span class='ocrx_word' id='word_1_754' title='bbox 345 5259 748 5315; x_wconf 76' lang='grc' dir='ltr'>ὑποϐάλλουσιν·</span> <span class='ocrx_word' id='word_1_755' title='bbox 795 5264 844 5317; x_wconf 78' lang='lat' dir='ltr'><strong>oi</strong></span> <span class='ocrx_word' id='word_1_756' title='bbox 889 5262 945 5315; x_wconf 86' lang='grc' dir='ltr'>δὲ</span> <span class='ocrx_word' id='word_1_757' title='bbox 984 5263 1081 5332; x_wconf 79' lang='grc' dir='ltr'>τὴν</span> <span class='ocrx_word' id='word_1_758' title='bbox 1110 5263 1302 5332; x_wconf 73' lang='grc' dir='ltr'>ἔχθραν</span> <span class='ocrx_word' id='word_1_759' title='bbox 1342 5264 1712 5332; x_wconf 84' lang='grc' dir='ltr'>γυμνώσαντες</span> <span class='ocrx_word' id='word_1_760' title='bbox 1760 5268 1868 5319; x_wconf 82' lang='grc' dir='ltr'><strong>πᾶν</strong></span> 
     </span>
    </p>
   </div>
   <div class='ocr_carea' id='block_1_100' title="bbox 347 5335 1869 5425">
    <p class='ocr_par' dir='ltr' id='par_1_100' title="bbox 347 5335 1869 5425">
     <span class='ocr_line' id='line_1_100' title="bbox 347 5335 1869 5425; baseline 0.003 -24"><span class='ocrx_word' id='word_1_761' title='bbox 347 5335 483 5410; x_wconf 71' lang='grc' dir='ltr'>εἶδος</span> <span class='ocrx_word' id='word_1_762' title='bbox 523 5348 836 5419; x_wconf 81' lang='grc' dir='ltr'>πειρασμῶν</span> <span class='ocrx_word' id='word_1_763' title='bbox 883 5346 1251 5419; x_wconf 71' lang='grc' dir='ltr'>ὑποφέρουσιν.</span> <span class='ocrx_word' id='word_1_764' title='bbox 1307 5349 1442 5404; x_wconf 80' lang='grc' dir='ltr'>Ἀλλ’</span> <span class='ocrx_word' id='word_1_765' title='bbox 1470 5352 1624 5425; x_wconf 80' lang='grc' dir='ltr'>ἡμεῖς</span> <span class='ocrx_word' id='word_1_766' title='bbox 1669 5352 1733 5405; x_wconf 72' lang='grc' dir='ltr'>ὲκ</span> <span class='ocrx_word' id='word_1_767' title='bbox 1760 5352 1869 5406; x_wconf 85' lang='grc' dir='ltr'><strong>τῶν</strong></span> 
     </span>
    </p>
   </div>
   <div class='ocr_carea' id='block_1_101' title="bbox 1969 4380 3491 4452">
    <p class='ocr_par' dir='ltr' id='par_1_101' title="bbox 1969 4380 3491 4452">
     <span class='ocr_line' id='line_1_101' title="bbox 1969 4380 3491 4452; baseline 0.007 -21"><span class='ocrx_word' id='word_1_768' title='bbox 1969 4380 2042 4432; x_wconf 89' lang='lat' dir='ltr'><strong>bil</strong></span> <span class='ocrx_word' id='word_1_769' title='bbox 2074 4390 2246 4435; x_wconf 89' lang='lat' dir='ltr'><strong>autem</strong></span> <span class='ocrx_word' id='word_1_770' title='bbox 2290 4383 2488 4452; x_wconf 90' lang='lat' dir='ltr'><strong>absque</strong></span> <span class='ocrx_word' id='word_1_771' title='bbox 2529 4383 2729 4449; x_wconf 87' lang='lat' dir='ltr'><strong>judicio</strong></span> <span class='ocrx_word' id='word_1_772' title='bbox 2760 4385 2897 4439; x_wconf 87' lang='lat' dir='ltr'><strong>Deus</strong></span> <span class='ocrx_word' id='word_1_773' title='bbox 2924 4385 3069 4451; x_wconf 79' lang='lat' dir='ltr'><strong>facit,</strong></span> <span class='ocrx_word' id='word_1_774' title='bbox 3108 4402 3203 4441; x_wconf 90' lang='lat' dir='ltr'><strong>nec</strong></span> <span class='ocrx_word' id='word_1_775' title='bbox 3239 4387 3491 4443; x_wconf 81' lang='lat' dir='ltr'><strong>vivificat.</strong></span> 
     </span>
    </p>
   </div>
   <div class='ocr_carea' id='block_1_102' title="bbox 1970 4468 3609 4546">
    <p class='ocr_par' dir='ltr' id='par_1_102' title="bbox 1970 4468 3609 4546">
     <span class='ocr_line' id='line_1_102' title="bbox 1970 4468 3609 4546; baseline 0.007 -24"><span class='ocrx_word' id='word_1_776' title='bbox 1970 4468 2341 4525; x_wconf 83' lang='lat' dir='ltr'><strong>Misericordiae</strong></span> <span class='ocrx_word' id='word_1_777' title='bbox 2389 4472 2564 4526; x_wconf 67' lang='lat' dir='ltr'><strong>multa:</strong></span> <span class='ocrx_word' id='word_1_778' title='bbox 2594 4482 2741 4540; x_wconf 85' lang='lat' dir='ltr'><strong>sunt,</strong></span> <span class='ocrx_word' id='word_1_779' title='bbox 2773 4488 2894 4529; x_wconf 87' lang='lat' dir='ltr'><strong>cum</strong></span> <span class='ocrx_word' id='word_1_780' title='bbox 2930 4475 3082 4531; x_wconf 86' lang='lat' dir='ltr'><strong>multi</strong></span> <span class='ocrx_word' id='word_1_781' title='bbox 3122 4475 3229 4531; x_wconf 87' lang='lat' dir='ltr'><strong>sint</strong></span> <span class='ocrx_word' id='word_1_782' title='bbox 3266 4476 3332 4531; x_wconf 87' lang='lat' dir='ltr'><strong>ad</strong></span> <span class='ocrx_word' id='word_1_783' title='bbox 3359 4491 3495 4546; x_wconf 86' lang='lat' dir='ltr'><strong>quos</strong></span> <span class='ocrx_word' id='word_1_784' title='bbox 3603 4505 3609 4510; x_wconf 90' lang='lat'><strong><em>-</em></strong></span> 
     </span>
    </p>
   </div>
   <div class='ocr_carea' id='block_1_103' title="bbox 1967 4558 2288 4626">
    <p class='ocr_par' dir='ltr' id='par_1_103' title="bbox 1967 4558 2288 4626">
     <span class='ocr_line' id='line_1_103' title="bbox 1967 4558 2288 4626; baseline 0.012 -17"><span class='ocrx_word' id='word_1_785' title='bbox 1967 4558 2288 4626; x_wconf 89' lang='lat' dir='ltr'><strong>pertineant.</strong></span> 
     </span>
    </p>
   </div>
   <div class='ocr_carea' id='block_1_104' title="bbox 2040 4646 3493 4718">
    <p class='ocr_par' dir='ltr' id='par_1_104' title="bbox 2040 4646 3493 4718">
     <span class='ocr_line' id='line_1_104' title="bbox 2040 4646 3493 4718; baseline 0.006 -19"><span class='ocrx_word' id='word_1_786' title='bbox 2040 4646 2199 4701; x_wconf 70' lang='lat' dir='ltr'><strong>Vens.</strong></span> <span class='ocrx_word' id='word_1_787' title='bbox 2228 4648 2348 4701; x_wconf 83' lang='grc'><strong>157.</strong></span> <span class='ocrx_word' id='word_1_788' title='bbox 2383 4648 2537 4701; x_wconf 77' lang='lat' dir='ltr'><strong>Multi</strong></span> <span class='ocrx_word' id='word_1_789' title='bbox 2563 4651 2651 4718; x_wconf 82' lang='lat' dir='ltr'><strong>qui</strong></span> <span class='ocrx_word' id='word_1_790' title='bbox 2678 4661 3048 4718; x_wconf 84' lang='lat' dir='ltr'><strong>persequuntur</strong></span> <span class='ocrx_word' id='word_1_791' title='bbox 3079 4668 3157 4707; x_wconf 87' lang='lat' dir='ltr'><strong>me</strong></span> <span class='ocrx_word' id='word_1_792' title='bbox 3179 4662 3225 4705; x_wconf 90' lang='lat' dir='ltr'><strong>et</strong></span> <span class='ocrx_word' id='word_1_793' title='bbox 3247 4651 3493 4707; x_wconf 75' lang='lat' dir='ltr'><strong>tribulam</strong></span> 
     </span>
    </p>
   </div>
   <div class='ocr_carea' id='block_1_105' title="bbox 1969 4736 3496 4803">
    <p class='ocr_par' dir='ltr' id='par_1_105' title="bbox 1969 4736 3496 4803">
     <span class='ocr_line' id='line_1_105' title="bbox 1969 4736 3496 4803; baseline 0.004 -18"><span class='ocrx_word' id='word_1_794' title='bbox 1969 4749 2047 4786; x_wconf 87' lang='lat' dir='ltr'><strong>me</strong></span> <span class='ocrx_word' id='word_1_795' title='bbox 2073 4749 2091 4786; x_wconf 91' lang='lat'><strong><em>:</em></strong></span> <span class='ocrx_word' id='word_1_796' title='bbox 2116 4751 2147 4786; x_wconf 91' lang='lat' dir='ltr'><strong>a</strong></span> <span class='ocrx_word' id='word_1_797' title='bbox 2173 4736 2470 4789; x_wconf 78' lang='lat' dir='ltr'><strong>testimoniis</strong></span> <span class='ocrx_word' id='word_1_798' title='bbox 2492 4737 2594 4789; x_wconf 86' lang='lat' dir='ltr'><strong>tuis</strong></span> <span class='ocrx_word' id='word_1_799' title='bbox 2627 4753 2729 4790; x_wconf 81' lang='lat' dir='ltr'><strong>non</strong></span> <span class='ocrx_word' id='word_1_800' title='bbox 2752 4738 3020 4803; x_wconf 82' lang='lat' dir='ltr'><strong>declinavi,</strong></span> <span class='ocrx_word' id='word_1_801' title='bbox 3042 4748 3146 4794; x_wconf 87' lang='lat' dir='ltr'><strong>etc.</strong></span> <span class='ocrx_word' id='word_1_802' title='bbox 3184 4758 3202 4790; x_wconf 72' lang='grc' dir='ltr'><strong>ι</strong></span> <span class='ocrx_word' id='word_1_803' title='bbox 3228 4738 3496 4801; x_wconf 85' lang='lat' dir='ltr'><strong>Beati,in-</strong></span> 
     </span>
    </p>
   </div>
   <div class='ocr_carea' id='block_1_106' title="bbox 1969 4822 3494 4895">
    <p class='ocr_par' dir='ltr' id='par_1_106' title="bbox 1969 4822 3494 4895">
     <span class='ocr_line' id='line_1_106' title="bbox 1969 4822 3494 4895; baseline 0.004 -22"><span class='ocrx_word' id='word_1_804' title='bbox 1969 4822 2167 4889; x_wconf 77' lang='lat' dir='ltr'><strong>quit”,</strong></span> <span class='ocrx_word' id='word_1_805' title='bbox 2194 4822 2282 4890; x_wconf 92' lang='lat' dir='ltr'><strong>qui</strong></span> <span class='ocrx_word' id='word_1_806' title='bbox 2330 4825 2748 4893; x_wconf 88' lang='lat' dir='ltr'><strong>persecutionem</strong></span> <span class='ocrx_word' id='word_1_807' title='bbox 2789 4826 3068 4894; x_wconf 87' lang='lat' dir='ltr'><strong>patiuntur</strong></span> <span class='ocrx_word' id='word_1_808' title='bbox 3094 4834 3315 4895; x_wconf 88' lang='lat' dir='ltr'><strong>propter</strong></span> <span class='ocrx_word' id='word_1_809' title='bbox 3340 4824 3494 4892; x_wconf 76' lang='lat' dir='ltr'><strong>justi-</strong></span> 
     </span>
    </p>
   </div>
   <div class='ocr_carea' id='block_1_107' title="bbox 1970 4911 3384 4983">
    <p class='ocr_par' dir='ltr' id='par_1_107' title="bbox 1970 4911 3384 4983">
     <span class='ocr_line' id='line_1_107' title="bbox 1970 4911 3384 4983; baseline 0.001 -21"><span class='ocrx_word' id='word_1_810' title='bbox 1970 4911 2118 4974; x_wconf 88' lang='lat' dir='ltr'><strong>tiam,</strong></span> <span class='ocrx_word' id='word_1_811' title='bbox 2151 4913 2396 4978; x_wconf 89' lang='lat' dir='ltr'><strong>quoniam</strong></span> <span class='ocrx_word' id='word_1_812' title='bbox 2429 4914 2664 4981; x_wconf 90' lang='lat' dir='ltr'><strong>ipsorum</strong></span> <span class='ocrx_word' id='word_1_813' title='bbox 2691 4924 2771 4968; x_wconf 91' lang='lat' dir='ltr'><strong>est</strong></span> <span class='ocrx_word' id='word_1_814' title='bbox 2804 4928 3024 4983; x_wconf 90' lang='lat' dir='ltr'><strong>regnum</strong></span> <span class='ocrx_word' id='word_1_815' title='bbox 3055 4912 3336 4971; x_wconf 68' lang='lat' dir='ltr'><strong>calorum.</strong></span> <span class='ocrx_word' id='word_1_816' title='bbox 3362 4928 3384 4963; x_wconf 75' lang='grc' dir='ltr'><strong>ι</strong></span> 
     </span>
    </p>
   </div>
   <div class='ocr_carea' id='block_1_108' title="bbox 2039 4995 3498 5068">
    <p class='ocr_par' dir='ltr' id='par_1_108' title="bbox 2039 4995 3498 5068">
     <span class='ocr_line' id='line_1_108' title="bbox 2039 4995 3498 5068; baseline 0 -17"><span class='ocrx_word' id='word_1_817' title='bbox 2039 4998 2306 5068; x_wconf 82' lang='lat' dir='ltr'><strong>Ejusdem.</strong></span> <span class='ocrx_word' id='word_1_818' title='bbox 2346 5001 2620 5060; x_wconf 83' lang='lat' dir='ltr'><strong>Multitudo</strong></span> <span class='ocrx_word' id='word_1_819' title='bbox 2655 5006 2833 5059; x_wconf 88' lang='lat' dir='ltr'><strong>hostes</strong></span> <span class='ocrx_word' id='word_1_820' title='bbox 2862 5001 3097 5057; x_wconf 87' lang='lat' dir='ltr'><strong>visibiles</strong></span> <span class='ocrx_word' id='word_1_821' title='bbox 3125 5006 3181 5051; x_wconf 87' lang='lat' dir='ltr'><strong>et</strong></span> <span class='ocrx_word' id='word_1_822' title='bbox 3209 4995 3498 5052; x_wconf 79' lang='lat' dir='ltr'><strong>invisibiles</strong></span> 
     </span>
    </p>
   </div>
   <div class='ocr_carea' id='block_1_109' title="bbox 1970 5084 3501 5158">
    <p class='ocr_par' dir='ltr' id='par_1_109' title="bbox 1970 5084 3501 5158">
     <span class='ocr_line' id='line_1_109' title="bbox 1970 5084 3501 5158; baseline -0.003 -17"><span class='ocrx_word' id='word_1_823' title='bbox 1970 5087 2162 5153; x_wconf 89' lang='lat' dir='ltr'><strong>innuit,</strong></span> <span class='ocrx_word' id='word_1_824' title='bbox 2186 5101 2410 5158; x_wconf 90' lang='lat' dir='ltr'><strong>quorum</strong></span> <span class='ocrx_word' id='word_1_825' title='bbox 2450 5092 2612 5146; x_wconf 68' lang='lat' dir='ltr'><strong>variae</strong></span> <span class='ocrx_word' id='word_1_826' title='bbox 2652 5099 2776 5145; x_wconf 86' lang='lat' dir='ltr'><strong>sunt</strong></span> <span class='ocrx_word' id='word_1_827' title='bbox 2805 5085 3208 5158; x_wconf 85' lang='lat' dir='ltr'><strong>persecutiones</strong></span> <span class='ocrx_word' id='word_1_828' title='bbox 3236 5097 3301 5137; x_wconf 88' lang='lat' dir='ltr'><strong>ac</strong></span> <span class='ocrx_word' id='word_1_829' title='bbox 3329 5084 3501 5137; x_wconf 88' lang='lat' dir='ltr'><strong>tribu-</strong></span> 
     </span>
    </p>
   </div>
   <div class='ocr_carea' id='block_1_110' title="bbox 1968 5170 3504 5246">
    <p class='ocr_par' dir='ltr' id='par_1_110' title="bbox 1968 5170 3504 5246">
     <span class='ocr_line' id='line_1_110' title="bbox 1968 5170 3504 5246; baseline -0.004 -17"><span class='ocrx_word' id='word_1_830' title='bbox 1968 5175 2213 5231; x_wconf 86' lang='lat' dir='ltr'><strong>lationes.</strong></span> <span class='ocrx_word' id='word_1_831' title='bbox 2241 5178 2343 5231; x_wconf 83' lang='lat' dir='ltr'><strong>Alii</strong></span> <span class='ocrx_word' id='word_1_832' title='bbox 2371 5192 2620 5246; x_wconf 90' lang='lat' dir='ltr'><strong>namque,</strong></span> <span class='ocrx_word' id='word_1_833' title='bbox 2646 5179 2932 5231; x_wconf 86' lang='lat' dir='ltr'><strong>amicitiam</strong></span> <span class='ocrx_word' id='word_1_834' title='bbox 2956 5170 3297 5235; x_wconf 84' lang='lat' dir='ltr'><strong>simulantes,</strong></span> <span class='ocrx_word' id='word_1_835' title='bbox 3315 5184 3504 5241; x_wconf 71' lang='lat' dir='ltr'><strong>sugge-</strong></span> 
     </span>
    </p>
   </div>
   <div class='ocr_carea' id='block_1_111' title="bbox 1968 5258 3507 5333">
    <p class='ocr_par' dir='ltr' id='par_1_111' title="bbox 1968 5258 3507 5333">
     <span class='ocr_line' id='line_1_111' title="bbox 1968 5258 3507 5333; baseline -0.006 -13"><span class='ocrx_word' id='word_1_836' title='bbox 1968 5275 2095 5320; x_wconf 86' lang='lat' dir='ltr'><strong>runt</strong></span> <span class='ocrx_word' id='word_1_837' title='bbox 2122 5266 2454 5333; x_wconf 86' lang='lat' dir='ltr'><strong>voluptates;</strong></span> <span class='ocrx_word' id='word_1_838' title='bbox 2500 5265 2588 5325; x_wconf 90' lang='lat' dir='ltr'><strong>alii</strong></span> <span class='ocrx_word' id='word_1_839' title='bbox 2625 5278 2773 5331; x_wconf 91' lang='lat' dir='ltr'><strong>vero,</strong></span> <span class='ocrx_word' id='word_1_840' title='bbox 2809 5259 3145 5319; x_wconf 88' lang='lat' dir='ltr'><strong>inimicitiam</strong></span> <span class='ocrx_word' id='word_1_841' title='bbox 3174 5258 3507 5326; x_wconf 83' lang='lat' dir='ltr'><strong>detegentes,</strong></span> 
     </span>
    </p>
   </div>
   <div class='ocr_carea' id='block_1_112' title="bbox 1969 5345 3515 5422">
    <p class='ocr_par' dir='ltr' id='par_1_112' title="bbox 1969 5345 3515 5422">
     <span class='ocr_line' id='line_1_112' title="bbox 1969 5345 3515 5422; baseline -0.006 -14"><span class='ocrx_word' id='word_1_842' title='bbox 1969 5367 2127 5408; x_wconf 88' lang='lat' dir='ltr'><strong>omne</strong></span> <span class='ocrx_word' id='word_1_843' title='bbox 2174 5368 2336 5422; x_wconf 74' lang='lat' dir='ltr'><strong>genus</strong></span> <span class='ocrx_word' id='word_1_844' title='bbox 2381 5352 2724 5407; x_wconf 84' lang='lat' dir='ltr'><strong>tentationum</strong></span> <span class='ocrx_word' id='word_1_845' title='bbox 2774 5352 3030 5408; x_wconf 83' lang='lat' dir='ltr'><strong>inferunt.</strong></span> <span class='ocrx_word' id='word_1_846' title='bbox 3080 5345 3291 5401; x_wconf 72' lang='lat' dir='ltr'><strong>Verum</strong></span> <span class='ocrx_word' id='word_1_847' title='bbox 3338 5359 3437 5401; x_wconf 84' lang='lat' dir='ltr'><strong>nos</strong></span> <span class='ocrx_word' id='word_1_848' title='bbox 3481 5360 3515 5398; x_wconf 69' lang='grc' dir='ltr'><strong>α</strong></span> 
     </span>
    </p>
   </div>
   <div class='ocr_carea' id='block_1_113' title="bbox 421 5515 1869 5614">
    <p class='ocr_par' dir='ltr' id='par_1_113' title="bbox 421 5515 1866 5593">
     <span class='ocr_line' id='line_1_113' title="bbox 421 5515 1866 5593; baseline 0.01 -23"><span class='ocrx_word' id='word_1_849' title='bbox 421 5517 598 5573; x_wconf 76' lang='lat' dir='ltr'><strong>“Jac.</strong></span> <span class='ocrx_word' id='word_1_850' title='bbox 632 5533 701 5582; x_wconf 83' lang='lat' dir='ltr'><strong>Iv,</strong></span> <span class='ocrx_word' id='word_1_851' title='bbox 738 5519 821 5574; x_wconf 76' lang='grc'><strong>10.</strong></span> <span class='ocrx_word' id='word_1_852' title='bbox 896 5520 937 5553; x_wconf 82' lang='grc'><strong>⁸⁷</strong></span> <span class='ocrx_word' id='word_1_853' title='bbox 963 5515 1086 5592; x_wconf 83' lang='lat' dir='ltr'><strong>Sap.</strong></span> <span class='ocrx_word' id='word_1_854' title='bbox 1122 5523 1234 5586; x_wconf 62' lang='lat' dir='ltr'><strong>mi.</strong></span> <span class='ocrx_word' id='word_1_855' title='bbox 1307 5523 1349 5555; x_wconf 78' lang='grc'><strong>⁸⁸</strong></span> <span class='ocrx_word' id='word_1_856' title='bbox 1373 5522 1499 5582; x_wconf 88' lang='lat' dir='ltr'><strong>Luc.</strong></span> <span class='ocrx_word' id='word_1_857' title='bbox 1528 5526 1747 5593; x_wconf 67' lang='lat'><strong>1:11.10.</strong></span> <span class='ocrx_word' id='word_1_858' title='bbox 1821 5529 1866 5563; x_wconf 80' lang='lat'>&quot;</span> 
     </span>
    </p>
   </div>
   <div class='ocr_carea' id='block_1_114' title="bbox 1974 5515 2299 5614">
    <p class='ocr_par' dir='ltr' id='par_1_114' title="bbox 1974 5529 2299 5594">
     <span class='ocr_line' id='line_1_114' title="bbox 1974 5529 2299 5594; baseline -0.012 -10"><span class='ocrx_word' id='word_1_859' title='bbox 1974 5529 2082 5584; x_wconf 77' lang='grc' dir='ltr'>ιιιΙΙ.</span> <span class='ocrx_word' id='word_1_860' title='bbox 2123 5543 2175 5594; x_wconf 76' lang='grc' dir='ltr'><strong>ν,</strong></span> <span class='ocrx_word' id='word_1_861' title='bbox 2215 5529 2299 5582; x_wconf 72' lang='grc'><strong>10.</strong></span> 
     </span>
    </p>
   </div>
  </div>
