3884 6218
236 354 258 406 1
272 349 375 405 625

1126 338 1423 396 SELECTA
1462 335 1528 390 iN
1565 334 1895 390 PSAIMDS.
1930 363 2000 375 --
2036 331 2227 388 PSAL.
2268 330 2489 388 CXVIII.

3260 327 3394 386 1626

301 463 687 532 Προσεδόκων
711 460 776 514 τὸ
822 458 1106 527 σωτήριόν
1148 475 1281 522 σου,
1314 460 1504 525 Κύριε,
1533 456 1628 531 καὶ
1667 455 1755 520 τὰς

1937 449 2239 507 Vens.166.
2288 448 2661 516 Exspertabam
2692 448 2920 501 salutare
2960 455 3125 510 tuum,
3156 444 3390 510 Domine,

235 550 488 615 ἐντολάς
515 566 629 603 σου
657 547 953 616 ἠγάπησα,
997 564 1048 599 κ.
1072 564 1122 599 τ.
1148 549 1192 599 ἑ.
1239 547 1516 615 Μακάριος
1550 546 1578 596 6
1602 561 1761 615 προσ-

234 638 519 709 δεχόμενος
550 638 640 689 τοῦ
681 636 810 689 Θεοῦ
854 636 913 689 τὸ
940 637 1215 705 σωτήριον,
1256 636 1482 703 ἀγαπῶν
1525 635 1581 687 δὲ
1608 632 1767 686 αὐτοῦ

236 726 326 778 καὶ
357 725 448 787 τὰς
485 723 726 786 ἐντολάςο
759 717 909 785 οὗτος
934 724 1039 793 γὰρ
1068 725 1146 784 εἰς
1194 722 1304 790 βίον
1346 723 1543 776 τέλειον
1575 723 1651 784 είς
1670 723 1769 774 ἁκ-

236 813 342 882 μὴν
382 813 673 883 προκόπτει
709 812 1113 882 μακαριότητος,
1147 812 1266 880 ἥτις
1304 811 1482 872 αὐτοῖς
1504 813 1615 872 τοῖς
1639 811 1770 862 ἀπο-

234 902 440 962 στόλοις
466 900 793 970 κεκλήρωτο,
828 899 962 968 πρὸς
991 898 1083 961 οὒς
1121 898 1329 965 ελεγενο
1363 916 1381 948 ι
1411 899 1683 949 Ἔστωσαν
1713 900 1767 949 αί

229 986 428 1055 ὀσφύες
458 987 609 1056 ὑμῶν
661 984 1102 1056 περιεζωσμέναι,
1149 987 1242 1037 καὶ
1271 986 1319 1037 οἱ
1344 984 1524 1054 λύχνοι
1552 984 1767 1053 καιόμε-

230 1093 308 1128 νοι
328 1092 341 1105 ·
368 1076 465 1128 καὶ
508 1075 662 1144 ὑμεῖς
697 1076 867 1144 ὅμοιοι
891 1073 1186 1144 ἀνθρώποις
1214 1072 1649 1143 προσδεχομένοις
1679 1073 1768 1125 τὸν

231 1162 433 1236 Κύριον
460 1162 656 1217 αὐτῶν.
689 1182 708 1214 ι

311 1251 628 1321 Έγγισάτω
668 1252 706 1318 ἠ
739 1250 943 1318 δέησίς
971 1267 1090 1318 μου
1125 1249 1378 1303 ἐνώπιόν
1401 1264 1514 1304 σου
1535 1286 1549 1313 ,
1573 1251 1764 1316 Κύριε,

228 1342 379 1394 κατὰ
410 1341 477 1394 τὸ
500 1343 842 1413 λόγιόν-,σου
868 1339 1187 1392 συνέτισὸν
1213 1355 1320 1408 με,
1359 1355 1412 1391 κ.
1441 1355 1492 1391 τ.
1527 1340 1574 1391 ἑ.
1613 1338 1766 1390 Κατὰ

227 1430 295 1481 τὰ
323 1429 563 1498 πρότερα
601 1429 831 1496 στοιχεῖα
866 1427 1027 1479 ὥδευε
1072 1427 1204 1497 πρὸς
1246 1428 1337 1480 τὸν
1377 1426 1525 1493 Θεὸν,
1559 1426 1765 1478 οὐδέπω

224 1509 294 1583 ἦν
322 1515 495 1581 ἐγγὺς
526 1513 684 1566 αὐτοῦ
705 1529 718 1544 ⁸
750 1514 838 1566 ὅτε
869 1512 923 1565 δὲ
955 1513 1045 1564 ἐπὶ
1067 1513 1205 1565 τέλει
1236 1512 1518 1581 γεγένηται
1553 1510 1645 1562 τοῦ
1681 1510 1766 1561 λό-

225 1618 323 1668 γου
358 1601 455 1653 τοῦ
485 1601 834 1670 προκειμένου
853 1640 868 1664 ,
909 1602 1001 1653 καὶ
1032 1600 1170 1652 κατὰ
1204 1601 1264 1652 τὸ
1303 1599 1595 1651 τελευταῖον
1636 1599 1764 1666 παρ’

238 1690 512 1760 Ἑϐραίοις
543 1692 831 1758 στοιχεῖον,
860 1690 978 1741 τότε
1009 1688 1221 1758 εὔχεται
1250 1688 1336 1740 ἴνα
1373 1689 1406 1756 ἡ
1438 1687 1568 1757 εὐχὴ
1603 1687 1763 1740 αὐτοῦ

1867 559 1914 597 et
1960 542 2205 595 mandata
2261 548 2351 591 tua
2410 540 2590 601 dilexi,
2631 546 2733 591 etc.
2766 537 2954 590 Beatus
2980 535 3070 604 qui
3123 544 3373 602 exspecta

1866 635 2096 690 salutare
2126 632 2238 696 Dei,
2269 639 2322 684 et
2376 630 2619 682 mandata
2649 627 2763 693 ejus
2802 626 2989 695 diligit.
3041 625 3136 678 Hic
3161 625 3300 678 enim
3328 625 3392 676 ad

1866 726 2025 778 vitam
2050 720 2359 790 perfectam,
2396 727 2447 770 et
2474 717 2541 769 ad
2567 715 2773 769 culmen
2800 714 3009 781 proﬁcit
3029 712 3390 774 beatitudinis,

1865 829 1981 883 qua:
2006 812 2133 882 ipsis
2185 808 2435 878 apostolis
2483 807 2717 875 reposita
2748 813 2850 866 est,
2882 806 2946 856 ad
2976 818 3109 871 quos
3146 802 3278 855 dixit
3298 801 3346 833 ἰ
3375 818 3390 854 :

1871 921 1889 954 ι
1930 902 2048 956 Sint
2073 900 2236 953 lumbi
2263 897 2426 952 vestri
2464 895 2757 965 prtecincti,
2784 902 2837 945 et
2859 893 3087 946 lucernae
3107 892 3390 953 ardentes;

1864 999 1918 1045 et
1945 1006 2043 1045 vos
2079 989 2277 1044 similes
2322 985 2626 1042 hominibus
2659 979 3087 1051 exspectantibus
3112 977 3392 1033 Dominum

1865 1094 2036 1133 suum.
2065 1096 2085 1129 ι

1930 1251 2093 1321 817
2142 1247 2298 1302 Vens.
2346 1247 2468 1303 I69.
2519 1244 2900 1313 Appmpinquet
2948 1239 3244 1308 deprecatio
3281 1254 3391 1291 mea

1862 1341 1916 1394 in
1953 1348 2223 1405 conspectu
2263 1348 2373 1403 tuo,
2405 1335 2654 1388 Domine:
2670 1332 2828 1400 juxta
2857 1331 3113 1399 eloquium
3142 1338 3287 1381 tuum
3324 1328 3390 1378 da

1863 1429 1989 1481 mihi
2027 1426 2358 1486 intellectum,
2411 1431 2515 1476 etc.
2560 1422 2862 1476 Secundum
2910 1419 3088 1485 priora
3131 1418 3391 1471 elementa

1862 1513 2171 1567 ambulabat
2219 1512 2286 1564 ad
2338 1511 2524 1571 Deum,
2580 1518 2635 1562 et
2687 1508 2918 1560 nondum
2967 1507 3014 1560 ei
3064 1506 3391 1573 propinquus

1861 1613 2011 1668 erat;
2034 1602 2245 1669 quando
2264 1608 2441 1653 autem
2470 1598 2572 1651 fuit
2603 1597 2656 1650 in
2690 1596 2794 1650 line
2821 1596 3077 1664 propositi
3108 1595 3390 1655 sermonis,

1864 1700 1917 1742 et
1948 1692 1999 1743 in
2029 1691 2204 1743 littera
2237 1672 2356 1755 qum
2390 1689 2531 1755 apud
2563 1686 2811 1740 Hebraeos
2841 1693 2925 1738 est
2950 1693 3239 1751 postrema,
3269 1692 3393 1737 tunc

225 1779 428 1849 ἐγγίσῃ
457 1776 535 1842 τῷ
558 1777 674 1846 Θεῷ
694 1817 711 1841 ,
744 1778 835 1830 καὶ
867 1777 1042 1846 φθάσῃ
1072 1777 1203 1846 πρὸς
1226 1776 1406 1829 αὐτόν.
1434 1776 1565 1844 Περὶ
1592 1775 1646 1826 δὲ
1671 1774 1755 1827 τοῦ

1862 1778 2130 1842 obsecrat,
2162 1784 2219 1829 ut
2248 1775 2423 1831 oratio
2451 1776 2568 1842 ejus
2615 1773 2723 1827 Deo
2772 1773 3183 1840 appropinquet,
3229 1780 3283 1825 et
3327 1772 3392 1824 ad

223 1866 345 1936 Θεῷ
398 1868 644 1934 ἐγγίσαι,
692 1866 794 1935 χρὴ
859 1865 1081 1929 εἰδέναι,
1127 1867 1205 1917 ὃτι
1245 1865 1499 1933 διαφορὰς
1537 1865 1761 1934 εὕρομεν

222 1955 457 2015 ταύτας.
517 1955 575 2005 '0
624 1954 719 2022 μὲν
764 1954 1086 2022 τελειότερος
1135 1953 1336 2020 ἐγγίζει
1374 1952 1451 2021 τῷ
1476 1953 1621 2021 Gali)“
1651 1954 1678 2005 6
1706 1952 1762 2005 δὲ

222 2043 616 2111 ὑποδεέστερος
648 2044 737 2094 καὶ
780 2043 941 2108 ἐγγὺς
985 2042 1171 2093 τούτου
1196 2079 1209 2103 ,
1240 2041 1396 2103 αὐτὸς
1431 2041 1527 2110 μὲν
1555 2042 1652 2093 ούκ
1679 2043 1764 2108 ἐγ-

219 2132 371 2199 γίζει
404 2131 481 2199 τῷ
499 2129 614 2199 Θεῷ
636 2147 649 2159 ο
684 2130 846 2199 εὐχὴν
870 2131 925 2182 δὲ
955 2129 1064 2198 ἔχει
1092 2129 1402 2197 ἐγγίζουσαν
1437 2128 1581 2197 αύτῷ
1600 2146 1612 2159 ·
1644 2128 1760 2181 ὅθεν

219 2218 357 2288 περὶ
392 2216 662 2277 Μωῦσέως
700 2215 877 2285 εῦροις
917 2216 980 2268 ἂν
1004 2217 1063 2267 τό
1084 2232 1097 2246 ·
1132 2233 1152 2266 ι
1202 2216 1405 2282 Ἐγγιεῖ
1438 2215 1639 2284 Μωσῆς
1676 2215 1762 2284 μό-

219 2323 313 2368 νος
344 2306 485 2375 πρὸς
517 2304 603 2358 τὸν
623 2304 772 2368 Θεὸν,
800 2305 848 2356 οἱ
891 2305 945 2356 δὲ
971 2304 1140 2356 λοιποὶ
1165 2305 1263 2357 οὐκ
1293 2305 1582 2371 ὲγγιοῦσιν·
1616 2323 1633 2356 ι
1670 2306 1761 2357 ἐπὶ

217 2397 277 2449 δὲ
331 2395 527 2448 τούτου
590 2395 750 2463 εὐχὴν
801 2394 1056 2460 λέγουσαν
1100 2413 1118 2444 ι
1161 2394 1456 2461 Ἐγγισὰτω
1508 2396 1539 2462 ἡ
1582 2393 1760 2462 δέησίς

223 2501 367 2554 μου,
401 2502 420 2534 ι
467 2483 559 2535 καὶ⁸
600 2482 742 2551 ἑξῆς.
792 2485 888 2545 Τίς
934 2484 988 2535 δὲ
1030 2483 1228 2535 τούτων
1281 2486 1313 2552 ἡ
1341 2483 1565 2553 διαφορὰ
1614 2482 1760 2545 ἄξιον

218 2575 322 2643 ήδη
357 2572 650 2642 θεωρῆσαι.
688 2573 744 2623 '0
770 2572 897 2634 Θεὸς
926 2574 1022 2625 οὐκ
1043 2574 1100 2624 ἐν
1128 2555 1274 2641 τύπῳ
1302 2573 1442 2624 ἐστὶν
1461 2609 1476 2634 ,
1509 2571 1640 2624 ἀολλά
1672 2572 1760 2623 δύο

219 2663 391 2732 ναμίς
436 2663 578 2712 ἐστιν
613 2660 841 2730 ἄρῤητος
879 2663 973 2714 καὶ
1025 2660 1319 2729 ἄφθεγκτος
1357 2660 1461 2712 καὶ
1515 2659 1755 2729 ἀόρατος.

218 2752 283 2803 El
323 2750 374 2802 δ’
410 2750 510 2802 οὐκ
555 2749 697 2801 ἐστιν
729 2751 785 2801 ἐν
812 2750 956 2818 τόπῳ
996 2751 1024 2800 6
1056 2749 1214 2812 Θεὸς,
1272 2748 1504 2816 ἐγγίζειν
1556 2744 1613 2797 δὲ
1645 2746 1757 2799 ἔστι

221 2841 362 2894 ποτὲ
389 2838 467 2908 τῷ
512 2838 628 2906 Θεῷ
647 2877 661 2901 ,
693 2838 928 2907 δηλονότι
961 2838 1035 2907 τῷ
1063 2840 1118 2890 ἐν
1149 2839 1277 2906 ἡμῖν
1308 2836 1520 2907 ἀοράτῳ
1554 2835 1760 2904 ἐγγίζο-

220 2946 320 3001 μεν
370 2927 535 2996 αὐτῷ.
575 2928 638 2980 Τί
668 2928 723 2979 δὲ
752 2930 808 2981 ἐν
843 2929 973 2996 ἡμῖν
1014 2928 1267 2997 ἀόρατονε
1308 2928 1365 2978 '0
1395 2926 1626 2996 κρυπτὸς
1664 2926 1759 2994 τῆς

216 3019 450 3089 καρδίας
482 3017 785 3087 ἄνθρωπος,
813 3016 869 3068 ὃν
896 3016 1168 3085 ὠνόμασεν
1199 3018 1230 3085 ή
1264 3014 1450 3085 Γραφὴ
1486 3032 1503 3065 ι
1545 3014 1648 3066 ἔσω
1669 3015 1758 3067 ἆν-

1861 1865 2032 1932 ipsum
2081 1863 2374 1931 perveniat.
2425 1861 2691 1915 Caeterum
2743 1862 2809 1913 de
2849 1861 3250 1928 propinquitate
3297 1858 3389 1912 Dei

1859 1955 2133 2010 sciendum
2158 1962 2240 2006 est
2265 1952 2363 2006 has
2407 1966 2504 2004 nos
2542 1949 2868 2004 diiierentias
2895 1951 3181 2016 reperisse.
3213 1946 3391 2000 Perfe-

1857 2044 1991 2098 ctior
2022 2040 2409 2109 appropinquat
2444 2039 2582 2102 Deo;
2608 2037 2830 2091 inferior
2858 2052 2985 2091 vero
3019 2046 3073 2090 et
3102 2037 3225 2089 huic
3253 2034 3388 2088 vici-

1857 2147 1957 2187 nus
1990 2147 2093 2185 non
2125 2129 2510 2199 apprOpinquat
2536 2127 2749 2195 quidem
2787 2129 2911 2189 Deo,
2947 2126 3045 2181 sed
3087 2125 3388 2178 orationem

1857 2222 2020 2277 habet
2053 2222 2100 2274 ei
2130 2219 2669 2289 appropinquantem.
2716 2216 2865 2271 Unde
2910 2217 2974 2270 de
3024 2215 3203 2284 Moyse
3242 2230 3392 2281 repe-

1860 2312 1968 2364 rire
1999 2319 2082 2364 est
2117 2310 2284 2363 illud:
2319 2327 2337 2359 ι
2372 2310 2603 2363 Accedet
2646 2306 2856 2376 Moyses
2902 2305 3048 2360 solus
3096 2305 3162 2358 ad
3204 2305 3388 2362 Deum.

1856 2400 2034 2454 caeteri
2066 2407 2247 2452 autem
2281 2412 2384 2451 non
2414 2398 2705 2459 accedent;
2744 2412 2763 2446 ι
2802 2395 3015 2463 insuper
3043 2408 3168 2448 vero
3191 2393 3391 2447 oratio-

1856 2501 1977 2541 nem
2009 2487 2273 2540 dicentem
2303 2498 2320 2538 :
2365 2503 2384 2536 ι
2410 2486 2809 2553 Appropinquet
2839 2482 3146 2550 deprecatio
3179 2497 3318 2543 mea,
3361 2498 3381 2532 ι

1855 2584 1961 2629 etc.
1999 2575 2127 2640 Quae
2152 2588 2313 2642 porro
2343 2574 2530 2627 borum
2572 2574 2643 2626 sit
2675 2571 3000 2633 dill‘ereutia,
3044 2584 3219 2637 operae
3265 2585 3389 2636 prc-

1857 2663 1990 2715 tium
2021 2671 2104 2714 est
2139 2660 2497 2717 considerare.
2529 2659 2669 2713 Deus
2701 2673 2803 2711 non
2837 2668 2918 2711 est
2940 2658 2992 2711 in
3025 2657 3162 2722 loco,
3190 2658 3284 2709 sed
3309 2666 3392 2709 est

1855 2750 2025 2802 virtus
2063 2763 2256 2804 arcana
2287 2757 2341 2803 et
2370 2746 2653 2802 inelfabilis
2699 2756 2754 2801 et
2798 2746 3101 2800 invisibilis.
3129 2746 3184 2799 Si
3212 2755 3387 2799 autem

1859 2839 1999 2892 Deus
2029 2853 2134 2892 non
2165 2846 2248 2893 est
2282 2839 2335 2892 in
2376 2840 2514 2902 loco,
2537 2845 2595 2892 et
2625 2837 2911 2904 aliquando
2949 2845 3119 2889 tamen
3156 2835 3265 2890 Deo
3296 2851 3390 2904 ap—

1854 2926 2210 2993 propinquare
2237 2939 2539 2994 possumus,
2570 2925 2755 2992 utique
2778 2939 2872 2991 per
2895 2923 2946 2989 id
2975 2925 3116 2990 quod
3150 2925 3200 2977 in
3235 2923 3389 2977 nobis

1855 3023 1936 3067 est
1976 3014 2245 3068 invisibile
2291 3015 2391 3083 ipsi
2431 3013 2939 3083 appropinquamus.
2980 3014 3115 3078 Quid
3149 3029 3309 3082 porro
3335 3014 3386 3066 in

217 3082 478 3179 θρωπον;
513 3124 532 3157 ι
570 3082 764 3156 Τούτου
791 3103 918 3172 γοῦν
945 3082 1086 3157 ἐστιν
1113 3082 1322 3171 ἐγγίσαί
1339 3104 1414 3172 τῷ
1439 3082 1575 3172 Θεῷ.
1604 3104 1755 3154 Ἔστι

1856 3105 2007 3158 nobis
2056 3116 2138 3160 est
2182 3105 2469 3170 invisibile,
2526 3106 2625 3160 nisi
2670 3105 2913 3160 occultus
2954 3108 3130 3160 cordis
3186 3107 3386 3168 homo.

213 3197 271 3250 δέ
315 3194 541 3262 ἐγγίσαι
591 3192 679 3246 διὰ
721 3192 892 3263 Ἰησοῦ
936 3193 1196 3262 Χριστοῦ·
1244 3194 1336 3245 καὶ
1386 3191 1613 3261 μάλιστα
1663 3191 1758 3244 ἐὰν

211 3286 503 3355 νοήσωμεν
527 3281 617 3334 τὸν
645 3281 871 3348 Χριστὸν
888 3318 903 3342 ,
929 3282 1008 3332 ὅτι
1028 3282 1141 3332 ἐστὶ
1157 3280 1480 3350 δικαιοσύνη,
1500 3279 1580 3332 ὅτι
1610 3280 1756 3333 ἐστὶν

209 3373 448 3443 ἀλήθεια
474 3367 567 3422 καὶ
596 3368 751 3434 σοφία
770 3406 785 3430 ,
819 3369 911 3420 καὶ
932 3367 1217 3429 ἀνάστασις
1242 3368 1334 3421 καὶ
1359 3366 1471 3435 φῶς
1488 3367 1753 3436 ἀληθινόν.

213 3460 382 3513 Ἀνευ
410 3453 520 3525 γὰρ
547 3453 746 3506 τούτων
786 3454 883 3506 οὐκ
909 3453 1047 3506 ἔστιν
1076 3452 1281 3522 ἐγγίσαι
1313 3452 1461 3523 Θεῷ,
1494 3454 1604 3507 ἀλλ’
1636 3454 1755 3508 οὐδὲ

209 3546 387 3616 χωρὶς
405 3543 654 3613 εἰρήνης,
680 3540 777 3609 τῆς
808 3542 1138 3617 φρουρούσης
1171 3543 1268 3611 τὴν
1300 3543 1522 3612 καρδίαν
1562 3543 1653 3595 καὶ
1685 3542 1754 3595 τὰ

209 3636 496 3704 νοήματα,
517 3632 636 3701 ἥτις
671 3632 811 3682 ἐστὶν
834 3633 862 3683 6
885 3630 1127 3700 Χριστός.
1162 3631 1307 3699 Ὀσῳ
1331 3630 1386 3681 δέ
1424 3646 1506 3693 τις
1541 3630 1753 3683 ἀπολεί-

209 3738 377 3774 πεται
399 3718 601 3770 τούτων
621 3755 635 3780 ,
657 3716 989 3785 δικαιοσύνης
1007 3732 1076 3785 φη
1086 3717 1143 3784 μὶ
1165 3716 1256 3768 καὶ
1281 3716 1465 3784 σοφίας
1483 3755 1497 3780 ,
1521 3718 1752 3786 τοσούτῳ

213 3810 436 3882 μακράν
458 3808 603 3858 ἐστιν
633 3808 660 3858 6
684 3805 915 3869 τοιοῦτος
940 3804 1032 3857 τοῦ
1064 3804 1217 3859 Θεοῦ.

280 4075 563 4129 Είσέλθοι
592 4072 655 4123 τὸ
693 4071 915 4139 ἀξίωμά
944 4088 1061 4139 μου
1103 4069 1351 4122 ἐνώπιόν
1374 4086 1516 4131 σου,
1544 4073 1745 4136 Κύριε,

209 4163 364 4215 κατὰ
388 4160 454 4211 τὸ
474 4160 679 4225 λόγιόν
714 4172 827 4211 σου
848 4159 1031 4225 ῥῦσαι
1056 4176 1159 4227 με,
1198 4175 1252 4210 κ.
1284 4175 1334 4212 τ.
1366 4161 1412 4211 ὲ.
1446 4161 1750 4231 Παρακαλεῖ

205 4254 462 4320 τοιαύτην
511 4247 648 4304 εἶναι
695 4251 792 4320 τὴν
820 4252 1033 4315 ἀξίωσιν
1087 4254 1338 4323 δόκιμον,
1380 4258 1471 4309 καὶ
1518 4255 1744 4325 βέϐαιον,

1852 3207 2008 3262 quem
2037 3192 2316 3259 Scriptura
2345 3194 2392 3226 "
2432 3211 2453 3245 ε
2484 3194 2801 3248 interiorem
2847 3193 3117 3247 hominem
3153 3212 3172 3244 ι
3209 3194 3384 3247 nomi-

1851 3277 2041 3335 navit?
2068 3278 2238 3349 Hujus
2270 3294 2401 3347 ergo
2446 3290 2531 3336 est
2555 3281 2987 3349 appropinquare
3028 3280 3157 3334 Deo.
3188 3279 3385 3335 Possu-

1850 3383 1967 3423 mus
2006 3368 2167 3422 etiam
2220 3369 2649 3436 appropinquare
2697 3381 2791 3435 per
2834 3366 3022 3421 Jesum
3073 3368 3380 3434 Christum,

1849 3457 2141 3525 praesertim
2159 3457 2203 3510 si
2228 3457 2650 3511 intellexerimus
2669 3456 2938 3511 Christum
2960 3472 3082 3512 esse
3094 3458 3383 3527 justitiam,

1850 3545 2161 3607 veritatem,
2213 3545 2561 3614 sapientiam,
2609 3547 3057 3601 resurrectionem
3102 3557 3157 3602 et
3210 3549 3381 3603 lucem

1847 3648 2047 3687 veram.
2088 3631 2219 3685 Nam
2250 3634 2365 3687 sine
2395 3633 2478 3687 bis
2511 3633 2729 3688 minime
2757 3650 3040 3703 possumus
3064 3636 3174 3691 Deo
3193 3652 3384 3705 appro-

1847 3725 2134 3792 pinquare,
2181 3725 2270 3777 sed
2322 3737 2420 3778 nec
2471 3724 2588 3778 sine
2631 3736 2764 3792 pace
2808 3738 2902 3778 cor
2939 3734 2993 3779 et
3035 3728 3383 3794 cogitationes

1847 3813 2205 3875 custodiente,
2233 3828 2355 3880 qua:
2380 3828 2481 3881 pax
2514 3821 2597 3867 est
2621 3811 2887 3867 Christus.
2911 3814 3177 3878 Quantum
3207 3826 3380 3870 autem

1847 3902 1965 3969 quis
1996 3902 2118 3955 istis
2147 3902 2473 3964 destituitur,
2503 3901 2713 3971 justitia
2760 3903 2974 3970 inquam
3014 3912 3068 3959 et
3098 3903 3381 3975 sapientia,

1852 3993 2182 4046 tantumdem
2211 4001 2443 4046 remotus
2470 3999 2551 4045 est
2572 4007 2601 4043 a
2632 3991 2758 4045 Deo.
2846 4038 2849 4039 ν

1919 4080 2081 4134 Vsus.
2124 4081 2245 4135 170.
2294 4080 2458 4133 Intret
2505 4080 2782 4146 postulatio
2839 4096 2950 4133 mea
3010 4082 3060 4133 in
3111 4091 3378 4151 compertu

1847 4177 1956 4236 tuo,
2004 4169 2241 4234 Domine,
2281 4168 2559 4222 secundum
2597 4170 2853 4237 eloquium
2897 4178 3040 4222 tuum
3081 4174 3217 4239 eripe
3264 4188 3376 4234 me,

1845 4266 1948 4312 etc.
1999 4256 2167 4326 Rogat
2221 4266 2280 4310 ut
2329 4257 2628 4311 istiusmodi
2682 4258 2965 4324 postulatio
3014 4259 3084 4313 sit
3130 4262 3375 4329 probata,

206 4343 304 4394 καὶ
332 4339 745 4405 ἀκατάγνωστον
766 4378 780 4401 ,
815 4340 951 4391 ὥστε
995 4342 1245 4394 εἰσελθεῖν
1275 4342 1496 4397 ἐνώπιον
1521 4346 1743 4412 Κυρίου.

1856 4346 2001 4400 llrma
2027 4354 2079 4401 et
2098 4346 2610 4415 lrreprehensibilis,
2635 4346 2707 4399 ita
2740 4355 2798 4399 ut
2827 4347 2990 4402 intret
3014 4349 3065 4401 in
3086 4360 3375 4417 conspectu

205 4432 489 4499 Γνὼσομαι
511 4427 566 4479 δέ
581 4429 629 4478 εί
653 4427 872 4480 εἰσέλθοι
894 4430 951 4481 τὸ
972 4431 1182 4500 ἀξίωμά
1203 4448 1302 4501 μου
1322 4432 1543 4485 ἐνώπιόν
1560 4451 1672 4496 σου,
1695 4437 1742 4487 εί

1856 4435 2074 4489 Domini.
2115 4435 2445 4504 Cognoscam
2489 4446 2666 4492 autem
2714 4449 2892 4493 utrum
2930 4438 3217 4505 postulatio
3259 4453 3376 4493 mea

206 4518 464 4591 ρυσθείην
496 4516 597 4569 ὑπὸ
626 4515 717 4566 σοῦ
744 4516 878 4568 κατὰ
898 4518 986 4570 τὸν
1010 4519 1160 4586 λόγον
1186 4521 1279 4572 καὶ
1314 4522 1372 4574 τὸ
1397 4521 1606 4591 ἀξίωμά
1641 4539 1739 4592 μου

204 4610 301 4664 καὶ
346 4610 447 4680 τὴν
476 4605 664 4672 σοφίαν
706 4621 814 4656 σου.
869 4606 924 4657 '0
964 4610 1069 4676 γὰρ
1097 4609 1359 4673 ἀνώτεοος
1393 4613 1604 4665 πάντων
1637 4630 1742 4665 πα-

202 4701 315 4755 θῶν
331 4699 571 4767 γεγονὼς
586 4737 600 4759 ,
628 4696 829 4764 καὶτῆς
848 4697 1160 4768 ἀχρειούσης
1182 4701 1391 4770 μακρὰν
1411 4703 1490 4754 ὅτι
1513 4701 1738 4772 μάλιστα

199 4789 405 4852 κακίας
457 4789 737 4857 χωρήσας,
772 4786 1002 4856 ὲρῤύσθη
1051 4789 1153 4841 ὑπὸ
1187 4789 1280 4842 τοῦ
1322 4790 1455 4844 Θεοῦ
1494 4792 1630 4845 κατὰ
1677 4792 1739 4846 τὸ

201 4879 387 4947 λόγιον
418 4877 599 4930 αὐτοῦ.
641 4877 781 4928 Ἀντὶ
810 4875 865 4927 δὲ
889 4875 980 4928 τοῦ
1013 4895 1031 4927 ι
1064 4879 1125 4930 τὸ
1154 4879 1366 4949 ἀξίωμά
1390 4898 1487 4950 μου
1516 4900 1535 4932 ι
1580 4883 1608 4934 6
1643 4882 1737 4951 μὲν

214 4965 449 5027 Ἀκύλας
496 4982 516 5014 ι
542 4964 721 5033 δέησίς
755 4981 852 5032 μου
875 5000 890 5025 ,
927 4983 945 5014 ι
1001 4968 1028 5018 6
1060 4966 1116 5017 δὲ
1163 4966 1447 5039 Σύμμαχος
1508 4988 1527 5019 ι
1566 4972 1737 5024 ἱκεσία

204 5071 309 5123 μου
341 5073 361 5104 ι
399 5055 665 5122 εἰρήκασι.
704 5051 804 5103 Δύο
833 5051 903 5120 δὴ
941 5047 1031 5104 οὖν
1055 5056 1194 5106 αίτεῖ
1213 5095 1228 5118 ,
1265 5056 1360 5125 τὴν
1392 5057 1601 5111 σύνεσιν
1631 5060 1737 5114 τῶν

204 5141 372 5212 ἱερῶν
389 5140 578 5207 λογίων
596 5181 611 5203 ,
639 5142 730 5193 καὶ
747 5141 843 5210 τὴν
866 5143 1174 5211 ἀπαλλαγὴν
1198 5146 1289 5196 καὶ
1309 5145 1611 5216 ἐλευθερίαν
1629 5149 1736 5202 τῶν

201 5230 262 5283 ἐν
285 5227 369 5297 τῷ
399 5227 494 5297 βίῳ
526 5228 703 5281 κακῶν
720 5246 734 5260 ·
763 5230 790 5282 ὃ
815 5231 877 5300 δὴ
905 5230 997 5283 καὶ
1029 5232 1154 5300 ἡμῖν
1184 5232 1491 5301 ἀναγκαῖον.

272 5577 325 5611 ’⁸
359 5576 486 5632 Luc.
512 5592 608 5644 xu,
633 5579 717 5634 35.
789 5583 832 5613 "
871 5582 1021 5635 Rom.
1056 5596 1147 5647 vn,
1176 5582 1260 5636 ἓξ.

1844 4526 2122 4579 intraverit
2160 4526 2213 4578 in
2258 4536 2544 4595 conspectu
2587 4537 2699 4592 tuo,
2740 4531 2784 4584 si
2830 4529 3120 4584 secundum
3156 4528 3373 4583 verbum

1842 4604 1896 4663 et
1923 4609 2338 4675 postulationem
2372 4626 2545 4667 meam
2573 4628 2637 4668 ac
2666 4617 2977 4684 sapientiam
3006 4624 3151 4670 tuam
3178 4630 3208 4669 a
3232 4627 3282 4669 te
3311 4615 3374 4668 li-

1842 4700 2055 4754 beratus
2081 4701 2250 4755 fuero.
2272 4700 2372 4768 Qui
2392 4704 2532 4757 enim
2558 4706 2807 4761 omnibus
2826 4707 3106 4763 affectibus
3128 4707 3375 4776 superior

1841 4789 2029 4853 evasit,
2052 4796 2106 4843 et
2128 4788 2283 4857 longe
2316 4791 2598 4847 admodum
2630 4794 2695 4848 ab
2729 4794 2902 4848 inutili
2955 4797 3155 4851 malitia
3190 4811 3368 4851 remo-

1844 4888 1926 4933 tus
1953 4886 2056 4944 est,
2083 4880 2128 4934 is
2156 4894 2186 4932 a
2219 4880 2326 4936 Deo
2356 4884 2647 4938 secundum
2674 4882 2942 4952 eloquium
2972 4885 3085 4953 ejus
3114 4886 3370 4938 liberatum

1839 4979 1942 5024 εει.
1971 4968 2228 5024 Czeterum
2258 4986 2354 5040 pro
2407 4990 2427 5024 ι
2458 4973 2748 5041 postulatio
2793 4990 2907 5029 mea
2947 4993 2967 5026 ι
3017 4972 3201 5039 Aquila
3240 4972 3366 5039 qui-

1839 5061 1958 5115 dem
1988 5078 2008 5112 ι
2041 5062 2347 5130 deprecatio
2377 5078 2512 5127 mea,
2551 5081 2571 5115 ι
2610 5061 2966 5129 Symmachus
2994 5074 3119 5113 vero
3155 5077 3176 5110 ι
3208 5059 3365 5116 obse-

1836 5151 2003 5205 cratio
2036 5166 2152 5205 mea
2186 5170 2205 5204 ι
2241 5151 2504 5206 dixerunt.
2537 5151 2649 5202 Duo
2677 5150 2845 5216 igitur
2883 5148 3131 5215 postulat,
3168 5148 3365 5202 intelli-

1834 5240 2066 5307 gentiam
2104 5254 2377 5293 sacrorum
2417 5236 2744 5305 eloquiorum
2791 5243 2846 5288 et
2888 5234 3255 5290 liberationem
3301 5248 3364 5289 at:

1837 5327 2133 5382 libertatem
2163 5330 2229 5382 ab
2255 5327 2408 5396 hujus
2439 5327 2560 5380 vitae
2592 5326 2746 5381 malis
2774 5344 2787 5379 :
2822 5326 2962 5396 quod
2998 5324 3179 5392 utique
3206 5323 3362 5379 nobis

1834 5414 2187 5473 necessarium
2216 5425 2317 5472 est.
