3884 6240
236 386 405 444 {629
1255 385 1557 444 SELECTA
1592 387 1659 440 IN
1690 386 2023 443 PSALMOS.
2063 418 2132 428 —
2164 385 2355 442 PSAL.
2397 388 2581 442 CXIX.
3363 386 3495 443 £630

238 518 473 570 ερον-τες
508 503 611 567 τίς
644 506 674 557 ὁ
700 504 987 575 μακάριος,
1021 504 1112 556 ἐπὶ
1139 503 1213 572 τῷ
1243 505 1364 566 τοὺς
1388 502 1617 565 οἰκείους
1643 504 1848 573 ἀπειλη·

1962 512 2143 571 perata
2177 502 2586 567 domesticorum
2633 502 3008 556 consuetudine
3033 542 3048 566 ,
3082 499 3365 567 decimum,
3404 503 3496 559 ubi

241 592 436 660 φέναι
463 631 481 655 ,
522 595 643 646 καὶ
688 591 825 647 εἶναι
868 596 962 648 σὺν
1006 596 1182 657 αὐτοῖς
1207 613 1219 625 ·
1270 595 1367 664 τὴν
1410 594 1465 645 δὲ
1495 593 1758 662 δεκάτην,
1811 595 1848 644 ei

1968 594 2073 645 alta
2106 605 2235 660 pace
2268 591 2581 645 fruebantur
2608 608 2622 656 ;
2655 593 2866 658 quando
2895 594 3077 646 dicunt
3115 607 3172 647 se
3212 608 3349 661 sche
3376 595 3495 661 qui-

243 681 483 752 βαθείᾳ
522 685 905 753 τυγχάνοντες
954 686 1171 756 εἰρήνῃ,
1196 685 1282 736 ὅτε
1322 685 1451 751 φασὶ
1489 683 1742 745 πολλάκις
1773 683 1848 751 μὲι

1966 682 2084 733 dem
2129 678 2294 733 fuisse
2341 680 2691 746 impugnatos,
2741 687 2796 731 at
2839 696 3106 749 nunquam
3148 684 3214 734 ab
3259 680 3495 737 inimicis

242 769 757 840 πεπλεμῆσθαι,
803 773 1147 841 μηδεπώποτε
1178 773 1233 824 δὲ
1257 769 1569 838 δεδυνῆσθαι
1613 770 1730 821 κατ’
1778 768 1843 820 αὐ

1964 777 2261 837 prostratos
2292 786 2304 832 ;
2343 766 2507 835 819
2548 766 2906 832 undecimum,
2953 769 3164 834 quando
3198 769 3304 836 jam
3337 769 3493 824 rebus

243 857 373 910 τῶν
431 860 587 921 τοὺς
647 860 961 929 πολεμίους’
996 862 1094 930 τὴν
1136 861 1191 911 δὲ
1236 859 1550 927 ἑνδεκάτην,
1608 858 1705 927 ἤδη
1756 859 1848 917 τοῖς

1963 860 2158 914 divinis
2211 866 2466 912 vacantes
2510 872 2691 911 earum
2737 859 2998 923 profunda
3067 860 3430 926 intelligebant
3471 876 3489 926 ;

246 945 441 1007 Θείοις
510 947 881 1015 σχολάζοντες
909 949 1001 999 καὶ
1051 948 1117 1001 τά
1168 947 1303 1015 βάθη
1353 945 1529 997 αὐτῶν
1566 944 1829 1005 συνιέντες

1964 956 2335 1008 duodecimum
2376 952 2657 1014 canebant,
2714 961 2771 1004 ut
2818 951 3039 1003 minime
3087 951 3210 1003 elati
3268 950 3334 1003 iis
3375 963 3493 1007 qua:

248 1036 367 1103 τὴν
396 1035 462 1087 δὲ
486 1035 822 1105 δαδεκάτην
841 1075 854 1097 ,
886 1036 960 1098 ὡς
987 1037 1085 1088 οὐκ
1107 1035 1449 1105 ἐπαιρόμενοι
1481 1035 1571 1085 ἐπὶ
1592 1036 1701 1095 τοῖς
1730 1050 1848 1099 γνω

1961 1052 2322 1110 cognoverant
2353 1061 2366 1106 ;
2404 1044 2668 1095 decimum
2704 1039 2915 1093 tertium
2946 1038 3008 1090 de
3035 1038 3234 1090 Christi
3277 1037 3491 1092 restitu-

251 1124 497 1175 σθεῖσιν
526 1141 542 1152 ι
587 1125 697 1191 τὴν
728 1124 782 1175 δὲ
809 1123 1252 1193 τρισκαιδεκάτην
1271 1161 1285 1186 ,
1329 1123 1455 1192 περ)⁸
1487 1120 1848 1173 ἀποκαταστά-

1969 1132 2113 1184 tione
2138 1146 2152 1193 ;
2190 1132 2449 1184 decimum
2479 1141 2725 1198 quartum
2753 1128 2819 1181 de
2851 1126 3182 1179 restitutione
3208 1126 3489 1184 Ecclesia:

254 1231 413 1275 σεως
457 1214 738 1282 εὔχονται
765 1212 997 1283 Χριστοῦ
1019 1229 1032 1241 ·
1064 1213 1160 1282 τὴν
1179 1214 1235 1265 δὲ
1259 1211 1848 1281 τεσσαρεσκαιδεκάτην,

1962 1222 2190 1288 denique
2218 1220 2479 1273 decimum
2502 1220 2746 1286 quintum
2777 1218 2933 1271 docet
2962 1216 3226 1284 quomodo
3251 1222 3491 1284 oporteat

251 1302 401 1371 περὶ
436 1300 964 1363 ἀποκαταστάσεως
1004 1301 1102 1368 τῆς
1135 1300 1481 1370 Ἐκκλησίας·
1512 1299 1607 1367 τὴν
1639 1298 1694 1350 δὲ
1732 1312 1848 1348 πεν-

1961 1309 2122 1376 ipsos,
2166 1318 2443 1377 postquam
2489 1309 2553 1360 ad
2612 1309 2825 1360 domum
2876 1308 2963 1360 Dei
3023 1305 3391 1373 pervenerint,
3436 1304 3489 1356 in

251 1391 732 1461 τεκαιδεκάτην,
764 1392 887 1460 περὶ
916 1390 1007 1441 τοῦ
1040 1390 1145 1441 δεῖν
1174 1390 1396 1451 αὐτοὺς,
1445 1387 1751 1455 φθάσαντας
1783 1388 1848 1447 είς

1958 1398 2142 1451 eadem
2196 1408 2376 1458 stare,
2441 1405 2496 1449 et
2548 1396 2718 1464 ipsum
2775 1395 3133 1457 benedicere,
3185 1392 3490 1446 attollentes

251 1480 356 1531 τὸν
391 1475 567 1532 οἷκον
607 1480 706 1531 τοῦ
733 1478 863 1531 Θεοῦ
883 1518 896 1541 ,
922 1481 1138 1532 ἑστάναι
1189 1481 1245 1530 ἐν
1276 1476 1421 1544 αὐτῷ
1440 1516 1453 1539 ,
1483 1478 1575 1529 καὶ
1624 1476 1848 1541 εὐλογεῖς

1960 1500 2144 1538 manus
2171 1485 2221 1537 in
2252 1492 2457 1549 sancta,
2485 1494 2542 1537 ut
2572 1492 2619 1538 et
2651 1485 2750 1553 ipsi
2778 1500 2804 1537 a
2834 1483 3052 1538 Domino
3080 1483 3486 1536 benedicuntur.

257 1571 443 1624 αὐτὸν
472 1609 490 1633 ,
538 1571 871 1640 ἐπαίροντας
899 1569 993 1632 τάς
1020 1573 1204 1640 χεῖρας
1244 1571 1322 1630 εἰς
1365 1568 1431 1620 τά
1468 1567 1595 1634 άγια
1615 1607 1629 1632 ,
1655 1567 1738 1618 ἵνα
1767 1565 1860 1618 καὶ

259 1666 436 1718 αὐτοὶ
475 1665 860 1735 εὐλογηθῶσιν
898 1666 1003 1716 ἀπὸ
1033 1665 1255 1734 Κυρίου.

340 1756 520 1821 Πρὸς
586 1756 810 1820 Κύριον
866 1753 934 1804 ἐν
973 1753 1051 1817 τῷ
1102 1753 1403 1805 θλίϐεσθαι
1445 1769 1520 1819 με
1550 1750 1848 1819 ἐκέκραξα,

2028 1752 2185 1804 Vsus.
2216 1752 2264 1804 l.
2307 1752 2384 1803 Ad
2417 1750 2690 1802 Dominum
2725 1767 2838 1802 cum
2867 1750 3146 1803 tribularer
3168 1750 3410 1814 clamavi,
3439 1759 3488 1802 et

261 1843 375 1896 καὶ
394 1812 764 1906 εὶάήκούσέ
790 1858 906 1907 μου
929 1879 943 1901 ,
1066 1857 1113 1891 τ.
1150 1841 1195 1892 ἐ.
1241 1839 1358 1890 Τῶν
1406 1812 1471 1891 δί’
1510 1812 1706 1911 ἀρετὴν

1959 1840 2219 1891 exaudivit
2265 1856 2364 1894 me.
2404 1850 2508 1892 etc.
2548 1838 2646 1901 Qui
2682 1848 2894 1904 propter
2936 1839 3184 1892 virtutem
3229 1847 3282 1890 et
3316 1840 3491 1890 scien-

260 1930 369 1983 καὶ
397 1930 633 1997 γνῶσιν
664 1926 990 1995 θλιϐομένων
1036 1927 1287 1979 ἐπακούει
1318 1926 1447 1988 Θεὸς
1478 1930 1535 1979 ὲν
1581 1930 1645 1997 τῇ
1689 1927 1848 1996 θλίψει

1958 1929 2085 1980 tiam
2124 1929 2463 1996 tribulantnr,
2500 1946 2591 1985 eos
2619 1930 2833 1985 exaudit
2873 1930 3013 1981 Deus
3044 1929 3094 1981 in
3143 1928 3488 1982 tribulatione

262 2020 377 2090 τῆς
443 2015 842 2085 αἰχμαλωσίας
907 2016 998 2068 καὶ
1055 2016 1152 2084 τῆς
1218 2015 1428 2070 ἐκεῖθεν
1480 2017 1848 2079 κακοπαθείας.

1954 2018 2278 2084 captivitatis
2316 2027 2370 2070 et
2396 2035 2575 2073 earum
2620 2034 2737 2089 qua:
2783 2019 2904 2072 inde
2952 2019 3219 2081 oriuntur,
3266 2017 3487 2069 calami-

262 2109 571 2180 Κραυγὴν
603 2107 662 2159 δὲ
688 2108 830 2173 λέγει
857 2106 950 2177 τὴν
969 2108 1219 2160 ἐπάνοδον
1239 2107 1411 2178 ψυχῆς
1431 2109 1522 2161 καὶ
1542 2125 1783 2178 συντετρι
1791 2126 1857 2177 μ-

271 2198 466 2267 μένης
514 2196 622 2247 καὶ
656 2195 1119 2265 τεταπεινωμένης
1152 2196 1282 2265 πρὸς
1328 2196 1418 2249 τὸν
1443 2195 1728 2265 δυνάμενον
1762 2196 1856 2265 ῥύ-

268 2285 494 2357 σασθαοι
514 2323 531 2348 ,
565 2278 641 2353 ἦς
674 2282 871 2344 εὐθέως
903 2284 1164 2335 ὑπακούει
1194 2283 1342 2345 Θεός.

355 2374 552 2439 Κύριε
576 2410 594 2436 ,
623 2371 805 2437 ῥῦσαι
832 2371 942 2438 τὴν
968 2372 1174 2439 ψυχήν
1192 2388 1306 2439 μου
1325 2371 1439 2424 ἀπὸ
1468 2372 1711 2438 χειλέων
1735 2373 1858 2426 ἀδί-

272 2482 406 2518 κων
430 2463 542 2515 καὶ
565 2460 688 2514 ἀπὸ
709 2459 986 2529 γλώσσης
1007 2459 1212 2526 δολίας
1230 2499 1245 2522 ,
1267 2479 1319 2514 κ.
1344 2478 1393 2513 τ.
1417 2463 1463 2512 ἑ.
1488 2460 1727 2528 Συνεχῶς
1748 2460 1857 2514 ἄνω

278 2555 338 2623 (4
353 2554 400 2620 ί)
432 2554 536 2605 καὶ
572 2553 726 2605 κάτω
754 2550 906 2603 τοῦτο
935 2548 1235 2619 παρακαλεῖ
1259 2548 1348 2600 τὸν
1372 2549 1500 2601 Θεὸν
1521 2588 1534 2612 ,
1562 2550 1668 2602 τῶν
1695 2550 1858 2602 τοιού-

275 2659 394 2694 των
419 2639 736 2693 ἐπιϐουλῶν
772 2636 1215 2691 ἀπαλλάττεσθαι.
1258 2637 1318 2687 Ei
1357 2636 1410 2688 δὲ
1443 2639 1566 2699 τοὺς
1612 2637 1856 2708 δολεροὺς

279 2730 365 2781 δεῖ
396 2728 637 2795 φεύγειν
673 2727 764 2778 καὶ
792 2725 1049 2786 ὑπούλους
1068 2764 1082 2788 ,
1118 2724 1292 2793 πολλῷ
1330 2724 1524 2793 μᾶλλον
1553 2727 1675 2788 τοὺς
1717 2728 1856 2778 ἀπα-

278 2816 503 2877 τεῶνας
531 2853 546 2877 ,
577 2816 673 2867 καὶ
709 2814 915 2885 πονηρὰ
944 2813 1183 2882 δόγματα
1216 2813 1469 2875 ἐνιέντας.
1511 2815 1754 2866 Μάλιστα
1795 2816 1848 2867 δὲ

1954 2809 2316 2863 disseminant.
2358 2806 2587 2861 Maxime
2623 2822 2751 2861 vero
2787 2808 2966 2874 iniqua
2999 2806 3190 2859 dixerit
3219 2807 3338 2873 quis
3365 2819 3487 2860 esse

284 2905 456 2958 ἄδικα
489 2903 642 2955 εἴποι
671 2919 753 2962 τις
779 2902 842 2954 ἂν
869 2900 1016 2970 χείλη
1059 2902 1236 2953 ἐκεῖνα
1264 2900 1331 2952 τὰ
1373 2900 1503 2971 περὶ
1525 2901 1618 2971 τὴν
1658 2902 1848 2972 ἀρετὴν

1954 2898 2085 2953 labia
2123 2899 2215 2952 illa
2250 2914 2367 2967 qua:
2412 2899 2594 2952 virtuti
2642 2897 2900 2963 alliciunt,
2956 2910 3176 2966 qumque
3217 2894 3281 2948 ad
3333 2893 3486 2948 mali-

285 2993 638 3061 βλάπτοντα,
663 2990 731 3042 τά
759 2990 892 3058 πρὸς
929 2990 1121 3042 κακίαν
1161 2989 1443 3057 ἐπάγοντα.
1488 2991 1584 3042 Διὰ
1610 2990 1671 3059 δὴ
1699 2991 1848 3043 τοῦτο

1954 2988 2075 3041 tiam
2112 2989 2382 3044 inducunt.
2427 2987 2631 3041 Idcirco
2678 2988 2860 3054 utique
2904 2986 2993 3039 hic
3035 2984 3293 3055 propheta
3322 2988 3483 3038 etiam

285 3081 386 3133 καὶ
406 3081 436 3131 ὁ
461 3080 755 3149 προφήτης
784 3074 934 3141 οὗτος
964 3079 1055 3131 καὶ
1089 3078 1184 3149 τὴν
1212 3079 1386 3149 ψυχὴν
1412 3079 1572 3133 αὐτοῦ
1598 3080 1735 3145 ἀξιοῖ
1758 3083 1848 3150 ῥυ-

1954 3083 2181 3149 postulat
2204 3083 2435 3137 animam
2472 3099 2619 3137 suam
2649 3082 2715 3135 ab
2743 3081 2848 3136 illis
2875 3081 3113 3136 liberari.

288 3170 513 3239 σθῆναι.
1805 3217 1821 3230 ,

364 3258 448 3310 Τὰ
476 3257 648 3321 βέλη
680 3257 785 3309 τοῦ
807 3256 1060 3309 δυνατοῦ
1093 3256 1428 3323 ἠκονημένα
1457 3258 1577 3309 σὺν
1603 3257 1723 3322 τοῖς
1752 3259 1854 3311 ἄν·

1956 2115 2146 2160 tatnm.
2178 2108 2474 2162 Clamorem
2509 2118 2684 2163 autem
2732 2118 2887 2162 vocat
2943 2109 3134 2161 animae
3163 2108 3407 2162 contrita:
3434 2115 3490 2161 et

1955 2196 2243 2249 humiliataa
2291 2197 2519 2250 reditum
2565 2200 2630 2252 ad
2670 2212 2789 2251 eum
2833 2199 2921 2266 qui
2957 2198 3101 2251 solus
3141 2197 3346 2251 salvare
3394 2209 3489 2264 po-

1957 2289 2076 2335 test.
2115 2282 2267 2336 Hunc
2297 2283 2586 2335 clamorem
2616 2280 2897 2335 confestim
2927 2280 3143 2335 exaudit
3170 2280 3330 2333 Deus.

2021 2373 2184 2427 Vsus.
2224 2373 2280 2427 2.
2323 2370 2560 2435 Domine,
2606 2370 2765 2423 libera
2795 2371 3023 2422 animum
3064 2386 3227 2422 meam
3265 2387 3294 2422 a
3330 2368 3486 2422 labiis

1953 2464 2143 2531 iniquis
2172 2471 2219 2514 et
2245 2478 2275 2512 a
2305 2460 2480 2527 lingua
2506 2458 2707 2523 dolosa,
2747 2470 2853 2512 etc.
2888 2457 3117 2510 Assidue
3143 2472 3301 2525 supra
3327 2465 3379 2510 et
3404 2458 3489 2509 in-

1953 2553 2031 2604 fra
2060 2551 2222 2605 Deum
2257 2551 2525 2609 obsecrat,
2561 2555 2618 2600 ut
2661 2549 2726 2600 ab
2772 2546 3065 2601 istiusmodi
3110 2546 3317 2598 insidiis
3358 2545 3489 2598 libe-

1953 2646 2120 2689 retur.
2161 2634 2217 2688 Si
2255 2644 2433 2687 autem
2481 2633 2647 2687 dolosi
2698 2642 2750 2685 et
2800 2632 3005 2685 subdoli
3056 2631 3283 2699 fugiendi
3340 2639 3484 2696 sunt,

1952 2724 2118 2777 multo
2151 2722 2323 2791 magis
2360 2723 2677 2789 impostores
2712 2730 2766 2774 et
2811 2722 2898 2788 qui
2946 2733 3201 2788 perversa
3241 2720 3488 2788 dogmata

2019 3260 2182 3313 Vsus.
2224 3261 2274 3313 Δ.
2317 3260 2535 3329 Sagitta:
2558 3263 2774 3328 potentis
2810 3270 2977 3312 acuta:
3019 3274 3133 3311 cum
3174 3258 3479 3311 carbonibus

288 3345 471 3411 θραξι
515 3343 645 3407 τοῖς
683 3344 1008 3410 ἑρημικοῖς,
1052 3361 1105 3395 κ.
1141 3361 1190 3395 τ.
1225 3346 1271 3396 έ.
1318 3345 1478 3396 Οὐδὲν
1525 3345 1693 3405 οὕτως
1742 3346 1848 3414 (45)

1954 3348 2296 3410 desolatoriis,
2339 3357 2444 3401 etc.
2497 3348 2636 3400 Nihil
2672 3357 2852 3401 contra
2886 3348 3218 3400 adversarius
3258 3347 3486 3400 virtutes

288 3431 531 3502 ἁρμόζει
554 3432 693 3501 πρὸς
716 3432 812 3493 τὰς
836 3433 1202 3500 ἀντικειμένας
1219 3432 1470 3502 δυνάμεις
1489 3472 1502 3496 ,
1530 3433 1603 3496 ὡς
1633 3434 1699 3485 τὰ
1728 3434 1848 3504 βέλη

1954 3437 2168 3504 perinde
2198 3436 2461 3498 convenit,
2491 3450 2552 3487 ac
2584 3435 2775 3488 Chriin
2805 3436 3011 3503 sagittze
3054 3434 3234 3503 ignitis
3264 3432 3481 3502 maligni

289 3522 388 3576 τοῦ
430 3519 676 3591 Χριστοῦ
706 3520 771 3572 τά
801 3521 1140 3589 ἀντικείμενα
1180 3524 1290 3584 τοῖς
1333 3523 1737 3592 πεπυρωμένοις
1770 3524 1848 3592 βέ-

1954 3523 2141 3591 iaculis
2163 3523 2530 3585 adversantes,
2572 3531 2625 3574 et
2667 3522 2924 3575 carbones
2953 3523 3117 3591 ligna,
3156 3521 3359 3587 fenum,
3389 3522 3485 3576 sti-

292 3614 411 3665 λεσι
442 3609 541 3663 τοῦ
571 3608 806 3679 πονηροῦ
832 3649 846 3673 ,
878 3610 970 3662 καὶ
993 3611 1041 3662 οἱ
1063 3609 1323 3679 ἄνθρακες
1352 3612 1400 3662 οἱ
1444 3613 1848 3665 καταναλίσκον-

1954 3612 2125 3679 pulam
2166 3619 2557 3666 consumentes.
2608 3608 2664 3663 Si
2711 3625 2836 3662 vero
2876 3608 3111 3675 jacnlum
3163 3619 3245 3663 est
3288 3611 3482 3664 amoris

294 3716 387 3762 τες
423 3698 559 3762 ξύλα
583 3736 599 3760 ,
632 3697 852 3766 χόρτον,
895 3696 1159 3765 καλάμην.
1202 3698 1264 3749 Εἰ
1292 3698 1348 3748 δέ
1375 3698 1487 3750 ἐστι
1531 3699 1681 3767 βέλος
1721 3701 1848 3767 ἀγά-

1954 3696 2090 3763 inxta
2108 3698 2309 3752 Cantici
2329 3697 2662 3750 canticorum
2691 3711 2937 3765 sponsam
2961 3712 3079 3765 qum
3098 3697 3215 3751 ait:
3245 3715 3263 3746 ι
3287 3698 3483 3751 Amore

296 3804 408 3856 πης
440 3785 583 3838 κατὰ
610 3785 705 3853 τὴν
726 3785 783 3837 ὲν
814 3784 924 3847 τοίς
948 3785 1182 3853 ’ᾼσμασι
1200 3784 1442 3855 νύμφην·
1484 3805 1503 3837 ι
1530 3788 1848 3859 Τετρωμένη

1954 3788 2221 3841 vulnerata
2248 3800 2345 3854 ego
2376 3802 2492 3840 sum
2521 3803 2535 3850 ;
2569 3805 2587 3837 ι
2634 3788 2815 3855 utique
2841 3786 3083 3853 jaculum
3130 3795 3210 3840 est
3237 3786 3479 3853 iustitia},

298 3874 444 3944 γάρ,
486 3873 685 3941 φησιν,
726 3872 909 3944 ἀγάπῃ
952 3871 1087 3939 ἐγώ·
1115 3891 1134 3923 ι
1184 3873 1295 3924 ἐστι
1329 3873 1480 3941 βέλος
1515 3874 1848 3946 δικαιοσύνης

1954 3876 2297 3940 fortitudinis,
2340 3878 2638 3945 prudentia:
2696 3894 2759 3931 ac
2809 3879 3131 3946 reliquarum
3177 3880 3476 3932 virtutum:

300 3962 397 4013 καὶ
423 3959 648 4030 ἀνδρίας
673 3959 764 4011 καὶ
786 3959 1130 4028 σωφροσύνης
1154 3960 1245 4012 καὶ
1266 3960 1371 4012 τῶν
1401 3961 1598 4015 λοιπῶν
1622 3964 1846 4033 ἀρετῶν,

1954 3969 2138 4036 quibus
2161 3967 2354 4036 jaculis
2385 3968 2642 4022 vulnerati
2674 3966 2849 4037 populi
2881 3968 2980 4020 sub
3021 3966 3130 4021 Deo
3158 3969 3374 4022 cadunt.

300 4043 381 4112 οἷς
416 4050 595 4119 βέλεσι
615 4049 1026 4119 τιτρωσκόμενοι
1061 4049 1309 4102 ὑποκάτω
1335 4051 1427 4103 τοῦ
1458 4053 1591 4106 Θεοῦ
1622 4054 1847 4106 πίπτου-

304 4155 389 4191 σιν
413 4141 462 4190 oi
485 4139 627 4191 λαοί.

379 4228 489 4283 Tw
512 4226 715 4279 αὑτοῦ.
754 4225 812 4277 ’0
846 4224 1037 4293 λέγων·
1065 4244 1083 4276 ι
1119 4227 1355 4297 Ἐθηκάς
1394 4247 1458 4299 με
1502 4231 1652 4299 βέλος
1698 4233 1847 4284 ὲκλε-

2015 4228 2283 4296 Ejusdcm.
2342 4227 2440 4293 Qui
2480 4228 2554 4282 ait
2590 4228 2633 4259 ⁸¹
2678 4245 2691 4280 :
2743 4246 2761 4277 ι
2812 4226 3040 4279 Positisti
3095 4239 3178 4279 me
3224 4226 3473 4293 sagittam

306 4313 451 4377 κτὸν,
486 4332 505 4363 ι
539 4309 690 4374 οὗτός
717 4315 860 4365 ἐστιν
884 4314 940 4364 ἐν
967 4314 1172 4376 πολλοῖς
1198 4313 1369 4383 βέλεσι
1404 4316 1551 4385 βέλος
1574 4304 1839 4383 ἐκλεκτὸν,

1954 4317 2188 4379 electam,
2220 4335 2237 4367 ι
2285 4317 2372 4370 hic
2412 4326 2489 4369 est
2522 4317 2571 4367 in
2602 4314 2785 4368 multis
2817 4315 3026 4383 sagittis
3052 4317 3241 4384 sagitta
3283 4314 3470 4379 electa,

309 4404 382 4467 ὥς
414 4406 471 4457 ὲν
506 4403 718 4465 πολλοῖς
761 4405 893 4466 υἱοῖς
933 4404 1022 4456 καὶ
1065 4405 1176 4465 υίὸς
1211 4406 1606 4476 ἐκλελεγμένος.
1635 4410 1747 4460 Οὐκ
1779 4410 1842 4462 ἂν

1954 4411 2083 4461 sicut
2109 4407 2161 4459 in
2198 4407 2381 4461 multis
2412 4407 2536 4459 [iliis
2565 4406 2724 4459 etiam
2752 4414 2834 4458 est
2858 4405 2995 4458 [ilius
3018 4406 3235 4460 electus.
3267 4405 3473 4473 Nequa-

305 4491 362 4544 δὲ
389 4492 632 4562 φαρέτρα
657 4488 725 4560 ἦν
760 4491 831 4560 τῷ
860 4493 975 4562 Θεῷ
1001 4493 1067 4545 δι’
1103 4494 1159 4548 ἒν
1203 4494 1351 4563 βέλος
1369 4536 1383 4559 ,
1415 4498 1541 4567 περὶ
1586 4495 1650 4568 ἧς
1677 4516 1804 4568 φησι
1824 4516 1837 4529 ⁸

1954 4511 2102 4563 quam
2137 4504 2313 4548 autem
2346 4496 2451 4548 Deo
2480 4504 2695 4562 propter
2717 4494 2926 4572 unicum
2961 4494 3196 4561 jaculum
3224 4496 3471 4563 pharetra

314 4597 334 4629 ι
367 4581 475 4632 Καὶ
524 4583 591 4649 τῇ
640 4580 879 4650 φαρέτρα
920 4582 1080 4634 αὑτοῦ
1118 4585 1315 4654 ἔκρυψέ
1351 4604 1435 4655 με.
1471 4606 1489 4637 ι
1528 4587 1706 4639 Πάντα
1752 4587 1843 4641 οῦν

1954 4595 2080 4649 erat,
2117 4585 2184 4652 de
2213 4599 2314 4651 qua
2337 4584 2411 4637 ait
2447 4584 2491 4615 ”
2517 4602 2529 4636 :
2577 4600 2597 4632 ι
2630 4584 2692 4636 Ει
2723 4584 2773 4635 in
2806 4585 3053 4652 pharetra
3080 4598 3172 4637 sua
3200 4585 3475 4639 abscondit

310 4668 376 4721 τά
411 4667 535 4738 βέλη
575 4668 666 4721 τοῦ
692 4669 909 4721 δυνατοῦ
938 4670 1067 4724 Θεοῦ
1099 4674 1429 4743 ἠκονημένα,
1465 4676 1679 4729 ἐναντία
1717 4677 1841 4730 ὄντα

1954 4688 2046 4725 me.
2084 4692 2102 4723 ι
2143 4673 2340 4726 Omnes
2386 4672 2547 4740 igitur
2600 4672 2805 4739 sagittae
2855 4675 3088 4739 potentis
3136 4673 3225 4725 Dei
3281 4682 3473 4734 acutae,

308 4759 416 4820 τοῖς
448 4757 620 4827 βέλεσι
650 4756 743 4810 τοῦ
769 4758 1023 4830 πονηροῦ.

1954 4761 2137 4827 quippe
2165 4775 2283 4828 quae
2310 4769 2435 4814 sunt
2460 4759 2652 4827 jaculis
2682 4759 2897 4828 maligni
2932 4760 3236 4815 contrariae.

374 4870 534 4935 Οιμοι
556 4882 571 4896 ⁸
611 4868 700 4922 ὅτι
744 4869 782 4935 ἠ
822 4871 1094 4937 παροικία
1140 4888 1257 4940 μου
1294 4874 1622 4941 ἐμακρωθη
1647 4913 1662 4938 ,
1702 4891 1840 4928 κατ-

311 4954 618 5019 εσκήνωσα
639 4956 788 5024 μετὰ
812 4955 929 5009 τῶν
955 4957 1350 5024 σκηνωμάτων
1385 4959 1603 5025 Κηδὰρ,
1634 4977 1685 5012 κ.
1706 4968 1763 5012 ’τ.
1787 4963 1834 5013 ὲ.

315 5041 430 5095 Οὐκ
450 5042 559 5095 ἔστι
585 5044 693 5114 (46)
718 5044 810 5096 τοῦ
841 5032 1002 5096 αὐτοῦ
1039 5043 1211 5110 λέγειν
1230 5062 1243 5075 -
1279 5063 1298 5095 ι
1324 5047 1414 5117 Μὴ
1456 5048 1732 5119 ἀναγάγῃς
1774 5065 1840 5116 με

317 5125 372 5178 ὲν
426 5129 604 5197 ἡμίσει
645 5129 863 5201 ἡμερῶν
894 5146 1030 5200 μου·
1071 5148 1089 5181 ι
1135 5133 1226 5183 καὶ
1266 5132 1351 5183 τόο
1407 5152 1425 5182 ι
1468 5134 1659 5201 Οῐμοι,
1700 5135 1843 5204 ὅτιή

316 5218 558 5284 παροικία
586 5236 685 5288 μου
718 5220 1047 5290 ὲμακρύνθη.
1086 5238 1105 5269 ι
1142 5221 1214 5273 Ἢ
1236 5221 1372 5288 τάχα
1390 5222 1597 5291 ἡμέρας
1619 5225 1733 5276 ἐκεῖ
1751 5223 1841 5276 λέ-

316 5316 397 5369 γει
438 5304 501 5367 ἃς
538 5309 567 5359 ό
605 5309 765 5377 φόϐος
827 5309 918 5361 τοῦ
970 5308 1171 5378 Κυρίου
1214 5307 1352 5360 κατά
1401 5310 1490 5361 τὸν
1531 5311 1842 5382 Σολομῶντα

383 5434 425 5465 ⁸¹
448 5435 560 5491 lsai.
597 5454 741 5502 xux,
770 5438 826 5497 2.
896 5439 941 5472 ”
966 5439 1093 5494 ibid.
1168 5438 1213 5470 ⁸³
1239 5437 1375 5493 Psal.
1400 5451 1472 5503 cr,
1496 5439 1591 5496 25.

407 5564 488 5639 ᾂᾷ)
530 5568 647 5622 τῶν
677 5570 749 5639 δι’
776 5572 1009 5639 ἀρετήν,
1041 5583 1142 5628 etc.
1171 5573 1390 5627 Schedre
1419 5576 1621 5634 Grabii.

410 5634 487 5697 44)
518 5638 785 5705 Συνεχῶς
808 5634 945 5707 ἄνω,
975 5634 1077 5697 etc.
1108 5645 1302 5699 Catena
1334 5642 1596 5700 Corderii.

1923 4857 1934 4868 ’
2009 4871 2170 4925 Vnus.
2207 4871 2259 4924 5.
2305 4870 2419 4923 Heu
2445 4871 2608 4924 mihi!
2635 4873 2756 4940 quia
2800 4868 3055 4924 incolatus
3084 4884 3222 4920 metu
3260 4866 3471 4930 prolon-

1935 4970 2085 5028 gatus
2129 4970 2226 5024 est,
2272 4962 2498 5015 habitari
2545 4978 2661 5014 cum
2713 4961 3063 5014 habitantibus
3120 4956 3316 5018 ϐοόων,
3362 4963 3469 5011 etc.

1936 5049 2048 5104 Non
2082 5050 2316 5118 ejusdem
2353 5060 2437 5104 est
2472 5052 2676 5106 dicere:
2707 5070 2726 5101 ι
2758 5048 2833 5101 Ne
2860 5061 3078 5100 revoces
3109 5058 3193 5099 me
3219 5044 3270 5096 in
3309 5044 3469 5095 dimi-

1934 5139 2022 5193 dio
2043 5139 2248 5192 dierum
2272 5152 2509 5193 meorum
2527 5139 2595 5202 ⁸³,
2630 5157 2648 5189 ι
2680 5145 2732 5188 et
2762 5135 2887 5188 illud
2921 5153 2934 5188 :
2971 5154 2988 5183 ι
3018 5132 3127 5186 Heu
3151 5132 3281 5184 mihi
3307 5132 3319 5183 ι
3343 5132 3468 5197 quia

1934 5228 2198 5283 incolatus
2222 5244 2372 5283 meus
2405 5229 2748 5296 prolongatus
2787 5233 2886 5279 est.
2927 5243 2944 5274 ι
2987 5224 3078 5277 Vel
3124 5221 3262 5275 forte
3303 5222 3468 5291 820

1932 5316 2048 5373 dies
2075 5318 2187 5374 illic
2206 5318 2356 5384 dicit,
2380 5330 2513 5386 quas
2534 5317 2692 5368 timor
2716 5312 2926 5368 Domini
2951 5312 3099 5379 juxta
3125 5312 3463 5367 Salomonem

2004 5582 2113 5640 (45)
2137 5577 2323 5634 Οὐδὲν
2348 5577 2548 5640 οὕτως,
2579 5586 2679 5630 etc.
2717 5576 2934 5633 Sebeda‘
2961 5576 3166 5633 Grabii.

2004 5643 2256 5712 (46)01‘m
2291 5646 2438 5710 ἔστι,
2459 5656 2563 5698 ctc.
2600 5643 2830 5700 Eaedem.
