3884 6272
3594 0 3759 39 νει-..ε

1768 13 3579 45 W-

215 264 354 318 [035
1109 258 1420 321 SELECTA
1455 264 1521 320 IN
1561 263 1891 322 PSALMOS.
1930 298 2000 309 -—
2030 269 2223 328 PSAL.
2258 274 2464 330 CXXII.
3271 280 3401 334 1654

211 398 231 431 ι
274 379 658 450 Διεμερίσαντο
687 380 752 433 τὰ
776 377 961 450 ἱμάτιά
996 393 1094 448 μου
1116 379 1359 446 ἑαυτοῖς·
1402 401 1422 434 ι
1455 383 1547 437 καὶ
1581 381 1638 437 ὲν
1657 383 1732 455 τῷ

1858 384 1941 441 his
1960 387 2044 439 ⁸⁷2
2085 405 2104 438 t
2138 388 2437 443 Diviserunt
2463 388 2564 443 sibi
2595 388 2912 443 vestimenta
2946 393 3098 450 mea;
3137 403 3158 438 ι
3192 387 3313 445 item
3349 391 3384 442 it

210 487 232 520 ι
267 468 515 521 Ἕδωκαν
544 470 622 531 είς
642 469 702 520 τὸ
730 468 923 539 βρῶμά
957 484 1057 538 μου
1084 468 1266 539 χολήν.
1302 490 1320 522 ι

1861 470 1968 527 illis
1994 473 2061 538 ⁸⁸,
2101 490 2119 523 ι
2152 474 2422 529 Dederunt
2452 476 2504 528 in
2532 490 2709 529 escam
2742 489 2913 528 meam
2944 470 3043 526 fel.
3083 488 3102 517 ι

291 558 675 626 Ἰερουσαλίυι
691 556 1147 626 οἰκοδομουμένη
1169 559 1247 624 ὡς
1267 560 1460 626 πόλις,
1474 557 1548 630 ἧς
1570 562 1608 628 ἠ
1630 576 1736 629 μετ

1927 561 2091 617 Vens.
2136 562 2190 614 5.
2227 562 2517 615 Jerusalem
2565 579 2678 631 qua:
2725 562 3025 629 adiﬁcatur
3072 569 3127 612 ut
3177 563 3384 624 civitas,

204 646 322 712 οχὴ
354 646 546 712 αὐτῆς
569 647 665 699 ἐπὶ
695 647 758 698 τὸ
788 647 953 709 αὐτὸ,
998 664 1051 698 κ.
1081 663 1131 699 τ.
1168 650 1212 699 ὲ.
1252 650 1410 701 Ὅταν
1439 653 1472 719 ή
1504 649 1608 702 τῶν
1645 650 1733 718 (54

1862 652 2013 720 cujus
2037 651 2369 719 participalio
2403 650 2513 719 ejus
2544 650 2598 702 in
2622 650 2865 717 idipsunt,
2896 657 3001 704 etc.
3036 645 3258 712 Quando
3279 664 3388 702 cre-

202 735 570 788 πιστευόντων
588 734 780 803 καρδία
801 735 1056 805 καὶψυχὴ
1084 739 1179 804 μία
1197 733 1252 807 ᾗ,
1273 738 1365 790 καὶ
1387 738 1444 790 τὸ
1473 737 1600 789 αὐτὸ
1620 737 1736 808 ύπὲί

1859 737 2097 791 dentium
2120 745 2201 791 est
2224 751 2318 791 cor
2345 751 2506 789 unum
2529 742 2578 789 et
2608 735 2781 788 anima
2806 751 2930 799 una,
2954 744 3008 789 et
3031 739 3268 791 eamdem
3293 750 3387 804 pro

200 821 447 892 ἀλλήλων
476 823 775 894 μεριμνῶσι
807 824 872 875 τὰ
913 824 1068 893 μέλη,
1108 824 1455 895 Ἰερουσαλήμ
1490 827 1626 889 είσι,
1663 825 1736 880 κα

1858 837 1917 877 se
1969 824 2195 876 invicem
2245 823 2478 876 membra
2529 823 2938 878 sollicitudinem
2988 825 3205 888 habent,
3262 834 3386 877 tunc

198 910 277 973 ὡς
298 912 474 978 πόλις,
496 907 563 982 ἦς
585 915 617 981 ἠ
648 913 844 982 μετοχὴ
868 912 1034 981 αὐτῆς
1053 913 1143 964 ἐπὶ
1164 913 1222 965 τὸ
1245 913 1393 966 αὐτό.

1857 919 1984 962 sunt
2008 907 2322 972 Jerusalem,
2352 916 2407 963 et
2434 911 2586 978 quasi
2613 911 2825 974 civitas,
2856 911 3007 977 cujus
3040 910 3383 979 participatio

1855 999 1967 1069 ejus
1995 999 2045 1051 in
2074 999 2324 1067 idipsum.

279 1079 437 1131 Ἐκεῖ
457 1081 568 1147 γὰρ
595 1080 896 1147 ἀνέϐησαν
921 1084 981 1134 al
1008 1083 1213 1149 φυλαὶ,
1256 1100 1308 1135 κ.
1346 1099 1395 1135 τ.
1443 1084 1489 1135 ἐ.
1539 1083 1736 1153 Προφη-

1927 1087 2086 1151 Vsas.
2124 1087 2178 1141 4.
2218 1085 2353 1141 Illuc
2372 1087 2508 1139 enim
2532 1088 2871 1140 ascenderunt
2898 1088 3082 1152 tribus,
3115 1096 3220 1142 etc.
3248 1085 3383 1142 Pro-

194 1167 346 1219 τεύει
405 1169 519 1238 (55)
553 1169 643 1220 ἐπὶ
671 1169 775 1221 τῶν
806 1170 1108 1238 μελλουσῶν
1140 1172 1315 1238 φυλῶν
1339 1171 1639 1224 ἀναϐαίνειν
1660 1172 1736 1222 επ)

1852 1169 2040 1237 pltetat
2073 1170 2138 1223 de
2169 1171 2429 1234 tribubus,
2458 1186 2573 1237 quae
2598 1186 2898 1226 ascensum
2924 1183 3079 1226 erant
3106 1173 3174 1227 ad
3210 1174 3378 1227 virtu-

193 1258 297 1327 τὴν
323 1258 528 1327 ἀρετὴν
555 1259 646 1311 καὶ
669 1258 863 1326 γνῶσιν
886 1260 977 1311 τοῦ
1001 1260 1132 1312 Θεοῦ
1149 1276 1161 1289 °
1188 1262 1357 1312 πᾶσαι
1380 1259 1486 1330 γὰρ
1513 1262 1567 1311 αἱ
1592 1259 1736 1326 φυλαῖ

1855 1265 1958 1309 tem
1990 1266 2046 1310 et
2074 1259 2431 1326 cognitionem
2478 1259 2592 1314 Dei.
2640 1259 2837 1314 Omnes
2888 1263 3026 1316 enim
3062 1262 3231 1317 tribus
3272 1265 3382 1318 vir-

193 1348 530 1415 τετυχήκασι
555 1348 652 1414 τῆς
680 1348 877 1417 ἀρετῆς
914 1349 1006 1400 καὶ
1030 1349 1126 1417 τῆς
1147 1348 1395 1415 γνώσεως
1424 1346 1514 1400 τοῦ
1540 1348 1690 1416 Θεοῦ.

1856 1346 1982 1401 tutis
2011 1355 2066 1400 et
2095 1348 2415 1414 cognitionis
2448 1348 2535 1401 Dei
2571 1351 2857 1418 participes
2879 1351 3034 1404 facta:
3059 1361 3204 1406 sunt.

266 1435 395 1485 Ὅτι
426 1435 549 1487 ἐκεῖ
565 1433 846 1486 ἐκάθισαν
873 1436 1088 1501 θρόνοι,
1115 1453 1167 1487 κ.
1191 1452 1241 1488 τ.
1270 1438 1315 1488 ἑ.
1345 1435 1476 1504 Περὶ
1498 1435 1602 1487 τῶν
1624 1434 1736 1505 θρό-

1923 1434 2079 1490 Vatts.
2121 1435 2173 1489 5.
2218 1438 2353 1500 Quia
2384 1437 2491 1489 illic
2520 1438 2760 1491 sederunt
2789 1441 2953 1504 sedes,
2979 1449 3085 1495 etc.
3127 1441 3200 1495 De
3232 1440 3381 1496 hisce

190 1539 301 1575 νων
327 1523 443 1591 (56)
479 1523 678 1575 τούτων
715 1522 806 1574 καὶ
843 1523 899 1573 ὲν
931 1522 1007 1591 τῷ
1045 1523 1355 1591 Εύαγγελίῳ
1406 1523 1615 1591 εἴρηται
1650 1524 1736 1576 τό·

1848 1524 2060 1578 sedibus
2091 1524 2251 1578 etiam
2287 1525 2338 1577 in
2373 1525 2654 1593 Evangelia
2679 1525 3067 1582 “‘dictum'est
3100 1544 3115 1583 :
3157 1546 3176 1579 t
3213 1529 3379 1585 Sede-

196 1629 216 1662 e
252 1611 580 1681 Καθήσεσθε
602 1612 692 1663 ἐπὶ
719 1612 933 1681 θρόνους
960 1610 1183 1674 δώδεκα,
1222 1612 1491 1681 κρίνοντες
1530 1612 1624 1674 τὰς
1647 1611 1736 1665 δώ-

1847 1612 1974 1665 bitis
2023 1627 2183 1680 super
2223 1613 2378 1667 sedes
2421 1613 2718 1679 duodecim,
2755 1613 3057 1681 iudicantes
3095 1616 3377 1671 duodecim

186 1698 326 1750 δεκα
369 1699 543 1766 φυλὰς
572 1698 663 1750 τοῦ
708 1700 936 1769 Ἰσραήλ.
971 1718 991 1750 s
1028 1700 1159 1769 Περὶ
1192 1699 1299 1751 τῶν
1335 1700 1391 1750 ἐν
1432 1702 1496 1769 τῇ
1556 1700 1736 1769 Ἰερου-

1854 1702 2021 1754 tribus
2055 1700 2239 1754 Israel.
2270 1720 2289 1751 ι
2332 1701 2407 1754 De
2438 1700 2506 1754 iis
2527 1716 2647 1769 qua;
2671 1703 3017 1772 Jerosolymis
3045 1713 3200 1758 erant
3230 1706 3375 1759 sedi-

190 1786 385 1856 σαλὴμ
414 1786 616 1856 Θρόνων
645 1788 674 1837 ὁ
716 1787 978 1855 Ἱερεμίας
1002 1786 1169 1849 οὕτως
1204 1788 1367 1855 φησί’
1414 1804 1434 1838 ι
1479 1789 1585 1842 Καὶ
1626 1786 1736 1842 εἷπε

1848 1789 1949 1842 bus
1973 1787 2227 1843 Ieremias
2250 1789 2328 1843 sic
2355 1789 2429 1842 ait
2454 1788 2532 1842 "2
2564 1806 2583 1838 ι
2615 1789 2681 1843 Et
2716 1791 2849 1844 dixit
2875 1792 3125 1845 Dominus
3151 1792 3218 1845 ad
3245 1807 3331 1847 me
3359 1812 3373 1847 :

185 1874 406 1946 Κύριος
435 1875 570 1945 πρὸς
613 1875 707 1943 μέ·
757 1874 884 1926 Ἀπὸ
910 1874 1192 1943 προσώπου
1218 1875 1309 1928 τοῦ
1341 1875 1518 1946 saepe
1551 1879 1746 1930 ἐκκαυ-

185 1963 427 2034 Θήσεται
458 1964 527 2016 τὰ
558 1964 700 2016 κακὰ
725 1964 814 2016 ἐπὶ
835 1965 1037 2027 πάντας
1064 1966 1189 2029 τοὺς
1235 1966 1610 2030 κατοικοῦντας
1649 1967 1746 2037 τὴν

182 2054 320 2123 γῆν·
359 2054 499 2106 διότι
533 2054 638 2106 ίδοὺ
670 2052 777 2120 ἐγὼ
801 2052 945 2105 καλῶ
992 2056 1165 2117 πάσας
1202 2056 1300 2119 τὰς
1336 2056 1603 2124 βασιλείας
1641 2057 1746 2110 ἀπὸ

181 2143 403 2214 Eappa,
426 2143 572 2209 λέγει
602 2143 831 2212 Κύριος
865 2144 957 2196 καὶ
988 2145 1194 2213 ἥξουσι,
1223 2146 1316 2197 καὶ
1344 2145 1591 2215 θήσουσιν
1624 2146 1748 2199 ἐκα-

182 2249 313 2295 στος
358 2232 456 2284 τὸν
488 2230 671 2302 θρόνον
720 2231 881 2283 αὑτοῦ
930 2234 1020 2284 ἐπὶ
1045 2232 1110 2285 τὰ
1143 2233 1385 2304 πρόθυρα
1419 2236 1527 2287 τῶν
1569 2236 1750 2289 πυλῶν

190 2318 583 2390 Ἰερουσαλὴμ,
618 2320 707 2371 καὶ
731 2320 821 2371 ἐπὶ
857 2319 1029 2372 πάντα
1058 2320 1125 2372 τὰ
1151 2321 1302 2390 τείχη
1341 2322 1409 2374 τὰ
1444 2323 1622 2391 κύκλῳ
1652 2323 1748 2375 αὑ-

178 2410 304 2479 τῆς,
343 2407 444 2461 καὶ
470 2408 560 2458 ἐπὶ
587 2408 760 2469 πάσας
784 2407 881 2469 τὰς
918 2408 1097 2470 πόλεις
1156 2408 1345 2465 Ἰούδα.
1390 2411 1499 2462 Καὶ
1536 2410 1745 2481 λαλήσω

183 2497 330 2569 μετὰ
369 2496 602 2567 κρίσεως
635 2497 768 2567 πρὸς
796 2497 987 2559 αὐτοὺς
1033 2497 1156 2566 περὶ
1193 2499 1369 2567 πάσης
1411 2499 1510 2567 τῆς
1549 2496 1741 2563 κακίας

181 2588 397 2649 αὐτῶν,
428 2583 496 2656 ἧς
529 2584 873 2652 ἐγκατέλιπον
906 2601 994 2654 με,
1029 2585 1120 2637 καὶ
1160 2583 1353 2637 ἔθυσαν
1400 2585 1538 2649 θεοῖς
1586 2587 1738 2639 ἀλλο-

179 2680 385 2747 τρίοις,
426 2678 520 2729 καὶ
560 2675 963 2746 προσεκύνησαν
1007 2677 1117 2738 τοῖς
1165 2674 1342 2744 ἔργοις
1391 2675 1495 2728 τῶν
1546 2677 1738 2748 χειρῶν

180 2764 395 2817 αὐτῶν.
429 2781 451 2814 ι

712 2936 996 2988 ΨᾹΛΜΟΣ
1050 2933 1218 2988 ΡΚΒ’.

247 3027 418 3096 Πρὸς
449 3024 522 3078 σὲ
548 3021 660 3093 ἦρα
682 3024 819 3089 τοὺς
846 3024 1184 3091 ὀφθαλμούς
1212 3039 1361 3090 μου,
1402 3022 1508 3076 τὸν
1542 3041 1736 3080 κατοι-

177 3117 416 3173 κοῦντα
442 3115 510 3167 ἐν
528 3112 607 3177 τῷ
635 3112 882 3180 οὐρανῷ,
912 3130 964 3168 κ.
993 3130 1041 3167 τ.
1077 3114 1123 3164 ὲ.
1161 3113 1217 3164 '0
1241 3113 1371 3175 Θεὸς
1397 3114 1505 3184 (57)
1538 3118 1596 3169 ὲν
1638 3117 1736 3185 μὲν

175 3211 289 3271 τοῖς
336 3206 669 3274 σωματικοῖς
691 3205 933 3273 οὐρανοῖς
953 3204 1026 3264 ὡς
1047 3203 1368 3273 δημιουργὸς
1394 3209 1633 3258 κατοικεῖ
1651 3207 1737 3259 διὰ

176 3296 274 3366 τῆς
304 3290 690 3346 πολυποικίλου
725 3290 910 3357 σοφίας
926 3289 1085 3340 αὑτοῦ
1110 3306 1123 3318 ·
1152 3292 1209 3342 ὲν
1229 3290 1285 3341 δὲ
1311 3293 1419 3354 τοῖς
1434 3294 1639 3360 νοητοῖς
1661 3293 1735 3356 ὥς

177 3382 526 3446 δικαιοσύνη,
561 3378 653 3429 καὶ
692 3377 907 3444 γνώσει,
939 3378 1029 3429 καὶ
1053 3377 1229 3446 σοφία.

259 3470 417 3526 Ἰδοὺ
447 3469 525 3531 ὡς
545 3465 831 3533 ὀφθαλμοὶ
870 3464 1100 3517 δούλων
1127 3468 1215 3530 εἰς
1235 3466 1434 3532 χεῖρας
1484 3465 1596 3518 τῶν
1633 3484 1735 3520 κυ-

168 3565 323 3632 ρίων
348 3556 570 3619 αὐτῶν,
616 3557 695 3619 ὡς
726 3554 1009 3621 ὀφθαλμοὶ
1051 3553 1368 3620 παιδίσκης
1417 3557 1502 3619 εὶς
1539 3555 1735 3622 κεῷας

173 3650 288 3716 τῆς
312 3646 532 3712 κυρίας
557 3641 770 3707 αὐτῆς,
801 3641 982 3704 οὕτως
1004 3643 1055 3693 οὶ
1075 3641 1363 3709 ὀφθαλμοὶ
1394 3640 1559 3709 ἡμῶν
1588 3643 1734 3709 πρὸς

176 3740 410 3805 Κύριον
435 3733 581 3786 Θεὸν
616 3731 801 3798 ἡμῶν,
827 3729 935 3794 ἕως
963 3725 1035 3783 οὗ
1067 3728 1426 3796 οὶκτειρήσαι
1454 3728 1605 3797 ἡμᾶς
1626 3769 1641 3793 ,
1675 3748 1729 3784 κ.

174 3843 226 3879 τ.
265 3827 313 3878 ἑ.
357 3821 548 3875 Δοῦλοι
588 3819 786 3884 κυρίων
813 3819 920 3889 (58)
970 3818 1175 3888 Πατρὸς
1217 3820 1309 3871 καὶ
1348 3819 1475 3871 Υἱοῦ
1524 3820 1734 3890 πνεῦμα

174 3915 274 3968 καὶ
305 3911 473 3980 σῶμα
492 3925 505 3939 ο
538 3907 793 3976 παιδίσκη
816 3906 873 3959 δὲ
905 3908 1097 3976 κυρίας
1123 3907 1214 3959 τού
1248 3908 1399 3975 ἁγίου
1426 3908 1561 3959 Πνεύ
1570 3924 1733 3977 ματος

174 4008 208 4074 ἢ
241 4003 418 4072 φλιή-
456 3997 537 4049 Τά
564 3997 621 4049 δὲ
651 3996 774 4067 τρια
814 3995 1063 4066 Κύριοςὸ
1094 3996 1223 4059 Θεὸς
1264 3995 1418 4065 ήμῶν
1464 4000 1639 4048 ἐστιν·
1683 3999 1730 4049 οἱ

177 4093 289 4163 γὰρ
314 4090 467 4159 τρεῖς
503 4086 564 4138 τὸ
607 4085 664 4137 ἕν
701 4086 853 4136 εἰσιν.
906 4083 1194 4152 Ὀφθαλμοὶ
1243 4084 1371 4152 γοῦν
1410 4085 1604 4137 δούλων
1654 4087 1731 4148 είς

174 4184 370 4252 χεῖρας
413 4175 613 4246 κυρίων
632 4173 877 4244 ὁρῶντες,
898 4174 983 4224 ὅτε
1011 4172 1095 4224 διὰ
1121 4173 1313 4242 χειρῶν
1360 4173 1597 4234 νεύοντες
1637 4189 1730 4225 κε-

174 4240 499 4324 λεύσουσιν.-
519 4267 586 4316 Ἢ
617 4240 792 4334 χεῖρες
819 4262 1017 4332 κυρίων
1050 4263 1146 4330 μὲν
1171 4240 1380 4332 Πατρὸς
1410 4264 1500 4315 καὶ
1528 4262 1653 4315 Υἱοῦ
1681 4264 1727 4314 οἱ
1759 4240 1802 4294 D

176 4359 443 4429 ἑκατέρου
489 4355 735 4422 ἄγγελον
780 4353 972 4422 κυρίας
1002 4352 1057 4405 δὲ
1086 4351 1178 4405 τοῦ
1225 4352 1377 4419 ἁγίου
1422 4352 1729 4421 Πνεύματος

175 4453 231 4502 at
259 4451 462 4501 οἰκεῖαι
480 4443 641 4497 αὑτοῦ
674 4444 942 4513 δυνάμεις.

254 4538 372 4591 Τοῦ
400 4532 607 4589 αὐτοῦ.
641 4532 758 4584 Τῶν
786 4532 880 4599 μὲν
901 4532 1127 4600 ἐχόντων
1150 4529 1259 4601 (59)
1287 4529 1346 4582 τὸ
1367 4528 1576 4598 πνεῦμα
1629 4530 1727 4599 τῆς

172 4626 424 4687 δουλείας
477 4623 556 4683 είς
595 4619 775 4688 φόὸον,
800 4620 849 4670 οἱ
877 4619 1137 4687 ὀφθαλμοὶ
1177 4620 1255 4681 είς
1303 4622 1489 4689 χεῖρας
1526 4617 1726 4687 κυρίων

174 4717 274 4768 καὶ
310 4716 390 4775 είς
416 4712 604 4781 χεῖρας
631 4708 822 4777 κυρίας
841 4721 855 4737 ο
885 4707 976 4760 τοῦ
1005 4708 1062 4760 δὲ
1082 4707 1143 4759 τὸ
1180 4706 1392 4776 πνεῦμα
1423 4708 1520 4778 τῆς
1557 4705 1728 4758 υίοοε-

176 4808 305 4868 σίας
324 4806 558 4874 ἔχοντος,
585 4799 719 4868 πρὸς
748 4797 945 4868 Κύριον
974 4797 1064 4849 τὸν
1093 4796 1242 4850 Θεόν.

253 4983 377 5033 ’Ότι
405 4976 504 5030 ἐπὶ
523 4973 678 5027 πολὺ
706 4971 1089 5037 ὲπλήσθημεν
1107 4967 1564 5033 ἑξουδενώσεως,
1587 4983 1640 5019 κ.
1671 4983 1720 5017 τ.

1809 1877 1887 1929 ’Δ
1932 1877 2069 1930 facie
2100 1877 2376 1945 Aquilonis
2424 1879 2774 1933 exardescent
2809 1880 2945 1932 mala
2987 1894 3149 1947 super
3187 1893 3374 1934 omnes

1848 1964 2179 2020 habitatores
2207 1974 2363 2019 terrae
2404 1983 2418 2019 :
2452 1967 2574 2034 quia
2607 1982 2732 2022 ecce
2775 1981 2874 2036 ego
2917 1982 3153 2022 convoco
3194 1969 3372 2025 omnia

1849 2067 2010 2124 regna
2044 2063 2201 2108 terra:
2233 2054 2300 2107 ab
2323 2054 2604 2121 Aquilone,
2637 2056 2713 2110 ait
2743 2055 3017 2110 Dominus.
3047 2054 3111 2108 Et
3137 2055 3371 2121 venient,

1847 2152 1902 2197 et
1929 2152 2126 2212 ponent
2152 2142 2519 2211 unusquisque
2570 2144 2759 2197 solium
2811 2158 2964 2198 suum
3014 2157 3174 2212 super
3212 2144 3373 2199 vesti-

1847 2234 1969 2287 hu’la
2012 2240 2284 2300 portarum
2321 2230 2639 2299 Jerusalem,
2681 2242 2734 2288 et
2766 2248 2929 2303 super
2968 2248 3152 2289 omnes
3189 2248 3371 2292 muros

1842 2324 1931 2391 qui
1988 2324 2039 2376 in
2095 2323 2321 2376 circuitu
2365 2323 2501 2391 ejus,
2559 2331 2615 2377 et
2670 2338 2831 2392 super
2881 2324 3159 2380 universas
3211 2325 3373 2379 nrbes

1841 2411 2008 2464 Iudae.
2057 2411 2123 2465 Et
2155 2411 2343 2479 loquar
2372 2413 2435 2462 ad
2465 2425 2557 2464 eos
2595 2426 2716 2465 cum
2742 2413 2942 2479 judicio
2977 2414 3040 2466 de
3068 2414 3213 2466 omni
3260 2429 3372 2466 ma-

1841 2499 1958 2553 litia
1988 2513 2203 2563 eorum,
2232 2500 2492 2567 quomodo
2523 2500 2922 2568 dereliquerunt
2956 2516 3060 2567 me,
3088 2510 3141 2556 et
3170 2502 3369 2557 sacriﬁ-

1841 2597 2101 2642 caverunt
2126 2588 2231 2642 diis
2254 2588 2467 2653 alienis,
2491 2597 2544 2643 et
2559 2588 2913 2643 adoraverunt
2928 2604 3094 2646 ‘ooera
3117 2604 3365 2644 manuum

1840 2690 2077 2730 suarum.
2093 2705 2114 2740 ,

2318 2928 2632 2983 PSALMUS
2683 2929 2888 2984 CXXII.

1903 3033 2064 3085 Vens.
2107 3030 2156 3082 Ι.
2203 3029 2279 3081 Ad
2307 3036 2355 3082 te
2384 3029 2545 3082 levari
2572 3024 2747 3079 oculos
2774 3039 2935 3090 meos,
2975 3024 3056 3082 uti
3077 3025 3279 3077 habitas
3307 3026 3366 3078 in

1834 3122 1995 3183 ctelis,
2033 3129 2137 3173 etc.
2165 3119 2306 3171 Deus
2336 3118 2386 3170 in
2410 3117 2682 3186 corporeis
2707 3115 2859 3170 caelis
2885 3114 3089 3167 habitat
3116 3124 3363 3182 tanquam

1832 3206 2008 3274 opifex
2045 3220 2142 3272 per
2177 3203 2520 3270 multiplicem
2567 3218 2717 3256 suam
2762 3201 3077 3268 sapientiam
3111 3217 3125 3264 ;
3168 3203 3364 3270 inspi-

1835 3295 2079 3348 ritalibus
2119 3307 2244 3346 vero
2274 3292 2755 3360 tauquamjustitia
2795 3303 2891 3358 per
2912 3288 3263 3353 cognitionem
3307 3297 3364 3343 et

1833 3379 2175 3448 sapientiam.

1908 3470 2062 3523 Vens.
2101 3467 2156 3519 2.
2197 3463 2330 3517 Ecce
2367 3464 2496 3516 sicut
2543 3463 2682 3517 oculi
2723 3478 2980 3516 servorum
3032 3465 3087 3516 in
3126 3463 3362 3515 manibus

1830 3556 2159 3608 dominorum
2186 3566 2398 3605 suorum
2421 3566 2441 3614 ;
2471 3552 2601 3602 sicut
2638 3551 2776 3602 oculi
2803 3551 3008 3603 ancilla:
3035 3553 3094 3602 in
3122 3551 3363 3604 manibus

1831 3645 2056 3696 domina:
2077 3657 2186 3695 sua:
2226 3656 2244 3692 :
2285 3641 2362 3691 ita
2390 3639 2527 3690 oculi
2566 3639 2729 3691 nostri
2774 3639 2841 3690 ad
2882 3637 3157 3691 Dominum
3199 3638 3363 3694 Deum

1832 3744 2084 3793 nostrum,
2130 3731 2292 3782 donec
2319 3729 2633 3779 misereatur
2661 3729 2842 3789 nostri,
2867 3735 2972 3780 etc.
3009 3726 3156 3780 Servi
3189 3728 3363 3782 domia

1833 3836 2019 3874 norum
2049 3818 2223 3872 Patris
2247 3827 2300 3870 et
2330 3816 2446 3869 Filii
2491 3825 2613 3867 sunt
2658 3815 2880 3883 spiritus
2905 3824 2958 3869 et
2996 3829 3191 3883 corpus
3218 3832 3236 3880 ;
3266 3830 3363 3869 an-

1829 3910 1949 3960 cilla
1982 3922 2105 3959 vero
2136 3905 2362 3958 domina:
2401 3902 2630 3970 Spiritus
2678 3904 2846 3955 sancti
2890 3911 2973 3956 est
3010 3905 3207 3955 anima.
3239 3902 3363 3959 Haec

1830 4005 2001 4048 autem
2030 3997 2128 4047 tria
2162 3992 2412 4046 Dominus
2446 3992 2583 4044 Deus
2608 3999 2785 4043 uoster
2812 4000 2916 4052 est,
2944 3991 3204 4058 siquidem
3249 4000 3359 4046 tres

1831 4099 1988 4136 unum
2017 4090 2157 4135 sunt.
2188 4081 2336 4136 Oculi
2369 4081 2530 4147 igitur
2566 4092 2843 4131 servorum
2882 4078 2934 4129 in
2967 4092 3155 4132 manus
3188 4078 3362 4132 domi-

1832 4187 2018 4225 norum
2048 4171 2359 4237 respiciunt,
2386 4168 2508 4222 dum
2548 4181 2642 4233 per
2677 4180 2866 4219 manus
2900 4176 3191 4219 annuentes
3226 4179 3361 4233 pra:-

1831 4260 2050 4327 cipiunt.
2074 4259 2233 4327 822
2270 4257 2358 4310 Vel
2386 4269 2572 4307 manus
2590 4255 2924 4306 dominorum
2952 4252 3123 4307 Patris
3149 4268 3211 4306 ac
3237 4253 3358 4306 Filii

1832 4357 1959 4401 sunt
1986 4349 2262 4413 utriusque
2287 4343 2455 4413 angeli
2483 4360 2496 4407 ;
2533 4342 2758 4396 domina:
2781 4354 2905 4394 vero
2927 4342 3094 4395 sancti
3130 4341 3362 4411 Spiritus

1830 4444 1951 4491 sunt
1986 4435 2210 4503 proprire
2238 4432 2352 4500 ejus
2382 4430 2627 4482 virtutes.

1899 4520 2174 4589 Ejusdem.
2209 4519 2402 4572 Eorum
2460 4514 2672 4582 quidem
2717 4527 2807 4580 qut
2854 4510 3055 4565 habent
3110 4510 3359 4578 spiritum

1828 4609 2101 4663 servitutis
2133 4609 2186 4659 in
2216 4607 2426 4664 timore,
2457 4601 2595 4656 oculi
2632 4610 2755 4654 sunt
2783 4600 2848 4652 ad
2878 4613 3066 4652 manus
3110 4599 3360 4651 domiuo-
3418 4608 3430 4618 ‘

1824 4714 1941 4754 rum
1971 4707 2025 4751 et
2050 4701 2115 4749 ad
2150 4709 2336 4749 manus
2369 4692 2597 4747 domina:
2634 4706 2648 4755 ;
2686 4690 2824 4743 illius
2850 4698 3026 4740 autem
3068 4690 3157 4755 qui
3196 4687 3359 4755 spiri-

1830 4795 1938 4840 tum
1972 4785 2130 4838 habet
2160 4782 2454 4851 adoptionis
2489 4780 2743 4843 ﬁliorum,
2771 4776 2909 4831 oculi
2942 4784 3065 4829 sunt
3092 4778 3157 4827 ad
3185 4774 3362 4828 Domi-

1826 4890 1951 4927 nunt
1986 4872 2172 4925 Deum.
3223 4946 3234 4956 .

1899 4963 2056 5015 Vens.
2097 4961 2149 5013 5.
2191 4959 2328 5023 Quia
2355 4957 2571 5011 multum
2603 4957 2781 5025 repleti
2810 4967 2987 5010 sumus
3013 4952 3359 5011 despectione,

180 5073 227 5122 ἑ.
266 5030 559 5136 Σύμμαχος
590 5060 697 5131 (60)
713 5030 879 5122 οὕτως
898 5075 913 5089 ν
946 5030 1299 5109 ι-Ὂτιηπολὺν
1327 5030 1724 5124 ἐχορτάσθημεν

1841 5059 1929 5105 etc.
1967 5049 2317 5120 Symmachus
2364 5047 2443 5102 sic
2481 5046 2648 5100 vertit
2686 5060 2702 5096 :
2757 5062 2778 5094 ι
2813 5040 2949 5107 Quia
2984 5034 3151 5087 multa
3175 5030 3361 5082 satiati

177 5152 580 5225 ὲξευτελισμόν.
617 5170 637 5202 ι

1828 5153 2012 5194 sumus
2040 5136 2396 5204 despectione.
2428 5153 2448 5185 ι

250 5251 296 5282 ⁸⁷
335 5246 477 5301 Psal.
512 5258 623 5305 ut,
667 5240 751 5294 l9.
822 5240 866 5273 ⁸³
892 5235 1033 5291 Psal.
1063 5247 1244 5296 uvnt,
1276 5231 1367 5287 22.
1444 5231 1511 5263 ⁸³·
1528 5230 1711 5284 Matth.

1847 5270 1861 5295 ,
1885 5231 1973 5284 28.
2046 5229 2089 5260 ⁸⁸
2121 5227 2315 5281 Jerem.
2347 5242 2388 5289 t,
2418 5224 2484 5278 M
2508 5231 2560 5275 et
2580 5235 2727 5286 seqq.

253 5341 369 5410 (st)
392 5341 573 5392 ὀταν
597 5337 635 5400 ὴ
661 5333 793 5410 τῶν,
821 5334 1143 5410 cantatae.
1163 5323 1425 5410 99E???“-

278 5392 366 5473 ΞΒ)
396 5392 897 5473 Προφηξεύειίειο.
929 5394 1147 5473 schedia:
1166 5392 1419 5473 (habili;
1441 5455 1477 5473 ’ν

393 5455 667 5540 τὶρν
691 5455 925 5540 Operam,
957 5456 1285 5540 elanga'tetta
1308 5455 1581 5511 Corderii.

254 5490 348 5547 (.56
393 5490 531 5540 Περι
550 5490 667 5523 των
691 5490 925 5534 σρονωγ,
957 5490 1060 5512 cun
1097 5490 1250 5541 uate...

254 5490 369 5616 (57)
407 5543 471 5595 Ὀ
503 5539 661 5601 Bede,
685 5548 784 5591 etc.
815 5531 1034 5585 Scltcdte
1059 5521 1252 5578 Gralm.

1895 5324 2005 5393 (58‘)
2028 5321 2233 5375 Δοῦλοι
2266 5318 2498 5384 κυρίων,
2522 5322 2624 5365 etc.
2649 5310 2846 5362 Catena
2877 5297 3156 5356 Cortlerii.

1891 5411 2001 5480 (59)
2031 5409 2149 5463 Τῶν
2169 5405 2284 5474 μὲν
2306 5403 2582 5470 ἑχόντων,
2605 5405 2712 5447 etc.
2740 5393 2974 5480 Eadem.

1891 5473 2001 5570 (eo)
2041 5473 2360 5565 Σύμμαχος,
2395 5496 2499 5543 etc.
2533 5481 2756 5536 Schedze
2780 5473 3000 5534 Crathii.
