3884 6220
215 282 369 336 ιοετ
1102 274 1410 342 SELECTA
1439 245 1506 335 In
1545 284 1873 347 PSALMOS.
1914 325 1978 333 -
2013 291 2201 348 PSAL.
2240 295 2465 349 cxxlv.
3257 306 3391 363 isse

207 396 483 470 ἐποίησεν
531 401 706 454 Ἠλιοῦ
744 402 880 455 κατὰ
904 403 960 455 τὸ
987 404 1129 473 ῥῆμα
1149 398 1378 469 Κυρίου,
1400 401 1493 452 καὶ
1522 405 1732 459 ἐκάθισε

1836 456 1839 467 ,
1869 408 2097 473 Domini,
2128 420 2181 464 et
2204 413 2341 465 sedit
2370 412 2421 464 in
2456 419 2690 465 torrente
2710 411 2972 469 Chorrath
3001 429 3160 483 super
3198 419 3386 478 faciem

209 490 273 538 ἐν
297 489 382 557 τῷ
411 490 693 560 χειμάρρῳ
705 491 916 560 Χορρὰθ
935 492 1024 542 ἐπὶ
1047 492 1332 561 προσώπου
1360 488 1451 541 τοῦ
1490 493 1732 564 ’ῐορδάνοι

1866 496 2130 553 Jordanis.
2162 499 2224 552 Et
2257 502 2400 554 corvi
2429 502 2669 557 ferebant
2697 506 2745 558 ei
2783 520 2945 573 panes
2987 521 3141 562 mane
3187 521 3241 563 et
3269 527 3385 563 car-

208 577 336 627 Καὶ
375 579 428 629 οἰ
478 578 711 648 κόρακες
750 579 938 648 ἔφερον
961 582 1116 649 αὐτῷ
1139 583 1334 651 ἄρτους
1360 580 1439 632 .τὸ
1497 585 1637 653 πρωῒ
1677 604 1732 638 κο

1866 603 1959 643 nes
1985 591 2208 657 vesperi,
2236 600 2289 644 et
2315 592 2379 645 de
2414 601 2650 647 torrente
2678 595 2889 649 bibebat
2927 612 3137 663 aquam.
3192 599 3258 654 Et
3302 600 3383 653 fa-

209 664 364 732 κρέα
394 665 456 717 τὺ
496 666 691 735 δείλης,
726 669 817 720 καὶ
843 671 904 720 ἐκ
932 668 1022 720 τοῦ
1070 671 1361 756 χειμάρρου
1393 670 1569 725 ἔπινεν
1605 675 1732 747 ὕδωρ

1865 683 2004 727 ctum
2058 686 2141 730 est
2179 687 2298 744 post
2343 680 2475 743 dies,
2519 690 2571 733 et
2609 683 2816 736 exaruit
2859 692 3088 752 torrens,
3129 687 3252 756 quia
3280 704 3384 743 non

208 751 333 802 Καὶ
355 753 574 818 ἐγένετο
601 753 714 821 μεθ’
739 754 963 823 ἡμέρας,
990 757 1080 807 καὶ
1103 755 1367 825 ἐξηράνθη
1397 759 1424 809 6
1453 759 1732 831 χείμαρρος

1865 763 2036 816 fuerat
2067 765 2241 831 pluvia
2268 782 2426 834 super
2460 777 2654 822 terram
2690 770 2756 823 ".
2793 788 2812 821 ι

206 838 299 889 ὅτι
326 840 433 891 οὐκ
462 841 674 906 ἐγένετο
702 841 849 902 ὑετὸς
870 841 961 892 ἐπὶ
980 841 1079 909 τῆς
1096 843 1216 911 γῆς.
1255 862 1274 893 ι

299 929 368 983 Ἠ
406 930 576 996 ψυχὴ
618 928 782 995 ἡμῶν
812 931 890 993 ὡς
934 933 1243 996 στρουθίον
1266 932 1517 1000 ἑῤῥύσθη
1554 935 1620 988 ἐκ
1657 938 1729 1004 τῆ

1931 934 2091 987 Vens.
2132 934 2185 987 7.
2226 935 2409 987 Anima
2441 946 2617 990 nostra
2638 941 2769 992 sicut
2802 959 2980 1009 passer
3004 960 3177 1015 erepta
3217 961 3291 1005 est
3316 957 3380 1005 de

1861 1021 2041 1089 laqueo
2077 1025 2384 1086 venantium,
2432 1034 2537 1079 etc.
2587 1028 2660 1080 De
2701 1028 2885 1105 laqueo
2923 1046 3230 1092 venatorum
3278 1042 3382 1094 daa-

1860 1122 2072 1161 monum
2103 1112 2275 1179 erepti
2303 1126 2501 1175 sumus,
2528 1129 2646 1166 cum
2678 1115 2919 1172 Christus
2944 1121 3211 1178 diabolum
3245 1143 3380 1181 con-

1864 1195 2090 1260 triverit,
2121 1206 2179 1249 et
2207 1198 2407 1251 dederit
2438 1201 2688 1254 virtutem
2733 1205 3035 1260 ambulandi
3068 1225 3227 1278 super
3267 1229 3379 1269 ser-

1859 1288 2046 1346 pentes
2075 1290 2127 1335 et
2162 1285 2470 1350 scorpiones
2501 1294 2553 1339 et
2583 1302 2743 1354 super
2770 1304 2981 1344 onmem
3009 1295 3252 1349 virtutem
3283 1299 3381 1352 ini-

1858 1366 2000 1430 mici,
2029 1382 2145 1435 qua:
2164 1380 2350 1423 contra
2380 1374 2519 1425 solos
2549 1376 2794 1428 socordes
2817 1379 3066 1443 prmvalet
3093 1394 3108 1434 :
3136 1383 3376 1451 Spiritus

1856 1454 1993 1506 enim
2037 1459 2256 1522 gratiam
2304 1461 2629 1526 accepimus,
2670 1462 2977 1533 Christique
3012 1473 3271 1539 sanguine
3315 1491 3378 1529 ac

206 1015 477 1082 παγίδος
493 1014 609 1066 τῶν
627 1017 989 1081 θηρευόντων
1010 1056 1024 1079 ,
1048 1034 1100 1069 κ.
1120 1035 1167 1069 τ.
1191 1020 1233 1071 ἐ.
1267 1019 1524 1089 Ἐρρύσοη
1533 1039 1628 1090 μεν
1654 1024 1763 1092 (68)

205 1100 329 1153 τῶν
374 1102 650 1171 θηρευτῶν
681 1103 943 1171 δαιμόνων
967 1105 1063 1172 τῆς
1088 1106 1308 1172 παγίδος
1331 1146 1345 1169 ,
1385 1110 1763 1178 συντρίψαντος

206 1189 463 1255 Χριστοῦ
493 1191 583 1242 τὸν
607 1190 863 1253 διάϐολον,
889 1192 1064 1254 δόντος
1086 1210 1145 1244 τε
1178 1198 1362 1247 πατεῖν
1383 1197 1564 1248 ἐπάνω
1592 1199 1761 1265 ὄφεων

205 1276 313 1327 καὶ
348 1278 644 1345 σκορπίων,
672 1279 764 1329 καὶ
784 1279 874 1330 ἐπὶ
890 1282 1064 1332 πᾶσαν
1082 1282 1178 1351 τὴν
1205 1282 1426 1351 δύναμιν
1455 1285 1546 1336 τοῦ
1570 1287 1758 1356 ἐχθροῦ

204 1364 288 1426 ὠς
323 1366 469 1434 πρὸς
501 1367 689 1435 μόνους
715 1367 880 1435 αὐτὴν
913 1369 1189 1437 ἰσχύουσαν
1212 1372 1333 1433 τοὺς
1359 1372 1723 1441 ρᾳθυμοῦντας
1742 1393 1755 1406 ·

207 1452 537 1521 Πνεύματος
561 1455 666 1522 γάρ
687 1471 744 1506 τε
771 1456 1027 1524 ἐλάϐομεν
1053 1458 1225 1525 χάριν,
1247 1460 1337 1511 καὶ
1359 1462 1659 1531 τρεφόμεθα
1685 1464 1760 1533 τῷ
1856 1454 1993 1506 enim
2037 1459 2237 1555 gratian

201 1536 307 1589 τοῦ
336 1538 578 1607 Χριστοῦ
600 1540 784 1609 αἵματί
804 1557 862 1592 τε
887 1542 978 1592 καὶ
1009 1542 1232 1610 σώματι.

1856 1556 2074 1607 corpore
2099 1545 2377 1598 nutrimur.

285 1626 408 1679 Τοῦ
430 1628 633 1680 αὑτοῦ.
666 1628 988 1697 Θηρεύουσιν
1013 1630 1102 1681 ἐπὶ
1122 1628 1229 1698 (69)
1258 1630 1432 1701 ψυχὴν
1469 1632 1670 1685 δικαίου
1700 1652 1732 1687 α

1924 1631 2197 1699 Ejusdem.
2238 1635 2473 1690 Virtutes
2501 1638 2818 1696 adversariae
2851 1657 3109 1702 venantur
3142 1651 3374 1709 animam

201 1714 591 1783 ἀντικείμεναι
642 1716 888 1786 δυνάμεις
914 1757 928 1781 ,
974 1713 1052 1770 ὧν
1105 1698 1341 1785 παγίδεςγ
1369 1698 1417 1770 οἱ
1462 1721 1549 1772 ὑπ’
1584 1723 1732 1775 αύτῶε

1852 1698 2001 1785 juSti,
2034 1734 2261 1788 quarum
2286 1722 2460 1789 laquei
2484 1734 2608 1778 sunt
2637 1729 2689 1781 bi
2711 1744 2843 1797 quos

200 1801 619 1871 ἐνεργούμενοι,
643 1805 733 1856 καὶ
766 1803 1093 1873 ἐρεθίζοντες
1133 1809 1580 1877 προσκαλούμενοι
1615 1814 1732 1881 qua.

1856 1807 2104 1872 instigant
2153 1817 2207 1860 et
2258 1821 2547 1875 provocant
2595 1829 2690 1868 nos
2737 1818 2800 1869 ad
2852 1801 3371 1889 peccantiumgiteut

198 1889 284 1949 εἰς
314 1888 387 1940 τὸ
428 1891 709 1960 ἁμαρτεῖν,
754 1894 846 1944 κτιιί¹
877 1895 1019 1944 πᾶσα
1049 1893 1144 1964 ὕλη
1190 1896 1280 1947 ἐπὶ
1328 1897 1388 1948 τὸ
1433 1898 1732 1967 ἁμαρτάνει·

1852 1894 2026 1945 omnis
2059 1896 2279 1947 materia
2307 1911 2427 1963 quae
2449 1900 2515 1951 ad
2540 1904 2861 1967 peccandum
2887 1906 3067 1962 allicit.
3091 1888 3209 1964 Non
3231 1916 3372 1971 cadit

200 1978 656 2047 προκαλουμένη.
701 1981 773 2032 Οὐ
815 1982 996 2036 πίπτει
1043 1984 1099 2035 δὲ
1142 1985 1412 2055 στρουθίον
1450 1988 1527 2049 εἰς
1562 1988 1732 2056 παγίδς

1851 1990 2025 2033 autem
2053 1984 2389 2049 passerculus
2443 1987 2497 2040 in
2546 1988 2795 2057 laqueum
2836 1994 2952 2049 sine
2978 1994 3138 2054 Patre
3180 2002 3274 2071 qui
3314 2004 3366 2060 in

192 2062 339 2115 ἄνευ
378 2064 475 2116 τοῦ
502 2066 707 2134 Πατρὸς
733 2067 823 2118 τοῦ
861 2070 917 2122 ἐν
947 2074 1055 2132 τοῖς
1075 2073 1336 2142 οὐρανοῖς.
1849 2069 1998 2122 “Elis
2026 2081 2127 2123 εει·

284 2152 358 2203 Ἠ
382 2152 560 2220 παγίς
594 2158 921 2223 συνετρίϐη,
948 2160 1043 2211 καὶ
1077 2162 1243 2227 ἡμεῖς
1263 2162 1648 2231 ἐρῤύσθημεν,
1696 2182 1730 2217 κ

1915 2156 2041 2211 lein.
2085 2157 2316 2227 Laqueus
2362 2164 2610 2217 contritus
2656 2178 2767 2233 est,
2813 2182 2861 2224 et
2906 2190 2996 2227 nos
3041 2176 3245 2233 liberati
3281 2197 3371 2235 su-

190 2254 245 2289 τ.
277 2238 330 2290 ὲ.
393 2238 467 2303 Ἦν
489 2240 585 2308 μὲν
601 2241 804 2295 Παλαιὰ
829 2245 937 2314 (70)
962 2246 1195 2319 Διαθήκη
1223 2250 1317 2312 τὰς
1341 2253 1456 2303 κατ’
1482 2253 1732 2321 ἐνέργειαπ

1844 2261 1981 2312 mus,
2011 2256 2111 2302 etc.
2146 2249 2304 2303 Vetus
2341 2250 2735 2310 Testamentum
2770 2260 2982 2328 laqueos
3022 2267 3109 2333 qui
3145 2270 3208 2322 ad
3236 2284 3369 2339 opus

194 2325 493 2397 συντρίϐει
550 2330 800 2395 παγίδας,
838 2333 1190 2401 νομοθετοῦσα
1236 2339 1326 2390 τό’
1374 2357 1392 2389 ι
1436 2339 1506 2390 Οὐ
1545 2341 1732 2409 μοιχεύ-

1845 2344 2108 2400 spectant,
2131 2339 2357 2393 conterit
2378 2341 2476 2395 hac
2496 2343 2611 2412 lege
2640 2367 2652 2401 :
2680 2364 2700 2399 r
2727 2325 2853 2401 Non:
2870 2325 3221 2411 mecliaberis
3245 2325 3319 2424 ’ῖς
3341 2378 3362 2413 ι

193 2430 319 2476 σεις
344 2428 363 2444 ο
391 2415 461 2483 »ἡ
487 2414 543 2465 δὲ
557 2418 723 2485 Καινὴ
749 2422 845 2482 τὰς
876 2422 1013 2474 κατὰ
1028 2422 1256 2476 διάνοιαν
1278 2425 1480 2495 φθείρει
1502 2428 1746 2493 παγίδας,

191 2502 658 2570 παραγγέλλουσα
687 2506 771 2557 τό·
811 2526 830 2557 ι
861 2509 971 2560 Οὐκ
1009 2510 1377 2580 ἐπιθυμήσεις.
1413 2533 1432 2565 ι
1473 2515 1616 2585 Πλὴν
1659 2518 1748 2570 ἐπὶ

193 2589 301 2657 μὲν
327 2589 433 2641 τοῦ
470 2591 750 2663 Ἀϐιμέλεχ
790 2596 896 2648 τῶν
924 2598 1173 2668 Γεραρῶν
1195 2602 1291 2671 τὴν
1325 2604 1440 2655 κατ’
1479 2605 1747 2674 ἐνέργειαν

194 2677 415 2741 παγίδα
458 2677 749 2749 διέφθειρε,
806 2684 878 2751 μὴ
926 2689 1273 2757 συγχωρήσας
1327 2690 1421 2758 τῆς
1474 2692 1747 2763 ἀλλοτρίας

190 2763 369 2814 αὑτὸν
415 2762 647 2830 ἅψασθαι
695 2769 974 2834 γυναικός*
1017 2772 1105 2823 ἐπὶ
1150 2774 1205 2825 δὲ
1262 2775 1452 2845 Ἰωσὴφ
1483 2777 1577 2847 τὴν
1607 2762 1746 2833 κατά

188 2852 464 2904 διάνοιαν.
497 2852 570 2904 οὐ
592 2854 696 2924 γὰρ
723 2856 926 2923 εἰσάγει
949 2860 980 2927 ἡ
1007 2860 1191 2931 Γραφὴ
1222 2863 1623 2933 ἐπιθυμήσαντα
1646 2870 1743 2937 τῆς

1844 2419 2045 2475 Novum
2069 2438 2195 2477 vero
2224 2430 2445 2496 laqueos
2464 2430 2530 2482 ad
2560 2442 2787 2489 mentem
2819 2449 3120 2505 spectantes
3139 2419 3366 2500 conterit

1845 2509 1944 2564 ista
1971 2528 1985 2565 :
2018 2529 2037 2564 ι
2074 2511 2186 2567 Non
2221 2518 2567 2583 concupisces
2598 2521 2663 2575 ".
2697 2541 2717 2573 ο
2758 2522 3136 2582 Verumtamen
3164 2529 3216 2583 in
3243 2531 3367 2589 Abi-

1842 2600 2045 2654 melech
2092 2615 2219 2671 rege
2251 2604 2507 2660 Gerarum
2556 2608 2799 2677 laqueum
2839 2614 2904 2666 ad
2942 2629 3073 2683 Opus
3114 2628 3362 2686 spectan-

1842 2694 1946 2740 tem
1976 2691 2247 2756 contrivit,
2272 2695 2487 2760 quando
2524 2711 2629 2752 non
2664 2701 2906 2767 permisit
2934 2702 3102 2771 ipsum
3128 2707 3356 2762 alienant

1840 2790 2057 2832 uxorem
2095 2789 2353 2849 tangere;
2388 2784 2438 2837 in
2474 2784 2671 2855 Joseph
2703 2803 2831 2843 vero
2870 2790 3116 2859 laqueum
3163 2796 3252 2863 qui
3291 2798 3356 2849 ad

1840 2873 2067 2919 mentem
2096 2872 2391 2936 spectabat,
2424 2873 2670 2943 disrupit.
2706 2876 2817 2931 Non
2854 2882 2993 2933 enim
3027 2896 3056 2935 a
3082 2881 3357 2952 Scriptura

187 2940 491 3009 ἀλλοτρίας
520 2942 675 2993 αὐτὸν
695 2946 961 3019 γυναικός.
989 2950 1095 3000 Καὶ
1125 2951 1385 3021 μακάριος
1415 2955 1510 3022 μὲν
1542 2948 1602 3007 οὗ
1626 2973 1732 3007 συν⁴

1839 2952 2068 3006 ret‘ertur
2098 2957 2324 3011 alienam
2367 2965 2737 3029 concupivisse
2765 2981 3006 3022 uxorem.
3052 2970 3132 3025 Ac
3171 2973 3358 3029 beatus

188 3026 389 3097 ἐτριψε
411 3029 610 3099 Κύριος
637 3032 731 3101 τὴν
758 3036 876 3086 κατ’
900 3036 1168 3106 ἐνέργειαν
1211 3042 1427 3107 παγίδα,
1465 3045 1732 3114 μακαριώ-

1842 3040 2054 3106 quidem
2084 3054 2166 3097 est
2188 3047 2336 3114 cujus
2369 3026 2696 3116 spectantem
2725 3054 2789 3107 ad
2816 3069 2949 3123 opus
2975 3057 3220 3126 laqueum
3248 3026 3358 3114 Do;

185 3134 356 3187 τερος
385 3118 445 3171 δὲ
472 3112 529 3171 οὗ
543 3120 639 3189 τὴν
661 3123 794 3175 κατὰ
827 3124 1056 3176 διάνοιαν
1072 3127 1268 3193 παγίδα
1288 3112 1738 3201 διέφθειρεν,οὑδὲ

185 3207 393 3277 εὑρέθη
425 3207 571 3270 δόλος
595 3211 650 3261 ἐν
678 3210 754 3278 τῷ
782 3213 1002 3281 στόματι
1024 3215 1202 3269 αὐτοῦ.

717 3459 1000 3514 ΨΑΛΜΟΣ
1041 3464 1215 3522 ,ΡΚΔἎ

260 3551 330 3603 Ol
359 3546 707 3611 πεποιθότες
733 3547 826 3599 ἐπὶ
861 3551 1072 3615 Κύριον
1092 3553 1169 3615 ὡς
1197 3552 1331 3619 ὅρος
1377 3555 1546 3620 Σιὼν,
1594 3575 1648 3612 κ.
1684 3576 1735 3612 τ.

182 3639 230 3690 ἐ.
268 3639 337 3692 υἱ
380 3636 796 3704 προσερχόμενοι
843 3637 951 3708 (7|)
976 3638 1109 3691 Σιὼν
1129 3640 1241 3710 ὄρει
1285 3644 1378 3695 καὶ
1425 3645 1573 3698 πόλει
1605 3647 1735 3701 θεοῦ

184 3725 419 3789 ζῶντος,
454 3724 796 3793 Ἰερουσαλὴμ
826 3727 1142 3796 ἐπουρανίῳ,
1174 3730 1392 3799 φοροῦσι
1422 3734 1519 3802 τὴν
1559 3736 1736 3789 εἰκόνα

181 3814 279 3866 τοῦ
307 3812 654 3881 ἐπουρανίου,
677 3814 767 3865 καί
794 3814 1102 3878 πεποιθότες
1134 3817 1224 3869 ἐπὶ
1265 3819 1462 3889 Κύριον
1499 3824 1731 3889 γίνονται

182 3900 260 3962 ὡς
285 3900 469 3952 ἐκεῖνο
488 3898 547 3949 τὸ
572 3898 707 3950 Σιὼν
738 3898 876 3968 ὅρος.

261 3987 380 4041 Τοῦ
410 3987 611 4039 αὑτοῦ.
640 3989 700 4039 Εἰ
729 3988 791 4039 ἐκ
809 3988 898 4039 τοῦ
931 3989 1037 4059 (72)
1068 3992 1371 4047 πεποιθέναι
1405 3997 1496 4048 ἐπὶ
1529 3998 1727 4069 Κύριον

182 4075 399 4142 γίνεταί
428 4091 509 4137 τις
554 4075 628 4137 ὡς
659 4075 780 4145 ὅρος
824 4075 977 4141 Σιὼν,
1008 4079 1162 4144 ἄλλος
1200 4082 1264 4134 ἂν
1303 4084 1359 4147 ἐξ
1400 4085 1553 4139 ἄλλου
1586 4064 1721 4152 τινὸς
1757 4064 1799 4117 D

181 4164 385 4231 γένοιτ’
412 4162 477 4214 ἂν
501 4162 574 4224 ὡς
605 4162 726 4232 ὅρος
752 4165 967 4235 Χωρὴϐ,
997 4168 1088 4220 καὶ
1114 4169 1264 4232 ἄλλος
1300 4172 1373 4234 ὡς
1411 4174 1532 4244 ὅρος
1561 4178 1715 4231 Σινά.

182 4252 278 4303 καὶ
308 4254 375 4303 ἐκ
424 4249 531 4301 τῶν
566 4251 815 4303 ἐναντίων
861 4254 942 4322 εἰη
977 4253 1041 4307 ἄν
1068 4272 1147 4317 τις
1176 4254 1248 4319 ὡς
1284 4259 1404 4328 ὅρος
1430 4264 1718 4329 Αἰγύπτου,

181 4340 277 4392 καὶ
309 4341 435 4409 ὅρος
458 4338 785 4403 Βαϐυλῶνος,
808 4341 899 4394 καί
921 4343 1168 4397 τοιούτων
1200 4347 1303 4400 τῶν
1334 4352 1482 4421 παρὰ
1496 4356 1608 4416 τοῖς
1634 4358 1720 4425 ἐχ-

181 4425 333 4494 θροῖς
358 4424 519 4494 ὁρῶν.
555 4426 624 4477 Ἦ
658 4424 842 4497 ὥσπερ
879 4430 927 4481 οἰ
957 4432 1267 4496 πεποιθότες
1289 4437 1378 4488 ἐπὶ
1412 4439 1609 4509 Κύριον
1645 4424 1719 4506 ὥς

178 4513 307 4583 ὅρος
330 4514 437 4566 εἰσὶ
463 4512 622 4577 Σιὼν,
641 4513 809 4577 οὕτως
840 4516 890 4568 οἰ
929 4517 1291 4590 ὑποδεέστεροι
1327 4524 1401 4588 ὡς
1431 4527 1496 4580 τὰ
1541 4528 1720 4599 κύκλῳ

178 4603 351 4671 αὐτῆς
382 4603 503 4672 δρη-

255 4769 392 4835 Ὄρη
431 4768 633 4833 κύκλῳ
668 4768 882 4837 αὐτῆς,
922 4775 1017 4827 καί
1047 4780 1080 4829 d
1118 4779 1328 4844 Κύριος
1381 4783 1579 4848 κύκλῳ
1613 4787 1715 4841 τοῦ

177 4855 333 4909 λαοῦ
356 4857 542 4910 αὐτοῦ
562 4895 577 4920 ,
605 4874 656 4911 κ.
692 4875 742 4911 τ.
773 4862 819 4913 ἐ.
858 4864 989 4933 ’Όρη
1019 4865 1197 4937 κύκλῳ
1222 4869 1327 4937 (75)
1372 4870 1714 4946 Ἰερουσαλὴμ

178 4946 474 5016 δυνάμεις,
506 4944 688 5017 οἴμαι,
735 4949 871 5003 θεῖαί
923 4957 1045 5007 εἰσι.
1085 4975 1104 5009 ι
1147 4959 1557 5027 Παρεμϐάλλευ
1607 4944 1714 5037 γάρ

181 5052 199 5084 ι
236 5032 467 5103 ἄγγελος
515 5037 715 5106 Κυρίου
748 5039 928 5110 κύκλῳ
971 5043 1078 5095 τῶν
1130 5047 1475 5115 φοϐουμένων
1520 5032 1709 5106 αὐτόν’·

1842 3126 2016 3179 minus
2043 3132 2316 3195 contrivit,
2346 3135 2555 3189 beatior
2584 3153 2731 3201 vero,
2754 3140 2904 3206 cujus
2935 3152 3259 3209 spectantem
3291 3146 3356 3201 ad

1838 3212 2215 3276 cogitationem
2242 3218 2485 3287 laqueum
2521 3225 2591 3279 ita
2618 3226 2864 3292 disrupit,
2901 3236 3080 3281 utnon
3114 3230 3360 3285 inventus

1835 3299 1906 3352 sit
1933 3300 2083 3355 dolus
2117 3303 2169 3355 in
2205 3320 2297 3358 ore
2325 3308 2458 3376 ejus.

2188 3477 2350 3548 824
2393 3477 2703 3534 PSALMUS
2757 3484 2985 3542 CXXIV.

1903 3562 2064 3618 Vsus.
2106 3567 2155 3618 1.
2200 3568 2298 3630 Qui
2336 3569 2603 3633 conﬁdunt
2654 3571 2707 3623 in
2748 3572 2967 3628 Domino
3020 3578 3152 3630 sicut
3207 3596 3352 3635 mox:

1831 3648 1984 3716 Sion,
2018 3664 2119 3707 etc.
2153 3654 2253 3719 Qui
2285 3658 2543 3710 accedunt
2569 3659 2788 3717 ad\Sion
2819 3674 3050 3718 montem
3083 3677 3138 3721 et
3163 3668 3351 3722 civita-

1828 3750 1932 3795 tem
1979 3744 2070 3798 Dei
2104 3746 2363 3809 ,viventis,
2412 3746 2702 3802 Jerusalem
2756 3753 3051 3819 cmlestem,
3095 3757 3130 3809 ii
3174 3757 3351 3814 ferunt

1833 3827 2111 3898 imaginem
2138 3833 2390 3900 caelestis,
2421 3845 2472 3890 et
2501 3838 2828 3896 conﬁdentes
2865 3842 2918 3895 in
2950 3842 3174 3900 Domino
3218 3847 3349 3903 tiunt

1830 3918 1966 3972 sicut
1998 3921 2087 3974 ille
2113 3937 2263 3976 mons
2309 3924 2461 3979 Sion.

1893 4007 2159 4075 Eiusdem.
2212 4012 2267 4066 Si
2319 4028 2383 4068 ex
2440 4014 2626 4069 ﬁducia
2671 4018 2725 4072 in
2774 4019 2936 4075 Deum
2975 4020 3034 4076 ﬁt
3083 4023 3343 4093 quispiam

1831 4104 2078 4165 tanquam
2119 4116 2273 4156 mons
2311 4103 2461 4166 Sion,
2498 4106 2634 4160 alius
2680 4110 2860 4176 utique
2886 4124 2951 4164 ex
2982 4111 3083 4165 alia
3112 4127 3167 4166 re
3211 4129 3345 4181 qua-

1825 4185 1962 4247 piam
1990 4184 2078 4238 tiet
2106 4187 2243 4241 sicut
2266 4205 2414 4244 mons
2435 4190 2663 4257 Choreb,
2696 4195 2817 4248 item
2857 4196 2998 4252 alius
3024 4199 3159 4253 sicut
3189 4216 3340 4257 mons

1825 4269 1947 4324 Sina
1997 4290 2012 4337 ;
2067 4285 2119 4328 ct
2166 4291 2196 4330 e
2249 4278 2459 4333 diverso
2505 4281 2596 4335 ﬁet
2643 4283 2834 4350 aliquis
2885 4294 3132 4355 tanquam
3185 4305 3340 4347 ηιοιςε

1823 4359 2058 4431 Ᾱὲεγριί,
2091 4374 2144 4418 et
2169 4367 2307 4420 sicut
2336 4384 2486 4423 mons
2515 4369 2816 4441 Babylonis,
2843 4384 2897 4427 et
2927 4375 3092 4432 instar
3112 4377 3336 4435 aliorum

1820 4449 1910 4515 qui
1950 4453 2084 4518 apud
2124 4453 2306 4508 hostes
2330 4465 2475 4519 sunt,
2503 4458 2782 4513 montium.
2814 4461 2907 4515 Vel
2937 4465 3072 4516 sicut
3095 4467 3183 4533 qui
3210 4484 3338 4522 con-

1817 4534 1985 4590 ﬁdunt
2019 4538 2068 4591 in
2103 4539 2345 4604 Domino,
2390 4542 2531 4597 velut
2576 4559 2730 4599 mons
2774 4545 2904 4602 Sion
2947 4560 3091 4613 sunt,
3139 4551 3208 4607 ita
3255 4554 3336 4609 his

1816 4622 2096 4681 interiores
2132 4638 2290 4683 erunt
2315 4633 2453 4687 sicut
2481 4646 2692 4693 montes
2723 4639 2811 4707 qui
2844 4649 2971 4694 sunt
3013 4639 3066 4693 in
3109 4641 3332 4695 circuitu

1814 4724 1946 4775 ejus.

1888 4799 2044 4855 Vens.
2083 4801 2138 4856 2.
2176 4804 2374 4861 Montes
2404 4810 2459 4863 in
2503 4810 2720 4865 circuitu
2749 4814 2876 4884 ejus,
2906 4823 2953 4868 et
2995 4814 3246 4868 Dominus
3276 4816 3330 4867 iu

1814 4889 2034 4943 circuitu
2066 4895 2242 4960 populi
2279 4897 2382 4962 sui,
2425 4907 2530 4952 etc.
2559 4899 2766 4955 Montes
2814 4905 2865 4956 in
2905 4902 3129 4955 circuitu
3173 4900 3327 4954 Jeru—

1815 4975 1976 5030 salem
2006 4979 2242 5035 arbitror
2268 4995 2387 5038 esse
2409 4985 2615 5040 divinas
2641 4988 2880 5040 virtutes.
2910 4984 3039 5037 Nam
3074 5001 3094 5033 ι
3124 4993 3328 5037 castra.

1816 5074 2046 5119 metatur
2102 5069 2323 5136 angelus
2377 5071 2585 5126 Domini
2646 5075 2697 5125 in
2757 5072 2981 5126 circuitu
3029 5070 3326 5125 timentium

237 5174 287 5209 ‘8
319 5168 384 5222 ill
409 5169 536 5235 Reg.
559 5184 692 5234 xvn,
717 5171 753 5223 2
776 5182 828 5225 et
851 5188 1003 5243 seqq.
1073 5176 1119 5209 ’°
1148 5175 1317 5230 Exod.
1347 5192 1436 5245 xx,
1468 5183 1551 5236 14,
1625 5187 1669 5219 σι
1696 5188 1732 5241 [ι

1836 5232 1846 5246 .
1877 5208 2000 5258 xm,
2023 5195 2077 5250 9.

248 5285 356 5354 (68)
380 5287 789 5359 Ἐρρύσθημεν,
844 5298 947 5344 etc.
1002 5290 1222 5359 Scheda;
1272 5289 1484 5359 Grahii;
1537 5301 1709 5357 simile

179 5365 356 5423 autem
379 5355 648 5423 quidpiam
673 5370 930 5423 anonymo
965 5359 1148 5411 tribuit
1180 5357 1376 5410 Catena
1409 5355 1671 5423 Cdrderii.

248 5420 359 5487 (69)
390 5422 752 5487 Θηρεύουσιν
769 5420 883 5485 ἐπι,
912 5435 1014 5479 etc.
1044 5426 1243 5476 Catena
1269 5424 1526 5485 Corderii.

249 5486 359 5548 (70)
405 5489 460 5542 Ἡ
482 5486 590 5550 μὲν
611 5490 852 5552 Παλαιὰ,
879 5502 981 5547 etc.
1019 5492 1239 5546 Schedte
1268 5492 1466 5548 Grabii.

1875 5308 1986 5379 (τί)
2017 5313 2080 5363 Οἱ
2107 5315 2577 5380 προσερχόμενοι,
2607 5318 2711 5364 etc.
2737 5309 2936 5366 Catena
2963 5308 3226 5363 Corderii.
3252 5304 3257 5309 ’

1872 5397 1982 5465 (72)
2003 5400 2071 5450 El
2098 5399 2166 5450 ἐκ
2191 5397 2312 5458 τοῦ,
2342 5407 2444 5450 etc.
2473 5394 2689 5447 Eadem.

1876 5486 1981 5555 (73)
2016 5486 2155 5551 "om
2184 5485 2401 5546 κύκλῳ,
2436 5492 2539 5538 etc.
2563 5481 2780 5539 Eadem.

3596 26 3802 41 ς-ι-ι-τ-ιι-ε-
