3884 6226
245 305 372 363 1641

1135 296 1436 356 SELECTA
1473 301 1538 354 IN
1577 301 1909 361 PSALMOS.
1945 334 2013 344 —
2049 305 2239 362 PSAL.
2273 305 2501 362 CXXVI.

232 433 360 486 ριος
411 412 518 467 τοῦ
563 409 807 477 ποιῆσαι
851 409 974 478 μετ’
1024 413 1235 477 αὐτᾶν,
1282 432 1335 466 κ.
1376 432 1428 469 τ.
1469 416 1517 467 ὲ.
1569 432 1587 463 ι
1621 416 1765 466 Μετὰ

1871 417 2041 469 minus
2074 417 2244 484 facere
2268 434 2383 470 cum
2407 420 2501 482 eis,
2535 425 2639 471 etc.
2683 436 2702 470 ι
2736 416 2863 473 Post
2896 419 3008 474 haec
3029 420 3169 474 enim
3206 417 3258 471 in
3285 429 3391 473 ter-

238 503 402 559 ταῦτα
425 498 534 569 (80)
562 498 671 568 γὰρ
691 499 781 550 ἐπὶ
808 498 904 566 τῆς
926 499 1027 568 γῆς
1044 497 1215 569 ὤφθη,
1232 504 1324 554 καὶ
1345 506 1455 564 τοῖς
1477 501 1765 571 ἀνθρώποις

1872 521 1930 559 ra
1956 507 2101 559 visus
2128 515 2229 569 est,
2257 516 2311 560 et
2340 522 2459 559 cum
2490 508 2792 562 hominibus
2823 518 3169 563 conversatus
3197 510 3327 560 est“.
3368 529 3386 558 ι

239 587 664 656 συνανεστράφη.
700 604 718 634 ι

313 666 722 742 Ἐπιστρεψον,
766 676 957 742 Κύριε,
1006 676 1119 744 τὴν
1161 680 1565 746 αἰχμαλωσίαν
1606 679 1771 747 ἡμῶν

233 765 312 828 ὡς
360 762 714 828 χειμάῤῥους
761 764 829 814 ἐν
875 763 952 827 τῷ
997 767 1166 827 νότῳ,
1217 784 1270 819 κ.
1314 784 1365 820 τ.
1411 769 1456 819 ὲ.
1501 768 1770 838 Ἀνωτέρω

236 850 331 919 μὶν
365 848 479 918 (81)
508 849 585 911 ὼς
628 850 727 919 ἤδη
770 853 1094 922 ἐπιστροφῆς
1137 854 1243 906 ἀπὸ
1283 855 1378 922 τῆς
1404 856 1770 924 αἰχμαλωσίας

233 936 527 1005 γενομένης
577 938 819 1005 εἴρηνται
868 940 916 990 οι
960 939 1051 990 δύο
1082 939 1273 1008 στίχοι·
1318 940 1410 993 νῦν
1441 942 1497 994 δὲ
1543 941 1671 994 ὡσεὶ
1715 944 1771 995 ὲν

227 1023 575 1094 αἰχμαλωσίᾳ
617 1024 691 1077 ὢν
738 1026 906 1078 ταῦτά
957 1043 1117 1095 φησιν
1151 1029 1178 1078 ό
1217 1031 1527 1099 Προφήτης·
1566 1029 1627 1081 τὸ
1673 1030 1770 1099 μὲν

232 1110 491 1180 πρότερον
522 1114 895 1183 προφητεύων,
919 1110 1090 1184 οἶμαι,
1129 1117 1254 1185 περὶ
1285 1118 1392 1169 τῶν
1432 1118 1765 1171 ἀποστόλων·

229 1200 289 1252 τὸ
316 1201 371 1253 δὲ
411 1202 666 1273 δεύτερον
698 1205 760 1255 ὲκ
794 1206 1075 1275 προσώπου
1103 1207 1272 1274 λέγων
1310 1207 1493 1261 ἐθνῶν.
1518 1208 1635 1260 Τῶν
1664 1208 1770 1278 γὰρ

231 1290 286 1341 ὲν
307 1291 417 1352 τοῖς
446 1291 656 1344 ἔθνεσιν
684 1295 796 1345 ἐστι
822 1295 888 1346 τὰ
911 1295 1014 1347 ἀπὸ
1037 1295 1146 1359 τοῦ,
1177 1314 1195 1345 ι
1226 1297 1545 1365 Ἐμεγάλυνε
1571 1296 1769 1367 Κύριος

228 1378 318 1431 ⁴τοῦ
339 1378 566 1448 ποιῆσαι
585 1384 722 1451 μετὰ
750 1383 965 1446 τούτων,
996 1404 1015 1434 ι
1030 1385 1129 1448 ἕως
1150 1384 1262 1448 τοῦ,
1286 1404 1303 1435 ι
1336 1386 1420 1447 Ὠς
1449 1387 1769 1456 χειμάρρους

229 1467 285 1519 ὲν
309 1467 388 1536 τῷ
417 1469 575 1539 νότῳ.
607 1491 625 1521 ο
711 1511 724 1523 .

298 1557 364 1606 Ol
400 1558 754 1635 σπείροντες
787 1557 854 1611 ἑν
889 1557 1176 1626 δάκρυσιν
1197 1559 1267 1612 ἐν
1291 1559 1636 1628 ἀγαλλιάσει
1681 1564 1770 1613 θεέ

1939 593 2096 647 Vens.
2128 592 2185 645 4.
2227 594 2492 657 Converte,
2516 593 2752 656 Domine,
2781 595 3123 664 captivitatem
3157 606 3389 648 nostram

1869 679 2001 733 sicut
2033 689 2232 732 torrens
2263 682 2316 732 in
2354 691 2550 742 austro,
2579 689 2682 734 etc.
2713 680 2969 746 Superius
3011 680 3226 748 quidem
3278 688 3393 734 tan-

1868 781 2028 835 quam
2063 767 2365 821 reversione
2402 782 2433 820 a
2466 768 2771 835 captivitate
2799 767 2908 834 jam
2940 767 3076 822 facta
3107 769 3234 822 dicti
3263 775 3390 822 sunt

1870 856 1976 909 duo
2011 857 2287 921 versiculi;
2320 872 2457 911 nunc
2485 865 2661 910 autem
2696 867 2942 924 tanquam
2994 859 3046 912 in
3081 858 3391 926 captivitate

1869 944 2132 1013 Propheta
2162 948 2275 999 haec
2306 948 2468 1011 dicit;
2499 947 2728 1014 primum
2761 947 2996 1016 quidem,
3044 957 3101 1002 ut
3132 948 3388 1013 arbitror,

1869 1034 1933 1088 de
1965 1035 2221 1102 apostolis
2254 1035 2593 1102 vaticinans;
2627 1037 2917 1090 secundum
2950 1050 3078 1090 vero
3108 1036 3387 1104 proferens

1867 1135 1932 1175 ex
1957 1135 2183 1188 persona
2207 1122 2460 1189 gentium.
2488 1122 2580 1176 llla
2613 1124 2753 1177 enim
2783 1138 2901 1192 quae
2951 1131 3077 1178 sunt
3131 1139 3160 1176 a
3206 1122 3388 1179 verbis

1868 1208 2023 1273 istis,
2064 1226 2085 1258 ‹
2135 1209 2492 1277 Magniﬁeavit
2540 1208 2794 1263 Dominus
2843 1209 3017 1263 facere
3040 1222 3159 1263 cum
3203 1210 3320 1273 eis,
3362 1227 3383 1260 ι

1869 1308 2033 1361 usque
2075 1296 2140 1347 ad
2172 1296 2257 1347 illa
2288 1336 2302 1359 ,
2339 1313 2357 1345 ι
2399 1296 2534 1349 sicut
2586 1304 2798 1348 torrens
2832 1295 2888 1349 in
2926 1304 3107 1350 austro
3132 1335 3147 1360 ,
3186 1314 3206 1348 ι
3244 1297 3387 1353 dicta

1865 1392 1988 1437 sunt
2019 1398 2046 1436 a
2073 1384 2338 1451 gentibus.

1933 1562 2091 1617 Vens.
2123 1569 2177 1615 5.
2221 1560 2322 1626 Qui
2348 1568 2602 1617 seminam
2629 1581 2681 1617 m
2722 1568 2968 1634 lacrymis
2992 1604 3006 1629 ,
3057 1567 3111 1617 in
3160 1573 3394 1620 exsulta-

3254 306 3389 358 1642
3452 338 3461 345 ο

219 1644 478 1710 ριοῦσιν,
514 1665 568 1700 κ.
606 1665 656 1702 τ.
690 1650 737 1701 ὲ.
770 1651 829 1701 Οί
878 1651 972 1718 μὲν
1011 1651 1107 1720 τὴν
1149 1652 1256 1720 (8'2)
1304 1651 1602 1721 πρακτικὴν
1634 1651 1765 1721 μετά

1871 1652 1997 1704 tione
2021 1661 2227 1715 metant,
2254 1664 2357 1706 etc.
2393 1653 2488 1718 Qui
2525 1669 2643 1707 eum
2685 1655 2867 1708 labore
2894 1665 2948 1709 et
2983 1657 3231 1726 lacrymis
3259 1670 3385 1726 ope-

229 1730 389 1785 πόνου
420 1736 516 1787 καὶ
545 1737 789 1807 δακρύων
821 1739 1266 1808 κατεργαζόμενοι
1295 1741 1351 1792 ὲν
1373 1740 1597 1812 δάκρυσι
1623 1742 1765 1793 σπεί-

1871 1751 2071 1805 rantur,
2101 1743 2150 1795 in
2184 1744 2433 1812 Iaerymis
2457 1744 2754 1810 seminaut;
2799 1748 2889 1813 qui
2915 1761 3039 1800 vero
3076 1749 3279 1815 absque
3306 1747 3386 1819 ja-

228 1834 437 1888 ρουσιν·
470 1826 521 1876 οἱ
559 1825 616 1877 δὲ
645 1829 739 1894 τῆς
767 1826 1011 1892 γνώσεως
1037 1828 1245 1891 ἀπόνως
1274 1829 1765 1899 μεταλαμϐάνοντες

1871 1832 1988 1885 bore
2015 1832 2252 1886 scientia:
2281 1833 2404 1886 laeti
2434 1843 2558 1887 sunt
2589 1836 2871 1902 participes
2894 1875 2908 1900 ,
2948 1837 2999 1889 in
3028 1836 3384 1890 exsultatione

224 1906 282 1959 tv
313 1909 634 1978 ἀγαλλιάσει
662 1913 911 1982 θεριοῦσι.

1871 1928 2077 1978 metent.

752 2096 1033 2149 ΨΑΑΜοΣ
1069 2097 1253 2164 Ρκςῖσ.

2338 2091 2653 2148 PSALMUS
2682 2088 2911 2145 CXXVI.

306 2176 444 2230 Ἐὰν
469 2180 552 2247 μὴ
584 2182 789 2249 Κύριος
833 2182 1188 2251 οὶκοδομήσῃ
1239 2179 1421 2247 οἷκον,
1447 2187 1532 2250 είς
1570 2185 1762 2253 μάτην

1933 2187 2095 2244 Vens.
2124 2188 2174 2241 1.
2230 2186 2352 2240 Nisi
2397 2184 2649 2237 Dominus
2698 2179 3024 2247 aediﬁcaverit
3057 2174 3296 2238 domum,
3332 2178 3385 2226 in

223 2262 562 2321 ἐκοπίασαν
612 2274 665 2322 οὶ
721 2270 1187 2339 οἰκοδομοῦντεςο
1247 2273 1353 2325 ἐὰν
1407 2273 1490 2340 μὴ
1553 2275 1762 2342 Κύριος

1871 2294 2056 2333 vanum
2107 2277 2465 2329 laboraverunt
2508 2273 2597 2341 qui
2636 2272 2917 2337 wdi/icant.
2966 2261 3084 2319 Nisi
3133 2266 3383 2318 Dominus

228 2354 467 2424 φυλάξῃ
495 2360 692 2422 πόλιν,
722 2363 807 2424 εὶς
837 2359 1030 2428 μάτην
1062 2362 1438 2428 ἡπρύπνησεν
1468 2366 1500 2415 ό
1534 2363 1764 2430 φυλάσσω

1871 2366 2172 2423 custodierit
2218 2364 2507 2426 civitatem,
2554 2362 2747 2429 frustra
2787 2358 2963 2427 vigilat
3002 2357 3089 2426 qui
3140 2358 3385 2419 custodit,

228 2454 372 2503 σων,
408 2460 464 2497 κ.
495 2463 545 2498 τ.
578 2448 622 2500 ἑ.
660 2449 930 2518 Χρηστέον
978 2448 1053 2517 τῷ
1107 2449 1252 2519 ῥητῷ
1304 2450 1413 2519 (85)
1461 2451 1595 2521 πρὸς
1643 2453 1765 2515 τοὺς

1871 2461 1972 2505 etc.
2007 2449 2264 2504 Utendum
2294 2448 2378 2502 his
2429 2448 2607 2501 verbis
2652 2455 2834 2499 contra
2891 2446 3144 2512 superbas
3195 2444 3389 2511 cogita-

228 2530 325 2599 τῆς
367 2534 737 2606 ὑπερηφανίας
774 2537 1076 2607 λογισμούς.
1116 2538 1237 2590 Ἐὰν
1276 2538 1349 2608 μὴ
1388 2539 1585 2610 Κύριος
1626 2542 1765 2593 οίκο-

1871 2531 2192 2593 ιὶοηοείΝἱεί
2224 2536 2471 2591 Dominus
2498 2535 2845 2589 aediﬁcaverit
2889 2549 3041 2587 suum
3072 2533 3384 2601 impertiens

227 2618 436 2694 δομήσῃ
464 2624 552 2679 διὰ
602 2627 907 2695 συνεργείας
946 2627 1041 2695 τῆς
1092 2628 1216 2696 παρ’
1258 2628 1436 2693 αὑτοῦ,
1481 2632 1558 2691 είς
1591 2632 1764 2701 μάτην

229 2707 524 2766 ἑκοπίασαν
553 2717 601 2767 οἱ
630 2715 1041 2785 οἰκοδομοῦντες·

300 2798 411 2850 Τοῦ
475 2802 678 2855 αὑτοῦ.
730 2802 948 2871 Πρῶτον
996 2802 1343 2872 «ᾠκοδόμησε
1399 2803 1515 2874 (84)
1566 2806 1763 2877 Κύριος

1862 2628 2133 2691 auxilium,
2166 2628 2218 2681 in
2252 2641 2443 2681 vanum
2471 2627 2849 2680 laboraverunt
2878 2623 3229 2678 aediﬁcantes.

1928 2796 2091 2867 826
2145 2797 2411 2865 Ejusdem.
2442 2795 2676 2849 Primum
2716 2812 2735 2845 ι
2790 2794 3074 2847 aedificavit
3130 2794 3386 2845 Dominus

230 2881 326 2953 τὴν
357 2887 594 2959 πλευρὰν
621 2892 686 2959 ἢν
709 2891 889 2943 ἔλαϐεν
912 2892 1016 2943 ἀπὸ
1044 2892 1136 2944 τοῦ
1172 2893 1340 2962 Ἀδὰμ
1361 2897 1437 2957 εἰς
1467 2900 1720 2964 γυναῖκα·
1742 2918 1761 2950 ι

1871 2879 2064 2942 coetam
2093 2904 2257 2957 quam
2305 2886 2509 2954 accepit
2557 2886 2623 2940 de
2649 2884 2815 2938 Adam
2868 2885 2920 2936 in
2957 2879 3318 2935 mulierem’:
3359 2898 3383 2934 ι

230 2970 288 3033 ὃς
314 2974 435 3028 ἐπεὶ
469 2981 544 3050 μὴ
573 2980 878 3051 ᾠκοδόμησε
908 2982 1040 3049 μετὰ
1072 2982 1163 3041 τοῦ
1205 2983 1340 3034 Κάῖν
1372 2985 1765 3055 οἰκοδομοῦντος

1871 2978 1956 3044 qui
2009 2979 2257 3046 quoniam
2309 2991 2411 3029 non
2443 2974 2723 3030 aediﬁcavit
2751 2989 2869 3028 cum
2905 2972 3075 3027 Caino
3114 2973 3384 3027 civitatem

231 3059 322 3112 ιπὶ
351 3065 430 3133 τῷ
455 3067 677 3137 ὀνόματι
704 3068 793 3120 τοῦ
822 3072 934 3122 υἱοῦ
971 3070 1128 3122 αὑτοῦ
1168 3071 1333 3141 Ἑνὼχ
1363 3073 1531 3137 πόλιν,
1554 3077 1633 3137 είς
1675 3077 1767 3145 μάο

229 3162 328 3219 την
358 3152 647 3209 ἐκοπίασεν
670 3157 698 3207 ὁ
724 3158 1008 3228 οἰκοδομῶν
1036 3159 1189 3211 Κάῖν.
1227 3161 1382 3212 ’Δλλὰ
1415 3162 1504 3213 καὶ
1534 3165 1583 3214 oi
1618 3165 1769 3234 κινή-

234 3252 419 3304 οαντες
459 3245 556 3297 ἀπ’
593 3245 879 3309 ἀνατολῶν,
906 3247 998 3299 καὶ
1028 3246 1284 3308 εἰπόντες,
1317 3266 1334 3297 ι
1362 3248 1540 3310 Δεῦτε,
1571 3251 1767 3302 οἰκοδο-

235 3330 495 3401 μήσωμεν
547 3336 754 3394 ἑαυτοῖς
797 3334 946 3385 πόλιν
983 3336 1074 3386 καὶ
1106 3335 1329 3404 πύργον,
1354 3355 1375 3386 )
1424 3337 1596 3407 μάτην
1645 3342 1765 3392 ὲκο-

232 3416 432 3472 πίασαν
465 3422 887 3490 οἰκοδομοῦντες,
919 3422 1037 3472 ἐπεὶ
1080 3422 1152 3491 μὴ
1200 3424 1551 3493 συνῳκοδόμει
1588 3428 1766 3488 αὐτοῖς

232 3505 453 3577 Κύριος.
505 3509 819 3574 Ἐστὲννξαν
845 3509 909 3571 δ’,
934 3509 1101 3581 οἶμαι,
1135 3513 1367 3582 Ἑϐραῖοι
1406 3515 1463 3564 ὲν
1490 3515 1762 3584 Αἰγύπτῳ,

232 3595 305 3659 ὡς
339 3602 515 3672 μάτην
546 3603 603 3653 ὲν
627 3599 702 3669 τῷ
735 3600 1026 3671 οἰκοδομεῖν
1056 3602 1365 3665 κοπιῶντες,
1396 3604 1515 3656 ἐπεὶ
1558 3605 1629 3674 μὴ
1658 3605 1766 3657 Κῦ-

238 3701 347 3753 ριος
376 3689 639 3761 ᾠκοδόμει
666 3694 758 3744 σὺν
782 3691 980 3754 αὐτοῖς.

306 3780 415 3832 Τοῦ
443 3782 645 3834 αὑτοῦ.
689 3779 788 3831 Τὸν
824 3782 881 3831 ὲν
918 3776 1256 3851 Ἰερουσαλὴμ
1297 3779 1404 3851 (85)
1448 3778 1592 3834 οἶκον
1627 3784 1767 3837 οἰκο-

1867 3066 1917 3121 itt
1945 3067 2155 3120 nomine
2181 3067 2270 3119 lilii
2312 3066 2395 3119 sui
2431 3065 2609 3119 Enoch
2650 3064 2964 3126 aediﬁcante,
2997 3062 3050 3115 in
3081 3076 3274 3115 vanum
3307 3060 3386 3113 la-

1859 3154 2073 3209 boravit
2116 3155 2245 3208 Cain
2304 3155 2573 3208 aedilicans
2621 3167 2761 3208 eam.
2812 3154 2915 3207 Sed
2963 3162 3017 3207 et
3072 3150 3124 3205 hi
3176 3152 3266 3221 qui
3322 3153 3388 3204 ah

1861 3245 2067 3298 oriente
2097 3253 2417 3306 moverunt,
2447 3252 2502 3298 et
2527 3242 2794 3307 dixerunt,
2833 3259 2852 3292 ι
2892 3237 3077 3295 Venite
3104 3281 3119 3305 ,
3161 3242 3389 3295 ediﬁce-

1862 3346 1979 3384 mus
2010 3331 2404 3398 nobismetipsis
2427 3331 2697 3384 civitatem
2727 3338 2779 3383 et
2826 3330 3013 3382 turrim
3048 3324 3113 3392 “,
3152 3347 3171 3379 ι
3202 3328 3254 3383 in
3288 3344 3386 3382 va-

1861 3435 1983 3472 num
2010 3420 2380 3473 laboraverunt
2417 3418 2757 3479 mdilicantes,
2790 3419 2912 3485 quia
2943 3431 3048 3471 non
3085 3418 3241 3471 simul
3263 3432 3384 3471 cum

1861 3507 1965 3561 illis
2011 3508 2267 3560 Dominus
2318 3508 2634 3561 aediﬁcabat.
2688 3507 3102 3575 lugetntterunt,
3156 3509 3388 3576 opinor,

1859 3594 2062 3651 Hebraei
2097 3598 2148 3650 in
2190 3596 2459 3667 Egypto,
2507 3607 2691 3666 utpote
2743 3597 2938 3650 frustra
2971 3598 3022 3650 iu
3069 3597 3391 3652 aediﬁcando

1858 3685 2185 3750 laborantes,
2219 3664 2344 3755 quia
2393 3664 2642 3740 Dominus
2667 3700 2769 3738 nou
2800 3685 3100 3739 aediﬁcabat
3127 3701 3248 3738 eum
3280 3664 3409 3741 eis...

1927 3775 2190 3845 Ejusdem.
2222 3774 2321 3839 Qui
2369 3774 2419 3828 in
2456 3771 2749 3828 Jerusalem
2781 3774 2997 3826 domum
3026 3770 3385 3835 aediﬁcabant,

231 3861 516 3931 δομοῦντες
555 3871 725 3939 μάτην
761 3868 1081 3922 ὲκοπίασαν·
1115 3869 1194 3922 διὸ
1236 3870 1539 3941 ωθηρέθη·
1572 3872 1670 3925 οὐκ
1700 3872 1765 3925 ἂν

1871 3866 1912 3917 in
1943 3878 2136 3917 Vanttm
2187 3864 2593 3924 laboraverunt;
2651 3861 2995 3929 quamobrem
3043 3874 3229 3915 eversa
3277 3857 3383 3915 est.

234 3953 529 4029 καθηρέθη,
551 3961 597 4010 εί
628 3958 823 4027 Κύριος
851 3958 1007 4010 αὐτὸν
1034 3957 1384 4028 ᾡκοδομήκει.
1414 3959 1512 4012 Τὸν
1539 3960 1594 4012 δὲ
1620 3957 1764 4013 οἷκον

1871 3952 2281 4021 Haudquaquam
2315 3966 2506 4007 eversa
2540 3952 2731 4005 fuisset
2753 3990 2769 4015 ,
2803 3953 2845 4004 si
2882 3952 3137 4005 Dominus
3165 3965 3282 4004 eam
3309 3966 3385 4003 ae-

231 4041 324 4093 τοῦ
352 4045 509 4110 Θεοῦ,
549 4046 673 4099 ὄντα
709 4047 1022 4115 Ἐκκλησίαν
1064 4048 1245 4110 αὐτοῦ,
1288 4050 1343 4099 oi‘
1372 4049 1765 4118 οἰκοδομοῦντες

1871 4042 2142 4096 diﬁeasset.
2172 4040 2273 4106 Qui
2299 4051 2475 4097 autem
2505 4043 2714 4097 domum
2749 4041 2858 4106 Dei,
2893 4056 3010 4111 qua:
3040 4050 3124 4096 est
3150 4039 3385 4094 Ecclesia

233 4128 511 4188 ἀπόστολοι
545 4136 796 4205 Χριστοῦ,
836 4137 927 4189 καὶ
956 4137 1004 4187 οἱ
1041 4136 1351 4204 τεταγμένοι
1374 4136 1464 4188 ὑπ’
1503 4136 1662 4190 αὐτοῦ
1689 4137 1764 4189 δι-

1871 4130 1993 4198 ejus,
2022 4131 2388 4196 aedificarunt,
2420 4130 2647 4199 apostoli
2681 4131 2899 4194 Christi,
2950 4139 3006 4184 et
3033 4130 3120 4197 qui
3172 4129 3239 4183 ab
3268 4130 3385 4196 ipso

233 4216 509 4288 δάσκαλοι,
551 4227 609 4277 οὐ
655 4226 826 4294 μάτην
875 4226 1197 4278 ὲκοπίασαν⁶
1233 4228 1431 4295 Κύριος
1458 4226 1565 4296 γὰρ
1604 4227 1763 4279 αὐτὸν

1871 4222 2139 4276 constituti
2169 4229 2292 4276 sunt
2321 4222 2591 4288 doctores,
2618 4223 2834 4276 minime
2867 4221 2917 4274 in
2966 4234 3155 4274 vanum
3183 4220 3391 4273 labora-

233 4306 560 4385 ᾠκοδόμησε.
606 4314 712 4365 Καὶ
756 4312 925 4374 ἄλλως
980 4312 1036 4365 δὲ
1085 4309 1228 4364 οἷκον
1290 4314 1650 4382 οἰκοδομοῦσιν
1701 4315 1761 4366 οὐ

1871 4318 2058 4364 verunt
2106 4328 2120 4364 :
2169 4326 2290 4366 nam
2361 4313 2617 4367 Dominus
2672 4312 2954 4367 aediﬁcavit
3002 4326 3163 4368 eam.
3215 4309 3386 4364 Aliter

237 4400 369 4464 μετὰ
400 4403 602 4473 Κυρίου
646 4405 694 4455 οἱ
740 4399 1048 4472 ἑτερόδοξοι,
1095 4402 1191 4472 τὴν
1232 4402 1547 4472 Ἐκκλησίαν
1597 4420 1761 4472 πονη-

236 4490 533 4558 ρευομένων
555 4509 570 4523 ο
605 4490 683 4543 διὸ
725 4492 802 4552 εἰς
835 4490 1006 4559 μάτην
1050 4489 1358 4542 ὲκοπίασαν.
1417 4490 1638 4559 Ὁμοίως
1668 4491 1760 4542 καὶ

244 4568 499 4633 Ἰουδαῖοι.

305 4667 412 4722 Τοῦ
458 4668 658 4723 αὐτοῦ.
702 4664 813 4735 Ἐφ’
839 4666 956 4720 ὅσον
1005 4667 1112 4737 (86)
1143 4664 1287 4729 οἶκός
1333 4670 1476 4721 ἐστιν
1518 4668 1754 4738 ἡψυχὴ,

234 4753 306 4817 ὡς
354 4760 730 4829 οἰκοδεσπότην
783 4758 891 4827 ἔχει
934 4762 989 4811 ὲν
1021 4760 1180 4828 ἑαυτῇ
1225 4758 1315 4810 τὸν
1362 4759 1522 4811 Θεόν·
1571 4759 1664 4811 ἐὰν
1701 4760 1758 4811 δὲ

234 4847 449 4916 γένηται
480 4850 621 4913 ναὸς,
663 4849 736 4910 ὡς
775 4848 903 4900 Θεὸν
930 4848 1232 4917 ὑπάρχοντα
1269 4848 1378 4915 ἔχει
1411 4851 1467 4900 ὲν
1505 4848 1636 4917 αὐτῇ
1670 4847 1762 4919 τὸν

232 4932 492 5009 Χριστόν·
534 4944 626 4996 καὶ
671 4943 757 4995 διὰ
802 4943 896 5009 μὲν
932 4940 1233 5010 πρακτικῆς
1280 4940 1468 4991 κτᾶται
1507 4938 1581 5000 ὡς
1618 4940 1758 4990 οίκο-

231 5025 486 5105 δεσπότην
520 5033 696 5092 αὑτὸν,
725 5030 810 5081 διὰ
848 5029 902 5080 δὲ
945 5029 1173 5096 φυσικῆς
1219 5026 1445 5095 Θεωρίας
1491 5026 1564 5087 ὡς
1606 5026 1755 5094 βασι-

232 5113 349 5170 λέα·
394 5124 487 5176 καὶ
526 5122 682 5175 πάλιν
710 5118 795 5170 διὰ
832 5116 1102 5183 θεολογίας
1133 5117 1206 5176 ὡς
1234 5115 1380 5166 Θεόν.
1418 5114 1525 5164 Καὶ
1552 5113 1628 5181 τῷ
1663 5115 1756 5182 μὲν

305 5231 326 5262 ³
357 5231 581 5288 Βοτιιοιι.
610 5247 691 5294 Ill,
725 5231 813 5283 58.
885 5227 1057 5282 ’Geu.
1084 5242 1154 5292 tt,
1183 5226 1271 5277 2‘2.
1359 5224 1402 5254 ¹⁰
1432 5223 1561 5277 ibid.
1592 5239 1664 5289 st,
1690 5226 1741 5278 4.

301 5341 406 5410 (80)
431 5342 588 5397 Μετὰ
612 5340 806 5412 ταῦτα,
833 5348 935 5392 etc.
968 5336 1187 5412 Seheda:
1213 5333 1412 5412 G‘rabii.
1457 5400 1488 5412 η

300 5402 404 5475 (8ὶῆ
432 5409 712 5475 Ἀνωτέρω
729 5406 860 5474 μέν,
894 5417 996 5475 etc.
1021 5407 1224 5475 Catena
1250 5402 1513 5475 Cptztlerii.

301 5467 405 5543 (82)
434 5483 495 5531 Οἱ
523 5467 783 5545 paeni},
800 5485 910 5545 ftc.
944 5467 1384 5545 S_cheda:_Gt_'ah_ii.

301 5528 407 5615 (85)
434 5528 731 5613 Χλοῆστέοἱ·
758 5528 831 5603 τῷ
842 5540 1018 5605 ῥητῷ,
1041 5551 1144 5593 etc.
1171 5537 1389 5590 Schealte
1426 5528 1627 5589 Grabii.

534 5641 795 5696 ΡΑτιιοι..
841 5633 957 5692 Gn.
1007 5633 1141 5692 Xll.

1863 4398 2024 4451 etiam
2050 4436 2066 4462 ,
2101 4408 2156 4452 et
2185 4414 2287 4454 non
2317 4415 2435 4454 cum
2471 4400 2691 4454 Domino
2718 4401 2930 4454 domum
2956 4400 3218 4455 nidiﬁcant
3243 4400 3390 4454 hete-

1864 4488 2073 4551 rodoxi,
2103 4487 2309 4543 scilicet
2340 4489 2629 4544 Eeclesiam
2659 4489 3059 4558 malignantium
3088 4508 3102 4544 :
3132 4491 3387 4557 quamob-

1862 4592 1972 4629 rem
2002 4578 2053 4630 in
2079 4594 2269 4632 vanum
2300 4578 2695 4632 laboraverunt.
2724 4579 2982 4633 Similiter
3014 4588 3066 4634 et
3096 4577 3286 4632 Judaei.

1931 4664 2197 4733 Ejusdem.
2231 4668 2288 4721 In
2319 4679 2574 4737 quantum
2602 4670 2788 4722 domus
2817 4678 2896 4723 est
2919 4670 3114 4730 anima,
3138 4678 3385 4736 tanquam

1863 4752 2049 4808 domus
2097 4756 2375 4810 Dominum
2423 4757 2585 4811 habet
2630 4757 2684 4810 in
2749 4773 2808 4812 se
2855 4760 3052 4821 Deum;
3109 4757 3151 4810 si
3209 4766 3386 4808 autem

1862 4839 1955 4893 ﬁat
2007 4843 2285 4912 templum,
2318 4854 2566 4913 tanquam
2611 4844 2775 4899 Deum
2819 4846 3194 4902 subsistentem
3226 4843 3385 4896 habet

1861 4931 1916 4984 in
1965 4947 2023 4987 se
2053 4932 2361 5001 Christum;
2392 4946 2447 4990 et
2489 4936 2741 5004 operibus
2769 4936 2977 5003 quidem
3012 4935 3178 5001 ipsum
3209 4944 3384 4999 posst-

1860 5025 1948 5080 det
1978 5036 2231 5093 tauquam
2278 5028 2470 5081 domus
2517 5027 2818 5086 Dominum,
2848 5021 3080 5076 naturali
3108 5034 3232 5074 vero
3260 5034 3385 5071 con-

1863 5115 2207 5184 templatione
2253 5126 2503 5186 tanquam
2552 5127 2769 5182 regem,
2807 5120 2861 5164 et
2909 5122 3090 5161 rursus
3123 5108 3383 5175 theologia

1934 5334 2043 5403 (84)
2075 5336 2310 5405 Πρῶτον
2333 5331 2691 5405 ᾠκοδόμησε,
2720 5336 2829 5380 etc.
2853 5325 3045 5405 (interm
3067 5320 3331 5379 Corderii.

1930 5393 2040 5472 (85)
2072 5393 2179 5472 Τῦν
2203 5401 2271 5457 ἐν
2302 5393 2837 5472 ἰὲρουοίιξλήμηειςέ
2868 5393 3081 5472 Eadem.

1929 5462 2038 5546 (86)
2073 5471 2187 5541 Ἐφ’
2212 5462 2387 5535 ὅσονξ
2409 5480 2511 5524 etc.
2547 5465 2767 5518 selteth
2795 5462 2996 5516 Grabii.

2973 5608 3051 5669 52
