3884 6210
2444 66 2783 71 “ᾐ”ή’“““’”““
2966 66 3005 75 Ὕν
3048 66 3323 101 ’t‘V-u...‘

231 268 397 328 1653
1225 283 1521 339 summa
1558 284 1625 339 IN
1657 266 1988 341 rsALnos.
2025 316 2096 329 —
2129 284 2317 340 PSAL.
2355 283 2607 339 cxxxv.
3399 293 3533 346 mss

231 389 320 451 ὡς
376 391 448 443 ὲν
508 393 607 463 τῷ
659 396 922 466 Ἐϐραῖκῷ
944 413 957 426 ·
992 395 1086 450 νῦν
1128 397 1183 449 δὲ
1233 397 1365 466 μετὰ
1392 397 1504 462 τοῦ,
1533 417 1552 448 ι
1582 397 1639 451 ὲν
1670 398 1821 452 αὐλαῖ

1955 400 2007 451 in
2033 399 2193 451 domo
2227 398 2454 459 Domini,
2479 414 2498 447 ι
2533 405 2590 451 ιιι
2628 397 2736 451 fert
2802 392 2990 448 ιθκίηε
3018 384 3338 468 Ηθδνηίςιιες
3367 420 3504 459 nunc

232 480 407 532 οἴκου
444 481 610 536 Θεοῦ
645 487 820 555 ἡμῶν.
864 506 883 538 ι

1953 495 2127 539 autem
2161 484 2395 552 adjungi,
2432 502 2451 535 ι
2475 485 2527 537 in
2562 485 2717 537 atriis
2752 480 2956 535 domus
2989 475 3089 535 Dei
3118 493 3306 544 nostri.
3336 510 3357 542 ι

316 568 461 621 Ὅτι
528 572 666 641 ἐγὼ
715 574 960 642 ἔγνωκα,
1007 575 1093 629 ὅτι
1132 576 1317 645 μέγας
1347 580 1381 630 ὁ
1424 578 1653 644 Κύριος,
1689 576 1821 629 καίι

2020 572 2178 641 832
2205 573 2367 627 Vens.
2408 571 2462 626 5.
2495 571 2628 636 Quia
2655 587 2750 640 ego
2773 572 2995 635 cognovi
3016 576 3157 638 quod
3178 594 3388 646 magna:
3414 589 3489 631 est

232 658 488 723 Κύριος
529 662 719 728 ἡμῶν
747 665 902 730 παρὰ
940 665 1164 730 πάντας
1214 668 1350 731 τοὺς
1390 667 1578 732 θεοὺς,
1618 684 1672 720 κ.
1718 669 1821 719 τ.ὲ

1952 661 2229 726 Dominus,
2257 672 2304 716 et
2337 662 2587 716 Dominus
2617 670 2797 716 noster
2819 673 2928 726 pra:
2958 663 3198 720 omnibus
3233 669 3353 729 diis,
3381 676 3484 720 etc.

243 745 313 798 '0
356 747 473 816 μὲν
523 750 727 822 ἸοΘώρ
779 769 907 823 φησι
933 753 1076 823 (28)·
1116 773 1134 805 ι
1170 754 1280 807 Νῦν
1332 756 1519 823 ἔγνων,
1551 758 1629 809 ὅτι
1681 755 1817 825 μέγα

1949 734 2134 806 Jetliro
2158 752 2369 820 quidem
2397 752 2532 805 ait“
2564 768 2578 805 :
2619 770 2638 801 ι
2660 752 2812 804 Nunc
2844 752 3064 820 cognovi
3101 756 3222 819 quia
3262 770 3484 822 magnus

234 834 475 905 Κύριος
511 840 684 911 παρὰ
714 842 915 904 πάντας
952 844 1077 905 τοὺς
1108 843 1289 905 θεούς·
1336 862 1355 894 ι
1383 847 1410 897 6
1441 844 1495 896 δὲ
1531 846 1811 915 Προφήτης

1950 840 2202 894 Dominus
2250 842 2442 907 praeter
2487 854 2674 895 omnes
2734 841 2952 905 deos;r
3014 839 3275 910 Propheta
3322 858 3480 908 vero,

239 940 262 973 ι
308 924 453 977 "Ott
488 927 625 995 ἐγὼ
648 930 815 996 ἔγνων
845 950 862 982 ι
897 932 1126 1002 πρῶτον,
1155 951 1173 983 ι
1198 934 1279 986 ὅτι
1313 932 1482 1001 μέγας
1513 935 1540 985 ό
1572 933 1791 1002 Κύριος,

1955 931 2117 996 «Quia
2143 943 2239 999 ego
2267 930 2490 999 cognovi
2529 931 2757 997 primum
2784 930 2908 999 quia
2953 944 3177 1000 magnus
3200 942 3281 986 est
3305 932 3482 984 Domi-

232 1006 394 1074 εἷτα,
432 1032 455 1064 ι
496 1016 611 1068 καὶ
632 1020 660 1070 6
676 1019 870 1089 Κύριος
892 1019 1044 1089 ἡμῶν
1071 1019 1217 1091 παρὰ
1241 1021 1441 1082 πάντας
1468 1021 1590 1082 τοὺς
1613 1019 1782 1083 Θεούς.
1820 1044 1821 1071 :

1948 1034 2099 1082 nus,»
2121 1020 2330 1083 deinde,
2366 1034 2386 1067 ι
2409 1028 2461 1072 et
2476 1018 2730 1072 Dominus
2747 1026 2924 1072 noster
2939 1033 3046 1086 pra:
3060 1019 3304 1074 omnibus
3321 1020 3442 1072 diis.
3456 1037 3474 1070 ι

314 1102 562 1157 Πάντα
600 1105 719 1159 ὅσα
742 1109 1038 1175 ἠθέλησεν
1060 1113 1092 1162 ὁ
1117 1111 1341 1176 Κύριος,
1370 1110 1650 1176 ἐποίησεν
1673 1110 1740 1162 ἐν
1767 1111 1821 1176 τι]

2020 1108 2179 1162 Vnus.
2211 1107 2262 1161 6.
2300 1106 2490 1161 Omnia
2519 1123 2836 1177 quaecunque
2866 1107 3027 1161 voluit
3054 1106 3329 1171 Dominus,
3360 1108 3476 1176 fecit

233 1192 513 1257 οὐρανῷ
553 1196 662 1248 καὶ
688 1196 756 1248 ἐν
782 1196 854 1264 τῇ
880 1197 974 1266 τῇ,
1009 1198 1077 1249 ἐν
1109 1197 1234 1262 ταῖς
1277 1197 1622 1263 θαλάσσαις,
1656 1198 1749 1252 καί
1776 1200 1821 1251 ἐι

1947 1200 2000 1252 in
2035 1198 2158 1251 caelo
2187 1207 2234 1251 et
2268 1197 2324 1250 in
2366 1208 2523 1261 terra,
2569 1198 2621 1250 in
2659 1197 2792 1249 mari
2824 1206 2871 1250 et
2909 1198 2962 1250 in
2993 1198 3229 1250 omnibus
3256 1199 3477 1266 abyssis,

234 1280 499 1347 πάσαις
549 1285 687 1349 ταῖς
717 1287 1021 1350 ἀϐύσσοις,
1055 1304 1108 1338 κ.
1137 1304 1187 1339 τ.
1220 1288 1265 1339 ὲ.
1293 1289 1428 1339 Ὅσα
1461 1289 1706 1357 ἐποίησεν
1734 1288 1821 1356 (29

1946 1299 2050 1343 etc.
2090 1288 2426 1355 Quaecunque
2461 1287 2588 1341 fecit
2623 1288 2876 1341 Dominus
2901 1287 2952 1339 in
2980 1286 3116 1341 caelo
3152 1296 3202 1339 et
3235 1287 3285 1338 in
3314 1295 3474 1349 terra,

236 1372 269 1421 6
312 1372 555 1441 Κύριος
582 1375 641 1425 ἐν
670 1374 745 1442 τῷ
766 1375 992 1445 οὐρανῷ,
1028 1377 1120 1428 καὶ
1147 1378 1202 1428 ὲν
1232 1378 1295 1446 τῇ
1323 1378 1484 1447 γῇ,ὲν
1514 1382 1630 1440 ταῖς
1658 1378 1821 1433 θαλάσ

1948 1379 1999 1430 in
2032 1377 2268 1430 maribus
2293 1385 2344 1429 et
2378 1378 2429 1429 in
2465 1376 2694 1442 abyssis,
2720 1374 2855 1430 bona
2885 1383 3032 1437 sunt,
3072 1382 3258 1442 utpote
3287 1374 3478 1427 volun-

240 1476 381 1521 σαις
418 1463 531 1514 καὶ
568 1466 630 1515 ὲν
667 1468 781 1527 ταῖς
812 1461 1060 1527 ἀΰύσσοις
1088 1465 1223 1519 καλά
1255 1468 1416 1529 ἐστιν,
1451 1468 1543 1520 ἆτε
1587 1466 1821 1538 Θελήματ

1948 1475 2056 1518 tate
2095 1466 2187 1518 Dei
2215 1464 2372 1518 facta.
2400 1464 2455 1518 Si
2491 1467 2610 1532 quis
2650 1474 2825 1517 autem
2849 1474 2929 1518 est
2954 1464 3006 1516 in
3037 1463 3192 1526 caelo,
3225 1464 3478 1531 quemad-

242 1548 561 1617 γενόμενα
614 1550 766 1603 Θεοῦ.
802 1553 863 1604 Ei
895 1551 951 1607 δέ
994 1553 1075 1615 τίς
1113 1553 1255 1605 ἐστιν
1302 1556 1359 1606 ὲν
1393 1555 1621 1624 οὐρανῷ,
1655 1556 1728 1619 ὡς
1777 1557 1821 1609 τέ

1946 1554 2156 1607 modum
2190 1553 2444 1620 spiritalia
2480 1553 2764 1620 nequitiae;
2795 1551 2877 1604 vel
2932 1551 2983 1604 in
3019 1560 3183 1614 terra,
3214 1559 3274 1603 ut
3304 1551 3479 1605 homi-

239 1637 639 1703 πνευματικὰ
670 1638 765 1708 τῆς
794 1640 1067 1710 πονηρίας,
1101 1642 1133 1712 ἢ
1164 1644 1220 1693 ὲν
1248 1645 1312 1710 τῇ
1352 1645 1443 1711 γῇ,
1473 1643 1546 1705 ὡς
1579 1645 1627 1694 oi
1670 1641 1821 1717 ἁμαρ

1949 1660 2042 1699 nes
2087 1654 2422 1712 peccatores;
2464 1642 2547 1693 vel
2588 1641 2639 1694 in
2681 1641 2942 1703 maribus,
2975 1650 3032 1694 ut
3059 1641 3259 1694 malitia
3291 1640 3479 1695 draco-

237 1726 427 1779 τωλοὶ
468 1727 778 1798 ἄνθρωποι,
809 1729 918 1798 ἢέν
948 1733 1065 1792 ταῖς
1097 1730 1402 1794 Θαλάσσαις,
1434 1732 1508 1793 ὼς
1539 1735 1570 1802 ἡ
1604 1732 1695 1784 τοῦ
1716 1734 1821 1804 δρά

1942 1735 2052 1796 nis;
2077 1735 2159 1788 vel
2204 1735 2255 1787 iu
2301 1734 2531 1803 aliyssis,
2557 1738 2614 1785 ut
2649 1732 2971 1800 perversitas
3014 1745 3198 1785 eorum
3227 1732 3317 1799 qui
3350 1732 3477 1786 illuc

239 1833 459 1880 κοντος
488 1820 691 1882 κακία,
721 1820 752 1889 ἢ
781 1822 836 1872 ὲν
859 1823 976 1882 ταῖς
996 1821 1267 1883 ἀϐύσσοις,
1303 1822 1376 1882 ὡς
1412 1824 1445 1891 ἡ
1485 1823 1713 1893 πονηρία
1735 1825 1821 1876 τῶι

1942 1824 2083 1876 abire
2109 1823 2243 1891 jussi
2274 1833 2419 1884 sunt,
2450 1822 2646 1875 malmn
2680 1823 2781 1875 hoc
2817 1835 3148 1890 nequaquam
3185 1821 3311 1875 fecit
3336 1821 3476 1876 Deus

242 1908 775 1977 π’ροστασσομένων
805 1909 917 1960 ἐκεῖ
957 1909 1226 1961 ἀπελθείψ
1274 1911 1437 1962 κακὸν
1476 1910 1629 1963 τοῦτο
1672 1913 1766 1980 οὐχ
1810 1915 1821 1965 ἐ

1942 1912 2210 1965 voluntate
2247 1927 2363 1966 sua.
2400 1910 2569 1964 «Nam
2611 1925 2675 1963 ex
2729 1925 2824 1964 ore
2868 1912 3128 1965 Altissimi
3172 1926 3277 1966 non
3314 1925 3471 1980 egre-

237 1994 393 2057 Θεὸς
436 1995 676 2066 ἐποίησε
700 1995 774 2065 τῷ
803 1996 1055 2067 Θελήματι
1088 1999 1247 2051 αὑτοῦ
1267 2015 1281 2029 ⁸
1311 2016 1330 2049 ι
1370 2000 1463 2051 Ἐκ
1492 2000 1598 2070 γὰρ
1639 2001 1821 2070 στόμα·

1942 2001 2147 2054 dientur
2173 2000 2309 2054 mala
2333 2008 2388 2054 et
2418 1999 2615 2054 bonum
2632 1998 2699 2057 “.
2725 2018 2745 2051 ι

241 2100 345 2147 τος
372 2085 653 2153 ’Υψίσίτου
679 2086 775 2138 οὐκ
794 2086 1120 2151 ἐξελεύσεται
1139 2088 1205 2140 τὰ
1227 2087 1368 2140 κακὰ
1385 2089 1475 2141 καὶ
1501 2080 1559 2140 τὸ
1576 2089 1787 2156 ἀγαθόν.
1813 2108 1831 2140 ι

332 2174 460 2227 Τοῦ
498 2174 711 2228 αὑτοῦ.
740 2176 943 2246 ’Ὠσπερ
995 2177 1022 2228 ό
1069 2178 1291 2247 οὐρανὸς
1334 2179 1439 2247 (50)
1478 2179 1641 2246 ἁγίων
1680 2178 1837 2231 δυνά-

252 2262 414 2331 μεών
453 2264 615 2316 ἐστιν
655 2266 979 2337 οἰκητήριον,
1008 2265 1145 2318 οὕτω
1182 2268 1271 2320 καὶ
1308 2269 1340 2337 ή
1379 2269 1447 2337 γῆ
1490 2268 1594 2321 τῶν
1637 2268 1837 2338 ἀνθρὼ-

251 2368 407 2403 πων.
449 2370 471 2402 ι
510 2352 571 2403 '0
613 2352 834 2422 οὐρανὸς
912 2353 1037 2423 γὰρ,
1092 2356 1239 2421 φησὶ,
1344 2355 1434 2407 τοῦ
1485 2356 1708 2427 οὐρανοῦ
1761 2357 1836 2428 τῷ

250 2438 495 2509 Κυρίῳ,
530 2439 629 2508 τὴν
658 2440 713 2491 δὲ
732 2441 831 2509 γῆν
852 2439 1014 2493 ἔδωκε
1040 2444 1150 2503 τοῖς
1176 2444 1306 2504 υἱοῖς
1333 2441 1438 2493 τῶν
1461 2440 1771 2512 ἀνθρώπιον.
1810 2462 1828 2493 ι

255 2530 379 2581 Καὶ
413 2530 616 2600 ὥσπερ
647 2531 703 2582 ἐν
734 2534 849 2593 ταῖς
877 2532 1145 2602 τροπικῶς
1186 2532 1499 2601 λεγομέναις
1544 2532 1834 2596 θαλάσσαις

252 2618 524 2676 οίκοὸειν
559 2620 603 2670 oi
634 2620 983 2689 ἀντικείμενοι
1008 2622 1135 2690 ἡμῖν
1164 2621 1425 2691 δαίμονες,
1469 2625 1524 2674 ὲν
1561 2617 1647 2685 αἷς
1684 2623 1775 2675 καὶ
1805 2624 1833 2674 6

255 2714 495 2783 δράκων
535 2709 771 2779 ἐπλάσθη
811 2709 901 2761 τοῦ
944 2711 1225 2780 ἐμπαίζειν
1265 2710 1442 2780 αὐτῷ·
1481 2710 1618 2763 οὕτω
1648 2711 1740 2764 καὶ
1776 2713 1832 2764 ὲν

255 2804 389 2865 ταῖς
425 2799 806 2873 ἀλληγορικῶς
843 2800 1153 2870 λεγομέναις
1196 2799 1445 2863 ἀϐύσσοις
1479 2801 1527 2852 οἱ
1568 2799 1830 2869 καταχθό-

261 2890 377 2946 νιοι
418 2893 698 2961 δαίμονες.

350 2982 617 3050 Ἀνάγων
642 2980 896 3048 νεφέλας
920 2978 989 3042 ἐξ
1024 2978 1279 3047 ἐσχάτου
1308 2979 1416 3047 τῆς
1440 2979 1551 3047 γῆς
1568 2996 1581 3009 ο
1613 2980 1828 3047 ἀστρα-

262 3069 391 3134 πὰς
424 3047 518 3133 είξ
552 3047 724 3120 ὐετὸῶ
752 3069 1054 3135 ἐποίησεν,
1094 3085 1145 3121 κ.
1176 3084 1226 3119 τ.
1262 3069 1307 3120 ἐ.
1348 3068 1555 3137 Νεφέλη
1582 3070 1694 3122 ἐστὶ
1721 3070 1828 3138 (51)
1855 3047 1898 3103 C

262 3160 438 3227 φύσις
464 3157 676 3227 λογικὴ,
705 3159 825 3220 τοὺς
855 3160 980 3226 περὶ
1023 3158 1278 3227 Προνοίας
1321 3157 1509 3224 λόγους
1541 3175 1829 3211 πεπιστευ-

269 3247 413 3315 μένη
436 3261 451 3276 ο
491 3242 737 3312 ἀστραπὴ
774 3243 829 3294 δέ
869 3245 981 3295 ἐστι
1018 3243 1325 3296 διδασκαλία
1360 3246 1714 3315 πνευματικὴ,
1743 3246 1823 3298 λο-

265 3328 441 3395 γικὰς
482 3328 656 3395 ψυχὰς
685 3328 789 3379 ἀπὸ
815 3329 1008 3390 κακίας
1033 3331 1117 3380 ἐπ’
1148 3330 1342 3400 ἀρετὴν
1365 3331 1722 3396 ἐπανάγουσα.

343 3416 462 3468 Καὶ
495 3415 675 3467 ἔδωκε
699 3416 808 3483 τὴν
830 3416 942 3485 γῆν
964 3418 1163 3470 αὐτῶν
1188 3420 1599 3486 κληρονομίαν,
1626 3437 1678 3474 κ.
1703 3438 1750 3472 τ.
1781 3421 1826 3473 ἐ.

269 3505 336 3556 Et
368 3507 403 3574 ἡ
440 3503 768 3574 κληρονομία
798 3505 903 3574 (52)
932 3506 1083 3575 ἡμῶν
1108 3507 1301 3573 γνῶσίς
1326 3509 1525 3577 ἐστινή
1557 3508 1647 3561 τοῦ
1673 3508 1827 3570 Θεοῦ,

271 3592 396 3656 πῶς
421 3592 668 3659 λέγονται
710 3594 951 3663 κατέχειν
980 3596 1176 3664 ταύτην
1212 3598 1259 3648 oi
1306 3596 1691 3665 ἀντικείμενοι;
1724 3599 1829 3650 Καὶ

272 3680 538 3752 ζητήσεις
584 3682 788 3750 μήποτε
840 3682 1079 3750 λέγονται
1126 3685 1387 3754 κατέχειν,
1417 3686 1511 3754 οὐχ
1551 3686 1625 3748 ὡς
1667 3685 1825 3752 γινὼ-

275 3786 523 3832 σκοντες,
554 3769 663 3821 ἀλλ’
691 3771 764 3833 ὡς
793 3771 1083 3835 κωλύοντες
1116 3775 1258 3843 ἡμᾶς
1287 3774 1456 3826 ἐλθεῖν
1489 3774 1621 3843 πρὸς
1641 3775 1823 3845 αὑτήν.

347 3861 690 3928 Εὑλογητὲς
717 3864 928 3930 Κύριος
952 3863 1019 3915 ἐκ
1058 3863 1207 3916 Σιὼν
1235 3866 1267 3917 ό
1308 3862 1587 3917 κατοικῶν
1626 3865 1826 3930 Ἰερου-

275 3948 509 4017 σαλὴμ,
550 3967 604 4002 κ.
648 3969 698 4003 τ.
733 3952 779 4003 ἑ.
830 3953 885 4005 '0
918 3953 975 4004 ὲν
1019 3953 1230 4025 καθαρᾷ
1264 3953 1373 4023 (55)
1413 3954 1606 4024 καρδίᾳ.
1653 3969 1827 4005 κατοι-

279 4038 394 4092 κῶν
418 4043 655 4092 κατοικεῖ
695 4041 749 4091 ὲν
789 4040 1151 4112 Ἰερουσαλήμ.
1194 4043 1474 4095 Κατοικεῖν
1505 4042 1560 4094 δὲ
1586 4042 1742 4094 αὐτὸν
1770 4044 1825 4093 ὲν

289 4129 640 4199 Ἰερουσαλὴμ
665 4128 785 4199 ἔφη,
825 4132 884 4182 οὐ
918 4132 1011 4200 τὴν
1052 4133 1197 4184 θείαν
1231 4132 1390 4200 φύσιν
1413 4134 1526 4184 ὲκεί
1569 4130 1824 4201 περιγρά-

280 4234 416 4284 φων,
447 4218 559 4270 ἀλλ’
582 4220 694 4270 ἐκεῖ
723 4220 1013 4287 τηνικαῦτα
1037 4219 1131 4290 τὴν
1163 4219 1309 4271 θείαν
1334 4219 1645 4288 ἐπιφάνειαν
1672 4217 1824 4280 εἰδὼς

279 4309 337 4361 ὲν
361 4308 438 4378 τῷ
463 4307 574 4378 ναῷ
597 4308 693 4377 τῆς
728 4309 1090 4381 Ἰερουσαλήμ.

794 4483 990 4534 ΨΑΛΜ
998 4484 1077 4535 ΟΣ
1129 4482 1292 4536 PAE'.

362 4566 826 4636 Ἑξομολογεῖσθε
866 4571 944 4635 τῷ
970 4573 1188 4639 Κυρίῳ,
1218 4573 1304 4624 ὅτι
1339 4573 1553 4639 ἀγαθὸς
1573 4610 1588 4634 ,
1619 4572 1702 4625 ὅτι
1732 4578 1816 4640 εἰς

281 4655 385 4705 τὸν
420 4652 602 4707 αἰῶνα
640 4655 706 4707 τὸ
751 4658 918 4722 ἔλεος
958 4660 1174 4723 αὑτοῦ,
1202 4678 1254 4711 κ.
1290 4676 1341 4712 τ.
1372 4662 1417 4712 ὲ.
1453 4663 1512 4713 Oi
1548 4661 1814 4713 ταλαιπω-

287 4743 496 4809 ροῦντες
524 4744 630 4812 (54)
660 4747 715 4797 ὲν
751 4746 825 4816 τῷ
856 4748 1004 4800 αίῶνι
1042 4746 1260 4811 εἰκότως
1287 4749 1537 4820 χρῄζουσι
1576 4753 1671 4804 καὶ
1702 4753 1813 4805 ὲλέρ

281 4848 370 4895 ους
397 4835 453 4884 ὲν
482 4834 558 4903 τῷ
590 4836 761 4889 αίῶνι.

362 4924 831 4993 Ἐξομολογεῖσθε
864 4925 942 4989 τῷ
976 4926 1093 4990 Θεῷ
1125 4926 1239 4979 τῶν
1265 4927 1443 4990 θεῶν,
1475 4929 1559 4981 ὅτι
1591 4933 1676 4994 εἰς
1708 4932 1810 4982 τὸν

283 5013 459 5064 αἰῶνα
508 5013 573 5065 τὸ
612 5014 777 5078 ἕλεος
815 5014 1035 5077 αὐτοῦ,
1075 5033 1128 5068 κ.
1175 5034 1226 5068 τ.
1273 5019 1318 5069 ἐ.
1376 5020 1438 5070 Ἠ
1481 5018 1806 5090 ἐξομολόγη-

284 5114 364 5161 σις
391 5101 497 5171 (35)
541 5100 636 5171 τὴν
663 5102 1002 5171 εὐχαριστίαν
1044 5104 1134 5155 καὶ
1177 5104 1470 5172 δοξολογίαν
1520 5108 1764 5174 σημαίνει
1791 5124 1803 5136 ·

2006 2171 2279 2242 Ejusdem.
2310 2172 2767 2240 Quemadmodum
2807 2174 3000 2227 ecelum
3030 2183 3333 2229 sanctarum
3359 2179 3471 2230 vir-

1939 2266 2127 2322 tutum,
2174 2261 2252 2313 sic
2307 2270 2356 2314 el
2423 2270 2562 2315 terra
2613 2262 2885 2314 hominum
2942 2270 3025 2314 est
3084 2262 3467 2319 habitaculum.

1940 2364 1960 2397 ι
1987 2346 2190 2401 C(elum
2223 2349 2386 2413 enim,
2414 2349 2586 2417 inquit
2607 2348 2672 2414 “,
2701 2350 2824 2403 coeli
2875 2350 3117 2412 Domino.
3147 2359 3341 2405 terram
3382 2365 3471 2404 au-

1936 2443 2041 2487 tem
2071 2435 2220 2489 dedit
2273 2436 2395 2491 llliis
2431 2436 2725 2491 hominum.
2751 2454 2771 2488 ι
2818 2437 2882 2490 Et
2925 2438 3369 2507 quemadmodum
3415 2445 3467 2493 in

1935 2523 2137 2590 tropice
2181 2523 2338 2577 dictis
2384 2525 2619 2579 maribus
2653 2526 2945 2579 adversarii
3002 2527 3156 2581 nobis
3202 2529 3469 2582 daemones

1933 2613 2193 2678 habitant,
2220 2615 2434 2685 illicque
2461 2619 2623 2671 etiam
2661 2618 2822 2672 draco
2847 2612 3005 2673 ﬁctus
3025 2628 3106 2674 est
3134 2628 3190 2672 ut
3217 2620 3467 2675 illuderet

1930 2702 2001 2764 ei,
2033 2702 2111 2756 sic
2136 2712 2189 2757 et
2220 2704 2271 2757 in
2299 2705 2577 2775 allegorice
2614 2710 2819 2764 vocatis
2858 2710 3069 2781 abyssis
3099 2710 3346 2766 habitant
3380 2713 3467 2768 iu-

1930 2792 2066 2847 ferui
2093 2793 2385 2851 daamones.

1998 2964 2158 3024 Vatis.
2200 2967 2251 3020 7.
2289 2967 2526 3023 Educem
2567 2971 2722 3025 nubes
2746 2972 2811 3025 ab
2838 2983 3065 3028 extremo
3091 2981 3266 3037 terrm,
3290 2975 3465 3044 fulgu-

1931 3070 1990 3107 ra
2028 3056 2081 3108 in
2114 3056 2341 3123 pluviam
2378 3060 2520 3126 fecit,
2552 3068 2657 3113 etc.
2704 3060 2881 3115 Nubes
2909 3072 2990 3116 est
3027 3073 3217 3116 natura
3258 3064 3465 3119 ratione

1931 3145 2166 3210 praedita,
2213 3148 2295 3200 cui
2341 3150 2542 3202 credita
2578 3159 2702 3203 sunt
2733 3151 2942 3220 eloquia
2985 3153 3052 3208 de
3086 3151 3489 3219 Providentia;-

1932 3232 2106 3298 l‘ulgur
2153 3245 2331 3289 autem
2375 3246 2460 3291 est
2494 3239 2736 3293 doctrina
2779 3241 3036 3307 spiritalis
3088 3257 3208 3312 quae
3258 3244 3463 3298 animas

1931 3322 2137 3376 ratione
2162 3328 2411 3391 praeditas
2433 3344 2463 3381 a
2488 3329 2687 3383 malitia
2713 3331 2777 3383 ad
2802 3332 3049 3387 virtutem
3080 3344 3315 3386 revocat.

1998 3407 2156 3463 Vens.
2186 3413 2269 3463 l2.
2292 3412 2357 3464 Et
2376 3415 2516 3466 dedit
2542 3424 2732 3468 terram
2758 3430 2934 3469 eorum
2963 3420 3332 3482 Itwreditatem,
3352 3427 3459 3474 etc.

1928 3497 1982 3552 Si
2014 3500 2298 3554 haereditas
2340 3512 2517 3555 nostra
2548 3506 2778 3573 cognitio
2817 3506 2904 3561 Dei
2953 3517 3058 3572 est,
3083 3511 3348 3577 quomodo
3375 3511 3458 3565 di-

1927 3599 2117 3641 cuntur
2143 3604 2259 3642 eam
2286 3590 2527 3645 obtinere
2554 3594 2879 3649 adversarii?
2906 3595 2971 3650 Et
2998 3612 3205 3665 qmeres
3231 3613 3297 3651 ue
3323 3602 3460 3657 furto

1926 3674 2170 3731 dicantur
2224 3679 2502 3743 obtinere,
2568 3697 2671 3736 nou
2743 3686 2992 3753 tanquam
3053 3703 3460 3757 cognoscentes,

1929 3766 2019 3819 sed
2050 3774 2297 3832 tanquam
2329 3770 2672 3834 prohibentes
2697 3785 2761 3823 ne
2792 3773 2857 3824 ad
2890 3787 3007 3826 eam
3039 3775 3379 3830 accedamus.

1993 3854 2155 3909 Vsus.
2181 3857 2269 3910 21.
2295 3858 2603 3912 Benedictus
2647 3859 2898 3915 Dominus
2923 3879 2987 3916 ex
3012 3864 3160 3930 Sion,
3190 3867 3281 3933 qui
3308 3868 3457 3932 [tabi-

1924 3952 1997 3994 tut
2022 3944 2073 3996 in
2102 3943 2416 4012 Jerusalem,
2443 3958 2543 4001 etc.
2576 3948 2673 4013 Qui
2710 3951 2760 4002 iu
2796 3953 2956 4005 corde
2985 3968 3116 4020 puro
3146 3954 3366 4020 habitat,
3402 3957 3454 4009 in

1921 4031 2213 4086 Jerusalem
2254 4035 2482 4089 habitat.
2536 4038 2713 4106 Ipsum
2746 4049 2920 4092 autem
2949 4043 3192 4094 habitare
3223 4043 3273 4095 in
3303 4043 3458 4097 Jeru-

1922 4120 2083 4174 salem
2119 4124 2271 4189 dixit,
2305 4140 2407 4179 non
2445 4130 2583 4195 quod
2615 4129 2847 4181 divinam
2897 4130 3003 4182 illic
3053 4140 3294 4184 naturam
3344 4133 3457 4185 cir-

1921 4214 2274 4278 cumscribat,
2305 4216 2394 4268 sed
2426 4218 2565 4284 quod
2605 4218 2712 4272 illic
2748 4218 2909 4271 Deum
2940 4220 2991 4272 in
3019 4221 3214 4290 templo
3238 4221 3456 4280 Jerusa-

1925 4302 2027 4355 lem
2059 4303 2388 4359 manifestari
2416 4309 2598 4362 sciret.

2277 4482 2435 4553 333
2481 4481 2794 4540 PSALMUS
2830 4485 3084 4543 cxxxv.

1990 4572 2147 4626 Vens.
2197 4573 2247 4626 1.
2297 4574 2618 4640 Can/itemini
2678 4574 2898 4630 Domino
2946 4581 3188 4646 quoniam
3244 4581 3406 4633 bonus
3435 4622 3448 4643 ,

1918 4664 2159 4729 quoniam
2186 4662 2237 4713 in
2261 4664 2504 4714 arculum
2526 4665 2876 4717 misericordia
2904 4668 3038 4730 eius,
3074 4677 3179 4722 etc.
3210 4670 3450 4725 Infelices

1918 4751 1969 4801 in
2024 4751 2216 4803 saeculo
2262 4752 2515 4821 ind‘gent,
2567 4763 2622 4807 ut
2662 4756 2849 4809 rationi
2887 4768 3301 4813 consentaneum
3344 4773 3443 4824 est,

1916 4840 2075 4891 etiam
2109 4840 2471 4893 misericordia
2502 4837 2553 4893 iu
2585 4842 2796 4895 saculo.

1989 4926 2146 4979 Vsus.
2192 4927 2247 4978 Ξ.
2296 4927 2623 4996 Con/itemini
2669 4929 2774 4982 Deo
2832 4931 3063 4997 deorum,
3106 4934 3347 4999 quoniam
3395 4936 3464 5006 in.

1913 5016 2156 5070 sa'culum
2195 5019 2549 5072 misericordia
2577 5021 2710 5084 eius,
2762 5029 2868 5074 etc.
2901 5021 3294 5088 Exomologesis
3330 5039 3448 5090 gra-

1914 5108 2104 5161 tiarum
2128 5109 2390 5164 actionem
2423 5121 2475 5162 et
2504 5107 2943 5179 gloriﬁcationcm
2971 5109 3253 5176 significat.
3288 5108 3450 5166 Usur-

349 5218 392 5252 ³³
416 5217 580 5274 Exod.
605 5233 756 5282 xvut,
782 5219 865 5273 Η.
939 5220 984 5253 ³⁸
1011 5220 1289 5284 Τίιιθη.ιιι,
1312 5225 1397 5276 58.
1472 5224 1515 5256 ’⁸
1548 5226 1683 5279 Psal.
1723 5242 1877 5291 cxm,
1901 5227 1982 5281 l6.

349 5328 456 5395 (28)
496 5331 558 5382 '0
586 5330 700 5399 μὲν
731 5330 912 5398 Ἰοθώρ
932 5346 1097 5399 φησι,
1127 5343 1229 5386 etc.
1259 5334 1457 5388 Catena
1491 5336 1749 5392 Corderii.

349 5399 458 5462 (29)
495 5400 646 5451 Ὅσα
672 5400 974 5466 ἐποίησεν.
1012 5411 1116 5454 etc.
1144 5401 1357 5454 Eadem.

349 5466 456 5533 (ᾆο)
483 5468 699 5530 Ὥσπερ
740 5471 771 5519 ό
806 5470 1074 5533 οὐρανός,
1107 5480 1210 5522 etc.
1247 5470 1466 5525 Schedm
1499 5472 1702 5530 Grabii.

351 5532 457 5602 (51)
489 5534 719 5602 Νεφέλη
752 5532 942 5599 ἐστίν,
971 5547 1075 5591 etc.
1107 5539 1330 5591 limdcm.

1979 5341 2088 5411 (59.)
2116 5345 2183 5395 El
2210 5344 2246 5409 ἡ
2272 5337 2649 5411 κληρονομία,
2679 5344 2791 5411 mf}.
2826 5338 3062 5411 Eaedem.

1979 5403 2087 5477 (55)
2126 5411 2188 5461 '0
2214 5403 2282 5461 ἐν
2304 5403 2680 5477 καθαρᾷζιειο.
2719 5403 2965 5477 Easdem.

1975 5470 2082 5545 (34)
2110 5480 2171 5545 Oi
2208 5470 2734 5545 ταλαιπῳροῦντες,
2770 5476 3148 5545 etc._E:cdem.

1989 5539 2100 5606 (53)
2146 5544 2203 5597 Ἠ
2225 5539 2678 5605 ἐξομολόγησις.
2712 5548 2841 5591 etc.
2877 5542 3104 5596 Eaedem.
