3884 6258
246 296 383 352 1857

1197 306 1500 362 SELECTA
1536 308 1603 362 IN
1638 308 1972 365 PSALMOS.
2008 342 2078 351 —
2114 312 2302 367 PSAL.
2334 315 2610 371 CXXXVI.

3306 323 3440 378 1658

244 406 335 458 λον
364 406 465 476 τῆς
496 410 809 480 πρακτικῆς
832 450 846 473 ,
877 413 1114 467 σπεύδων
1146 416 1238 468 ἐπὶ
1261 414 1357 483 τὴν
1384 417 1486 486 γῆν
1513 418 1610 487 τῆς
1646 419 1803 485 ἐπαγ

1916 428 2111 473 terram
2158 425 2602 491 repromissionis,
2645 442 2764 497 quae
2810 429 3008 485 dicitur
3045 444 3168 486 esse
3211 437 3440 505 cognitio

246 496 454 562 γελίας,
485 499 555 566 ἦν
585 516 745 566 φασιν
782 498 918 555 εἷναι
950 505 1046 573 τὴν
1076 505 1271 571 γνῶσιν
1298 506 1388 558 τοῦ
1416 505 1567 558 Θεοῦ.

314 584 427 637 Καὶ
466 585 845 651 ἐκτινάξαντι
884 590 1088 658 Φαραὼ
1111 630 1125 653 ,
1154 594 1250 646 καὶ
1283 593 1395 661 τὴν
1418 593 1669 661 δύναμιν
1702 595 1807 648 αὐ-

244 672 352 724 τοῦ
388 675 478 738 εἰς
521 675 843 731 θάλασσαν
870 679 1185 746 Ἐρυθρὰν,
1228 700 1282 734 κ.
1331 699 1381 735 τ.
1432 685 1479 735 ὲ.
1513 682 1621 752 Τὴν
1657 685 1809 737 εὐκο-

244 757 363 811 λίαν
397 762 509 832 (59)
544 765 640 816 τοῦ
668 766 1096 836 καταποντισμοῦ
1129 768 1438 838 βουλόμενος
1463 770 1715 839 δηλῶσαι,
1741 773 1805 839 τῇ

243 847 384 914 λέξει
411 853 590 924 ταύτῃ
623 857 909 926 ἐχρήσατο.
943 859 1197 910 Κοινωνεῖ
1220 858 1274 910 δὲ
1316 860 1408 910 καὶ
1435 860 1494 911 τὸ
1524 860 1810 930 στρατόπε-

243 937 332 989 δον
366 939 466 1008 τῆς
494 944 769 1013 τιμωρίας
792 947 884 997 καὶ
906 942 1206 1008 κολάζεταιο
1230 948 1413 1019 ἐπειδὴ
1437 948 1541 1001 τῶν
1564 951 1810 1021 ἁμαρτη-

249 1028 434 1097 μάτων
465 1030 579 1083 τῶν
615 1034 742 1103 ’περί¹
791 1037 912 1097 τοὺς
952 1036 1229 1099 Ἰουδαίους
1274 1037 1626 1108 ἐκοινώνησαν
1649 1077 1665 1103 ,
1716 1040 1808 1092 καὶ

245 1117 343 1186 τῆς
376 1118 618 1185 διώξεως
657 1122 933 1192 μετέσχον.
1528 1178 1533 1181 ν

317 1208 440 1260 ’Ὁτι
487 1210 560 1261 ἐν
606 1209 683 1277 τῇ
716 1213 1058 1265 ταπεινώσει
1101 1213 1265 1281 ’ἡμῶν
1304 1214 1570 1282 ἐμνήσθη
1608 1215 1805 1283 ἡμῶν,

245 1313 303 1350 κ.
333 1315 387 1351 τ.
417 1300 465 1350 ἑ.
502 1299 677 1352 Ὅταν
706 1301 800 1370 μὲν
825 1301 930 1371 (40)
962 1302 1035 1365 ὡς
1059 1303 1374 1373 ἀκαθάρτων
1411 1304 1565 1374 ἡμῶν
1599 1322 1805 1375 μνημοσ-

247 1386 392 1441 νεύει
420 1388 583 1458 ἡμῶν
608 1392 637 1442 ὁ
669 1390 887 1460 Κύριος,
917 1391 1051 1444 κατὰ
1083 1392 1178 1461 τὴν
1215 1393 1450 1446 ἐπίνοιαν
1480 1392 1578 1460 τῆς
1608 1392 1806 1444 δικαιο-

246 1476 411 1547 σύνης
436 1481 469 1547 ἡ
480 1479 600 1546 μῶν
631 1481 947 1550 μνημονεύει
965 1497 981 1512 ο
1015 1483 1139 1534 ὅταν
1170 1483 1225 1534 δὲ
1254 1482 1411 1535 πάλιν
1438 1482 1513 1545 ὼς
1535 1482 1804 1551 καθαρῶν,

244 1565 389 1618 κατὰ
425 1568 528 1637 τὴν
569 1569 810 1621 ἐπίνοιαν
852 1569 951 1638 τῆς
979 1570 1196 1637 σοφίας·
1244 1570 1378 1640 πλὴν
1407 1571 1562 1623 τοῦτο
1602 1571 1804 1635 ἰστέον,

1908 507 2021 561 Dei.

1975 593 2137 649 Vsus.
2164 596 2249 652 15.
2284 597 2350 651 Et
2388 602 2611 653 excussit
2637 600 2962 659 Pharaonem
2984 618 3030 662 et
3063 611 3295 666 uirtutem
3326 615 3439 683 ejus

1906 680 1959 733 in
1990 683 2124 734 mari
2158 681 2352 750 Rubro,
2381 694 2484 739 etc.
2516 686 2684 751 Quam
2707 689 2861 744 facile
2885 695 2996 749 haec
3021 697 3285 755 demersio
3301 680 3438 756 facta

1907 768 1998 833 sit,
2034 770 2220 824 volens
2248 775 2535 828 ostendere
2561 812 2577 838 ,
2610 777 2707 829 hac
2735 780 2967 834 dictione
2994 799 3121 837 usus
3146 796 3249 844 est.
3290 790 3438 855 Quo-

1906 858 2049 911 niam
2115 873 2240 912 vero
2305 863 2568 917 exercitus
2619 865 2828 932 injusta:
2892 871 3167 927 adversum
3230 874 3441 933 Iudaeos

1905 949 2292 1015 persecutionis
2316 951 2585 1022 particeps
2615 964 2752 1021 erat,
2808 958 2880 1011 ita
2916 969 2971 1014 et
3009 964 3246 1033 supplicii
3277 968 3444 1036 parti-

1905 1049 2029 1103 ceps
2049 1036 2168 1090 luit.

1975 1212 2140 1266 Vens.
2172 1213 2261 1269 25.
2290 1214 2425 1279 Quia
2466 1219 2519 1270 in
2560 1220 2849 1275 humilitate
2894 1233 3069 1278 nostra
3099 1241 3291 1280 memor
3341 1228 3441 1296 fuit

1906 1301 2089 1362 nostri,
2139 1310 2247 1355 etc.
2299 1303 2520 1369 Quando
2550 1310 2718 1361 nostri
2752 1318 2998 1379 tanquam
3050 1313 3442 1370 immundorum

1905 1386 2146 1441 meminit
2180 1389 2449 1456 Dominus,
2475 1398 2763 1449 secundum
2790 1398 3009 1464 iustitiae
3035 1417 3144 1456 suae
3172 1404 3442 1458 notionem

1905 1478 2076 1530 nostri
2142 1483 2416 1545 meminit;
2463 1487 2679 1553 quando
2733 1499 2910 1542 autem
2967 1493 3132 1546 nostri
3195 1503 3442 1561 tanquam

1909 1567 2229 1622 mundorum
2259 1574 2537 1637 meminit,
2589 1576 2879 1630 secundum
2908 1581 3177 1648 sapientiae
3206 1599 3313 1637 sua:
3348 1600 3445 1638 no-

243 1653 434 1725 ὅτιπερ
474 1651 642 1708 αὗται
676 1657 731 1711 αἰ
778 1657 1003 1711 ἐπίνοιαι
1053 1657 1192 1711 κατὰ
1232 1659 1328 1727 τῆς
1366 1658 1471 1709 τῶν
1514 1659 1803 1725 γεγονότων

1914 1655 2106 1709 tionem
2142 1659 2308 1711 nostri
2355 1664 2643 1717 meminit:
2679 1677 3042 1722 verumtamen
3087 1671 3224 1723 istud
3273 1674 3447 1725 scien-

245 1724 479 1811 Θεωρίας
528 1744 975 1813 κατηγοροῦνται,
1019 1747 1137 1815 ἥτις
1180 1746 1254 1809 ὡς
1287 1724 1614 1816 δημιουργὸν
1647 1746 1803 1816 παρί-

1914 1743 2029 1796 dum
2059 1749 2275 1808 est,lias
2303 1750 2548 1807 notiones
2582 1758 2859 1823 praedicari
2883 1761 2946 1813 de
2976 1775 3150 1814 rerum
3182 1763 3443 1816 factarum

246 1845 403 1900 στησι
436 1831 532 1884 τὸν
560 1831 812 1902 Χριστόν.

324 2003 389 2056 '0
424 2004 641 2069 διδοὺς
681 2007 905 2075 τροφὴν
925 2009 1087 2077 πάσῃ
1112 2009 1308 2075 σαρκὶ,
1332 2028 1385 2062 κ.
1413 2027 1462 2062 τ.
1499 2009 1545 2061 ὲ.
1587 2009 1650 2059 Ἦ
1683 2024 1806 2079 τρε-

244 2095 457 2164 φομένη
490 2094 607 2165 (41)
653 2095 786 2167 σὰρξ
833 2099 979 2169 παρὰ
1028 2099 1118 2151 τοῦ
1149 2100 1314 2164 Θεοῦ,
1356 2099 1493 2169 αῦτη
1530 2098 1716 2169 ὄψεται
1750 2098 1809 2150 τὸ

247 2187 518 2257 σωτήριον
549 2184 645 2238 τοῦ
676 2185 830 2241 Θεοῦ.

787 2360 1070 2415 “mox
1107 2362 1294 2430 ΡΛετο.

331 2447 467 2504 Ἕπί
497 2447 624 2501 τῶν
667 2449 942 2515 ποταμῶν
988 2451 1336 2516 Βαϐυλῶνος
1373 2450 1500 2504 ἐκεῖ
1533 2451 1810 2505 ἐκαθίσα-

242 2554 360 2607 μεν
389 2537 490 2590 καὶ
529 2537 909 2604 ἐκλαύσαμεν
931 2538 1000 2589 ἐν
1031 2537 1110 2602 τῷ
1130 2538 1471 2606 μνησθῆναι
1508 2537 1663 2606 ἡμᾶς
1701 2538 1810 2606 τῆς

247 2625 423 2688 Σιὼν,
458 2642 513 2676 κ.
542 2641 597 2676 τ.
626 2625 672 2676 ἑ.
714 2623 883 2686 Πολὺς
922 2627 950 2677 ὁ
989 2626 1146 2688 πόθος
1175 2626 1281 2695 (42)
1308 2630 1418 2689 τοῖς
1458 2627 1681 2697 ἀνδράσι
1712 2629 1809 2697 τῆς

247 2714 479 2776 πόλεως.
524 2713 682 2775 Τίνος
724 2713 778 2765 δὲ
820 2714 979 2767 ἕνεκα
1025 2715 1173 2785 παρὰ
1211 2718 1334 2778 τοὺς
1366 2716 1639 2784 ποταμοὺς
1681 2716 1808 2768 ἑκά-

249 2805 412 2872 θηντο
447 2819 463 2864 ;
507 2803 632 2854 Ὅτι
656 2840 669 2858 .
698 2804 1021 2872 αἰχμάλωτοι
1052 2805 1199 2867 ὄντες
1228 2806 1321 2857 καὶ
1345 2805 1408 2856 ὲκ
1437 2803 1693 2873 πολεμίας
1729 2805 1805 2856 εἰ-

1907 1835 2355 1901 contemplatione
2411 1845 2529 1907 qua:
2601 1853 2849 1911 tanquam
2915 1849 3159 1916 opiticcm
3228 1852 3445 1907 exhibet

1909 1921 2202 1978 Christum.
3262 1955 3266 1959 ‘

1978 2012 2137 2070 Vens.
2162 2016 2253 2071 25.
2294 2016 2396 2079 Qui
2435 2020 2527 2072 dat
2548 2038 2718 2074 escam
2751 2026 2890 2075 omni
2938 2027 3106 2089 carni,
3145 2037 3250 2082 etc.
3307 2029 3446 2084 Caro

1912 2113 2028 2168 qua:
2054 2117 2083 2155 a
2119 2100 2228 2158 Deo
2256 2106 2507 2171 nutritur,
2537 2110 2734 2163 videbit
2764 2112 2994 2168 salutare
3038 2115 3150 2169 Dei.

2360 2366 2576 2421 PSALM
2589 2367 2672 2422 US
2721 2371 2997 2429 CXXXVI.

1978 2450 2140 2505 Vens.
2181 2454 2232 2506 1.
2264 2454 2429 2521 Super
2449 2461 2667 2525 [Iumina
2702 2460 2982 2531 Babylonis
3005 2465 3115 2517 illic
3141 2468 3368 2523 sedimus
3393 2482 3443 2524 et

1908 2539 2159 2606 ﬂeuimus,
2180 2558 2292 2595 cum
2317 2548 2708 2601 recordaremur
2732 2550 2879 2612 Sion,
2904 2564 3007 2607 etc.
3039 2555 3281 2625 Magnum
3311 2560 3440 2614 viris

1910 2627 2049 2681 inest
2082 2630 2318 2685 civitatis
2337 2634 2683 2691 desiderium.
2725 2639 2833 2693 Cur
2858 2651 3029 2695 autem
3056 2647 3206 2711 juxta
3229 2646 3441 2701 [lumina

1910 2719 2302 2773 consederunt?
2329 2722 2462 2787 Quia
2498 2741 2616 2780 cum
2648 2738 2829 2782 essent
2865 2733 3056 2799 captivi
3089 2745 3141 2787 et
3172 2751 3233 2789 ex
3266 2738 3442 2792 hostili
3512 2720 3519 2729 ’

1909 2812 2129 2878 regione
2177 2816 2471 2883 assumpli,
2516 2829 2668 2872 extra
2714 2836 2894 2875 muros
2933 2831 2987 2876 et
3034 2823 3192 2879 urbes
3232 2826 3446 2881 habita-

248 2890 519 2960 λημμένοι
571 2887 788 2958 χώρας,
846 2890 946 2957 ἔξω
995 2892 1185 2961 τειχῶν
1254 2894 1346 2947 καὶ
1396 2892 1598 2946 πόλεων
1651 2891 1805 2962 ηὐλί-
1830 2912 1873 2969 c
1906 2900 2053 2952 bant.

250 2979 426 3045 ζοντο.

332 3072 465 3125 Ἐπὶ
512 3071 645 3136 ταῖς
682 3069 855 3135 ἰτέαις
893 3069 963 3123 ἐν
990 3069 1152 3138 μέσῳ
1194 3071 1379 3139 αὐτῆς
1405 3072 1807 3141 ἐκρεμὰσαμεν

249 3161 324 3215 τὰ
360 3163 590 3229 ὄργανα
622 3160 819 3227 ἡμῶν,
851 3178 903 3212 κ.
935 3178 983 3212 τ.
1023 3162 1068 3213 ἐ.
1098 3162 1253 3213 Ὅσαι
1280 3162 1444 3230 ψυχαὶ¹
1472 3163 1578 3231 (45)
1609 3163 1808 3232 κάθην-

247 3266 339 3304 ται
365 3255 424 3304 ἐν
456 3253 587 3319 σκιᾷ
613 3250 705 3303 καὶ
743 3249 979 3317 ἀγνωσία
1000 3286 1014 3309 ,
1043 3250 1209 3302 ἰστέον
1252 3250 1331 3302 ὅτι
1380 3251 1533 3317 λόγον
1561 3252 1803 3319 ἄκαρπον

251 3340 456 3408 ἔχουσι,
492 3340 563 3391 τὰ
600 3338 800 3406 ὄργανα
845 3337 1181 3405 κρεμάσασαι
1221 3337 1289 3388 τὰ
1341 3338 1684 3391 συντελοῦντα
1726 3340 1806 3400 εἰς

250 3427 349 3495 τὴν
387 3423 716 3495 πρακτικήν.

324 3515 457 3567 "Ott
479 3512 609 3565 ἐκεῖ
625 3510 1010 3577 ἐπηρώτησαν
1037 3509 1191 3576 ἡμᾶς
1215 3513 1269 3562 οι
1294 3513 1805 3577 αἱχμαλωτεύσαν.

253 3620 352 3667 τες
376 3600 538 3669 ἡμᾶς
562 3600 778 3665 λόγους
799 3596 982 3662 ᾠδῶν,
1005 3598 1099 3649 καὶ
1127 3600 1178 3650 οἱ
1197 3598 1593 3667 ἀπαγαγόντες
1616 3600 1768 3668 ἡμᾶς
1786 3619 1799 3632 .

262 3689 473 3757 ἠινον
493 3689 679 3755 ᾷσατε
716 3686 856 3754 ἡμῖν
895 3686 962 3738 ἐκ
1010 3684 1128 3738 τῶν
1161 3686 1326 3749 ᾠδῶν
1368 3687 1543 3751 Σιὼν,
1586 3706 1640 3742 κ.
1674 3709 1724 3745 τ.
1754 3693 1798 3744 ἑ.

259 3780 472 3846 Ἔγνων
519 3775 629 3843 ἐγὼ
689 3775 797 3842 (44)
847 3773 939 3826 καὶ
980 3772 1233 3843 δαίμονας
1266 3776 1584 3843 ἀναγκάζειν
1630 3779 1804 3848 λέγειν

253 3866 502 3935 ψαλμοὺς
532 3864 625 3917 καὶ
644 3862 782 3931 ᾠδὰς
802 3861 1167 3931 πνευματικὰς
1190 3862 1246 3914 ὲν
1272 3858 1357 3925 αἷς
1380 3864 1492 3916 ὲστί
1513 3883 1594 3928 τις
1620 3868 1802 3939 ἐντολὴ

255 3953 322 4023 ἣν
350 3953 688 4024 παρέϐημεν,
722 3952 795 4013 ὡς
836 3951 900 4003 ἂν
940 3950 1219 4014 ἀκούοντες
1254 3953 1614 4021 καταγελῶσιν
1651 3956 1802 4026 ἡμῶν

259 4043 335 4106 ὼς
364 4043 628 4111 λεγόντων
654 4042 746 4096 καὶ
778 4040 851 4111 μὴ
880 4040 1187 4093 ποιούντων.

1976 3073 2138 3127 Vens.
2170 3073 2224 3127 2.
2283 3074 2348 3129 In
2388 3075 2632 3132 salicibus
2657 3082 2709 3132 in
2738 3083 2902 3135 medio
2943 3083 3055 3150 ejus
3087 3089 3444 3153 suspendimus

1903 3177 2098 3229 organa
2149 3173 2345 3227 nostra,
2397 3175 2501 3219 etc.
2546 3167 2882 3237 Quarcunque
2918 3174 3109 3226 aninne
3158 3177 3343 3230 sedent
3390 3181 3439 3231 in

1905 3251 2092 3303 umbra
2140 3261 2194 3305 et
2250 3253 2541 3321 ignorantia
2562 3297 2578 3321 ,
2634 3259 2902 3312 sciendum
2936 3271 3018 3313 est
3051 3276 3144 3315 eas
3175 3267 3437 3319 rationem

1904 3339 2101 3393 habere
2129 3342 2383 3407 sterilem,
2416 3349 2687 3414 suspensis
2707 3351 2925 3417 organis
2951 3365 3069 3418 qua:
3093 3354 3284 3408 activae
3322 3357 3441 3410 vita:

1903 3427 2217 3485 inserviunt.

1971 3513 2132 3569 Vens.
2167 3518 2218 3571 5.
2246 3519 2382 3582 Quia
2407 3520 2513 3574 illic
2543 3524 2990 3594 interrogaverunt
3020 3546 3132 3593 nos,
3160 3534 3249 3601 qui
3275 3538 3438 3602 capti-

1902 3618 1987 3656 uos
2022 3605 2277 3658 duxerunt
2326 3625 2439 3672 uos,
2494 3614 2643 3664 verba
2690 3618 3025 3680 cantionum;
3071 3630 3117 3671 et
3159 3623 3247 3689 qui
3277 3624 3436 3694 835

1903 3692 2227 3748 abduxerunt
2263 3714 2354 3751 nos
2376 3715 2394 3752 :
2431 3697 2687 3767 llymnum
2705 3714 2910 3757 cantate
2936 3706 3081 3759 nobis
3115 3708 3177 3761 de
3224 3692 3437 3766 canticis

1901 3780 2050 3848 Sion,
2099 3794 2203 3840 etc.
2236 3787 2365 3842 Novi
2406 3804 2502 3856 ego
2533 3792 2692 3844 etiam
2722 3808 2817 3847 nos
2851 3795 2988 3862 adigi
3040 3811 3068 3848 a
3113 3797 3439 3855 dmmonibus

1902 3874 1967 3926 ad
1999 3876 2300 3930 recitandos
2330 3879 2566 3946 psalmos
2597 3890 2651 3934 et
2698 3885 2903 3937 cantica
2942 3885 3205 3951 spiritalia
3239 3887 3292 3940 in
3320 3891 3437 3957 qui-

1900 3962 2002 4017 bus
2025 3974 2105 4018 cst
2132 3979 2448 4036 praeceptum
2479 3974 2690 4041 aliquod
2710 3976 2848 4043 quod
2877 3980 3195 4046 transgressi
3230 3996 3432 4047 sumus,

1901 4061 1959 4104 ut
2018 4054 2294 4110 audientes
2343 4058 2603 4116 irrideant
2651 4078 2750 4118 nos
2796 4065 2885 4132 qui
2943 4066 3170 4123 dicimus
3221 4080 3276 4124 et
3329 4086 3433 4124 non

1900 4139 2143 4197 facimus.

326 4211 658 4277 Μνήσθητι,
683 4210 883 4276 Κύριε,
911 4208 1027 4261 τῶν
1049 4209 1191 4261 υἱῶν
1226 4208 1404 4276 Ἐδὼμ
1434 4208 1546 4310 τὴν
1575 4211 1800 4278 ἡμέραν

1974 4230 2130 4287 Vens.
2154 4236 2205 4289 7.
2227 4234 2422 4290 Memor
2436 4249 2564 4303 esto,
2592 4239 2823 4304 Domine,
2844 4242 3070 4310 ﬁliorum
3092 4243 3255 4298 Edam
3280 4248 3436 4305 indie

269 4297 661 4366 Ἰερουσαλὴμ
677 4337 692 4361 ,
727 4297 842 4349 τῶν
869 4297 1160 4363 λεγόντων
1180 4311 1192 4322 °
1241 4297 1583 4352 Ἐκκενοῦτε
1602 4336 1615 4360 ,
1637 4301 1799 4351 ἐκκε-

259 4389 459 4452 νοῦτε,
496 4389 604 4452 ἕως
636 4387 751 4441 τῶν
791 4388 1070 4455 θεμελίων
1125 4385 1350 4454 αὐτῆς,
1412 4405 1467 4445 κ.
1518 4407 1570 4443 τ.
1626 4392 1671 4443 ὲ.
1727 4391 1799 4443 Τὸ

267 4496 286 4531 ι
327 4479 636 4532 Ἐκκενοῦτε
669 4477 776 4546 (45)
800 4516 815 4541 ,
860 4478 1135 4530 ἐκκενοῦτε
1153 4516 1167 4539 ,
1208 4478 1310 4540 ἓως
1333 4471 1393 4530 οῦ
1418 4482 1446 4531 ὁ
1473 4479 1713 4549 θεμέλιος
1740 4484 1798 4535 ὲν

261 4571 398 4639 αὐτῇ
426 4607 442 4631 ,
484 4588 503 4619 ι
558 4568 630 4630 ὡς
670 4568 814 4637 παρὰ
853 4569 957 4621 τῶν
991 4569 1192 4639 ἐχθρῶν
1230 4570 1510 4640 λεγόμενον
1533 4573 1794 4626 τέθειται·

262 4657 409 4727 δηλοί
436 4655 495 4708 δὲ
524 4655 645 4715 τοὺς
685 4654 1003 4718 παλαίοντας
1030 4658 1155 4727 ἡμῖν
1185 4658 1547 4727 πειρωμένους
1573 4659 1677 4712 τῶν
1705 4679 1801 4729 φυ-

266 4745 427 4799 σικῶν
457 4744 556 4812 τῆς
600 4743 794 4812 ἀρετῆς
822 4742 1076 4796 ἅπτεσθαι
1119 4747 1440 4815 σπερμάτων
1459 4764 1472 4777 ο
1504 4749 1644 4820 ἆπερ
1677 4769 1801 4821 τρο-

267 4831 437 4894 πικῶς
467 4830 710 4900 ὠνόμασε
742 4829 998 4899 θεμέλιον,
1032 4834 1126 4884 ἀπ’
1146 4833 1317 4902 ἀρχῆς
1343 4835 1635 4907 καταϐεδλη
1645 4839 1799 4907 μένον

265 4920 321 4971 ὲν
357 4918 491 4988 αὐτῇ
531 4921 596 4989 τῇ
626 4919 766 4987 ψυχῇ
793 4954 809 4979 ,
841 4916 1073 4986 δηλονότι
1113 4919 1198 4972 ἴνα
1232 4921 1566 4980 παντάπασιν
1607 4929 1635 4979 ὁ
1658 4926 1798 4990 νοῦς,

264 5010 507 5064 ἐκπεσὼν
547 5012 759 5081 ἀρετῆς,
811 5009 948 5063 κατὰ
987 5010 1081 5079 τὴν
1125 5016 1412 5082 παροιμίαν
1461 5021 1797 5088 περιπατήσῃ

264 5110 330 5160 γυ
338 5097 601 5168 μνὼτερος
618 5099 835 5168 ὑπέρου,
857 5097 930 5167 μὴ
953 5096 1296 5169 ἐνδυσάμενος
1312 5103 1400 5154 τὸν
1421 5104 1645 5174 Χριστὸν
1667 5107 1799 5177 μηδὲ

266 5181 400 5250 ἔχων
424 5185 622 5256 ἔνδυμα
645 5188 839 5256 γάμου.

332 5360 445 5464 (39)
480 5364 598 5432 Τὴν
626 5367 926 5432 εὐκολίαν,
954 5377 1055 5422 etc.
1091 5369 1286 5424 Catena
1313 5370 1569 5452 cordcrii.

361 5430 446 5464 1m
482 5434 653 5464 "ﬂ-.."
683 5434 785 5464 ηιξ...
837 5447 919 5464 ﬁ...
979 5436 1202 5464 αηιυμι...
1233 5438 1411 5464 n-..l...

339 5430 447 5502 {49)
482 5430 653 5502 Ὅταν
671 5434 804 5502 μέν,
836 5430 939 5490 etc.
979 5436 1203 5492 Schedat
1233 5438 1433 5493 Grabii.

490 5497 906 5569 Ἠτρεέοομέγη,
946 5512 1049 5558 etc.
1079 5506 1304 5560 Eaedem.

347 5568 446 5633 [42)
476 5568 670 5633 Πολὺς
703 5571 734 5621 ό
762 5571 960 5637 πόθος,
992 5580 1092 5629 etc.
1125 5573 1319 5631 Catena
1355 5574 1610 5634 Cordcrii.

1900 4321 2214 4388 Jerusalem,
2244 4328 2332 4394 qui
2361 4329 2564 4393 dicunt,
2583 4331 2888 4395 Exinanite,
2928 4334 3192 4388 ea'inanite
3217 4373 3232 4398 ,
3278 4353 3436 4403 usque

1901 4411 1968 4462 ad
1992 4411 2388 4477 fundamentum
2414 4417 2465 4468 in
2489 4433 2570 4480 ea,
2604 4426 2707 4473 etc.
2740 4417 2894 4483 Illud,
2946 4439 2964 4471 ι
2993 4423 3293 4488 Exinanite,
3321 4428 3436 4480 exi-

1901 4499 2077 4553 nanite
2111 4516 2276 4569 usque
2296 4503 2362 4555 ad
2395 4504 2798 4559 fundamentum
2829 4507 2880 4560 in
2908 4522 2994 4572 ea,
3014 4528 3032 4561 ι
3083 4520 3334 4579 tauquam
3364 4515 3432 4568 ab

1902 4587 2135 4646 inimicis
2191 4590 2389 4643 dictum
2440 4594 2958 4661 ponitur:ostendit
3011 4613 3137 4653 vero
3192 4615 3283 4653 eos
3340 4603 3431 4669 qui

1903 4676 2056 4729 nobis
2086 4677 2453 4742 adversantur,
2479 4684 2739 4737 naturalia
2761 4686 2970 4740 virtutis
2989 4689 3194 4743 semina
3218 4698 3431 4758 tangere

1900 4762 2117 4825 conari;
2174 4778 2293 4831 qua:
2334 4767 2545 4832 quidem
2610 4773 2813 4825 semina
2872 4774 3070 4841 tropice
3137 4777 3433 4830 nominavit

1897 4846 2324 4918 fundamentum,
2383 4857 2452 4910 ab
2505 4856 2657 4912 initio
2705 4860 2761 4913 in
2822 4861 2935 4929 ipsa
2984 4862 3161 4914 anima
3202 4863 3431 4930 jactum,

1898 4938 2152 4994 videlicet
2188 4950 2244 4993 ut
2284 4957 2434 5003 mens
2457 4960 2484 4997 a
2514 4945 2714 5001 virtute
2742 4950 2991 5003 excideris
3029 4948 3182 5014 juxta
3210 4958 3432 5016 prover-

1898 5025 2040 5079 bium
2088 5029 2321 5084 ambulet
2366 5033 2558 5086 nudior
2618 5036 2845 5102 pistillo,
2909 5035 3100 5100 quippe
3153 5048 3274 5100 «ιιιω
3328 5052 3433 5092 ηοῐι

1898 5113 2130 5170 induerit
2163 5118 2566 5185 Christum,nec
2593 5123 2786 5178 habeat
2814 5132 3017 5175 vestem
3047 5121 3366 5187 nuptialem.

1962 5382 2073 5454 (45)
2099 5384 2271 5454 Ὅσαι
2295 5381 2503 5454 ψυχαί.
2538 5378 2902 5454 etc._Sclicd:n
2938 5372 3153 5428 Gtabii.

1960 5449 2070 5519 (44)
2103 5453 2327 5519 "Ervum
2346 5450 2474 5519 ἐγτῖῥ
2509 5458 2613 5501 etc.
2642 5449 2876 5519 Ennienni.

1956 5514 2065 5585 (65)
2098 5514 2553 5582 Τὸ,’Ἑ)ικειλοῦτε,
2585 5526 2689 5569 etc.
2720 5514 2975 5570 Eaedem.
