3884 6232
199 260 247 290 -4

273 331 427 387 1661
1186 335 1489 389 SELECTA
1527 332 1592 387 IN
1628 334 1955 388 PSALMOS.
1997 363 2064 371 —
2094 333 2285 386 PSAL.
2316 332 2639 387 CXXXVIII.
3329 332 3469 389 I663

273 453 410 521 μίου
442 453 616 516 οὕτως
638 442 855 523 ἔχοντα·
891 473 909 504 t
961 454 1023 506 Ἦ
1052 455 1231 523 ἐντολὴ
1261 454 1395 524 αὕτη
1429 455 1523 522 οὐχ
1549 454 1827 525 ὑπέρογκός

1953 451 2182 504 habent:
2216 467 2233 499 t
2267 446 2570 502 Mandatum
2627 450 2727 502 hoc
2772 463 2874 501 non
2929 456 3013 502 est
3057 452 3239 516 grave,
3295 462 3468 515 neque

268 543 457 605 ἔστιν,
486 544 605 596 οὐδὲ
635 544 846 613 μακράν
878 544 982 596 ἀπὸ
1010 544 1100 596 σοῦ
1128 546 1269 595 ἐστιν
1288 562 1302 574 ο
1330 546 1429 595 οὐκ
1452 545 1507 595 ὲν
1537 543 1613 612 τῷ
1636 543 1827 613 οὐρανᾷ

1953 543 2097 609 longe
2125 543 2222 593 abs
2250 549 2298 590 te
2321 545 2432 600 est;
2460 552 2561 589 non
2592 538 2643 589 in
2671 537 2806 590 caelo
2851 551 3060 589 sursum
3097 545 3211 597 est,
3248 534 3464 588 dicens:

269 629 393 682 ἄνω
431 630 572 691 ἐστὶ,
601 630 770 697 λέγων
791 647 804 660 ο
835 631 929 692 Τίς
955 630 1275 698 ἀναδήσεται
1305 631 1433 699 ἡμῖν
1463 631 1541 691 είς
1568 630 1654 681 τὸν
1686 632 1827 700 οὐρα-

1953 629 2069 694 Duis
2094 627 2344 681 ascendet
2369 624 2519 677 nobis
2566 618 2620 676 in
2666 622 2893 687 cmlum,
2936 633 2988 676 et
3025 622 3249 689 accipiet
3298 620 3468 673 illud?

268 720 402 792 νον,
454 722 550 773 καὶ
576 720 796 788 λήψεται
837 721 1004 789 αὑτήν
1037 735 1050 783 ;
1081 719 1212 771 Οὐδὲ
1242 719 1407 786 πέρσν
1453 718 1550 787 τῆς
1580 718 1827 786 Θαλάσσης

1953 720 2121 786 Neque
2155 727 2300 769 trans
2333 728 2479 767 mare
2517 721 2619 776 est,
2654 713 2835 764 dicens
2871 729 2884 765 :
2915 712 3044 777 Quis
3096 709 3468 764 transfretabit

267 808 399 860 ἐστὶ
424 848 441 871 ,
472 808 671 874 λέγων·
701 809 796 869 Τίς
838 808 1148 878 διαπεράσει
1180 810 1308 876 ἡμῖν
1337 809 1414 869 είς
1451 808 1510 859 τὸ
1538 809 1706 877 πέραν
1745 808 1827 875 τῆς

1953 807 2093 860 nobis
2121 817 2267 857 trans
2294 818 2458 866 mare,
2489 811 2542 854 et
2571 802 2794 869 accipiet
2817 803 2965 855 nobis
2997 801 3143 863 illud,
3170 813 3223 853 et
3251 799 3469 852 audien-

269 898 586 968 θαλάσσης,
614 899 707 951 καὶ
734 898 871 969 λάϐῃ
897 898 1059 967 αὐτὴν
1090 899 1241 966 ἡμῖν,
1274 898 1365 950 καὶ
1396 897 1718 958 ἀκούσαντες
1748 898 1827 949 αὑ¹

1953 907 2019 962 Les
2044 895 2167 947 illud
2205 894 2458 945 faciemus
2484 891 2650 944 illud?
2675 891 2845 956 Prope
2870 900 2920 943 te
2949 900 3028 943 est
3054 894 3267 941 verbum
3292 887 3466 949 valde.

267 987 378 1055 τὴν
409 988 706 1055 ποιήσομεν
736 986 932 1054 αὐτήνς
954 976 1131 1037 Ἔστιν
1163 986 1324 1051 ἐγγύς
1348 1003 1437 1037 σου
1464 985 1522 1037 τὸ
1547 985 1696 1055 ῥῆμα
1720 985 1827 1053 σφό-

1953 987 1994 1036 in
2034 1000 2128 1036 ore
2151 993 2240 1035 tuo
2278 990 2329 1034 et
2356 983 2406 1034 in
2424 982 2585 1035 corde
2609 989 2718 1042 luo,
2750 978 2874 1032 etin
2901 979 3140 1030 manibus
3167 979 3266 1031 tuis
3294 976 3470 1031 facere

266 1073 404 1143 δρα,
438 1075 500 1125 ὲν
525 1073 603 1142 τῷ
637 1073 859 1142 στόματί
889 1090 978 1124 σου
1010 1073 1101 1124 καὶ
1127 1074 1183 1124 ὲν
1210 1076 1274 1142 τῇ
1305 1074 1497 1143 καρδίᾳ
1527 1090 1639 1136 σου,
1671 1074 1762 1126 καὶ
1786 1076 1827 1125 ὲκ

1953 1072 2090 1124 illud.
2119 1090 2137 1121 ι
2178 1071 2434 1124 Conferes
2470 1070 2593 1122 item
2627 1084 2691 1121 ex
2727 1069 2887 1120 Amos
2916 1066 3153 1119 Ιιωο³¹ιι
3181 1065 3290 1117 Non
3309 1065 3472 1132 fugiet

267 1164 401 1223 ταῖς
432 1161 590 1230 χερσί
621 1178 711 1211 σου
743 1163 910 1213 ποιεῖν
940 1159 1085 1211 αὑτό.
1126 1179 1143 1209 ι
1179 1161 1485 1229 Συγκρινεῖς
1530 1161 1586 1213 δὲ
1619 1161 1709 1212 καὶ
1741 1160 1827 1213 ἀπε

1953 1175 2006 1215 ex
2046 1160 2123 1213 eis
2167 1160 2256 1225 qui
2284 1157 2516 1225 fugerit;
2554 1165 2607 1208 et
2644 1171 2749 1209 non
2789 1154 3081 1208 salvabitur
3124 1168 3188 1205 ex
3238 1154 3339 1204 illis
3381 1154 3469 1219 qui

285 1248 486 1318 Ἀμὼς
512 1249 712 1302 ταῦτα·
749 1268 767 1300 ι
803 1251 875 1303 Οὐ
908 1248 980 1318 μὴ
1005 1249 1234 1321 διαφύγῃ
1275 1249 1333 1313 ἐξ
1377 1249 1551 1303 αὐτῶν
1594 1249 1827 1318 φεύγων

1953 1246 2101 1300 luerit
2147 1247 2400 1309 salvatus;
2459 1245 2501 1298 si
2551 1242 2854 1297 absconditi
2890 1241 3087 1295 fuerint
3141 1243 3192 1293 in
3242 1242 3469 1302 inferno,

269 1338 377 1390 καὶ
407 1338 474 1389 οὐ
510 1337 582 1407 μὴ
610 1337 842 1406 διασωθῇ
872 1336 927 1401 ἐξ
956 1336 1129 1388 αὐτῶν
1155 1337 1555 1406 ἀνασωζόμενος
1580 1354 1592 1366 ·
1631 1337 1723 1388 ἐὰν
1750 1352 1827 1390 κα-

1953 1333 2063 1387 inde
2085 1349 2270 1385 manus
2312 1348 2424 1385 mea
2456 1332 2645 1386 evellet
2679 1346 2814 1396 eos;
2850 1339 2903 1384 et
2950 1332 2993 1383 si
3039 1329 3373 1383 ascenderint
3418 1330 3469 1383 in

269 1425 594 1495 τορυγῶσιν
633 1428 711 1488 είς
752 1425 877 1495 ᾅδου
902 1464 916 1488 ,
951 1426 1154 1478 ἐκεῖθεν
1183 1429 1215 1496 ἡ
1252 1426 1370 1496 χείρ
1418 1443 1515 1494 μου
1548 1426 1820 1478 ἀνασπάσε

1953 1423 2135 1475 uelum
2158 1461 2173 1486 ,
2206 1424 2328 1476 inde
2363 1423 2635 1475 detraham
2663 1422 2781 1474 illos
2817 1437 2832 1484 ;
2866 1422 2908 1473 si
2947 1420 3238 1474 absconditi
3277 1419 3473 1472 fuerint

272 1514 488 1577 αὐτούς
512 1531 527 1544 θ
564 1515 657 1568 κα)⁸
685 1515 776 1566 ἐὰν
807 1512 1071 1566 ἀναϐῶσιν
1114 1516 1190 1576 είς
1220 1514 1308 1565 τὸν
1345 1513 1598 1582 οὐρανὸν,
1643 1513 1827 1564 ὲκεῖθεε

1953 1511 1995 1563 in
2024 1501 2223 1564 vertice
2254 1511 2507 1573 Carmeli,
2533 1511 2651 1563 imle
2679 1511 2961 1563 scrutabor
2991 1520 3043 1562 et
3069 1509 3303 1561 auferam
3332 1523 3424 1561 eos
3454 1525 3470 1572 ;

272 1604 509 1666 κατάξω
534 1602 751 1664 αὐτούς’
803 1601 896 1653 ὲὰν
929 1602 1196 1672 κρυὸῶσιν
1237 1604 1315 1664 είς
1347 1603 1445 1670 Ιτὴν
1472 1601 1710 1671 κορυφὴν
1749 1601 1827 1652 τοῐ

1953 1599 2074 1651 etsi
2118 1600 2470 1652 demerseriut
2515 1613 2572 1652 se
2604 1600 2670 1651 ab
2704 1599 2876 1652 oculis
2927 1599 3060 1652 meis
3110 1601 3162 1651 in
3213 1598 3472 1666 profunda

270 1692 610 1761 Καρμήλου,
646 1691 849 1743 ἐκεῖθεν
875 1690 1202 1760 ὲξερευνήσω
1234 1692 1324 1744 καὶ
1348 1690 1581 1760 λήψομαι
1612 1690 1827 1751 αὐτούς

1953 1689 2128 1752 maris,
2160 1689 2279 1741 inde
2320 1689 2845 1754 mandabodraconi,
2873 1697 2925 1741 et
2951 1689 3211 1741 mordebit
3247 1703 3340 1741 eos
3374 1705 3389 1753 ;
3418 1697 3486 1741 et-

275 1751 386 1827 καί
552 1751 928 1827 καταδύσωσιν-
952 1751 1011 1838 ἐξ
1037 1751 1322 1845 ὀφδαλμῶν
1358 1751 1456 1846 μου
1490 1751 1581 1839 ἐίς
1607 1776 1673 1828 τὰ
1700 1775 1827 1844 βάθη

1953 1771 1982 1824 si
2019 1773 2252 1826 abierint
2282 1773 2332 1825 in
2366 1775 2732 1840 captivitatem
2759 1786 2884 1828 ante
2921 1775 3107 1826 faciem
3136 1776 3469 1828 inimicorum

269 1862 379 1931 τῆς
412 1861 688 1929 Θαλάσσης
707 1900 721 1923 ,
751 1862 866 1912 ἐκεῖ
890 1859 1200 1929 ὲντελοῦμαι
1228 1859 1302 1929 τῷ
1330 1860 1595 1930 δράκοντι,
1627 1858 1718 1910 καὶ
1741 1858 1827 1927 δή·

1953 1877 2175 1922 snorum,
2210 1863 2280 1916 ibi
2306 1864 2608 1932 praecipiam
2634 1865 2840 1932 gladio,
2875 1875 2930 1918 et
2967 1865 3249 1919 interliciet
3283 1879 3395 1918 eos.
3447 1883 3469 1917 ι

271 1955 435 2021 ξεται
482 1952 712 2015 αὐτούς·
758 1954 849 2005 κα)¹
890 1952 984 2004 ἐὰν
1026 1952 1355 2022 πορευθῶσιν
1387 1955 1443 2005 ὲν
1499 1950 1834 2021 αἰχμαλωσίᾳ
1872 1951 1975 2020 πρὸ
2028 1955 2313 2023 προσώπου
2350 1955 2455 2008 τῶν
2493 1956 2696 2025 ἐχθρῶν
2751 1955 2957 2020 αὐτῶν,
3012 1956 3212 2008 ἐκεῖθεν
3248 1954 3478 2010 ἐντελοῦ-

273 2063 380 2118 μαι
407 2049 479 2117 τῇ
515 2044 771 2115 ῥομφαίᾳ,
806 2045 897 2097 καὶ
921 2046 1201 2097 ἀποκτενεῖ
1227 2045 1440 2107 αὐτούς.
1485 2063 1502 2095 ι

2012 2135 2170 2190 Vens.
2201 2138 2284 2191 II.
2317 2138 2381 2190 Et
2411 2139 2520 2191 dixi
2538 2152 2556 2189 :
2579 2136 2825 2191 Forsitan
2849 2139 3071 2192 tcnebra:
3096 2138 3469 2191 conculcabqu

1940 2239 2041 2285 me,
2071 2235 2116 2277 et
2148 2241 2249 2277 nox
2273 2224 2584 2278 illuminalio
2627 2242 2738 2278 mea
2782 2227 2834 2278 in
2867 2226 3070 2279 deliciis
3099 2228 3249 2289 meis,
3276 2235 3381 2279 etc.
3411 2225 3468 2279 Si

1940 2313 2233 2381 ignorantia
2266 2316 2442 2368 cordis
2474 2315 2703 2368 tenebrae
2729 2325 2872 2379 sunt,
2900 2334 2918 2367 ι
2945 2317 3352 2370 obtenebratum
3387 2325 3471 2369 est

1942 2402 2083 2454 enim
2134 2404 2390 2471 insipiens
2422 2419 2519 2458 cor
2556 2420 2740 2459 eorum
2770 2406 2837 2468 ³³,
2864 2424 2882 2457 ι
2916 2407 3103 2459 merito
3128 2407 3173 2459 is
3209 2407 3296 2472 qui
3324 2405 3477 2461 nobis

1942 2490 2239 2558 huiusmodi
2271 2495 2608 2548 tenebrarum
2648 2510 2807 2548 causa
2848 2504 2965 2557 est,
2996 2496 3156 2548 etiam
3187 2496 3297 2562 ipse
3326 2505 3475 2547 tene-

1940 2581 2158 2634 brarum
2199 2584 2418 2636 nomine
2464 2584 2778 2651 appellatur,
2832 2585 3025 2651 quippe
3064 2584 3144 2636 cui
3178 2596 3387 2637 nostras
3423 2584 3473 2636 in

1940 2668 2163 2722 scientia
2192 2670 2413 2724 delicias
2440 2675 2772 2740 propositum
2817 2682 2898 2726 est
2927 2673 3316 2736 obtenebrare,
3366 2673 3474 2727 Deo

1940 2771 2042 2809 non
2100 2757 2446 2820 concedente,
2500 2762 2592 2813 sed
2642 2761 2886 2814 tenebras
2934 2760 3309 2816 illuminante:
3351 2776 3472 2813 nam

1945 2862 1963 2895 ι
1993 2844 2079 2898 lux
2114 2846 2164 2897 in
2196 2848 2430 2901 tenebris
2459 2848 2635 2914 lucet,
2666 2858 2720 2904 et
2748 2851 2980 2903 tenebrae
3019 2865 3137 2903 eam
3182 2864 3286 2902 non
3329 2865 3474 2903 com-

1937 2933 2332 2999 prehenderunt
2350 2936 2416 2967 ³⁸⁴
2449 2952 2492 2987 ε»
2519 2939 2657 2990 sicut
2682 2937 2819 2990 enim
2842 2952 2933 3005 per
2957 2936 3208 2990 malitiam
3230 2936 3473 3004 ignoran-

1939 3025 2010 3075 tia
2037 3023 2196 3091 837
2229 3026 2381 3080 nobis
2406 3026 2639 3090 obvenit,
2672 3027 2751 3081 sic
2777 3035 2830 3080 et
2861 3027 3142 3080 scientiam
3172 3042 3267 3094 per
3298 3026 3470 3078 virtu-

1856 3141 1897 3198 ο
1938 3120 2043 3164 tem
2077 3114 2400 3179 accepimus.

2001 3200 2165 3254 Vens.
2197 3202 2282 3253 15.
2321 3202 2454 3266 Quia
2483 3211 2536 3255 tu
2561 3204 2828 3270 possedisti
2851 3215 2992 3257 renes
3015 3220 3173 3267 meos,
3204 3210 3306 3255 etc.
3335 3203 3465 3257 Bea-

1934 3298 2017 3342 tus
2050 3288 2200 3357 cujus
2239 3303 2391 3345 renes
2412 3293 2678 3358 possessio
2704 3292 2795 3345 Dei
2829 3292 2952 3345 facti
2978 3301 3124 3345 sunt.

380 2138 497 2190 Καί
540 2135 693 2189 εἶπα·
728 2139 863 2204 Ἄρα
899 2140 1114 2203 σκότος
1162 2138 1558 2204 καταπατήσει
1594 2153 1668 2205 με
1695 2175 1710 2197 ,
1743 2136 1840 2188 καὶ

270 2226 395 2289 νὺξ
443 2225 742 2294 φωτισμὸς
784 2227 853 2279 ἐν
895 2226 967 2293 τῇ
1009 2227 1201 2296 τρυφῇ
1238 2246 1356 2295 μου
1381 2266 1396 2289 ,
1445 2244 1501 2279 κ.
1537 2244 1587 2279 τ.
1623 2227 1667 2278 ὲ.
1713 2227 1773 2277 Ei
1806 2228 1839 2295 ἠ

270 2316 479 2384 ἄγνοια
509 2314 619 2384 (55)
654 2314 879 2385 καρδίας
926 2315 1108 2377 σκότος
1139 2316 1283 2367 ἐστὶν
1302 2314 1668 2384 ,(ιὲσκοτίσθη
1712 2312 1839 2382 γὰρ,

272 2403 472 2473 φησιν,
498 2405 530 2473 ή
569 2403 822 2466 ἀσύνετος
849 2404 1022 2456 αὐτῶν
1047 2405 1542 2475 καρδία·›)είκότως
1566 2404 1673 2473 ἄρα
1698 2406 1725 2455 ό
1755 2401 1840 2455 αῖ-

269 2508 392 2555 τιος
420 2494 553 2563 ἡμῖν
596 2493 690 2546 τοῦ
730 2494 947 2557 σκότους
991 2494 1175 2546 τούτου
1209 2494 1516 2563 γινόμενος,
1544 2495 1636 2545 καὶ
1681 2492 1840 2553 αὐτὸς

272 2581 606 2651 ὀνομάζεται
634 2581 840 2645 σκότος,
868 2584 1012 2646 ὅστις
1040 2583 1191 2653 ἡμῶν
1223 2583 1317 2653 τὴν
1348 2585 1405 2635 ἐν
1425 2582 1840 2651 γνώσειτρυφὴν

271 2674 623 2742 προαιρεῖται
666 2672 944 2735 σκοτίζειν,
987 2672 1080 2725 τοῦ
1120 2671 1250 2724 Θεοῦ
1302 2671 1374 2741 μὴ
1422 2671 1836 2741 συγχωροῦντος,

271 2758 419 2812 ἀλλὰ
459 2760 519 2811 τὸ
569 2758 755 2820 σκότος
801 2760 1153 2827 φωτίζοντος·
1205 2779 1223 2809 ι
1271 2759 1343 2811 Τὸ
1381 2759 1487 2830 γὰρ
1524 2759 1637 2826 φῶς
1678 2761 1735 2811 ὲν
1770 2763 1835 2831 τῇ

271 2849 478 2918 σκοτία
522 2848 732 2916 φαίνει,
772 2850 866 2901 καὶ
909 2851 941 2919 ἡ
980 2849 1164 2902 σκοτία
1206 2849 1335 2903 αὐτὸ
1365 2850 1423 2901 οὐ
1471 2849 1778 2903 κατέλαϐεν.
1813 2868 1831 2900 ι

281 2936 376 3000 Ὠς
404 2938 517 3008 γὰρ
548 2938 645 3007 τὴν
672 2938 887 3005 ἄγνοιαν
919 2937 1005 2990 διὰ
1026 2939 1121 3008 τῆς
1168 2939 1363 3000 κακίας
1398 2938 1836 3008 ὲπεκτησάμεθα,

268 3024 425 3078 οὕτω
454 3026 545 3077 καὶ
575 3026 672 3095 τὴν
710 3025 904 3094 γνῶσιν
929 3026 1013 3080 διὰ
1036 3027 1133 3096 τῆς
1159 3027 1354 3098 ἀρετῆς
1380 3026 1795 3097 προσελάϐομεν.

346 3196 479 3247 ’Ότι
501 3194 582 3246 σὺ
608 3193 838 3259 ἐκτήσω
883 3195 1020 3259 τοὺς
1074 3198 1323 3263 νεφρούς
1377 3213 1514 3262 μου,
1567 3214 1620 3251 κ.
1671 3216 1720 3252 τ.
1779 3201 1826 3251 ὲ.

267 3268 570 3352 Μακάριος
599 3281 706 3352 (56)
746 3279 805 3335 οὗ
843 3285 889 3334 oi
916 3286 1099 3353 νεφρο)⁸
1122 3287 1302 3354 κτῆμα
1329 3286 1579 3351 γεγόνασι
1605 3287 1696 3338 τοῦ
1726 3289 1834 3340 Κυ-

273 3373 431 3444 ρίου.

347 3461 482 3513 Οὐκ
497 3458 711 3524 ἐκρύϐη
727 3457 790 3511 τὸ
813 3460 1032 3512 ὀστοῦν
1054 3479 1170 3527 μου
1193 3461 1308 3514 ἀπὸ
1337 3462 1449 3515 σοῦ
1480 3461 1511 3514 ὃ
1542 3463 1831 3532 ἐποίησας

266 3551 344 3605 ἐν
382 3546 609 3615 κρυφῇ,
643 3565 694 3599 κ.
724 3565 772 3599 τ.
804 3549 849 3600 ἐ.
894 3550 1106 3602 Ὀστοῦν
1136 3551 1243 3618 (57)
1272 3550 1365 3620 τὴν
1388 3550 1558 3621 ψυχὴν
1585 3553 1830 3623 ὠνόμασε

268 3638 402 3701 νῦν,
433 3638 499 3707 ἣν
526 3637 745 3707 ἐποίησε
772 3638 927 3706 μόνος
947 3640 975 3690 ὁ
994 3639 1140 3700 Θεός,
1730 3664 1740 3673 .

352 3725 434 3779 Τό
461 3724 897 3791 ἀκατέρῖηστόν
931 3743 1049 3793 μου
1087 3723 1253 3781 εἶδον
1284 3731 1337 3780 οι
1369 3730 1657 3799 ὀφθαλμοί
1694 3747 1828 3797 σου,

268 3831 328 3869 κ.
364 3833 422 3867 τ.
454 3816 501 3866 ὲ.
548 3814 970 3885 Ἀκατὲργαστον
994 3815 1100 3886 (58)
1144 3816 1284 3886 ψυχὴ
1322 3818 1353 3887 ἡ
1388 3818 1461 3889 μὴ
1507 3820 1573 3872 δι’
1631 3822 1829 3891 ἀρετῆς

276 3920 351 3978 μο
360 3900 638 3978 ριρωοεῖσα
664 3902 755 3953 καὶ
784 3900 1049 3968 γνώσεως.

290 3976 305 3989 ⁸
349 3976 469 4043 Καὶ
493 3988 590 4041 ἐπί
618 3990 680 4040 τὸ
723 3990 965 4052 βιϐλίον
996 4007 1108 4044 σου
1141 3992 1358 4058 πάντες
1403 3995 1826 4063 τραφήσονται,

273 4097 335 4135 κ.
367 4097 419 4131 τ.
455 4079 502 4130 ὲ.
534 4077 741 4131 Βιϐλίον
767 4078 897 4132 Θεοῦ
930 4080 1036 4147 (59)
1085 4081 1226 4134 ἐστιν
1258 4084 1290 4151 ή
1331 4082 1530 4153 θεωρία
1569 4084 1829 4156 σωμάτων

276 4170 377 4221 καὶ
407 4167 728 4235 ἀσωμάτων,
758 4169 812 4218 ὲν
842 4162 885 4234 ᾧ
916 4169 1120 4235 πέφυκε
1161 4169 1246 4221 διὰ
1290 4170 1390 4240 τῆς
1415 4171 1663 4239 γνώσεως
1695 4176 1829 4245 γρά-

275 4255 477 4324 φεσθαι
509 4254 630 4317 νοῦς
659 4253 909 4325 καθαρός.
958 4257 1043 4308 Ἐν
1083 4256 1139 4308 δὲ
1173 4256 1344 4327 τούτῳ
1383 4260 1459 4329 τῷ
1499 4260 1683 4331 βιϐλίῳ
1723 4264 1827 4319 εἰσὶ

1953 4272 1979 4308 n
2006 4256 2107 4309 hoc
2136 4265 2309 4308 autem
2343 4256 2477 4308 libro
2500 4257 2716 4322 scriptae
2754 4263 2879 4307 sunt
2907 4256 3064 4308 etiam
3097 4255 3453 4309 Providentiae

273 4343 649 4415 γεγραμμένοι
674 4344 766 4395 καὶ
788 4346 835 4396 οί
857 4346 979 4414 περὶ
1004 4340 1259 4414 Προνοίας
1282 4347 1425 4414 λόγοι
1455 4351 1546 4401 καὶ
1576 4351 1823 4418 κρίσεως,

1953 4355 1978 4399 t
2004 4345 2188 4414 judicii
2225 4346 2476 4407 rationes,
2532 4354 2585 4397 et
2641 4358 2734 4412 per
2781 4358 2900 4397 eum
2943 4346 3282 4413 cognoscitur
3316 4338 3455 4401 Deus

274 4435 343 4487 δι’
370 4428 432 4486 οὗ
460 4431 660 4500 βιϐλίου
689 4432 1007 4499 γινώσκεται
1046 4435 1073 4485 ό
1101 4434 1228 4497 Θεὸς
1267 4435 1340 4497 ὡς
1378 4436 1700 4508 δημιουργὸς
1737 4441 1827 4493 καὶ

1953 4450 2179 4503 aliquam
2207 4434 2407 4502 opifex,
2434 4434 2667 4501 sapiens,
2698 4435 2940 4501 provisor
2969 4445 3021 4489 et
3042 4435 3203 4502 judex
3234 4452 3248 4489 :
3279 4435 3454 4503 opifex

278 4525 446 4593 σοφὸς
479 4522 571 4573 καὶ
604 4523 899 4590 προνοητὴς
953 4524 1045 4575 καὶ
1095 4524 1313 4594 κριτής·
1366 4526 1459 4578 καὶ
1507 4527 1827 4596 δημιουργὸς

1953 4526 2135 4594 [uideni
2166 4534 2381 4592 propter
2408 4538 2471 4576 ea
2503 4538 2623 4595 qua:
2667 4539 2731 4578 ex
2781 4526 2948 4579 nihilo
2990 4525 3127 4578 facta
3176 4536 3331 4589 sunt;
3368 4541 3456 4577 sa-

279 4613 381 4681 μὲν
410 4609 499 4661 διὰ
529 4608 595 4660 τά
627 4609 881 4675 γεγονότα
906 4610 1011 4662 άπὸ
1036 4610 1126 4662 τοῦ
1158 4612 1229 4681 μὴ
1256 4612 1403 4675 ὄντος
1429 4615 1507 4676 είς
1537 4615 1598 4666 τὸ
1647 4612 1821 4669 εἶναι)

1953 4615 2076 4666 licus
2120 4624 2337 4680 propter
2382 4613 2679 4666 reconditas
2721 4613 2837 4680 ejus
2890 4613 3164 4676 rationes;
3218 4613 3456 4681 provisor

276 4700 444 4769 σοφὸς
465 4697 521 4749 δὲ
540 4696 625 4749 διὰ
655 4697 779 4759 τοὺς
805 4699 1187 4768 ἀποκειμένους
1218 4701 1405 4769 λόγους
1452 4705 1649 4774 αὑτῆςο
1696 4722 1827 4772 προ-

1953 4713 2138 4768 ιτοριει*
2191 4701 2388 4754 auxilia
2453 4702 2607 4756 nobis
2644 4703 2710 4755 ad
2762 4704 3013 4755 virtutem
3069 4712 3124 4755 ct
3173 4702 3451 4755 scientiam

276 4786 475 4856 νοητὴς
503 4785 559 4837 δὲ
585 4785 671 4838 διὰ
693 4785 761 4838 τὰ
787 4786 1134 4842 συντελοῦντα
1176 4789 1308 4859 πρὸς
1342 4792 1537 4861 ἀρετὴν
1564 4795 1692 4862 ἡμῖν
1733 4795 1825 4847 καὶ

1953 4791 2322 4857 dipiscendatn
2351 4793 2616 4859 impertita
2644 4809 2659 4856 ;
2687 4792 2850 4860 judex
2867 4791 3094 4859 denique
3120 4800 3333 4858 propter
3361 4804 3453 4841 va-

276 4876 507 4941 γνῶσιν·
536 4874 725 4944 κριτὴς
750 4875 806 4928 δὲ
833 4875 988 4928 πάλιν
1018 4876 1103 4929 διὰ
1126 4878 1192 4931 τά
1213 4879 1439 4949 διάφορα
1466 4880 1687 4950 σώματα
1718 4884 1823 4937 τῶν

1953 4880 2000 4933 ia
2054 4879 2444 4933 rationabilium
2477 4894 2841 4936 creaturarum
2872 4894 3128 4946 corpora,
3162 4889 3215 4930 et
3265 4878 3445 4931 varios

275 4963 531 5031 λογικῶν,
566 4965 656 5015 καὶ
680 4964 802 5026 τοὺς
828 4964 1097 5028 ποικίλους
1122 4967 1372 5037 κόσμους,
1398 4970 1490 5022 καὶ
1515 4972 1636 5034 τοὺς
1666 4989 1818 5044 περι-

1953 4968 2166 5033 mundos,
2201 4983 2404 5021 necnon
2437 4985 2528 5022 eos
2551 4971 2744 5037 quibus
2767 4972 2956 5023 sa:cula
2989 4970 3342 5021 continentur.

278 5052 499 5123 ἔχοντας
523 5054 646 5114 τοὺς
671 5051 886 5114 αἰῶνας.

1999 3461 2159 3516 Vens.
2191 3460 2274 3514 I5.
2304 3459 2425 3513 Non
2473 3471 2545 3513 est
2567 3461 2880 3515 occultatum
2907 3478 2964 3515 os
2994 3478 3160 3515 meum
3190 3478 3221 3512 a
3251 3473 3297 3513 te
3330 3461 3465 3528 quod

1930 3550 2096 3618 fecisti
2126 3552 2180 3603 in
2222 3551 2447 3614 occulto,
2481 3560 2586 3603 etc.
2638 3550 2709 3605 Os
2749 3554 2847 3606 hoc
2886 3552 3003 3607 loco
3034 3553 3266 3604 animam
3308 3567 3462 3605 voea-

1929 3639 2026 3701 vit,
2051 3653 2208 3707 quam
2243 3638 2389 3692 solus
2424 3640 2562 3692 Deus
2589 3640 2731 3693 fecit.

2000 3727 2160 3781 Vens.
2190 3729 2273 3781 I6.
2314 3727 2676 3796 Imperfectum
2701 3745 2865 3780 meum
2921 3729 3155 3783 viderunt
3199 3728 3334 3780 oculi
3362 3730 3460 3793 lui,

1927 3828 2035 3870 etc.
2067 3815 2475 3884 Imperfectum,
2519 3820 2693 3870 anitna
2739 3827 2822 3871 est
2859 3833 2975 3885 quae
3004 3833 3097 3885 per
3126 3808 3374 3870 virtutem
3409 3828 3464 3872 c'.

1928 3903 2204 3957 scientiam
2234 3901 2458 3953 formata
2491 3917 2593 3954 non
2621 3912 2720 3956 est.

1995 3991 2124 4044 IBID.
2160 3989 2225 4041 Et
2254 3991 2305 4042 in
2330 3990 2460 4043 libro
2484 4001 2574 4041 tuo
2607 4007 2780 4043 omnes
2810 3989 3116 4056 scribentur,
3138 4000 3237 4043 etc.
3267 3989 3463 4057 Corpo-

1928 4092 2141 4132 reurum
2174 4085 2228 4131 et
2278 4080 2711 4144 incorporearum
2765 4079 3143 4145 contemplatio
3189 4079 3320 4132 liber
3362 4078 3458 4132 Dei

1926 4178 2030 4231 est,
2061 4167 2113 4220 in
2142 4182 2247 4234 quo
2279 4183 2372 4235 per
2415 4168 2689 4220 scientiam
2731 4168 2895 4221 scribi
2939 4169 3077 4221 solet
3118 4182 3266 4221 mens
3298 4182 3450 4235 pura.

359 5138 581 5206 Ἡμέραι
612 5139 1059 5204 πλασθήσονται
1100 5141 1197 5194 καί
1235 5143 1425 5207 οὐθεὶς
1484 5145 1552 5196 ὲν
1596 5148 1811 5213 αὐτοῖς.

1983 5141 2107 5194 ίιιιι).
2170 5141 2290 5195 Dies
2349 5144 2704 5210 formabuntur
2756 5151 2804 5193 et
2862 5156 3006 5194 nemo
3056 5140 3109 5190 in
3163 5139 3271 5199 eis,
3340 5147 3449 5197 etc.

277 5244 333 5281 κ.
367 5245 417 5278 τ.
442 5228 488 5281 ἑ.
543 5227 629 5283 Ἐν
680 5227 872 5295 γνώσει
895 5227 1004 5299 (60)
1049 5230 1457 5300 πλασθήσονται,
1503 5233 1596 5287 καὶ
1643 5236 1813 5301 οὐδεὶς

1953 5246 1971 5285 ι
2031 5233 2253 5288 scientia
2294 5233 2688 5291 formabuntur,
2756 5226 2810 5283 et
2868 5244 3021 5283 nemo
3065 5236 3211 5279 extra
3270 5222 3452 5283 scien-

242 5354 250 5361 ·
345 5340 388 5371 ³⁸
414 5342 598 5396 Amos.
632 5355 710 5407 Ix,
738 5341 766 5396 l
798 5357 853 5397 et
879 5357 1031 5412 seqq.
1103 5343 1147 5377 “
1173 5343 1329 5398 Rom.
1358 5357 1399 5409 ι,
1424 5343 1513 5399 21.
1589 5346 1655 5381 ’θ’
1677 5346 1833 5404 Joan.
1858 5366 1898 5418 ι,
1920 5349 1972 5409 5.

350 5457 461 5527 (55)
494 5461 560 5511 El
592 5459 887 5527 vidvata,
913 5471 1019 5516 etc.
1048 5462 1268 5517 Schedae
1297 5459 1498 5518 Grabii.

352 5526 461 5592 (56)
489 5526 800 5592 Μακάριος,
828 5540 933 5583 etc.
957 5530 1150 5583 Catena
1193 5530 1450 5582 Corderii.

2002 5464 2090 5535 58)
2131 5463 2600 5529 Ἆκατέργαστον,
2631 5468 2734 5513 etc.
2767 5459 2997 5516 Eaedem.

1977 5466 2090 5603 (56)
2114 5529 2547 5603 Βιϐλίονβεοῦ,
2579 5537 2695 5603 (βία.-
2719 5527 2949 5603 Eaedem.

352 5591 461 5653 (ὅτ)
501 5591 767 5659 Ὀστοῦν,
789 5591 892 5650 etc.
925 5598 1141 5653 Scbcda:
1176 5596 1382 5651 Grabii.

2003 5527 2090 5602 59)
2114 5527 2547 5602 Βιϐλίονςθεοῦ,
2579 5537 2695 5602 (βία.-
2719 5527 2949 5602 Eaedem.

1985 5594 2094 5671 (60)
2142 5600 2240 5652 Ἐν
2264 5596 2494 5667 γνάλτει,
2528 5598 2632 5650 ett“.
2657 5594 2889 5650 Eaedem.
