3884 6238
283 294 454 351 1669

1277 303 1583 359 SELECTA
1619 303 1685 356 IN
1720 300 2050 359 PSALMOS.
2081 331 2152 344 —
2184 303 2372 359 PSAL.
2411 304 2634 363 CXLIII.

3390 304 3525 359 I670

372 413 511 466 Τοῦ
546 413 767 467 αὑτοῦ.
797 413 1021 469 Δύναται
1048 414 1201 468 τοῦτο
1241 416 1351 485 (82)
1383 420 1553 470 εἰπεῖν
1598 420 1723 488 περ)¹
1763 435 1863 485 γνα

2070 417 2334 487 Ejusdem.
2381 420 2561 474 Potest
2610 422 2711 475 hoc
2741 420 2921 475 dicere
2958 423 3024 476 de
3054 423 3239 478 notitia
3273 426 3371 480 vim
3406 442 3524 494 quae

285 502 524 571 ρισμοῢ
561 504 697 557 ὁδοῦ
729 506 994 575 φερούσης
1024 507 1111 558 ἐπ’
1156 508 1374 577 ἀρετὴν,
1408 509 1441 577 ἢ
1491 509 1588 576 τῆς
1644 510 1710 577 ἣν
1756 508 1888 576 μετὰ

282 588 400 657 τὴν
434 588 650 651 ἔξοδον
674 591 841 643 ὁδεύει
870 609 971 654 τις,
995 593 1114 661 ἣτις
1135 594 1278 646 ἐστὶν
1310 596 1425 656 ὁδὸς
1452 595 1544 647 τοῦ
1588 593 1744 658 ξύλου
1796 595 1890 663 τῆς

289 678 484 747 ζωῆς,
523 680 604 748 ἢν
649 680 904 747 φυλάσσει
937 680 1007 732 τὰ
1042 682 1300 752 χερουεὶμ
1348 684 1442 736 καὶ
1495 684 1715 752 φλογίνη
1761 684 1890 752 ῥομ-

292 766 481 833 quia.

380 852 515 905 Τοῦ
548 854 747 906 αὐτοῦ
802 855 875 923 Γῆ
904 855 1112 919 ζώντων
1140 859 1245 925 (85)
1275 859 1365 910 καὶ
1387 859 1458 927 γῆ
1491 858 1669 911 εὐθεῖα
1696 861 1727 927 ἡ
1754 857 1885 925 αὐτή

285 940 460 991 ἐστιν
497 942 721 1012 ἀγαθὴ,
752 944 834 1010 ἐφ’
860 945 925 1014 ἢν
948 945 1007 996 τὸ
1033 946 1230 1012 ἀγαθὸν
1264 947 1354 999 τοῦ
1379 947 1509 999 Θεοῦ
1533 947 1745 1015 Πνεῦμα
1767 947 1887 1015 ὁδη-

285 1031 391 1095 γεῖ
429 1031 579 1092 τοὺς
610 1029 812 1093 ἀξίους.
843 1033 949 1084 Καὶ
977 1034 1215 1087 ἐντεῦθεν
1245 1035 1338 1104 τὴν
1364 1036 1514 1098 ἀξίαν
1537 1035 1626 1087 τοῦ
1650 1034 1886 1101 πνεύμα-

284 1133 390 1179 τος
416 1117 825 1188 ἐδιδάχθημεν.
877 1121 1081 1191 ’Ὠσπερ
1123 1123 1228 1192 γὰρ
1277 1124 1304 1173 ὁ
1349 1123 1495 1186 Θεὸς,
1536 1123 1674 1175 οὕτω
1712 1123 1802 1174 καὶ
1827 1122 1885 1172 τὸ

287 1205 543 1273 πνεῦμα
581 1206 895 1274 ὠνόμασται
939 1209 1165 1274 ἀγαθόν·
1217 1212 1306 1261 καὶ
1337 1210 1581 1278 καθάπερ
1618 1210 1705 1261 τὸν
1757 1210 1884 1260 Θεὸν

285 1292 599 1360 ὁδηγῆσαι
642 1294 800 1345 αὐτὸν
847 1295 1139 1357 ἱκετεύσας,
1184 1298 1320 1348 οὕτω
1356 1298 1445 1350 καὶ
1475 1299 1569 1366 τῆς
1602 1296 1694 1347 τοῦ
1730 1294 1886 1345 πνεύ-

291 1398 488 1447 ματος
557 1381 789 1449 ὁδηγίας
836 1384 1128 1436 ἀπολαῦσαι
1183 1387 1497 1454 παρακαλεῖ,
1544 1384 1681 1437 ὥστε
1724 1383 1885 1452 μηδὲν

284 1471 456 1539 αὐτῷ
506 1473 756 1540 φανῆναι
797 1473 1090 1540 πρόσαντες
1149 1474 1279 1541 μηδὲ
1326 1474 1593 1542 δυσχερὲς,
1644 1472 1756 1523 ἀλλ’
1799 1471 1885 1522 εύ-

288 1560 458 1612 θεῖαν
484 1549 600 1630 τὴν
627 1561 749 1613 ὁδὸν
777 1562 977 1614 ὁδεύειν
1006 1565 1098 1617 καὶ
1124 1564 1268 1617 λείαν
1303 1566 1394 1617 καὶ
1418 1564 1618 1633 πλάνης
1645 1560 1883 1631 ἀπηλλα-

286 1648 548 1717 γμὲνην.

1989 507 2130 559 ducit
2153 510 2218 559 aII
2246 508 2515 567 virtutem.
2547 508 2623 560 vel
2645 509 2709 561 de
2733 510 2815 561 via
2847 525 3003 576 quam
3036 513 3154 578 quis
3177 522 3294 581 post
3322 515 3521 569 exitum

1989 594 2200 655 incedit,
2232 610 2352 662 quae
2384 605 2468 647 est
2502 597 2581 647 via
2610 596 2738 664 ligni
2766 597 2907 661 vitae,
2947 614 3107 662 quam
3140 604 3372 656 custodit
3394 605 3520 659 ebc-

1990 683 2141 736 rubin
2169 697 2289 735 cum
2321 682 2563 737 ﬂammea
2599 686 2886 750 romphaea.

2052 853 2209 923 841
2252 852 2517 920 Ejusdem.
2567 851 2734 908 Terra
2795 853 3081 908 viventium
3109 864 3161 909 et
3200 865 3340 911 terra
3368 868 3511 912 recta

1985 942 2170 996 eadem
2208 952 2291 996 est
2312 942 2470 1005 bona,
2500 942 2563 995 ad
2590 957 2750 1010 quam
2776 942 3006 1010 Spiritus
3034 946 3124 999 Dei
3149 947 3317 1000 bonus
3348 948 3513 1001 dedu-

1983 1028 2059 1082 cit
2093 1043 2186 1081 eos
2217 1031 2305 1095 qui
2340 1030 2481 1095 digni
2523 1039 2664 1082 sunt.
2691 1030 2826 1084 IIinc
2853 1032 3014 1101 etiam
3048 1034 3263 1101 spiritus
3290 1034 3515 1105 dignita-

1986 1125 2087 1171 tem
2117 1118 2414 1171 didicimus.
2452 1118 2604 1172 Sicut
2634 1119 2774 1173 enim
2819 1119 2978 1183 Deus,
3009 1124 3087 1174 sic
3114 1123 3269 1173 etiam
3295 1123 3514 1190 spiritus

1985 1206 2285 1258 nominatus
2318 1215 2400 1257 est
2429 1206 2596 1267 bonus
2627 1220 2638 1252 :
2665 1216 2719 1259 et
2743 1208 3189 1274 quemadmodum
3222 1208 3386 1262 Deum
3408 1210 3507 1265 ob-

1984 1294 2212 1346 secravit
2247 1303 2301 1346 nt
2325 1295 2491 1361 ipsum
2517 1295 2823 1358 deduceret,
2846 1296 2926 1348 sic.
2952 1296 3114 1348 etiam
3142 1305 3410 1363 precatur,
3451 1304 3509 1349 ut

1982 1382 2198 1449 Spiritus
2228 1382 2439 1435 ductum
2477 1394 2853 1450 consequatur,
2897 1384 2969 1436 ita
3020 1392 3078 1434 ut
3108 1384 3238 1437 nihil
3281 1385 3381 1451 ipsi
3416 1399 3503 1437 ar-

1982 1468 2140 1522 duum
2168 1478 2220 1521 et
2258 1468 2465 1522 diﬂicile
2511 1480 2778 1538 appareat,
2811 1473 2904 1524 sed
2934 1481 3130 1525 rectam
3150 1472 3290 1527 viam
3323 1481 3377 1525 et
3396 1470 3509 1539 pla-

1981 1571 2103 1609 nam
2131 1566 2289 1625 atque
2308 1558 2373 1610 ab
2400 1573 2583 1613 errore
2614 1559 2830 1612 liberam
2862 1560 3095 1614 incedat.

866 1823 1147 1876 ΨΑΛΜΟΣ
1184 1824 1357 1876 PMI".

361 1909 737 1978 Εὐλογητὸς
763 1913 971 1978 Κύριος
997 1915 1027 1963 ό
1058 1914 1198 1976 Θεός
1225 1930 1360 1980 μου,
1393 1914 1424 1964 a'
1453 1910 1748 1964 διδάσκων
1768 1912 1871 1976 τὰς

292 1998 520 2066 χεῖράς
545 2016 676 2066 μου
716 2002 802 2064 είς
830 1999 1171 2065 παράταξιν,
1221 2000 1359 2064 τοὺς
1398 1999 1724 2064 δακτύλους
1755 2018 1870 2066 μου

289 2088 386 2149 εἰς
413 2087 728 2151 πόλεμον,
757 2102 809 2137 κ.
838 2103 886 2137 τ.
914 2086 960 2136 ὲ.
997 2087 1052 2136 '0
1077 2084 1337 2155 διδαχθεὶς
1360 2086 1467 2154 (84)
1500 2088 1643 2157 παρά
1669 2087 1868 2155 Κυρίου

290 2175 390 2226 τὸν
422 2175 575 2244 πρὸς
614 2173 713 2242 τὴν
745 2175 1115 2242 ἀντικειμένην
1140 2175 1360 2244 δύναμιν
1400 2176 1627 2245 πόλεμον
1658 2179 1873 2229 ἐπίστα-

289 2278 389 2313 ται
438 2261 649 2327 λόγους
686 2260 888 2329 ἀρετῶν
918 2262 1007 2312 καὶ
1039 2261 1271 2323 κακιῶν,
1314 2263 1405 2315 καὶ
1443 2263 1699 2333 διαφοράς
1728 2262 1870 2329 λογιο

294 2350 486 2419 σμῶν,
529 2349 892 2418 γνωρίσματά
927 2366 985 2400 τε
1028 2349 1210 2411 ἀθεῖας
1242 2351 1334 2403 κα)⁵
1364 2352 1518 2421 ὄρους
1562 2352 1746 2420 αὐτῆς,
1791 2352 1867 2404 ἔτι

290 2439 353 2491 δὲ
383 2440 490 2491 καὶ
528 2439 652 2491 τῶν
691 2439 1007 2508 νυκτερινῶν
1047 2440 1435 2507 φαντασμάτων
1480 2439 1571 2492 καὶ
1609 2441 1866 2491 ἐνυπνίων

293 2527 577 2595 γινώσκει
614 2529 741 2588 τοὺς
773 2527 975 2594 λόγους,
1027 2520 1100 2578 ὢν
1149 2529 1195 2579 oi
1244 2529 1339 2596 μὲν
1391 2528 1495 2580 άπὸ
1534 2529 1625 2580 τοῦ
1653 2529 1865 2595 λογικοῦ

297 2616 515 2685 μέρους
562 2615 805 2681 γίνονται
846 2616 945 2683 τῆς
987 2616 1159 2684 ψυχῆς
1188 2655 1201 2678 ,
1253 2618 1565 2685 κινουμένης
1600 2616 1697 2683 τῆς
1736 2618 1865 2685 μνή-

299 2720 436 2774 μης,
470 2707 522 2757 οἱ
564 2706 627 2757 δὲ
653 2705 757 2756 ἀπὸ
777 2704 869 2756 τοῦ
902 2704 1125 2772 θυμικοῦ
1145 2743 1160 2765 ,
1193 2706 1363 2773 ἕτεροι
1405 2705 1460 2757 δὲ
1488 2706 1592 2757 ἀπὸ
1628 2705 1719 2758 τοῦ
1746 2708 1863 2757 ἐπι-

294 2791 624 2860 θυμητικοῦ
648 2806 663 2820 ·
716 2790 847 2842 ἀλλά
890 2791 1013 2859 περὶ
1046 2792 1143 2860 μὲν
1173 2792 1374 2844 τούτων
1401 2793 1777 2863 ἀκριϐέστερον
1806 2796 1862 2845 ὲν

294 2880 378 2949 τῷ
404 2887 457 2933 α’
491 2881 824 2949 εἰλήφαμεν.

371 2971 725 3035 Ἀνθρωπος
757 2970 1090 3035 ματαιότητι
1117 2968 1395 3036 ὡμοιώθη,
1431 2972 1489 3023 αι
1529 2970 1733 3038 ἡμέραι
1761 2974 1864 3025 αὐ-

296 3058 410 3110 τοῦ
444 3057 597 3109 ὡσεὶ
626 3057 765 3108 σκιὰ
792 3056 1139 3123 παράγουσι,
1167 3073 1217 3109 κ.
1252 3074 1302 3110 τ.
1336 3059 1380 3109 ἑ.
1426 3059 1570 3111 Ἐπεὶ
1590 3080 1606 3108 ι
1661 3059 1862 3129 ἄνθρω-

1904 1823 1948 1879 3
2452 1812 2766 1868 PSALMUS
2804 1814 3021 1868 CXLIII.

2038 1903 2199 1957 Vsus.
2240 1903 2289 1957 I.
2319 1901 2621 1954 Benedictus
2660 1900 2910 1953 Dominus
2943 1904 3075 1955 Deus
3102 1921 3259 1971 meus,
3287 1906 3375 1973 qui
3404 1907 3500 1959 do-

1969 2002 2044 2044 cet
2068 2008 2251 2044 manus
2285 2007 2421 2043 meas
2448 1993 2515 2042 ad
2547 1990 2804 2057 prwlium,
2844 2001 2892 2042 et
2921 1993 3105 2058 digitos
3136 2010 3271 2045 meos
3301 1996 3367 2046 ad
3391 1996 3497 2048 bel-

1967 2080 2092 2143 lum,
2123 2090 2226 2132 etc.
2258 2080 2354 2142 Qui
2389 2096 2415 2130 ιι
2442 2080 2666 2131 Domino
2684 2078 2901 2133 edoctus
2927 2092 3007 2133 est
3032 2082 3220 2134 bellum
3247 2085 3497 2138 adversus

1968 2168 2284 2221 contrariam
2313 2177 2646 2237 potestatem,
2676 2168 2927 2222 virtutum
2959 2184 3021 2223 ac
3037 2170 3283 2223 vitiorum
3309 2185 3500 2228 causas

1970 2257 2139 2319 novit,
2171 2273 2269 2310 nec
2308 2272 2411 2310 non
2457 2258 2840 2323 cogitationum
2879 2259 3224 2325 dili'erentias,
3278 2261 3497 2315 indicis-

1966 2361 2072 2414 qne
2104 2356 2158 2398 et
2200 2351 2451 2400 terminos
2482 2348 2789 2415 impietatis,
2833 2349 3050 2418 insuper
3075 2349 3234 2403 etiam
3265 2352 3495 2407 rationes

1964 2433 2236 2501 cognoscit
2280 2444 2663 2488 nocturnorum
2698 2436 3121 2503 pbantasmatum
3165 2447 3218 2492 et
3263 2439 3496 2493 somnio-

1967 2537 2346 2590 rum,quornm
2376 2522 2477 2575 alia
2506 2524 2715 2592 quidem
2740 2541 2767 2575 a
2790 2525 3085 2580 rationabili
3108 2528 3296 2580 anima:
3320 2538 3490 2596 parte,

1962 2612 2193 2664 excitata
2221 2614 2477 2665 memoria
2507 2615 2656 2676 liunt,
2686 2614 2787 2665 alia
2817 2615 2882 2665 ab
2916 2617 3019 2673 ira,
3049 2615 3149 2666 alia
3180 2631 3208 2667 a
3238 2617 3494 2684 concupi-

1962 2699 2197 2752 scentia:
2237 2714 2421 2753 verum
2461 2702 2525 2754 de
2555 2701 2637 2754 his
2662 2702 2968 2756 accuratius
3002 2703 3054 2755 in
3087 2706 3257 2772 primo
3287 2707 3489 2776 psalmo

1961 2789 2326 2843 disseruimus.
3011 2802 3021 2811 ‘

2032 2960 2184 3014 Vsus.
2210 2962 2264 3013 4.
2293 2960 2460 3014 llomo
2482 2960 2697 3015 vanitati
2720 2961 2902 3015 similis
2930 2960 3100 3029 [actus
3127 2973 3198 3015 est
3221 2979 3239 3016 :
3256 2963 3361 3018 dies
3380 2964 3489 3033 ejus

1957 3050 2085 3103 sicut
2118 3053 2293 3103 umbra
2323 3061 2629 3118 praztereunt
2649 3088 2667 3115 ,
2702 3063 2808 3106 etc.
2834 3051 3091 3116 Quoniam
3130 3071 3148 3103 ι
3180 3053 3341 3107 homo
3367 3071 3486 3108 cum

296 3162 402 3208 πος
436 3145 553 3214 (85)
589 3145 649 3195 ἐν
678 3147 805 3213 τιμῇ
840 3143 913 3195 ὢν
945 3145 1003 3195 οὐ
1035 3144 1250 3211 συνῆκε,
1286 3147 1724 3216 παρασυνεϐλήοη
1750 3150 1857 3210 τοῖς

1980 3156 2009 3192 ιι
2044 3141 2244 3192 honore
2269 3148 2415 3192 esset
2453 3156 2555 3193 non
2590 3141 2879 3205 intellexit,
2913 3153 3252 3209 comparatus
3293 3153 3374 3199 est
3396 3148 3485 3213 ju-

295 3240 531 3307 κτήνεσι
571 3240 684 3297 τοῖς
716 3238 956 3303 ἀνοήτοις
986 3239 1077 3289 καὶ
1108 3238 1356 3308 ὡμοιώθη
1390 3240 1589 3301 αὐτοῖς,
1629 3244 1684 3294 αί
1726 3243 1859 3311 ἠμέ-

296 3344 391 3398 ραι
422 3326 600 3379 αὐτοῦ
633 3326 760 3376 ὡσεὶ
800 3329 923 3378 σκιὰ
964 3328 1281 3395 παράγουσι.
1324 3348 1342 3379 ι
1383 3329 1463 3381 Τὰ
1492 3330 1598 3399 γὰρ
1631 3331 1857 3384 ἐνταῦθα

293 3415 496 3467 παισὶν
547 3412 697 3462 ἔοικε
749 3412 1042 3477 παίζουσιν.
1098 3415 1154 3465 '0
1205 3416 1437 3485 σήμερον
1478 3419 1583 3485 γάρ
1629 3417 1856 3481 δικάζων

291 3501 539 3570 ἕστηκεν
581 3496 769 3567 αῦριον
812 3499 1172 3567 δικαζόμενος,
1225 3502 1317 3552 καί⁵
1359 3503 1387 3554 ὁ
1436 3502 1659 3574 σοϐαρὸς
1688 3506 1743 3554 ὲν
1780 3504 1857 3572 τῷ

294 3592 514 3661 ἄρχειν,
577 3587 684 3639 ὑπὸ
737 3586 924 3655 δημίου
973 3587 1223 3649 πολλάκις
1282 3591 1634 3659 ἀπαγόμενος,
1682 3593 1775 3645 καὶ
1828 3595 1855 3645 ὁ

294 3678 564 3739 πλούσιος
598 3678 657 3727 ὲν
701 3676 875 3744 πενίᾳ,
913 3676 1003 3727 καὶ
1038 3676 1066 3726 ὁ
1110 3677 1417 3740 ἀνέλπιστος
1447 3680 1539 3731 καὶ
1581 3680 1877 3750 ἀνώνυμος,

294 3767 567 3827 πολλάκις
598 3763 705 3815 τῶν
734 3763 866 3816 ὅλων
886 3763 1115 3833 κρατῶν.
1139 3766 1246 3818 Καὶ
1276 3769 1471 3820 πυκναί
1492 3770 1543 3820 αί
1571 3769 1854 3839 μεταϐολαὶ

294 3857 393 3908 καὶ
425 3853 709 3921 ἀνώμαλοι
749 3854 803 3904 ai
843 3853 1210 3920 μεταστάσεις.

372 3944 488 3997 Τοῦ
528 3940 737 3995 αὑτοῦ.
788 3941 1093 4010 Ματαιότης
1148 3941 1254 4010 (86)
1301 3943 1442 3996 ἐστὶν
1469 3944 1579 4008 ἕξις
1610 3948 1850 4017 λειρίστη

294 4033 526 4103 λογικῆς
564 4032 761 4101 ψυχῆς,
792 4032 911 4084 καθ’
946 4032 1010 4101 ἢν
1040 4032 1137 4093 τὰς
1176 4034 1412 4104 φθαρτὰς
1449 4037 1637 4106 ἡδονὰς
1668 4055 1853 4108 προαι-

298 4123 540 4194 ρουμένη
566 4123 674 4174 τῶν
704 4123 883 4175 ἀϊδίων
910 4123 1001 4175 καί
1027 4122 1310 4192 ἀφθάρτων
1340 4128 1676 4193 καταφρονεῖ.

366 4219 572 4283 Κύριε,
620 4214 827 4267 κλῖνον
863 4214 1149 4280 οὐρανούς
1192 4227 1324 4276 σου,
1382 4213 1478 4266 καὶ
1539 4212 1843 4279 κατάϐηθισ

294 4306 446 4373 ἅψαι
493 4303 616 4356 τῶν
658 4303 856 4367 ὁρέων,
910 4303 1003 4354 καὶ
1051 4302 1585 4365 καπνισθήσονται,
1625 4319 1677 4354 κ.
1711 4320 1761 4355 τ.
1796 4305 1842 4354 ὲ.

1958 3232 2153 3284 mentis
2184 3231 2554 3298 insipientibus
2588 3240 2640 3284 et
2668 3232 2856 3284 similis
2886 3231 3057 3286 factus
3096 3243 3176 3286 est
3203 3232 3322 3297 Illis,
3370 3234 3486 3290 dies

1952 3317 2065 3382 ejus
2084 3318 2220 3370 sicut
2243 3318 2426 3370 umbra
2463 3319 2871 3386 praetereunt”.
2907 3338 2926 3369 ι
2953 3319 3023 3372 Ea
3071 3321 3212 3373 enim
3238 3335 3357 3388 qua:
3399 3323 3486 3377 lzic

1958 3406 2112 3467 liunt,
2162 3405 2353 3458 similia
2402 3414 2529 3459 sunt
2580 3407 2760 3473 pueris
2806 3406 3129 3466 ludentibus.
3183 3408 3281 3473 Qui
3340 3399 3481 3464 enim

1956 3491 2113 3546 hodie
2138 3490 2365 3559 judicat,
2397 3507 2517 3545 cras
2564 3491 2851 3558 judicatus,
2896 3503 2949 3546 et
2995 3495 3083 3561 qui
3127 3497 3397 3550 insolescit
3429 3500 3481 3553 in

1957 3581 2279 3649 principatu,
2304 3597 2330 3632 a
2360 3581 2612 3634 carniﬁce
2658 3596 2795 3648 saepe
2827 3584 3106 3636 abducitur
3128 3587 3193 3637 ad
3234 3596 3479 3647 mortem.

1954 3678 2010 3721 et
2031 3670 2181 3721 dives
2214 3668 2275 3721 ﬁt
2301 3682 2521 3735 pauper,
2538 3677 2591 3721 et
2617 3669 2915 3736 insperatus
2943 3680 2997 3722 et
3019 3686 3311 3741 auonymus
3340 3689 3479 3743 saepe

1955 3760 2176 3825 imperat
2202 3759 2480 3812 universis.
2516 3758 2578 3812 Et
2608 3758 2913 3828 frequentes
2937 3771 3058 3814 sunt
3089 3763 3406 3818 mutationes
3426 3774 3481 3819 et

1953 3863 2130 3902 rerum
2167 3848 2582 3902 vicissitudines.

2017 3936 2286 4005 Ejusdem.
2320 3935 2541 3990 Vanitas
2564 3944 2645 3991 est
2676 3936 2865 3991 animae
2891 3940 3098 3995 ratione
3125 3940 3354 4007 praedita:
3377 3942 3475 3995 ba-

1946 4028 2089 4079 bitus
2119 4028 2402 4094 pessimus,
2441 4041 2545 4095 quo
2589 4027 2648 4081 Iit
2679 4039 2735 4079 ut
2756 4044 3035 4096 corporeus
3059 4031 3355 4099 voluptates
3381 4032 3476 4085 cli-

1947 4124 2326 4185 gens,:eternas
2370 4125 2529 4184 atque
2562 4116 2992 4182 incorruptibiles
3015 4128 3336 4171 contemnat.

2023 4207 2177 4258 \‘Ens.
2208 4205 2260 4260 5.
2303 4205 2536 4272 Domine,
2558 4208 2747 4260 inclina
2789 4209 2939 4259 caelos
2967 4217 3079 4260 tuas
3109 4217 3156 4261 et
3195 4211 3471 4265 descende:

1944 4309 2093 4361 tange
2122 4308 2313 4349 montes
2347 4305 2394 4349 et
2430 4297 2774 4365 [umigubunt,
2811 4307 2913 4350 etc.
2948 4297 3039 4349 Dei
3074 4306 3246 4353 lactus
3273 4310 3355 4353 est
3383 4302 3473 4356 do-

310 4396 447 4463 Ἀιρή
480 4398 598 4447 ἐστι
629 4392 733 4461 (87)
762 4392 890 4444 Θεοῦ
921 4393 1229 4446 διδασκαλία
1256 4391 1588 4460 πνευματικὴ
1614 4429 1629 4452 ,
1660 4391 1747 4443 τὸν
1781 4394 1842 4445 ὲκ

1972 4392 2113 4440 trina
2159 4386 2434 4452 Spiritalis,
2464 4403 2582 4454 qua:
2626 4387 2828 4440 fumum
2866 4402 2930 4440 ex
2964 4387 3163 4442 malitia
3194 4390 3472 4447 animabus

294 4485 398 4554 τῆς
424 4484 627 4544 κακίας
656 4482 1002 4551 ἀποκείμενον
1041 4483 1241 4536 καπνὸν
1264 4484 1379 4544 ταῖς
1405 4480 1595 4549 ψυχαῖς
1630 4480 1842 4544 ἐξελαύ-

295 4587 486 4623 νουσα.

377 4657 843 4720 Ἕξίιπόστειλον
866 4657 936 4709 τὰ
957 4658 1111 4722 βέλη
1140 4670 1252 4710 σου
1270 4697 1284 4718 ,
1318 4655 1415 4709 καί
1454 4656 1838 4723 συνταράξεις

296 4746 543 4809 αὐτοὺς,
580 4761 634 4795 κ.
660 4761 707 4796 τ.
734 4745 778 4795 ἑ.
810 4732 989 4797 Ταῦτα
1011 4744 1077 4796 τὰ
1102 4744 1224 4813 βέλη
1258 4743 1367 4815 (88)
1390 4744 1709 4797 ἀντίκεινται
1730 4747 1837 4806 τοῖς

298 4833 709 4905 πεπυρωμένοις
743 4834 915 4903 βέλεσι
945 4835 1036 4885 τοῦ
1063 4833 1277 4903 ἐχθροῦ.

375 4923 620 4986 Ἐξελοῦ
643 4941 717 4990 με
738 4923 832 4976 καὶ
848 4923 1030 4989 ῥῦσαί
1049 4940 1123 4990 με
1146 4924 1214 4986 ἐξ
1240 4921 1468 4977 ὑδάτων
1486 4922 1744 4985 πολλῶν,
1765 4922 1832 4974 ἐκ

298 5011 493 5077 χειρὸς
532 5010 676 5064 υἱῶν
719 5012 1064 5077 ἀλλοτρίων,
1110 5007 1196 5063 ὧν
1240 5013 1303 5064 τὸ
1343 5014 1532 5078 στόμα
1574 5010 1833 5077 ἐλάλησα

301 5104 664 5166 ματαιότητα,
698 5102 792 5153 καί
838 5101 877 5165 ή
928 5098 1091 5162 δεξιὰ
1142 5099 1335 5152 αὐτῶν
1373 5099 1537 5162 δεξιὰ
1580 5100 1830 5163 ἀδικίας,

301 5206 353 5242 κ.
388 5208 435 5243 τ.
467 5192 513 5243 ἕ.
549 5191 665 5243 Τῶν
697 5190 1013 5260 ἑτεροδόξων
1059 5190 1167 5259 (89)
1223 5190 1308 5242 διὰ
1353 5189 1555 5259 μεγάλα
1594 5189 1832 5257 δόγματα

394 5282 436 5314 ⁸⁸
462 5282 594 5336 Psal.
621 5299 801 5343 XLVIII,
845 5281 926 5333 I5.

390 5368 474 5432 82)
497 5375 737 5428 durarat
759 5370 955 5433 τοῦτο,
976 5382 1079 5428 etc.
1106 5374 1303 5429 Catena
1334 5373 1591 5430 Corderii.

390 5440 474 5501 85)
507 5442 592 5508 Γῆ
617 5441 858 5508 ζὶίιντων.
891 5448 994 5494 etc.
1032 5441 1253 5496 Eadem.

372 5508 475 5567 (si)
506 5506 909 5572 'O‘Maxm-rlc.
945 5515 1047 5560 etc.
1085 5509 1303 5563 SclIeIltc
1321 5508 1522 5564 Grabii.

364 5575 469 5643 (85)
506 5575 651 5627 Ἐπεί
673 5576 1001 5638 ἅνθρωπος,
1037 5585 1140 5631 etc.
1174 5580 1370 5633 Catena
1395 5577 1651 5633 Curderii.

1944 4475 2285 4527 inhaerentem
2310 4473 2546 4541 expellit.

2010 4643 2173 4700 Vens.
2197 4644 2249 4697 6.
2284 4643 2475 4697 Emitte
2495 4646 2710 4713 sagittas
2732 4655 2847 4697 tuas
2866 4683 2881 4707 ,
2914 4654 2961 4698 et
2993 4646 3320 4699 conturbabis
3348 4662 3430 4699 eos
3450 4685 3467 4708 ,

1937 4744 2041 4786 etc.
2102 4732 2191 4785 Ila:
2243 4733 2449 4801 sagittae
2504 4732 2679 4802 ignitis
2741 4733 2939 4786 inimici
3006 4734 3213 4799 sagittis
3280 4736 3468 4787 adver-

1934 4832 2137 4876 Sattltll'.

2010 4912 2164 4965 Vens.
2198 4911 2306 4970 7,8.
2343 4911 2499 4979 Eripe
2540 4928 2639 4973 me,
2674 4911 2835 4963 libera
2878 4927 2957 4963 me
2998 4911 3060 4963 de
3091 4911 3236 4978 aquis
3266 4909 3459 4972 multis,

1935 5004 1999 5056 de
2023 5019 2176 5055 manu
2201 5002 2430 5069 ﬁliorum
2458 5003 2764 5059 alienorum.
2788 5016 3001 5068 quorum
3046 5015 3101 5051 os
3130 4999 3353 5051 locutum
3389 5010 3459 5051 est

1937 5096 2208 5146 vanitatem
2248 5103 2293 5145 et
2325 5093 2534 5144 dextera
2562 5106 2735 5143 eorum
2777 5090 2987 5141 dextera
3013 5089 3322 5153 iniquitatis,
3351 5098 3454 5141 etc.

1936 5183 2159 5252 Pr0pter
2186 5196 2371 5251 magna
2398 5181 2644 5247 dogmata
2674 5192 2733 5231 os
2758 5175 3202 5265 heterodoxorum
3227 5174 3452 5229 locutum

1996 5364 2105 5436 (86)
2137 5361 2483 5436 Ματᾳιρτης.
2512 5368 2617 5410 etc.
2651 5356 2870 5436 §cbedae
2896 5354 3097 5409 Grabii.

2134 5429 2277 5505 ᾉεξή
2304 5428 2620 5505 ἐστινέὀιιε.
2661 5425 2888 5505 Eaedem:

1988 5492 2098 5570 (88)
2130 5492 2309 5570 Τιξῧτᾳ
2338 5495 2409 5546 τὰ
2433 5492 2608 5570 βέλη,
2628 5504 2733 5546 etc.
2765 5492 2996 5570 E_:_rdcm.

1993 5556 2100 5641 (89)
2133 5565 2248 5618 Τῶν
2266 5556 2634 5628 ἑτεροδόξων,
2664 5570 2768 5625 etc.
2794 5561 2991 5616 Catena
3024 5556 3289 5613 Cordcrii.
