3884 6254
236 317 443 373 1675
1208 319 1509 375 SELECTA
1545 318 1611 373 IN
1650 317 1979 374 PSALMOS.
2011 348 2076 361 —-
2114 319 2300 373 PSAL.
2342 318 2545 375 CXLV.
3357 317 3484 371 lG'M

334 433 585 502 Μέγας
628 435 662 487 ὁ
709 433 918 502 Κύριος
959 433 1050 487 καὶ
1092 434 1319 499 αὶνετὸς
1344 434 1592 502 σφόδρα,
1624 434 1720 487 καὶ
1754 432 1840 501 τῆς

2024 431 2186 485 Vsus.
2216 432 2268 485 5.
2312 433 2533 499 Magnus
2565 431 2814 485 Dominus
2847 440 2892 485 et
2920 428 3199 484 laudabitis
3231 429 3404 493 nimis,
3438 442 3487 482 et

220 523 744 588 μεγαλωσύνης
800 521 982 575 αὐτοῦ
1031 526 1139 576 οὐκ
1203 523 1331 576 ἐστι
1369 524 1569 590 πέρας,
1606 541 1658 576 κ.
1709 540 1761 576 τ.
1807 525 1837 577 ἑ

1960 522 2330 590 magnitudinis
2358 523 2469 589 ejus
2501 539 2602 575 non
2628 530 2704 575 est
2728 521 2871 588 ﬁnis,
2906 527 3011 575 etc.
3048 518 3487 588 Quandoquidem

256 607 443 661 Ἐπε
454 609 587 680 ἔπερ
611 611 643 679 ἡ
677 611 1022 680 μεγαλωσύνη
1056 609 1161 681 (96)
1189 611 1278 663 τοῦ
1308 611 1436 664 Θεοῦ
1470 614 1525 663 ἐν
1546 611 1620 681 τῷ
1641 611 1840 682 Χριστῐι

1961 610 2265 675 magnitudo
2291 610 2379 663 Dei
2411 610 2461 663 in
2495 610 2709 664 Christo
2749 619 2802 664 et
2842 610 2893 661 in
2925 608 3188 663 creaturis
3216 622 3336 664 esse
3358 623 3488 663 con-

237 694 372 748 καὶ
446 699 511 749 ἐν
545 701 657 762 τοῖς
684 700 969 768 κτίσμασιν
1000 695 1132 753 οὖσα
1159 701 1455 771 θεωρεῖται,
1497 701 1588 753 καὶ
1617 700 1718 754 οὐκ
1745 701 1840 753 ἐστι

1958 698 2202 767 spicitur,
2243 709 2297 752 et
2342 700 2719 768 magnitudinis
2762 699 2875 767 ejus
2919 713 3025 754 non
3055 705 3135 754 est
3170 698 3311 763 linis,
3349 698 3488 752 forte

241 784 482 855 πέρας
506 787 607 857 τῆς
631 789 1009 859 μεγαλωσύνης
1040 790 1219 851 αὑτοῦ,
1256 792 1457 860 μήποτε
1487 792 1519 859 ή
1548 790 1607 854 ἐξ
1631 791 1840 863 άπείροι

1958 787 2080 841 hinc
2112 787 2275 840 etiam
2308 802 2369 841 ex
2392 788 2599 842 inﬁnito
2627 788 2677 842 in
2705 788 2963 842 inﬁnitum
2987 788 3037 842 in
3059 802 3119 842 ea
3145 802 3263 857 quze
3289 789 3355 844 ab
3374 789 3486 858 ipso

241 875 366 925 ἐπ’
406 876 651 945 ἄπειρον
671 878 761 929 καὶ
794 877 1031 929 ἐντεῦθεν
1063 878 1379 947 παρίσταται
1410 879 1501 931 τοῦ
1534 879 1667 932 Θεοῦ
1695 882 1773 943 εἰς
1789 881 1840 934 τί

1958 872 2096 927 facta
2128 882 2252 927 sunt
2282 872 2612 941 providentia
2648 874 2980 942 conspicitur
3013 873 3124 927 Dei.

240 958 426 1014 ὂντα
472 964 566 1015 ὑπ’
595 963 757 1016 αὑτοῦ
779 965 1037 1034 γενόμενα
1068 964 1303 1035 πρόνοια.

349 1051 497 1103 Τοῦ
541 1053 745 1106 αὐτοῦ.
787 1054 1004 1107 Πάντων
1044 1056 1138 1126 μὲν
1184 1056 1291 1124 (97)
1337 1054 1442 1108 τῶν
1483 1057 1779 1123 γεγονότων
1808 1043 1854 1126 ’ή

242 1134 512 1207 θεωρία
548 1141 916 1210 πεπέρασται·
966 1142 1095 1212 μόνη
1129 1142 1185 1199 δὲ
1236 1144 1266 1212 ή
1313 1142 1507 1211 γνῶσις
1549 1144 1646 1211 τῆς
1698 1143 1855 1210 ἁγίας

242 1224 304 1274 Τ
308 1224 538 1291 ριὰδος
576 1228 721 1280 ἐστὶν
748 1230 1064 1299 ἀπέραντος.

334 1313 481 1365 Καὶ
509 1317 564 1366 οἰ
594 1317 872 1384 οἰκτιρμοί
905 1317 1087 1370 αὑτοῦ
1126 1318 1220 1370 ἐπὶ
1253 1319 1442 1371 πάντα
1476 1317 1549 1371 τὰ
1574 1318 1713 1385 ἔργα
1757 1321 1853 1370 αὐ-

244 1400 419 1464 τοῦ,
457 1421 518 1457 κ.
550 1422 601 1459 τ.
632 1406 677 1458 ἐ.
698 1407 760 1458 Εἰ
792 1407 839 1458 οἰ
866 1406 1130 1477 οἰκτιρμοί
1159 1406 1265 1475 (98)
1288 1406 1377 1459 τοῦ
1398 1406 1527 1459 Θεοῦ
1558 1407 1648 1459 ἐπὶ
1679 1409 1851 1460 πάντα

240 1490 333 1544 τὰ
362 1491 531 1562 ἔργα
563 1494 743 1559 αὑτοῦ,
769 1494 883 1557 πῶς
916 1495 1018 1547 εἰσί
1051 1511 1185 1557 τινες
1216 1495 1297 1562 ἐφ’
1328 1494 1419 1557 οὓς
1441 1495 1501 1548 ού
1531 1495 1845 1562 φθάνουσινς

247 1582 445 1651 ’Λρα
480 1583 576 1634 καὶ
604 1583 689 1634 ἐπ’
726 1584 917 1647 αὐτοὺς
947 1585 995 1636 οἱ
1036 1585 1301 1654 οἰκτιρμοὶ
1346 1583 1439 1636 τοῦ
1478 1584 1639 1637 Θεοῦ’
1692 1587 1740 1638 εἰ
1776 1586 1848 1656 μὴ

240 1670 390 1740 ἄρα
436 1672 540 1723 ἐπὶ
579 1671 675 1741 μὲν
710 1673 777 1726 τὰ
818 1672 951 1743 ἔργα
992 1672 1153 1727 αὐτοῦ
1187 1673 1472 1742 φθάνουσιν
1500 1675 1548 1726 οἰ
1583 1676 1848 1744 οἰκτιρμοί

2027 1049 2293 1116 Ejusdem.
2329 1048 2576 1103 Omnium
2619 1048 2830 1116 quidem
2866 1061 2984 1117 qua:
3016 1048 3156 1102 facta
3203 1058 3324 1104 sunt
3354 1064 3481 1104 con~

1957 1141 2227 1209 templatio
2273 1139 2419 1193 ﬁnita
2468 1147 2585 1202 est,
2627 1138 2738 1192 sola
2775 1153 2900 1191 vero
2943 1145 3143 1192 sanctae
3195 1138 3476 1194 Trinitatis

1953 1229 2185 1295 cognitio
2219 1227 2446 1280 inﬁnita.

2023 1317 2182 1369 Vens.
2209 1317 2260 1370 9.
2290 1315 2358 1367 Et
2395 1314 2747 1369 miserationes
2775 1314 2887 1374 eius
2936 1330 3088 1381 super
3125 1315 3297 1368 omnia
3325 1329 3479 1382 opera

1954 1406 2083 1474 ejus,
2115 1414 2220 1458 etc.
2251 1403 2307 1457 Si
2350 1405 2717 1459 miserationes
2761 1403 2852 1458 Dei
2900 1418 3061 1472 super
3093 1404 3269 1457 omnia
3312 1418 3470 1472 opera

1952 1493 2085 1562 ejus,
2114 1494 2374 1559 quomodo
2421 1502 2548 1547 sunt
2578 1492 2810 1546 nonnulli
2851 1494 2915 1546 ad
2962 1508 3096 1560 quos
3142 1507 3248 1546 non
3288 1507 3481 1560 perve-

1952 1583 2137 1637 niunt?
2165 1584 2352 1651 Utique
2379 1583 2537 1635 etiam
2579 1597 2737 1650 super
2774 1584 2915 1653 ipsos
2952 1597 3076 1637 sunt
3108 1583 3479 1636 miserationes

1952 1669 2045 1723 Dei
2083 1685 2096 1721 :
2136 1670 2236 1723 nisi
2285 1669 2425 1723 forte
2460 1671 2525 1722 ad
2559 1685 2719 1738 opera
2762 1672 2975 1739 quidem
3023 1671 3136 1738 ejus
3175 1670 3484 1739 pertingant

245 1760 488 1823 αὐτοῦ,
525 1762 615 1813 ἐπὶ
644 1761 699 1813 δὲ
724 1760 789 1814 τὰ
816 1761 951 1832 ἔργα
976 1761 1081 1814 τῶν
1105 1761 1302 1832 χειρῶν
1334 1762 1495 1815 αὐτοῦ
1522 1763 1585 1816 οὐ
1619 1765 1840 1829 πάντως.

1958 1757 2317 1810 miserationes
2347 1757 2532 1824 ipzins,
2566 1758 2631 1810 ad
2661 1771 2823 1825 opera
2869 1766 3043 1812 autem
3076 1772 3325 1811 manuum
3367 1759 3486 1826 ejus

353 1930 1067 2000 Ἐξομολογησὰσθωσάν
1125 1945 1241 1994 σοι,
1303 1933 1495 1999 Κύριε,
1547 1923 1760 1987 πάντα
1781 1934 1851 1987 τὰ

245 2022 437 2089 ἔργα
468 2036 610 2082 σου,
646 2020 741 2072 καί
770 2022 823 2071 οἱ
849 2019 1004 2071 ὅσιοί
1033 2035 1146 2073 σου
1174 2021 1718 2088 εὐλογησιίσθωσάν
1755 2039 1847 2085 σε,

245 2126 320 2163 κ.
359 2126 426 2162 τ.
467 2110 516 2161 ὲ.
564 2107 677 2160 Νῦν
706 2108 840 2178 ἔργα
867 2107 975 2179 (99)
1008 2107 1104 2171 τὰς
1138 2109 1324 2176 φύσεις
1354 2110 1450 2172 τὰς
1502 2110 1720 2177 λογικὰς
1765 2112 1851 2163 λέ-

154 2235 161 2239 .
246 2213 358 2261 γει
385 2214 402 2227 ·
473 2189 634 2248 αὗται
673 2195 780 2264 γὰρ
816 2195 1116 2263 πεφύκασιν
1150 2196 1576 2266 ἐξομολογεῖσθαι
1619 2198 1750 2269 Θεῷ.
1786 2200 1848 2250 Εἰ

247 2287 307 2339 δ’
346 2286 763 2356 ἀναπέμπεται
795 2302 876 2348 τις
907 2286 1281 2356 ἐξομολόγησις
1306 2288 1397 2339 καὶ
1416 2287 1520 2339 ἀπὸ
1541 2287 1636 2357 τῆς
1660 2289 1849 2358 λοιπῆς

249 2376 553 2440 κτίσεως,
582 2374 711 2438 Θεὸς
741 2375 804 2427 ἂν
832 2375 1015 2444 εἰδείη.

336 2462 658 2519 Βασιλεία
696 2480 809 2517 σου
833 2463 1116 2526 βασιλεία
1146 2463 1382 2516 πάντων
1407 2463 1658 2529 αἰώνων,
1700 2484 1751 2519 κ.
1795 2483 1841 2521 τ.

252 2553 310 2604 ἑ.
361 2552 444 2603 Εἰ
488 2551 521 2619 ἡ
558 2549 797 2619 βασιλεία
833 2550 907 2619 (1)
950 2548 1042 2602 τοῦ
1072 2550 1205 2602 Θεοῦ
1239 2552 1270 2619 ἡ
1311 2551 1511 2622 θεωρία
1554 2552 1659 2605 τῶν
1691 2571 1846 2621 γεγο-

251 2639 467 2692 νότων
498 2638 590 2691 καὶ
617 2638 989 2708 γενησομένων
1016 2637 1221 2690 αἰώνων
1250 2638 1361 2690 ἐστὶ
1382 2677 1396 2701 ,
1430 2638 1605 2701 καλῶς
1638 2641 1846 2711 εἴρηται

253 2730 326 2782 τό
348 2747 368 2763 ο
415 2746 445 2779 ι
491 2729 556 2780 Ἦ
579 2727 817 2796 βασιλεία
835 2743 924 2779 σου
940 2726 1179 2796 βασιλεία
1200 2728 1412 2780 πάντων
1435 2727 1543 2780 τῶν
1561 2729 1784 2784 αἰώνων.
1822 2751 1839 2782 ι

342 2814 679 2871 Φυλάσσει
711 2818 921 2884 Κύριος
949 2814 1172 2881 πάντας
1199 2816 1336 2881 τοὺς
1366 2817 1711 2886 ἀγαπῶντας
1740 2824 1846 2875 αὐ-

261 2908 407 2969 τὸν,
455 2905 555 2958 καί
584 2905 808 2969 πάντας
836 2904 975 2969 τοὺς
1003 2905 1378 2973 ἁμαρτωλοὺς
1413 2907 1840 2977 ἐξολοθρεύσει,

266 3013 331 3049 κ.
369 3012 431 3046 τ.
482 2993 531 3044 ὲ.
586 2990 981 3061 Ἐξολόθρευσις
1011 2992 1327 3061 ἁμαρτωλοῦ
1364 2991 1437 3061 (2)
1471 2995 1583 3046 ἐστι
1623 2993 1842 3065 λογικῆς

264 3083 475 3153 ψυχῆς
532 3081 804 3150 χωρισμὸς
858 3080 964 3132 ἀπὸ
1007 3081 1102 3151 τῆς
1142 3081 1427 3151 συμπάσης
1467 3082 1605 3135 κατὰ
1649 3063 1841 3137 κακίαν
1868 3063 1909 3119 C

264 3173 459 3242 ζωῆς.

340 3261 617 3315 Αἵνεσιν
638 3260 854 3324 Κυρίου
874 3258 1126 3323 λαλήσει
1151 3257 1216 3310 τὸ
1239 3262 1431 3326 στόμα
1445 3276 1565 3327 μου
1584 3297 1597 3320 ,
1623 3261 1717 3314 καὶ
1748 3263 1835 3314 εὐ·

261 3352 543 3421 λογείτω
570 3346 734 3400 πᾶσα
763 3347 916 3413 σὰρξ
942 3348 1004 3399 τύ
1042 3348 1226 3414 ὄνομα
1253 3348 1318 3423 τὸ
1349 3348 1516 3416 ἅγιον
1546 3348 1729 3402 αὐτοῦ
1758 3353 1843 3414 εἰς

264 3442 386 3494 τὸν
422 3436 619 3491 αἰῶνα
644 3437 739 3488 καί
766 3439 850 3501 εἰς
881 3436 986 3489 τὸν
1012 3436 1194 3490 αἰῶνα
1229 3437 1331 3491 τοῦ
1359 3437 1586 3503 αἰῶνος,
1618 3456 1669 3492 κ.
1708 3458 1755 3492 τ.
1793 3441 1837 3491 ἑ.

268 3532 445 3583 Πᾶσα
494 3523 629 3593 σὰρξ
664 3523 738 3593 (5)
779 3525 1068 3594 εὐλογοῦσα
1106 3526 1166 3579 τὸ
1200 3526 1366 3597 δνομα
1402 3529 1603 3598 Κυρίου
1649 3531 1726 3592 εἰς
1751 3530 1842 3582 τὸν

267 3619 465 3671 αἰῶνα
513 3613 604 3666 καὶ
639 3614 717 3676 εἰς
757 3613 845 3666 τὸν
887 3614 1052 3667 αἰῶνα
1075 3614 1167 3667 τοῦ
1200 3615 1392 3679 αἰῶνος
1423 3616 1572 3670 ἔσται
1604 3617 1839 3686 δηλονότι

268 3708 355 3770 εἰς
388 3704 495 3757 τὸν
520 3700 693 3753 αἰῶνα
721 3702 812 3754 καὶ
845 3703 923 3765 εἰς
953 3702 1042 3755 τὸν
1071 3702 1237 3755 αἰῶνα
1269 3704 1361 3756 τοῦ
1395 3704 1583 3769 αἰῶνος
1607 3705 1840 3776 ὀψομένη

272 3793 334 3846 τὸ
371 3790 653 3860 σωτήριον
678 3789 779 3857 τοῦ¹
806 3789 955 3842 Θεοῦ.

351 3880 482 3936 Τοῦ
521 3879 721 3933 αὑτοῦ.
757 3880 863 3932 Καὶ
890 3881 916 3932 ὁ
952 3878 1156 3945 Παῦλος
1189 3882 1262 3951 (ί)
1304 3900 1492 3953 φησιν·
1551 3901 1570 3934 ι
1620 3883 1733 3937 Οὐκ
1785 3886 1840 3936 ὲν

267 3970 455 4035 πλαξὶ
483 3966 725 4033 λιθίναις,
776 3968 887 4021 ἀλλ’
931 3972 987 4023 ὲν
1020 3964 1177 4035 πλαξὶ
1217 3972 1437 4042 καρδίας
1477 3974 1773 4044 σαρκίναις.
1815 3994 1832 4025 ι

269 4060 438 4123 mag
493 4057 669 4111 τοίνυν
721 4059 942 4129 σαρκίνη
1006 4061 1119 4113 ἐστὶ
1173 4062 1314 4131 ψυχὴ
1362 4062 1549 4133 λογικὴ
1610 4064 1840 4127 εὐκόλως

279 4148 661 4218 ὑποδεχομένη
705 4149 793 4201 τὸν
852 4148 944 4202 τοῦ
1007 4151 1138 4204 Θεοῦ
1196 4154 1372 4222 νόμον.
1440 4154 1594 4206 Ἐστι
1644 4153 1700 4206 δὲ
1745 4154 1838 4205 καὶ

270 4241 466 4311 ψεκτὴ
496 4238 660 4307 σὰρξ,
699 4239 772 4301 ὡς
799 4240 886 4292 τό·
931 4258 950 4291 ι
990 4242 1061 4294 Οὐ
1092 4242 1164 4312 μὴ
1202 4244 1496 4313 καταμείνῃ
1535 4243 1592 4295 τὸ
1617 4242 1838 4314 Πνεῦμά

277 4348 389 4401 μου
436 4331 496 4380 ὲν
518 4331 625 4390 τοῖς
662 4330 959 4399 ἀνθρώποις
983 4331 1206 4394 τούτοις,
1253 4332 1339 4384 διὰ
1378 4333 1438 4384 τὸ
1480 4329 1613 4387 εἶναι
1645 4335 1835 4397 αὐτοὺς
1870 4359 1909 4410 ι)

278 4423 523 4493 σάρκας.
568 4437 587 4469 ι
639 4420 746 4472 Καὶ
774 4421 930 4474 πάλιν
967 4424 995 4474 ὁ
1041 4422 1245 4485 Παῦλός
1292 4439 1452 4492 φησι·
1493 4442 1511 4473 ι
1562 4424 1701 4494 Σὰρξ
1744 4424 1836 4476 καὶ

278 4505 431 4580 αἷμα
489 4508 757 4577 βασιλείαν
808 4508 939 4563 Θεοῦ
968 4510 1367 4583 κληρονομῆσαι
1408 4513 1468 4565 οὐ
1502 4513 1766 4566 δύνανται.
1809 4534 1825 4565 ι

287 4593 569 4651 Ἐνταῦθα
598 4595 705 4664 γὰρ
726 4596 857 4666 σὰρξ
885 4597 981 4666 τὴν
1005 4600 1196 4652 κακίαν
1222 4600 1486 4670 σημαίνει.

786 4768 1070 4824 ΨΑΛΜΟΣ
1096 4772 1269 4824 ΡΜΕ’.

364 4855 485 4909 Τὸν
544 4854 932 4933 φυλάσσοντα
984 4859 1267 4926 ἀλήθειαν
1316 4863 1401 4925 εἰς
1456 4862 1563 4915 τὸν
1630 4862 1830 4929 αἰῶνα,

1951 1861 2053 1899 non
2086 1844 2230 1897 item.

2017 1935 2177 1989 Vens.
2211 1935 2295 1988 l0.
2328 1934 2682 2003 Con/iteantur
2708 1938 2819 2002 tibi,
2856 1935 3091 2000 Domine,
3117 1937 3288 1991 omnia
3328 1953 3482 2006 opera
3584 1986 3587 1989 λ

1951 2035 2060 2088 tua,
2081 2034 2126 2079 et
2149 2027 2315 2079 sancti
2347 2028 2420 2077 tui
2447 2027 2741 2079 benedicant
2767 2027 2878 2091 tibi,
2909 2036 3012 2080 etc.
3055 2026 3163 2081 lloc
3186 2026 3303 2081 loco
3323 2041 3480 2094 opera

1950 2124 2166 2168 naturas
2212 2116 2419 2168 ratione
2445 2116 2694 2183 praeditas
2742 2124 2931 2169 vocat:
2976 2116 3101 2183 ipsa:
3135 2117 3275 2169 enim
3309 2116 3481 2170 solent

1949 2205 2191 2258 conﬁteri
2227 2207 2353 2261 Deo.
2384 2205 2462 2257 An
2495 2220 2617 2259 vero
2647 2205 2911 2260 confessio
2939 2206 3114 2274 aliqua
3141 2208 3305 2260 etiam
3334 2221 3363 2260 ιι
3396 2221 3479 2261 ιο-

1948 2292 2087 2360 liqua
2115 2301 2363 2346 creatura
2385 2294 2682 2355 emittatur,
2717 2291 2854 2345 Deus
2881 2294 3000 2346 scit.

2017 2458 2175 2513 Vens.
2209 2461 2291 2515 15.
2337 2460 2560 2529 Regnum
2588 2472 2732 2512 tuum
2776 2474 2987 2527 regnum
3013 2459 3240 2512 omnium
3263 2460 3481 2513 τιτι-αισ-

1946 2567 2084 2612 rum,
2113 2559 2216 2603 etc.
2255 2550 2311 2603 Si
2349 2564 2570 2617 regnum
2599 2549 2689 2602 Dei
2717 2549 3100 2616 contemplatio
3128 2558 3211 2603 est
3235 2549 3445 2616 praeteri
3464 2577 3479 2589 -

1946 2650 2122 2695 torum
2140 2655 2200 2694 ac
2219 2639 2514 2693 futurorum
2538 2640 2871 2703 saeculorum,
2895 2639 3113 2707 pulchre
3137 2639 3337 2694 dictum
3362 2648 3479 2694 est:

1948 2748 1967 2781 ι
2007 2730 2245 2799 Regnum
2273 2741 2418 2782 tuum
2444 2743 2661 2797 regnum
2687 2729 2921 2783 omnium
2953 2727 3291 2783 saeculorum.
3315 2746 3335 2781 ι

2012 2817 2178 2873 Vsus.
2205 2816 2292 2871 20.
2312 2815 2575 2871 Custodiet
2586 2816 2836 2871 Dominus
2857 2832 3033 2872 omnes
3066 2818 3334 2888 diligentes
3351 2834 3405 2873 se
3431 2826 3481 2873 et

1942 2923 2116 2962 omnes
2140 2915 2428 2974 peccatores
2456 2906 2732 2973 disperdet,
2782 2915 2887 2961 etc.
2935 2907 3323 2962 Extcrmiuatio
3352 2920 3481 2976 pec-

1942 3002 2137 3054 catoris
2158 3008 2241 3054 est
2266 2995 2592 3051 rationabilis
2627 2997 2818 3051 anima:
2840 2997 3107 3065 separatio
3127 2997 3195 3051 ab
3222 2998 3364 3052 omni
3398 2998 3479 3050 vi-

1947 3090 2080 3142 tiosa
2111 3090 2238 3142 vita.

2014 3261 2172 3313 Vens.
2195 3258 2282 3311 2|.
2314 3257 2681 3312 Laudationem
2702 3259 2914 3312 Domini
2938 3261 3172 3329 loquetur
3196 3277 3251 3314 os
3274 3277 3439 3314 meum
3461 3301 3477 3324 ,

1942 3349 2270 3402 et'benedicat
2293 3351 2457 3401 omnis
2498 3365 2616 3401 caro
2646 3349 2843 3400 nomini
2863 3358 3040 3401 sancto
3070 3348 3181 3415 ejus
3208 3349 3264 3402 in
3309 3366 3480 3404 stern-

1941 3438 2049 3489 tum
2075 3446 2121 3490 et
2157 3438 2208 3490 in
2235 3437 2480 3490 steculum
2510 3436 2711 3498 stvcult',
2739 3446 2842 3491 etc.
2890 3436 3074 3491 Omnis
3095 3452 3220 3494 caro
3243 3452 3362 3506 quae
3384 3440 3477 3494 be-

1942 3525 2135 3579 nedicit
2164 3539 2356 3579 nomen
2397 3526 2600 3580 Domini
2645 3527 2698 3579 in
2731 3526 2981 3581 smculum
3023 3536 3078 3581 et
3126 3529 3176 3582 in
3221 3530 3470 3586 saeculum

1941 3615 2138 3675 saeculi,
2170 3616 2352 3683 utique
2380 3617 2430 3668 iu
2488 3618 2735 3671 saeculum
2784 3626 2841 3671 et
2888 3618 2941 3672 in
2982 3620 3236 3675 saeculum
3292 3626 3472 3679 saeculi

1942 3706 2139 3760 videbit
2162 3705 2393 3761 salutare
2426 3705 2537 3760 Dei.

2009 3880 2278 3951 Ejusdem.
2303 3878 2501 3933 Paulus
2532 3893 2742 3947 quoque
2772 3880 2845 3932 ait
2874 3881 2918 3911 ⁵³
2946 3896 2960 3932 z
2998 3898 3016 3930 ι
3064 3880 3175 3936 Non
3194 3881 3262 3942 ,in
3288 3881 3478 3936 tabuiis

1938 3971 2185 4045 lapideis,
2209 3970 2302 4023 sed
2337 3968 2389 4021 in
2412 3967 2601 4022 tabulis
2623 3969 2799 4023 cordis
2825 3970 3144 4034 carnalibus,
3186 3991 3203 4022 ι
3240 3980 3347 4024 etc.
3379 3970 3477 4024 'l‘a-

1938 4059 2057 4113 bula
2098 4060 2255 4126 igitur
2282 4057 2512 4112 carnalis
2533 4066 2615 4112 est
2643 4058 2818 4111 anima
2855 4058 3058 4113 ratione
3086 4060 3323 4127 praedita,
3355 4074 3473 4128 qua:

1939 4148 2093 4202 facile
2139 4148 2362 4216 suscipit
2394 4146 2564 4215 legem
2617 4146 2732 4200 Dei.
2782 4147 2876 4201 Est
2913 4148 3072 4202 etiam
3112 4162 3239 4202 caro
3266 4163 3384 4215 quae
3416 4148 3473 4203 i1

1938 4240 2127 4292 malam
2150 4248 2353 4306 partem
2381 4238 2661 4305 accipitur,
2685 4248 2740 4289 ut
2760 4251 2876 4291 cum
2902 4234 3200 4290 dicitur“:t
3216 4239 3326 4292 Non
3347 4254 3471 4308 per-

1939 4328 2171 4385 manebit
2199 4329 2432 4396 Spiritus
2451 4342 2600 4381 meus
2628 4328 2678 4379 in
2710 4328 3007 4382 hominibus
3038 4328 3175 4388 istis,
3201 4328 3323 4395 quia
3347 4343 3472 4383 caro

1940 4429 2086 4473 sunt.
2124 4436 2142 4470 ι
2180 4414 2370 4473 Paulus
2423 4429 2634 4487 quoque
2691 4416 2766 4469 ait
2794 4415 2875 4466 ηε
2914 4432 2933 4465 ι
2963 4414 3102 4470 Caro
3145 4424 3200 4468 ct
3252 4417 3472 4485 sanguis

1941 4525 2159 4579 regnum
2186 4510 2277 4563 Dei
2309 4509 2578 4579 possidere
2605 4524 2704 4562 non
2731 4511 2969 4574 possunt.
3001 4523 3018 4561 ε
3051 4504 3160 4559 lloc
3186 4504 3299 4560 loco
3327 4504 3469 4562 enim

1939 4615 2065 4652 caro
2102 4600 2357 4653 malitiam
2387 4598 2673 4669 signiﬁcat.

2350 4777 2514 4849 m
2530 4777 2844 4836 PSALMUS
2875 4780 3081 4837 CXLV.

2004 4866 2164 4921 Vens.
2195 4866 2249 4921 7.
2276 4867 2377 4932 Qui
2400 4869 2621 4921 custodit
2652 4870 2918 4922 veritatem
2949 4871 3002 4923 in
3033 4871 3304 4934 sa'culum,
3342 4873 3467 4940 facit

286 4943 581 5001 ποιοῦντα
604 4945 801 5011 κρίσιν
818 4945 939 5011 τοῖς
969 4947 1389 5016 ἀδικουμένοις,
1427 4951 1665 5006 διδόντα
1704 4971 1835 5022 τρο-

1960 4956 2183 5008 udicium
2205 4955 2449 5024 injuriam
2467 4956 2791 5024 facientibus,
2809 4959 2897 5011 dat
2915 4975 3083 5012 escam
3105 4962 3465 5026 esurientibus,

287 5033 421 5102 φὴν
452 5032 574 5098 τοῖς
598 5033 906 5096 πεινῶσιν,
934 5051 987 5087 κ.
1023 5053 1072 5088 τ.
1102 5038 1147 5088 ἐ.
1192 5039 1463 5108 Ἀλήθειαν
1491 5037 1607 5093 εἶπε
1637 5042 1710 5111 (5)
1743 5042 1832 5096 τὸν

1958 5053 2037 5098 etc.
2065 5045 2318 5099 Veritatis
2349 5048 2563 5100 nomine
2598 5047 2881 5115 appellavit
2903 5062 3166 5109 veracem,
3193 5049 3259 5103 ab
3285 5050 3464 5104 habitu

288 5123 562 5215 ἀληθινὸν,
592 5125 697 5178 ἀπὸ
717 5126 811 5195 τῆς
839 5126 1000 5192 ἕξεως
1027 5128 1292 5196 ὀνομάσας
1317 5131 1406 5182 τὸν
1434 5132 1717 5202 μετέχοντα
1734 5133 1831 5203 τῆς

1958 5134 2213 5188 ιοιιιίηιιηε
2236 5134 2447 5188 habitus
2478 5137 2809 5205 participem.
2846 5134 2934 5188 Sic
2965 5135 3128 5187 etiam
3157 5136 3338 5215 diligit.
3368 5141 3470 5194 mi-

337 5209 385 5241 "
413 5215 453 5268 ll
476 5214 599 5268 Cor.
627 5230 708 5278 ιιι,
743 5215 795 5268 5.
870 5215 917 5249 ⁵⁸
937 5214 1072 5269 Gen.
1100 5230 1171 5279 vr,
1206 5216 1259 5269 5.
1340 5218 1384 5249 ⁸⁵
1410 5218 1426 5271 l
1449 5219 1572 5273 Cor.
1601 5236 1688 5286 xv,
1711 5221 1798 5275 50.

297 5306 479 5430 “($33)
521 5307 788 5373 Ἐπείπερ
817 5306 855 5373 ἠ
882 5308 1295 5375 μεγαλωσύνη,
1336 5318 1441 5365 etc.
1470 5310 1665 5366 Catena
1696 5312 1827 5367 Cor-

334 5454 335 5457 ‘
367 5442 481 5510 (9];
510 5441 755 5494 Πάντων
769 5444 901 5509 μέν,
929 5451 1037 5497 etc.
1071 5441 1290 5498 Sclledae
1311 5443 1514 5500 Grabii.

390 5510 477 5578 98)
503 5511 578 5578 Εἰ
596 5512 649 5561 οἰ
669 5511 968 5578 οἰκτιρμοί,
992 5523 1092 5565 etc.
1126 5513 1319 5565 Catena
1344 5512 1603 5571 Corderii.

366 5516 456 5579 (98
503 5516 570 5561 Et
596 5516 649 5561 ot
669 5516 968 5578 οἰκτιρμοί,
992 5523 1092 5565 etc.
1126 5516 1319 5565 Catena
1344 5516 1446 5566 Cor

365 5516 477 5650 (99)
508 5577 636 5630 Νῦν
661 5576 818 5643 ἔργα,
851 5589 955 5632 etc.
991 5579 1211 5634 Schedze
1243 5579 1447 5638 Grabii.

644 5669 913 5728 ΡΑτιιοι.
955 5671 1069 5731 (in.
1118 5672 1252 5732 ΧΠ.

2002 5310 2075 5379 (Ι)
2105 5314 2169 5363 Εἰ
2192 5311 2231 5379 ῄ
2247 5308 2549 5379 βασιλεία,
2575 5316 2681 5379 etc.
2708 5307 2937 5379 Easdem.

1997 5376 2073 5448 (ξ.)
2115 5377 2555 5448 Ἐξολόθρειίσις
2576 5376 2937 5448 ἀμαρτωλοᾷ,
2971 5377 3344 5448 θίιοη-Ειειίθιη.

2000 5441 2076 5510 (5)
2104 5444 2274 5498 Πᾶσα
2309 5441 2483 5510 σάρξ,
2515 5450 2617 5494 etc.
2645 5443 2842 5510 Catena
2874 5442 3134 5497 Corderii.

2023 5514 2074 5582 6)
2098 5512 2205 5566 Kal
2241 5509 2548 5582 ρΠαῦλος..
2573 5517 2675 5561 etc.
2703 5509 2924 5582 SglIeda;
2951 5510 3155 5582 Grabii.

2023 5515 2074 5582 4)
2098 5515 2205 5566 Καὶ
2241 5515 2274 5562 ό
2294 5515 2548 5572 Παῦλος..
2573 5517 2675 5561 etc.
2703 5515 2924 5562 Scheda:
2951 5515 3155 5564 Grabii.

2001 5515 2075 5654 (ὅ)
2121 5576 2425 5642 Ἀλήθειαν
2442 5571 2586 5640 εἷπε,
2609 5585 2711 5631 etc.
2750 5575 2969 5632 Schcdte
2989 5577 3195 5636 Grabii.

3034 5672 3110 5730 53
