3884 6254
156 273 349 329 1631

1313 271 1612 328 SELECTA
1646 270 1712 324 IN
1748 270 2076 326 PSALMOS.
2107 299 2179 314 —
2204 271 2241 323 Ρ
2254 269 2397 323 SAL.
2438 267 2541 323 CL.

3340 258 3475 315 1C8!

159 384 334 454 δῴις
377 385 519 438 τοῦ
568 386 864 456 προσώπου
894 385 1056 438 αὐτοῦ
1078 404 1089 415 ·
1117 386 1207 437 καὶ
1233 386 1356 455 περὶ
1379 381 1445 455 ἧς
1469 401 1628 453 φησιν
1649 386 1677 437 ὁ
1705 383 1833 437 Παῦ-

1946 382 2045 437 lem
2089 381 2293 452 Moyses
2340 382 2546 443 habuit,
2593 375 2805 446 quando
2851 374 3140 446 gloriﬁcata
3171 380 3252 426 est
3305 372 3469 425 facies

175 476 293 535 λος
316 490 335 503 ο
398 492 425 523 s
499 475 719 543 Ἠμεῖς
749 474 805 526 δὲ
837 473 1029 536 πάντες
1061 473 1552 543 ἀνακεκαλυμμένῳ
1577 472 1833 542 προσώπῳ

1944 470 2114 527 vultus
2140 470 2280 537 ejus;
2309 477 2361 522 et
2380 468 2445 519 de
2469 482 2568 535 qua
2605 467 2800 521 Paulus
2835 464 3003 519 ait":
3030 481 3047 513 ι
3080 461 3186 514 Nos
3200 474 3331 515 vero
3355 473 3493 512 οιιιιν

190 563 308 633 τὴν
373 563 600 627 δόξαν
643 565 846 631 Κυρίου
883 563 1391 631 κατοπτριζόμενοι,
1439 563 1536 632 τὴν
1568 562 1730 631 αὐτὴν
1763 563 1839 614 εί-

186 653 362 705 -ίόνα
397 655 949 725 μεταμορφούμεθα
973 654 1079 707 ἀπὸ
1107 652 1262 722 δόξης
1293 656 1368 716 εἰς
1391 653 1562 716 δόξαν.
1602 671 1619 702 ι

285 831 436 884 Καὶ
486 831 979 900 ἀγαλλιάσονται
1009 831 1106 883 ἐπι
1137 830 1252 884 τῶν
1282 830 1491 884 κοιτῶν
1536 831 1748 894 αὐτῶν,
1784 847 1836 883 κ.

189 936 254 972 τ.
296 922 359 972 ὲ.
416 922 900 987 Ἀγαλλιάσονται
930 920 1035 989 (28)
1075 921 1292 973 ἐπὶτῶν
1322 919 1510 972 κοιτῶν
1538 918 1732 983 αὐτῶν,
1761 912 1839 982 οἷς

203 1027 227 1060 s
275 1011 319 1076 ἡ
382 1009 513 1072 νὺξ
568 1009 893 1079 προέκοψεν,
936 1008 1050 1079 ἡδὲ
1083 1009 1259 1077 ἡμέρα
1298 1008 1550 1077 Ιἤγγικεν·
1595 1026 1614 1058 ι
1655 1007 1703 1059 οἳ
1749 1007 1839 1059 καὶ

190 1099 291 1162 ὡς
333 1102 409 1152 ὲν
438 1101 662 1170 ἡμέρᾳ
685 1100 1027 1169 εὐσχημόνως
1059 1097 1458 1166 περιπατοῦσιν,
1493 1116 1511 1148 ι
1547 1097 1606 1149 οὐ
1640 1095 1839 1165 κώμοις

203 1190 322 1241 καὶ
367 1189 636 1259 μέθαις,
670 1190 729 1241 οὐ
759 1189 958 1250 κοίταις
989 1187 1080 1239 κα)⁹
1111 1186 1428 1253 ἀσελγείαις.
1471 1205 1490 1237 ι

300 1369 389 1421 AZ
447 1367 746 1435 ὺψώσεις
804 1366 907 1418 τοῦ
943 1364 1085 1418 Θεοῦ
1127 1365 1196 1417 ἐν
1230 1364 1309 1429 τῷ
1347 1362 1593 1431 λάρυγγι
1622 1360 1833 1424 αὐτῶν,

209 1477 278 1512 κ.
317 1475 383 1511 τ.
417 1461 475 1510 ὲ.
509 1453 626 1510 ⁷ον
649 1457 709 1508 οὐ
739 1457 903 1525 τάφος
928 1456 1035 1526 (29)
1066 1454 1399 1523 ἀνεῳγμένος
1421 1455 1449 1504 ό
1472 1450 1690 1521 λάρυγξ,
1719 1451 1838 1503 τού-

213 1566 349 1601 των
394 1547 670 1616 ὑψώσεις
711 1547 842 1599 Θεοῦ
873 1548 929 1598 ἐν
974 1545 1050 1616 τῷ
1079 1546 1308 1613 λάρυγγι
1349 1541 1544 1604 αὐτῶν,
1574 1543 1665 1595 καὶ
1709 1544 1839 1611 ῥομ-

1943 574 2034 613 ues
2082 560 2314 612 revelata
2366 557 2500 612 facie
2526 558 2744 625 gloriam
2774 553 2980 610 Domini
3021 549 3381 619 speculantes,
3413 547 3463 601 in

1939 649 2191 700 eamdem
2245 648 2526 717 imaginem
2574 646 3015 700 transformamur
3055 658 3084 695 a
3120 640 3364 696 claritate
3413 636 3466 691 in

1941 736 2260 791 claritatem.
2303 756 2322 788 ι

2006 826 2162 880 Vens.
2193 827 2244 880 5.
2273 826 2339 879 Et
2375 828 2686 879 la’tabuntur
2706 825 2757 877 in
2779 823 3027 876 cubilibus
3055 823 3187 887 suis,
3217 831 3321 877 etc.
3353 822 3470 876 La:-

1940 916 2191 969 tabuntur
2220 915 2275 968 in
2311 914 2576 968 cubilibus
2603 914 2713 967 suis
2744 914 2777 966 ii
2796 912 2985 980 quibus
3003 927 3144 975 quos
3172 914 3465 980 praecessit,

1939 999 2051 1053 dies
2092 1008 2266 1052 autem
2300 999 2742 1067 appropinquavit
2765 999 2810 1028 ⁸⁸
2842 1016 2855 1049 :
2903 1016 2920 1048 ι
2949 999 3033 1063 qui
3069 998 3229 1050 etiam
3284 1017 3302 1049 ι
3340 1008 3458 1052 tan-

1939 1101 2099 1155 quam
2132 1087 2290 1154 indie
2333 1087 2557 1141 honeste
2588 1085 2882 1150 ambulant,
2911 1100 3014 1137 non
3060 1085 3113 1157 in
3144 1099 3467 1140 commessa-

1939 1178 2169 1231 tionibus
2194 1186 2249 1231 et
2289 1175 2655 1242 ebrietatibus,
2689 1190 2793 1229 non
2830 1175 2881 1227 in
2919 1172 3181 1228 cubilibus
3208 1184 3260 1227 et
3292 1175 3464 1244 impu—

1936 1265 2153 1320 dicitiis.
2193 1284 2212 1316 ι

2006 1354 2163 1408 Vens.
2195 1353 2246 1407 6.
2286 1353 2645 1407 Exaltatioues
2681 1352 2778 1406 Dei
2812 1354 2864 1405 in
2884 1361 3092 1421 gutture
3133 1368 3331 1417 eorum,
3359 1362 3464 1407 etc.

1939 1444 2173 1508 Quorum
2205 1451 2388 1512 guttur
2422 1458 2525 1495 non
2567 1452 2648 1495 est
2683 1443 2983 1510 sepulcrum
3013 1450 3202 1510 patens
3227 1480 3241 1506 ,
3273 1441 3465 1496 horum

1937 1533 2286 1587 exaltationes
2327 1534 2418 1587 Dei
2459 1543 2583 1586 sunt
2614 1533 2667 1586 in
2703 1542 2916 1600 gutture
2961 1547 3144 1586 eorum
3180 1550 3193 1585 :
3224 1542 3276 1588 et
3304 1533 3466 1600 gladii

216 1639 412 1703 φαῖαι
459 1636 724 1703 δίστομοι
771 1637 828 1686 ἐν
877 1636 994 1695 ταῖς
1040 1633 1222 1702 χερσὶν
1264 1630 1437 1682 αὐτῶν
1474 1629 1579 1682 τῶν
1611 1630 1833 1698 ἑτοίμως

1944 1625 2195 1692 ancipites
2224 1627 2274 1676 in
2300 1625 2542 1678 manibus
2568 1637 2750 1677 eorum
2777 1624 2865 1692 qui
2891 1624 3120 1693 prompti
3147 1631 3270 1678 sunt
3296 1625 3361 1676 ad
3387 1623 3465 1676 ul-

222 1724 508 1791 ἑχόντων
548 1721 785 1773 ἐκδικεῖν
816 1723 989 1773 πᾶσαν
1039 1720 1332 1791 παρακοὴν,
1391 1720 1481 1771 καὶ
1529 1717 1833 1788 καθαιρούν-

1944 1714 2240 1768 ciscendam
2268 1725 2474 1767 omnem
2519 1714 3015 1780 praevaricationem
3044 1753 3058 1778 ,
3103 1723 3155 1767 et
3184 1713 3466 1766 destruunt

220 1825 351 1862 των
400 1812 536 1863 πᾶν
586 1809 784 1878 ὕψωμα
810 1809 1161 1878 ἐπαιρόμενον
1188 1807 1327 1860 κατὰ
1360 1808 1456 1876 τῆς
1481 1806 1727 1874 γνώσεως
1745 1804 1836 1856 τοῦ

224 1900 387 1953 Θεοῦ
400 1940 416 1953 .

313 1990 447 2041 Καὶ
482 1986 786 2055 ῥομφαῖαι
817 1986 1083 2053 δίστομοι
1120 1984 1188 2036 ἐν
1218 1983 1343 2047 ταῖς
1377 1984 1586 2051 χερσὶν
1621 1979 1833 2044 αὐτῶν,

229 2096 295 2131 κ.
328 2096 387 2130 τ.
429 2078 486 2130 ἑ.
538 2075 832 2144 Ῥομφαῖαί
864 2076 969 2142 (50)
999 2076 1100 2125 εἰσι
1141 2070 1468 2140 διαλογισμοὶ
1500 2069 1589 2121 καὶ
1618 2067 1837 2138 πράξεις

232 2168 442 2236 ψυχῆς
475 2169 551 2218 ὲκ
581 2164 774 2226 κακίας
805 2164 895 2215 καὶ
932 2162 1216 2229 ἀγνωσίας.

325 2256 457 2308 Τοῦ
492 2253 712 2307 αὐτοῦ.
761 2250 1022 2321 Ῥομφαία
1062 2251 1175 2302 ἐστὶ
1203 2249 1311 2318 (51)
1337 2249 1455 2311 νοῦς
1502 2246 1709 2313 λογικὸς
1747 2247 1835 2297 ὲκ-

242 2346 496 2397 κόπτων
525 2341 709 2410 ψυχὴν
738 2339 843 2392 ἀπὸ
862 2338 1056 2402 κακίας
1080 2339 1170 2391 καὶ
1202 2337 1486 2404 ἀγνωσίας.

335 2433 466 2486 Τοῦ
530 2428 780 2497 ποιῆσαι
813 2427 1121 2494 ἐκδίκησιν
1154 2428 1223 2479 ἑν
1255 2423 1378 2488 τοῖς
1405 2424 1658 2481 ἔθνεσιν,
1706 2421 1835 2472 ἑλε-

251 2523 462 2591 γμοὺς
504 2522 586 2574 ἐν
614 2520 727 2585 τοῖς
757 2519 944 2583 λαοῖς,
976 2534 1029 2569 κ.
1058 2533 1106 2568 τ.
1143 2517 1186 2567 ὲ.
1220 2534 1237 2565 ι
1278 2514 1578 2581 Ἐκδίκησιν
1608 2513 1701 2580 μὲν
1726 2510 1833 2576 (5‘2)

248 2612 315 2664 ὲν
345 2614 475 2672 τοῖς
503 2609 742 2669 ἔθνεσιν,
784 2625 802 2657 ι
847 2608 901 2657 ὲν
933 2607 1041 2665 τοῖς
1070 2601 1385 2671 ὲτεροδόξοις
1406 2617 1417 2628 ·
1449 2619 1465 2649 ι
1499 2600 1753 2667 ελεγμοὺς
1780 2594 1834 2647 δὲ

256 2702 321 2754 ὲν
345 2703 470 2763 τοῖς
505 2698 684 2759 λαοῖς,
722 2715 740 2747 ι
776 2698 886 2756 τοῖς
915 2693 1294 2763 ἁμαρτάνουσι,
1326 2689 1463 2741 κατά
1492 2689 1577 2741 τὸν
1611 2688 1720 2757 βίον
1753 2706 1835 2741 νο-

261 2788 605 2859 μιζομένοις
630 2784 1110 2853 ὲκκλησιαστικοῖς.
1668 2850 1673 2853 τ

343 2877 467 2930 Τοῦ
501 2874 690 2941 δῆσαι
714 2873 850 2937 τοὺς
876 2869 1150 2935 βασιλεῖς
1174 2868 1370 2927 ¹αὐτῶν
1395 2870 1463 2921 ἐν
1486 2868 1708 2934 πέδαις,
1736 2868 1831 2921 καὶ

262 2966 419 3030 τοὺς
453 2963 750 3026 ἐνδόξους
785 2960 977 3015 αὐτῶν
1019 2960 1087 3011 ἐν
1137 2957 1501 3025 χειροπέδαις
1542 2956 1830 3024 σιδηραῖς,

344 3012 419 3106 φτ).
653 3012 993 3119 συμέιϐἀζων
1020 3012 1496 3116 (55)’διδασκάλους
1523 3012 1833 3115 ἑτεροδόξων
1858 3012 1900 3068 C

267 3144 369 3194 καὶ
405 3141 541 3202 τοὺς
573 3141 632 3191 ἐν
667 3138 887 3200 ἐκείνοις
917 3137 1202 3199 δοκοῦντας
1231 3135 1315 3187 διὰ
1346 3133 1694 3203 νομιζομένην
1715 3136 1832 3185 ἱκα-

272 3231 484 3299 νότητα
510 3225 775 3289 ἐνδόξους,
794 3226 959 3277 δεῖται
987 3224 1219 3293 βασιλεῖς
1242 3224 1413 3275 αὐτῶν
1436 3225 1490 3274 ὲν
1520 3222 1721 3283 πέδαις,
1751 3222 1834 3273 ἵνα

278 3319 356 3388 μὴ
402 3315 748 3386 προδαίνωσι
794 3312 871 3381 τῷ
917 3312 1054 3381 λόγῳ
1097 3312 1291 3373 αὐτῶν,
1326 3313 1568 3372 καὶτοὺς
1600 3308 1835 3372 ἐνδόξους

277 3406 465 3459 αὐτῶν
510 3405 573 3454 ὲν
601 3400 933 3471 χειροπέδαις
972 3400 1229 3469 σιδηραῖς,
1265 3400 1347 3450 ἴνα
1376 3399 1565 3468 μηκέτι
1598 3397 1835 3469 κρατῶσι

276 3496 372 3548 τὸν
405 3491 579 3546 πάλαι
603 3489 691 3541 διά
715 3489 774 3541 τὸ
797 3487 1189 3558 εὑεξαπάτητον
1217 3487 1591 3557 κρατούμενον.

362 3670 482 3725 Τοῦ
515 3667 720 3722 αὐτοῦ.
759 3667 957 3735 Δεσμός
989 3668 1101 3719 ἐστι
1141 3666 1248 3735 (54)
1276 3667 1457 3735 νοητὸς
1490 3663 1721 3719 ἀπάθεια
1747 3664 1835 3716 λο-

285 3762 451 3830 γικῆς
480 3758 659 3827 ψυχῆς
677 3773 689 3785 ’
714 3756 746 3824 ἢ
787 3755 944 3824 φόϐος
964 3756 1164 3824 Κυρίου
1195 3754 1449 3807 ἐκκλίνων
1477 3754 1582 3805 ἀπὸ
1609 3753 1799 3814 κακίας
1817 3769 1831 3782 ·

289 3851 323 3918 ἢ
352 3844 669 3902 διδασκαλία
714 3845 1047 3914 πνευματικὴ
1087 3844 1160 3913 μὴ
1205 3834 1553 3914 συγχωροῦσα
1583 3843 1671 3894 τὸν
1715 3841 1836 3895 νοῦν

290 3939 385 3990 ἐπὶ
411 3937 511 4006 τὴν
547 3935 742 3987 κακίαν
767 3933 993 3987 ὁδεύειν·
1027 3932 1058 4002 ἢ
1090 3933 1272 4002 ἀγάπη
1306 3930 1642 4001 πνευματικὴ
1677 3930 1836 4000 μηδὲν

295 4023 621 4094 προτιμῶσα
652 4022 747 4090 τῆς
774 4017 1020 4087 γνώσεως
1045 4018 1134 4071 τοῦ
1164 4016 1315 4070 Θεοῦ.

370 4112 481 4164 Τοῦ
508 4108 753 4175 ποιῆσαι
770 4108 839 4160 ἐν
857 4106 1056 4171 αὐτοῖς
1077 4106 1249 4175 κρῖμα
1271 4105 1612 4173 ἕτγραπτον,
1638 4121 1689 4156 κ.
1710 4120 1761 4155 τ.
1786 4104 1832 4155 ἑ.

299 4198 547 4253 Ποιοῦσιν
577 4198 625 4248 οἱ
660 4197 794 4248 ὅσιοι
836 4195 942 4265 (.35)
977 4196 1146 4264 κρῖμα
1179 4193 1446 4263 ἔγγραφον
1485 4194 1577 4245 καὶ
1622 4191 1835 4262 γραφῆς

1942 1822 1961 1853 ‹
2034 1817 2244 1856 omnem
2303 1801 2636 1856 altitudinem
2703 1801 3044 1856 extollentem
3104 1815 3161 1855 se
3213 1802 3466 1855 adversus

1936 1890 2210 1945 scientiam
2242 1891 2331 1943 Dei
2356 1891 2421 1942 ⁵⁷.
2465 1909 2482 1943 ι

2003 1979 2130 2032 iam.
2159 1977 2225 2031 Et
2254 1978 2420 2048 gladii
2454 1981 2703 2045 ancipites
2743 1980 2796 2032 in
2836 1980 3068 2033 manibus
3122 1995 3320 2040 eorum,
3354 1988 3469 2033 etc.

1934 2069 2101 2124 Gladii
2136 2078 2260 2123 sunt
2289 2069 2568 2123 ratiocinia
2599 2078 2652 2122 et
2676 2069 2915 2124 actiones
2946 2069 3135 2122 animm
3166 2084 3229 2122 ex
3261 2068 3461 2122 malitia

1935 2166 1986 2211 et
2018 2159 2331 2226 ignorantia.

2019 2246 2286 2314 Ejusdem.
2315 2246 2533 2302 Gladius
2561 2258 2645 2301 est
2672 2263 2820 2301 mens
2848 2246 3178 2302 rationabilis
3204 2262 3322 2315 qua:
3344 2246 3462 2300 ani-

1936 2351 2073 2388 mam
2105 2350 2135 2388 a
2165 2336 2362 2389 malitia
2388 2346 2441 2389 et
2479 2336 2776 2404 ignorantia
2823 2334 3108 2390 exscindit.

2022 2424 2174 2478 Vens.
2207 2425 2259 2476 7.
2293 2426 2373 2476 Ad
2398 2424 2689 2492 faciendam
2733 2426 3010 2479 vindictam
3056 2426 3111 2479 in
3140 2426 3460 2485 nationibus,

1934 2515 2303 2581 increpatione:
2336 2514 2389 2566 in
2419 2515 2643 2583 populis,
2671 2522 2774 2568 etc.
2809 2513 3137 2580 «Vindictam
3166 2514 3375 2584 quidem
3405 2515 3455 2567 in

1936 2601 2257 2665 nationibus,
2300 2620 2318 2653 ι
2374 2603 2425 2657 in
2457 2602 2796 2658 heteroduxis
2825 2604 3105 2670 videlicet;
3141 2622 3160 2656 ι
3210 2605 3455 2672 increpa-

1937 2690 2106 2743 tiones
2138 2703 2263 2744 vero
2309 2689 2361 2742 in
2391 2690 2600 2757 populis
2630 2729 2645 2753 ,
2699 2709 2718 2741 ι
2769 2692 3019 2744 nimirum
3048 2693 3415 2761 peccatoribus
3444 2732 3465 2756 ,

1934 2780 2022 2849 qui
2048 2795 2113 2833 ex
2145 2780 2253 2832 vita
2279 2789 2529 2848 putantur
2552 2781 2923 2835 ecclesiastici.

2011 2866 2177 2939 8&8
2216 2866 2374 2922 Vens.
2425 2869 2494 2945 8.¹
2534 2869 2614 2920 Ad
2647 2870 2940 2938 alligandos
2995 2886 3135 2940 reges
3180 2886 3355 2923 eorum
3403 2872 3459 2922 in

1932 2960 2254 3027 compedibus
2280 2998 2295 3022 ,
2340 2970 2385 3012 et
2432 2958 2627 3013 nobiles
2670 2975 2846 3013 eorum
2894 2961 2947 3013 in
2996 2961 3213 3014 manicis
3240 2960 3461 3028 ferreis,

1932 3057 2037 3104 etc.
2071 3049 2170 3116 Qui
2216 3049 2658 3104 heterodoxnrum
2703 3050 2950 3104 doctores
2979 3049 3249 3114 conciliat,
3290 3057 3344 3105 et
3371 3065 3462 3104 eos

1932 3139 2020 3206 qui
2050 3142 2116 3192 ob
2143 3153 2257 3191 eam
2290 3153 2445 3206 quam
2478 3139 2673 3193 habere
2715 3147 2969 3207 putantur
2992 3140 3236 3208 peritiam
3265 3179 3282 3206 ,
3325 3140 3463 3194 intes

1933 3224 2050 3279 illos
2088 3224 2334 3277 videntur
2382 3224 2587 3279 nobiles
2613 3263 2628 3287 ,
2666 3226 2710 3281 is
2758 3226 2943 3295 alligat
2980 3242 3130 3297 reges
3165 3243 3350 3283 eorum
3403 3229 3460 3282 in

1932 3311 2280 3380 compedibus
2321 3326 2386 3364 ne
2415 3326 2663 3366 sermone
2704 3326 2804 3365 suo
2829 3314 3132 3381 proticiant,
3163 3323 3217 3368 et
3259 3316 3463 3371 nobiles

1933 3413 2122 3452 eorum
2173 3397 2224 3451 in
2274 3399 2500 3452 manicis
2547 3399 2778 3463 ferreis,
2826 3414 2891 3454 ne
2940 3401 3164 3469 amplius
3194 3402 3467 3458 detineant

1933 3502 2052 3540 eum
2089 3487 2178 3556 qui
2229 3488 2376 3552 olim,
2418 3488 2560 3557 quod
2592 3489 2811 3557 decepta
2865 3487 3037 3544 facilis
3079 3499 3259 3555 esset,
3291 3490 3465 3545 fuerat

1933 3586 2233 3644 superatus.

2014 3666 2278 3735 Ejusdem.
2299 3667 2576 3722 Vinculum
2624 3667 2952 3737 iutelligibile
2998 3677 3081 3724 est
3132 3670 3461 3724 rationabilis

1933 3755 2123 3810 animte
2154 3758 2223 3811 ab
2264 3757 2544 3812 aﬂ'ectibus
2590 3758 2927 3823 immunitas;
2958 3759 3042 3812 vel
3072 3760 3231 3813 timor
3252 3760 3460 3814 Domini

1934 3841 2206 3897 declinans
2235 3858 2263 3896 a
2286 3844 2459 3909 malo;
2497 3845 2579 3898 vel
2606 3844 2847 3899 doctrina
2878 3845 3153 3915 spiritalis,
3179 3861 3294 3915 quas
3317 3861 3461 3901 meu-

1938 3938 2039 3981 tem
2093 3945 2196 3984 non
2250 3932 2376 3986 sinit
2425 3934 2488 3989 ad
2535 3933 2787 3987 malitiam
2833 3935 3068 4003 gradiri;
3120 3936 3205 3989 vel
3247 3935 3465 3992 dilectio

1933 4018 2189 4087 spiritalis
2212 4036 2328 4090 qua:
2358 4023 2590 4077 scientia:
2618 4024 2707 4077 Dei
2743 4023 2875 4078 nihil
2904 4025 3203 4092 anteponit.

2003 4105 2165 4161 Vens.
2197 4110 2248 4164 9.
2279 4108 2344 4162 Ut
2376 4110 2570 4176 faciant
2606 4114 2660 4166 in
2683 4115 2757 4169 eis
2789 4116 3054 4185 judicium
3092 4116 3458 4183 conscriptum,

1933 4203 2036 4248 etc.
2071 4194 2334 4250 Judicium
2377 4202 2783 4268 conscriptum,
2833 4211 2885 4257 et
2930 4204 3193 4272 scriptura
3242 4219 3357 4271 qua:
3405 4203 3461 4256 in

297 4287 394 4355 τῆς
426 4288 484 4338 ὲν
525 4285 788 4352 πνεύματι.
827 4282 971 4347 ἀξιον
1012 4284 1068 4335 ὲν
1098 4284 1210 4343 τοῖς
1250 4282 1653 4351 προειρημένοις
1686 4280 1831 4349 βασι-

1944 4282 2119 4349 spiritu
2147 4293 2228 4339 est
2257 4285 2471 4354 dignum
2501 4287 2703 4344 faciunt
2747 4291 2915 4345 sancti
2945 4293 2998 4344 in
3027 4290 3292 4359 praedictis
3325 4290 3463 4358 regi-

300 4374 448 4427 λεῦσι
474 4374 569 4426 καὶ
597 4371 819 4435 ἐνδόξοις
838 4388 852 4401 ο
888 4371 979 4425 καὶ
1023 4371 1194 4424 πάντα
1226 4370 1292 4422 τά
1321 4370 1681 4440 προειρημένα
1707 4369 1830 4434 δόξα

303 4463 417 4514 ἐστ)¹
453 4463 584 4514 πᾶσι
620 4464 727 4523 τοῖς
756 4464 917 4524 ὁσίοις
949 4460 1043 4514 τοῦ
1086 4458 1239 4523 Θεοῦ,
1284 4459 1357 4521 ὡς
1395 4460 1482 4512 τὸν
1534 4459 1606 4530 μὴ
1646 4458 1830 4527 ἔχοντα

305 4550 470 4603 ταῦτα
502 4550 574 4618 μὴ
604 4546 738 4601 εἶναι
771 4550 910 4602 ὅσιον
947 4550 1097 4604 Θεοῦ.

839 4725 1132 4777 ἺἈΛΜΟΣ
1169 4725 1289 4775 PN'.

380 4813 593 4868 Αινεῖτε
617 4815 721 4868 τὸν
748 4814 895 4866 Θεὸν
923 4814 991 4866 ἐν
1017 4814 1137 4879 τοῖς
1167 4814 1350 4881 ἁγίοις
1372 4813 1572 4877 αὐτοῦ,
1612 4831 1660 4865 κ.
1694 4831 1743 4867 τ.
1783 4815 1827 4865 ὲ.

316 4904 507 4972 Μηδεὶς
550 4903 772 4969 ἐξελθὼν
817 4903 925 4971 (56)
974 4904 1040 4956 τὰ
1085 4903 1211 4970 ἆγια
1260 4903 1473 4955 αἰνείτω
1517 4903 1605 4955 τὸν
1664 4903 1827 4955 Θεόνο

1934 4370 2029 4424 bus
2083 4381 2135 4426 et
2183 4373 2568 4433 nobilibuszet
2618 4381 2792 4434 omnia
2838 4380 3090 4447 praedicta
3127 4380 3292 4447 gloria
3340 4389 3464 4432 sunt

1933 4461 2178 4516 omnibus
2209 4466 2408 4519 sanctis
2440 4468 2553 4532 Dei,
2593 4469 2665 4521 ita
2706 4477 2763 4520 ut
2795 4467 2841 4521 is
2881 4468 2971 4536 qui
2999 4470 3109 4523 huic
3139 4484 3243 4522 non
3278 4469 3462 4532 habet,

1936 4562 2039 4601 non
2072 4551 2141 4603 sit
2166 4564 2384 4608 sanctus
2414 4554 2526 4609 Dei.

2486 4730 2701 4785 PSALM
2713 4729 2798 4788 US
2824 4729 2927 4783 CL.

1999 4814 2157 4869 Vens.
2185 4817 2234 4870 1.
2263 4815 2496 4871 Laudato
2525 4818 2692 4872 Deum
2722 4819 2774 4872 in
2797 4821 2987 4872 sanctis
3012 4818 3144 4884 ejus,
3163 4828 3265 4869 etc.
3298 4814 3467 4866 Nemo

1930 4919 1960 4959 e
1987 4906 2189 4959 sanctis
2215 4920 2462 4976 egressus
2492 4907 2670 4961 laudet
2703 4907 2868 4961 Deum
2904 4923 2919 4960 :
2954 4924 2973 4956 ι
3008 4905 3279 4971 Quomodo
3320 4905 3460 4956 enim

327 5012 342 5042 ι
378 4992 489 5054 Πῶς
536 5012 553 5042 ι
589 4994 695 5062 γὰρ
741 5012 758 5041 ι
794 4993 1008 5062 ᾄσωμεν
1048 4993 1142 5067 τὴν
1173 4993 1311 5063 ᾠδὴν
1358 4992 1558 5063 Κυρίου
1604 4995 1693 5045 ἐπὶ
1731 4994 1833 5062 γῆς

1944 4995 2261 5048 :antabimus
2290 4998 2557 5050 canticum
2593 4996 2797 5050 Domini
2845 4998 2895 5048 iu
2932 5004 3073 5061 terra
3106 4993 3276 5046 aliena
3306 4991 3395 5043 ‘3?
3437 5010 3464 5039 ι.

323 5079 613 5149 ἀλλοτρίας;
648 5103 665 5132 ι
702 5081 971 5151 ’Λλλοτρία
994 5081 1047 5133 δὲ
1076 5081 1143 5150 γῆ
1173 5081 1240 5133 τὰ
1265 5081 1336 5150 μὴ
1360 5081 1507 5148 ἀγια.
1541 5084 1608 5133 Ἦ
1632 5082 1749 5133 ἐπεὶ
1771 5083 1828 5134 οὐ

1944 5082 2113 5136 Aliena
2152 5092 2327 5136 autem
2372 5094 2510 5139 terra
2556 5094 2786 5152 estquae
2836 5100 2936 5135 non
2968 5090 3168 5134 sancta.
3213 5080 3302 5134 Vel
3334 5079 3456 5147 quia

392 5168 432 5198 ⁵⁸
475 5167 510 5220 ιι
536 5167 657 5222 Cor.
683 5184 766 5229 ιιι,
800 5168 885 5221 18.
961 5167 1005 5199 ⁸⁸
1033 5169 1184 5220 Itoni.
1215 5184 1330 5232 xm,
1362 5170 1568 5232 12,15.
1640 5170 1751 5222 ⁸⁷11
1783 5170 1833 5224 Ct

1944 5186 1969 5222 ι
1997 5170 2066 5235 ,5.
2152 5173 2198 5204 ³³
2231 5173 2369 5231 Psal.
2406 5189 2595 5229 cum
2621 5213 2636 5239 ,
2659 5176 2711 5225 4.

291 5268 295 5272 ’
386 5258 484 5328 (28)
507 5258 1019 5328 ξΑγαλλιᾴσονται,
1049 5270 1147 5313 etc.
1185 5261 1380 5313 Catena
1410 5263 1673 5317 Corderii.

408 5326 487 5393 29)
506 5323 611 5379 Ὧν
640 5329 710 5380 οὐ
730 5325 933 5392 τάφος,
956 5339 1059 5380 etc.
1094 5328 1309 5383 Eadem.

406 5395 483 5462 .30)
513 5394 810 5462 Ῥομςοαῖαι
831 5397 966 5454 εισι,
992 5406 1094 5447 etc.
1128 5396 1344 5449 Scitula:
1368 5395 1572 5453 Grabii.

407 5461 485 5529 51)
516 5461 954 5528 Ῥομφαίαέστί.
983 5473 1083 5514 etc.
1114 5464 1340 5517 Emtlent.

409 5528 485 5598 3?.)
513 5528 996 5595 Ἑκδίκησιν-μέν,
1029 5540 1133 5586 ctc.
1158 5532 1354 5588 Catena
1386 5533 1645 5588 Corder'ti.

1994 5263 2103 5333 (33)
2145 5267 2196 5317 Ὁ
2220 5264 2604 5331 συμϐιϐάζων,
2633 5271 2736 5333 etc.
2757 5262 2979 5333 Eadem.

2013 5334 2102 5398 54)
2130 5328 2354 5401 Δεσμός
2380 5334 2535 5401 ἐστι,Δ
2560 5340 2661 5382 etc.
2682 5328 2901 5401 Scltedm
2926 5328 3132 5401 Grabii.

2131 5396 2674 5473 Hatﬁdtrhoi‘qut,
2702 5406 2805 5449 etc.
2812 5396 3029 5473 "Galeria
3063 5396 3327 5453 Cut'deri't.

1991 5463 2097 5538 (56)
2131 5467 2343 5534 Μηδεὶς
2366 5463 2647 5530 ἐξελθὼν,
2674 5474 2777 5517 etc.
2812 5464 3026 5517 Ea'dem.
