3968 6332
1002 328 1833 339 HTE—mi

1017 501 1821 657 PROLEG
1847 503 2562 655 OMENA
2602 504 2634 544 ³

2802 326 2866 333 =r,
2887 331 2894 333 _
2905 326 2908 327 ν
2919 326 2936 333 ,:

425 775 586 929 ΑΙ)
697 772 1454 934 EVANGELIUM
1555 771 2038 966 EUSEBII
2121 767 2958 930 VERCELLENSIS
3061 739 3138 926 ’³.

1473 1025 2170 1087 ΜῦθΗο

1073 1185 1646 1272 EPISTOLA
1713 1179 2542 1270 DEDICATORIA

859 1349 987 1412 AD
1052 1348 1528 1412 JOANNEM
1595 1347 1686 1424 V,
1753 1345 2348 1412 LUSITANIIE
2421 1347 2800 1413 REGEM.

1625 1487 2001 1506 *-

239 1567 406 1618 Sislttnt
425 1578 478 1618 se
497 1564 602 1630 tibi,
621 1573 832 1618 Joannes
855 1577 1046 1631 magne,
1089 1572 1294 1633 quatuor
1317 1570 1626 1618 sacrosancta
1640 1564 1674 1614 J
1679 1575 1764 1616 esu
1787 1571 1838 1632 Α
1866 1561 2164 1624 paupertatis
2185 1567 2352 1614 tenax.
2373 1565 2508 1614 Pace
2531 1562 2727 1616 reddita
2745 1563 2835 1617 sub
2869 1563 3199 1632 Constantino,
3223 1569 3472 1637 auctisque

190 1650 348 1702 Christi
367 1649 634 1716 Evangelia.
669 1647 864 1702 totidem
895 1647 1142 1703 laterculis
1165 1649 1423 1702 distributa
1453 1648 1518 1700 ad
1541 1662 1762 1700 normam

190 1735 476 1800 mirificarum
533 1731 760 1800 Origenis
803 1735 1088 1788 Adamantii
1147 1733 1502 1800 Tetraplorum.
1561 1734 1763 1799 Regium

193 1818 340 1870 solium
365 1833 446 1884 per
483 1819 736 1883 epistolam
769 1818 1014 1878 aditurus,
1053 1817 1170 1870 rudi
1191 1816 1438 1870 scribendi
1468 1831 1646 1884 genere
1669 1831 1764 1870 non

191 1909 382 1962 terreor;
421 1900 668 1966 mnium,
700 1901 824 1954 sicut
853 1903 938 1967 qui
967 1903 1102 1968 apud
1125 1909 1170 1954 te
1205 1917 1298 1968 pro
1321 1899 1552 1967 dignitate
1583 1901 1764 1952 audent

189 1985 348 2046 dicere,
367 1984 746 2052 magnitudinem
767 1991 900 2036 tuam
917 1985 1180 2052 ignorant;
1203 1983 1272 2038 ita
1293 1983 1378 2050 qui
1407 1997 1596 2049 quoquo
1622 1983 1766 2036 modo

189 2081 268 2120 non
285 2069 472 2133 audent,
498 2068 726 2135 ignorant
746 2069 1108 2122 humanitatem.
1134 2068 1208 2121 Ab
1233 2067 1581 2134 antiquissimis
1613 2081 1766 2134 usque

190 2149 450 2218 temporibus
469 2167 574 2204 mos
595 2151 686 2218 fuit
717 2167 883 2205 rerum
899 2151 1284 2204 memorabilium
1306 2159 1609 2204 monumenta
1631 2165 1764 2202 maii-

191 2238 292 2288 data
309 2236 492 2304 litteris,
515 2236 570 2290 in
609 2237 760 2292 libros
791 2235 1040 2303 redigere,
1073 2243 1218 2304 atque
1247 2239 1425 2302 on'erre
1463 2233 1766 2301 principibus

191 2319 320 2384 siris;
349 2325 457 2388 quia
477 2337 644 2386 neque
672 2323 852 2386 aliquid
878 2323 1130 2374 inchoatur
1147 2359 1162 2383 ,
1187 2323 1280 2372 nisi
1297 2361 1312 2386 ,
1357 2329 1466 2386 post
1487 2320 1667 2384 Deum,
1693 2319 1766 2370 fa-

193 2409 304 2458 verit
315 2409 592 2471 imperator,
613 2408 788 2461 utolim
797 2409 974 2471 omitus
992 2414 1061 2460 est
1079 2403 1466 2460 Valentinianum
1492 2406 1557 2456 II
1575 2409 1766 2471 Augus-

197 2499 280 2542 tum
305 2493 487 2544 Flavius
527 2491 759 2557 Vegetius
791 2496 1020 2552 Renatus,
1058 2504 1170 2542 cum
1207 2505 1319 2544 suos
1339 2490 1386 2543 ei
1418 2488 1587 2542 obtulit
1624 2489 1763 2541 Com-

199 2581 438 2629 mentarios.
475 2579 536 2628 Et
575 2573 804 2643 quoniam
841 2589 906 2628 ea:
937 2575 1082 2628 rebus
1122 2575 1348 2626 humanis
1383 2573 1506 2627 nihil
1527 2581 1598 2626 est
1633 2589 1764 2638 pra:-

201 2658 364 2722 clarius,
410 2674 554 2725 quam
599 2661 663 2712 de
695 2659 944 2722 republica
973 2659 1092 2711 bene
1123 2659 1322 2718 mereri,
1361 2655 1412 2710 in
1455 2671 1635 2724 magna
1669 2656 1766 2708 erit

199 2739 316 2793 laude
349 2743 618 2804 ponendum
654 2749 760 2808 tua,
797 2743 924 2808 quod
956 2741 1008 2794 in
1039 2740 1230 2809 regiam
1259 2741 1458 2794 tutelam
1496 2740 1768 2806 susceperis

199 2822 354 2877 labores
387 2839 532 2886 uicos,
579 2823 798 2878 utilitatis
841 2825 1029 2892 aliquid
1069 2824 1324 2878 allaturos.
1368 2821 1610 2878 Exhibent
1639 2820 1768 2876 enim

197 2909 406 2975 vulgatam
425 2909 564 2962 illam
603 2907 806 2962 latinam
839 2911 1020 2962 Italam
1043 2909 1328 2972 versionem,
1357 2909 1562 2960 arnelutc
1605 2905 1767 2959 inedi-

197 2960 294 3054 taui,
311 2960 428 3060 quis,
449 2960 696 3059 principio
715 2960 956 3047 nascentis
965 2960 1200 3046 Bedente
1221 2960 1260 3043 ia
1281 2960 1442 3046 nescio
1463 3005 1558 3058 quo
1575 2999 1767 3057 aposto-
1795 2960 1844 3022 Β

199 3077 332 3130 lanna
365 3078 541 3144 aquati
563 3078 806 3144 sapienter
829 3077 1100 3142 elaborata,
1123 3076 1380 3139 obtinebat,
1419 3083 1530 3128 ante
1553 3074 1769 3128 divinam

199 3163 305 3214 beati
339 3161 620 3227 Hieronymi
663 3160 1032 3224 Bibliothecam,
1079 3161 1132 3212 in
1173 3161 1198 3210 Ι
1203 3157 1335 3212 talia:
1377 3157 1609 3224 primum,
1651 3171 1768 3212 mox

199 3244 373 3310 Africis,
417 3253 560 3312 atque
607 3244 780 3298 Gallia:
817 3245 1068 3298 Ecclesiis.
1109 3243 1230 3309 Eius
1265 3245 1371 3296 loca
1409 3243 1542 3309 apud
1582 3250 1770 3296 sanctos

201 3333 350 3384 Patres
363 3330 651 3385 swculorum
667 3329 1022 3393 primitivorum
1037 3327 1296 3394 habentur,
1319 3329 1556 3390 visuntur,
1575 3326 1732 3379 lucent
1749 3340 1770 3390 ,'

199 3418 440 3476 prsetertim
473 3417 610 3481 apud
655 3417 955 3481 Cyprianum
1002 3413 1476 3480 Carthaginiensem,
1519 3411 1771 3465 Hilarium

199 3497 538 3564 Pistoriensem,
565 3499 844 3566 Luciferum
881 3497 1228 3562 Calaritanum,
1255 3501 1496 3550 Zenonem
1523 3502 1770 3552 Veronen-

197 3594 300 3646 sem,
329 3583 644 3636 Gaudentium
687 3579 998 3644 Brixirmum,
1047 3582 1286 3634 Victorem
1319 3583 1516 3646 Afrum,
1561 3581 1772 3632 Ambro-

195 3661 303 3716 sitan
323 3666 744 3732 Hedialanensem,
769 3664 1122 3732 Hieronymum
1143 3665 1524 3726 Stridonensem,
1549 3667 1770 3732 Leonem,

195 3755 234 3799 et
261 3749 536 3814 Gregorium
566 3754 815 3814 Magnum.
853 3751 1060 3802 Sanctus
1098 3763 1215 3802 vero
1259 3747 1556 3815 Augustinus
1599 3748 1772 3799 Italam

195 3834 300 3886 tardi
321 3833 450 3900 fecit,
479 3845 530 3886 ut
549 3849 658 3887 eam
691 3833 965 3901 prtatulerit
1003 3835 1213 3896 steteris,
1249 3833 1308 3886 ob
1332 3835 1594 3886 verborum
1635 3843 1773 3886 tena-

194 3921 398 3984 citatem,
425 3933 534 3970 cum
570 3921 928 3985 perslricuitate
965 3923 1246 3972 sententia.
1285 3923 1438 3982 Quem
1473 3923 1640 3970 testem
1671 3929 1774 3968 me-

193 4000 348 4054 liorem
380 4003 662 4069 amet-imus,
705 4011 756 4056 ut
791 4002 1012 4056 omnibus
1043 4005 1207 4068 palam
1228 4001 1334 4068 ﬁat,
1371 4011 1550 4067 quanta
1581 4003 1632 4053 in
1669 4001 1774 4061 ejus

197 4085 376 4139 lectione
397 4086 487 4153 vis,
529 4097 672 4152 atque
697 4087 880 4141 utilitas
915 4087 1146 4140 habeatur
1168 4087 1194 4140 Ρ
1227 4086 1383 4138 Latuit
1422 4086 1502 4138 hic
1521 4083 1775 4138 thesaurus

199 4182 330 4232 usque
347 4172 396 4224 in
425 4171 712 4226 hodiernam
733 4173 863 4226 diem
895 4172 946 4224 in
969 4171 1162 4225 scriniis
1180 4177 1226 4223 et
1247 4169 1504 4223 tabulariis
1523 4167 1775 4220 nonnulla-

200 4265 294 4304 rum
323 4255 577 4322 insignium
621 4255 934 4309 ecclesiarum
969 4254 1349 4320 cathedralium,
1385 4266 1450 4306 ex
1472 4252 1644 4320 quibus
1667 4266 1775 4317 ego,

1866 1641 2049 1694 divitiis
2065 1683 2078 1708 ,
2103 1644 2266 1710 magni
2297 1645 2608 1710 imperatoris
2647 1647 2887 1716 exemplo,
2911 1647 2995 1716 qui
3015 1649 3212 1704 codices
3249 1667 3418 1708 sacros
3437 1671 3472 1708 a

1865 1725 2172 1790 peritissimis
2195 1727 2410 1782 lib-rariis
2433 1729 2662 1794 describi,
2689 1733 2950 1799 ornarique
2975 1732 3112 1798 iussit
3131 1735 3202 1800 (ut
3225 1741 3358 1802 apud
3380 1747 3474 1790 Eu-

1863 1809 2052 1864 sebium
2072 1811 2124 1864 in
2148 1812 2254 1878 eius
2287 1813 2398 1866 Vita
2417 1815 2662 1868 memoria:
2686 1819 2932 1879 proditum
2953 1821 3074 1884 est),
3103 1819 3192 1872 alii
3215 1819 3478 1876 Christiani

1865 1910 2028 1964 reges,
2063 1905 2110 1950 et
2137 1896 2382 1964 principes
2425 1900 2712 1962 suniptuosis
2756 1901 3119 1966 exemplaribus
3143 1943 3158 1968 ,
3201 1905 3478 1970 prtesertim

1865 1979 2256 2046 Evangeliorum,
2279 1983 2528 2049 regiarum
2551 1981 2864 2037 basilicarum
2883 1987 3384 2054 granunatophylaeia
3404 1989 3478 2040 lo-

1866 2063 2188 2128 cupletaram.
2233 2067 2264 2117 I
2267 2067 2544 2119 mmortales
2581 2067 2746 2132 itaque
2791 2069 2966 2138 gratiae
2995 2085 3028 2122 a
3071 2069 3206 2126 nobis
3244 2071 3480 2126 habenda:

1864 2155 1974 2202 sunt
1997 2146 2276 2214 Desiderio,
2313 2151 2488 2204 Carolo
2519 2155 2716 2218 Magno,
2747 2153 3068 2220 Berengario,
3111 2155 3318 2222 aliisque
3337 2155 3480 2222 prin-

1866 2230 2052 2296 cipibus
2079 2231 2216 2294 viris,
2243 2247 2448 2298 quorum
2468 2233 2712 2300 munificis
2729 2237 2864 2289 curis
2895 2243 2943 2289 et
2975 2239 3262 2304 sumptibus,
3297 2242 3364 2292 ad
3394 2256 3481 2296 nos

1867 2330 2132 2381 pervenere
2171 2317 2302 2380 libri,
2328 2332 2446 2384 quos
2466 2333 2556 2384 ego
2589 2319 2774 2384 primus
2799 2321 2969 2388 evulgo
2997 2363 3012 2388 ,
3059 2331 3110 2376 ut
3147 2333 3396 2378 versentur
3427 2325 3482 2378 in

1865 2403 2088 2456 manibus
2109 2402 2344 2466 omnium,
2369 2419 2630 2470 numquam
2651 2405 2881 2472 deinceps
2903 2408 2998 2460 nisi
3017 2423 3128 2461 cum
3149 2409 3325 2464 litteris
3355 2409 3480 2464 inte-

1867 2487 2032 2539 rituri.
2061 2491 2138 2552 Et,
2165 2490 2394 2550 quoniam
2409 2497 2474 2542 tot
2497 2503 2637 2555 reges
2661 2489 2851 2557 inclyti,
2873 2489 3064 2546 collatis
3083 2493 3224 2561 quasi
3245 2494 3483 2558 dexteris,

1865 2579 1912 2622 et
1933 2571 2123 2638 ofﬁciis,
2145 2575 2212 2625 ad
2237 2574 2534 2638 offerendam
2555 2589 2728 2627 nimius
2751 2582 2799 2627 te
2819 2589 2934 2640 rege
2957 2575 3160 2644 dignum
3180 2579 3483 2642 conspirasse

1867 2653 2112 2722 videntur,
2144 2671 2288 2722 spero
2319 2672 2516 2711 sacram
2539 2658 2846 2723 Maiestatem
2876 2668 3008 2714 tuam
3045 2663 3235 2716 labores
3267 2677 3398 2716 meos
3430 2663 3484 2716 in

1867 2741 2066 2792 tutelam
2105 2742 2475 2796 clementissime
2517 2751 2866 2810 suscepturum.
2911 2749 3051 2810 Quod
3091 2748 3137 2800 si
3177 2749 3482 2815 priestiterit,

1867 2841 2054 2880 summa
2077 2825 2164 2878 tibi
2187 2827 2238 2878 in
2263 2827 2494 2893 beneﬁcio
2515 2827 2606 2881 isto
2628 2828 2910 2896 magnitudo
2945 2830 3062 2898 erit,
3099 2833 3222 2885 mihi
3243 2847 3357 2887 vero
3377 2849 3486 2887 ma-

1868 2909 2004 2960 xima
2025 2901 2186 2976 gloria
2203 2925 2222 2962 :
2249 2917 2296 2962 et
2319 2913 2652 2973 jmonumentis
2691 2910 2830 2978 longe
2861 2913 3204 2978 pulcherrimis
3224 2915 3486 2984 debebunt,

1871 3001 2072 3046 ventura
2113 2993 2298 3047 uacula
2321 3003 2546 3058 paratam
2566 2993 2861 3059 [blicissimis
2883 2997 3093 3051 Joannis
3127 2999 3386 3066 auspiciis,
3405 3002 3486 3054 lu-

1871 3093 1992 3140 cem,
2037 3086 2082 3132 et
2103 3080 2443 3132 anernitatem.
2477 3080 2736 3146 Aleuinus,
2774 3081 2850 3134 vir
2873 3082 3092 3138 omnium
3130 3101 3248 3152 quos
3269 3101 3330 3140 ea
3376 3088 3486 3142 tulit

1871 3170 1990 3216 artas
2029 3162 2410 3230 eruditissimus,
2451 3164 2674 3216 volumen
2711 3179 2966 3218 sacrorum
3000 3166 3273 3222 Bibliorum
3305 3170 3488 3224 Hiero-

1872 3246 2120 3316 nymiana:
2163 3246 2388 3302 editionis
2411 3287 2425 3308 ,
2479 3255 2736 3315 utrumque
2786 3251 3032 3306 continens
3090 3255 3448 3308 Testamentum
3467 3297 3484 3323 ,

1873 3333 2167 3398 nuncupavit
2207 3331 2314 3398 regi
2339 3331 2805 3398 prwcellentissimo,
2831 3341 2879 3388 et
2901 3341 2987 3401 qut
3009 3352 3134 3392 unus
3155 3337 3484 3404 plurimorum

1873 3414 2026 3467 instar
2059 3429 2164 3470 esse
2185 3415 2343 3480 debet,
2367 3415 2552 3468 scilicet
2590 3414 2764 3470 Carolo
2797 3421 2995 3486 Magno.
3022 3423 3194 3474 Exstat
3209 3420 3300 3475 hoc
3321 3438 3487 3478 exem-

1873 3497 1986 3562 plar
2008 3497 2398 3564 authographum
2425 3497 2716 3552 millenaria:
2737 3500 2897 3554 intutis
2927 3500 2978 3555 in
2999 3511 3166 3557 nostra
3213 3520 3488 3575 congrega-

1873 3579 2016 3634 tionis
2057 3580 2272 3634 Oratorii
2311 3578 2516 3636 Romani
2569 3579 2873 3646 bibliotheca,
2919 3599 3048 3652 quae,
3089 3587 3350 3642 clarissimi
3391 3590 3488 3644 viri
3533 3651 3538 3658 ,

1874 3666 2080 3720 Achillis
2101 3667 2246 3720 Statii
2271 3666 2488 3720 Lusitani
2519 3681 2720 3720 munere
2733 3706 2748 3730 ,
2773 3682 2864 3734 per
2901 3672 3144 3724 Cursarem
3183 3675 3486 3730 cardinalem

1877 3750 2146 3804 Buronium
2181 3749 2400 3817 eiusdem
2421 3751 2804 3820 congregationis
2825 3752 3094 3808 immortale
3115 3759 3282 3822 decus,
3323 3767 3373 3812 et
3401 3773 3489 3813 or-

1876 3843 2170 3897 namentum,
2195 3843 2378 3887 tantam
2399 3849 2573 3902 gazam
2603 3843 2673 3887 est
2693 3843 2967 3888 consecuta.
3014 3838 3174 3905 Hujus
3195 3855 3382 3906 quoque
3403 3859 3488 3896 σο.

1876 3919 2023 3982 dicis,
2062 3927 2108 3970 et
2145 3918 2346 3971 alterius
2387 3917 2576 3984 pariter
2611 3919 2848 3985 Carolini,
2881 3934 3023 3986 quem
3063 3925 3402 3980 monasterium
3425 3933 3485 3982 S.

1877 4003 2030 4056 Pauli
2053 4011 2194 4058 extra
2223 4003 2404 4056 Urbem
2420 4017 2606 4056 summa
2625 4001 2863 4070 religione
2883 4005 3105 4070 custodit,
3131 4017 3310 4073 prazsto
3323 4011 3416 4064 erit
3439 4013 3492 4066 in

1880 4085 2055 4152 Operis
2075 4087 2428 4153 prosecutione,
2453 4101 2548 4142 rea;
2579 4086 2883 4154 portugatliaz
2899 4087 2996 4156 pie,
3025 4089 3162 4156 felix,
3199 4103 3418 4162 auguste,
3441 4106 3493 4150 te

1879 4177 2143 4226 Mecoenate
2163 4214 2176 4238 ,
2209 4179 2256 4225 te
2293 4172 2522 4238 Auspice,
2562 4179 2660 4225 tota
2692 4172 2993 4238 descriptio;
3023 4175 3248 4238 quoniam
3282 4186 3354 4232 est
3375 4195 3494 4234 cor-

1878 4267 2056 4322 rectus,
2102 4265 2148 4310 et
2186 4257 2468 4310 emendatus
2503 4254 2716 4308 mauime
2727 4271 2746 4320 ;
2784 4269 2936 4320 eoque
2975 4259 3165 4313 steteris
3210 4269 3448 4328 priestans
3468 4305 3485 4331 ,

201 4333 265 4388 vel
290 4336 464 4402 primus
483 4338 652 4406 effodi,
677 4339 752 4392 vel
774 4353 924 4392 manu
943 4338 1210 4392 amicarum
1231 4337 1370 4402 longe
1393 4335 1778 4389 doctissimorum
1803 4355 1848 4418 ρ
1880 4342 2010 4408 quod
2031 4341 2096 4392 ad
2120 4339 2272 4406 ipsius
2303 4354 2544 4406 normam,
2567 4346 2615 4392 et
2647 4339 2868 4407 regulam
2889 4342 3064 4394 summi
3083 4345 3333 4412 pontiﬁce.
3362 4347 3488 4400 νηί..

203 4423 376 4488 accepi:
405 4438 532 4476 nunc
573 4439 686 4478 vero
706 4439 962 4489 erumpens
983 4425 1036 4476 in
1057 4425 1215 4476 lucem
1237 4423 1326 4474 sub
1363 4421 1511 4486 regiis
1543 4421 1776 4486 auspiciis
1879 4433 2042 4490 gatam
2083 4427 2350 4478 Sacrorum
2375 4422 2646 4477 Bibliorum
2683 4425 2939 4478 editionem
2961 4427 3307 4480 restituendam
3337 4443 3486 4482 cura-

205 4503 300 4566 liis,
337 4511 513 4574 profert
555 4521 678 4561 nova
716 4508 880 4573 simul,
915 4515 961 4561 et
993 4514 1176 4572 vetera,
1217 4505 1409 4560 codices
1439 4519 1609 4572 nempe
1646 4505 1776 4574 (quis

209 4595 402 4648 crederet
425 4595 448 4647 .’
471 4597 492 4661 )
524 4609 674 4648 aureo
697 4603 1014 4661 argenteoque
1044 4594 1286 4660 pigmento
1307 4590 1596 4644 nitidissima
1617 4591 1778 4656 scrip-

213 4677 551 4744 tos,sumptibus
573 4692 746 4746 regum
781 4677 1140 4744 muniﬁcorum,
1182 4677 1234 4730 in
1259 4673 1560 4729 membranis
1589 4689 1778 4742 purpu-

215 4757 312 4822 reis,
335 4773 446 4825 quas
465 4760 786 4815 remotissima
820 4762 1097 4826 mitiquitas,
1123 4761 1488 4825 quatuordecim
1519 4760 1662 4812 etiam
1683 4772 1777 4811 sa:-

217 4843 406 4896 culorum
446 4846 758 4898 consecravit.
805 4847 928 4897 Tum
956 4845 1215 4914 longinqua
1251 4853 1371 4898 tetas
1409 4858 1549 4897 suam
1589 4841 1780 4895 habebit

217 4923 471 4982 manabilem
490 4929 766 4996 ﬁrmitatem
788 4945 852 4985 ea:
873 4929 1214 4996 speciniinibus
1237 4929 1595 4990 characterum,
1622 4927 1708 4992 qui
1728 4925 1782 4979 in

219 5007 368 5062 tabulis
386 5011 530 5065 cereis
553 5011 682 5080 stylo
711 5011 946 5077 descripti
976 5019 1085 5064 sunt
1125 5027 1236 5064 cum
1273 5010 1448 5066 nativis
1479 5005 1782 5063 lineamentis

219 5091 320 5155 suis,
351 5103 400 5146 ut
419 5103 558 5150 testes
587 5097 682 5150 sint
703 5103 988 5162 temporum,
1027 5096 1182 5150 nuntii
1205 5095 1450 5160 veritatis;
1473 5103 1616 5161 atque
1651 5108 1782 5148 com-

221 5185 450 5232 monstrent
486 5181 670 5234 siccata
691 5181 1093 5249 antiquariorum,
1131 5181 1258 5234 velut
1279 5196 1384 5235 tera
1406 5179 1780 5247 chronologiam.

225 5261 320 5312 Non
339 5265 504 5330 primo,
527 5279 615 5317 nec
637 5265 792 5318 altero
816 5265 997 5318 Christi
1020 5265 1198 5320 saeculo
1210 5264 1434 5318 videntur
1461 5265 1604 5328 fuisse
1626 5265 1676 5316 in
1695 5277 1786 5316 usu

224 5345 454 5411 mgniﬁca
493 5349 598 5402 haec
624 5347 904 5401 divinarum
941 5350 1312 5414 Scripturarum
1346 5348 1604 5414 volumina,
1641 5363 1786 5414 auro,

227 5437 484 5498 "genioque
505 5431 770 5500 descripta,
795 5447 906 5486 cum
928 5431 1088 5486 adhuc
1112 5441 1234 5487 esset
1265 5431 1483 5486 Ecclesia
1514 5431 1789 5498 apostolica:

231 5591 244 5602 ‘
282 5583 394 5652 {Ne
414 5589 555 5652 nobis
571 5598 866 5642 succenseat
879 5589 1034 5652 lector
1056 5587 1186 5652 quod
1205 5587 1396 5638 tabulas
1420 5587 1506 5652 aeri
1531 5586 1710 5636 incisas
1727 5583 1792 5634 de

233 5647 384 5720 quibus
405 5651 716 5720 frequensin
747 5653 828 5702 his
864 5647 1231 5720 prologoinenis
1249 5652 1302 5702 lit.
1340 5651 1548 5720 mentio,
1584 5659 1796 5720 quasque

233 5667 384 5720 Ψξωιιε
405 5667 644 5716 nequiens
665 5667 716 5703 In
747 5667 828 5702 ms
879 5667 1231 5716 )romgomenus
1249 5667 1302 5702 Ill.
1340 5667 1548 5710 meum),
1584 5667 1796 5712 qua:un

232 5707 403 5784 33109119.
598 5715 660 5784 ad
683 5667 1176 5784 superaLundantiapi
1198 5727 1350 5784 quam
1365 5713 1424 5762 ad
1447 5715 1798 5784 necessitatem

233 5776 474 5846 Enim-9t.
505 5773 714 5846 Editioni
735 5773 914 5846 nostra:
937 5791 1037 5827 non
1067 5773 1481 5838 subjuﬁxerimus,
1517 5774 1634 5846 ipse
1677 5773 1804 5823 sciat.

233 5837 332 5886 satis
351 5837 466 5903 erit,
491 5851 586 5892 nos
607 5841 852 5892 calatum
871 5843 1121 5904 impensas
1154 5837 1475 5905 nequaquam
1514 5837 1681 5888 lacere
1718 5847 1805 5898 po-

483 5925 763 5990 l’A'rnon.
825 5923 968 5988 XII.

1883 4519 2010 4564 runt.
2041 4509 2253 4576 Maiores
2274 4511 2496 4576 equidem
2527 4509 2679 4562 nostri
2691 4510 2811 4571 jure
2831 4508 3010 4576 optimo
3039 4520 3352 4576 censuerunt,
3375 4529 3488 4568 ver-

1881 4593 2064 4646 sionem
2085 4591 2241 4646 sancti
2273 4589 2565 4656 Hieronymi
2583 4589 2800 4655 (Διεωηὶ
2823 4592 3060 4645 volumine
3074 4599 3359 4662 comentem)
3385 4610 3489 4650 esse

1884 4677 2074 4732 caneris
2127 4675 2524 4742 prazferendam;
2573 4689 2670 4728 non
2725 4683 2883 4728 tamen
2929 4679 3100 4730 Italam
3143 4681 3484 4747 repudiarunt.

1885 4765 2046 4815 Immo
2066 4774 2232 4813 eorum
2251 4759 2502 4812 consilium
2523 4758 2622 4810 tale
2641 4760 2751 4824 fuit,
2769 4759 3018 4828 utriusque
3027 4762 3207 4816 habere
3227 4767 3488 4823 rationem.

1893 4843 2152 4910 Utriusque
2184 4840 2503 4903 auctoritatis,
2527 4855 2586 4893 ac
2610 4841 2856 4896 memoria:
2877 4844 3147 4898 retinenda:
3185 4861 3352 4912 causa,
3389 4851 3489 4904 No-

1887 4943 2018 4994 vam,
2042 4941 2101 4979 ac
2143 4936 2368 4979 veterem
2391 4926 2654 4978 mandabat
2678 4925 2868 4992 litteris,
2903 4929 3144 4993 referebat
3172 4930 3226 4984 in
3245 4947 3486 4990 commen-

1886 5011 2032 5072 taria,
2078 5017 2122 5062 et
2144 5008 2436 5074 praponebat
2472 5007 2706 5060 Ecclesiis
2726 5017 2920 5062 sanctus
2951 5011 3212 5077 Gregorius
3247 5021 3458 5084 Magnus
3469 5034 3491 5084 ,-

1890 5093 2096 5161 fucultas
2137 5099 2188 5144 ut
2213 5097 2335 5143 esset
2373 5089 2598 5156 ﬁdelibus
2619 5091 2935 5155 cognoscendi
2957 5093 3206 5161 utriusque
3247 5108 3492 5165 prmum-

1889 5175 2026 5230 tiam.
2067 5177 2127 5227 Et
2149 5189 2234 5226 nos
2255 5171 2308 5224 in
2344 5171 2596 5237 utriusque
2619 5169 2820 5224 lectione
2857 5173 3005 5226 etiam
3035 5174 3180 5230 hodie
3215 5193 3484 5236 versamur.

1891 5259 2060 5312 Ambo:
2081 5255 2209 5310 enim
2227 5253 2496 5320 coniuncta-2
2517 5255 2640 5308 inter
2657 5267 2710 5306 se
2728 5251 2986 5322 Vulgatam
3004 5258 3290 5316 hodiernam
3309 5266 3493 5332 conﬂa-

1893 5356 2021 5395 vere.
2052 5345 2156 5406 Quo
2176 5343 2358 5405 faction
2395 5345 2446 5389 ut
2468 5339 2663 5390 tandem
2684 5338 2822 5390 Italae
2857 5354 3031 5394 nomen
3053 5347 3250 5409 etnotio
3269 5347 3495 5404 habuerit

1895 5426 2115 5482 ultimum
2144 5433 2328 5490 tempus
2352 5421 2528 5478 (etatis.
2555 5423 2730 5490 Itaque
2752 5421 3011 5482 clarissimi
3029 5429 3232 5496 quidam
3254 5431 3366 5498 viri,
3408 5437 3496 5500 qui

1895 5583 2051 5650 tuisse
2095 5581 2186 5630 nisi
2233 5579 2373 5650 istius
2414 5575 2676 5650 voluminis
2699 5579 2927 5650 _pretium
2969 5579 3081 5634 fere
3125 5585 3496 5650 quadruplicato

1897 5645 2264 5730 ampliassemus
2304 5641 2374 5693 ita
2413 5653 2534 5692 sane
2578 5639 2773 5705 longius
2802 5655 2832 5692 a
2857 5655 3005 5706 scopo
3051 5639 3220 5699 ιιοείτο
3259 5639 3501 5704 alierran'.

1898 5713 1996 5835 te;
2015 5767 2096 5835 De
2127 5766 2332 5835 Eusebii
2349 5767 2446 5835 vita
2483 5773 2538 5835 et
2557 5766 2757 5835 scriptis
2777 5767 2961 5820 videsis
2993 5781 3106 5834 qua
3140 5771 3368 5830 εὼιοιιιε
3389 5785 3512 5835 sunt

1902 5831 1963 5884 ad
1983 5831 2171 5884 calcem
2187 5830 2331 5896 hujus
2353 5829 2626 5884 voluminis.
