3968 6332
311 181 377 239 i5
1096 174 1315 234 EPIST.
1357 173 1605 232 PillLlP.
1650 175 2021 245 GARBELLI,
2055 179 2142 235 DE
2179 177 2433 238 CODICE
2471 180 2822 240 BRIXIANO.
3546 190 3615 245 Η

312 301 378 358 tis
403 298 662 356 omnibus
690 304 992 370 acceptum,
1034 296 1431 367 probatumque
1474 295 1538 351 iri
1587 301 1749 352 nemo
1794 307 1908 365 est,
1940 300 1989 359 Α
2019 306 2161 353 teres
2193 297 2318 355 hinc
2347 299 2470 355 inde
2518 300 2753 372 dilapso,
2788 302 3004 357 nonnisi
3054 303 3174 359 luce
3226 304 3454 374 plurima
3485 305 3613 375 quid

316 393 414 466 qui
459 407 567 448 non
608 391 813 447 videat.
860 390 970 448 Sed
988 390 1116 447 dum
1143 390 1418 445 variantes
1448 381 1730 455 lecticaes,
1774 405 1910 462 quas

305 489 437 544 olim
462 497 496 544 e
524 486 763 542 lentisci
791 493 947 542 textu
969 499 1193 548 omnes.
1227 499 1258 541 e
1286 484 1448 541 Luca:
1476 499 1538 540 ac
1565 485 1788 542 Joannis
1817 486 1915 540 ali-

305 589 437 652 quot
471 581 526 636 in
553 579 900 636 Adversariis
925 592 1300 650 seposueram,
1332 587 1568 633 retracto
1593 577 1789 634 iterum
1809 621 1822 642 ,
1848 593 1914 634 ac

305 673 532 733 confero
567 690 582 728 :
614 685 686 729 ne
723 684 942 728 errores
987 672 1192 739 nostri,
1223 671 1272 727 si
1303 669 1394 742 qui
1438 669 1666 727 fortasse
1714 671 1914 742 legenti

305 773 440 831 mihi
459 814 475 838 .
517 780 614 828 ant
640 771 968 828 describenti
999 771 1390 842 obrepsisset",
1420 771 1758 843 imponerent
1786 787 1912 842 pos-

306 865 514 923 ὠτίωιί
544 873 562 922 ‘:
593 879 662 921 en
707 870 896 919 rursus
931 864 1329 919 amantissimas
1359 863 1569 919 litteras
1605 872 1722 919 luas
1743 908 1757 931 ,
1796 865 1914 936 qni-

306 962 406 1018 bus
431 961 675 1034 cegitare
697 968 749 1016 te
770 960 839 1016 de
867 959 1077 1016 edendo
1104 959 1306 1030 integri
1337 958 1543 1015 codicis
1571 970 1718 1016 testu
1743 961 1910 1031 signi-

307 1055 458 1111 ﬁcas.
512 1053 749 1109 Laudavi
799 1054 1134 1124 propositum
1188 1053 1362 1119 istud,
1421 1068 1529 1123 quo
1573 1054 1623 1108 in
1655 1069 1714 1108 re
1759 1067 1911 1108 sacra

306 1148 676 1215 versantibus,
706 1148 865 1219 longe
896 1147 1116 1202 uberius"
1144 1162 1304 1219 qttam
1335 1146 1466 1202 solis
1494 1149 1788 1218 excerptis,
1828 1163 1915 1202 sa-

305 1243 576 1298 tisfactum
608 1241 674 1298 iri
705 1241 1009 1297 videbatur.
1042 1240 1300 1309 Quamvis
1341 1240 1483 1296 enim
1523 1239 1590 1294 ad
1622 1254 1915 1296 secernen-

303 1339 450 1405 dttm,
487 1335 618 1408 quid
647 1335 776 1391 olim
822 1347 853 1390 e
900 1334 1167 1415 fontibus,
1209 1334 1336 1405 quid
1386 1350 1417 1389 e
1456 1333 1731 1389 memorie
1771 1349 1912 1404 penu

305 1429 676 1504 prompserim
714 1441 964 1495 veteres;
1011 1443 1132 1501 qua:
1165 1429 1218 1484 in
1265 1429 1502 1500 publicis
1543 1428 1910 1484 Ecclesiarttm

301 1523 584 1581 codicibus
607 1521 794 1587 facies,
827 1538 948 1592 qure
969 1521 1025 1578 in
1050 1523 1384 1594 privatorum
1415 1530 1598 1588 esset;
1645 1521 1770 1592 quid
1807 1523 1914 1591 pri-

304 1618 426 1680 mis,
461 1602 594 1689 qui'd
629 1613 982 1686 sequentibus
1024 1613 1237 1669 sarculis
1264 1613 1556 1684 legeretur,
1601 1613 1717 1669 haec
1749 1612 1912 1684 pluri-

2014 391 2275 464 scriptum
2330 394 2402 448 sit
2427 408 2569 465 (egre
2619 409 2933 465 assequare.
2985 394 3253 467 lntegrutn
3289 398 3468 468 itaque
3502 409 3618 454 tex-

2016 493 2127 539 tum
2155 494 2387 557 quatuor
2412 488 2863 558 evangelistarutn
2906 505 2990 546 me
3021 507 3207 546 coram
3255 503 3309 546 ιιι
3341 511 3369 547 a
3402 494 3616 563 legente

2016 578 2250 649 scriptor
2276 580 2549 649 exciperet
2591 583 2796 636 curavi.
2845 583 2956 650 Qua
2990 585 3040 638 in
3093 601 3150 640 re
3183 585 3312 656 quid
3344 587 3412 640 sit
3440 586 3620 644 iuren-

2016 673 2143 730 dum
2186 683 2303 730 tuta
2370 676 2480 731 scis
2525 695 2537 730 :
2589 685 2875 748 tecumque
2926 693 3117 735 omnes
3150 722 3164 746 ,
3237 681 3326 750 qui
3395 681 3617 751 hujusce

2016 769 2161 824 modi
2216 769 2412 825 studiis
2450 785 2675 842 Operam
2725 771 3063 842 impendunt.
3120 774 3304 846 Neque
3337 777 3438 831 ltoc
3484 777 3616 834 satis

2017 861 2142 919 ﬁdei
2177 874 2377 920 nostra:
2425 865 2619 920 factum
2651 866 2988 937 existimans,
3030 871 3281 925 omnith
3311 871 3376 926 ad
3410 873 3617 928 calcem

2018 970 2189 1025 usque
2219 957 2517 1026 perductis,
2566 959 2768 1014 contuli
2803 975 2990 1018 rursus
3020 977 3141 1017 cum
3176 964 3491 1036 archetypo,
3526 982 3620 1021 cx-

1969 1081 1972 1086 -
2016 1053 2177 1118 cepto
2201 1047 2473 1116 Mattltzeo,
2506 1065 2686 1118 quem,
2723 1053 3010 1109 occasione
3040 1057 3384 1112 commodum
3415 1060 3618 1123 oblata,

2015 1139 2083 1195 ad
2111 1148 2162 1195 te
2191 1141 2559 1210 prtemiseram
2592 1159 2605 1198 :
2637 1145 2807 1200 oculis
2835 1156 3025 1216 suapte
3077 1149 3359 1204 imbecillis
3396 1159 3620 1222 perpete

2017 1235 2107 1290 illo
2133 1235 2251 1293 nisu
2287 1236 2577 1308 aliquando
2603 1237 2973 1298 fatiscentibus
2996 1244 3098 1308 ita,
3135 1255 3190 1299 ιιι
3217 1263 3437 1317 pergere
3476 1250 3618 1304 ultra

2018 1344 2124 1384 non
2172 1330 2380 1385 liceret.
2431 1331 2588 1387 Evasi
2625 1342 2825 1398 tamen,
2873 1335 3218 1408 perfectaque
3263 1339 3407 1395 dedi.
3441 1341 3620 1397 llabes

2022 1436 2166 1478 nunc
2214 1421 2340 1493 quid
2371 1422 2440 1479 de
2475 1423 2631 1479 istius
2657 1426 2862 1483 codicis
2893 1429 3072 1486 indole
3102 1447 3229 1486 vero
3260 1433 3490 1488 similius
3517 1450 3620 1505 pu-

2017 1520 2125 1570 tem
2155 1533 2168 1569 :
2202 1515 2326 1586 quid
2349 1515 2414 1570 de
2445 1517 2588 1573 illius
2611 1527 2768 1574 a-tate
2799 1515 3122 1590 conjecerim
3159 1542 3171 1578 :
3205 1541 3325 1596 qum
3355 1537 3621 1598 prmterea

2018 1608 2146 1665 olim
2182 1625 2211 1665 a
2246 1626 2332 1666 me
2371 1612 2564 1680 raptim
2611 1613 2930 1681 observata,
2982 1631 3123 1672 nunc
3177 1620 3430 1675 secundis
3475 1622 3623 1678 curis

305 1725 448 1766 mum
478 1708 798 1771 Conferant;
833 1707 966 1762 nihil
999 1715 1179 1762 tamen
1225 1720 1380 1776 atque
1409 1705 1538 1762 utile
1559 1752 1573 1776 ,
1607 1719 1671 1761 ac
1713 1706 1912 1775 jucun-
1943 1700 1990 1760 Β
2017 1702 2240 1758 adaucta
2271 1703 2578 1774 paululum,
2609 1715 2771 1777 atque
2799 1707 3040 1764 discussa
3073 1712 3124 1765 in
3161 1712 3408 1769 ordinem
3432 1723 3625 1770 utcun-

307 1801 429 1857 dum
460 1811 575 1867 est,
611 1813 772 1869 quam
821 1799 1020 1855 seriem
1074 1798 1243 1869 ipsam
1272 1839 1287 1864 ,
1335 1797 1571 1853 indolem
1601 1839 1616 1864 ,
1672 1797 1908 1868 genium,

308 1895 674 1952 minutissima
704 1893 923 1952 demunt
956 1894 1191 1965 integri,
1225 1902 1283 1948 ιιι
1311 1894 1382 1949 ita
1415 1893 1623 1958 dicam,
1667 1893 1914 1965 corporis

304 1987 644 2045 lineamenta
699 1987 753 2042 in
798 1986 1122 2058 pervetustis
1151 1985 1301 2042 hisce
1329 1983 1663 2057 antigraphis
1703 1985 1913 2053 rimari,

302 2088 468 2152 atque
499 2079 718 2137 efferre.
757 2077 924 2149 Cujus
966 2079 1046 2134 rei
1077 2091 1238 2134 causa
1274 2077 1401 2132 olim
1432 2077 1722 2150 Bentleyus
1749 2075 1917 2133 Joan-

300 2193 428 2234 nem
475 2173 702 2231 blillium
742 2175 809 2230 ad
857 2172 1128 2245 vulganda
1172 2171 1594 2228 Alexandrinum
1627 2172 1910 2228 Cantabri-

299 2270 536 2342 giense,
589 2267 919 2331 Oxouiense,
965 2266 1170 2322 Gallica
1213 2268 1430 2322 demum
1473 2267 1698 2338 urgebat
1731 2265 1822 2329 ita,
1859 2273 1918 2321 ut

302 2377 370 2420 ea
397 2359 572 2417 editio
594 2359 826 2432 singulas
852 2359 1072 2425 litteras,
1108 2367 1260 2430 atque
1286 2359 1461 2428 apices
1495 2357 1914 2430 Exemplarium,

300 2458 460 2511 etiam
482 2453 573 2508 ubi
586 2470 626 2507 ~a
647 2451 899 2508 Librariis
920 2461 1188 2524 peccatum
1209 2460 1304 2518 est,
1328 2461 1587 2514 accurate,
1610 2460 1655 2504 et
1683 2449 1919 2521 religiose

302 2544 978 2619 subsequeretur(lt'pistola
1000 2544 1068 2599 ad
1091 2543 1145 2597 M
1151 2541 1320 2598 illium
1342 2559 1429 2615 ap.
1449 2543 1611 2597 Fabr.
1636 2541 1753 2596 Bib.
1771 2541 1914 2612 (in).

305 2645 463 2699 Licet
508 2651 692 2714 postea
736 2639 1087 2696 celeberrima
1121 2638 1208 2693 illa
1250 2653 1346 2692 sua
1378 2636 1442 2692 N.
1475 2637 1539 2692 Τ.
1582 2636 1768 2694 Grzeca
1801 2635 1918 2691 edi-

306 2737 458 2793 tione
486 2736 756 2793 distentus
778 2776 795 2803 ,
826 2751 948 2789 mox
1000 2736 1286 2790 immaturo
1311 2731 1420 2787 fato
1453 2739 1752 2802 prtereptns
1781 2730 1919 2785 hanc

306 2830 565 2901 Spartam
598 2827 719 2884 aliis
749 2827 1044 2883 ornandam
1077 2825 1374 2897 reliquerit.
1413 2824 1479 2881 Et
1503 2839 1633 2880 sane
1656 2838 1776 2878 cum
1805 2836 1918 2878 ma-

299 2923 491 2992 jorum
515 2929 699 2990 :etate,
735 2919 895 2992 longe
921 2933 1053 2974 vero
1078 2917 1313 2989 amplius
1339 2915 1439 2972 hac
1471 2926 1653 2971 nostra
1682 2915 1726 2972 is
1759 2914 1922 2970 fuerit

304 3012 650 3086 antiquitatis
678 3027 854 3078 amor,
889 3026 952 3067 ea
980 3009 1258 3066 hominum
1290 3008 1468 3064 studia
1513 3008 1565 3063 in
1597 3007 1920 3078 perquiren-

2019 1812 2124 1868 que
2148 1797 2351 1868 redegi.
2377 1797 2432 1854 Si
2461 1799 2588 1870 quid
2619 1800 2670 1855 itt
2705 1801 2856 1858 hisce
2886 1805 3325 1863 meditationibus
3357 1810 3560 1866 nostris
3588 1825 3622 1876 e

2019 1905 2078 1945 re
2107 1898 2196 1945 tua
2231 1905 2352 1946 esse
2383 1892 2686 1961 videbitur,
2750 1898 2917 1953 uteris
2972 1899 3194 1968 perinde
3237 1917 3299 1957 ac
3335 1904 3569 1973 propriis
3604 1921 3620 1959 :

2020 1982 2095 2037 tui
2125 1983 2267 2038 enim
2300 1986 2470 2040 solius
2501 2001 2662 2042 causa
2699 1987 3044 2060 digessimus.
3092 1992 3185 2048 Sin
3221 1993 3394 2050 minus
3414 2038 3426 2062 ,
3456 1999 3625 2052 silen-

2021 2075 2095 2130 tio
2123 2090 2360 2146 premes.
2409 2077 2492 2133 Me
2518 2079 2736 2150 quidem
2785 2082 3024 2150 lubente,
3059 2087 3153 2156 qui
3203 2089 3368 2144 sciam
3410 2091 3460 2144 in
3497 2091 3626 2147 trito

2018 2165 2144 2235 isto,
2186 2183 2531 2241 excussoque
2558 2173 2780 2242 pulvere
2809 2176 2894 2231 vix
2929 2192 3051 2233 esse
3084 2179 3235 2235 novis
3265 2183 3503 2253 vestigiis
3536 2185 3621 2239 lo-

1992 2272 2164 2330 ‘eum,
2193 2273 2246 2318 et
2278 2264 2494 2319 nonnisi
2520 2281 2660 2334 rara,
2693 2281 2855 2339 atque
2879 2272 3145 2341 exquisita
3178 2285 3424 2344 spectare
3451 2291 3626 2332 smcu-

2021 2351 2132 2408 lum
2162 2355 2392 2426 ingeniis
2419 2355 2547 2412 felix
2586 2379 2598 2414 :
2627 2375 2745 2429 qua:
2787 2376 2888 2416 nos
2918 2362 3160 2432 profecto
3194 2382 3370 2436 neque
3400 2383 3622 2439 sperare

2019 2449 2426 2520 nobismetipsis
2472 2453 2524 2508 in
2573 2455 2888 2510 tenuissimo
2962 2473 3164 2524 censu,
3219 2461 3389 2516 multo
3447 2467 3625 2519 minus

2021 2539 2280 2599 exhibere
2308 2542 2432 2599 aliis
2472 2559 2777 2615 possumus.
2812 2547 2917 2605 Sed
2945 2549 3056 2619 jam
3083 2552 3147 2606 ad
3191 2555 3468 2624 proposita
3500 2571 3626 2626 per-

2021 2650 2233 2706 gamus.

2095 2728 2241 2783 lnter
2270 2731 2660 2799 celeberrima,
2708 2749 2815 2788 non
2858 2736 3030 2790 solum
3072 2737 3236 2793 ltalim
3264 2782 3278 2806 ,
3323 2741 3417 2795 sed
3466 2745 3630 2799 totius

2025 2821 2252 2892 Europae
2293 2827 2644 2890 monasteria,
2679 2825 2809 2881 illttd
2842 2827 2937 2882 fuit
2961 2845 3193 2900 semper.
3219 2844 3407 2903 estque
3437 2836 3629 2890 ctiam-

2026 2928 2187 2979 nunc,
2228 2915 2370 2984 quod
2420 2915 2727 2971 Desiderius
2758 2917 3238 2991 Longobardorum
3269 2932 3362 2980 rex
3404 2924 3454 2980 in
3485 2926 3632 2983 Urbe

2026 3015 2206 3061 nostra
2240 3022 2268 3060 a
2300 3006 2668 3066 fundamentis
2699 3013 2984 3076 excitavit;
3010 3015 3126 3084 ejus
3158 3018 3388 3074 ecclesia
3430 3020 3632 3076 Serva-

307 3107 434 3174 dis,
467 3121 589 3178 quae
621 3105 864 3163 latebant
899 3103 1130 3178 plurima
1153 3145 1169 3169 ,
1211 3114 1373 3174 atque
1402 3102 1699 3158 etiamnum
1729 3100 1917 3165 latent,
1948 3095 1992 3156 C
2028 3102 2127 3156 tori
2161 3100 2357 3158 dicata.
2384 3102 2640 3170 Quamvis
2667 3117 2854 3176 postea
2903 3107 3004 3162 hac
3035 3110 3178 3180 ipsa,
3229 3129 3332 3166 non
3377 3115 3626 3184 equidem

308 3217 416 3273 qua
447 3199 657 3267 sacris,
687 3214 790 3272 qua
821 3199 1059 3271 profanis
1080 3204 1325 3254 veterum
1358 3196 1747 3260 monumentis,
1782 3205 1840 3249 ut
1868 3194 1921 3249 in

304 3295 489 3352 lucem
543 3293 684 3348 hanc
731 3292 997 3362 publicam
1045 3289 1303 3347 efferrent
1345 3307 1359 3345 :
1399 3290 1595 3344 mirum
1627 3297 1922 3360 pmpterea

305 3387 486 3444 videri
526 3386 718 3457 possit,
762 3384 1002 3440 nondum
1033 3384 1253 3439 illorum
1306 3399 1634 3454 quemquam
1680 3383 1920 3454 primaevi

305 3481 630 3552 interpretis
677 3479 987 3536 versionem
1041 3477 1310 3550 integram
1362 3478 1697 3550 protulisse,
1749 3477 1923 3547 qualis

303 3582 440 3630 ante
471 3571 857 3644 Hieronymum
885 3569 1180 3627 ferebatur.
1223 3569 1355 3624 Nam
1403 3578 1598 3640 praeter
1627 3568 1920 3624 admirabi-

303 3666 586 3725 lemillum
604 3665 660 3721 in
685 3661 1033 3722 describenda
1062 3664 1382 3735 Evangelica
1400 3662 1623 3718 historia
1647 3672 1724 3719 tot
1751 3678 1922 3718 saecu-

304 3760 496 3816 lorum
518 3773 866 3826 consensum,
899 3755 1030 3813 illud
1052 3757 1214 3813 etiam
1246 3756 1473 3829 liqueret
1515 3759 1775 3823 fortasse,
1810 3775 1916 3813 non

306 3852 460 3908 satis
472 3859 668 3907 attente
681 3850 1017 3922 Hieronymi,
1047 3859 1207 3920 atque
1233 3847 1515 3920 Augustini
1541 3852 1918 3906 auctoritatem

312 3962 525 4019 urgere
547 3945 764 4013 mullos,
795 3945 887 4016 qui
911 3943 974 3998 N.
1006 3941 1072 3999 Τ.
1105 3933 1327 3998 Latinas
1355 3942 1636 3998 versiones
1661 3942 1919 4011 plurimas

303 4043 450 4098 olim
477 4039 530 4097 in
560 4039 801 4097 Ecclesia
833 4038 1000 4095 fuisse
1026 4037 1384 4094 arbitrantur.
1428 4036 1578 4092 Adeo
1608 4036 1663 4092 in
1710 4038 1915 4108 paucis,

306 4143 376 4192 et
406 4131 625 4206 quidem
656 4130 1054 4196 verbotenus,
1086 4129 1346 4185 differunt
1394 4127 1536 4184 inter
1587 4145 1648 4185 se
1701 4130 1917 4186 codices

306 4227 674 4294 vetustiores;
704 4229 895 4290 unum,
946 4235 1040 4280 aut
1069 4225 1298 4281 alterum
1343 4223 1388 4278 si
1426 4215 1801 4294 demas,'qnos
1827 4234 1918 4279 aut

305 4325 532 4381 licentia
587 4321 963 4392 privatOrum.
1019 4327 1112 4374 aut
1181 4314 1524 4390 ignorantia,
1594 4315 1916 4388 quandoque

303 4415 478 4475 etiam
538 4416 713 4486 pietas
771 4410 1075 4467 inconsulta
1123 4410 1276 4466 miris
1328 4408 1501 4465 modis
1552 4408 1914 4479 interpolavit.

2025 3192 2241 3249 deserta
2273 3197 2526 3263 omnino,
2559 3197 2656 3253 sed
2685 3199 2750 3254 ad
2781 3200 3004 3270 privata:
3040 3203 3257 3273 pietatis
3285 3206 3496 3274 officia,
3533 3224 3631 3264 an-

2024 3287 2212 3357 gustiis
2233 3330 2246 3354 ,
2276 3298 2335 3342 ut
2362 3300 2491 3359 pttto
2512 3332 2526 3357 ,
2561 3301 2721 3362 atque
2751 3295 2939 3348 umbra
2972 3295 3200 3365 plurima
3247 3297 3634 3356 intercedentio

2027 3379 2157 3446 lms,
2184 3381 2453 3449 seposita,
2501 3383 2853 3442 nobilissima:
2892 3384 3136 3458 Virgines
3164 3392 3430 3461 aptiorem
3465 3395 3630 3450 aliam

2023 3475 2194 3529 sacris
2227 3475 2494 3532 faciundis
2522 3480 2829 3548 erexerint,
2887 3490 3196 3553 sanctasque
3225 3485 3376 3542 Julim
3407 3488 3627 3544 dicave-

2021 3567 2149 3622 rint.
2199 3567 2400 3624 Locum
2430 3569 2599 3633 hunc,
2632 3571 2678 3627 si
2709 3588 2865 3643 quem
2899 3575 3084 3641 alium,
3119 3594 3238 3632 cum
3276 3581 3416 3650 regis
3458 3581 3628 3649 illius,

2026 3668 2138 3714 tum
2177 3659 2475 3728 Cmsarum,
2516 3663 2606 3735 qui
2637 3680 2829 3722 everso
2871 3667 3346 3739 Longobardortnn
3378 3675 3627 3743 imperio,

2023 3752 2186 3808 rebus
2234 3764 2358 3809 sunt
2398 3757 2578 3827 potiti,
2638 3757 2954 3821 liberalitas,
2995 3770 3156 3831 atque
3186 3763 3516 3835 indulgentia
3559 3768 3630 3826 ad

2025 3853 2199 3899 tantas
2229 3861 2360 3916 opes
2392 3859 2710 3913 evexerant,
2745 3859 2801 3904 ut
2850 3853 2899 3905 in
2932 3853 3172 3921 pluribus
3202 3856 3369 3911 ltalim
3413 3860 3630 3928 provin-

2023 3939 2124 3996 ciis
2152 3941 2482 4010 amplissima
2516 3944 2738 4012 praedia,
2780 3947 2923 4014 jura,
2979 3946 3160 4013 feuda,
3207 3953 3489 4020 ecclesias,
3537 3971 3630 4012 ea-

2023 4050 2250 4107 rumque
2279 4036 2580 4092 sacerd0tia
2626 4040 2984 4108 possiderent.
3030 4043 3268 4112 Quorum
3294 4056 3469 4104 tamen
3501 4066 3627 4121 pars

2022 4127 2277 4198 maxima,
2314 4136 2373 4184 ut
2395 4140 2478 4187 est
2507 4131 2745 4187 conditio
2777 4149 2954 4190 rerum
2987 4134 3369 4209 humanarum,
3405 4143 3454 4195 in
3489 4145 3625 4200 alios

2022 4238 2145 4277 mox
2186 4233 2345 4295 atque
2387 4225 2523 4280 alios
2579 4225 2805 4297 dilapsa,
2858 4229 3038 4287 titulos
3090 4241 3293 4288 tantum
3347 4253 3410 4293 ac
3457 4239 3622 4296 docu-

2022 4327 2200 4372 menta
2234 4327 2446 4374 veteres
2490 4319 2741 4377 dominos
2774 4324 2970 4380 habere
3004 4326 3189 4396 jussit.
3246 4327 3375 4384 Nam
3431 4347 3628 4400 praeter

2019 4410 2328 4482 apograplta
2379 4412 2637 4468 Desiderii
2687 4424 2742 4468 et
2790 4417 3044 4490 Adelgisi,
3092 4432 3380 4490 supersunt
3448 4426 3625 4484 adituc

302 4507 472 4567 Adde
497 4504 755 4581 Cymeliis
800 4505 950 4562 hisce
994 4504 1143 4560 nullo
1174 4505 1280 4559 alio
1307 4503 1536 4559 consilio
1563 4503 1796 4575 prospici
1827 4517 1912 4560 se-
1939 4501 1992 4561 D
2016 4503 2345 4574 autographa
2396 4505 2510 4574 ipsa
2558 4515 2804 4563 veterum
2858 4511 3240 4580 imperatorum
3291 4517 3619 4588 diplomata,

301 4601 522 4668 curius,
561 4610 622 4655 ut
647 4615 716 4656 ne
746 4597 1010 4655 vetustate
1038 4597 1364 4663 dilabantur,
1397 4612 1554 4668 quam
1577 4597 1620 4652 si
1653 4597 1794 4668 typis
1819 4613 1916 4652 ex-

301 4708 445 4750 cusa
474 4703 762 4749 versentur
791 4693 844 4747 in
873 4690 1126 4746 manibus
1155 4691 1430 4754 omnium;
1465 4703 1735 4759 nunquam
1763 4688 1915 4744 dein-

303 4799 446 4855 ceps
462 4785 567 4841 nisi
589 4799 710 4842 cum
736 4783 934 4840 litteris
963 4782 1098 4855 ipsis
1118 4781 1422 4838 interitura.
1448 4779 1749 4852 Utcumque
1769 4783 1911 4836 cnim

301 4887 416 4936 aut
441 4879 498 4935 in
525 4877 744 4936 scriniis
773 4878 1135 4947 privatorum,
1171 4883 1265 4930 aut
1291 4873 1347 4930 iu
1389 4873 1732 4931 bibliothecis
1761 4875 1911 4945 prin-

301 4973 498 5043 cipum
527 4971 941 5042 diligentissime
986 4969 1238 5034 servatis,
1267 4976 1570 5024 caracteres
1602 4978 1778 5022 tamen
1810 4968 1910 5038 ipsi

301 5067 448 5133 situ,
477 5064 660 5129 tineis,
692 5064 930 5136 puli/ere,
972 5064 1066 5120 sed
1097 5061 1359 5119 edacitate
1407 5061 1745 5133 potissimum
1775 5069 1914 5117 tem-

305 5159 469 5230 poris
511 5166 861 5215 eVanest'mnt.
894 5156 974 5213 Ex
1013 5172 1121 5229 quo
1153 5155 1212 5212 fit
1253 5168 1335 5222 ut,
1367 5172 1486 5227 quae
1515 5172 1642 5223 uno,
1673 5156 1913 5212 alterove

302 5253 520 5311 stimulo
563 5251 782 5324 elapsis,
815 5251 921 5323 legi
952 5268 1058 5307 non
1089 5250 1428 5307 incommode
1469 5261 1736 5322 poterant,
1770 5267 1914 5308 nunc

303 5345 752 5420 liquescentibus
776 5344 936 5401 lineis
974 5343 1084 5412 vix,
1116 5359 1180 5400 ac
1229 5359 1296 5399 ne
1324 5345 1407 5399 vix
1440 5345 1654 5414 quidem
1705 5345 1914 5401 secerni

308 5447 542 5515 queant.
576 5436 730 5506 Quod
763 5439 1004 5509 profecto
1048 5437 1102 5493 in
1131 5437 1235 5493 hoc
1264 5445 1447 5491 nostro
1479 5437 1676 5492 factum
1706 5437 1771 5492 iri
1812 5439 1914 5493 ali-

311 5537 543 5610 quando
571 5546 679 5594 n‘on
723 5535 931 5594 dubito.
964 5532 1176 5592 Alicubi
1209 5533 1377 5600 enim,
1407 5533 1459 5588 in
1502 5533 1663 5590 Luem
1690 5549 1920 5605 praeser-

311 5635 440 5700 tim,
457 5635 695 5704 purpura
714 5629 805 5685 illa
826 5629 880 5686 in
902 5628 1220 5697 caeruleum,
1235 5635 1466 5697 eumque
1487 5642 1712 5697 Opacutu
1746 5636 1919 5682 trans-

315 5736 515 5795 eunte,
539 5724 745 5800 glurute
770 5735 904 5782 vero
929 5730 1208 5798 argenteo,
1235 5719 1434 5794 quoliti
1463 5719 1676 5778 fuerant
1699 5718 1922 5778 charac-

2024 4597 2217 4668 quibus
2247 4607 2455 4668 neptes,
2481 4599 2636 4668 filias,
2673 4618 2890 4658 sorores
2923 4604 3029 4660 Deo
3055 4607 3122 4663 ibi
3153 4623 3389 4666 sacratas
3414 4615 3622 4670 benefi-

2023 4688 2120 4744 ciis
2149 4689 2459 4760 ingentibus
2500 4702 2622 4748 sunt
2657 4698 2946 4764 prosecuti.
3001 4698 3137 4755 Tum
3175 4704 3619 4776 sulssequentiutn

2020 4780 2330 4851 Ctesaruut,
2363 4783 2523 4839 etiam
2557 4785 2897 4843 invictissimi
2939 4791 3160 4863 Augusti
3189 4795 3368 4853 Caroli
3425 4801 3488 4857 Vl
3537 4821 3627 4861 re-

2019 4886 2255 4943 gutuque
2285 4875 2557 4945 llispanize
2590 4881 2876 4951 rescripta,
2907 4884 3102 4952 quibus
3129 4900 3313 4962 earum
3339 4893 3621 4967 privilegia

2021 4967 2073 5022 in
2103 4967 2306 5025 ditione
2333 4969 2718 5029 Mediolanensi
2754 4974 3049 5030 firmantur.
3085 4979 3292 5036 thtera
3325 4989 3467 5042 enini
3498 5009 3619 5047 om-

2021 5060 2106 5116 nia
2131 5062 2386 5132 majestas
2409 5064 2665 5136 principis
2691 5067 2855 5121 nostri
2883 5068 2931 5120 itt
2960 5069 3178 5125 tutelam
3197 5074 3619 5140 clementissime

2019 5155 2242 5224 recepit.
2275 5154 2525 5210 Veterum
2552 5165 2810 5226 praeterea
2843 5159 3275 5221 membranarum
3311 5170 3496 5239 ingens
3525 5192 3615 5232 co.

2024 5247 2140 5319 pia,
2193 5247 2245 5302 in
2291 5249 2486 5319 quibus
2531 5248 2753 5304 donat-ia
2800 5249 3170 5324 privatorum,
3225 5264 3616 5339 empltiteuses,

2022 5342 2345 5412 emptiones,
2396 5342 2765 5409 venditiones;
2818 5357 3012 5404 caetera
3057 5351 3272 5410 demunt
3304 5359 3370 5413 ad
3399 5365 3622 5433 amplis;

2021 5439 2142 5493 simi
2177 5437 2280 5493 loci
2309 5437 2544 5492 rationes
2566 5440 2884 5507 pertinentia
2919 5462 2930 5497 :
2963 5453 3072 5500 tum
3105 5464 3224 5520 qua:
3246 5469 3444 5522 mores,
3477 5470 3620 5529 aeta,

2027 5530 2201 5601 leges,
2246 5530 2446 5599 judicia
2489 5529 2702 5588 illorum
2755 5541 3083 5606 temporum,
3135 5547 3437 5610 prmsertint
3492 5567 3624 5610 vero

2029 5625 2288 5696 glossaria
2339 5624 2579 5679 barbara.-
2627 5624 2908 5683 latinitatis
2941 5645 3140 5701 augere
3184 5635 3468 5705 plttrimutn
3496 5661 3624 5716 pos-

2030 5719 2155 5775 sint.
2193 5716 2261 5773 Et
2289 5717 2490 5774 utinam
2523 5717 2862 5777 documentis
2888 5723 3029 5790 aliis,
3065 5729 3318 5797 quteillic
3347 5750 3630 5807 superesse
