3976 6338
403 193 472 249 15
1768 194 2307 255 PROLEGOMENA.

405 311 726 374 debuerant,
770 311 942 367 series
971 319 1051 367 tot
1086 310 1432 378 saeculorum,
1457 312 1742 383 scripturae
1771 311 2008 367 difﬁcul-

408 411 512 471 tas,
545 419 727 458 rerum
759 402 1048 474 ignoratio,
1079 416 1143 458 ac
1170 401 1402 458 subinde
1433 402 1734 474 neglectus,
1767 404 2008 459 omnium

404 510 537 552 vero
564 496 797 551 maxime
827 495 1180 552 deliramenta
1223 511 1479 552 manuum
1511 498 1807 553 otiosarum
1834 513 1903 554 ne
1929 497 2009 553 in-

408 591 805 654 tercessissent,
834 590 1125 662 quominus
1165 589 1343 646 adhuc
1371 591 1638 655 viverent.
1671 601 1726 647 et
1745 591 2007 661 vigerent.

388 682 511 741 Sed
541 691 661 739 acta
685 699 773 739 res
795 693 877 738 est
908 701 921 737 :
952 684 1053 739 nec
1080 683 1294 739 cineres
1321 683 1454 740 istos
1480 699 1698 741 movere
1719 684 1831 755 jam
1862 684 2008 741 licet.

405 774 520 847 Ego
552 774 765 830 illorum
804 790 909 829 non
945 790 1141 845 pauca,
1173 790 1241 831 ne
1272 774 1540 830 fortunam
1570 775 1818 832 eamdem
1860 775 2009 831 subi-

403 878 526 924 rent
559 883 676 923 mea
703 883 868 923 manu
900 867 1195 939 descripta,
1226 868 1277 922 iu
1310 868 1635 924 Adversaria
1669 868 1960 925 rctuleram
1993 884 2007 921 :

404 960 572 1016 editur
589 975 651 1015 us
677 960 992 1030 aliquando,
1017 960 1062 1015 si
1085 962 1216 1027 vita,
1244 961 1497 1032 viresque
1522 971 1896 1031 superes~eut.
1930 961 2013 1017 Li-

398 1064 488 1133 cet
514 1065 698 1125 postea
727 1071 872 1110 curae
904 1054 1051 1120 alim,
1098 1071 1235 1110 nova
1267 1055 1466 1119 studia,
1502 1065 1556 1111 et
1594 1056 1771 1111 luxata
1815 1056 2011 1112 indies

398 1150 678 1214 valetudo,
702 1165 822 1220 qua:
853 1165 941 1205 me
971 1166 1123 1221 spem
1156 1160 1302 1206 vetat
1328 1150 1585 1207 inchoare
1606 1152 1844 1223 iungam,
1874 1170 2010 1221 pne-

404 1243 565 1296 tcrita
593 1240 819 1297 consilia
850 1241 1280 1307 iuterverterint,
1315 1243 1769 1316 excusseriutque
1796 1245 1862 1301 de
1892 1263 2007 1299 lna-

401 1339 582 1395 nibus.
616 1338 723 1394 Sed
754 1348 811 1393 nt
836 1339 901 1392 ad
927 1354 1043 1394 rem
1075 1350 1317 1394 nostram
1345 1338 1588 1404 redeam,
1620 1341 1760 1396 inter
1788 1358 1879 1409 pra
1903 1342 2007 1395 fata

398 1439 747 1487 utontnnenta
786 1430 1002 1498 jaeebat
1030 1430 1205 1487 codex
1241 1442 1534 1503 argenteus
1564 1431 2005 1502 Evangeliorum,

396 1540 559 1597 quem
587 1524 821 1593 virgines
856 1523 960 1577 illa:
1001 1522 1330 1580 breviarium
1372 1526 1534 1580 Ausa:
1577 1526 1776 1595 regina:
1821 1526 2009 1597 appel-

400 1618 522 1674 lare
545 1618 813 1674 solebant.
847 1616 1000 1673 llune
1022 1617 1153 1673 mihi
1176 1633 1203 1671 a
1222 1617 1546 1673 consobrina
1576 1634 1692 1674 mea
1726 1626 1853 1674 tune
1874 1627 2009 1674 tein-

3652 213 3729 271 16

2115 322 2171 370 et
2197 316 2484 388 tctraplum
2519 318 2671 387 illud,
2702 320 2847 391 quod
2879 323 2931 379 in
2961 334 3209 384 extremo
3241 326 3409 386 limbo
3447 330 3727 403 cujusque

2115 409 2327 480 pagina:
2370 413 2632 480 cernitur,
2674 424 2934 487 argenteo
2977 418 3210 489 quodam
3262 421 3542 495 pigmento
3584 434 3729 483 sunt

2116 497 2195 554 liti
2227 516 2241 554 :
2270 500 2425 571 cujus
2466 510 2647 560 tamen
2678 506 2828 563 color
2857 508 3041 565 multis
3070 510 3121 567 in
3151 510 3284 570 locis
3323 517 3589 575 evanidus
3614 535 3724 577 au-

2112 608 2264 650 reum
2286 595 2526 665 simulat,
2553 597 2797 672 fallitque
2826 602 2930 660 nisi
2956 612 3163 662 attente
3189 606 3524 678 inspiciatur.
3550 612 3718 670 Unde

2112 696 2170 745 et
2192 704 2294 746 uos
2320 689 2449 746 olim
2480 692 2723 751 codicem
2753 710 2976 753 aureum
3000 701 3349 759 vocabamus.
3369 701 3724 776 Pigmentum

2112 781 2245 838 illud
2275 785 2438 840 modo
2480 786 2643 856 lasve,
2687 805 2831 848 nunc
2869 806 3116 850 crassum
3140 835 3157 861 ,
3202 796 3564 872 scabrumque
3603 812 3715 859 εει.

2112 872 2246 931 Sive
2276 874 2379 932 hoc
2407 877 2621 936 diversa
2644 880 3069 941 illuminatorum
3098 888 3320 956 manus,
3361 905 3456 947 seu
3486 896 3720 953 materia

2113 967 2265 1038 ipsa,
2303 980 2396 1024 aut
2432 970 2650 1027 demum
2683 975 2954 1044 pennicilli
2995 980 3367 1048 praestiterint.
3399 982 3714 1059 Utcmuque

2112 1060 2258 1114 enim
2303 1064 2496 1131 pennis
2539 1066 2718 1120 aviqu
2762 1066 3067 1138 descriptos
3108 1070 3273 1128 fuisse
3310 1074 3525 1134 codices
3578 1079 3722 1136 istos

2110 1167 2328 1216 aureos,
2377 1163 2770 1227 argenteosque
2800 1157 3028 1216 inuuere
3057 1162 3304 1218 videatur
3327 1180 3489 1237 supra
3526 1168 3717 1225 lauda-

2114 1253 2199 1300 lus
2224 1244 2571 1304 Mabillonius
2601 1247 2912 1323 (Snppfem.
2945 1253 3016 1306 ad
3044 1271 3151 1309 rem
3183 1256 3414 1323 Diplom.
3447 1277 3569 1330 pug.
3595 1260 3721 1331 51),

2114 1336 2413 1394 hoctatnen
2434 1339 2503 1396 de
2526 1343 2715 1411 prium,
2752 1354 2807 1397 ut
2831 1345 2902 1398 ita
2931 1343 3188 1416 diverim,
3211 1365 3374 1405 manu
3402 1351 3719 1423 intelligen-

2113 1429 2241 1485 dum
2292 1431 2571 1488 exi~titno.
2617 1434 2838 1491 Certum
2888 1437 3031 1492 enim
3070 1447 3156 1495 est
3198 1455 3229 1496 a
3262 1443 3495 1499 librariis
3523 1444 3726 1505 ductus

2116 1521 2345 1590 primum
2379 1534 2683 1581 atramento
2703 1539 3031 1595 eameteres,
3060 1546 3181 1586 mox
3213 1532 3282 1589 ab
3326 1533 3713 1594 illumiuatori-

2115 1614 2215 1669 bus
2255 1632 2415 1671 aurea
2450 1618 2561 1684 illa,
2591 1628 2684 1675 aut
2729 1632 2982 1692 argentea
3028 1624 3264 1682 mixtura
3311 1642 3552 1699 ornatos,
3585 1650 3718 1705 qua:

401 1709 549 1780 poris
569 1710 839 1763 abbatissa
861 1708 1101 1763 oblatqu
1125 1723 1247 1764 cum
1269 1709 1548 1774 vidissem,
1592 1718 1753 1780 atque
1774 1727 1804 1766 e
1828 1711 2010 1767 limine
2045 1713 2087 1773 Β
2117 1709 2359 1778 profecto
2399 1712 2591 1782 pennis
2626 1713 2775 1769 reddi
2804 1731 2909 1771 nou
2943 1726 3174 1789 poterat.
3203 1720 3278 1777 Ita
3310 1726 3484 1795 spissa
3510 1739 3593 1784 est
3613 1729 3722 1786 ali-

404 1810 613 1861 tautum
640 1802 987 1869 salutassem,
1021 1802 1352 1858 membranis
1378 1803 1501 1858 aliis
1530 1803 1793 1873 intentus,
1825 1805 2009 1875 impc-

400 1899 537 1954 travi
581 1905 768 1969 pestea
803 1916 816 1953 :
851 1906 961 1952 tum
989 1906 1049 1953 ut
1088 1897 1458 1968 supradictum
1498 1901 1775 1967 specimen
1828 1902 2010 1960 mitte-

400 2006 520 2047 rem
547 2002 738 2060 patruo
759 1990 871 2057 tuo,
898 1991 1014 2059 qui,
1048 2006 1299 2061 purpura:
1322 1991 1550 2061 insignia
1573 1994 2007 2071 eminentissimo

398 2083 592 2141 Juanni
625 2084 919 2139 Francisco
940 2083 1238 2140 Barbadico
1263 2100 1386 2141 cum
1411 2085 1715 2155 detulisset,
1742 2088 1892 2144 illum
1919 2106 2009 2144 no-

390 2177 631 2243 biscum,
661 2177 747 2248 qui
778 2177 824 2232 ci
858 2178 1110 2242 comites,
1137 2177 1360 2239 bouoris
1395 2194 1557 2235 causa
1586 2222 1600 2246 ,
1634 2181 1701 2237 ab
1731 2181 2008 2237 Immanis-

396 2271 539 2327 simo
565 2260 807 2340 principe
830 2271 942 2325 dati
959 2287 1195 2338 eramus,
1222 2281 1278 2327 et
1300 2273 1630 2343 inspexerat,
1650 2287 1701 2331 et
1728 2277 2005 2334 characte-

396 2379 488 2419 res
515 2365 776 2435 excipere
817 2373 1157 2420 tentaverat:
1189 2377 1298 2420 tum
1329 2366 1492 2421 etiam
1540 2377 1599 2422 ut
1627 2368 1817 2425 eadem
1849 2385 2008 2426 occa-

402 2456 558 2513 sione
582 2456 950 2527 expenderem
980 2459 1256 2523 attentius,
1291 2468 1454 2529 atque
1484 2474 1587 2514 una
1618 2460 1887 2518 variantes
1912 2479 2002 2518 ex-

398 2563 684 2619 cerperem
719 2566 732 2601 :
766 2564 902 2620 quas
924 2548 1057 2604 mihi
1081 2549 1372 2619 aliquando
1397 2551 1513 2606 usui
1544 2551 1749 2607 futuras
1778 2570 1884 2608 non
1908 2554 2007 2609 du-

392 2643 631 2699 bitabam
653 2683 667 2710 ,
702 2643 827 2698 licet
867 2658 1032 2707 nunc,
1057 2643 1219 2699 etiam
1244 2658 1405 2712 supra
1429 2630 1588 2715 quam
1618 2645 1865 2707 mihimet
1888 2647 2004 2718 ipse

392 2736 814 2807 Spoponderam.
865 2753 965 2793 usu
1013 2737 1065 2793 id
1108 2738 1351 2808 profecto
1392 2740 1657 2810 ampliore
1687 2743 2001 2815 contigerit.

395 2828 509 2884 lllis
551 2828 697 2885 enirn
727 2830 875 2886 curis
902 2830 1039 2886 meis
1078 2840 1133 2886 et
1173 2830 1473 2887 amicitiam
1508 2844 1653 2889 tuam
1700 2834 1874 2891 debeo
1903 2853 1916 2889 :
1950 2844 2005 2891 et

402 2924 764 2979 monumento
788 2923 948 2994 longe
998 2922 1397 2992 pulcherrimo,
1440 2942 1601 2997 quam
1633 2943 1663 2982 a
1697 2944 1783 2985 me
1826 2929 2004 2986 adhuc

2111 1800 2257 1869 cubi,
2284 1817 2348 1858 ac
2372 1806 2685 1874 prominens
2713 1823 2743 1863 e
2772 1810 3412 1889 mentbrauis,pr:ecipue
3435 1820 3488 1875 in
3513 1820 3720 1892 Marco;

2111 1896 2164 1951 in
2197 1913 2302 1968 quo
2339 1907 2394 1954 et
2435 1916 2674 1956 muscam
2703 1904 2912 1974 glutine
2957 1906 3052 1962 illo
3107 1911 3489 1981 clrcumlitam,
3547 1924 3723 1988 atque

2111 1988 2383 2044 inretitam
2438 1991 2616 2049 adlmc
2663 1995 2926 2066 integram
2979 2000 3303 2059 invenimus.
3362 2004 3518 2063 Unde
3584 2008 3720 2065 olim

2106 2080 2466 2152 conjeceram,
2499 2083 2752 2142 Codicem
2782 2087 2925 2144 hunc
2952 2101 3141 2149 a:state
3169 2096 3478 2154 absolutum
3512 2099 3711 2159 fuisse.

2109 2175 2260 2233 Tunc
2282 2178 2427 2234 enim
2462 2179 2670 2237 facilius
2714 2196 2996 2242 arescente
3026 2189 3255 2258 pictura,
3288 2192 3380 2248 ubi
3420 2193 3705 2254 adversam

2110 2271 2354 2342 paginam
2402 2272 2766 2330 absolvisseut
2807 2292 3011 2351 operte,
3042 2296 3326 2353 aversam,
3386 2302 3492 2343 non
3545 2292 3718 2346 multo

2109 2368 2370 2436 temporis
2385 2367 2692 2435 intervallo,
2713 2378 2922 2427 tentare
2940 2384 3208 2443 poterant.
3231 2378 3350 2433 Dixi
3364 2378 3714 2442 characteres

2108 2466 2412 2513 atramento
2453 2460 2684 2531 simplici
2729 2464 2979 2533 primitus
3006 2465 3234 2535 ductos;
3264 2470 3407 2540 quod
3466 2472 3719 2543 pluribus

2107 2550 2161 2606 in
2206 2550 2339 2607 lucis
2374 2552 2776 2610 evidentissime
2797 2556 3130 2628 colligaszin
3179 2559 3338 2616 Luca:
3379 2566 3714 2636 praesertim,

2105 2657 2171 2697 ac
2190 2641 2413 2698 Juatmis
2436 2643 2611 2712 initio,
2636 2646 2726 2702 ubi
2755 2648 3083 2718 pigmentum
3113 2653 3245 2708 illud
3270 2654 3530 2726 dilapsum
3556 2666 3666 2713 est.

2179 2735 2335 2791 initio
2365 2739 2654 2808 cujuslibet
2682 2739 2959 2811 Evangelii
2991 2742 3177 2813 prima:
3213 2745 3370 2803 linea:
3398 2749 3515 2804 auri
3546 2750 3712 2808 brae-

2104 2829 2263 2885 teolis
2304 2840 2432 2885 sunt
2478 2830 2749 2899 obductze,
2810 2834 2953 2904 quod
3000 2836 3295 2893 etiamnum
3342 2840 3709 2912 Splendidum,

2100 2922 2473 2994 intactumque
2526 2932 2630 2980 est.
2674 2925 2855 3003 Linea:
2887 2944 3080 2987 omnes
3125 2933 3268 3005 style
3318 2950 3595 3007 cxaratae,
3652 2951 3715 2997 ut

387 3013 617 3071 fortasse
650 3016 1077 3085 prtestularetur,
1111 3026 1352 3086 paratam
1380 3016 1720 3075 felicioribus
1743 3022 2002 3092 auspiciis
2103 3028 2218 3079 eas.
2243 3014 2296 3069 ill
2320 3014 2701 3086 ἀυεοτίὺθιηίο.
2741 3019 3076 3091 antittuarius
3100 3038 3438 3097 sequeretur.
3474 3031 3713 3090 Charac-

388 3107 590 3175 lucem,
617 3117 778 3179 atque
801 3108 1186 3164 aeternitatem.

459 3199 717 3256 Codicem
743 3200 927 3264 istmn,
948 3199 1015 3255 ad
1049 3199 1165 3256 hmc
1186 3217 1355 3272 usque
1380 3209 1649 3274 tempora,
1679 3204 1990 3261 criticorutn

390 3305 672 3348 sacrorum
724 3292 925 3347 nemini
972 3292 1275 3362 inspectqu
1315 3293 1513 3361 fuisse,
1557 3306 1709 3353 certe
1761 3313 1789 3351 a
1847 3299 1996 3354 nullo

391 3383 586 3440 studiis
614 3383 938 3450 adhibitum,
969 3385 1097 3439 illud
1126 3393 1446 3456 argumento
1474 3401 1596 3444 esse
1620 3398 1818 3458 potest,
1851 3391 1995 3461 quod

389 3478 540 3534 inter
567 3486 646 3534 tot
665 3478 798 3533 alios
822 3479 892 3533 ab
923 3479 989 3534 iis
1016 3489 1366 3548 memoratos,
1400 3481 1544 3538 unde
1570 3483 1837 3539 variantes
1865 3484 1998 3540 hau-

391 3580 608 3638 serunt,
637 3587 703 3627 ne
745 3587 911 3627 unum
959 3571 1176 3643 quidem
1220 3572 1429 3640 videas,
1472 3574 1563 3644 qui
1602 3576 1836 3646 aliquam
1873 3576 1999 3634 inde

393 3663 720 3735 protulerit.
751 3664 943 3732 Solus,
982 3664 1122 3735 quod
1164 3667 1371 3734 sciam,
1408 3666 1605 3722 Paulus
1654 3668 1994 3738 Galleardns,

392 3759 467 3814 cl.
495 3759 733 3815 concivis
751 3773 905 3814 meus
937 3773 1097 3814 unam
1135 3766 1191 3814 et
1210 3758 1440 3815 alteram
1469 3761 1626 3818 nobis
1671 3762 1917 3819 exhibuit
1942 3764 1994 3819 in

389 3851 792 3923 elegantissima
842 3850 1081 3906 editione
1139 3848 1374 3921 Operam
1431 3851 1773 3910 Gaudenlii:
1833 3872 1994 3928 quam

390 3943 634 4015 proiecto
663 3945 960 4000 auctiorem
1024 3944 1235 4010 multo,
1288 3947 1828 4018 prtestantioremque
1877 3961 1998 4005 erat

390 4036 550 4092 nobis
584 4034 829 4103 daturus,
863 4034 907 4089 si
947 4050 1056 4090 non
1085 4034 1267 4090 alieno
1313 4035 1541 4093 arbitrio
1579 4039 1676 4103 uti,
1712 4038 1809 4094 sed
1854 4055 1990 4109 suo,

391 4128 557 4187 edere
586 4142 719 4194 opus
745 4127 1048 4198 egregium,
1078 4142 1186 4182 non
1215 4128 1475 4185 festinare
1503 4129 1801 4187 debuisset.

467 4220 808 4276 Mabillonius
839 4219 957 4289 ipse
986 4219 1038 4274 in
1068 4219 1281 4287 itinere,
1313 4220 1458 4291 quod
1487 4222 1807 4292 peritaliam
1841 4224 1996 4282 insti-

393 4314 516 4380 tuit,
559 4327 683 4369 cum
727 4311 965 4367 Brixiam
1014 4311 1294 4378 inviseret,
1345 4328 1536 4369 omnes
1585 4313 1748 4372 hasce
1798 4321 1992 4374 veIuSti

392 4407 495 4463 aevi
541 4403 796 4475 reliquias
847 4404 985 4461 clam
1044 4404 1263 4472 habuit;
1324 4407 1541 4464 nemine
1586 4423 1618 4464 e
1662 4411 1992 4468 nostratibus

2028 3108 2073 3172 C
2109 3116 2253 3163 teres
2294 3108 2661 3181 magnitudine
2686 3113 2963 3184 :equales;
2995 3117 3099 3172 nisi
3119 3120 3259 3189 quod
3285 3122 3352 3178 ad
3381 3122 3709 3197 insigniores

2101 3199 2382 3271 pericopas
2430 3202 2627 3273 quibus
2679 3212 2740 3259 ut
2790 3205 3080 3276 plurimum
3144 3211 3198 3267 in
3251 3212 3388 3270 laevo
3464 3219 3714 3291 margine

2102 3295 2263 3350 lectio
2307 3298 2617 3367 apponitur,
2661 3300 2897 3370 majores
2944 3302 3289 3362 adhibentur.
3338 3308 3407 3365 Et
3441 3325 3707 3383 econtra,

2099 3389 2143 3444 si
2172 3388 2299 3461 quid
2328 3391 2381 3446 in
2408 3390 2514 3447 fine
2542 3392 2701 3448 lineae
2729 3393 3036 3452 addendum
3094 3413 3398 3470 supererat,
3430 3407 3712 3463 minuscu—

2100 3481 2165 3537 lis
2208 3483 2492 3555 supplebat
2545 3485 2823 3543 lihrarius.
2862 3489 3019 3557 Quod
3066 3491 3133 3547 ad
3177 3493 3393 3550 illorum
3452 3499 3704 3559 ordinem

2098 3586 2337 3646 spectat,
2392 3576 2525 3634 nihil
2578 3579 2773 3636 addam
2816 3584 2869 3638 in
2915 3599 3188 3654 pra'sens:
3234 3602 3356 3644 cum
3409 3592 3697 3661 specimen

2101 3667 2274 3739 ipsum
2303 3670 2502 3726 seriem
2534 3674 2869 3740 continuam,
2900 3686 3336 3752 structuramque
3355 3697 3389 3739 a
3422 3687 3704 3747 veteribus

2101 3769 2385 3832 usurpatas
2409 3780 2517 3834 pra:
2538 3765 2710 3822 oculis
2738 3779 2920 3838 ponat.

2169 3854 2403 3922 Alicubi,
2433 3873 2556 3912 raro
2596 3868 2797 3927 ιειιιιειι,
2846 3860 2900 3916 in
2927 3878 3085 3918 unam
3123 3864 3246 3921 dum
3273 3867 3465 3926 littera:
3491 3872 3696 3931 coales-

2097 3956 2257 4001 cunt:
2290 3956 2373 4004 ast
2411 3965 2624 4021 semper
2652 3952 2704 4007 in
2753 3954 2861 4010 line
2910 3956 3085 4012 linem.
3116 3957 3301 4032 Neque
3337 3962 3495 4021 aliter
3533 3982 3698 4038 quam

2098 4040 2172 4108 N,
2218 4053 2308 4096 aut
2354 4042 2396 4098 V
2444 4046 2792 4115 superaddite
2844 4049 3120 4122 longurio,
3175 4064 3233 4108 ut
3262 4054 3304 4110 Τ
3335 4073 3476 4125 uno,
3529 4070 3698 4132 atque

2098 4136 2290 4194 eodem
2345 4149 2517 4196 tractu
2544 4144 2872 4215 exprimeret
2894 4145 3165 4203 librarius.
3196 4149 3367 4217 Quam
3393 4153 3695 4213 litterarum

2098 4235 2613 4304 coagmentationem
2659 4237 2906 4296 licentius
2944 4242 3115 4297 multo
3153 4247 3486 4316 usurpabant
3522 4250 3573 4304 in
3602 4266 3699 4307 ve-

2099 4326 2257 4382 tustis
2288 4326 2551 4397 lapidibus
2590 4332 2938 4401 quadratarii.
2969 4334 3083 4389 Non
3123 4335 3269 4391 enim
3304 4337 3357 4393 in
3400 4337 3508 4396 fine
3533 4339 3697 4399 linea:

2096 4424 2326 4481 tantum,
2368 4420 2463 4475 sed
2509 4422 2702 4480 mediis
2744 4423 2927 4493 ctiam,
2971 4442 3145 4500 neque
3194 4426 3298 4486 hoc
3341 4433 3513 4490 semel
3558 4434 3697 4493 illud

387 4498 563 4556 facem
612 4495 954 4569 praeferente.
1002 4498 1080 4554 De
1130 4513 1240 4569 quo
1292 4488 1541 4569 eiuidem
1594 4500 1740 4558 inter
1786 4504 1992 4562 amicos
2020 4505 2269 4581 Dipsum
2295 4512 2476 4569 videas
2506 4517 2841 4585 praestitisse.

393 4608 540 4663 saepe
559 4608 704 4646 erant
733 4599 998 4661 questus;
1048 4591 1193 4662 quod
1223 4608 1328 4648 non
1368 4593 1478 4663 has
1516 4595 1698 4661 etiam,
1725 4613 1828 4654 una
1869 4613 1991 4656 cum
2052 4662 2057 4667 λ

391 4692 474 4739 tot
502 4683 623 4739 aliis
662 4682 873 4738 urbium
906 4681 1325 4739 clarissimarum
1346 4726 1360 4749 ,
1397 4685 1790 4745 immortalibus
1817 4693 1991 4764 scrip-

393 4776 465 4832 tis
502 4775 932 4832 commendassct
979 4777 1308 4845 posteritati.
1337 4776 1537 4834 Verum
1586 4797 1727 4838 nunc
1774 4785 1989 4842 tandem

388 4868 605 4939 egregie
634 4876 812 4921 actum
846 4866 1127 4923 nobiscum
1158 4868 1336 4936 video,
1365 4886 1433 4925 ue
1456 4886 1672 4928 onmem
1700 4875 1994 4946 antiquita-

385 4971 498 5017 tum
530 4970 832 5016 nostrarum
865 4963 1182 5018 memoriam
1212 4962 1535 5022 deberemus
1573 4972 1811 5026 externis
1839 4970 1991 5045 iuge-

385 5054 493 5110 niis
526 5071 538 5108 :
572 5060 648 5120 et,
672 5067 832 5123 quam
855 5053 908 5108 in
941 5070 1050 5110 uno
1079 5053 1320 5110 Matthmi
1350 5064 1499 5112 textu
1525 5058 1593 5115 ab
1621 5060 1813 5119 altrice
1842 5062 1991 5123 litte-

386 5159 575 5201 rarum
629 5151 793 5214 atque
834 5145 1028 5201 artium
1074 5145 1252 5203 Gallia
1305 5147 1435 5204 olim
1484 5152 1814 5224 accepimus,
1847 5157 1988 5215 hanc

381 5238 461 5294 illi
493 5237 638 5294 Italia
669 5246 878 5302 nostra,
911 5238 1202 5310 etquidem
1224 5255 1348 5299 cum
1378 5240 1590 5302 foenore
1618 5253 1672 5303 ut
1694 5246 1985 5321 aliquando

381 5331 613 5404 gratiam
645 5328 933 5400 rependat.

454 5424 656 5482 Forma
700 5423 936 5490 codicis,
988 5424 1224 5499 oblonga
1271 5438 1355 5487 est
1393 5430 1496 5500 ita,
1542 5441 1603 5490 ut
1640 5433 1981 5496 latitudinem

378 5523 550 5579 ferme
573 5520 873 5592 quadrante
899 5530 1142 5590 superet.
1169 5523 1297 5592 Ejus
1324 5527 1675 5597 membranae,
1706 5530 1831 5589 licet
1855 5548 1985 5603 pur-

379 5628 513 5685 pura
542 5614 723 5669 Iincta:
762 5611 982 5679 fuerint,
1014 5612 1258 5681 plurima:
1301 5624 1478 5671 tamen
1529 5628 1797 5678 vetustate
1845 5632 1982 5679 tem-

376 5705 526 5779 poris
553 5704 775 5765 (δαιτυιυί
796 5706 1030 5778 Speciem
1057 5722 1166 5779 prae
1190 5724 1249 5764 se
1278 5707 1475 5766 ferunt.
1496 5710 1872 5789 Cliaraeteres,
1905 5722 1980 5778 uti

2165 4602 2311 4658 Nihil
2359 4615 2538 4661 autem
2569 4610 2902 4681 frequentius
2932 4613 2993 4669 in
3024 4615 3210 4673 codice
3255 4617 3362 4675 isto
3401 4636 3561 4692 quam
3607 4622 3702 4678 lit-

2096 4701 2329 4750 terarqu
2358 4704 2727 4766 permutatio.
2780 4703 2823 4758 υ
2863 4722 2957 4774 pro
2987 4704 3049 4773 V,
3098 4707 3141 4762 Τ
3188 4725 3287 4780 pro
3339 4711 3402 4777 ι),
3454 4712 3547 4768 sed
3580 4729 3702 4784 pra:

2091 4790 2304 4844 Cil‘lOl'lS
2333 4792 2373 4844 Β
2401 4808 2498 4860 pro
2528 4792 2587 4859 γ,
2617 4805 2671 4849 et
2694 4795 2808 4850 vice
2834 4813 2984 4853 versa
3018 4803 3309 4871 usurpatis.
3339 4783 3492 4870 Quod
3518 4783 3699 4877 impc-

2092 4882 2211 4937 ritis
2233 4882 2490 4941 harmuce
2517 4901 2697 4969 rerum
2738 4903 2953 4945 crucem
2978 4894 3141 4964 ligare
3161 4894 3450 4964 aliquando
3483 4914 3697 4969 poswt.

2091 4972 2224 5030 Cum
2249 4992 2354 5031 uou
2387 4978 2555 5035 semel
2570 4962 2774 5037 sensus
2811 4982 2925 5054 ipse
2952 4986 3240 5043 verborum
3271 4987 3467 5045 inverti
3510 4990 3702 5049 viden-

2089 5074 2204 5123 tur:
2239 5072 2512 5139 prmterito
2537 5071 2589 5127 in
2615 5073 2850 5130 futurum
2878 5083 3123 5149 tempus,
3145 5067 3257 5137 huc
3283 5082 3338 5138 in
3366 5082 3500 5139 illud
3539 5099 3697 5155 saepe

2090 5161 2514 5220 transeuntibus.
2537 5162 2643 5220 Sed
2674 5179 2761 5222 res
2789 5177 2874 5222 est
2898 5183 3021 5224 cum
3041 5171 3269 5229 eruditis
3287 5214 3303 5241 ,
3332 5175 3528 5247 quibus
3555 5176 3697 5237 nihil

2086 5248 2141 5306 in
2171 5251 2406 5324 antiquis
2429 5255 2578 5312 hisce
2606 5259 2975 5316 monumentis
3006 5264 3697 5341 perspectius.Aliquando

2085 5346 2251 5403 etiam
2287 5346 2333 5404 ν
2362 5364 2462 5421 pro
2510 5349 2578 5418 Υ,
2630 5361 2688 5409 et
2729 5362 2976 5424 econtra,
3016 5356 3115 5413 sed
3159 5374 3324 5429 parce
3368 5370 3692 5434 usurpatum

2086 5441 2267 5498 inveni
2298 5442 2352 5499 in
2377 5443 2656 5513 Matthaeo,
2689 5457 2746 5505 et
2773 5447 3023 5506 Joanne:
3061 5468 3294 5509 murram
3331 5454 3542 5512 scilicet
3584 5471 3693 5527 pro

2085 5552 2331 5606 myrram,
2373 5548 2430 5594 et
2481 5539 2685 5612 verbym
2723 5557 2821 5612 pro
2850 5543 3075 5600 verbum.
3130 5548 3262 5614 Qua:
3306 5550 3511 5617 omnia,
3568 5551 3691 5611 sive

2084 5628 2371 5697 lectorum,
2405 5641 2497 5688 aut
2523 5632 2917 5704 descriptorum
2949 5638 3098 5704 vitio,
3143 5656 3238 5694 seu
3262 5641 3443 5698 verius
3471 5624 3711 5700 idiotis:

2082 5723 2187 5780 mis
2237 5724 2450 5782 illorum
2505 5739 2804 5802 temporum
2854 5731 3090 5801 tribuas,
3139 5747 3345 5793 certum
3400 5748 3486 5795 cst
3542 5756 3683 5799 mss.
