3976 6338
289 315 364 371 ΓΙ
1129 315 1342 373 EI'IST.
1379 313 1624 372 Pillldl‘.
1665 313 2038 380 G.\llllF.|.l.l,
2073 315 2156 370 Dii
2197 317 2443 375 (TODICE
2485 320 2836 377 BllleANO.

293 437 652 510 exemplaria
699 439 822 496 fere
845 441 1048 505 omnia.
1082 449 1190 495 tmn
1219 447 1454 496 vetustas
1481 441 1642 494 etiam
1689 437 1924 508 lapidum
1955 441 2002 498 Λ

299 533 740 605 inscriptiones,
771 550 838 591 ac
871 535 1190 590 nomismata
1231 549 1546 604 ocrttpassc.

3573 325 3646 382 i8

2103 439 2158 493 lu
2191 441 2486 496 canonibns
2519 443 2664 497 hisce
2709 442 3036 511 digerendis,
3090 459 3194 497 non
3249 443 3488 509 Esi-liii,
3543 445 3643 497 sed

2037 531 2282 588 collirum
2312 577 2323 596 ,
2359 551 2494 606 quos
2527 551 2636 604 pra:
2668 538 2838 592 oculis
2867 537 3121 600 habebat,
3175 541 3536 594 mentientium
3579 539 3648 594 li-

379 624 845 682 Observabamus
894 627 1179 698 aliquando
1207 625 1532 694 exemplaria
1563 624 1662 679 i~ta
1709 622 1936 678 unciali-

311 721 422 778 bus
461 721 666 775 litteris
719 721 1022 790 descripta,
1074 735 1234 775 onera
1281 717 1452 789 magis
1509 725 1726 772 exarata
1773 731 1931 786 quant

315 813 540 870 codices
595 813 996 887 Hieronymum
1051 813 1352 884 appellasse
1407 811 1676 885 (Prwfat.
1727 811 1782 864 in
1831 809 1934 864 Job

325 919 456 965 extr.
479 907 536 980 ):
574 908 741 978 idque
797 917 986 976 postea
1021 907 1279 962 imitatuut
1325 905 1644 966 Alcuinum.
1675 905 1766 972 qtti
1799 917 1934 974 pon-

327 1003 464 1058 dera
489 1000 754 1056 librorum
777 1008 998 1072 portatu
1025 998 1285 1060 difﬁcilia,
1317 1013 1378 1053 ac
1419 997 1648 1069 proinde
1673 997 1934 1050 lectorum

334 1097 584 1151 manibus
619 1095 804 1167 gravia
845 1093 979 1150 dixit
1007 1095 1026 1164 (
1045 1093 1206 1162 Prior.
1238 1093 1306 1146 ad
1349 1103 1530 1164 quiest.
1559 1091 1610 1146 in
1653 1087 1936 1160 Gcnesim).

333 1192 546 1248 Placuit
579 1191 630 1245 in
682 1191 838 1246 lance
877 1189 982 1244 ltoc
1007 1199 1250 1244 nostrum
1281 1187 1586 1258 appendere
1615 1205 1628 1240 :
1663 1186 1936 1241 inventum

335 1283 856 1356 estquatuordccim
889 1281 1088 1354 pondo.
1119 1279 1312 1350 Liquet
1337 1281 1499 1335 etiam
1543 1295 1608 1335 ex
1638 1287 1940 1334 memorato

339 1375 651 1447 Hieronymi
685 1375 808 1430 loco
841 1374 954 1444 jam
1005 1383 1132 1428 tunc
1171 1374 1223 1428 in
1257 1373 1542 1444 purpureis
1589 1371 1941 1436 membranis,

339 1473 544 1536 aureis,
571 1478 730 1536 atque
757 1466 1030 1535 argenteis
1059 1465 1252 1520 litteris
1275 1465 1545 1532 descripta
1571 1464 1740 1520 fuisse
1763 1477 1946 1518 exem-

341 1562 514 1632 plaria
543 1602 560 1628 ,
610 1575 730 1616 cum
767 1559 836 1614 ad
889 1559 1254 1614 Ecclesiarum
1303 1573 1438 1629 quas
1493 1568 1620 1612 ante
1673 1559 1944 1628 tetigerat,

339 1671 500 1710 usum
527 1673 542 1708 :
565 1663 676 1708 tum
709 1653 776 1708 ad
817 1653 1148 1724 privatorum
1169 1694 1183 1718 ,
1215 1667 1350 1723 quos
1383 1651 1580 1706 ibidem
1631 1649 1946 1721 redarguit:

345 1749 562 1820 objecta
613 1747 719 1803 illis
767 1747 1164 1816 ntagnilicentia
1211 1746 1483 1812 codicum,
1517 1747 1606 1816 qui
1637 1753 1819 1801 tamen
1849 1744 1949 1799 ιιιί-

2039 629 2251 686 lu-at-ius
2281 645 2532 688 servasse
2563 631 2796 687 videtur.
2827 633 2958 688 Nam
3015 632 3082 698 Χ,
3111 633 3162 686 in
3197 650 3302 701 qtm
3333 633 3644 698 lllattltzeus,

2039 723 2270 791 Marcus,
2301 725 2493 790 Lucas,
2528 726 2766 782 Joannes
2812 725 2952 798 apud
3001 725 3172 794 illum,
3210 726 3296 780 hic
3337 737 3460 794 post
3503 726 3648 781 Mat-

2039 817 2240 874 lli-.cum
2271 821 2536 890 sequitur
2582 820 2846 888 Joannes,
2895 836 3018 874 mox
3067 821 3259 880 Lucas.
3307 835 3372 874 ac
3416 819 3650 874 subinde

2045 909 2288 966 Marcus:
2321 911 2500 968 addita
2532 912 2601 966 ad
2635 912 2791 967 linem
2838 912 3258 982 uniuscujusque
3305 912 3640 982 Epigraplte:

2041 1002 2268 1074 Explicit
2293 1003 2470 1058 Canou
2507 1003 2556 1058 X
2579 1003 2831 1068 Matthcei,
2861 1004 3038 1076 incipit
3083 1003 3261 1059 Canou
3305 1002 3356 1058 X
3381 1003 3652 1067 Joannis;

2041 1097 2246 1168 explicit
2280 1095 2458 1151 Conon
2485 1095 2538 1151 X
2563 1095 2802 1160 Joannis,
2827 1097 3006 1160 incipit
3032 1095 3206 1151 Catton
3230 1095 3280 1150 Χ
3317 1095 3502 1162 Luem;
3547 1111 3652 1150 ex-

2042 1189 2187 1260 plicit
2215 1187 2458 1243 CunanX
2482 1187 2658 1256 Lucro,
2693 1189 2872 1262 incipit
2899 1187 3074 1243 Canon
3105 1187 3156 1242 X
3181 1187 3368 1242 Marci.

2117 1282 2174 1338 ln
2217 1281 2324 1338 line
2353 1285 2578 1338 canonis
2604 1283 2798 1350 octavi,
2837 1283 2888 1336 in
2915 1297 3020 1353 quo
3047 1291 3340 1350 etcteroqm
3370 1278 3658 1335 Mattlneus

2047 1385 2101 1432 et
2125 1375 2362 1432 Joannes
2389 1375 2784 1442 desiderantur,
2821 1391 2994 1446 neque
3025 1373 3322 1436 Ammonii,
3357 1383 3516 1444 atque
3537 1371 3652 1426 Eu-

2052 1468 2185 1524 sebii
2211 1469 2406 1524 seriem
2429 1471 2756 1541 sequebatur
2777 1468 3076 1539 descriptor
3093 1467 3218 1541 (sub
3249 1467 3490 1522 sectione
3507 1465 3654 1521 enim

2049 1577 2314 1618 cccxxxrx
2342 1563 2562 1620 exhibet
2587 1579 2670 1631 ea,
2705 1579 2824 1634 quae
2855 1563 2994 1634 apud
3025 1563 3168 1628 illos,
3197 1572 3250 1618 et
3283 1565 3334 1616 in
3369 1561 3556 1617 codice
3579 1561 3662 1614 le-

2049 1663 2248 1726 guntur
2281 1655 2494 1728 cccsL),
2533 1665 2592 1712 et
2621 1657 2783 1714 Marci
2817 1657 3100 1728 pericopas
3129 1673 3234 1710 non
3265 1655 3404 1710 ultra
3437 1654 3660 1726 trigesi-

2055 1763 2197 1802 mant
2241 1757 2488 1818 quartam
2533 1764 2700 1822 supra
2742 1749 3168 1805 ducentesimam
3221 1731 3487 1820 producit.
3519 1747 3660 1803 Nunt

349 1859 455 1900 nus
491 1853 672 1900 essent
691 1844 888 1899 exacti.
923 1843 990 1898 Et
1017 1842 1248 1898 fortasse
1279 1845 1332 1898 in
1365 1843 1736 1914 hujuscemodi
1765 1859 1950 1912 sump-
1981 1835 2024 1896 Β
2055 1855 2190 1897 vero
2229 1857 2354 1897 cum
2393 1845 2579 1898 codice
2625 1843 2772 1912 paria
2819 1841 2998 1909 faciat,
3051 1844 3314 1898 incertum
3349 1861 3361 1898 :
3410 1851 3662 1898 extrema

347 1938 520 1993 tuosis
542 1937 898 2008 antigrapltis,
923 1937 1094 2008 magis
1125 1952 1282 2006 quant
1325 1937 1378 1991 in
1407 1935 1653 1998 caeteris,
1688 1951 1950 2006 peccave-

347 2031 464 2086 rint
515 2028 826 2101 antiquarii;
877 2028 1022 2098 quod
1076 2029 1257 2099 operis
1301 2043 1572 2083 morosam
1620 2027 1951 2099 diligentiam

353 2122 598 2190 taedium,
636 2137 698 2178 ac
727 2121 1014 2187 lassitudo,
1049 2136 1174 2176 mox
1197 2121 1486 2186 festinatio,
1539 2133 1700 2192 atque
1745 2123 1953 2176 incuria

353 2227 737 2288 sequerentur.
785 2213 920 2271 Cum
965 2215 1237 2285 prmcipue
1266 2214 1540 2270 difficilius
1583 2227 1726 2270 esset
1777 2225 1954 2271 errata

357 2309 686 2379 corrigere:
743 2307 1042 2362 obsistente
1098 2317 1433 2362 caracterum
1482 2307 1862 2378 pulcritudine,
1894 2323 1958 2362 ac

363 2403 800 2458 membranarum
821 2445 836 2467 ,
869 2417 1092 2470 quarum
1129 2401 1340 2472 species
1360 2445 1373 2467 ,
1407 2417 1564 2458 secus
1591 2403 1828 2472 atquein
1863 2417 1960 2472 pu-

375 2497 456 2552 ris
481 2497 720 2558 lituram,
741 2497 1118 2566 spongiamque
1146 2495 1236 2550 vix
1269 2496 1451 2552 ferret.

453 2587 726 2643 Craterum
757 2589 914 2642 etiam
943 2589 1094 2660 longe
1137 2599 1264 2645 ante
1297 2589 1606 2662 Hieronymi
1637 2597 1878 2661 tempora
1909 2589 1960 2643 in

372 2697 477 2736 usu
505 2681 678 2736 fuisse
709 2696 930 2749 operosa
973 2683 1068 2736 ista
1105 2681 1433 2751 exemplaria
1465 2681 1618 2758 testis
1641 2689 1722 2736 est
1751 2681 1966 2751 Capito-

369 2771 514 2828 linus
563 2773 616 2826 in
668 2771 954 2828 Maximino
991 2773 1202 2828 altero:
1235 2773 1358 2838 cui,
1403 2774 1544 2828 inter
1573 2774 1752 2826 omina
1801 2771 1963 2826 futuri

369 2865 610 2935 imperii,
629 2864 732 2919 hoc
758 2865 1020 2920 accidiSse
1049 2865 1143 2926 ait.
1173 2877 1230 2921 ut
1257 2881 1446 2936 puero,
1470 2881 1590 2921 cum
1613 2865 1968 2936 gratnmatico

368 2959 623 3022 daretur,
657 2959 780 3014 libri
831 2960 1098 3016 llomerici
1145 2975 1334 3016 omnes
1369 2961 1644 3030 purpurei,
1677 2961 1854 3014 aureis
1885 2959 1972 3014 lit-

370 3055 506 3110 teris
535 3053 720 3124 scripti
767 3056 994 3124 primum
1049 3054 1476 3125 porrigerentur.
1519 3053 1702 3124 Neque
1749 3053 1970 3108 dubium

373 3155 456 3201 est
477 3146 610 3217 quin
642 3161 760 3201 mos
791 3147 894 3201 iste
923 3147 990 3201 ab
1021 3146 1256 3201 ethnicis
1284 3147 1604 3217 antiquariis
1643 3147 1710 3202 ad
1757 3157 1972 3203 nostros

2057 1937 2203 1992 enim
2236 1937 2288 1992 in
2321 1937 2500 1994 Marco
2533 1939 2766 2008 periere.
2791 1938 3044 1994 Canones
3072 1938 3272 2008 excipit
3293 1937 3538 2008 quaedam
3561 1951 3666 1990 ceu

2060 2027 2331 2098 praefatio,
2367 2045 2488 2099 qua:
2515 2045 2675 2084 ouant
2705 2039 2762 2086 et
2789 2031 3014 2084 alterum
3063 2029 3311 2100 paginam
3343 2030 3548 2100 implet.
3581 2027 3667 2082 En

2059 2129 2229 2194 illam,
2263 2129 2356 2184 tibi
2383 2147 2396 2182 :
2426 2145 2550 2184 nam
2579 2139 2634 2186 et
2665 2132 2717 2186 in
2753 2132 2920 2188 hocce
2948 2131 3138 2188 sabulo
3167 2133 3284 2188 auri
3317 2131 3546 2188 fortasse
3575 2145 3664 2186 ra-

2061 2233 2248 2278 menta
2277 2223 2556 2278 invenient
2582 2225 2806 2281 eruditi.

2133 2314 2357 2369 Sanctus
2387 2313 2576 2370 Petrus
2602 2319 2884 2390 apostolus,
2915 2319 3200 2392 discipulus
3233 2318 3520 2374 Saluatoris
3551 2317 3670 2372 Do—

2063 2407 2190 2462 mini
2217 2409 2375 2462 nostri
2399 2408 2432 2462 Ι
2439 2426 2527 2462 esu
2559 2408 2772 2476 Christi,
2801 2411 3014 2466 edocens
3040 2411 3241 2481 fideles.
3269 2421 3478 2483 prapter
3505 2411 3676 2464 diver-

2001 2573 2008 2578 _
2063 2500 2266 2554 sitatem
2312 2500 2621 2556 adsertionis
2669 2503 2969 2576 linguarum
3013 2507 3252 2560 admonet
3279 2515 3488 2558 cunctos
3528 2515 3582 2558 ut
3618 2505 3674 2558 in

2066 2603 2241 2648 octavo
2265 2594 2396 2649 libro
2418 2594 2692 2650 Clementis
2715 2600 2933 2652 continet
2953 2600 3218 2652 scribtttm.
3244 2599 3434 2654 docens
3447 2600 3542 2654 sic.
3567 2617 3672 2653 au-

2067 2689 2174 2743 dite
2197 2706 2278 2743 me
2303 2692 2533 2744 conservi
2561 2691 2898 2746 dilectissimi.
2934 2693 3124 2747 bonum
3145 2701 3220 2746 est
3241 2703 3294 2746 ut
3323 2695 3676 2764 unusquisque

2068 2791 2290 2836 vestrum
2333 2783 2634 2846 secundum,
2668 2785 2806 2852 quod
2837 2793 2995 2854 potest
3024 2785 3186 2856 prosit
3221 2785 3576 2838 accedentibus
3605 2784 3676 2838 ad

2071 2875 2226 2946 ﬁdem
2253 2875 2518 2948 religionis
2553 2885 2764 2930 nostrae.
2811 2887 2857 2931 et
2897 2876 3013 2930 ideo
3041 2894 3142 2930 non
3168 2893 3254 2932 vos
3293 2878 3464 2950 pigeat
3491 2891 3680 2930 secun-

2073 2969 2196 3021 dum
2221 2967 2528 3039 sapientiam
2555 2983 2670 3032 qua:
2698 2969 2836 3022 vobis
2859 2985 2950 3042 per
2986 2969 3038 3022 di
3065 2969 3438 3040 providentiam
3467 2967 3678 3022 conlata

2075 3069 2172 3127 est,
2195 3059 2498 3113 disserentes
2521 3059 2794 3116 instruere.
2817 3061 3025 3132 ignaros
3051 3059 3284 3118 edocere.
3309 3061 3382 3114 ita
3407 3070 3596 3114 tamen.
3623 3067 3681 3114 ut

2077 3152 2157 3206 Itis
2173 3167 2288 3221 quae
2313 3167 2344 3204 a
2365 3167 2444 3205 me
2468 3151 2686 3208 audistis
2711 3162 2760 3206 et
2790 3153 2976 3206 tradita
2998 3163 3114 3206 sunt
3141 3151 3279 3206 vobis
3307 3151 3458 3206 vestri
3481 3159 3681 3206 tantum

375 3239 696 3294 manaverit.
724 3239 842 3306 Quo
876 3251 1139 3310 tempore,
1173 3239 1458 3295 incertum.
1491 3241 1624 3294 Puto
1657 3253 1834 3296 tamen
1865 3257 1970 3296 non
1999 3233 2044 3294 C
2077 3247 2324 3302 sermonis
2363 3247 2702 3316 eloquentiam
2746 3250 2968 3303 societis.
2999 3265 3086 3302 nec
3109 3247 3306 3319 aliquid
3337 3248 3602 3321 praprium
3633 3255 3683 3302 et

377 3331 574 3404 primo,
603 3332 832 3386 fortasse
857 3347 959 3388 nec
995 3333 1174 3388 medio
1199 3333 1370 3386 altero
1410 3334 1609 3388 saeculo
1639 3347 1654 3384 :
1681 3347 1804 3388 eum
1835 3349 1966 3402 pau-

377 3439 480 3496 per
508 3423 714 3488 adltuc,
773 3434 826 3480 et
873 3426 1106 3495 antiqua:
1141 3425 1501 3494 simplicitatis
1533 3433 1687 3480 lenas
1739 3425 1977 3480 Ecclesia

378 3527 550 3571 esset.
579 3515 686 3572 Sed
715 3527 826 3570 tum
853 3517 1096 3582 dentunt,
1125 3531 1246 3571 cum
1279 3517 1457 3586 longe,
1502 3515 1718 3586 lateque
1761 3515 1978 3584 (lill'usa,

381 3607 783 3664 Conﬂuentibus
813 3611 878 3662 ad
908 3609 1026 3679 eius
1057 3610 1233 3664 sinum
1259 3625 1362 3662 non
1393 3609 1594 3679 p0pulo
1626 3617 1853 3676 tantum,
1886 3611 1982 3665 sed

385 3701 725 3772 principibus
778 3702 931 3769 viris,
987 3702 1348 3773 ﬂuminisque,
1381 3702 1658 3758 abundare
1707 3703 1981 3773 cmpisset.

391 3793 573 3860 Longe
607 3811 740 3850 vero
761 3796 1016 3865 amplius,
1053 3795 1258 3850 reddita
1299 3798 1401 3852 sub
1431 3796 1786 3850 Constantino
1831 3811 1984 3866 pace,

391 3889 670 3960 auctisque
695 3889 918 3944 divitiis.
942 3890 1078 3944 Tum
1107 3891 1278 3960 ipsius
1309 3889 1582 3959 exetnplo,
1613 3889 1725 3959 qui,
1775 3899 1832 3944 ιιι
1862 3905 1984 3944 ηιοκ

389 3983 714 4051 videbinms,
737 3985 953 4038 codices
989 3999 1176 4039 sacros
1213 3999 1242 4037 a
1287 3983 1628 4054 peritissimis
1671 3983 1990 4054 antiquariis

391 4077 655 4142 describi,
679 4081 970 4148 ornarique
993 4077 1173 4147 jussit.
1207 4077 1568 4142 lmitantibus,
1595 4087 1650 4130 ut
1681 4077 1794 4132 ﬁeri
1821 4087 1987 4144 amat,

391 4170 656 4241 principis
693 4187 878 4226 curam
922 4171 1140 4242 privatis
1169 4213 1185 4238 ,
1219 4185 1341 4226 mox
1386 4169 1548 4225 etiam
1579 4169 1900 4239 augentibus
1937 4173 1990 4226 in

394 4263 598 4329 majus.

2083 3341 2220 3410 quod
2259 3341 2400 3396 vobis
2426 3358 2528 3396 non
2551 3351 2626 3396 est
2653 3341 2902 3412 traditum
2931 3342 3328 3415 proloquamini.
3375 3341 3577 3396 etiamsi
3598 3357 3689 3396 vo-

2087 3434 2163 3488 bis
2192 3435 2464 3490 verisimile
2485 3435 2736 3492 videatur.
2764 3439 2853 3490 sed
2875 3447 2928 3490 ut
2956 3437 3064 3491 dixi
3103 3447 3228 3506 qucc‘
3247 3437 3354 3508 ipse
3377 3455 3408 3490 a
3431 3451 3546 3490 vero
3567 3451 3689 3504 pro-

2085 3527 2238 3597 pheta
2281 3537 2516 3599 suscepta
2562 3529 2702 3583 vobis
2729 3529 2920 3582 tradidi
2945 3529 3330 3602 prosequimini.
3379 3528 3472 3583 etsi
3511 3528 3686 3582 minus

2085 3617 2252 3690 plena:
2271 3617 2580 3672 adsertionis
2609 3637 2717 3674 esse
2735 3619 3038 3674 videbuntur
3059 3629 3103 3674 ct
3133 3621 3247 3674 ideo
3275 3637 3337 3673 ne
3359 3621 3412 3674 in
3433 3621 3690 3692 interpre-

2087 3711 2361 3764 tationibus
2405 3711 2698 3784 linguarum
2729 3712 3008 3766 secundum
3053 3725 3167 3777 qua:
3213 3711 3268 3764 in
3297 3710 3542 3764 interiora
3573 3709 3694 3764 libri

2088 3801 2440 3854 ostenduntur.
2490 3803 2674 3874 legenti
2705 3803 2956 3856 videatur.
3002 3801 3149 3855 aliud
3187 3801 3242 3854 in
3271 3815 3438 3872 gra'ca
3485 3801 3685 3872 lingua.

2091 3893 2238 3946 aliud
2265 3894 2321 3947 in
2347 3893 2510 3946 latina
2536 3895 2616 3948 vel
2651 3895 2838 3966 gotica,
2869 3895 3134 3966 designata
3159 3908 3267 3947 esse
3287 3892 3593 3946 consctibta.
3625 3891 3694 3945 il—

2093 3983 2186 4040 lud
2216 3983 2444 4040 advertat
2472 3985 2606 4056 quis.
2631 3983 2766 4055 quod
2808 3985 2851 4038 si
2877 4001 2969 4054 pro
2999 3983 3276 4056 disciplina
3301 3985 3476 4056 lingua
3495 3983 3692 4036 discre—

2099 4077 2366 4146 potionem
2387 4077 2630 4133 ostendit.
2645 4079 2714 4131 ad
2741 4095 2892 4133 unum
2915 4087 3084 4132 tamen
3111 4077 3440 4132 intentionem
3465 4093 3692 4131 concur-

2095 4169 2184 4224 rit.
2218 4185 2376 4241 quare
2415 4169 2590 4224 nullus
2636 4169 2819 4224 exinde
2858 4171 3076 4224 titubare
3118 4169 3264 4222 debet
3307 4167 3373 4224 de
3413 4169 3551 4240 quod
3579 4169 3696 4237 ipsa

2101 4265 2388 4318 auctoritas
2417 4265 2712 4336 manifestat
2741 4265 3022 4320 secundum
3051 4265 3330 4318 intentione
3369 4263 3557 4336 lingua:
3581 4279 3704 4334 pro-

473 4355 784 4426 Evangeliis
811 4357 1015 4427 proditi
1061 4366 1188 4413 sunt
1219 4372 1458 4412 canones
1488 4357 1733 4413 Eusebii:
1767 4372 1994 4429 quorum
2099 4366 2212 4431 pter
2240 4357 2604 4412 declinationes
2629 4374 2786 4413 sonus
2807 4365 2944 4412 vocis
2967 4357 3196 4430 diligenti
3221 4357 3543 4428 perceptione
3581 4363 3699 4408 sta—

395 4461 582 4506 tanu-n
614 4452 768 4520 primi
793 4462 1038 4522 quatuor,
1055 4463 1111 4508 ct
1132 4453 1649 4522 septimusomninn,
1671 4454 1846 4508 octavi
1869 4467 2000 4508 tero

395 4557 536 4617 pars
581 4543 814 4597 maxima
860 4543 1090 4612 periere.
1125 4543 1448 4598 Litterarum
1489 4555 1780 4610 structura,
1814 4559 1876 4600 ac
1915 4557 2003 4600 se-

2103 4460 2212 4506 tttta
2260 4459 2396 4506 sunt.
2453 4459 2506 4504 ut
2555 4451 2607 4504 in
2649 4449 3063 4519 subsequentibus
3101 4447 3388 4502 conscribta
3439 4446 3702 4518 leguntur.

2111 4547 2220 4600 lucc
2265 4561 2346 4600 res
2389 4544 2506 4616 fecit
2530 4545 2802 4616 probanter
2829 4541 3113 4614 publicare.
3159 4551 3364 4612 propter
3390 4537 3588 4609 aliquos
3618 4538 3708 4606 qui

399 4639 516 4694 ries
547 4637 732 4692 eadem
767 4637 958 4700 ferme.
1003 4647 1164 4708 atque
1207 4638 1261 4692 in
1315 4637 1656 4708 l-Ivangcliis:
1708 4637 1810 4692 nisi
1865 4637 2008 4708 quod
2037 4631 2087 4691 D
2115 4639 2250 4710 falsa
2280 4635 2572 4690 adsertione
2615 4635 2896 4688 secundum
2923 4632 3198 4686 volumtate
3239 4648 3334 4684 sua
3360 4629 3626 4686 mendacia
3653 4629 3712 4684 in

401 4733 650 4790 minores
675 4743 823 4799 sunt,
850 4733 1032 4799 rudes,
1062 4733 1338 4803 impolitus,
1365 4731 1680 4801 intequales,
1711 4731 2001 4802 multisque

405 4830 464 4884 in
499 4827 632 4882 locis
660 4829 785 4892 situ,
815 4841 878 4881 ac
917 4835 1185 4882 vetustate
1229 4826 1460 4880 detritm.
1503 4825 1740 4894 Argento
1769 4826 1894 4880 olim
1922 4825 2004 4880 in-

407 4921 707 4977 luminatas
751 4921 916 4975 fuisse
956 4919 1152 4974 alicubi
1194 4927 1438 4990 apparet.
1485 4917 1645 4974 Levis
1671 4917 1814 4974 enim
1845 4919 2006 4974 litura

407 5023 476 5071 ut
515 5014 802 5084 plurimum
853 5014 1156 5069 intercidit:
1204 5014 1324 5069 solo
1369 5021 1672 5068 atramento
1703 5011 2010 5083 ferrugineo

409 5105 776 5179 prominente.
815 5107 1140 5162 Metnbranm
1183 5107 1316 5176 ipsa:
1356 5107 1592 5170 mutilte,
1622 5105 1873 5168 cariosae,
1897 5104 2016 5160 via-

411 5201 574 5257 laceo
601 5199 696 5254 sed
723 5199 1028 5255 obscuriori
1066 5199 1252 5254 colore
1281 5197 1631 5254 deformatze:
1668 5207 1726 5252 ut
1751 5196 1924 5253 facilis
1947 5197 2019 5253 sit

409 5291 751 5363 conjectura,
803 5305 1040 5348 canones
1079 5291 1216 5347 istos
1250 5301 1461 5347 vetusto
1485 5291 1636 5355 olim,
1662 5300 1824 5360 atque
1852 5304 2020 5346 exeso

410 5385 594 5443 codici
623 5387 886 5451 adnexos,
916 5385 1261 5454 postmodum
1291 5385 1520 5454 alicujus
1551 5399 1713 5453 Opera
1744 5384 1867 5439 lmic
1895 5397 2024 5438 nos-

415 5489 510 5535 tro
539 5478 863 5533 accessisse.
895 5477 1048 5544 Quod
1093 5476 1152 5530 ﬁt
1183 5477 1340 5547 longe
1385 5475 1696 5532 evidentius
1741 5491 1773 5531 e
1802 5485 2021 5546 quater-

416 5571 650 5630 niontuu
683 5579 834 5626 nota.
869 5565 1003 5623 Cum
1035 5569 1180 5624 enim
1217 5577 1424 5639 septem
1457 5568 1902 5638 quaterbionibus
1931 5581 2026 5622 ca-

417 5681 596 5723 nones
621 5663 1020 5732 compleantur,
1049 5662 1094 5716 si
1124 5663 1248 5716 aliut
1277 5677 1398 5717 cum
1426 5661 1614 5716 codice
1643 5661 1742 5714 hoc
1773 5658 2030 5727 descripti

417 5761 680 5821 fuissent,
711 5755 848 5826 jam,
895 5755 986 5825 qui
1033 5753 1240 5825 primus
1287 5753 1340 5808 in
1387 5753 1639 5808 Mattiaco
1679 5761 1778 5816 est,
1811 5763 2034 5806 octavus

417 5869 546 5911 esse
569 5850 862 5905 debuerat.

2109 4733 2220 4802 lege
2261 4731 2338 4784 vel
2381 4731 2432 4784 in
2461 4729 2734 4800 evangeliis
2779 4745 2868 4798 per
2897 4726 3361 4799 interpretationem
3385 4722 3594 4793 propria
3619 4737 3715 4793 po-

2110 4835 2342 4880 suerunt.
2374 4839 2532 4890 quare
2580 4823 2674 4877 illa
2717 4821 3032 4876 declinantes
3075 4818 3370 4889 ha'cposita
3405 4825 3546 4870 sunt.
3598 4829 3716 4885 qua!

2113 4915 2388 4985 antiquitas
2415 4915 2542 4985 legis
2585 4913 2640 4966 in
2667 4911 2818 4967 dictis
2867 4927 3146 4984 gra'corum
3175 4905 3421 4962 contineri
3449 4893 3718 4962 inveniun-

2119 5019 2224 5075 tur,
2266 5017 2310 5062 et
2335 5009 2474 5080 ipsas
2520 5007 2852 5078 ttgmologias
2901 5005 3192 5076 linguarum
3235 5001 3586 5056 convenientes
3622 4999 3722 5054 sibi

2119 5101 2454 5158 conscribtas.
2486 5101 2553 5154 ad
2581 5117 2736 5154 unum
2767 5113 2972 5152 sensum
3016 5109 3317 5148 concurrere
3367 5093 3720 5148 demonstran-

2125 5207 2230 5250 tur.
2257 5212 2376 5250 natn
2388 5203 2434 5248 et
2445 5211 2506 5250 ea
2531 5194 2762 5248 convenit
2788 5188 3032 5244 indicare.
3051 5205 3144 5259 pro
3155 5187 3290 5258 quod
3309 5186 3362 5241 in
3382 5187 3487 5240 vult
3509 5183 3724 5239 haberes

2128 5293 2270 5361 factu
2309 5298 2404 5342 est.
2452 5287 2614 5342 latina
2651 5301 2768 5339 vero
2817 5281 3017 5354 lingua.
3062 5281 3329 5334 aduotatio
3373 5279 3721 5352 signiﬁcatur.

2125 5399 2283 5456 quare
2311 5382 2365 5435 in
2385 5381 2606 5454 positam
2645 5387 2718 5431 est
2757 5375 2964 5446 agnosci
2999 5373 3158 5446 possit
3185 5372 3270 5426 ubi
3300 5371 3485 5426 littera.
3519 5387 3598 5442 gr.
3629 5384 3721 5424 stt-

2129 5475 2330 5549 pervult
2377 5475 2563 5528 habere
2607 5470 2878 5523 invenitur.
2911 5468 3036 5522 sciat
3077 5467 3165 5536 qui
3213 5465 3334 5536 legit
3368 5457 3586 5534 quodin
3615 5462 3728 5533 ipso

2135 5571 2240 5624 rult
2289 5567 2472 5621 habere
2511 5561 2792 5618 secundum
2821 5564 2956 5634 quod
2985 5576 3182 5634 graecus
3213 5557 3434 5612 continet
3482 5555 3728 5610 scribtum

2135 5671 2230 5716 est.
2261 5660 2348 5712 ubi
2377 5673 2494 5711 vero
2523 5657 2714 5711 littera.
2744 5658 2814 5710 la.
2843 5656 3104 5715 superauit
3140 5651 3324 5704 habere
3353 5647 3624 5702 invenitur.
3651 5662 3734 5702 se-

2141 5750 2366 5804 cundum
2409 5749 2568 5802 latina
2629 5749 2808 5818 lingua
2835 5749 2888 5800 in
2915 5747 3018 5799 rult
3049 5745 3231 5796 habere
3273 5753 3532 5794 ostensum
3573 5746 3645 5792 est
3685 5747 3736 5792 et

2145 5843 2260 5895 ideo
2291 5843 2388 5892 ista
2429 5841 2695 5893 instructio
2735 5840 3083 5892 demonstrata
3129 5845 3225 5887 est.
3270 5849 3332 5886 ne
3363 5833 3580 5902 l.--gentes
3611 5830 3748 5899 ipsos
