3976 6338
369 392 437 449 to
1741 382 2283 446 PROLEGOMBNA.
3610 389 3692 461 ει)
3765 368 3787 383 ‘

359 511 467 566 uult
518 510 730 567 haberes
776 526 877 567 non
928 509 1265 584 perciperent.
1313 524 1407 582 pro
1452 522 1553 580 qua
1582 505 1784 583 ratione
1812 503 1969 577 positi
1994 508 2047 569 Α
2072 500 2409 574 geminisque
2424 497 2705 567 distincto,
2732 498 3001 559 contectis
3018 503 3692 575 supervadebant,“

358 615 482 662 sunt
505 608 594 662 sed
614 605 870 677 quod

433 700 747 756 Caractcres
795 697 1000 754 mulin
1049 695 1207 773 hujus
1250 693 1538 767 rapsodite,
1581 707 1742 766 quam
1775 691 1968 749 barba—

362 809 508 860 rum,
567 801 731 863 atque
780 790 968 847 infelix
1016 790 1276 845 saeculum
1319 788 1532 858 extulit,
1587 802 1762 860 neque
1815 785 1963 854 illos,

359 888 557 959 quibus
587 901 826 941 canones
854 883 1116 954 descripti
1144 892 1301 951 sunt,
1323 897 1518 954 neque,
1551 882 1642 954 qui
1669 882 1722 937 in
1752 879 1961 943 codice.

357 986 775 1050 reprmseutant.
828 978 963 1033 Nam
995 985 1049 1032 et
1080 979 1318 1032 minores
1364 974 1502 1042 istis,
1550 984 1605 1030 et
1652 973 1759 1035 illis
1801 970 1965 1043 paulo

356 1073 593 1143 majores
625 1073 901 1142 usurpavit
942 1069 1139 1126 bardus
1170 1068 1281 1134 ille,
1313 1070 1643 1140 quicumque
1665 1067 1711 1124 is
1739 1066 1962 1129 domum

360 1164 524 1221 fuerit
550 1164 876 1234 descriptor.
906 1163 1227 1234 Paginarum
1252 1160 1414 1219 linea:
1440 1161 1583 1233 stylo
1601 1158 1825 1241 quidem
1841 1166 1971 1217 sunt

359 1259 558 1326 ductm,
588 1258 684 1315 sed
713 1264 887 1329 neque
915 1255 1193 1328 profundae
1219 1265 1273 1309 ιιι
1298 1255 1349 1310 in
1380 1262 1557 1321 textu,
1586 1263 1642 1311 et
1670 1255 1841 1325 magis
1869 1268 1964 1311 co-

356 1351 650 1409 haerentes.
688 1352 763 1405 Ex
798 1367 906 1421 quo
936 1349 995 1406 lit
1020 1360 1077 1405 ut
1098 1391 1113 1416 ,
1143 1349 1269 1406 licet
1297 1348 1486 1420 viginti
1521 1357 1727 1407 tantum
1755 1348 1964 1419 singula

363 1447 554 1519 quavis
597 1445 730 1500 facie
751 1444 861 1500 sint
889 1443 1084 1511 ductas,
1117 1458 1223 1499 non
1250 1457 1412 1499 secus
1441 1457 1507 1499 ac
1528 1442 1580 1498 itt
1614 1442 1962 1514 Evangeliis;

362 1540 518 1596 frons
570 1548 773 1605 tamen,
806 1548 863 1595 et
892 1538 1081 1605 latera,
1128 1536 1391 1604 limhique
1434 1522 1596 1593 latius
1649 1545 1963 1595 excurrant.

370 1633 524 1689 lianc
553 1650 583 1689 a
612 1632 919 1703 sequiorqu
951 1639 1251 1701 temporum
1294 1629 1459 1695 lanio,
1486 1630 1578 1701 qui
1615 1628 1859 1689 codicem
1889 1626 1975 1687 fa—A

260 1716 264 1719 ’
368 1728 652 1784 tiscentem
699 1725 975 1790 resarciit,
1025 1724 1112 1783 hic
1156 1723 1424 1790 adsutam,
1454 1739 1578 1780 cum
1609 1723 1962 1792 membranae.

364 1831 478 1878 tum
521 1821 672 1877 locus
723 1820 840 1890 ipse
884 1819 1015 1876 satis
1042 1818 1321 1875 evincunt.
1363 1818 1497 1874 Suta
1526 1817 1670 1874 enim
1709 1827 1795 1877 est
1824 1818 1967 1875 inter

2071 590 2474 663 pingebantqne
2499 589 2730 647 librarii.
2764 589 3052 665 Verbaque
3091 592 3316 663 Eusebii
3341 597 3423 654 sic
3446 611 3575 657 esse
3596 601 3692 658 ia-

2070 684 2359 757 tcliigenda
2394 699 2521 741 cum
2548 694 2729 741 textus
2756 684 2898 756 ipse,
2927 697 3040 742 tum
3068 687 3161 745 illa
3188 691 3486 758 πολυτιλῶς
3512 699 3690 757 ἀπα.

2068 781 2214 853 μένα.
2245 794 2368 849 quae
2390 780 2443 837 in
2473 778 2811 839 ternionibus
2834 779 3014 838 locum
3042 781 3248 843 habere
3273 800 3381 843 nou
3398 796 3684 859 poterant,

2068 871 2300 929 suadere
2326 872 2601 930 videntur.

2142 964 2201 1023 ιη
2251 966 2429 1024 fronte
2455 967 2747 1039 cujuslibet
2781 969 3062 1042 Evangelii
3107 970 3307 1043 legitur
3355 974 3683 1034 intumus:

2069 1060 2480 1123 cbaracteribus
2508 1078 2709 1129 nomen
2736 1064 2995 1132 auctoris,
3015 1064 3159 1137 quod
3187 1074 3368 1125 tamen
3399 1083 3509 1127 non
3524 1068 3687 1129 initio

2075 1155 2280 1224 solum,
2308 1155 2406 1214 sed
2440 1157 2773 1229 procedente
2816 1167 2964 1219 textu
2992 1161 3221 1221 alternis
3244 1162 3454 1235 paginis
3492 1181 3684 1224 serva-

2081 1258 2196 1307 tum
2216 1259 2302 1306 est
2327 1250 2433 1316 ita,
2471 1260 2529 1306 ut
2559 1253 2613 1309 in
2638 1267 2828 1310 earum
2858 1254 3086 1324 quavis,
3125 1270 3318 1315 aversa
3348 1258 3595 1328 scilicet.
3622 1271 3686 1319 at

2068 1342 2296 1399 adversa
2342 1342 2482 1400 tituli
2514 1354 2723 1415 partem
2772 1346 3017 1418 legentes
3059 1347 3378 1417 claudant,
3427 1353 3684 1425 apposita

2068 1434 2420 1507 Epigraphe:
2462 1436 2768 1499 Secundum
2797 1437 3142 1511 Haut-leum.
3170 1442 3458 1500 mundum
3498 1444 3676 1509 Jou-

2070 1544 2206 1596 netn,
2228 1537 2337 1585 etc.

2144 1620 2300 1689 Quod
2322 1620 2377 1679 in
2402 1622 2705 1681 canonibus
2736 1624 2911 1685 codici
2959 1625 3166 1686 adsutia
3204 1628 3631 1690 obaembamaa
3656 1662 3677 1700 -,

2069 1729 2270 1787 nempe
2298 1717 2489 1785 aliter,
2529 1729 2693 1791 atque
2735 1718 2795 1777 in
2830 1717 3154 1777 Eusebianis
3197 1719 3459 1793 disposita
3506 1722 3686 1782 faiaao

2073 1808 2362 1882 Evangelia
2380 1852 2398 1881 ,
2443 1814 2548 1869 hoc
2575 1812 2752 1885 ipsum
2782 1814 2837 1871 in
2865 1822 3125 1873 contextu
3166 1818 3440 1877 servatum
3468 1815 3679 1877 videas.

363 1914 501 1971 duas
530 1914 665 1969 alias
696 1927 993 1985 purpureas
1021 1910 1296 1982 equidem,
1328 1910 1425 1966 sed
1449 1925 1678 1982 quarum
1702 1909 1876 1977 color,
1908 1918 1970 1967 ut
1999 1908 2045 1970 Β
2071 1902 2327 1963 Mallltmo
2357 1904 2614 1976 primum,
2640 1920 2769 1962 mox
2792 1906 3003 1964 Joanne
3024 1947 3043 1976 ,
3074 1914 3189 1965 tum
3215 1907 3359 1969 Luca
3385 1951 3402 1979 ,
3432 1924 3498 1967 ac
3517 1909 3685 1969 dein-

365 2023 564 2064 reccns
584 2049 599 2071 ,
634 2022 695 2062 ac
728 1994 1010 2078 propterea
1043 2005 1275 2069 vividus,
1308 2005 1387 2059 sic
1417 2004 1618 2071 tenuis,
1643 2015 1805 2074 atque
1830 2002 1973 2060 dilu-

358 2111 468 2167 tus,
494 2101 652 2159 aliter
675 2111 837 2172 atque
866 2099 921 2159 iu
963 2098 1170 2156 codice.
1198 2097 1469 2159 Prmterea
1498 2096 1658 2153 nudae
1683 2104 1833 2166 sunt,
1864 2112 1969 2153 ne-

360 2211 469 2266 que
500 2195 655 2249 lineis
693 2196 759 2249 ad
799 2208 936 2263 epus
966 2202 1192 2264 paratae.
1234 2190 1292 2247 In
1322 2192 1620 2258 anteriore,
1653 2205 1818 2262 quam
1850 2204 1970 2249 sur-

362 2304 485 2344 sum
515 2302 734 2345 vorsum
765 2297 949 2343 sector
982 2287 1074 2343 iile
1102 2285 1394 2357 disposuit,
1430 2286 1546 2345 hate
1572 2285 1855 2358 leguntur,
1881 2283 1970 2341 lit-

363 2381 496 2437 teris
525 2396 686 2452 quam
736 2381 787 2436 in
831 2379 1247 2452 pra-fatiuncula
1276 2378 1594 2448 majoribus.
1639 2387 1694 2434 ct
1721 2377 1790 2435 ad
1818 2376 1969 2434 codi-

364 2474 445 2530 cis
470 2476 705 2544 specicm
737 2473 930 2528 el‘lictis
954 2491 966 2526 :
1011 2470 1141 2527 Velit
1170 2472 1332 2527 lector
1358 2472 1590 2529 videatur
1619 2472 1855 2529 recitare.
1904 2471 1966 2530 In

362 2567 667 2637 posteriore
697 2581 848 2632 vero,
874 2574 1165 2636 utcumque
1191 2577 1489 2636 appareant
1514 2565 1811 2623 litterarum
1839 2581 1968 2623 ves-

360 2658 514 2729 tigia,
549 2645 642 2717 eas
672 2666 849 2714 tamen
899 2658 977 2713 ita
1007 2658 1231 2730 spongia
1277 2658 1479 2714 delevit
1510 2668 1569 2714 ut
1593 2656 1726 2715 nihil
1752 2659 1969 2730 penitus

360 2756 477 2817 erui
504 2754 690 2823 possit.
721 2752 989 2822 Quorsum
1017 2768 1168 2821 vero,
1212 2762 1303 2808 aut
1331 2752 1474 2809 unde
1502 2750 1695 2811 lacinia
1728 2752 1828 2813 ista
1859 2752 1967 2810 huc

361 2844 672 2916 irrepserit,
706 2844 939 2903 viderint
968 2845 1164 2916 quibus
1190 2853 1365 2901 vacat.
1397 2843 1531 2903 illud
1554 2853 1638 2905 est
1667 2844 1963 2903 observato

369 2939 590 3011 dignum
630 2942 742 3010 jam
785 2948 911 2997 tunc
956 2940 1013 2997 in
1068 2956 1168 2995 usu
1211 2940 1376 2995 luisse
1424 2938 1709 3003 Gothicam
1755 2937 1967 2997 Vuililtc

367 3033 698 3098 versionem,
728 3034 881 3104 cujus
901 3049 1142 3090 semesos
1168 3032 1231 3089 N.
1257 3032 1321 3090 Τ.
1346 3032 1602 3103 reliquias
1628 3048 1822 3104 magno
1848 3048 1971 3104 pos-

365 3126 600 3183 teritatis
625 3126 769 3183 bono
798 3126 969 3183 edidit
1006 3126 1331 3183 Franciscus
1355 3124 1577 3193 Junius,
1609 3125 1660 3182 si
1689 3137 1869 3184 tamen
1898 3125 1966 3184 de

365 3236 428 3279 ea
463 3222 700 3294 loquitur
730 3222 1138 3283 cousarcinator
1168 3223 1293 3280 iste.

2073 2010 2204 2068 cepa
2231 1996 2414 2054 Marco
2436 1997 2875 2068 procedentibus,
2903 2015 3006 2073 qua
3027 1999 3100 2058 de
3125 2016 3207 2065 re,
3240 2011 3427 2074 utpote
3449 2003 3677 2076 insigni,

2074 2103 2271 2161 neque,
2299 2088 2445 2158 quod
2475 2092 2665 2157 sciam,
2696 2091 2829 2151 satis
2860 2091 3140 2165 hucusque
3156 2094 3435 2166 explorata
3454 2136 3474 2164 .
3502 2109 3674 2169 pecta-

2072 2180 2193 2239 liari
2220 2182 2604 2241 observatione
2625 2184 2788 2255 paulo
2809 2182 2983 2241 iusius
3011 2194 3196 2257 postea
3221 2186 3575 2246 disseremus.

2143 2276 2523 2349 Antiquarium
2570 2318 2588 2346 ,
2635 2291 2667 2337 a
2693 2292 2806 2349 quo
2826 2279 3109 2350 exctuplar
3149 2279 3255 2338 hoc
3296 2290 3542 2341 nostrqu
3574 2274 3686 2343 do-

2070 2369 2336 2437 scriptum
2369 2378 2474 2436 est,
2508 2384 2615 2427 non
2642 2370 3012 2443 indiiigenteut
3036 2373 3416 2443 solummodo,
3447 2376 3545 2434 sed
3575 2377 3685 2437 itu-

2073 2462 2329 2534 peritum,
2370 2477 2436 2519 ac
2468 2462 2626 2534 plane
2651 2463 2928 2522 indoctum
2961 2464 3128 2533 tuisse
3166 2467 3477 2539 legentibus
3503 2479 3680 2541 patet.

2073 2554 2300 2627 Adjecta
2340 2555 2566 2630 insuper
2605 2557 2958 2619 vitiosissima
3010 2560 3471 2633 interpunctioue.
3525 2563 3679 2634 Qua-

2072 2660 2291 2719 propter
2334 2649 2479 2707 circa
2507 2664 2574 2709 ea
2617 2659 2860 2722 tempora
2906 2652 3168 2724 scriptum
3218 2662 3386 2726 puto,
3432 2655 3627 2728 quibus
3652 2697 3673 2725 ,

2070 2741 2380 2799 interverso
2419 2751 2497 2798 tot
2532 2754 2841 2801 exterarum
2871 2745 3112 2815 gentium
3153 2746 3540 2819 irruptionibua
3563 2748 3681 2805 Ro-

2068 2851 2233 2894 mano
2257 2834 2575 2893 Occidentis
2600 2837 2850 2908 imperio,
2881 2837 3073 2895 littera:
3093 2838 3225 2910 ipsa:
3248 2840 3317 2897 ad
3337 2841 3674 2912 squalorem,

2071 2930 2481 3002 perniciemque
2510 2930 2745 2988 redactae
2795 2932 3009 2990 fuerant
3042 2950 3056 2988 :
3087 2934 3230 2993 unde
3274 2943 3399 3006 post
3445 2946 3525 2994 tot
3567 2950 3680 2997 ate-

2071 3024 2230 3092 eula,
2281 3024 2579 3081 nitentibus
2610 3025 2861 3085 Italorum
2920 3026 3189 3101 ingeniis,
3237 3028 3455 3089 tandem
3494 3045 3651 3089 ceter

2071 3134 2215 3177 881⁵0.

2145 3212 2300 3282 Quod
2326 3227 2460 3271 vero
2485 3212 2767 3272 codicibus
2793 3214 2921 3281 olim
2947 3214 3195 3275 accidere
3213 3215 3444 3285 solebat,
3477 3231 3678 3289 nempe

435 3316 588 3383 Quod
633 3332 795 3389 supra
845 3318 1189 3384 monuimus,
1232 3317 1575 3374 membranas
1628 3319 1858 3388 scilicet,
1910 3319 1965 3377 in

2077 3305 2140 3369 ab
2163 3306 2427 3378 imperitis
2448 3307 2653 3367 criticis
2683 3316 2745 3365 ut
2772 3323 3056 3380 perperam
3082 3309 3510 3383 corrigerentur,
3539 3311 3668 3370 huic

365 3411 561 3483 quibus
588 3426 823 3469 canones
863 3411 1122 3481 descripti
1170 3420 1328 3478 sunt,
1361 3411 1415 3467 in
1443 3412 1830 3483 quaterniones
1851 3412 1965 3470 dis-

364 3503 596 3560 tributas
643 3502 834 3570 fuisse,
883 3503 984 3559 hoc
1018 3503 1192 3574 ipsum
1239 3503 1289 3561 in
1322 3503 1656 3571 Evangeliis,
1679 3503 1749 3561 de
1771 3506 1967 3576 quibus

364 3610 493 3651 mox
523 3595 628 3651 erit
657 3609 856 3660 sermo,
892 3596 1141 3665 pnestitit
1167 3594 1438 3652 librarius.
1471 3594 1607 3653 Nota
1637 3596 1726 3652 illa
1754 3595 1824 3653 ad
1854 3596 1968 3653 cal-

367 3707 487 3748 cem
531 3707 740 3747 averste
771 3692 1032 3762 cujusque
1062 3699 1268 3747 octava:
1296 3691 1503 3762 pagime
1524 3691 1696 3763 posita
1725 3690 1791 3760 Q.
1827 3690 1866 3746 Ι.
1896 3694 1962 3760 ρ.

359 3785 453 3850 IL,
483 3794 538 3840 ct
566 3787 645 3841 sic
674 3786 953 3857 deinceps,
984 3800 1146 3857 quam
1176 3783 1425 3841 Valesius
1467 3784 1542 3840 ait
1586 3784 1754 3840 fuisse
1786 3793 1968 3840 vetus-

360 3880 590 3936 tissimis
619 3880 897 3935 codicibus
923 3879 1283 3936 familiarem:
1309 3887 1472 3950 atque
1496 3894 1527 3934 a
1560 3880 1740 3948 seipse
1773 3878 1826 3934 in
1856 3893 1961 3935 ms.

363 3973 663 4042 exemplari
683 3970 930 4043 Gregorii
950 3971 1304 4039 Turonensis,
1330 3979 1729 4042 nongentarum
1747 3970 1966 4027 circiter

362 4082 658 4132 annorum,
704 4066 1068 4120 observatam.
1117 4064 1304 4131 Neque
1331 4065 1460 4119 solis
1487 4064 1963 4134 quaternionibus,

360 4159 458 4216 scd
492 4158 672 4214 mixtis
703 4157 996 4214 identidem
1051 4155 1391 4211 tentionibus
1419 4160 1601 4211 vetera
1644 4154 1737 4209 illa
1775 4170 1964 4212 exem-

362 4252 534 4323 plaria
557 4251 867 4306 constitisse
893 4249 1095 4304 indicat
1122 4248 1335 4303 Eusebii
1361 4248 1510 4302 locus
1534 4245 1636 4317 (De
1668 4246 1768 4302 Vit.
1787 4246 1962 4303 Const.

362 4346 455 4403 lib.
504 4361 581 4410 tv,
613 4355 730 4418 cap.
772 4343 899 4414 57),.
918 4346 972 4400 in
1003 4358 1110 4415 quo
1137 4352 1466 4414 praeceptum
1501 4342 1602 4398 sibi
1629 4341 1707 4397 ait
1732 4357 1763 4397 a
1786 4341 1964 4399 Cons-

359 4442 574 4499 tantino
613 4451 670 4495 ut
700 4439 1113 4512 quinquaginta,
1149 4437 1370 4493 codices
1396 4436 1706 4493 divinarum
1732 4437 1966 4509 scriptu-

362 4544 549 4592 rarum
578 4531 634 4587 in
665 4531 995 4587 membranis
1023 4529 1240 4601 egregie
1268 4529 1520 4600 expolitis
1556 4544 1588 4584 a
1620 4528 1964 4599 peritissimis

359 4620 683 4700 antiquariis
724 4625 961 4682 describi
1006 4624 1257 4692 curaret;
1302 4634 1646 4697 paratosque,
1694 4624 1755 4680 ut
1778 4626 1961 4680 statim

2071 3416 2285 3473 quoque
2334 3397 2523 3459 nostro
2574 3401 2628 3459 in
2669 3402 2911 3474 pluribus
2954 3402 3199 3476 contigit.
3246 3403 3367 3463 Non
3420 3404 3673 3476 canitiem

2071 3494 2212 3566 quod
2235 3502 2514 3551 corrector
2537 3494 2652 3564 ille,
2678 3497 3006 3568 quicumque
3036 3496 3084 3554 is
3110 3496 3329 3554 demum
3358 3495 3520 3555 fuerit
3539 3539 3553 3562 ,
3575 3508 3676 3554 aut

2068 3585 2333 3657 adjcccrit
2354 3586 2578 3657 aliquid,
2607 3600 2700 3643 aut
2731 3586 3114 3646 immutaverit.
3145 3587 3251 3646 Sed
3272 3629 3289 3655 ,
3317 3585 3527 3646 abrasis
3546 3605 3675 3661 quae

2070 3683 2268 3740 vitiosa
2305 3683 2598 3751 censebat,
2628 3694 2688 3740 ut
2709 3694 2856 3741 recta
2898 3701 3006 3741 non
3048 3684 3218 3745 semel
3246 3685 3539 3757 pervertit,
3586 3684 3673 3742 sic

2069 3777 2334 3834 mendosa
2379 3776 2604 3848 supinus
2648 3778 2930 3849 prasteriit.
2967 3778 3268 3849 Supersunt
3294 3777 3439 3834 enim
3468 3775 3676 3849 ubique

2067 3870 2374 3929 litterarum
2399 3870 2627 3940 vestigia
2655 3911 2670 3936 ,
2698 3868 2845 3927 unde
2866 3871 3102 3928 nativam
3128 3872 3449 3944 scripturam
3474 3869 3676 3942 depre-

2069 3963 2394 4021 hendamus.
2433 3963 2612 4021 Latini
2643 3966 2807 4021 etiam
2852 3965 3125 4023 sermonis
3173 3966 3418 4036 jejunum
3462 3966 3669 4031 fuisse,

2069 4057 2174 4115 hoc
2208 4072 2373 4113 unum
2405 4057 2548 4114 inter
2573 4066 2775 4114 caetera
2804 4058 3112 4130 exemplum
3146 4067 3267 4116 esto
3289 4101 3306 4125 ,
3336 4056 3481 4130 quod
3511 4057 3674 4114 Lucas

2067 4166 2124 4219 ι,
2153 4149 2248 4219 40,
2278 4150 2519 4207 occurrit
2548 4167 2563 4206 :
2594 4150 2683 4207 ubi
2711 4150 2922 4208 Ilartha
2951 4152 3021 4207 de
3038 4166 3257 4219 sorore,
3292 4166 3418 4223 qua
3442 4150 3588 4208 illam
3614 4149 3672 4207 in

2070 4242 2376 4298 ministerio
2404 4242 2700 4299 domestico
2742 4258 2851 4299 non
2880 4242 3197 4315 adjuvaret,
3228 4250 3525 4316 conquesta
3550 4243 3625 4298 ait
3650 4283 3670 4310 ,

2069 4333 2313 4403 Domine,
2345 4351 2451 4391 non
2478 4343 2552 4392 est
2576 4336 2667 4395 tibi
2700 4351 2842 4392 cum
2867 4336 3007 4406 quod
3036 4348 3185 4392 soror
3209 4350 3325 4393 mea
3353 4335 3561 4407 reliquit
3588 4350 3673 4389 me

2066 4427 2234 4487 solam
2263 4427 2592 4491 ministrare?
2619 4442 2728 4500 quo
2757 4428 2810 4485 in
2836 4427 2959 4485 loco
2984 4428 3353 4486 solmcismum
3386 4427 3594 4485 veritus
3618 4426 3670 4484 si

2065 4537 2206 4580 curat
2240 4522 2603 4593 relinqueret,
2634 4537 2664 4577 e
2694 4520 2911 4581 ﬁnalem
2950 4520 3192 4579 estrivit.
3229 4520 3366 4579 Cum
3420 4534 3549 4579 vero
3571 4534 3672 4580 att-

2066 4614 2234 4672 daces
2279 4630 2472 4675 manus
2518 4616 2571 4671 in
2602 4614 2848 4673 codicem
2891 4614 3242 4681 extenderet,
3289 4613 3358 4670 ad
3385 4611 3669 4685 Vulgatam

358 4705 659 4777 comitante
707 4720 946 4774 Diacono
991 4718 1057 4774 ad
1105 4733 1228 4773 etim
1271 4718 1534 4772 mitteret.
1586 4715 1710 4772 Mox
1755 4715 1960 4781 subdit,
1990 4712 2041 4774 D
2066 4707 2381 4783 Hieronymi
2412 4708 2756 4781 respexisse,
2786 4706 2950 4767 ﬁdem
2976 4706 3136 4776 facit,
3167 4722 3281 4779 pra:
3318 4706 3482 4776 aliis,
3512 4705 3673 4771 mens

358 4816 551 4875 Λύτίκα
591 4814 636 4871 δ’
656 4813 819 4891 ’ἔργον
869 4812 1195 4872 ἃπηκολούθει
1252 4817 1329 4885 τῷ
1378 4806 1530 4882 λόγῳ.
1582 4810 1631 4863 ἐν
1676 4807 1964 4872 πολυτελῶς

2077 4801 2159 4857 ille
2188 4801 2416 4872 insignis
2440 4798 2679 4861 Mattbaei
2701 4815 2772 4866 tt,
2804 4800 2831 4856 i
2861 4815 2876 4858 :
2908 4798 3041 4861 Cum
3080 4816 3203 4874 ergo
3230 4809 3383 4861 natus
3404 4808 3534 4857 crast
3572 4797 3673 4863 Je-

354 4909 663 4985 ﬁaxnpéamg
686 4910 907 4981 τεύχεσι
932 4907 1127 4981 τρισσὰ
1148 4908 1236 4960 καὶ
1276 4905 1546 4981 τετρασσὰ
1566 4900 1963 4977 διαπιμψάντων

2077 4910 2151 4950 ιω
2170 4893 2229 4985 in
2258 4891 2520 4985 Bethleem
2534 4891 2744 4985 dudum
2761 4907 2781 4959 .°
2801 4902 2857 4949 ct
2876 4907 3066 4950 rursus
3088 4893 3124 4950 5
3154 4909 3171 4949 :
3194 4892 3262 4957 At
3290 4892 3373 4949 illi
3392 4892 3664 4960 discrerit,

354 5002 519 5075 ἡμῶν.
566 4983 724 5055 Jussa
767 4998 978 5054 scilicet
1021 4995 1280 5069 principis
1317 5011 1350 5052 e
1384 4995 1614 5067 vestigio
1640 5009 1777 5066 opus
1801 5010 1964 5052 exee-
2060 4985 2118 5041 in
2146 4984 2408 5043 Bethleem
2430 4983 2657 5054 Judaei,
2685 4999 2823 5056 quos
2853 4985 3216 5060 Hieronymus
3245 4986 3300 5047 in
3324 4985 3671 5058 attﬁlﬂphis

351 5097 541 5168 pisse:
573 5095 897 5164 misisseque
944 5107 1004 5148 se
1034 5092 1332 5157 terniones,
1375 5101 1432 5146 et
1480 5089 1864 5159 quaterniones
1903 5088 1957 5145 in
2065 5094 2294 5141 suorum
2327 5090 2634 5151 temporum
2664 5077 2957 5139 mendosos
2982 5078 3336 5145 existimans,
3361 5077 3520 5137 Iuda
3540 5093 3668 5138 res-

352 5187 724 5246 troiuminibus
754 5201 983 5256 operose
1024 5184 1204 5241 cultis.
1238 5182 1297 5239 lu
1327 5181 1524 5255 quibus
1563 5181 1814 5238 Historici
1838 5197 1960 5238 ver-
1994 5251 2001 5259 ο
2063 5172 2304 5233 tituerat.
2333 5170 2471 5235 Nam
2496 5171 2787 5230 subversor
2815 5172 2946 5241 ille,
2990 5183 3051 5229 ut
3093 5171 3382 5233 lectionem
3413 5171 3482 5231 ad
3525 5171 3667 5235 Vul-

351 5281 442 5341 bis
470 5288 624 5352 putat
670 5277 803 5334 inihi
853 5277 935 5333 vir
974 5275 1323 5333 doctissimus
1372 5273 1655 5346 enallagen
1694 5288 1848 5344 esse;
1892 5288 1958 5331 ac
2061 5275 2242 5340 gatam
2286 5266 2561 5338 exigeret.
2591 5265 2948 5339 dipbtongnat
2984 5267 3209 5326 alterum
3248 5264 3537 5338 utrobique
3561 5264 3667 5331 de-

350 5384 646 5447 propterea
675 5369 960 5427 dicendum
993 5369 1161 5426 fuisse
1185 5373 1359 5444 τιύχη
1394 5371 1446 5426 ἕν
1473 5377 1817 5445 rte-patronis,
1846 5384 1955 5426 non

2077 5362 2216 5420 rasit.
2245 5360 2437 5419 Menda
2470 5375 2636 5428 vero,
2665 5377 2787 5434 quas
2816 5362 3109 5434 praeteriit,
3149 5371 3228 5418 tot
3264 5371 3425 5429 sunt,
3464 5368 3525 5417 ut
3567 5375 3666 5418 ra-

347 5480 485 5524 vero
508 5466 777 5541 τετρασσά
804 5465 856 5518 ἓν
877 5463 1122 5536 τεύχεσι.
1149 5462 1245 5518 Ast
1274 5471 1445 5530 recte,
1474 5461 1527 5517 ni
1558 5460 1740 5530 fallor,
1771 5476 1835 5521 se
1861 5461 1949 5516 ha.

2077 5455 2206 5515 iure
2236 5455 2433 5528 pigeat.
2455 5452 2590 5511 Cum
2618 5456 2923 5528 prtesertim
2952 5470 3021 5513 na
3051 5471 3193 5514 unus
3209 5456 3427 5528 quidem
3465 5471 3535 5513 ex
3573 5456 3668 5515 Itis

349 5559 486 5616 bent
522 5559 685 5615 citata
718 5556 934 5612 Eusebii
962 5556 1151 5612 verba.
1194 5557 1374 5629 Τεὺχη
1414 5556 1558 5612 enim
1592 5554 1682 5611 illa
1722 5568 1955 5626 operose
2061 5554 2230 5610 naavis
2257 5553 2607 5623 pulcherrimi
2631 5554 2876 5626 corporis
2902 5552 3042 5609 desit
3070 5552 3127 5608 ita
3150 5551 3481 5625 apograpbo,
3513 5553 3662 5623 quod

348 5652 521 5721 culta,
552 5660 717 5722 atque
747 5659 937 5705 ornata
976 5648 1109 5705 nihil
1135 5649 1378 5720 profecto
1405 5658 1561 5704 erant
1585 5646 1756 5715 aliud,
1788 5661 1952 5718 quam
2055 5646 2126 5704 ad
2153 5654 2206 5703 te
2231 5646 2518 5704 misimus-

344 5742 718 5814 integumenta
747 5742 1017 5808 codicum,
1059 5758 1193 5813 quos
1225 5755 1321 5811 per
1347 5740 1621 5795 terniones
1648 5749 1704 5795 et
1729 5748 1953 5811 quater-
2130 5738 2472 5795 Latinitatem
2498 5739 2645 5813 quod
2682 5746 2894 5812 spectat
2921 5754 2936 5793 :
2959 5744 3075 5793 tum
3116 5737 3170 5793 in
3202 5736 3384 5799 verbis
3418 5734 3659 5793 derata-

348 5834 544 5890 niones
572 5832 641 5888 ab
665 5832 984 5902 antiquariis
1020 5830 1334 5902 dispositos,
1364 5843 1489 5883 mox
1516 5827 1683 5884 sectis
1713 5827 1949 5896 tabellis,
2055 5831 2141 5890 dis
2158 5831 2601 5904 orthographiam
2630 5832 2717 5889 hic
2743 5830 2946 5904 passim
2970 5828 3239 5897 adhiberi,
3262 5844 3384 5902 qua:
3410 5827 3660 5900 primaevi

345 5938 408 5986 ut
436 5927 731 6002 plurimum
775 5928 944 5997 aluta,
989 5925 1311 5998 quandoque
1349 5920 1519 5979 etiam
1564 5922 1762 5991 serico,
1791 5936 1946 5991 auro,
2055 5923 2367 5998 interpretis
2410 5932 2657 5993 aetatem,
2698 5920 3210 5996 simplicitatcmque
3241 5917 3652 5996 praescierant,

134 6102 225 6175 "s
