3976 6338
220 419 289 476 21
1049 416 1264 474 EPIST.
1306 413 1549 470 PlllLlP.
1583 411 1954 476 GARBELLI,
1996 411 2086 468 DE
2127 411 2371 469 CODICE
2412 412 2760 478 BRIXIANO.
3345 435 3350 442 -
3486 410 3560 466 22

229 537 473 593 sentient
495 534 705 591 eruditi
743 535 1007 590 harumce
1034 549 1212 589 rerum
1254 535 1630 587 mstimatores.
1663 527 1849 600 Neque
1877 530 1925 589 Α
1955 528 2195 582 invitatus
2240 545 2331 582 nec
2381 529 2651 583 missarum
2691 528 2878 583 ibidem
2917 527 3259 585 sollemnitate
3298 527 3556 600 quispiam

218 630 366 685 enim
397 643 538 698 opus
571 637 659 683 est
687 635 755 682 ut
783 636 1036 696 excerpta
1074 626 1200 681 inde
1230 624 1556 679 adferamus.

293 721 597 792 Exemplar
628 729 825 775 autem
872 719 977 774 hoc
1005 727 1242 774 nostrum
1281 733 1347 773 ex
1378 715 1713 786 antigrapltis
1745 715 1848 769 illis

220 830 511 880 manasse,
543 830 673 885 qua:
705 829 816 870 non
856 814 1034 869 solum
1073 813 1380 884 Hieronymi
1418 821 1660 880 tempora
1688 850 1703 876 ,
1753 809 1846 864 sed

219 907 417 964 Hilarii
457 906 839 962 Pictaviensis
867 913 1292 974 prmcesserant,
1335 891 1455 957 cum
1501 902 1665 957 facies
1697 902 1808 968 ipsa
1831 943 1846 968 ,

221 1009 337 1056 tum
369 999 474 1054 loci
504 1000 753 1068 aliquot,
788 1011 928 1069 quos
953 1008 1137 1066 postea
1159 996 1494 1051 excutiemus
1521 1037 1536 1060 ,
1579 993 1842 1048 manifes-

223 1093 439 1149 tissime
465 1094 760 1148 evincunt.

298 1187 510 1242 Octavo
551 1167 772 1242 szecnlo
807 1183 1026 1238 labente
1048 1224 1062 1248 ,
1094 1192 1185 1238 aut
1228 1181 1507 1252 sequentis
1543 1180 1700 1236 initio
1746 1179 1849 1233 ltuc

223 1280 511 1346 delatum,
547 1279 681 1334 olim
731 1278 1080 1346 conieceram
1127 1292 1248 1331 cmn
1293 1280 1358 1329 ad
1404 1287 1650 1345 patruum
1700 1285 1850 1330 tuum

231 1374 538 1429 scriberem
575 1390 591 1425 :
633 1371 892 1440 idemque
943 1384 1084 1424 nunc
1132 1370 1326 1424 sentio.
1379 1369 1508 1425 Sive
1549 1367 1852 1439 principum

234 1467 402 1534 dono,
431 1467 526 1538 qui
561 1465 739 1528 tilias,
787 1474 1087 1536 neptesque
1115 1463 1168 1518 in
1200 1463 1557 1517 celeberrimo
1584 1462 1704 1516 loco
1740 1460 1855 1514 Deo

235 1570 354 1630 opt.
395 1574 546 1614 max.
578 1557 1029 1625 despoutlebant,
1063 1571 1158 1610 seu
1192 1570 1262 1610 ex
1301 1554 1660 1609 nobilissimis
1686 1540 1855 1620 virgi-

237 1649 402 1710 nibus
432 1653 616 1724 aliqua
650 1651 783 1706 illud
823 1665 1008 1704 secum
1048 1649 1320 1704 adtulerit.
1355 1648 1466 1704 Nisi
1512 1649 1685 1713 forte,
1715 1644 1856 1716 quod

244 1763 380 1806 vero
406 1749 636 1820 propius
658 1761 785 1801 esse
817 1746 1088 1809 videntur,
1115 1760 1179 1800 ex
1207 1745 1336 1814 ipsis
1369 1743 1627 1798 Desiderii
1651 1785 1667 1810 ,
1699 1751 1860 1812 atque

255 1844 422 1900 Ausa:
449 1840 697 1914 cymeliis
728 1839 1136 1910 depromptum,
1170 1853 1232 1891 ac
1259 1836 1381 1890 filia:
1423 1837 1600 1906 pietati
1637 1849 1862 1890 concre-

1953 631 2214 691 presumat
2241 623 2537 676 omnimodo
2569 622 2844 677 celebrare.
2901 621 2971 677 Ut
3013 621 3181 693 libere,
3218 623 3368 678 liceat
3415 637 3565 676 soro-

1956 717 2100 769 ribus
2131 715 2317 769 ibidem
2345 715 2648 786 degentibus
2685 716 2976 786 regularem
3007 713 3300 769 normulam
3335 715 3558 770 inviola-

1953 809 2120 863 biliter
2148 810 2436 864 observare.
2468 807 2830 864 Sacerdotales
2849 823 2966 862 vero
3003 808 3208 862 ordines
3250 825 3284 863 a
3313 823 3552 880 quocun-

1951 919 2050 972 que
2079 913 2123 955 et
2149 901 2213 956 de
2240 917 2546 973 quacunque
2570 901 2770 956 civitate
2788 902 3031 972 episcopo
3050 901 3307 956 abbatissa
3326 901 3556 956 uoluerit

1951 993 2429 1064 irreprecnsibiliter
2449 993 2730 1048 ordinetur.
2765 992 2826 1048 Si
2856 994 3063 1065 quando
3088 1010 3206 1048 vero
3231 1005 3287 1048 ut
3305 1005 3425 1049 sunt
3451 995 3556 1048 hu-

1953 1085 2094 1139 mani
2124 1087 2324 1157 generis
2357 1102 2506 1140 casus
2533 1085 2787 1141 abbatissa
2809 1085 2996 1160 objerit
3020 1101 3123 1140 non
3145 1086 3360 1140 aliunde
3385 1086 3477 1141 sed
3494 1101 3563 1150 ea:

1955 1177 2132 1232 eadem
2179 1163 2576 1249 congregatione
2621 1178 3011 1250 religiosissime
3062 1176 3309 1233 monacho
3347 1178 3400 1231 in
3445 1179 3559 1233 loco

1956 1270 2197 1340 defuncte
2231 1271 2486 1326 abbatissa
2510 1272 2704 1343 eligant
2731 1287 3096 1327 successorem.
3142 1269 3292 1325 Illud
3321 1270 3556 1325 uidelicet

1958 1363 2203 1416 addentes
2230 1373 2282 1416 ut
2309 1363 2560 1434 quidquid
2589 1363 2778 1420 ibidem
2814 1368 2952 1432 iusto
2991 1364 3172 1419 ordine
3196 1379 3228 1417 a
3257 1377 3559 1434 quocunque

2517 1459 2636 1512 libet
2688 1457 3098 1531 (Supplendunt
3152 1457 3413 1529 Episcopo
3467 1467 3558 1512 aut

1959 1549 2221 1621 qualibet)
2267 1566 2484 1621 persona
2527 1551 2691 1605 inlata
2731 1559 2850 1606 sunt
2895 1566 2984 1608 seu
3014 1550 3203 1620 futuris
3247 1551 3561 1618 temporibus

1961 1643 2154 1714 fuerint
2182 1645 2395 1698 illatura
2421 1645 2526 1699 siue
2565 1661 2627 1700 ea:
2656 1655 2833 1699 nostra
2863 1645 3058 1699 ditione
3075 1659 3164 1700 seu
3190 1659 3253 1698 ex
3285 1644 3564 1715 episcopo-

1961 1753 2078 1793 rum
2101 1747 2393 1796 uostrorum
2415 1739 2708 1794 inmutilata
2733 1741 2900 1794 modis
2939 1738 3175 1795 omnibus
3203 1740 3404 1794 ualeant
3447 1753 3567 1810 per.

1964 1849 2190 1888 manere.
2227 1831 2338 1887 Nec
2381 1833 2480 1888 hoc
2527 1835 2863 1904 pretereundo
2900 1851 3012 1890 esse
3054 1835 3398 1906 conspicimus
3436 1835 3570 1888 itaut

252 1935 427 1991 ditum
450 1976 464 2000 ,
516 1933 656 1988 inter
698 1938 896 1987 caetera
947 1930 1304 2000 spiritualium
1349 1921 1655 1999 nuptiarum
1701 1943 1862 1983 orna-
1892 1925 1940 1985 Β
1967 1925 2223 1980 abbatissa
2246 1942 2344 1996 que
2361 1929 2992 1998 quocunqueintempore
3018 1928 3173 1996 fuerit
3195 1927 3325 1981 nulli
3355 1926 3564 1981 licentia

260 2035 444 2082 menta
477 2026 582 2080 hoc
612 2025 700 2078 illa
733 2023 801 2077 ad
825 2023 940 2087 sui,
964 2023 1321 2092 aliarumque,
1349 2036 1467 2092 qua:
1500 2036 1602 2075 una
1629 2021 1863 2089 despon-

259 2121 534 2177 debautur
558 2161 573 2186 ,
601 2133 778 2183 usum,
813 2118 965 2188 regio
1021 2118 1071 2170 in
1106 2117 1226 2170 loco
1257 2116 1586 2186 deposuerit.
1633 2115 1864 2186 llnjuscc

262 2213 415 2272 modi
466 2227 596 2269 vero
645 2208 870 2268 donaria
918 2209 1141 2264 sacratis
1190 2208 1322 2264 locis
1377 2209 1576 2279 passim
1623 2208 1864 2264 exhibita

269 2323 434 2365 nemo
462 2316 548 2364 est
587 2309 639 2362 in
677 2305 1084 2375 antiquitatibus
1131 2305 1279 2360 hisce
1311 2316 1559 2360 versatus
1591 2305 1679 2374 qui
1714 2306 1862 2375 igno-

272 2401 543 2458 ret.'l‘um
572 2409 913 2471 sumptuosos
953 2399 1116 2455 hosce
1138 2441 1154 2466 ,
1197 2413 1260 2453 ac
1300 2400 1618 2466 magnilicos
1647 2397 1866 2454 codices

281 2495 500 2551 nonnisi
522 2495 795 2559 divitibus,
825 2507 915 2550 aut.
945 2493 1204 2550 Ecclesiis
1236 2495 1414 2564 parari
1439 2494 1629 2547 solitos
1664 2511 1678 2548 :
1705 2507 1866 2562 supc-

292 2598 450 2644 rante
481 2587 802 2659 privatorum
829 2590 1088 2644 fortunam
1134 2587 1408 2657 impendio
1430 2631 1444 2654 ,
1483 2588 1677 2658 quibus
1705 2597 1868 2642 caete-

275 2678 442 2752 roqui
469 2695 739 2754 pauperes
765 2681 992 2749 schedte,
1025 2692 1083 2738 ut
1112 2696 1205 2738 eas
1235 2681 1456 2737 vocabat
1487 2682 1865 2753 Hieronymus,

275 2772 432 2842 satis,
466 2789 738 2845 superque
769 2787 950 2831 essent
980 2777 1192 2831 futurae.
1222 2773 1414 2830 Plures
1443 2789 1572 2850 vero
1608 2776 1661 2828 in
1705 2774 1868 2845 regali

267 2865 632 2934 monasterio,
667 2869 978 2924 viventibus
1015 2868 1192 2923 adhuc
1244 2867 1554 2932 Desiderio,
1598 2877 1650 2922 et
1706 2867 1863 2923 Adel-

267 2961 426 3032 giso,
463 2975 648 3018 sacros
687 2960 901 3017 codices
929 2970 1172 3016 servatos
1224 2961 1390 3016 fuisse
1434 2960 1603 3030 liquet
1638 2975 1702 3015 ex
1743 2974 1871 3030 apo-

268 3054 480 3125 grapbo
534 3056 953 3110 membransceo
1001 3053 1165 3111 bullae
1218 3054 1498 3125 cujusdam
1547 3071 1577 3109 a
1616 3054 1871 3126 Sigoaldo

268 3147 600 3218 Aquileiensi
649 3149 716 3203 ad
764 3149 1135 3220 Ansebergam
1181 3149 1352 3215 datae,
1401 3163 1561 3218 quam
1609 3149 1743 3203 alias
1777 3165 1872 3203 ex-

266 3241 616 3311 scripsimus,
674 3251 730 3299 et
778 3241 833 3297 in
891 3242 1216 3301 Adversaria
1269 3232 1583 3305 retulimus,
1639 3256 1761 3311 qua:
1794 3240 1873 3296 sic

264 3330 430 3388 habet
457 3351 473 3388 :

340 3424 556 3498 Sigualt
584 3444 764 3483 servus
819 3443 1083 3483 seruorum
1131 3427 1344 3483 Domini
1387 3427 1701 3482 Patriarcha
1744 3425 1868 3479 dum

266 3521 445 3574 nostra
481 3521 816 3578 mediocritas
852 3537 918 3577 ea:
958 3521 1375 3592 felicissimorum
1414 3522 1704 3594 principum
1734 3518 1871 3572 desi-

266 3615 397 3670 derii
417 3625 466 3670 et
487 3616 711 3689 adelgisi
736 3633 842 3671 una
861 3633 979 3671 cum
1006 3617 1218 3689 collegis
1246 3617 1436 3672 nostris
1469 3613 1870 3687 religiosissimis

267 3718 319 3764 et
355 3712 704 3767 sanctissimis
734 3713 992 3782 episcOpis
1039 3713 1100 3766 ob
1151 3713 1307 3768 totius
1355 3711 1602 3766 ortodoxe
1645 3709 1873 3764 ecclesite

271 3811 457 3858 statiua
513 3815 758 3876 perventa
795 3807 974 3876 fuisset
1015 3805 1218 3878 singula
1251 3821 1447 3875 queque
1483 3805 1747 3874 superﬂua
1778 3803 1874 3857 deo

272 3901 554 3956 mciliante
579 3902 820 3958 subtilius
850 3904 1074 3958 elimata.
1109 3903 1356 3976 Paposcit
1388 3921 1420 3956 a
1446 3903 1588 3956 nobis
1612 3902 1871 3956 veneratio

270 4002 358 4049 tua
379 3995 678 4051 beatissima
702 3996 982 4069 anseberga
1015 3997 1271 4052 abbatissa
1311 4014 1401 4064 per
1431 3996 1742 4067 prandulum
1774 4010 1870 4048 cu-

267 4087 585 4146 bicularium
621 4091 757 4146 sacri
795 4089 980 4160 palatii
1015 4108 1105 4146 seu
1139 4102 1184 4146 et
1227 4091 1544 4161 prepositum
1579 4088 1875 4142 monasterii

261 4184 424 4237 vestri
447 4191 514 4237 est
539 4183 829 4240 uenerabile
855 4181 1071 4238 eundem
1095 4185 1459 4238 monasterium
1487 4170 1708 4237 oestrum
1736 4180 1875 4251 quod

261 4274 416 4330 situm
443 4284 532 4328 est
554 4275 612 4328 in
633 4276 761 4329 urbe
781 4291 880 4344 que
903 4276 1092 4330 dicitur
1121 4276 1288 4331 brixia
1314 4276 1449 4345 quod
1468 4283 1665 4330 constat
1689 4274 1758 4328 ad
1779 4273 1874 4326 ho-

262 4384 450 4425 norem
502 4369 705 4424 domini
728 4371 1000 4425 salvatoris
1027 4380 1384 4426 constructum
1405 4369 1658 4442 privilegii
1695 4367 1877 4437 infulis

261 4478 300 4518 ι
325 4463 515 4519 uestio
540 4467 796 4534 frueretur
813 4465 1132 4519 auctoritate.
1158 4464 1422 4530 Quatenus
1442 4461 1874 4517 concordantibus

262 4559 418 4613 nobis
449 4559 881 4612 reverentissimis
903 4560 1158 4630 episcopis
1184 4559 1370 4613 nostris
1397 4573 1464 4614 ea:
1490 4557 1749 4612 communi
1775 4556 1867 4610 ad-

262 4666 492 4706 sensum
513 4651 739 4706 eternale
769 4653 1005 4720 praedicti
1035 4651 1237 4707 oraculi
1265 4652 1421 4707 robur
1462 4652 1567 4706 stili
1599 4653 1759 4706 nostri
1786 4651 1881 4720 fir-

1969 2022 2279 2076 concedatur
2309 2017 2627 2076 CODICES
2676 2031 2763 2074 aut
2809 2037 2929 2076 vasa
2969 2031 3175 2075 sacrata
3219 2028 3307 2073 aut
3337 2017 3568 2089 quolibet

1969 2117 2265 2175 thesaurum
2310 2114 2537 2169 Ecclesia
2567 2131 2766 2187 quoquo
2793 2115 2945 2169 modo
2973 2114 3169 2170 donare
3197 2123 3286 2169 aut
3314 2113 3564 2168 alienare.

1971 2209 2032 2264 Si
2059 2209 2173 2278 quis
2209 2216 2380 2262 autem
2405 2217 2584 2263 contra
2617 2209 2750 2263 hanc
2784 2219 3015 2263 nostram
3045 2207 3422 2263 serenissimam
3455 2204 3569 2260 dis—

1973 2303 2278 2373 positionem
2305 2303 2607 2356 temerarius
2637 2303 2844 2357 ausibus
2876 2301 3022 2356 adire
3049 2299 3369 2370 temptaverit
3397 2307 3572 2354 eterna

1968 2395 2291 2450 anathemate
2317 2395 2610 2462 plectendos
2640 2411 2748 2450 esse
2765 2410 3047 2450 censemus.
3073 2392 3376 2462 Conscripta
3398 2392 3562 2466 hujus

1967 2489 2221 2562 privilegii
2245 2490 2445 2544 seriem.
2480 2489 2630 2543 Anno
2660 2489 3110 2543 invictissimorum
3138 2486 3435 2558 principum
3457 2487 3557 2540 de-

1966 2584 2146 2638 siderii
2188 2593 2235 2637 et
2270 2583 2486 2654 adelgisi
2515 2582 2653 2637 XVI
2703 2593 2752 2639 et
2794 2581 2954 2638 XIV.
2995 2582 3086 2636 sub
3117 2581 3400 2637 indictione
3449 2578 3562 2635 XI.

1971 2674 2109 2730 Dato
2141 2675 2321 2730 Ticino
2346 2677 2400 2730 in
2438 2675 2569 2731 Vrbe
2591 2677 2734 2747 regia
2766 2674 2888 2730 III.
2925 2676 3042 2730 idus
3066 2675 3303 2729 octobris.

2041 2770 2260 2840 Sigoald
2282 2771 2449 2841 gratia
2476 2770 2560 2824 dei
2603 2771 2900 2840 patriarcha
2925 2770 2978 2824 in
3013 2769 3113 2824 hoc
3140 2767 3392 2840 priuilegii
3421 2774 3566 2822 textu

1971 2877 2004 2916 a
2027 2862 2170 2917 nobis
2195 2861 2469 2916 salubriter
2497 2863 2758 2918 climatum
2789 2877 2946 2915 manu
2989 2861 3204 2932 propria
3230 2860 3407 2914 subtus
3436 2855 3570 2912 scri-

1972 2955 2072 3024 psi.
2122 2955 2420 3024 Apolinaris
2451 2952 2642 3008 Christi
2675 2952 3032 3008 misericordia
3071 2952 3316 3022 indignus
3356 2949 3570 3004 humilis

1969 3047 2238 3120 episcopus
2265 3047 2320 3101 in
2350 3051 2446 3102 hoc
2473 3046 2730 3118 privilegii
2757 3055 2897 3101 textu
2924 3062 3084 3100 manu
3116 3060 3230 3100 mea
3265 3043 3567 3115 subscripsi.

1977 3141 2097 3196 Otto
2141 3143 2194 3196 in
2236 3141 2318 3196 dei
2366 3142 2569 3196 nomine
2611 3141 2881 3214 episcopus
2919 3141 2974 3194 in
3005 3140 3104 3194 hoc
3141 3137 3396 3213 privilegii
3429 3143 3571 3192 textu

1975 3253 2131 3291 ntanu
2173 3253 2286 3291 utea
2325 3236 2626 3307 subscripsi.
2670 3234 2918 3290 Julianus
2956 3235 3166 3289 humilis
3208 3234 3479 3304 episcopus
3515 3231 3572 3292 in

1895 3326 1940 3388 C
1974 3330 2070 3386 hoc
2089 3331 2344 3402 priuilegii
2369 3340 2511 3384 textu
2541 3345 2697 3383 ruanu
2718 3345 2830 3383 mea
2853 3329 2940 3385 Ss.
2975 3325 3130 3382 Felix
3147 3326 3358 3380 humilis
3371 3325 3575 3397 episco-

1971 3440 2069 3496 pus
2089 3423 2143 3478 in
2163 3424 2260 3477 hoc
2281 3421 2535 3494 priuilegii
2562 3431 2704 3476 textu
2731 3437 2889 3475 manu
2918 3436 3029 3475 utea
3052 3420 3144 3475 Ss.
3173 3416 3328 3474 Felix
3338 3424 3577 3488 peccator

1971 3519 2241 3590 episcopus
2263 3518 2319 3571 in
2346 3517 2443 3570 hoc
2469 3517 2721 3588 priuilegii
2746 3524 2888 3570 textu
2919 3513 3048 3569 Mm.
3085 3513 3176 3570 Ss.

2047 3612 2210 3668 Vides
2249 3611 2685 3684 antiquissimum
2717 3608 3084 3666 Ecclesiarum
3126 3621 3280 3663 usum
3302 3648 3316 3672 ,
3347 3619 3455 3677 quo
3471 3618 3570 3660 eo.

1972 3710 2122 3766 dices
2144 3710 2298 3778 istos,
2326 3724 2432 3764 non
2463 3719 2622 3764 secus
2643 3721 2706 3762 ac
2729 3706 2989 3776 reliquam
3019 3701 3414 3776 supellectilem
3459 3699 3574 3754 Deo

1974 3804 2208 3860 dicatam
2239 3804 2291 3858 in
2330 3817 2552 3858 censum
2589 3801 2832 3857 thesauri
2859 3798 3000 3855 sacri
3029 3797 3363 3861 referebant,
3392 3793 3460 3850 ad
3485 3791 3574 3850 Si-

1974 3895 2152 3967 gualdi
2185 3911 2355 3965 usque
2379 3895 2637 3951 saeculum
2665 3892 2993 3964 perstitisse.
3028 3891 3096 3946 Et
3118 3889 3321 3946 utinam
3349 3885 3577 3943 anathe-

1975 3997 2123 4043 mate
2153 3987 2245 4041 illo
2282 4001 2380 4041 suo
2421 3984 2665 4054 perculsa
2704 3981 3108 4039 succedentium
3156 3989 3460 4048 temporum
3495 3977 3575 4032 ni-

1977 4080 2085 4135 mia
2123 4077 2354 4134 facilitas
2383 4091 2490 4136 non
2528 4078 2599 4134 ab
2637 4073 2702 4131 lis
2727 4075 2925 4141 solum,
2975 4073 3072 4131 sed
3100 4089 3129 4128 a
3156 4072 3371 4128 caeteris
3408 4071 3575 4126 etiam

1978 4190 2190 4246 regum,
2223 4172 2632 4245 principumque
2652 4169 3213 4226 donariisliberrimas
3236 4179 3429 4222 manus
3451 4166 3578 4221 abs-

1980 4245 2250 4325 tinuisset.
2302 4265 2510 4335 Quanta
2565 4264 2653 4320 hic
2689 4262 2924 4321 fortasse
2971 4264 3268 4319 etiamnum
3295 4245 3450 4332 copia
3480 4272 3580 4313 ve-

1981 4371 2155 4419 terum
2213 4361 2472 4417 Ecclesia!
2525 4367 3019 4424 monumentorum,
3070 4342 3271 4427 quanta
3311 4353 3581 4424 religiosae

1982 4455 2198 4527 pictatis
2227 4463 2504 4526 superstes
2533 4453 2705 4508 foret?
2730 4467 2962 4524 quorum
2993 4463 3137 4506 nunc
3166 4449 3287 4504 loco
3319 4445 3454 4502 nihil
3477 4446 3586 4503 nisi

1983 4551 2301 4607 inconsulta!
2345 4565 2414 4605 ne
2458 4548 2834 4614 liberalitatis,
2883 4562 2952 4603 an
2983 4547 3165 4603 verius
3194 4541 3587 4616 prodigalitatis

1985 4644 2248 4698 memoria
2275 4641 2340 4698 ad
2371 4650 2616 4713 posteros
2649 4641 2881 4695 transiit.

263 4744 422 4796 initas
478 4743 778 4812 impertiret.
824 4742 892 4797 Et
929 4746 1051 4813 quia
1096 4761 1297 4812 semper
1321 4754 1439 4799 sunt
1470 4745 1755 4800 exhibenda
1783 4759 1881 4815 que
1909 4729 1963 4790 D
2057 4737 2190 4806 Quae
2229 4738 2519 4793 etiamnum
2549 4744 2840 4807 supersunt
2873 4739 3223 4790 monumenta
3262 4729 3586 4786 eamdemnc

263 4835 496 4891 utilibus
521 4835 729 4904 [uerum
756 4834 1161 4894 inlimationibus
1185 4839 1482 4908 impetrata.
1522 4838 1728 4894 Placuit
1757 4854 1878 4910 ergo

267 4928 452 4983 modis
485 4927 721 4984 omnibus
747 4938 808 4983 ut
830 4931 912 5000 pie
931 4926 1210 4986 devotionis
1234 4931 1532 5001 imploratio
1557 4931 1751 4987 salubri
1773 4947 1881 4986 mo-

265 5023 494 5078 deretur
530 5023 916 5078 istteroentionis
947 5025 1186 5081 adsensu.
1223 5019 1320 5091 aa;
1357 5041 1475 5092 vero
1502 5037 1684 5080 conata
1711 5035 1783 5080 est
1801 5042 1883 5080 re-

269 5116 401 5187 ligio
432 5124 526 5169 tua
545 5117 818 5171 salubriter
856 5134 888 5170 a
915 5117 1058 5172 nobis
1089 5129 1387 5185 extorquere
1421 5128 1668 5190 quatenus
1706 5123 1882 5190 prefu-

270 5216 388 5266 tttm
420 5209 798 5265 monasterium
828 5225 946 5264 cum
973 5210 1222 5264 universis
1247 5209 1472 5264 basilicis
1514 5211 1582 5264 ad
1627 5227 1682 5266 se
1722 5213 1881 5284 perti-

271 5300 526 5358 nentibus
554 5302 644 5371 qui
678 5319 711 5355 a
737 5302 965 5372 piissime
991 5303 1158 5372 adque
1184 5303 1604 5366 tranquillissime
1637 5321 1762 5358 ause
1801 5321 1884 5358 re-

274 5396 404 5468 gine
439 5395 570 5466 jure
604 5405 954 5451 constructum
995 5412 1104 5451 esse
1149 5397 1378 5450 noscitur
1423 5398 1705 5470 privilegiis
1745 5400 1885 5453 sedis

277 5497 466 5542 sancte
499 5496 672 5541 nostra
709 5486 1073 5560 aquilegiensis
1102 5485 1186 5542 cui
1211 5487 1306 5541 deo
1337 5499 1543 5545 auctore
1576 5491 1888 5548 deseruimus

282 5581 583 5636 decoretur.
625 5578 955 5650 Quapropter
998 5582 1097 5650 piis
1140 5581 1412 5636 desideriis
1451 5585 1632 5636 vestris
1666 5583 1890 5653 faventes

284 5674 388 5727 hac
409 5680 587 5726 nostra
611 5671 918 5725 auctoritate
947 5672 1002 5724 id
1029 5672 1164 5741 quod
1205 5681 1338 5726 recte
1374 5673 1666 5742 exposcitur
1706 5673 1890 5742 effectu

286 5765 628 5820 mandamus.
677 5763 744 5817 Et
763 5765 880 5817 ideo
922 5779 1120 5818 omnem
1164 5763 1436 5831 cuiuslibet
1462 5765 1687 5820 ecclesiae
1723 5784 1894 5821 sacer-

291 5857 1017 5929 dotem...quamlibet..........
1049 5873 1145 5910 one
1194 5855 1416 5928 (supple
1447 5858 1749 5927 occasione)
1795 5860 1893 5912 ha-

1990 4833 2221 4888 fortunze
2249 4833 2420 4887 aleam
2451 4831 2655 4893 subire,
2684 4845 2752 4884 an
2780 4829 3002 4885 eludere
3031 4825 3258 4897 possint.
3293 4824 3580 4900 incertum.

1989 4927 2060 4984 Ut
2078 4941 2270 4983 verear
2295 4926 2495 4980 faciunt
2522 4939 2643 4981 cum
2673 4923 3077 4978 vicissitudines
3104 4907 3435 4995 temporum,
3470 4924 3584 4990 tum

1989 5021 2248 5092 praeteriti
2280 5035 2439 5075 casus
2474 5029 2525 5076 et
2563 5020 2742 5087 unius,
2787 5033 2898 5092 prie
2927 5016 3172 5082 caeteris,
3204 5013 3428 5086 insignis
3461 5011 3587 5086 pro-

1987 5116 2130 5172 fecto
2182 5117 2484 5182 memoria,
2550 5109 2711 5188 quam
2768 5129 2797 5168 a
2853 5111 3150 5183 virginibus
3203 5111 3307 5167 illis
3359 5110 3588 5182 accepi:

1997 5234 2015 5268 ι
2050 5215 2276 5286 Nempe,
2317 5230 2441 5271 cum
2469 5222 2549 5269 tot
2581 5213 3016 5269 membranarum
3052 5209 3295 5281 supellex
3337 5205 3587 5280 neglecta

1991 5308 2207 5378 penitus
2237 5322 2300 5362 ac
2327 5305 2549 5362 confusa
2591 5303 2800 5374 jaceret
2826 5343 2841 5370 ,
2886 5300 3208 5357 consulente
3249 5300 3366 5354 viro
3399 5298 3586 5370 nobili,

1992 5409 2047 5456 et
2085 5401 2222 5455 acris
2263 5410 2458 5454 caetera
2493 5395 2719 5468 judicii,
2767 5394 2864 5451 sed
2907 5395 3165 5450 harumce
3206 5392 3587 5462 antiquitatum

1988 5494 2196 5566 jejuno,
2236 5501 2483 5547 vocatum
2526 5489 2798 5544 notarium
2843 5488 3133 5559 quemdam
3181 5495 3238 5541 ut
3278 5486 3590 5568 inspiceret,

1993 5597 2154 5657 atque
2181 5587 2232 5639 in
2262 5585 2507 5639 ordinem
2533 5593 2768 5654 cogeret,
2799 5582 3115 5646 accessisse,
3147 5579 3438 5652 propositis
3458 5593 3590 5632 con-

1993 5678 2289 5735 ditionibus
2336 5691 2555 5746 operam
2606 5676 2845 5741 locasse;
2899 5689 3020 5729 cum
3062 5673 3116 5728 in
3163 5670 3531 5741 autltograplta
3563 5687 3589 5722 a

1996 5769 2366 5839 Langoltardis
2411 5769 2633 5823 notariis
2678 5769 2906 5824 barbara
2941 5766 3030 5820 illa
3072 5766 3256 5820 latinae
3307 5763 3594 5832 scripturae

1999 5862 2392 5919 deformatione
2437 5871 2660 5916 exarata
2705 5859 3011 5922 incidisset,
3042 5857 3186 5927 quod
3216 5873 3245 5912 a
3274 5855 3492 5912 nemine
3519 5855 3605 5910 in—

291 5952 417 6010 bere
439 5951 787 6024 prohibimus.
817 5948 958 6005 Haut
989 5951 1087 6006 nisi
1114 5950 1376 6006 abbatissa
1417 5951 1715 6008 monasterii
1746 5951 1900 6022 fuerit
2001 5956 2275 6014 tellectum
2303 5955 2372 6013 iri
2393 5955 2772 6025 arbitraretur,
2809 5967 2908 6010 ceu
2933 5950 3186 6009 tabularii
3216 5951 3616 6022 rejectamenta
