3976 6338
429 264 504 323 25

1823 259 2364 320 PROLEGOMENA.

3673 268 3760 328 24

424 389 727 462 abiecisse,
761 390 1078 463 juvantibus
1117 390 1324 448 cladem
1361 389 1535 459 hanc,
1566 402 1688 462 quae
1716 401 1826 445 una
1850 395 2028 454 erant,
2055 394 2109 455 Α
2135 399 2241 456 que
2269 385 2420 456 operi
2453 383 2709 445 idoneum
2735 387 3051 460 seligerent,
3079 390 3170 458 qui
3202 388 3535 447 membranis
3558 393 3756 448 omni-

422 484 644 541 illorum
687 485 1050 556 apographis;
1100 485 1231 541 satis
1252 527 1268 552 ,
1300 498 1579 556 superque
1608 482 1710 538 ista
1741 496 1863 539 esse
1886 480 2034 550 cogi-

336 645 342 654 ,
424 587 629 636 tantem
668 579 715 635 si
759 589 1128 638 servarentur.
1169 599 1189 635 ι
1245 580 1322 636 Ita
1366 579 1568 636 factum
1617 587 1678 634 ιιι
1709 575 2029 649 primigenia

428 674 524 731 illa
563 674 820 731 distracta
843 715 858 742 ,
888 689 954 731 ac
993 661 1262 746 dissipata
1304 675 1588 746 perierint.
1616 672 1736 730 Uno
1764 671 2030 728 duntaxat

422 767 740 838 superstite,
781 767 936 838 cujus
985 766 1268 839 inscriptio
1311 766 1656 840 superaddita
1697 765 2032 822 membranas

422 860 482 917 in
497 861 686 918 orbem
708 862 906 917 voluta:
919 862 1081 934 digna
1109 861 1357 934 profecto
1377 870 1488 928 est,
1509 875 1630 932 quae
1657 858 1852 916 litteris
1878 873 2032 913 man-

422 951 601 1019 detur,
645 962 708 1008 ut
754 952 968 1024 insigne
1007 969 1118 1024 prae
1161 952 1376 1010 caeteris
1413 952 1644 1008 inscitia:
1671 966 1780 1007 non
1824 950 2026 1018 minus,

421 1061 582 1118 quam
635 1045 988 1117 impudentiae
1045 1047 1194 1103 illius
1239 1047 1651 1102 monimentum.
1707 1044 1900 1101 Datum
1946 1051 2032 1100 est

417 1141 627 1208 Ticini;
668 1141 822 1211 regni
871 1141 1137 1198 Desiderii
1179 1149 1236 1197 et
1270 1140 1515 1213 Adelgisi
1546 1139 1711 1197 tertio
1738 1149 1794 1197 et
1826 1139 2025 1211 primo,

2139 479 2240 536 bus
2260 479 2450 536 sedulo
2478 481 2736 553 inspectis
2760 525 2776 550 ,
2805 493 2966 556 atque
3001 485 3057 542 in
3087 485 3284 542 seriem
3317 484 3746 544 laudabiliorem

2135 575 2358 638 coactis,
2389 573 2692 642 archivum,
2724 576 2770 631 si
2788 577 2996 634 vellent
3020 577 3222 634 diutius
3242 592 3558 635 mansurum
3582 595 3752 650 para—

2134 675 2240 724 ret.
2269 666 2515 726 Factum.
2543 667 2781 741 Urgente
2808 686 2945 742 opus
2969 673 3146 728 amico
3171 678 3359 728 nostra
3386 671 3598 730 Joanne
3620 673 3747 730 An-

2134 759 2265 816 drea
2295 759 2553 817 Astezato
2581 762 2852 820 monacho
2880 762 3194 821 Cassinensi
3213 804 3229 832 ,
3266 763 3384 820 viro
3405 775 3462 820 et
3493 763 3658 822 docta
3686 774 3750 824 et

2142 852 2404 910 harumce
2441 854 2828 928 antiquitatum
2873 858 3323 930 cupientissima,
3356 859 3447 930 qui
3476 859 3604 917 nisu
3635 861 3747 917 im-

2132 950 2308 1018 probo
2337 962 2402 1004 ac
2429 949 2714 1020 pertinaci,
2731 960 2794 1007 ut
2812 960 2896 1008 est
2914 951 3081 1024 empti
3109 951 3283 1009 semel
3309 951 3513 1010 laboris
3537 954 3605 1010 ad
3633 955 3745 1012 mi-

2129 1042 2371 1098 raculum
2401 1041 2654 1113 patiens,
2697 1043 2944 1101 ultimam
2989 1045 3067 1102 illi
3118 1059 3339 1102 manum
3377 1046 3597 1104 tandem
3628 1047 3742 1106 im-
3810 1091 3820 1096 .

2130 1133 2334 1203 posuit.

419 1250 531 1291 xvu
571 1233 936 1305 Septembris,
967 1234 1158 1292 Indict.
1188 1251 1319 1302 xm;
1351 1235 1638 1291 continens
1667 1233 1902 1304 legatum
1929 1231 2026 1297 Gi-
2203 1225 2312 1283 Sed
2343 1225 2409 1282 ad
2437 1228 2718 1300 exemplar
2744 1238 2991 1288 nostrum
3021 1230 3274 1290 conversi
3303 1231 3499 1290 iterum
3521 1274 3540 1303 ,
3580 1233 3742 1292 dice-

415 1326 539 1381 sulli
578 1326 859 1396 cujusdam
883 1327 1133 1383 stratoris
1153 1327 1312 1398 regii,
1343 1328 1434 1399 qui
1462 1327 1766 1382 Radoaram
1798 1338 2024 1381 uxorem
2128 1317 2321 1375 bamus
2368 1319 2650 1392 praefixum
2683 1321 2854 1380 fuisse
2879 1324 2950 1380 ab
2975 1325 3283 1398 antiquaria
3307 1325 3534 1399 singulis
3559 1328 3743 1386 Evan-

417 1432 578 1474 suam
620 1433 690 1475 ex
717 1421 946 1475 semisse
974 1419 1430 1475 usut‘ructuariam
1457 1418 1770 1489 reliquerat,
1805 1425 1917 1472 tum
1941 1423 2022 1483 ut,
2125 1410 2290 1482 geliis
2318 1427 2517 1470 nomen
2547 1415 2814 1484 auctoris,
2847 1431 2910 1473 ea
2942 1417 3190 1488 profecto
3211 1421 3280 1480 de
3303 1436 3466 1479 causa
3491 1464 3507 1490 9
3535 1430 3594 1477 ιιι
3620 1421 3743 1479 ιω·

417 1526 487 1568 ea
509 1511 830 1580 decedente,
875 1513 1166 1583 episcopus
1194 1512 1528 1578 Laudensis,
1557 1511 1897 1568 venumdatis
1928 1511 2025 1566 ho—
2127 1503 2256 1570 turi,
2286 1521 2446 1578 quem
2475 1522 2542 1563 ex
2571 1508 2923 1581 evangelistis
2945 1512 3148 1570 vellem
3168 1556 3187 1582 ο
3219 1516 3397 1588 Primo
3422 1515 3614 1573 οδιιιιιι
3641 1517 3740 1572 in-

417 1604 526 1671 "is,
558 1602 704 1674 quod
735 1603 863 1660 inde
887 1615 1033 1661 esse;
1054 1607 1329 1661 redactum
1365 1606 1693 1678 pauperibus
1731 1606 2023 1662 distributa-
2127 1601 2332 1671 spectis
2361 1601 2534 1658 titulis
2557 1603 3049 1675 deprehenderent.
3083 1607 3286 1667 Millius
3308 1619 3489 1668 tamen
3512 1611 3738 1668 nonnisi

409 1705 522 1755 ret.
568 1695 782 1753 Mortuo
821 1697 1032 1754 Gisult‘o
1081 1687 1242 1770 supra
1275 1698 1489 1754 laudata
1543 1698 1662 1769 ejus
1708 1713 1864 1764 uxor,
1893 1713 2019 1754 raro
2124 1705 2246 1766 post
2269 1696 2548 1752 conditum
2576 1696 2854 1756 Canonem
2884 1700 2936 1756 id
2965 1700 3166 1760 factum
3195 1706 3394 1762 asserit
3419 1703 3736 1780 (Proleg.n.

413 1787 635 1858 pietatis
665 1790 941 1860 exemplo,
973 1790 1084 1861 egit
1111 1791 1296 1846 libello
1325 1792 1554 1862 supplici
1582 1792 1724 1863 apud
1754 1806 1936 1864 regem
1963 1802 2021 1847 ut
2052 1793 2099 1854 Β
2127 1789 2257 1856 547,
2285 1789 2427 1845 Edit.
2460 1791 2536 1846 Ν.
2567 1791 2634 1848 Τ.
2667 1809 2731 1848 ex
2754 1796 3048 1851 recensione
3087 1795 3298 1853 Kusteri
3319 1798 3340 1872 )
3365 1815 3382 1866 ;
3411 1813 3534 1856 cum
3564 1808 3735 1857 antea

411 1881 596 1936 mariti
625 1881 878 1936 voluntas
910 1884 1094 1938 statim
1136 1884 1527 1954 adimpleretur
1563 1888 1807 1957 quatinus
1846 1886 1866 1960 (
1895 1895 2022 1942 sunt

411 1973 577 2030 verba
628 1973 994 2049 documenti)
1031 1980 1143 2033 sine
1186 1979 1363 2050 aliqua
1409 1978 1692 2047 offensione
1743 1983 1859 2052 ipsa
1907 1984 2020 2054 ejus

409 2066 724 2122 aelentosina
741 2069 810 2122 ad
836 2070 1062 2140 requiem
1091 2071 1172 2126 uel
1207 2073 1540 2146 refrigerium
1574 2074 1777 2128 animae
1803 2075 1917 2146 ejus
1942 2075 2016 2129 ci-

413 2159 519 2214 tius
548 2176 817 2217 occurrere
856 2165 1051 2235 possit,
1093 2164 1532 2237 impetravitque.
1578 2167 1764 2238 Itaque
1804 2168 2018 2238 episco-

412 2265 534 2321 pus,
577 2252 869 2310 divenditis
903 2255 1058 2311 bonis
1085 2257 1303 2314 Gaideri
1335 2258 1548 2314 cuidam
1579 2260 1714 2330 regii
1746 2271 2019 2318 monaste-

405 2342 475 2398 rii
507 2347 845 2414 procuratori
885 2349 1117 2418 pretium
1155 2365 1443 2406 aureorum
1484 2367 1772 2409 unuacccr.
1811 2353 1881 2408 ab
1923 2369 2017 2410 eo-

409 2433 534 2491 dem
581 2437 819 2495 solutum
874 2440 1203 2511 pauperibus
1254 2444 1535 2514 erogavit,
1585 2445 2015 2517 subscripsitque

407 2525 534 2582 huic
562 2537 726 2584 cartze
759 2546 862 2587 una
905 2546 1030 2588 cum
1071 2533 1344 2602 Radoara,
1392 2537 1620 2607 aliisque
1662 2537 1890 2594 testibus
1939 2538 2012 2594 ibi

401 2619 710 2692 descriptis.
741 2623 873 2695 Ejus
901 2627 1327 2698 chiropraphum
1357 2629 1463 2685 tale
1492 2640 1574 2686 est
1609 2649 1622 2684 :

475 2713 704 2784 [politus
739 2733 832 2788 ego
859 2719 975 2774 licet
1012 2721 1257 2794 indignus
1285 2738 1376 2791 per
1403 2723 1488 2777 dei
1523 2726 1700 2795 gracia
1735 2725 2010 2798 episcopus

406 2806 652 2864 Radoara
711 2811 806 2866 deo
857 2813 1029 2867 dicata
1071 2815 1364 2883 suplicante
1403 2818 1574 2891 regiae
1614 2820 1882 2889 potestatis
1914 2838 2010 2891 pro

399 2903 785 2959 uenundacione
829 2908 1050 2962 terrolae
1076 2911 1211 2978 quod
1246 2910 1295 2965 ei
1332 2911 1409 2964 vir
1437 2927 1562 2965 suus
1609 2922 1724 2982 post
1760 2916 1873 2987 ejus
1904 2915 2012 2970 ovi-

402 3001 512 3047 tum
539 2997 792 3050 concessit
818 2999 960 3052 testis
986 3016 1144 3054 manu
1161 3017 1272 3055 mea
1307 3001 1590 3057 canscribsi
1616 3019 1730 3057 cum
1759 3005 2005 3060 sacerdo-

401 3094 474 3140 tes
502 3085 682 3162 fideles
716 3098 762 3142 et
785 3092 956 3161 precio
978 3093 1147 3164 recepi
1170 3095 1383 3149 trimilia
1408 3110 1575 3153 accol.
1603 3106 1650 3151 et
1675 3098 1873 3153 contuli
1899 3099 2007 3154 dis-

401 3179 558 3234 tribui
570 3197 664 3251 pro
684 3183 857 3238 anima
877 3186 1054 3256 gisulﬁ
1079 3188 1337 3242 stratoris.

476 3271 868 3332 Documentum
913 3276 1080 3345 istud,
1113 3279 1167 3334 in
1203 3295 1312 3350 quo
1339 3282 1515 3352 agitur
1543 3281 1613 3339 de
1652 3282 2006 3354 acquisitione

401 3366 695 3434 honorum.
720 3386 840 3442 quae
873 3389 976 3428 una
1006 3391 1129 3430 cum
1152 3378 1369 3434 caeteris
1398 3379 1694 3435 etiamnum
1727 3381 2006 3451 possident

399 3459 455 3515 in
484 3475 616 3531 agro
655 3463 1037 3535 Cremonensi,
1078 3484 1148 3525 ne
1179 3479 1482 3540 temporum
1515 3473 1748 3530 decursu
1788 3473 2007 3532 fatisce-

398 3564 507 3622 ret,
547 3557 818 3627 petierant
851 3560 980 3616 olim
1012 3563 1333 3620 clarissima:
1365 3565 1602 3635 virgines
1629 3582 1661 3622 a
1690 3568 2006 3625 consulibus

405 3647 556 3703 urbis
595 3658 798 3706 nostrae
824 3693 838 3718 ,
871 3653 1072 3708 saeculo
1107 3669 1204 3710 xm
1251 3655 1487 3724 labente,
1528 3666 1586 3713 ut
1624 3673 1723 3728 per
1756 3659 2008 3730 publicos

399 3742 645 3799 notarios
688 3745 1074 3816 exciperetur,
1117 3757 1473 3822 superestque
1508 3766 1614 3807 una
1659 3767 1784 3809 cum
1815 3752 2007 3810 arche-

397 3841 528 3907 typo
563 3839 934 3909 apographmn
977 3843 1331 3911 earumdem;
1369 3855 1456 3901 ast
1497 3845 1742 3917 pluribus
1774 3848 1828 3904 in
1871 3848 2005 3906 locis

398 3927 468 3984 ad
527 3930 750 4002 originis
808 3935 1092 3992 veritatem
1148 3937 1373 3994 minime
1429 3948 1700 3997 exactum.
1768 3941 1848 3998 En
1909 3943 2002 4000 tibi

401 4022 822 4096 cbirographmn
875 4045 1039 4100 supra
1072 4030 1274 4088 laudati
1312 4032 1614 4106 Hippolyti,
1655 4033 1815 4107 quale
1865 4037 2002 4094 illud

399 4115 766 4186 descripsere.
1632 4178 1636 4182 _

466 4206 692 4278 [politus
715 4210 1022 4269 Zolentinus
1061 4215 1250 4288 dignus
1278 4233 1370 4288 per
1399 4217 1495 4274 Dei
1521 4220 1691 4293 gratia
1731 4220 2002 4292 episcopus

395 4295 640 4354 Sadoara
671 4302 766 4355 deo
817 4305 993 4360 dicata
1036 4308 1327 4378 suplicante
1363 4312 1464 4382 feci
1501 4322 1551 4367 et
1589 4314 1884 4384 protestatis
1903 4332 2000 4386 pro

391 4392 776 4451 venundacione
815 4408 864 4452 te
897 4400 1030 4467 sola,
1059 4410 1166 4459 etc.
1193 4443 1210 4470 ,
1256 4418 1430 4477 usque
1458 4405 1525 4462 ad
1561 4416 1805 4463 extrema
1833 4411 2000 4466 verba

396 4481 586 4555 Gisulfi
610 4491 879 4545 roratoris.

2123 1884 2329 1957 absque
2344 1885 2580 1957 przctixis
2601 1896 2882 1944 auctorum
2898 1889 3212 1947 nominibus
3223 1892 3730 1960 circumferrentur,

2124 1993 2232 2035 non
2262 1995 2419 2036 secus
2431 1994 2495 2036 ac
2512 1989 2725 2037 casteria
2739 1981 3000 2058 διηγήσεις
3015 1983 3348 2042 incertarum
3367 1986 3724 2058 scriptarum,

2123 2083 2181 2129 ut
2207 2074 2421 2131 scilicet
2448 2075 2713 2145 appositis
2741 2076 2914 2132 titulis
2945 2077 3356 2150 dignosceretur
3377 2095 3442 2137 ea
3464 2079 3580 2136 sola
3602 2095 3733 2138 esse

2121 2183 2270 2233 vera,
2295 2169 2671 2226 etauthentica
2689 2167 3056 2228 Instrumenta
3077 2172 3411 2244 evangelica.
3439 2173 3580 2230 Hinc
3600 2173 3726 2248 (ait)

2123 2260 2384 2317 Marciani
2412 2263 2667 2334 objectum
2698 2280 2730 2318 a
2753 2263 3075 2322 Tertulliana
3097 2306 3114 2336 ,
3140 2269 3277 2337 quod
3307 2266 3592 2342 Evangelia
3628 2287 3728 2326 sua

2120 2355 2341 2420 nullum,
2373 2356 2443 2410 ad
2472 2371 2825 2413 Ill'l'A'l‘lONl-il
2846 2374 3071 2415 VETEBIS
3092 2375 3361 2417 secessu
3384 2361 3729 2429 inscripsisset

2119 2457 2401 2503 auctorem.
2454 2450 2555 2504 Ast
2581 2450 2662 2504 vir
2687 2449 3034 2507 doctissimus
3058 2492 3074 2519 ,
3120 2467 3244 2509 cum
3278 2454 3395 2510 haec
3415 2454 3682 2512 scriberet
3701 2497 3722 2523 ,

2118 2540 2186 2596 ad
2215 2541 2318 2596 alia
2345 2539 2610 2600 festinans
2654 2558 2762 2600 non
2811 2544 2944 2601 satis
2981 2546 3124 2602 cavit
3165 2549 3536 2617 conjecturam
3575 2546 3722 2606 hanc

2115 2651 2272 2692 suam
2313 2637 2384 2693 ab
2427 2638 2578 2709 ipso,
2629 2653 2791 2710 quem
2817 2639 2989 2707 citat,
3031 2639 3369 2698 Tertulliano
3418 2641 3720 2699 luculenter

2117 2729 2357 2801 explodi.
2413 2731 2606 2788 Elevat
2653 2731 2801 2788 enim
2845 2746 2912 2790 ex
2943 2733 3046 2790 hoc
3073 2732 3234 2791 ﬁdem
3277 2735 3552 2807 Evangelii
3576 2734 3720 2792 Mar-

2112 2825 2308 2891 cionis,
2337 2825 2478 2896 quod
2513 2825 2672 2882 titulo
2697 2837 2906 2883 careat.
2936 2827 3003 2883 Et
3027 2845 3226 2900 possem
3253 2829 3474 2903 (inquit)
3499 2830 3585 2886 Itic
3601 2831 3720 2901 iant

2112 2918 2332 2990 gradum
2354 2919 2514 2992 ﬁgere
2533 2936 2636 2975 non
2654 2923 3038 2993 agnoscendum
3067 2924 3378 2980 contendens
3401 2941 3553 2996 aptis,
3579 2925 3720 2996 quod

2113 3027 2216 3066 non
2243 3013 2404 3084 erigat
2429 3015 2673 3084 frontem,
2703 3013 2841 3085 quod
2867 3015 3065 3070 nullam
3082 3018 3418 3072 constantiam
3447 3022 3718 3090 praferat,

2113 3103 2311 3158 nullam
2335 3105 2491 3174 fidem
2519 3107 2847 3175 repromittat
2877 3107 2941 3162 de
2964 3109 3285 3181 plenitudine
3307 3111 3474 3178 tituli,
3502 3121 3553 3166 et
3594 3128 3721 3184 pro-

2033 3191 2080 3256 C
2112 3195 2334 3267 fessione
2353 3195 2525 3251 debita
2552 3199 2779 3253 auctoris
2815 3197 2835 3273 (
2860 3199 3114 3254 Adversus
3143 3199 3462 3256 Marcionem
3487 3217 3542 3258 tv
3564 3244 3581 3268 ,
3612 3202 3650 3258 2
3669 3202 3714 3276 ).

2110 3289 2230 3345 Jam
2259 3290 2439 3363 itaque
2464 3301 2589 3347 ante
2619 3292 2909 3350 Marcianis
2948 3303 3194 3366 tempora
3225 3337 3243 3365 ,
3292 3307 3348 3354 et
3389 3298 3609 3370 quidem
3659 3299 3716 3357 in

2109 3390 2300 3439 vetere
2325 3383 2565 3440 Ecclesia
2594 3384 2854 3457 inscripta
2883 3397 3040 3443 erant
3059 3389 3174 3444 suis
3197 3390 3504 3449 nominibus
3527 3392 3715 3450 Evan-

2109 3474 2274 3544 gelia.
2310 3475 2377 3532 Ut
2407 3476 2534 3548 quid
2562 3477 2712 3534 enim
2740 3479 2883 3534 hanc
2911 3479 3053 3536 tituli
3077 3481 3378 3540 nuditatem
3417 3485 3714 3558 obiecisset

2109 3565 2186 3621 illi
2220 3566 2620 3637 Tertullianus,
2669 3570 2931 3629 adversus
2973 3588 3136 3645 quam
3178 3579 3317 3632 tueri
3362 3592 3423 3635 se
3461 3588 3716 3650 poterant

2108 3658 2444 3717 Marcionitze
2472 3671 2744 3720 vetustate
2771 3673 3099 3736 temporum,
3121 3676 3178 3726 et
3194 3671 3584 3728 consuetudine
3601 3671 3711 3730 Ec-

2107 3755 2396 3813 clesiarum
2423 3799 2439 3823 ,
2467 3758 2520 3814 in
2547 3759 2744 3830 quibus
2765 3802 2782 3828 ,
2812 3775 2884 3818 ex
2909 3763 3060 3820 Millii
3103 3763 3272 3834 ipsius
3311 3766 3519 3823 calculo
3542 3808 3560 3834 ,
3603 3782 3711 3840 per

2107 3851 2327 3922 triginta
2357 3851 2427 3908 ad
2466 3853 2647 3911 minus
2687 3869 2861 3912 annos
2898 3865 3026 3914 ante
3054 3858 3409 3916 constitutum
3453 3860 3522 3918 ab
3560 3862 3709 3919 Asiae

2105 3945 2400 4016 episcopis,
2425 3956 2485 4002 ut
2511 3947 2628 4020 ipse
2657 3957 2833 4020 putat,
2866 3949 3254 4023 Evangelicum
3274 3968 3564 4024 canonem,
3595 3956 3707 4014 Lu-

2105 4051 2215 4105 cae,
2244 4053 2308 4094 ac
2339 4039 2507 4096 Marci
2537 4041 2850 4114 Evangelia,
2877 4043 3116 4102 Μαιηιωὶ
3138 4061 3272 4103 vero
3291 4045 3450 4121 longe
3467 4049 3708 4123 amplius

2104 4131 2226 4188 sine
2257 4133 2410 4202 titulo
2437 4133 2621 4194 habita
2641 4137 2917 4197 fuissent?
2955 4141 3111 4211 Quod
3139 4158 3272 4200 vero
3292 4145 3409 4214 ait,
3439 4154 3704 4207 statutum

2103 4239 2133 4279 a
2161 4223 2400 4284 Canonis
2429 4230 2806 4290 conditoribus
2836 4235 3245 4309 inscriptionem
3294 4249 3574 4298 auctorum
3596 4285 3611 4311 ,
3642 4252 3705 4302 ut

2103 4333 2233 4376 vera
2258 4321 2550 4394 Evangelia
2579 4324 2820 4397 dignosci
2849 4340 3092 4400 possent,
3116 4332 3228 4402 jam
3254 4347 3431 4404 neque
3452 4333 3556 4391 hoc
3579 4335 3704 4406 ipso

2102 4413 2322 4471 illorum
2355 4416 2478 4473 tidei
2508 4420 2643 4475 satis
2671 4431 2889 4478 cautum
2921 4423 3166 4480 ivissent.
3219 4423 3354 4482 Cum
3380 4436 3437 4484 et
3460 4428 3699 4486 Marcion

2101 4507 2403 4567 interversa
2425 4511 2608 4581 Lucae,
2635 4529 2742 4585 quo
2763 4515 3037 4585 utebatur,
3061 4525 3118 4573 et
3137 4517 3184 4574 si
3206 4517 3299 4590 qui
3319 4520 3700 4581 aliiadulteras

466 4575 675 4634 Bardus
707 4579 822 4644 ille,
865 4583 958 4654 qui
999 4586 1346 4646 membranas
1369 4588 1615 4662 digessit,
1647 4607 1770 4650 cum
1801 4594 1995 4653 arche-
2017 4585 2073 4646 D
2098 4617 2292 4659 manus
2320 4605 2375 4660 in
2407 4575 2676 4675 Matthaei,
2716 4608 2915 4678 Marci,
2965 4575 3036 4668 ac
3052 4575 3278 4670 Joannis
3303 4617 3695 4690 extenderent,

396 4676 582 4742 typum
626 4687 734 4729 non
765 4675 1193 4749 adsequeretur,
1241 4684 1505 4754 conjectis
1535 4686 1588 4741 in
1618 4688 1991 4758 apographum

392 4764 564 4820 oculis
593 4764 738 4824 hanc
763 4767 892 4826 inde
926 4771 1258 4843 epigraphen
1293 4778 1590 4848 exsculpsit
1610 4821 1626 4847 ,
1658 4795 1780 4850 qua:
1807 4791 1994 4852 poste-

390 4853 468 4911 ris
497 4855 565 4911 ad
599 4859 1010 4932 intelligentiam
1037 4864 1350 4924 documenti
1391 4870 1564 4927 facem
1606 4873 1990 4943 praetenderet.

462 4948 625 5006 l299.
655 4950 746 5008 26.
773 4953 1060 5012 Novembre
1086 4957 1118 5012 Ι
1121 4960 1319 5029 ppolito
1349 4960 1622 5020 Lolentino
1664 4965 1885 5022 Vescovo
1933 4968 1988 5024 di

387 5038 661 5098 Sadovara
683 5061 774 5117 per
797 5047 837 5102 il
863 5049 1031 5120 legato
1057 5053 1110 5107 di
1137 5051 1376 5127 Ghisolfo
1404 5055 1678 5113 Roratore.

458 5133 623 5191 Vides
654 5137 963 5197 infelicibus
997 5147 1162 5202 cartis
1189 5163 1298 5219 quo
1319 5164 1440 5205 cum
1469 5150 1691 5209 homine
1721 5170 1836 5212 rem
1864 5170 1988 5213 esse

383 5227 712 5297 contigerit?
760 5231 826 5285 Et
853 5246 984 5290 sane
1015 5238 1209 5295 mirum
1241 5242 1387 5312 quod
1407 5243 1704 5314 diplomata
1741 5249 1844 5304 alia
1873 5265 1982 5306 non

379 5318 575 5389 attigit.
619 5320 804 5394 Neque
834 5333 1011 5384 tamen
1041 5332 1267 5390 aliorum
1303 5353 1497 5393 manus
1518 5340 1760 5413 etl‘ugere
1788 5345 1853 5401 iis
1883 5345 1979 5402 da-

381 5416 514 5480 tum,
537 5412 796 5473 detractis
820 5420 1114 5477 multorum
1137 5427 1327 5498 sigillis
1346 5472 1361 5496 ,
1395 5431 1446 5485 in
1477 5412 1674 5503 quibus
1701 5433 1976 5495 Caesarum

381 5503 679 5579 imagines,
730 5526 1028 5585 eorumque
1074 5521 1292 5575 nomina
1337 5526 1712 5583 servabantur.
1773 5529 1978 5598 Quibus

377 5611 479 5666 ego
507 5601 721 5657 casibus
749 5614 927 5659 motas
950 5649 964 5671 ,
997 5617 1108 5664 tum
1147 5614 1290 5682 quod
1319 5615 1544 5672 confusa
1570 5635 1760 5676 rursus
1792 5625 1975 5680 omnia

373 5706 497 5748 esse
526 5697 894 5764 nuntiaretur,
924 5698 1092 5756 institi
1117 5708 1258 5774 apud
1287 5708 1610 5765 lectissimas
1649 5711 1887 5783 virgines
1915 5725 1973 5770 ut

2095 4693 2290 4752 eadem
2323 4697 2484 4769 plane
2510 4699 2667 4757 titulo
2689 4701 2969 4773 imponere
3000 4704 3301 4763 lectoribus
3323 4717 3562 4779 possent.
3588 4709 3699 4768 lta-
3795 4711 3804 4716 ’

2095 4802 2202 4860 que
2228 4805 2336 4846 non
2366 4801 2452 4848 est
2477 4792 2782 4864 ambigendi
2811 4795 2962 4852 locus
2985 4837 3003 4863 ,
3041 4798 3170 4870 quin
3192 4799 3306 4871 jam
3352 4808 3481 4859 tunc
3507 4801 3610 4858 hoc
3634 4803 3694 4862 in

2095 4884 2266 4941 sacris
2297 4886 2505 4953 Libris,
2533 4888 2676 4959 quod
2707 4888 2759 4943 in
2799 4889 3063 4960 profanis,
3093 4893 3164 4950 ab
3191 4895 3511 4967 antiquariis
3537 4911 3696 4954 usur-

2094 4986 2275 5048 patum
2306 4979 2467 5036 fuerit
2489 5022 2506 5048 ,
2556 4990 2619 5038 ut
2650 4982 2860 5040 scilicet
2895 4996 3177 5045 auctorum
3202 5003 3430 5048 suorum
3470 4992 3691 5049 nomina

2091 5085 2204 5142 prae
2227 5088 2286 5129 se
2307 5072 2530 5131 ferrent.

2169 5164 2430 5238 Superest
2474 5185 2616 5226 nunc
2639 5211 2656 5238 ,
2703 5180 2764 5228 ut
2805 5172 2875 5231 de
2903 5176 3163 5247 peculiari
3193 5177 3248 5234 in
3276 5178 3556 5236 codicibus
3583 5181 3690 5238 ali-

2087 5267 2219 5327 quot
2247 5259 2484 5315 Canonis
2509 5261 2673 5328 serie,
2697 5277 2819 5334 qua:
2844 5265 2898 5320 in
2932 5259 3120 5323 nostra
3145 5267 3306 5325 etiam
3336 5280 3550 5327 servata
3577 5280 3685 5340 est,

2087 5360 2200 5407 tum
2221 5351 2292 5406 de
2320 5353 2695 5422 hujuscemodi
2714 5356 3043 5415 diversitatis
3063 5360 3273 5432 origine
3292 5361 3681 5434 disquiramus.

2156 5443 2420 5498 Ricardus
2448 5443 2720 5502 Simonius
2747 5446 2912 5521 (Hist.
2943 5448 3072 5506 Crit.
3097 5450 3171 5506 N.
3195 5451 3256 5509 Τ.
3288 5469 3328 5519 ι,
3355 5454 3445 5526 t0)
3471 5469 3685 5525 expen-

2085 5549 2148 5589 so
2189 5534 2378 5591 codice
2415 5535 2844 5610 Cantabrigiensi
2871 5581 2888 5608 ,
2940 5541 2992 5595 in
3025 5557 3132 5612 qua
3165 5544 3452 5616 Evangelia
3484 5547 3681 5607 eodem

2083 5627 2294 5693 ordine,
2325 5644 2386 5685 ac
2419 5630 2470 5684 iu
2506 5638 2715 5697 nostra,
2747 5633 3048 5690 ell'eruntur
3074 5676 3090 5699 ,
3120 5651 3229 5690 nun
3265 5651 3390 5694 esse
3429 5640 3571 5696 hunc
3599 5642 3678 5699 illi

2082 5721 2407 5791 peculiarem
2446 5723 2743 5789 observat,
2789 5741 2910 5781 cum
2949 5742 3016 5783 ex
3068 5737 3380 5798 pervetusto
3425 5735 3680 5807 catalogo

371 5783 649 5845 hominem
678 5799 935 5862 spectatae
962 5793 1321 5868 integritatis,
1348 5815 1412 5857 ac
1443 5803 1586 5872 lidei,
1615 5806 1972 5877 perticiendo-
2077 5783 2404 5886 exemplaris
2433 5816 2928 5887 Sangermanensis,
2959 5783 3134 5891 inquo
3157 5819 3449 5897 Evangelia
3470 5783 3667 5906 cadens
