3976 6338
155 272 233 364 es
979 303 1193 364 EPIST.
1234 302 1480 362 PlilLlP.
1520 301 1888 376 causam,
1929 307 2018 365 ne
2057 307 2300 367 CODICE
2340 308 2688 368 nmxmno.
3403 311 3481 372 eo

157 421 304 479 serie
348 426 728 476 recensentur
757 461 771 486 ,
804 426 913 474 tum
958 434 1022 475 ex
1066 419 1372 474 Druthmari
1407 417 1526 474 loco
1552 460 1566 485 ,
1617 436 1777 490 quem
1808 426 1854 483 Λ
1887 433 1992 478 tem
2018 423 2430 494 Evangeliorum
2454 427 2713 493 Matthaei,
2745 424 2994 496 Joannis,
3021 443 3083 486 ac
3112 431 3310 488 Marci:
3337 431 3484 505 quod

157 524 353 589 postea
393 512 743 570 videbimus.
797 511 1065 582 Additque
1106 527 1313 567 morem
1355 513 1494 567 hunc
1543 511 1716 567 videri
1754 530 1785 568 a

157 612 371 670 Latinis
398 609 689 665 invectum
720 651 736 676 ,
766 610 856 680 qui
888 607 1075 664 Graeca
1113 606 1439 679 exemplaria
1476 605 1544 661 ad
1571 608 1786 678 suipso-

158 720 282 763 rum
329 718 494 760 usum
528 701 948 760 describebant.
998 701 1103 760 Sed
1148 700 1269 768 vir,
1301 709 1494 757 cmtera
1541 701 1590 756 in
1622 701 1784 757 rebus

160 801 315 858 hisce
335 799 432 856 diu
461 799 824 869 multumque
842 805 1109 862 versatus,
1137 795 1456 866 ampliorem
1480 795 1643 851 etiam
1670 796 1784 850 lau-

160 895 284 952 dem
315 893 449 950 inde
477 902 913 958 consecuturus,
948 891 1050 948 nisi
1079 890 1411 962 praeiudiciis
1442 888 1783 956 indulsisset,

162 1004 272 1046 non
340 987 624 1055 attendit,
678 987 901 1043 Latinos
942 985 1186 1041 ordinem
1234 985 1376 1040 hunc
1423 983 1476 1038 in
1509 982 1782 1040 Canonem

164 1095 273 1139 non
305 1080 676 1148 invecturos,
724 1079 827 1134 nisi
857 1078 1221 1148 praeeuntibus
1247 1075 1580 1148 antigrapbis
1604 1118 1619 1143 ,
1664 1092 1785 1147 qua:

164 1183 561 1249 sequerentur.
606 1171 720 1229 Cur
744 1173 888 1228 enim
915 1171 1115 1227 Lucam
1142 1171 1322 1226 Marco
1342 1211 1358 1238 ,
1389 1180 1483 1225 aut
1509 1168 1594 1224 bis
1620 1168 1785 1224 Joan-

166 1287 291 1327 nem
317 1313 335 1340 ,
386 1285 497 1326 non
526 1285 666 1325 vero
694 1284 727 1324 e
753 1277 942 1324 contra
973 1268 1414 1339 anteposuissent
1439 1308 1452 1331 ,
1481 1281 1603 1321 cum
1632 1280 1786 1336 aeque

167 1367 234 1422 ad
279 1367 532 1437 ipsorum
566 1379 724 1419 nsum
768 1371 995 1434 utraque
1033 1361 1207 1417 series
1231 1361 1404 1432 aptari
1441 1360 1784 1417 commodum

171 1459 391 1530 posset?
442 1457 641 1527 Neque
691 1456 836 1511 aliud
891 1455 1185 1524 quidquam
1230 1469 1261 1510 e
1311 1455 1428 1510 loco
1474 1453 1785 1510 Druthmari

169 1567 366 1609 eruere
396 1559 640 1624 poterat,
675 1565 834 1621 quam
865 1548 917 1603 in
945 1547 1136 1604 codice
1164 1545 1374 1616 Hilarii,
1408 1556 1612 1603 uttunc
1643 1549 1786 1603 tere-

173 1646 352 1711 batur,
383 1643 730 1710 Manlianum,
759 1651 814 1698 et
839 1642 1103 1698 Joannem
1127 1643 1339 1697 exteris
1371 1641 1667 1712 praeivisse.

248 1739 447 1795 Millius
474 1739 547 1794 de
587 1737 891 1794 teconomia
927 1735 1028 1790 ista
1059 1732 1295 1789 Canonis
1318 1733 1372 1788 in
1404 1733 1788 1803 supralaudato

1888 515 2099 571 scilicet
2127 517 2385 573 Ecclesiae
2413 519 2481 574 ab
2503 522 2765 588 apostolis
2788 523 3118 591 eonsdtutze,
3153 533 3265 580 tum
3290 524 3359 581 ad
3387 542 3482 582 ea-

1887 625 2006 664 rum
2036 612 2341 681 exemplum
2371 623 2584 668 czeterae
2629 630 2818 671 omnes
2860 616 3050 673 eadem
3075 659 3090 682 ,
3137 628 3201 673 ut
3238 619 3475 690 genuina

1890 702 2013 759 ﬁdei
2055 703 2379 760 Christiana:
2426 706 2779 762 instrumenta
2827 723 3046 781 semper
3087 712 3484 783 suspexisscnt.

1888 800 2095 868 Quibus
2117 802 2191 857 ita
2217 805 2524 860 constitutis
2548 847 2563 873 ,
2594 816 2752 878 urget
2784 819 2966 876 postea
2995 819 3297 880 apostatam
3327 809 3485 866 illum

1889 894 2138 964 inquiens
2169 894 2324 969 (Cap.
2355 897 2444 969 4):
2475 897 2662 971 Itaque
2685 909 2732 954 et
2771 900 2834 953 de
2864 900 2943 954 Itis
2977 901 3211 956 Marcion
3236 904 3487 974 ﬂagitan-

1888 989 1987 1044 dus
2011 992 2154 1061 quid,
2185 994 2389 1048 omissis
2411 995 2505 1058 eis,
2532 993 2690 1050 Lacte
2711 995 2879 1066 potius
2903 996 3140 1050 institerit
3164 1014 3182 1051 :
3208 999 3356 1068 quasi
3384 1014 3488 1053 non

1888 1092 1935 1138 et
1958 1083 2064 1138 haec
2094 1085 2231 1156 apud
2257 1084 2517 1140 Ecclesias
2539 1103 2571 1140 a
2598 1088 2881 1160 primordio
2909 1091 3116 1161 fuerint.
3158 1090 3345 1156 Atquin
3377 1089 3489 1144 haec

1890 1179 2053 1250 magis
2081 1198 2112 1234 (ι
2135 1180 2419 1253 primordio
2445 1181 2608 1252 fuisse
2634 1181 2880 1236 credibile
2900 1192 2972 1236 est
2989 1225 3003 1247 ,
3037 1197 3106 1238 υτ
3129 1197 3319 1238 ιιιιιοηι
3341 1224 3355 1248 ,
3383 1195 3488 1246 om

1888 1288 2236 1340 Aposrouca,
2259 1285 2314 1328 ut
2344 1292 2458 1328 ram
2483 1276 2606 1348 ipsis
2629 1275 2872 1330 Ifeelesiis
2893 1276 3147 1330 dedicata.
3176 1274 3348 1348 Igitur
3361 1277 3488 1331 dum

1889 1377 2080 1423 constet
2102 1369 2210 1423 [nec
2230 1386 2428 1440 quoque
2451 1371 2591 1442 apud
2613 1369 2872 1425 Ecclesias
2905 1371 3064 1442 fuisse
3081 1413 3097 1438 ,
3129 1387 3223 1424 cur
3251 1386 3352 1424 non
3379 1368 3492 1425 Ιιαό

1889 1478 2091 1532 quoque
2112 1461 2347 1516 Marcion
2371 1463 2538 1536 attigit
2562 1505 2575 1528 ,
2600 1472 2687 1517 aut
2714 1463 3035 1518 emendanda
3070 1464 3115 1519 si
3157 1463 3450 1518 adulterata
3473 1505 3492 1532 ,

1888 1565 1979 1608 aut
2005 1555 2330 1626 agnoscenda
2351 1558 2393 1610 si
2437 1558 2635 1628 integra
2652 1558 2678 1612 .9
2701 1555 2843 1611 Nam
2874 1567 2920 1613 et
2947 1559 3184 1631 competit
3209 1567 3286 1624 ut,
3333 1559 3379 1612 si
3405 1557 3495 1628 qui

1891 1645 2232 1717 Evangelium
2260 1649 2612 1721 pervertebunt
2636 1693 2650 1715 ,
2703 1667 2880 1704 eorum
2908 1653 3071 1724 magis
3101 1659 3340 1705 curarent
3368 1667 3487 1721 per-

1889 1741 2194 1808 versionem,
2224 1757 2437 1807 οιιοιιυιι
2470 1758 2727 1799 SCIEBANT
2757 1760 3175 1800 AUCTORITATEM
3204 1759 3496 1801 RECEPTIO‘

179 1834 479 1903 exemplari
509 1832 589 1886 sic
615 1829 803 1885 statuit
829 1828 1063 1900 (Proleg.
1098 1845 1156 1882 η.
1191 1827 1389 1897 1269).
1432 1825 1672 1882 Consilio
1699 1827 1780 1881 vi-
1817 1823 1860 1882 B
1891 1848 2019 1888 neu.
2047 1832 2222 1888 Locus
2247 1834 2335 1890 hic
2365 1836 2681 1891 Tertulliani
2705 1852 2771 1891 eo
2794 1845 2876 1893 est
2906 1838 3193 1909 insignior,
3223 1854 3332 1909 quo
3370 1851 3495 1894 ma-

182 1925 382 1982 delicet
410 1924 704 1996 digestoris
733 1923 837 1978 hoc
866 1921 1086 1977 factum.
1118 1921 1197 1976 Ad
1225 1921 1430 1977 calcem
1477 1921 1621 1976 enim
1649 1921 1786 1977 Mat-

183 2017 309 2072 lhzei
340 2016 459 2072 hch
487 2015 708 2071 haberi:
761 2015 1068 2090 Εὐαγγὲλιον
1106 2016 1239 2071 κατά
1275 2016 1534 2071 Ματθαῖον
1563 2016 1783 2076 ἒτελέθη.

187 2108 416 2188 ἄρχεται
459 2109 762 2184 Ebur/illos
807 2111 936 2163 κατὰ
960 2107 1224 2172 ’1ωὰννην;
1278 2107 1401 2162 hinc
1443 2107 1675 2173 Lucam,
1723 2124 1788 2165 ac

190 2205 407 2260 tandem
450 2203 686 2259 Murcum
731 2217 852 2258 cum
900 2201 1091 2258 eadem
1139 2204 1414 2282 ἑπιγραφῇ.
1463 2200 1540 2257 Ita
1590 2218 1787 2274 nempe

192 2298 476 2370 dispositis
504 2299 658 2354 libris
679 2298 816 2362 istis,
844 2307 902 2352 ut
931 2297 1302 2367 apostolorum
1332 2297 1622 2369 Evangelia
1654 2314 1786 2369 apo-

199 2395 513 2450 stolicorum
565 2392 867 2464 Evangeliis
933 2401 1433 2463 praeponerentur;
1512 2393 1787 2462 quomodo

207 2488 446 2543 Marcum
465 2530 480 2553 ,
507 2496 562 2542 et
580 2487 775 2542 Lucam
803 2487 1165 2556 apostolorum
1196 2485 1427 2541 comites
1459 2495 1618 2539 vocat
1648 2486 1784 2541 'l‘er-

212 2579 474 2635 tullianus
496 2579 710 2652 (Contra
738 2578 980 2655 Marcion.
1006 2594 1080 2647 tv,
1117 2579 1205 2648 2).
1241 2579 1378 2646 Quid
1421 2579 1523 2633 sibi
1555 2578 1788 2633 voluerit

205 2672 259 2728 in
291 2671 474 2726 allatis
501 2672 698 2735 verbis,
729 2672 944 2726 consilio
963 2686 1162 2742 nempe
1205 2671 1494 2740 digestoris
1539 2671 1785 2726 ordinem

199 2763 347 2820 illum
375 2764 696 2830 obtinuisse,
726 2766 960 2836 profecto
989 2781 1098 2821 non
1126 2779 1408 2836 assequar.
1460 2764 1666 2834 Squte
1701 2765 1785 2820 in-

196 2855 356 2928 genio
382 2855 487 2911 hoc
518 2857 712 2913 iecisse
736 2858 1095 2928 antiquarium
1122 2899 1139 2923 ,
1183 2872 1360 2929 neque
1388 2857 1503 2926 ipse
1533 2872 1598 2912 ex
1626 2857 1785 2911 allata

195 2950 451 3026 ἄπηραφῇ
480 2959 625 3004 recte
652 2949 946 3019 coniecerit
972 2991 987 3015 ,
1016 2958 1076 3005 ut
1103 2957 1252 3020 puto.
1298 2948 1617 3006 Addebatur
1642 2950 1784 3004 enim

195 3043 264 3099 ab
288 3044 714 3115 exscriptoribus
738 3054 863 3100 nota.
903 3045 991 3099 illa
1018 3086 1033 3110 ,
1079 3055 1231 3099 utne
1270 3043 1530 3099 librorum
1574 3043 1707 3099 ordo
1735 3045 1786 3100 in
1864 3050 1868 3059 '

193 3136 603 3207 compingendis
645 3146 829 3207 postea
874 3135 1152 3192 codicibus
1194 3150 1390 3208 operas
1439 3137 1668 3192 falleret.
1720 3136 1786 3191 Et

1889 1925 1969 1997 gis
1997 1926 2318 1998 perplexus,
2365 1939 2416 1984 et
2443 1930 2565 1984 luce
2597 1929 2775 2000 aliqua
2809 1931 3056 2001 indigens
3089 1939 3147 1986 ut
3186 1939 3333 1986 recte
3361 1945 3497 1987 con-

1889 2027 2038 2088 stet,
2070 2030 2180 2076 tum
2213 2022 2374 2076 etiam
2403 2023 2530 2094 quia
2556 2064 2572 2091 ,
2624 2025 2690 2077 ad
2725 2024 3190 2094 investigandam‘,
3215 2041 3334 2095 qua:
3361 2024 3491 2080 olim

1891 2115 1944 2168 in
1971 2114 2219 2171 Africana
2255 2117 2497 2172 Ecclesia
2527 2118 2708 2188 vigere
2737 2121 2974 2190 potuerit
3001 2159 3015 2184 ,
3063 2119 3301 2174 Canonis
3345 2133 3494 2175 (eco-

1890 2207 2150 2275 nomiam,
2183 2208 2353 2266 facem
2380 2210 2537 2265 nobis
2563 2210 2801 2280 aliquam
2831 2210 3093 2282 praeferre
3118 2210 3388 2267 videatur.

1959 2302 2146 2374 Itaque
2173 2320 2294 2359 cum
2327 2306 2408 2359 vix
2440 2303 2606 2360 dubio
2637 2307 2706 2360 sit
2735 2307 2906 2372 locus,
2934 2306 3045 2377 jam
3073 2306 3140 2360 ab
3171 2306 3289 2377 ipsa
3317 2305 3497 2362 Evan-

1889 2395 2155 2466 geliorum
2181 2396 2420 2454 editione
2453 2397 2724 2452 Eeclesias
2755 2398 2895 2465 illas,
2927 2414 3152 2470 quarum
3180 2399 3232 2454 in
3262 2400 3404 2465 sinu,
3432 2407 3496 2455 ut

1891 2490 1961 2544 ita
2002 2489 2198 2557 dicam,
2227 2491 2417 2546 educta
2442 2490 2678 2552 fuerant,
2707 2507 2769 2546 ea
2799 2493 2908 2563 ipsa
2941 2503 2995 2548 ut
3022 2509 3173 2548 nova:
3204 2493 3361 2565 Legis
3399 2509 3496 2549 au-

1891 2582 2156 2637 thentieas
2189 2584 2400 2639 tabulas
2426 2598 2694 2652 servasse,
2725 2594 2780 2638 et
2803 2584 3046 2640 ﬁdelibus
3073 2595 3129 2640 ut
3159 2595 3283 2642 nota
3307 2595 3494 2643 essent

1889 2675 2168 2742 effecisse;
2225 2688 2334 2731 tum
2401 2677 2613 2732 illorum
2659 2679 2987 2748 exemplaria
3026 2679 3208 2734 statim
3256 2680 3308 2736 in
3357 2681 3494 2736 alias

1888 2771 2050 2826 etiam
2091 2770 2280 2825 diil'usa
2306 2789 2320 2828 :
2352 2773 2487 2839 sive,
2518 2773 2697 2844 missis
2726 2773 2792 2827 ad
2822 2773 2923 2828 hoc
2945 2774 3187 2838 notariis,
3213 2789 3276 2829 ea
3302 2773 3404 2828 sibi
3435 2781 3494 2830 ut

1889 2863 2325 2918 describerentur
2353 2866 2662 2920 curaverint
2695 2882 2710 2918 :
2751 2881 2844 2920 seu
2877 2865 3154 2936 discipulis
3191 2865 3323 2935 ipsis
3360 2881 3492 2936 apo-

1889 2958 2150 3012 stolornm
2173 2972 2276 3011 non
2297 2959 2496 3025 solum,
2513 2967 2572 3012 nt
2592 2959 2763 3030 inquit
2784 2959 3045 3014 Eusebius
3064 2957 3162 3033 (ll.
3187 2957 3252 3014 Ε.
3277 2974 3354 3026 ttt,
3370 2958 3490 3030 57),

1889 3049 2156 3129 κηρύττειν
2179 3053 2268 3107 τὸν
2295 3053 2512 3128 Χριστὸν
2547 3053 2988 3125 φιλοτιμουμένοις,
3036 3050 3132 3106 sed
3182 3051 3369 3116 etiam,
3398 3058 3492 3111 τήν

1889 3151 1989 3199 τῶν
2022 3144 2164 3198 θείων
2209 3145 2526 3218 Ebur/slis)»
2564 3143 2899 3222 παραδιδόναι
2927 3149 3142 3224 γραφήν,
3173 3151 3228 3198 et
3255 3141 3333 3198 sic
3366 3143 3490 3213 qni-

195 3227 352 3299 longe
381 3229 644 3284 vetustior
671 3229 906 3285 barbaro
942 3228 1068 3296 illo,
1119 3244 1184 3284 ac
1221 3229 1422 3285 misere
1449 3229 1661 3283 indocto
1687 3230 1706 3303 (
1732 3240 1786 3284 ut

1893 3235 2013 3290 dem
2041 3251 2070 3290 e
2102 3252 2159 3290 re
2190 3249 2312 3291 nata
2350 3221 2682 3292 credentium
2714 3237 2928 3292 utilitati
2955 3221 3171 3308 egregie
3199 3236 3494 3292 consulen-

194 3321 357 3392 ipsius
384 3322 567 3377 verbis
589 3320 754 3394 utar)
786 3321 1008 3377 librario
1037 3363 1052 3386 ,
1103 3321 1194 3393 qui
1239 3321 1608 3392 apographum
1654 3320 1786 3376 illud

193 3414 519 3488 descripsit,
552 3426 672 3472 erat
700 3417 804 3472 ista
828 3458 844 3483 ,
874 3415 942 3472 de
971 3431 1073 3488 qua
1104 3417 1478 3504 nunc‘agimus
1503 3458 1518 3484 ,
1551 3416 1788 3472 Canonis

190 3511 528 3580 series;'uti
577 3527 646 3568 ex
687 3510 1011 3567 Nazianzeni
1053 3512 1297 3568 carmine
1338 3513 1548 3568 viderat
1589 3513 1786 3568 Millius

191 3607 302 3679 ipse
331 3607 352 3680 (
374 3605 441 3661 In
470 3605 631 3661 Notis
657 3607 727 3660 ad
752 3607 946 3660 calcem
971 3604 1223 3677 Evangel.
1249 3604 1437 3659 Matth.
1466 3605 1506 3676 ).
1541 3604 1658 3661 Hoc
1688 3605 1786 3659 ita-

192 3714 293 3770 que
310 3699 568 3764 voluerit,
601 3699 659 3754 ni
689 3697 868 3765 fallor,
897 3712 1003 3753 non
1035 3707 1250 3768 sponte,
1277 3707 1369 3753 aut
1395 3712 1546 3765 casn,
1569 3698 1663 3754 sed
1695 3712 1786 3753 su-

195 3795 458 3865 periorum
501 3802 814 3865 temporum
875 3793 1192 3864 antigrapha
1241 3803 1486 3849 secutum
1534 3793 1782 3864 antiqua-

171 3887 351 3962 _rium,
382 3903 486 3944 non
519 3888 701 3951 aliter,
730 3895 892 3958 atque
919 3887 970 3941 in
1003 3888 1108 3942 illis
1135 3887 1396 3958 disposita
1428 3896 1583 3943 erant
1608 3887 1788 3943 Evan-

190 3981 346 4051 gelia,
372 3981 422 4038 in
451 3997 560 4038 suo
588 3983 902 4051 apograpbo
926 3980 1248 4036 collocasse.
1280 3980 1399 4036 Eos
1419 3996 1573 4049 vero,
1593 3982 1788 4052 quibus

188 4077 353 4133 series
382 4077 483 4133 ista
510 4077 770 4148 primitus
799 4076 1156 4147 usurpabatur
1179 4119 1194 4144 ,
1239 4075 1486 4148 dignitati
1518 4077 1790 4147 apostolo-

187 4185 302 4226 rum
334 4172 434 4228 boc
464 4171 608 4228 dare
636 4169 875 4226 voluisse
899 4174 1044 4241 (nam
1074 4185 1172 4226 cur
1200 4168 1376 4226 Lucas
1393 4170 1626 4226 Marcum
1654 4186 1792 4241 pra:-

187 4267 407 4320 verterit
433 4265 546 4319 alia
579 4273 664 4318 est
692 4262 834 4318 ratio
862 4263 1137 4334 ineunda)
1181 4270 1330 4318 recte
1356 4262 1608 4333 equidem
1657 4278 1792 4318 con-

183 4355 311 4426 iecit
338 4357 567 4412 Millius.
597 4355 784 4427 Neque
809 4362 989 4411 tamen
1022 4372 1088 4410 ex
1121 4357 1390 4420 adducto,
1427 4369 1529 4411 nec
1560 4356 1693 4410 satis
1725 4356 1793 4411 li-

185 4451 345 4521 quido
371 4450 702 4507 Tertulliani
746 4449 890 4514 loco,
921 4449 1013 4504 sed
1043 4465 1106 4503 ex
1138 4449 1260 4504 aliis
1289 4448 1530 4518 ejusdem
1566 4448 1796 4521 scripto-

187 4546 259 4600 ris
284 4563 396 4602 rem
424 4589 442 4613 ,
476 4547 554 4602 de
579 4560 684 4616 qua
713 4545 924 4614 agitur,
949 4543 1223 4598 illustrare
1253 4551 1498 4612 poterat,
1533 4544 1579 4598 si
1609 4557 1799 4598 vacas-

1889 3329 2033 3384 tibus
2060 3347 2072 3383 :
2107 3339 2162 3384 ut
2189 3331 2415 3395 scilicet,
2446 3331 2689 3385 nuntiato
2707 3331 2815 3398 iam
2844 3331 2975 3401 ipsis
3003 3331 3309 3399 Evangelia,
3336 3343 3492 3384 sacra

1889 3422 1980 3478 illa
2000 3423 2271 3478 volumina
2295 3423 2636 3483 describendi
2659 3423 2870 3494 copiam
2902 3424 3046 3480 ultro
3072 3423 3322 3479 ﬁdelibus
3351 3423 3494 3479 face-

1890 3526 2031 3572 rent.
2063 3516 2297 3572 Mattbaei
2327 3518 2576 3586 proinde,
2601 3518 2744 3588 quod
2778 3518 3008 3587 primum
3035 3518 3274 3573 omnium
3304 3516 3495 3573 lliero—

1889 3610 2134 3681 solymis,
2167 3620 2259 3665 aut
2289 3626 2396 3665 non
2435 3610 2624 3682 procul
2656 3621 2977 3680 emerserat,
3000 3611 3396 3666 confluentibus
3423 3625 3494 3668 eo

1890 3703 2150 3773 undique,
2189 3717 2287 3759 ceu
2323 3704 2390 3758 ad
2433 3703 2703 3758 nascentis
2729 3702 3126 3759 Christianis-mi
3166 3703 3492 3760 incunabula

1891 3796 2161 3864 ﬁdelibus,
2192 3797 2499 3868 apograpba
2531 3797 2636 3851 alio
2676 3807 2837 3868 atque
2886 3799 2992 3853 alio
3025 3797 3284 3853 translata
3311 3816 3324 3852 :
3355 3805 3494 3864 tum,

1889 3905 2149 3960 processu
2177 3890 2468 3961 :lemporis,
2500 3890 2662 3944 Marci
2701 3905 2764 3945 ac
2801 3891 2983 3953 Luem,
3023 3899 3297 3960 postremo
3326 3889 3493 3945 etiam

1891 3983 2114 4039 Joannis
2155 3983 2426 4038 Ecclesias
2462 3996 2654 4038 omnes
2689 3997 3123 4053 quaquaversum
3173 3995 3492 4052 occupasse.

1893 4075 2060 4132 Sicuti
2104 4091 2233 4131 vero
2277 4091 2382 4130 non
2431 4076 2610 4130 statim
2665 4075 2862 4146 ubique
2903 4076 3141 4146 gentium
3185 4074 3496 4131 constituta:

1893 4177 2022 4224 sunt
2051 4169 2330 4244 Ecclesize,
2374 4168 2533 4224 citius
2563 4169 2856 4240 provinciis
2883 4169 3169 4240 aliquibus,
3203 4168 3376 4225 serius
3403 4167 3497 4224 alii

1897 4263 1963 4317 ad
1996 4263 2116 4318 iidei
2149 4272 2550 4318 sacramentum
2575 4263 2813 4328 vocatis;
2847 4263 2945 4330 ita,
2982 4277 3078 4332 pro
3105 4263 3315 4317 ratione
3345 4262 3496 4316 loco-

1897 4370 2038 4422 rum,
2071 4369 2134 4409 ac
2161 4363 2486 4425 temporum,
2520 4355 2682 4410 modo
2704 4355 2807 4412 hoc
2833 4355 2992 4410 modo
3014 4354 3142 4409 illud
3164 4370 3229 4410 ex
3253 4353 3498 4425 Evange-

1900 4448 1987 4503 liis
2014 4459 2200 4503 nactas
2229 4463 2415 4503 carum
2453 4451 2664 4519 aliquas
2694 4448 2745 4504 in
2788 4449 3003 4506 codices
3032 4463 3162 4504 suos
3202 4447 3496 4503 retulisse:

1905 4550 2016 4596 tum
2055 4551 2109 4595 et
2132 4551 2328 4596 caetera
2357 4541 2543 4607 etiam,
2589 4551 2748 4611 prout
2783 4542 3016 4624 occasio,
3055 4551 3146 4596 aut
3186 4539 3412 4597 facultas
3437 4554 3500 4606 se

187 4648 285 4695 set.
317 4641 428 4696 llos
460 4642 652 4710 itaque
679 4646 865 4708 utpote
894 4637 1156 4703 insignes,
1185 4651 1306 4691 cum
1338 4636 1405 4691 ab
1432 4637 1550 4706 ipso
1576 4679 1591 4704 ,
1619 4645 1732 4691 tum
1763 4651 1792 4691 a
1823 4623 1874 4683 Ι)
1901 4634 2120 4700 dabant,
2159 4634 2454 4690 addidisse.
2492 4635 2555 4688 Et
2577 4637 2645 4688 ita
2676 4634 2926 4690 ordinem
2959 4636 3165 4691 nullum
3217 4637 3402 4700 ﬁxum,
3433 4651 3499 4693 ac

186 4735 310 4789 viris
337 4734 579 4791 eruditis
605 4734 660 4788 in
693 4733 835 4788 notis
863 4733 930 4788 ad
975 4731 1230 4789 eumdem
1281 4731 1586 4801 praeteritos
1613 4745 1797 4802 Opera:

185 4829 412 4898 pretium
467 4829 737 4884 iacturum
785 4842 874 4882 me
916 4834 1051 4896 puto
1079 4825 1124 4880 si
1157 4824 1434 4895 paulisper
1461 4825 1795 4895 expendero.

257 4922 355 4978 Hic
392 4922 641 4993 scriptor
665 4961 681 4989 ,
719 4920 1018 4976 constituto
1063 4919 1215 4988 prius
1254 4917 1550 4989 evangelici
1595 4917 1797 4972 instru-

183 5017 349 5072 menti
377 5022 640 5072 anctores
665 5012 941 5085 apostolos
969 5008 1234 5081 esse(Cit.
1256 5008 1374 5064 Lib.
1398 5026 1471 5076 iv,
1493 5007 1574 5080 2),
1600 5007 1796 5073 quibus

187 5108 288 5164 hoc
332 5124 543 5164 munus
569 5105 902 5177 praedicandi
933 5103 1213 5173 Evangelii
1259 5118 1290 5158 a
1321 5101 1550 5156 Domino
1604 5102 1797 5159 fuisset

184 5203 504 5276 impositum
531 5221 546 5257 :
587 5211 701 5258 tum
733 5209 789 5256 et
815 5199 1175 5271 apostolicos,
1205 5196 1455 5253 sed‘cum
1490 5196 1752 5267 apostolis
1779 5235 1794 5260 ,

188 5307 244 5352 ut
283 5300 404 5368 ipse
450 5296 577 5362 ait,
629 5304 685 5350 et
725 5303 848 5365 post
872 5292 1171 5363 apostolos.
1233 5290 1434 5346 Lucam
1480 5303 1613 5344 vero
1659 5289 1797 5345 nihil

187 5390 328 5446 aliud
356 5389 642 5454 docuisse,
664 5403 824 5457 quam
849 5387 991 5458 quod
1031 5386 1100 5442 ab
1131 5384 1389 5456 apostolis
1415 5383 1677 5439 Ecclesiae
1705 5381 1793 5437 di-

190 5483 495 5550 dicissent;
554 5481 864 5551 tactumque
917 5487 1200 5550 propterea
1252 5491 1319 5531 ex
1385 5475 1485 5530 hac
1531 5473 1794 5530 doctrina:

187 5577 556 5633 consensione
585 5581 646 5629 ut
673 5572 832 5628 Luczr.
863 5571 1210 5642 Evangelium
1236 5568 1459 5640 perinde
1482 5582 1547 5623 ac
1575 5577 1794 5636 aposto-

188 5668 353 5724 lieum
382 5677 804 5724 monumentum
826 5681 854 5720 a
889 5664 1138 5721 ﬁdelibus
1165 5664 1534 5731 reciperetur;
1577 5660 1793 5731 taleque

189 5777 407 5834 semper
435 5760 583 5832 apud
602 5759 724 5814 illos
750 5760 1034 5826 mansisse,
1069 5757 1225 5829 quale
1243 5755 1402 5812 etiam
1425 5770 1525 5810 suo
1550 5763 1793 5823 tempore

194 5858 524 5929 tuebantur;
573 5853 766 5911 eadem
795 5853 1021 5914 subinde
1051 5851 1266 5912 ratione
1293 5851 1476 5907 ﬁrmat
1501 5849 1816 5919 auctoritarg

1897 4737 2107 4783 certum
2135 4736 2261 4782 tunc
2281 4727 2580 4782 adhibitum
2607 4728 2868 4783 credibile
2897 4737 3015 4794 est;
3047 4727 3242 4795 donec,
3265 4728 3498 4797 vulgatis

1893 4822 2004 4893 jam
2035 4831 2263 4892 quatuor
2291 4821 2620 4891 Evangeliis,
2649 4837 2713 4876 ac
2739 4823 2938 4892 passim
2978 4821 3273 4883 distractis,
3307 4818 3498 4874 Eccle-

1898 4917 2099 4972 siarum
2123 4915 2242 4969 alia:
2272 4915 2534 4970 rationem
2560 4917 2841 4986 temporis,
2869 4931 2976 4984 quo
3017 4913 3349 4985 prodierant,
3379 4913 3500 4970 alia:

1902 5014 2190 5065 amborum
2222 5008 2505 5077 habentes,
2523 5008 2884 5065 diversimode
2904 5009 2993 5063 illa
3019 5008 3072 5062 in
3091 5007 3204 5061 suis
3223 5007 3503 5076 exempla.

1900 5103 2052 5159 ribus
2077 5099 2338 5157 extulere.
2387 5100 2456 5156 Et
2481 5101 2834 5158 Orientalium
2873 5098 3089 5171 quidem
3122 5099 3381 5171 plurimas
3409 5115 3502 5156 or-

1901 5194 2080 5250 dinem
2124 5193 2384 5264 temporis
2431 5203 2646 5250 secutas
2688 5195 2914 5248 innuere
2961 5193 3174 5249 videtur
3213 5192 3496 5264 Origenes.

1900 5285 2284 5343 Ecclesiastico
2325 5285 2469 5342 enim
2526 5284 2782 5340 insistens
2832 5283 3039 5340 Canoni
3093 5285 3166 5341 ita
3217 5293 3501 5342 enumerat

1901 5379 2194 5451 Evangelia
2241 5379 2499 5445 Mattbazi,
2544 5378 2729 5444 Marci,
2777 5377 2958 5448 Lucae,
3009 5393 3073 5435 ac
3119 5379 3377 5446 Joannis,
3432 5388 3494 5437 ttt

1899 5475 2061 5530 etiam
2086 5489 2208 5544 qua:
2245 5472 2460 5529 illorum
2499 5472 2668 5542 prius,
2717 5487 2839 5543 quae
2883 5481 3068 5544 postea
3105 5473 3407 5543 prodierint
3430 5488 3499 5530 ex

1901 5567 2190 5623 traditione
2218 5573 2497 5636 acceptum
2543 5564 2792 5636 designet
2821 5566 2945 5639 (Ap.
2987 5564 3177 5622 Euseb.
3206 5565 3282 5620 II.
3325 5564 3394 5619 E.
3421 5582 3496 5635 vi,

1899 5659 2015 5732 25).
2059 5659 2314 5715 Eamdem
2345 5658 2568 5729 seriem,
2597 5659 2865 5715 Eusebius
2892 5667 3100 5725 tuetur;
3126 5674 3244 5730 qua:
3286 5665 3495 5730 postea,

1901 5754 2231 5823 Hieronymo
2270 5751 2551 5824 Vulgatttm
2583 5751 2932 5823 interpretem
2981 5758 3322 5818 recensente,
3353 5750 3496 5821 apud

1900 5844 2274 5921 occidentales
2294 5845 2456 5902 etiam
2486 5845 2764 5903 Ecclesias
2784 5844 3032 5902 obtinuit.
