3968 6332
474 327 547 414 27
1870 357 2414 416 PROLEGOMENA.
3716 358 3795 414 as

540 470 745 530 Verum
773 471 906 528 alias
934 485 1042 530 non
1064 477 1392 542 temporum,
1415 469 1512 526 sed
1539 471 1828 528 authorum
1859 471 2072 526 ratione
2100 473 2146 531 Α
2180 481 2356 527 rasset
2386 489 2404 527 :
2451 487 2514 528 ac
2542 471 2802 542 deinceps
2841 471 3115 544 Epocbam
3144 473 3431 545 quamdam
3461 472 3794 545 Evangelio—

467 566 684 633 habita,
735 567 1032 637 apostolos,
1077 565 1275 622 deinde
1313 566 1644 636 apostolicos
1698 567 1751 622 in
1800 566 2077 622 codicibus

466 661 582 718 suis
611 660 945 732 disposuisse
971 678 986 716 :
1013 676 1136 716 cum
1164 661 1443 732 exemplar
1466 671 1730 730 nostrmn,
1778 676 1842 717 ac
1876 660 2074 716 Carita-

466 754 763 827 brigiense,
798 764 910 810 tum
944 754 1076 810 illud
1112 755 1316 821 Hilario
1339 754 1488 822 olim,
1518 753 1657 809 fatua
1683 765 1860 820 tenus,
1903 754 2076 809 tribu-

466 857 581 910 tum
623 863 654 902 a
684 847 1013 903 Drutbmaro
1044 846 1492 907 manifestissime
1529 849 1803 904 evincunt.
1855 845 1925 901 Et
1956 846 2077 918 qui-

465 939 588 996 dem
629 939 681 993 in
725 939 982 995 Africana
1024 939 1295 1007 Ecclesia,
1341 956 1410 998 ex
1450 941 1653 1012 duplici
1698 941 1798 996 ista
1841 939 2077 1000 CanOnis

463 1034 610 1092 serie
626 1044 900 1090 servatam
920 1033 1172 1099 alteram,
1202 1035 1360 1091 tidem
1389 1035 1568 1092 facere
1589 1034 1839 1092 videntur
1857 1035 2072 1090 adducti

464 1125 788 1200 Tertulliani
835 1127 964 1184 loci.
1014 1129 1280 1184 Auctores
1322 1129 1534 1188 scilicet
1578 1129 1856 1199 Evangelii
1907 1129 2078 1188 fuisse

461 1218 682 1291 quidem
727 1229 782 1276 et
827 1220 1178 1291 apostolicos,
1228 1221 1323 1278 sed
1370 1236 1492 1277 cum
1537 1223 1819 1292 apostolis,
1868 1231 1923 1278 et
1962 1232 2077 1294 post

462 1312 749 1385 apostolos.
805 1313 928 1368 Mox
976 1313 1136 1368 etiam
1184 1313 1422 1369 clarius:
1470 1315 1660 1385 Atquin
1689 1316 1796 1368 liter:
1843 1316 2006 1384 magis
2046 1332 2078 1369 a

466 1405 754 1484 primordio
795 1406 956 1476 fuisse
995 1406 1239 1462 credibile
1265 1417 1336 1463 est
1364 1423 1429 1463 ur
1469 1423 1660 1464 annosa
1689 1424 1795 1474 qua
1844 1422 2076 1465 aros'ro-

467 1517 611 1558 mea.
670 1501 747 1557 De
792 1511 1072 1572 tempore,
1113 1502 1258 1574 quod
1290 1502 1623 1573 prodierant,
1679 1504 1916 1558 locutum
1946 1501 2077 1558 Ter-

473 1595 759 1669 tullianum
807 1610 970 1651 nemo
1013 1611 1178 1651 satius
1209 1595 1523 1652 crediderit.
1581 1596 1860 1651 Diversum
1900 1596 2079 1665 itaque

471 1688 678 1761 aliquid
728 1689 954 1748 innuero
1025 1688 1194 1745 voluit
1253 1689 1380 1757 ista,
1430 1699 1488 1744 ut
1539 1689 1616 1744 sic
1671 1687 1868 1754 dicam,
1935 1691 2081 1759 prio-

469 1781 654 1848 ritate,
689 1797 796 1853 qua
821 1781 1118 1852 principem
1154 1781 1414 1847 Mattbaai,
1445 1796 1510 1838 ac
1535 1781 1760 1838 Joannis
1788 1781 2078 1854 Evangelia

2179 585 2298 623 rum
2322 569 2621 636 statuisset,
2652 567 2827 624 Potest
2855 569 3074 641 (inquit)
3097 570 3207 639 ipse
3225 571 3351 623 ordo
3380 567 3796 639 Evangeliorum

2178 662 2293 716 ideo
2323 662 2399 716 sic
2426 662 2624 727 haberi,
2659 671 2714 716 ut
2738 679 2870 717 unus
2899 665 3162 734 apostolus
3189 663 3254 718 sit
3284 665 3338 718 in
3357 666 3546 735 capite,
3578 663 3713 718 alter
3737 663 3800 717 in

2179 755 2305 824 ﬁne,
2335 763 2385 808 et
2412 753 2492 808 illi
2523 754 2627 808 duo
2663 755 2750 824 qui
2794 755 2927 809 inter
2953 757 3098 824 ipsos
3125 755 3397 822 habentur,
3429 756 3800 810 auctoritatem

2179 850 2244 904 ab
2272 848 2400 919 ipsis
2428 849 2631 904 duobus
2660 848 2897 904 habeant.
2949 849 3070 904 Vidi
3102 859 3267 903 tamen
3295 849 3485 904 librum
3518 845 3802 921 Evangelii

2178 958 2343 1015 grtece
2388 945 2656 1008 scriptum,
2710 946 2796 1012 qui
2838 942 3104 1000 dicebatur
3132 943 3327 999 Hilarii
3375 945 3556 1016 fuisse,
3607 945 3660 998 in
3693 959 3803 1013 quo

2178 1036 2334 1107 primi
2377 1045 2525 1089 erant
2569 1034 2870 1103 Mattltazus,
2921 1045 2969 1090 et
2997 1035 3248 1101 Joannes,
3302 1046 3350 1090 et
3406 1037 3660 1104 posterius
3705 1035 3805 1090 alii

2180 1126 2305 1181 duo.
2366 1125 2691 1200 Interrogavi
2738 1126 3086 1196 Euphemiam
3142 1127 3378 1182 Granum
3429 1144 3522 1182 cur
3573 1129 3672 1182 hoc
3722 1130 3804 1181 ita

2181 1229 2349 1274 esset:
2378 1219 2509 1273 dixit
2528 1220 2655 1274 mihi
2685 1236 2703 1274 :
2732 1220 2799 1273 ln
2812 1220 3202 1275 similitudinem
3225 1220 3345 1275 boni
3373 1220 3648 1291 Agricoltr,
3680 1221 3801 1288 qui,

2179 1328 2308 1382 quos
2343 1314 2580 1383 fortiores
2622 1315 2772 1370 habet
2811 1315 2976 1381 boves,
3029 1316 3196 1386 primo
3231 1317 3431 1389 jungit.
3482 1315 3630 1372 Nihil
3683 1315 3804 1382 ltir,

2183 1406 2327 1462 unde
2353 1407 2629 1464 Simonius
2659 1409 2801 1464 hunc
2839 1409 3086 1465 ordinem
3115 1423 3147 1464 a
3173 1408 3381 1463 Latinis
3411 1410 3686 1465 invectum
3711 1425 3808 1465 as—

2181 1515 2366 1558 serere
2391 1511 2594 1572 posset.

2253 1596 2536 1652 Cutantius
2567 1599 2619 1653 in
2653 1598 2771 1654 Vita
2803 1599 2858 1656 S.
2897 1599 3083 1654 llilarii
3111 1599 3366 1670 operibus
3402 1598 3521 1668 ejus
3548 1596 3802 1669 praefixa,

2182 1702 2410 1758 quorum
2440 1691 2719 1762 exemplar
2747 1691 3131 1762 pulcherrimae
3158 1691 3414 1748 editionis
3442 1699 3661 1756 vestrae,
3693 1691 3806 1746 liu-

2183 1783 2427 1838 mauitati
2484 1798 2548 1839 ac
2595 1785 2983 1840 benevolentize
3025 1799 3150 1856 erga
3219 1799 3306 1840 me
3353 1794 3458 1838 tua:
3507 1792 3803 1852 acceptum

469 1874 651 1936 locum
696 1875 1009 1945 adscripsit.
1057 1875 1245 1946 Neque
1285 1875 1455 1941 aliud,
1488 1877 1543 1930 ui
1573 1875 1751 1942 fallor,
1785 1876 1886 1932 nisi
1935 1876 2077 1948 quod
2111 1878 2158 1937 B
2185 1875 2384 1941 refero,
2417 1877 2674 1932 observat
2699 1876 3074 1932 describendis
3119 1877 3267 1932 illum
3296 1875 3464 1930 sacris
3496 1875 3677 1931 Libris
3702 1892 3802 1930 va-

473 1967 616 2039 apud
660 1967 932 2024 Ecclesias
977 1968 1029 2022 in
1076 1983 1354 2024 sacrorum
1397 1967 1462 2024 Ν.
1494 1969 1558 2026 Τ.
1610 1970 1870 2026 librorum
1915 1986 2079 2034 censu

477 2059 906 2130 apostolicorum
939 2060 1028 2114 illa
1063 2070 1473 2130 praeverterent.
1510 2062 1683 2129 Quam
1714 2064 2080 2134 conjecturam

473 2155 670 2212 fulcire
700 2156 952 2212 videntur
997 2159 1279 2228 sequentia
1329 2172 1343 2212 :
1388 2156 1528 2212 Nam
1565 2166 1618 2213 et
1654 2159 1896 2229 competit
1925 2169 2001 2223 ut,
2038 2159 2082 2213 si

475 2250 566 2322 qui
616 2249 956 2320 Evangelium
1007 2251 1376 2322 pervertebant,
1417 2268 1592 2306 eorum
1637 2253 1800 2323 magis
1843 2263 2085 2308 curarent

474 2344 871 2421 perversionem.
899 2359 1114 2408 ρυοιιυιι
1145 2359 1402 2401 εειεωατ
1434 2361 1856 2402 AUCTORITATEI
1884 2360 2084 2402 RECEP-

476 2451 702 2511 TlOREI.
733 2437 940 2505 Quibus
972 2437 1151 2492 verbis
1179 2437 1310 2493 nihil
1343 2438 1488 2493 aliud
1535 2438 1772 2494 sensisse
1819 2439 1965 2493 illum
1997 2453 2084 2494 ar-

474 2529 669 2602 bitror,
718 2546 900 2602 quam,
948 2539 1238 2602 utcumque
1289 2531 1532 2602 ejusdem
1562 2531 1902 2586 authoritatis
1942 2531 2083 2601 apud

479 2625 889 2683 Ecclesiascum
917 2627 1313 2695 apostolorum,
1338 2634 1449 2683 tum
1473 2627 1890 2695 apostolicorum
1915 2625 2083 2680 Evan-

477 2717 617 2788 gelia
644 2728 850 2784 essent,
882 2719 1122 2788 priorum
1166 2729 1369 2786 tamen,
1403 2719 1585 2782 babita
1619 2719 1978 2788 apostolatus,
2023 2734 2086 2775 ac

478 2812 776 2883 magisterii
811 2814 1040 2881 ratioite,
1083 2829 1182 2869 usu
1225 2814 1368 2882 apud
1405 2814 1525 2870 illas
1581 2814 1746 2870 luisse
1798 2816 2081 2885 potiorem,

479 2904 626 2976 quod
664 2914 718 2964 et
763 2905 1097 2976 frequentior
1125 2908 1178 2962 in
1207 2906 1377 2962 divini
1400 2907 1547 2962 verbi
1594 2906 1981 2977 praedicatione
2020 2907 2086 2963 ab

477 2999 546 3056 iis
576 3009 852 3071 peteretur
890 3000 1214 3066 autltoritas,
1257 3010 1312 3058 et
1360 3002 1531 3073 prima
1573 3017 1793 3071 semper
1826 3014 1954 3056 ante
1998 3001 2087 3056 illa

479 3095 911 3170 apostolicorum
970 3096 1026 3152 in
1079 3096 1376 3168 synaxibus
1433 3097 1767 3167 legerentur.
1817 3095 2086 3166 Quidquid

480 3198 661 3244 tamen
693 3187 762 3244 de
793 3190 895 3245 hoc
921 3189 992 3246 sit
1025 3189 1336 3259 (veritatem
1362 3191 1506 3246 enim
1539 3191 1592 3246 in
1625 3199 1772 3246 tanta
1800 3189 2087 3246 vetustatis

2183 1984 2384 2034 casse;
2415 1969 2580 2042 idque
2630 1985 2696 2027 ex
2753 1979 3078 2027 testamento
3126 1971 3182 2026 S.
3242 1970 3494 2040 Perpetui
3547 1970 3799 2040 episcolii

2184 2065 2540 2132 Turonensis,
2592 2066 2645 2121 in
2689 2082 2797 2138 qtto
2847 2067 3044 2137 legavit
3094 2065 3411 2137 Euphronio
3453 2065 3803 2137 Augustodu-

2183 2160 2338 2214 nensi
2385 2159 2580 2214 librum
2633 2160 3070 2231 Evangeliorum,
3118 2176 3264 2230 quem
3307 2161 3516 2230 scripsit
3559 2158 3804 2213 Hilarius

2187 2253 2508 2310 Pictaveusis
2553 2255 2812 2326 quondam
2858 2255 3100 2309 sacerdos
3129 2271 3148 2308 :
3201 2265 3361 2323 atque
3416 2252 3561 2308 hunc
3619 2254 3799 2322 ipsum

2184 2348 2354 2413 credi,
2387 2347 2476 2416 qui
2509 2350 2803 2403 etiamnum
2836 2348 3066 2403 'l‘uronis
3098 2349 3148 2401 iu
3194 2347 3433 2402 Ecclesia
3479 2346 3539 2402 S.
3569 2344 3795 2401 Gatiani

2185 2450 2450 2497 serVatur.
2508 2439 2588 2494 Ex
2616 2440 2811 2509 quibus
2852 2440 3163 2494 tesmmenti
3202 2438 3380 2494 verbis
3412 2447 3586 2508 putat,
3629 2439 3803 2492 inter-

2187 2538 2388 2607 pretari
2415 2551 2573 2605 posse
2591 2535 2811 2589 allatum
2851 2535 3158 2588 Drutlimari
3193 2534 3410 2588 locant:
3448 2542 3505 2587 ut
3537 2532 3801 2587 nimirum

2188 2629 2246 2687 S.
2283 2628 2466 2684 llilarii
2501 2628 2678 2684 dictus
2705 2629 2775 2682 sit
2799 2627 2966 2684 codex
2996 2628 3108 2693 ille,
3133 2629 3254 2697 quia
3285 2643 3445 2682 manu
3472 2627 3640 2696 ipsius
3658 2641 3802 2680 εκθ-

2187 2733 2360 2778 ratus.
2388 2721 2500 2791 Ego
2533 2737 2681 2786 vero;
2712 2722 2756 2776 si
2791 2721 2914 2776 licet
2939 2720 3085 2788 paria
3127 2721 3325 2786 facere,
3359 2730 3648 2790 utcumque
3685 2734 3801 2772 non

2189 2815 2490 2885 improbem
2514 2814 2884 2882 conjecturam
2910 2815 3050 2869 lianc
3071 2814 3171 2869 viri
3195 2812 3517 2878 doctissimi,
3549 2822 3802 2882 putarem

2190 2918 2369 2962 tamen
2387 2907 2629 2962 codicem
2655 2907 2803 2960 illum
2832 2923 2994 2961 unum
3020 2921 3086 2961 ex
3115 2905 3369 2960 Asiaticis
3395 2905 3583 2971 luisse,
3608 2904 3801 2973 quem,

2189 3017 2312 3057 cum
2347 3003 2397 3055 in
2428 3000 2658 3073 Phrygia
2690 3001 2815 3055 exul
2865 3009 3068 3072 ageret,
3103 3000 3295 3054 studiis
3330 2997 3443 3054 suis
3487 2998 3806 3053 adhibuerit

2193 3094 2428 3150 llilarius
2456 3110 2468 3146 :
2492 3109 2617 3147 mox
2644 3093 2711 3147 ab
2742 3093 2908 3148 exilio
2938 3103 3222 3148 revertens
3261 3091 3316 3146 in
3343 3091 3571 3161 patriam
3595 3089 3808 3146 retule-

2193 3195 2281 3248 rit.
2312 3195 2368 3249 ln
2396 3209 2553 3265 quam
2583 3189 2951 3262 conjecturam
2980 3206 3046 3246 eo
3093 3189 3301 3244 facilius
3329 3188 3548 3243 ductum
3598 3201 3691 3244 me
3724 3186 3802 3240 fa-

479 3282 710 3353 caligine
737 3281 1066 3352 eonjecturis
1109 3283 1326 3354 assequi
1369 3279 1662 3353 tentamus)
1702 3282 1946 3352 quamvis
1976 3297 2082 3338 non
2113 3283 2157 3346 C
2193 3293 2329 3352 teor,
2375 3285 2519 3357 quod
2559 3301 2656 3355 per
2685 3300 2843 3354 quam
2894 3283 3202 3338 verosimile
3247 3282 3317 3336 sit
3369 3281 3601 3336 minoris
3656 3279 3807 3334 Asia:

481 3378 657 3431 ausim
687 3389 784 3444 pro
811 3385 961 3432 certo
988 3375 1267 3433 affirmare
1291 3375 1610 3432 Tertulliani
1648 3391 1766 3432 tevo
1810 3378 1864 3432 in
1899 3377 2084 3433 Eccle-

481 3469 582 3526 siis
621 3469 730 3525 illis
758 3472 991 3540 primum
1039 3470 1094 3525 in
1121 3469 1343 3526 Canone
1370 3470 1549 3526 locum
1579 3472 1841 3540 apostolis
1869 3473 2086 3538 datum;

485 3564 856 3628 verosimilius
883 3574 1066 3620 tamen
1097 3564 1202 3620 hoc
1231 3574 1361 3635 puto
1381 3580 1448 3620 ex
1476 3565 1657 3621 allatis
1674 3565 1898 3634 hujusce
1919 3565 2092 3635 scrip-

483 3657 623 3718 toris
646 3655 802 3723 locis,
833 3671 968 3726 quos
993 3672 1156 3728 supra
1180 3657 1585 3729 perpendimus.
1606 3657 1750 3721 Dixi.
1778 3656 2091 3714 Tertulliani

481 3764 629 3813 tero;
681 3763 804 3806 nam
839 3760 1023 3820 postea
1069 3749 1259 3806 eadem
1305 3764 1429 3820 qua:
1461 3750 1518 3805 in
1544 3751 1866 3807 recensione
1895 3750 2089 3806 Hiero-

484 3842 636 3912 nymi
677 3843 848 3899 series
893 3843 1157 3900 obtinuit:
1213 3844 1408 3900 saltem
1457 3846 1513 3900 in
1552 3842 1986 3916 Carthaginiensi,
2033 3853 2091 3900 ut

482 3937 653 4008 liquet
681 3951 747 3993 es
779 3937 1247 4007 Evangelistarum
1275 3937 1490 4004 ordine,
1519 3953 1679 4008 quem
1704 3938 1775 3995 ibi
1815 3946 2087 3994 servatum

482 4031 676 4088 scribit
701 4030 1036 4100 Augustinus
1063 4031 1260 4107 (Serm.
1294 4031 1422 4095 144,
1452 4031 1517 4087 de
1545 4029 1779 4103 Temp.).

555 4125 711 4194 Quod
757 4125 827 4180 de
859 4125 1118 4181 Ecelesiis
1157 4124 1355 4180 Africae
1406 4125 1463 4179 in
1501 4123 1844 4196 disponendo
1872 4122 2091 4180 Canoue

484 4215 932 4287 conﬁciebamus,
983 4217 1084 4272 hoc
1113 4216 1180 4274 de
1209 4215 1508 4272 Galliarum
1549 4216 1916 4295 aliquibusut
1952 4215 2091 4286 idip—

484 4324 607 4368 sum
637 4324 744 4364 non
781 4309 900 4365 sine
931 4309 1174 4364 veritatis
1197 4307 1378 4379 specie
1403 4307 1677 4363 affirmare
1710 4307 2092 4378 possimus.fa-

480 4403 633 4458 ciunt
656 4401 880 4462 codices
902 4415 1064 4472 supra
1097 4401 1324 4457 laudati.
1353 4399 1611 4468 Quamvis
1629 4400 2090 4471 Cautabrigiensis

481 4510 589 4554 non
629 4495 889 4552 Ecclesiae
913 4496 1034 4562 ulli,
1066 4496 1162 4552 sed
1192 4496 1402 4567 privato
1427 4494 1642 4552 cuidam
1673 4496 1728 4552 in
1761 4512 1858 4551 usu
1901 4495 2082 4563 fuerit,

477 4594 573 4666 qui
603 4601 811 4650 retenta
836 4592 1114 4648 dumtaxat
1137 4609 1261 4665 quae
1279 4594 1390 4649 illic
1415 4593 1632 4665 vigebat
1655 4593 1894 4650 Canouis
1923 4594 2085 4661 serie,

2198 3378 2466 3434 Ecclesias
2505 3378 2557 3432 in
2589 3375 2931 3446 disponendo
2969 3373 3215 3439 Canone,
3271 3388 3376 3427 non
3410 3381 3617 3427 attenta
3658 3369 3809 3426 serie

2186 3483 2525 3543 temporum,
2558 3472 2756 3540 quibus
2800 3469 3092 3540 Evangelia
3123 3467 3458 3539 prodierant,
3487 3465 3584 3520 sed
3619 3463 3806 3518 habita

2193 3566 2534 3637 apostolatus
2580 3565 2808 3630 ratione,
2853 3560 3086 3618 Mattbari
3121 3563 3374 3632 primum,
3422 3557 3565 3630 quod
3598 3557 3808 3628 ubique

2192 3659 2456 3730 gentium,
2501 3667 2612 3711 tum
2667 3655 2913 3722 Joannis,
2956 3669 3119 3725 aquo
3157 3653 3483 3714 constitutio,
3526 3662 3808 3721 rectmque

2194 3752 2428 3816 inerant,
2471 3751 2523 3804 in
2573 3750 2790 3804 codices
2822 3764 2948 3803 suos
3000 3747 3274 3802 retulisse.
3321 3745 3520 3814 Sicque
3569 3743 3810 3799 fortasse

2194 3845 2391 3901 factum
2425 3851 2482 3899 ut
2511 3859 2628 3898 mos
2655 3842 2747 3897 ille
2771 3843 2932 3897 etiam
2963 3841 3015 3895 in
3044 3839 3244 3896 Gallias
3276 3839 3654 3902 inveheretur,
3699 3835 3807 3890 nisi

2185 3940 2297 4011 jam
2330 3947 2485 3994 antea
2512 3938 2841 3993 obtinuerat.
2865 3935 3019 4003 Quod
3053 3943 3260 4005 pateret
3301 3931 3645 3995 luculentius,
3673 3931 3723 3985 si
3753 3931 3808 3985 itt

2192 4031 2414 4088 laudato
2457 4029 2769 4100 apographo
2802 4027 3059 4084 Ecclesiae
3105 4025 3458 4089 Turonensis,
3488 4031 3616 4078 ante
3659 4023 3814 4079 exsi-

2193 4127 2349 4193 lium,
2381 4127 2426 4180 si
2456 4127 2526 4180 ita
2559 4135 2662 4188 est,
2704 4127 2772 4181 ab
2804 4125 3008 4180 llilario
3036 4122 3332 4192 descripto,
3381 4122 3494 4192 pari
3535 4121 3704 4185 serie,
3748 4137 3813 4176 ac

2194 4222 2247 4275 in
2277 4217 2679 4289 supralaudatis
2733 4217 2919 4272 Canon
2950 4215 3292 4288 procederet.
3325 4214 3491 4268 Multo
3521 4227 3653 4267 vero
3694 4229 3812 4268 ma-

2190 4313 2275 4383 gis
2307 4313 2407 4367 boc
2453 4311 2581 4365 mihi
2628 4311 2900 4376 suaderet,
2949 4312 2992 4363 si
3022 4324 3207 4364 verum
3253 4318 3418 4372 esset,
3453 4306 3598 4376 quod
3653 4317 3815 4376 putat

2192 4404 2495 4469 Cutantius,
2544 4403 2830 4466 Hilarium,
2889 4413 3007 4471 post
3061 4400 3496 4456 Commentarios
3553 4400 3605 4453 in
3664 4399 3812 4456 Mat-

2193 4499 2417 4565 tltzeuin,
2451 4496 2630 4552 statim
2660 4511 2846 4551 curam
2877 4497 3024 4549 lianc
3063 4495 3115 4548 iu
3166 4494 3427 4549 Jdannem
3461 4493 3812 4549 extendisse.

2194 4593 2267 4646 Ita
2312 4593 2457 4647 enim
2505 4589 2894 4661 exemplarium
2927 4604 3147 4645 suorum
3179 4588 3425 4643 ordinem
3455 4588 3610 4658 sequi
3659 4587 3816 4645 vide-

479 4695 678 4745 ecetera
722 4701 822 4759 per
868 4701 1138 4742 summam
1189 4688 1462 4743 licentiam
1493 4701 1616 4742 cum
1667 4689 1720 4744 in
1761 4689 2086 4760 Evangeliis,
2117 4681 2168 4742 D
2197 4686 2376 4740 batur.

480 4789 596 4836 tum
629 4779 712 4836 vel
758 4778 994 4834 maxime
1024 4779 1077 4833 iu
1119 4777 1267 4834 Actis
1305 4779 1689 4850 Apostolorum
1731 4782 1805 4836 ita
1851 4781 2090 4848 miscuit,

481 4871 725 4936 invertit,
767 4870 1000 4936 recedit,
1041 4879 1120 4938 ut,
1174 4879 1312 4928 teste
1343 4872 1530 4939 Millio,
1569 4874 1660 4944 qui
1691 4872 1823 4928 illud
1869 4889 2093 4929 accura-

487 4966 700 5022 tissime
729 4965 997 5036 iuspexit,
1022 4966 1288 5032 omnium,
1318 4975 1583 5038 quotquot
1613 4969 1681 5023 ad
1725 4978 1915 5025 nostra
1953 4977 2091 5024 tem-

482 5076 620 5133 pora
672 5075 992 5132 pervenere,
1047 5050 1587 5132 interpolatissimum
1643 5063 1876 5120 dederit.
1936 5063 2092 5120 Unde

486 5172 596 5214 non
643 5155 919 5212 immerito
960 5155 1189 5212 Simonii
1231 5156 1500 5228 judicium
1549 5155 1852 5223 desideres,
1902 5157 1992 5226 qui
2037 5150 2089 5212 iu

486 5249 713 5306 historia
742 5246 944 5304 Critica
972 5247 1037 5302 Ν.
1068 5249 1132 5304 Τ.
1163 5249 1482 5304 adornatam
1519 5247 1585 5302 ad
1617 5259 1900 5320 corruptos
1929 5248 2094 5306 hosce

488 5341 668 5404 fontes
691 5341 938 5398 Latinam
968 5341 1278 5397 versionem
1303 5357 1412 5396 non
1444 5340 1614 5397 semel
1647 5343 1786 5396 male
1813 5343 2095 5397 consultus

489 5435 790 5502 credidisse
819 5434 1084 5490 videatur.
1123 5435 1230 5490 Sed
1261 5451 1383 5490 cum
1410 5435 1480 5492 de
1501 5433 1835 5506 antigrapliis
1874 5435 1994 5491 istis
2025 5437 2097 5490 sit

490 5544 696 5598 sermo,
720 5529 1001 5585 videamus
1024 5543 1169 5586 nunc
1194 5527 1503 5584 Drutbmari
1525 5529 1728 5596 locum,
1750 5542 1908 5599 quem
1931 5543 2091 5600 supra

499 5622 798 5694 tetigimus.

566 5715 670 5771 llic
689 5715 921 5787 scriptor
950 5713 1172 5788 (Ea-pos.
1204 5716 1260 5770 in
1309 5714 1496 5769 Matth.
1536 5731 1656 5786 cap.
1708 5715 1763 5786 l)
1813 5722 2093 5784 postquam

496 5808 870 5880 Evangelistas
917 5819 1148 5878 quatuor
1208 5809 1539 5877 fluminibus,
1587 5825 1706 5879 qua:
1763 5823 1790 5861 a
1839 5807 2095 5861 Paradiso

492 5902 789 5979 voluptatis
837 5903 1079 5977 exibant,
1123 5913 1235 5964 tum
1264 5913 1498 5978 quatuor
1540 5903 1831 5962 elementis
1872 5917 2097 5975 compa-

2268 4777 2406 4835 Num
2439 4793 2570 4833 vero
2596 4794 2664 4834 ex
2693 4778 2906 4832 laudato
2948 4775 3259 4832 Drutltmari
3290 4777 3410 4831 loco
3438 4785 3587 4832 recte
3617 4778 3810 4849 conje-

2195 4873 2336 4928 cerit
2363 4871 2574 4926 clariss.
2600 4869 2799 4934 editor,
2832 4870 2883 4923 in
2923 4868 3247 4939 antigraplto
3277 4868 3485 4933 Hilarii,
3521 4879 3649 4939 post
3675 4869 3818 4925 Mat-

2197 4966 2419 5033 tlueum,
2452 4979 2516 5019 ac
2557 4965 2838 5028 Joannem,
2887 4964 3216 5033 posteriores
3244 4962 3382 5018 dttos
3429 4961 3679 5018 Marcum
3733 4966 3818 5034 (ut

2197 5057 2314 5126 ipse
2338 5057 2436 5126 ait)
2460 5071 2521 5112 ac
2538 5056 2738 5110 Lucam
2773 5055 3127 5124 proceSsisse,
3155 5054 3419 5110 incertum
3444 5055 3674 5111 omnino
3700 5067 3809 5112 est.

2199 5148 2499 5203 Videntlum
2533 5154 2818 5216 propterea
2851 5146 2918 5200 ab
2948 5146 3034 5213 iis,
3083 5160 3250 5214 penes
3297 5160 3436 5216 quos
3477 5147 3817 5216 vetustiores

2197 5243 2414 5298 codices
2436 5250 2748 5311 supersunt,
2782 5256 2908 5298 num
2944 5240 2998 5293 iu
3027 5241 3223 5308 quibus
3253 5239 3536 5294 Mattltzeus
3565 5251 3620 5296 et
3641 5241 3816 5297 Joan—

2200 5350 2296 5390 nes
2329 5333 2662 5405 praacedunt,
2692 5333 2862 5387 Lucas
2903 5345 3140 5401 semper,
3169 5332 3369 5389 deinde
3398 5333 3633 5399 Marcus,
3667 5346 3732 5390 ut
3760 5337 3813 5390 iu

2199 5435 2408 5491 nostro,
2438 5441 2502 5480 ac
2535 5423 2988 5494 Cantabrigiensi,
3019 5439 3086 5478 an
3129 5439 3285 5480 secus
3308 5435 3629 5494 sequantur.
3670 5427 3814 5483 For-

2201 5535 2346 5579 tasse
2370 5522 2515 5577 enim
2547 5535 2615 5575 ex
2659 5519 2875 5574 diversa
2903 5532 3092 5573 eorum
3123 5519 3266 5574 serie
3295 5533 3415 5573 cum
3449 5534 3570 5574 mos
3616 5521 3815 5578 Eccle-

2199 5620 2426 5681 siarum,
2481 5629 2544 5669 ac
2598 5613 2929 5682 privatorum
2977 5612 3030 5665 iu
3078 5611 3364 5680 dirigendo
3411 5612 3640 5668 Canone
3695 5616 3817 5670 erui

2202 5723 2422 5786 posset;
2455 5720 2564 5764 tum
2595 5709 2755 5762 etiam
2787 5706 3058 5776 quodnam
3105 5721 3171 5760 ex
3210 5706 3520 5776 Evangeliis
3551 5706 3721 5763 Lucze
3750 5725 3817 5763 ac

2201 5806 2364 5863 Marci
2418 5804 2650 5874 primum
2697 5800 2804 5855 illis
2847 5797 3085 5854 nancisci
3133 5800 3444 5869 contigerit.
3498 5799 3815 5871 Utcumque

2200 5899 2345 5959 enim
2375 5894 2637 5969 apostolis
2661 5892 2731 5950 ob
2750 5891 3062 5964 dignitatem
3088 5891 3296 5963 primus
3324 5891 3378 5950 in
3401 5891 3626 5951 Canens
3655 5895 3816 5953 locus
