3968 6332
143 386 205 446 29
894 383 1113 443 EPIST.
1155 383 1397 446 PHILlP.
1441 383 1824 454 GARBELLI,
1870 384 1959 443 DE
1997 385 2245 445 CODICE
2284 387 2633 449 BRIXIANO.
3356 390 3430 449 50

141 492 204 566 sit
229 507 409 565 datus:
438 506 507 565 de
526 507 682 567 'Luca
713 516 913 576 tamen,
946 526 1011 569 ac
1050 498 1236 567 Marco
1272 508 1579 579 ambiguum
1623 521 1719 565 cur
1746 506 1800 566 A
1823 506 1912 563 ille
1946 507 2179 578 Spiritus
2212 509 2424 565 nescire
2455 509 2811 579 permitteret.
2842 509 2908 566 Et
2935 509 3133 567 mirum
3155 510 3428 581 profecto.

140 604 221 661 ille
246 603 379 659 hunc
404 605 763 675 praeverterit.
794 609 872 662 An
900 606 1024 678 quia
1060 607 1236 662 serius
1257 605 1420 661 Marci
1443 605 1721 675 exemplar

140 688 401 754 habuerint
432 697 531 760 illi.
560 698 757 766 quibus
784 699 916 753 ordo
949 699 1038 754 illc
1068 697 1454 767 usurpabatur.
1489 698 1629 753 Luca
1663 698 1716 755 in

139 789 329 847 codices
357 798 515 844 antea
549 790 743 857 relato,
773 805 841 846 an
889 791 989 845 alia
1036 790 1105 847 de
1150 805 1334 848 causa.
1367 789 1528 846 Forte
1556 789 1719 846 etiam

138 882 279 940 Luae
325 880 626 955 principem
672 892 796 954 post
852 883 1130 954 apostolos
1174 882 1351 939 locum
1408 881 1718 949 tribuerint,

139 974 262 1051 quod
321 973 478 1044 longe
526 973 770 1041 uberius,
833 990 992 1045 quam
1048 974 1281 1037 Marcus.
1339 973 1718 1045 Evangelicatn

138 1054 396 1137 historiam
435 1066 745 1139 digesserit,
779 1068 1022 1140 repetitis
1048 1067 1303 1124 videlicet
1332 1068 1494 1123 altius
1521 1067 1717 1134 rebus;

141 1173 184 1220 et
209 1169 489 1217 stemmate
529 1160 836 1217 Servatoris
864 1164 1162 1218 secundum
1200 1176 1418 1217 carnem
1473 1169 1721 1215 accurate

139 1258 345 1330 digesto.
366 1255 530 1312 Certe
560 1255 614 1311 in
639 1254 741 1310 hoc
764 1256 1028 1325 rationem
1056 1255 1314 1326 temporis
1343 1269 1447 1310 non
1468 1253 1722 1309 habuisse

138 1352 262 1417 illos,
286 1349 424 1422 apud
469 1364 608 1421 quos
636 1364 699 1407 ea
732 1348 966 1405 Canonis
1006 1349 1177 1406 series
1203 1349 1436 1420 vigebat,
1478 1365 1545 1404 ex
1576 1360 1723 1404 vete-

137 1446 274 1503 ribus
312 1443 501 1515 liquet,
532 1443 623 1514 qui
651 1442 911 1510 Marcum,
941 1451 1069 1501 ante
1116 1442 1338 1511 Lucam,
1372 1442 1721 1513 Evangelium

138 1524 279 1595 suum
307 1538 497 1595 litteris
526 1537 881 1611 consignasse
910 1545 1257 1611 putaverunt.
1284 1538 1357 1592 uti
1382 1538 1629 1606 superius
1657 1554 1723 1595 cx

136 1630 345 1705 Origene
390 1630 843 1700 observabamus,
892 1632 1053 1687 aliter
1086 1641 1264 1685 tamen
1298 1631 1567 1685 sentiente
1597 1629 1723 1687 Cle-

136 1710 303 1782 mente
318 1725 703 1792 Alexandrino,
732 1726 845 1797 qui,
878 1726 1112 1782 Eusebio
1142 1734 1281 1781 teste
1307 1723 1404 1798 (11.
1429 1722 1493 1779 E.
1518 1741 1587 1789 vt,
1612 1724 1722 1795 li),

140 1820 490 1897 z‘w/s'mt'epOatt
517 1816 691 1893 ἔλεγεν
719 1827 818 1874 τῶν
839 1819 1153 1893 Εὐαγγελίων
1182 1820 1247 1873 τὰ
1271 1818 1591 1894 περιέχοντα
1631 1824 1726 1881 τὰς

1824 601 1966 669 quod
2006 601 2225 656 criticns
2273 602 2374 658 iste
2400 614 2689 673 utrumque
2715 604 3099 674 evangelistam
3130 604 3271 663 haud
3311 620 3429 662 ser-

1824 702 1963 749 vatur
2003 695 2249 749 decentia:
2278 710 2387 750 non
2420 697 2795 766 postulaverit,
2827 699 2969 768 quod
3017 714 3125 754 non
3155 698 3337 765 altius,
3368 709 3427 754 ut

1828 795 2011 856 postea
2048 786 2310 855 Joannes,
2355 802 2385 841 a
2411 788 2763 857 generatione
2802 788 2979 844 divina
3024 789 3189 845 Verbi
3219 791 3430 845 iuitiutn

1823 878 2125 934 stemmatis
2140 880 2648 953 sumpserint(tliem
2668 880 2898 937 fortasse
2910 880 3153 937 dicturus
3171 882 3430 947 Eusebio,

1824 971 1913 1043 qtti
1949 973 2277 1041 provinciam
2326 970 2465 1028 hanc
2507 988 2535 1026 a
2580 974 2786 1043 Spiritu
2826 985 3012 1029 sancto
3043 974 3120 1029 illi
3146 987 3420 1032 servatam

1824 1064 2171 1138 scripsisset).
2200 1064 2315 1122 Hoc
2341 1067 2485 1122 enim
2514 1066 2581 1121 ad
2610 1082 2879 1123 summam
2903 1083 3109 1135 rerum,
3138 1067 3206 1123 de
3233 1069 3430 1139 quibus

1826 1154 2083 1227 deinceps
2127 1172 2289 1228 agere
2332 1158 2605 1215 debebant
2656 1160 2837 1217 facere
2878 1161 3101 1217 omnino
3132 1161 3432 1219 videbatur.

1826 1250 1893 1305 Et
1938 1252 2214 1320 perversis
2256 1253 2418 1307 etiam
2469 1253 2720 1324 ingeniis,
2766 1268 2887 1324 qua:
2921 1253 3105 1311 Jesum
3136 1255 3430 1322 Christum,

1827 1345 1903 1399 uti
1936 1343 2211 1400 hominem
2244 1344 2542 1414 dumtaxat,
2569 1356 2724 1403 erant
2752 1348 3086 1415 traductura,
3115 1365 3183 1405 ne
3210 1349 3279 1406 ad
3310 1353 3430 1405 hor-

1828 1437 1993 1492 renda
2030 1437 2121 1493 illa
2151 1439 2334 1494 brevia
2365 1439 2673 1497 miserrime
2694 1441 3081 1512 impingerent,
3113 1441 3285 1499 facem
3307 1458 3437 1517 prte-

1828 1530 2103 1587 tulissent.

1899 1625 2318 1685 Observavimus
2358 1628 2493 1699 jam,
2541 1638 2800 1701 quantum
2832 1630 3082 1701 equidem
3116 1646 3214 1702 per
3238 1641 3315 1687 tot
3342 1648 3437 1689 ste.

1828 1720 2074 1777 culorum
2122 1723 2371 1778 nebulam
2406 1726 2720 1794 prospicere
2762 1726 2919 1784 nobis
2954 1727 3132 1792 licuit,
3162 1744 3326 1799 quem
3376 1730 3432 1785 in

1828 1811 2049 1867 Canone
2082 1812 2407 1885 Evangelico
2445 1816 2782 1891 disponendo
2810 1818 3058 1875 ordinem
3086 1820 3332 1891 quaedam
3363 1837 3429 1878 ex

137 1911 446 1997 Putaui“.
480 1908 689 1995 Nempe
710 1911 853 1982 quod
880 1912 1019 1977 fons,
1050 1910 1353 1981 fundusque
1385 1910 1723 1982 Evangvlicze
1756 1906 1800 1966 Β
1828 1903 2215 1974 Orientalibus,
2272 1917 2383 1963 tum
2434 1907 2655 1975 Arl‘lCil),
2706 1924 2769 1965 ac
2829 1910 3125 1973 Galliarum
3175 1913 3436 1970 Ecclesia:

139 1992 357 2057 hiStorize
385 2016 561 2073 genus
586 1992 789 2059 Christi
835 2002 987 2075 juxta
1036 2002 1219 2058 carnis
1258 1998 1719 2070 dispensationem

136 2092 239 2153 esse
257 2096 555 2165 videretur,
579 2100 865 2169 propterea
896 2094 1261 2153 verositnilius
1286 2111 1408 2151 esse
1434 2095 1723 2151 arbitratus

139 2190 203 2244 cst
224 2172 498 2255 Clemens,
541 2189 751 2245 munito
777 2189 892 2259 jam
920 2204 950 2245 a
980 2188 1229 2243 Matthaeo
1260 2203 1321 2243 ac
1351 2187 1493 2243 Luca
1527 2189 1721 2245 itinere

140 2282 240 2347 isto,
264 2284 694 2354 constitutaque,
724 2282 867 2355 quod
894 2282 1124 2351 primum
1154 2281 1396 2337 omnium
1421 2280 1548 2335 sciri
1563 2296 1723 2351 opor-

142 2376 275 2441 lebat.
308 2388 440 2432 tunc
483 2386 539 2432 et
591 2377 829 2432 Marcum
882 2374 1177 2445 Evangelio
1229 2388 1329 2427 suo
1388 2373 1717 2428 incubuisse.

142 2468 233 2525 Dixi
281 2487 311 2522 tt
355 2468 612 2524 Mattiaco
664 2480 710 2523 et
757 2466 933 2533 Luca;
988 2469 1237 2538 quamvis
1284 2466 1594 2538 ambiguum
1654 2468 1725 2521 sit

141 2557 342 2630 huncne,
376 2566 447 2617 an
481 2561 655 2627 illum,
705 2559 986 2631 prmivisse
1026 2561 1261 2615 senserit
1288 2556 1560 2614 Clemens.
1584 2559 1717 2615 For-

141 2662 255 2713 lasse
280 2666 467 2711 tamen
502 2654 818 2725 prmluxerit
868 2653 1151 2709 sententia:
1196 2652 1431 2717 illorum,
1479 2652 1570 2721 qui
1615 2652 1724 2722 pri-

140 2742 257 2803 mum
298 2758 434 2804 ante
487 2746 625 2803 alios
665 2747 719 2802 in
781 2744 1068 2802 scribenda
1130 2744 1448 2813 Evangelica
1498 2743 1719 2799 historia

138 2836 273 2901 fuisse
319 2843 531 2899 Lucam
577 2841 934 2898 arbitrantur.
966 2843 1115 2911 Quos
1145 2841 1286 2895 inter
1313 2839 1421 2895 duo
1452 2854 1483 2894 e
1512 2850 1723 2909 protes-

137 2926 343 2992 iantihus
371 2952 464 2992 vv.
490 2949 573 2991 cc.
603 2934 929 3005 Basnagius,
960 2922 1013 2988 et
1038 2930 1300 2988 Clericus.
1339 2931 1431 2986 llic
1470 2934 1613 2985 enim
1653 2930 1721 2985 ad

137 3020 379 3085 Dodwelli
426 3027 633 3094 locutu,
665 3027 853 3100 inquo
898 3025 1209 3081 Mattha-utu
1256 3024 1719 3096 Evangelistarum

134 3122 473 3194 antiquiorem
525 3128 855 3185 asseruerat,
913 3117 1017 3175 hoc
1048 3119 1294 3189 nuspiam
1336 3116 1618 3189 probatum
1663 3131 1722 3172 se

135 3204 308 3275 iidisse
346 3220 427 3275 ait
458 3216 707 3293 (Disscrl.
740 3231 818 3283 ιιι,
853 3217 917 3281 de
964 3231 1014 3270 tv
1074 3214 1391 3287 Evattgelt't's,
1424 3215 1493 3267 ad
1531 3214 1718 3268 calcem

1830 2000 2228 2066 usurpaverint.
2276 2000 2464 2056 Manus
2505 2011 2685 2059 tamen
2736 2020 2768 2063 c
2815 2008 3042 2077 vestigio
3085 2008 3192 2064 illis
3230 2008 3434 2075 daturi,

1828 2092 1920 2162 qui
1952 2107 2050 2146 nos
2094 2110 2190 2162 per
2232 2095 2443 2152 deserta
2476 2095 2593 2167 hare
2622 2099 2740 2153 loca
2784 2098 3129 2169 gradientes,
3165 2102 3214 2157 si
3252 2102 3434 2159 minus
3514 2152 3519 2155 ς

1829 2200 2014 2243 verum
2038 2231 2053 2255 ,
2082 2198 2139 2243 at
2166 2189 2355 2245 saltem
2384 2190 2526 2260 quod
2575 2192 2937 2259 verosimilius
2965 2195 3036 2251 sit
3067 2194 3300 2251 fortasse
3325 2213 3434 2251 non

1827 2278 2118 2337 adsecutos
2155 2282 2206 2337 in
2241 2284 2381 2337 viant
2409 2282 2701 2339 reduxerit.
2736 2285 2814 2341 Dc
2842 2287 3009 2349 ltalite
3037 2299 3259 2359 nostra,
3295 2305 3433 2359 pra:-

1828 2373 2041 2438 sertim,
2094 2374 2164 2429 tle
2213 2374 2441 2430 aliarum
2474 2377 2713 2437 ontnium
2766 2379 3006 2448 principe
3049 2380 3297 2437 Ecclesia
3334 2380 3441 2437 Ro-

1829 2478 1987 2519 mana
2008 2466 2134 2535 quid
2159 2467 2430 2534 conjicere
2458 2467 2509 2521 in
2538 2468 2761 2534 proclivi
2780 2469 2871 2533 sit,
2895 2468 3067 2526 fateor
3088 2486 3177 2527 me
3202 2473 3435 2527 nescire.

1828 2557 2089 2627 Quamvis
2130 2560 2276 2615 enim
2326 2562 2376 2615 in
2424 2562 2643 2617 Cauone
2691 2577 2791 2618 suo
2837 2563 3144 2629 Matthteum
3185 2565 3338 2631 olim,
3371 2578 3436 2621 ac

1826 2655 2113 2722 Joannem,
2168 2656 2379 2713 ratione
2420 2657 2601 2713 habita
2649 2658 3006 2728 apostolatus.
3058 2659 3269 2717 duobus
3320 2660 3439 2716 aliis

1828 2749 2091 2820 prmferre
2122 2752 2380 2819 patuerit,
2428 2752 2587 2822 idque
2632 2767 2700 2809 eo
2726 2754 2982 2823 amplius,
3014 2755 3158 2825 quod
3202 2755 3440 2813 JOannes

1826 2854 1882 2901 et
1911 2845 2095 2901 Rouuc
2123 2845 2318 2909 fuerit,
2349 2855 2403 2901 et
2434 2848 2497 2901 in
2518 2849 2730 2917 igneum
2769 2848 2950 2904 oleum
2974 2890 2989 2914 ,
3020 2859 3081 2904 ut
3105 2850 3277 2920 inquit
3300 2849 3437 2904 Ter-

1827 2937 2085 2999 tullianos
2110 2937 2412 3008 (perperam
2438 2938 2730 2995 Vaticanus
2758 2939 2988 3012 Nysseni
3016 2941 3189 2998 codex
3220 2943 3271 2997 in
3321 2942 3438 2997 lau-

1826 3028 2044 3087 datione
2071 3030 2239 3084 altera
2268 3030 2444 3087 sancti
2474 3030 2732 3097 Stephani
2767 3033 2911 3086 inter
2948 3044 3297 3095 monumenta
3333 3032 3437 3089 Ec-

1825 3119 2012 3177 clesia:
2062 3118 2268 3177 Graeca:
2321 3137 2351 3175 a
2401 3122 2467 3177 cl.
2534 3121 2805 3195 Zacaguio
2850 3125 2995 3180 edita
3028 3129 3099 3188 ιὶς
3125 3125 3295 3202 ὕδωρ)
3348 3126 3437 3183 de-

1827 3232 2041 3274 mersus
2096 3216 2222 3273 fidei
2260 3219 2628 3283 testimonium
2668 3218 2967 3285 reddiderit
3007 3222 3093 3290 (de
3129 3220 3434 3291 Prtcscript.

137 3302 368 3365 Harmon.
422 3308 800 3381 Evangelicat).
835 3309 966 3375 Quae
995 3307 1138 3363 enim
1170 3307 1342 3363 Grmci
1390 3308 1724 3362 recentiores
1750 3304 1795 3366 C
1832 3310 2030 3367 eret.
2061 3328 2178 3382 cap.
2210 3311 2328 3381 58);
2357 3311 2427 3368 de
2456 3311 2625 3379 Luca,
2654 3321 2832 3369 tamen
2862 3329 2926 3369 ac
2954 3314 3134 3370 Marco
3162 3323 3247 3372 est
3273 3315 3439 3377 utrin-

136 3402 359 3461 demtste
388 3403 805 3475 Evangeliorum
839 3404 1131 3460 commenti
1160 3412 1305 3468 sunt,
1338 3418 1397 3457 ea
1430 3402 1577 3457 nullo
1603 3401 1722 3456 fun-

134 3496 362 3554 damento
390 3497 513 3553 niti.
548 3496 658 3553 Sed
700 3495 877 3566 longa,
924 3505 980 3549 ιιι
1030 3508 1178 3567 puto,
1211 3495 1516 3551 intensione
1543 3494 1724 3564 operis

134 3587 326 3647 fallente
376 3590 665 3647 memoria.
699 3588 831 3645 Nam
883 3588 1023 3643 haud
1081 3588 1252 3643 multo
1290 3580 1419 3643 ante
1461 3587 1719 3642 dixerat:

136 3668 359 3757 Origenes
390 3702 497 3740 non
524 3683 679 3738 modo
706 3685 1009 3756 dogmatum
1036 3684 1117 3736 sui
1144 3684 1259 3749 tetri,
1292 3682 1384 3737 sed
1410 3692 1459 3736 et
1499 3681 1721 3752 antiqui-

132 3778 271 3833 lettttts
312 3777 779 3835 ecclesiasticarum
827 3776 1224 3831 callentisst'mus
1270 3776 1346 3829 ita
1396 3775 1461 3828 de
1501 3783 1723 3843 quatuor

134 3864 417 3943 Euangeliis
454 3871 683 3939 loquitur
708 3870 759 3923 in
799 3869 1089 3940 fragmento
1119 3869 1243 3922 tomt'
1268 3882 1289 3949 ει
1348 3856 1634 3921 Comment.
1668 3867 1721 3920 in

133 3959 301 4017 laus.
336 3962 483 4036 apud
507 3958 787 4017 Eusebium
821 3960 891 4015 Η.
939 3959 1007 4014 Ε.
1052 3976 1126 4026 \‘I,
1155 3959 1247 4026 25,
1273 3968 1477 4038 πρῶτον
1506 3962 1597 4031 μὲν
1624 3960 1723 4033 7i-

127 4059 416 4131 Ἱραπτσιιτὸ
437 4060 567 4115 κατά
584 4060 669 4115 τὸν
695 4058 821 4114 ποτὶ
842 4057 1078 4123 τελώνην,
1101 4056 1319 4141 ὕστερον
1339 4053 1393 4113 δὲ
1415 4053 1722 4112 Ἀπὸστολον

130 4151 272 4211 iaces
297 4160 538 4232 Χριστοῦ
563 4154 845 4211 Mareotica.
872 4152 1060 4219 Porro,
1083 4153 1127 4206 si
1156 4159 1275 4221 post
1302 4148 1596 4222 Origenem
1629 4164 1721 4205 re-

129 4236 381 4304 centiores
422 4246 603 4304 αττεθί
632 4244 965 4311 Matthtrum,
1014 4252 1140 4300 ante
1167 4252 1397 4317 caeteros
1439 4243 1724 4314 scripsisse

130 4338 277 4407 aiunt,
307 4340 669 4396 fundamento
700 4341 832 4395 satis
871 4326 1050 4395 valido
1080 4321 1346 4405 nitttnttir,
1390 4337 1723 4393 authoritate

130 4416 317 4493 scilicet
357 4438 602 4495 hominis
639 4437 1017 4511 antiquitatum
1068 4436 1573 4493 Ecclesiasticarum
1615 4436 1720 4492 cal-

128 4522 422 4599 lentissimi,
468 4530 559 4601 qui
610 4530 847 4602 primum
892 4530 1033 4586 inter
1065 4526 1357 4605 Evangelia
1399 4545 1428 4583 a
1471 4528 1723 4585 Mattbaeo

130 4622 266 4679 antea
297 4623 615 4696 publicano,
648 4623 847 4682 deinde
876 4624 1125 4697 apostolo
1166 4623 1294 4681 Iesu
1325 4622 1528 4681 Christi
1551 4626 1725 4696 scrip-

130 4716 227 4773 tum
250 4718 513 4776 asseruit.

186 4811 285 4869 Sed
328 4810 512 4870 multo
541 4812 791 4869 licentius
817 4810 1111 4883 Basnagitts
1150 4810 1279 4881 (Ad.
1306 4811 1369 4866 Α.
1404 4808 1463 4866 ε.
1488 4812 1603 4882 1.x),
1629 4812 1721 4883 qui

128 4912 180 4959 It
208 4905 409 4963 Lucam
443 4903 698 4961 Matthreo
732 4904 968 4974 priorem
996 4902 1300 4971 induceret,
1328 4904 1469 4960 inter
1493 4913 1722 4960 caeteras

126 4999 461 5069 conjecturas
500 4996 646 5054 lianc
675 4994 873 5055 aderre
902 5013 1009 5053 non
1047 4997 1348 5064 dubitavit;
1382 4998 1577 5054 melius
1618 4998 1724 5055 sci-

125 5089 239 5148 licet
276 5092 333 5149 in
374 5092 588 5149 Christi
616 5099 905 5147 stemmate
927 5090 1204 5148 efferendo
1241 5102 1329 5147 res
1355 5105 1724 5159 surcessuras,

126 5179 164 5242 si
191 5183 351 5246 Luca
396 5186 574 5258 prius,
624 5201 750 5242 mox
800 5184 1034 5241 Mattltsei
1086 5184 1222 5241 ordo
1261 5186 1615 5242 constitisset.
1649 5187 1727 5242 Ae

127 5291 405 5353 propterea
440 5297 509 5337 ex
557 5279 718 5351 hujus
760 5280 991 5347 decentia
1023 5278 1261 5336 futurum
1293 5287 1418 5335 tunc
1455 5279 1640 5345 fuisse,
1670 5289 1732 5337 ut

127 5373 238 5431 inde
262 5375 559 5447 inciperet,
582 5374 726 5429 unde
750 5373 961 5429 initium
980 5372 1301 5428 sumendum
1316 5371 1509 5437 fuerat,
1535 5388 1731 5444 nempe

126 5474 176 5521 et
203 5481 231 5521 a
272 5467 550 5525 missione
577 5464 753 5537 angeli
782 5464 850 5520 ad
880 5464 1234 5531 Elizabetam,
1264 5472 1427 5534 atque
1468 5463 1688 5521 Mariam
1714 5484 1727 5519 :

123 5567 176 5614 et
198 5560 265 5616 ab
290 5560 479 5617 edicto
504 5559 752 5630 Augusti,
792 5573 901 5631 quo
921 5557 1153 5630 impulsa
1173 5558 1339 5631 Virgo
1360 5560 1413 5613 in
1444 5558 1723 5616 Bethleem

123 5654 361 5725 perrexit
392 5652 579 5724 ibique
609 5652 836 5723 peperit.
867 5652 947 5709 Eu
975 5652 1073 5709 tibi
1113 5652 1386 5708 hominem
1418 5652 1725 5723 periculosa

124 5749 297 5806 Iaculi
330 5746 601 5819 sapientia
620 5760 775 5815 atque
801 5745 869 5803 de
897 5745 1136 5816 profante
1162 5744 1401 5801 historia:
1430 5761 1493 5801 ac
1541 5744 1608 5801 de
1645 5745 1730 5801 di-

123 5840 254 5899 vin:
268 5841 634 5915 acriptdribus
641 5841 995 5912 iudicantem,
1010 5840 1159 5912 quasi
1178 5853 1286 5896 non
1301 5838 1729 5897 istieséamucroi

124 5949 319 6006 essent;
337 5937 619 6011 quodque,
637 5936 705 5995 ad
727 5937 781 5995 id
809 5950 1005 5994 munus
1033 5944 1257 5994 vocatos
1268 5932 1726 6007 deceretﬁivinus

1828 3423 1935 3475 que
1973 3406 2280 3478 ambigendi
2332 3408 2504 3462 locus.
2542 3408 2605 3463 Et
2651 3424 2801 3474 sane,
2855 3408 2999 3479 quod
3046 3407 3328 3464 crederem
3366 3407 3435 3464 ad

1827 3497 2260 3569 disquisitionem
2304 3499 2441 3555 hanc
2487 3498 2787 3555 subsidium
2831 3500 3054 3570 aliquod
3095 3515 3126 3557 e
3178 3500 3435 3557 Vaticana

1826 3592 2035 3661 sperari
2068 3607 2249 3662 posse,
2282 3608 2564 3651 oraveram
2594 3593 2724 3665 olim
2771 3594 3259 3653 eminentissimum
3288 3594 3437 3663 prin-

1826 3684 2001 3753 cipem
2025 3683 2291 3755 Angelutn
2324 3685 2548 3743 Mariam
2573 3686 2857 3761 Quirinum
2883 3687 3140 3749 Romana:
3176 3687 3436 3744 Ecclesia:

1830 3776 2303 3834 bibliothecarium
2332 3790 2410 3844 ut,
2443 3780 2489 3843 si
2512 3780 2604 3849 qui
2630 3780 2848 3837 codices
2895 3780 2946 3835 in
2976 3795 3039 3835 ea
3061 3788 3432 3850 superessent,

1830 3870 1882 3926 in
1927 3871 2120 3940 quibus
2164 3871 2412 3929 diversus
2442 3888 2473 3928 a
2510 3872 2740 3941 Vulgata
2788 3871 2923 3927 ordo
2966 3873 3188 3943 vigeret,
3221 3888 3316 3928 eos
3354 3874 3437 3928 in-

1827 3968 1963 4035 spici
1989 3978 2020 4018 a
2049 3980 2135 4020 vv.
2165 3980 2247 4020 cc.
2278 3965 2522 4034 ejusdem
2545 3965 2893 4027 bibliotheca:
2913 3966 3231 4025 custodibus
3239 3966 3434 4035 jubere

1827 4054 2162 4123 dignaretur.
2194 4058 2321 4125 Qui,
2365 4067 2423 4113 ut
2449 4067 2535 4114 est
2574 4074 2684 4114 non
2725 4058 2915 4128 solum,
2944 4059 3110 4131 animi
3164 4060 3434 4133 magnitu-

1827 4150 1975 4217 dine,
2012 4150 2302 4221 splendore
2335 4167 2582 4224 operum,
2638 4152 3034 4219 munificentia,
3082 4152 3429 4221 liberalitate,

1826 4258 1947 4315 quae
1972 4258 2096 4299 vere
2128 4244 2423 4315 principem
2458 4246 2707 4315 deceant,
2752 4246 2847 4309 sed
2877 4246 3228 4307 scientiarum
3256 4244 3434 4312 laude,

1827 4336 2072 4393 fovendis
2128 4338 2345 4404 litteris,
2381 4340 2851 4409 provelteudisque
2880 4350 3167 4410 propterea
3207 4338 3437 4408 ingeniis

1827 4432 1893 4486 ad
1924 4431 2383 4488 immortalitatem
2409 4433 2644 4489 nominis
2673 4434 2867 4501 factus,
2916 4433 3053 4488 votis
3098 4432 3301 4487 nostris
3340 4430 3438 4484 be-

1827 4523 1989 4593 uigne
2031 4539 2302 4589 annuens,
2350 4534 2408 4580 ut
2456 4541 2608 4587 sacra
2660 4525 2751 4583 illa
2798 4534 3151 4581 monumenta
3200 4523 3439 4591 inspice-

1830 4623 2021 4675 rentur
2046 4618 2340 4673 mandavit.
2371 4618 2479 4675 Sed
2521 4620 2656 4676 nihil
2690 4619 2814 4689 inde
2838 4620 2977 4676 lucis
2996 4618 3219 4675 affulsit.
3243 4618 3433 4681 Omni-

1746 4708 1800 4768 D
1825 4708 1953 4775 bus,
1974 4717 2239 4782 quotquot
2266 4711 2513 4782 inspecta
2535 4723 2681 4780 sunt,
2704 4714 2773 4770 ad
2814 4713 3130 4786 Hieronymi
3157 4710 3432 4775 Canonctn

1829 4805 2179 4872 comparatis.
3204 4848 3205 4851 η

1902 4898 1980 4954 De
2008 4900 2224 4958 caeteris
2256 4900 2518 4959 Ecclesiis
2546 4902 2763 4974 longius
2797 4903 2856 4960 iu
2877 4901 3030 4961 Italia
3072 4900 3142 4955 ab
3169 4899 3317 4959 Urbe
3340 4915 3431 4958 se-

1830 4991 2029 5058 motis,
2060 4991 2354 5062 Cisalpinaa
2391 4997 2693 5067 praesertim
2726 4995 2916 5059 Gallia;
2940 5035 2957 5059 .
2990 4993 3150 5057 facile
3177 5002 3323 5055 esset
3365 4993 3433 5047 ad

1829 5100 1971 5152 rem,
2000 5084 2068 5141 de
2097 5100 2204 5156 qua
2233 5088 2467 5158 agimus,
2494 5104 2527 5144 e
2557 5099 2751 5145 vexato
2780 5086 3069 5157 Epiphanii
3100 5084 3329 5157 (ﬂwresi
3357 5083 3434 5157 ιι)

1829 5178 1955 5259 loco
1983 5179 2052 5237 de
2079 5178 2245 5237 Luca:
2275 5181 2329 5237 in
2363 5180 2538 5250 Italia,
2580 5180 2861 5250 Galliaque
2899 5178 3312 5251 praedicatione,
3337 5177 3437 5233 ali-

1831 5273 1964 5345 quid
1985 5275 2347 5332 comminisci.
2377 5275 2488 5333 Sed
2510 5275 2724 5344 longius
2746 5272 2999 5338 fortasse,
3024 5288 3186 5343 quam
3212 5286 3307 5342 par
3325 5279 3433 5335 est,

1832 5378 1889 5424 et
1916 5369 2140 5437 nostris,
2173 5378 2231 5427 et
2255 5368 2489 5426 aliorum
2515 5368 2852 5437 conjecturis
2879 5367 3223 5429 indulsimus.
3251 5363 3436 5433 Itaque

1836 5476 1905 5518 ex
1933 5463 2205 5519 aestuariis
2236 5462 2386 5517 hisce
2415 5461 2469 5518 in
2496 5462 2866 5527 continentem
2895 5458 3184 5532 aliquando
3225 5454 3433 5511 reducti

1840 5553 2167 5626 insigniores
2195 5555 2400 5625 aliquot
2441 5556 2595 5613 locos
2629 5555 2961 5627 exemplaris
3000 5552 3231 5625 hujusce
3259 5548 3471 5606 nostri.

1836 5646 2211 5719 inspiciamus.

1910 5738 2166 5807 Dixeram
2205 5754 2273 5797 ex
2310 5740 2648 5817 antigraphis
2676 5742 2786 5803 illis
2816 5755 3099 5808 manasse,
3144 5752 3265 5811 qua:
3305 5744 3433 5793 ante

1834 5831 2022 5893 Hilarii
2047 5841 2289 5904 tempora
2313 5832 2647 5892 ferebantur.
2675 5836 2741 5892 Et
2765 5834 2970 5893 fecerat
2994 5833 3120 5892 huic
3141 5828 3429 5891 assertioni

1834 5927 2011 5986 locum
2039 5928 2227 5986 beatus
2257 5929 2489 5999 Author,
2523 5931 2617 5987 lib.
2648 5946 2682 5984 ι
2710 5931 2780 5987 de
2811 5930 3103 5996 Trinitate,
3138 5941 3192 5981 n.
3220 5925 3311 5993 at,
3339 5924 3411 5978 ub
