3968 6332
554 276 620 333 51
1779 303 1790 310 ’
1938 303 2148 364 ριιου

2258 309 2474 370 lMENA.

551 392 620 453 de
642 395 899 472 perieope
927 399 1022 459 illa
1060 402 1289 476 loquens
1319 405 1484 467 Luere
1508 425 1650 482 xxn,
1679 392 1770 486 ιδ,
1801 416 1911 477 44:
1943 418 2014 476 Et
2034 425 2150 494 fac-

553 495 638 542 tus
663 489 719 545 in
743 495 932 563 agonia
959 497 1216 567 prolia‘ius
1246 502 1446 556 orabat.
1473 503 1541 560 Et
1569 509 1737 577 factus
1760 520 1837 567 est
1861 513 2021 567 sudor
2034 489 2154 589 ejus

549 581 681 636 sicut
707 594 867 656 gutta:
885 591 1156 660 sanguinis
1181 592 1502 652 decurrentis
1529 599 1581 653 in
1605 610 1950 676 terram,qua:
1977 607 2028 663 in
2057 581 2152 664 co-

555 673 676 730 dice
708 687 896 735 nostro
919 680 1138 738 desum.
1172 683 1287 741 Nec
1325 705 1450 744 sane
1473 692 1726 765 (inquit)
1749 673 2094 769 ignorandum
2123 719 2156 759 a

553 768 700 822 nobis
725 779 820 837 est,
851 782 898 826 et
921 773 977 828 in
1001 773 1218 846 Crtecis,
1251 789 1298 834 et
1327 782 1382 836 in
1412 781 1615 841 Latinis
1634 768 1894 846 codicibus
1921 796 2156 865 complu-

548 859 693 914 rimis
713 861 792 918 uel
816 864 880 918 de
907 866 1208 924 adveniente
1233 875 1439 946 angelo,
1462 879 1541 932 vel
1570 879 1634 934 de
1661 883 1852 940 sudore
1882 889 2153 960 sanguinis

548 951 624 1005 nil
648 955 898 1024 scriptum
925 963 1162 1032 reperiri.
1193 965 1579 1038 Ambigentibus
1601 973 1760 1044 igitur
1782 988 1953 1033 utrunt
1977 951 2074 1036 hoc
2095 984 2151 1038 in

547 1044 694 1102 libris
733 1051 894 1106 variis
929 1062 1019 1108 aut
1053 1056 1226 1126 desit,
1267 1071 1356 1115 aut
1394 1068 1712 1137 superﬂuum
1748 1071 1813 1126 sit
1853 1073 1872 1141 (
1899 1075 2149 1131 incertum

545 1138 682 1195 enim
723 1143 822 1198 hoc
861 1147 1008 1203 nobis
1052 1150 1359 1222 relinquitur
1407 1159 1472 1212 de
1518 1160 1813 1220 diuersitate
1855 1138 2146 1244 librorum)

541 1242 695 1302 certe,
720 1246 827 1292 etc.
863 1237 978 1307 Qua
1002 1241 1070 1297 de
1101 1258 1184 1309 re,
1223 1255 1314 1302 aut
1342 1264 1450 1320 quo
1486 1253 1690 1308 saeculo
1731 1271 1999 1326 expuneta
2028 1237 2146 1320 fue-

546 1325 658 1382 rint
686 1329 848 1385 verba
871 1331 984 1399 illa,
1013 1345 1107 1390 aut
1127 1353 1154 1391 a
1182 1339 1400 1409 quibus,
1426 1342 1478 1398 in
1507 1346 1744 1403 obscuro
1767 1325 1872 1408 est.
1901 1351 2147 1425 Expendi

546 1425 728 1476 tamen
751 1435 1033 1482 merentur
1049 1443 1145 1492 .ea.
1173 1445 1296 1503 qua:
1319 1432 1539 1492 Grotius
1561 1439 1629 1494 ad
1653 1439 1798 1497 hunc
1817 1442 1997 1499 locum
2024 1445 2146 1516 (ad-

543 1523 653 1567 not.
687 1515 741 1570 in
772 1514 1026 1593 Lucam),
1059 1531 1172 1578 tum
1199 1525 1266 1581 ad
1296 1527 1463 1584 alium
1502 1531 1748 1601 ejusdem
1784 1514 2144 1610 Evangelista:

543 1618 891 1665 commentus
919 1623 1025 1679 est,
1055 1629 1126 1672 ne
1156 1617 1254 1672 viri
1285 1621 1641 1680 eruditissimi
1665 1625 1929 1697 judicium
1955 1630 2144 1701 legen-

544 1697 685 1755 tibus
709 1700 973 1772 imponat.
1002 1704 1338 1767 lllaudabilis
1379 1715 1600 1789 (inquit
1626 1760 1640 1785 ,
1673 1719 1742 1776 de
1769 1697 2142 1780 adventu'an-

540 1792 669 1862 geli,
703 1804 760 1849 et
789 1796 990 1855 sudore
1017 1799 1271 1876 loquens)
1301 1807 1402 1877 fuit
1431 1818 1480 1863 et
1512 1814 1831 1880 superstitio,
1862 1825 1912 1870 et
1943 1819 2149 1872 temeri-
2178 1820 2226 1882 B
2248 1792 2517 1909 ξοτῇηιηη
2545 1840 2618 1896 [ηε

540 1895 622 1941 tas
652 1904 864 1957 eorum,
897 1893 987 1963 qui
1011 1894 1145 1951 hanc
1174 1900 1516 1968 particulam,
1550 1915 1598 1960 et
1635 1917 1927 1980 sequentem
1959 1909 2022 1966 de
2051 1927 2142 1966 su-

539 1979 666 2036 dore
693 1981 924 2042 delevere
954 2003 974 2042 :
1004 1989 1170 2044 nihilo
1196 1993 1432 2063 grauiore
1457 1996 1521 2050 de
1546 1979 1738 2066 causa,
1771 2017 1926 2070 quam
1952 2019 2052 2072 quo
2079 2005 2146 2060 il-

541 2072 632 2127 lud
647 2114 661 2138 ,
689 2077 830 2146 quod
855 2095 1015 2152 supra
1040 2092 1116 2136 est
1140 2084 1206 2140 de
1232 2087 1359 2156 ﬂetu
1382 2129 1398 2156 ,
1429 2089 1653 2146 deletum
1679 2093 1924 2151 diximus.
1977 2098 2141 2156 Dixe-

541 2177 626 2221 rat
651 2178 832 2227 autem
864 2172 933 2228 ad
960 2173 1121 2231 Lucae
1144 2193 1254 2247 xtx,
1277 2180 1369 2249 41,
1402 2184 1721 2252 particulam
1751 2187 1896 2247 illam
1925 2189 1992 2246 de
2014 2190 2144 2247 fletu

541 2273 570 2312 a
605 2259 829 2328 Latino,
872 2265 1054 2338 Syro,
1095 2268 1278 2327 Arabe
1318 2273 1710 2346 interpretibus
1738 2291 2030 2339 retentam.
2075 2285 2147 2346 At

543 2352 904 2425 Epiphanium
944 2363 1172 2430 testari,
1217 2379 1316 2420 suo
1356 2374 1606 2438 tempore
1652 2388 1758 2427 non
1800 2375 2048 2432 extitisse
2088 2378 2140 2432 in

543 2447 758 2514 publice
788 2454 1023 2523 receptis
1047 2458 1484 2528 exemplaribus;
1524 2461 1796 2534 dignaque
1827 2481 1948 2522 esse
1979 2468 2144 2524 verba

541 2537 691 2594 illius
721 2541 772 2598 in
803 2542 1101 2614 Ancorato,
1135 2564 1259 2619 qua:
1288 2562 1564 2621 notentur,
1595 2557 1674 2611 vel
1702 2558 1765 2612 ob
1795 2558 1892 2613 hoc
1919 2559 2142 2634 (inquit)

541 2643 597 2688 ut
627 2637 889 2692 videamus
916 2652 1163 2709 quantum
1200 2643 1299 2700 sibi
1335 2644 1686 2704 Ecclesiarum
1727 2654 1996 2724 praepositi
2025 2671 2144 2725 per~

539 2727 795 2787 miserint.
830 2729 1012 2788 Verba
1043 2734 1330 2807 Epiphanii
1361 2756 1392 2796 a
1435 2740 1626 2797 Crotio
1664 2746 1936 2815 prarterita
1961 2789 1976 2814 ,
2024 2763 2146 2818 quae

539 2821 618 2876 illi
648 2821 1018 2895 improbandae
1050 2831 1339 2899 prtesidnm
1363 2835 1865 2893 ecclesiasticorum
1911 2840 2145 2895 licentia:

537 2929 724 2973 ansam
750 2921 1116 2993 praebuerant,
1159 2928 1356 2985 adtulit
1385 2931 1604 3000 Milllus,
1635 2948 1857 3002 errare,
1894 2935 2146 3006 inquiens

538 3009 803 3085 (Proleg.,
835 3029 890 3072 n.
919 3016 1072 3091 798),
1105 3020 1306 3077 misere
1332 3021 1606 3089 Grotium,
1636 3027 1728 3096 qui
1759 3027 1830 3080 ita
1860 3025 1929 3081 de
1958 3027 2146 3084 Eccle-

538 3103 740 3161 siarum
786 3111 1092 3180 praepositis
1139 3115 1394 3171 senserit.
1450 3116 1524 3172 Ea
1573 3117 2049 3196 suntz'0p66aozot
2090 3121 2144 3177 δὲ

539 3200 798 3275 ἀφιιλοντο
834 3203 895 3260 τὸ
926 3203 1081 3280 ῥητὸν
1110 3209 1430 3283 φοϐηθέντες,
1465 3215 1552 3268 και
1573 3218 1643 3286 μή
1680 3218 1958 3277 νοήσαντες
1983 3218 2143 3273 αὐτοῦ
2173 3220 2219 3288 C

538 3295 598 3349 τὸ
617 3294 782 3362 τέλος,
812 3299 897 3352 καὶ
916 3298 974 3355 τὸ
1005 3301 1378 3377 ἰσχυρότατον.
1413 3303 1484 3360 Et
1513 3320 1646 3361 sane
1673 3306 1868 3362 mirum
1896 3307 2039 3378 quod
2067 3309 2150 3365 vir

541 3384 769 3442 inﬁnita:
796 3388 1074 3459 lectionis,
1107 3403 1164 3448 et
1193 3394 1477 3451 accerrimi
1515 3396 1739 3467 judieii,
1772 3398 2106 3458 ortltodoxos
2130 3442 2147 3468 ,

539 3477 632 3546 qui
662 3477 806 3535 haud
837 3479 1092 3539 laudabili
1121 3485 1318 3543 timore
1336 3529 1349 3555 ,
1366 3503 1435 3544 ne
1462 3487 1618 3544 ﬂetus
1644 3490 1936 3549 Servatore
1962 3501 2151 3560 nostro

540 3569 591 3626 .l.
625 3567 686 3626 C.
721 3573 980 3646 indignus
1008 3577 1324 3649 videretur,
1370 3597 1433 3637 ea
1465 3582 1628 3638 verba
1653 3583 1971 3642 deleverant
1992 3627 2007 3653 ,
2064 3587 2152 3642 hic

542 3663 650 3721 loci
680 3681 778 3738 pro
808 3669 1177 3728 Eeclesiarum
1228 3676 1538 3746 praepositis
1592 3678 1822 3752 intelligi
1868 3681 2146 3751 voluerit;

541 3758 714 3814 multo
741 3776 873 3818 vero
893 3763 1092 3835 magis,
1111 3767 1255 3838 quod
1286 3769 1330 3822 si
1357 3768 1647 3848 ἀδιόρθωτα
1668 3771 1688 3844 (
1707 3771 1774 3828 ad
1803 3789 1924 3845 qua;
1951 3775 2150 3832 ibidem

540 3864 801 3926 provocat
833 3856 1206 3934 Epiphanius)
1236 3862 1414 3920 adhuc
1441 3879 1770 3936 supererant
1794 3869 2150 3940 exemplaria,

539 3961 603 4003 ea
628 3949 867 4019 profecto
879 3966 1003 4010 esse
1017 3953 1292 4012 debebant
1313 3998 1329 4025 ,
1349 3973 1470 4030 quae
1494 3959 1546 4014 in
1572 3960 1831 4018 Eeclesiis
1842 3971 1899 4018 et
1922 3964 2150 4034 castius,

541 4052 598 4097 et
625 4045 961 4113 accuratius,
992 4062 1153 4118 quam
1172 4050 1312 4120 apud
1338 4052 1580 4119 privatos
1601 4094 1615 4118 ,
1648 4056 1853 4112 servari
1875 4057 2150 4112 solebant.

540 4133 772 4191 Tantum
797 4138 953 4194 abest
973 4147 1034 4195 ut
1061 4141 1415 4198 ecclesiastici
1446 4145 1585 4214 ipsi,
1623 4155 1717 4201 aut
1765 4147 2008 4220 episcopi
2049 4151 2152 4205 ali-

539 4228 670 4297 quid
692 4229 762 4287 de
805 4231 1066 4302 primmvo
1107 4244 1262 4291 textu
1299 4235 1588 4297 detrahere
1617 4239 1719 4300 sibi
1771 4241 1903 4313 ipsis
1955 4245 2157 4315 perml-

541 4321 730 4377 serint.

611 4415 788 4474 Locus
815 4417 982 4486 alter,
1013 4420 1091 4476 uti
1143 4421 1196 4476 in
1221 4421 1409 4479 codice
1438 4431 1661 4493 nostro,
1714 4425 1795 4482 sie
1834 4426 1904 4484 ab
1949 4427 2154 4487 Hilario

539 4507 713 4564 lectus
743 4519 824 4565 est
851 4510 1038 4568 Matth.
1060 4529 1190 4571 xxvt
1209 4557 1225 4582 ,
1255 4515 1326 4571 55
1349 4533 1362 4571 :
1396 4516 1476 4570 An
1498 4524 1649 4587 putas
1671 4519 1796 4587 quia
1815 4537 1920 4574 non
1942 4539 2152 4593 possum

3784 347 3852 404 5?.

2179 430 2226 489 Α
2259 430 2434 499 vavit,
2463 447 2659 508 nempe
2685 436 2737 493 in
2758 441 3156 511 probatioribus
3183 465 3313 508 mss.
3342 453 3540 528 ubique
3568 457 3847 522 lectionem

2262 521 2402 580 bane
2423 537 2736 589 constanter
2763 536 2831 592 ab
2865 539 3066 596 llilario
3097 559 3384 604 retentam.
3411 551 3489 607 Ex
3513 569 3617 626 qua
3645 559 3846 616 unifor-

2263 616 2448 675 mitate
2476 621 2528 676 in
2555 624 2885 685 addueendis
2912 673 2927 698 ,
2959 633 3189 692 diversis
3222 639 3346 696 licet
3393 652 3449 698 ct
3471 616 3592 702 loco
3612 689 3627 712 ,
3658 659 3713 705 et
3740 668 3848 708 ma-

2255 710 2422 777 teria,
2482 727 2760 773 sacrorum
2812 723 3069 781 librorum
3124 731 3428 802 pericopis,
3485 738 3670 796 nullibi
3717 741 3849 801 facta

2254 805 2552 864 mutatione
2578 811 2862 868 verborum
2882 859 2896 882 ,
2930 819 3201 890 conjicere
3231 833 3378 880 certo
3411 843 3698 899 possumus
3722 877 3738 904 ,
3763 852 3851 894 ve-

2255 904 2396 953 teres
2425 899 2682 961 Ecclesiae
2710 909 3002 980 scriptores
3033 929 3140 971 non
3171 933 3204 974 e
3253 925 3528 978 memoria:
3559 943 3698 999 penu
3717 974 3732 998 ,
3793 944 3850 989 ut

2255 991 2570 1067 plerumque
2609 1001 2888 1072 solebant,
2939 1007 3033 1065 sed
3064 1026 3132 1066 ex
3181 1013 3430 1071 codicum
3469 1033 3691 1078 suorum
3749 1025 3850 1083 fide

2251 1100 2344 1142 eas
2369 1090 2656 1162 adtulisse,
2686 1096 2844 1169 longe
2869 1111 3048 1158 autem
3088 1107 3320 1177 certius,
3345 1126 3466 1166 cum
3499 1114 3623 1183 llas,
3653 1117 3720 1172 ad
3765 1135 3848 1176 ar-

2251 1195 2562 1250 gumentum
2612 1189 2827 1261 aliquod
2892 1193 3264 1255 illustrandum
3299 1242 3316 1269 ,
3371 1207 3594 1274 praecise
3647 1224 3710 1263 ac
3758 1228 3850 1281 per

2251 1283 2436 1344 partes
2459 1276 2751 1336 inculcant.
2782 1280 2948 1354 Cujus
2971 1288 3048 1343 rei
3095 1293 3400 1362 exemplum
3430 1296 3662 1355 alterum
3704 1276 3852 1360 dabit

2249 1365 2566 1427 Tertulliani
2615 1373 2763 1429 locus
2790 1391 2817 1429 a
2861 1378 3034 1436 Millio
3060 1396 3168 1438 non
3212 1384 3570 1445 obscrvatus:
3629 1408 3696 1448 ex
3746 1411 3850 1466 quo

2249 1457 2547 1519 clarissime
2587 1465 2755 1537 liquet
2777 1469 3098 1541 scriptorem
3132 1473 3276 1533 hunc
3323 1479 3403 1535 sic
3431 1480 3559 1537 olim
3603 1485 3655 1540 in
3713 1491 3852 1543 anti-

2249 1555 2454 1625 graplto
2471 1571 2570 1612 suo
2592 1559 2784 1632 legisse
2805 1605 2818 1626 ,
2836 1564 2974 1619 haud
2991 1567 3092 1622 levi
3113 1584 3245 1626 sane
3264 1585 3584 1644 argumento
3609 1580 3849 1637 codicem

2250 1657 2494 1704 nostrum
2520 1693 2533 1719 ,
2565 1644 2680 1724 qui
2710 1657 2956 1713 eamdem
2988 1659 3278 1721 lectionem
3332 1667 3579 1737 exhibet,
3609 1689 3675 1728 ex
3723 1690 3851 1748 apo-

2247 1743 2468 1814 graphis
2507 1747 2572 1801 ad
2621 1751 2980 1809 vetustissima
3011 1759 3339 1830 exemplaria
3367 1765 3695 1835 comparatis
3721 1810 3736 1838 ,
3761 1769 3852 1826 de-

2627 1857 2738 1899 SSG.

2320 1949 2479 2008 Lucae
2523 1969 2627 2022 xv,
2666 1955 2733 2024 8,
2783 1956 3050 2030 Vulgata:
3091 1963 3196 2020 Aut
3252 1982 3366 2038 qua
3414 1971 3599 2026 mulier
3664 1972 3852 2032 habens

2249 2041 2523 2099 drachmas
2546 2047 2719 2104 decem
2738 2090 2754 2116 ,
2783 2052 2830 2106 si
2847 2054 3128 2121 perdiderit
3155 2058 3454 2116 drachmam
3478 2081 3634 2119 unam
3651 2109 3666 2131 ,
3689 2084 3852 2124 nonne

2247 2137 2480 2192 accendit
2536 2139 2832 2208 lucernam,
2865 2154 2912 2199 et
2933 2151 3114 2203 everrit
3145 2150 3383 2220 domum,
3421 2165 3469 2210 et
3520 2160 3705 2226 quierit
3736 2161 3852 2216 dili-

2246 2243 2422 2302 genter
2433 2233 2594 2289 donec
2622 2237 2890 2295 inveniat?
2918 2241 3112 2298 Noster
3133 2255 3445 2316 argenteus:
3464 2249 3652 2308 Nonne
3675 2272 3853 2311 accen-

2249 2325 2323 2378 dit
2371 2326 2661 2398 lucernam,
2691 2343 2738 2386 et
2764 2335 2928 2407 scapis
2969 2339 3231 2395 mandauit
3281 2342 3522 2411 domum,
3573 2354 3623 2402 et
3664 2353 3853 2420 quierit

2249 2416 2520 2488 diligenter
2539 2461 2554 2486 ,
2588 2433 2694 2478 etc.

2323 2511 2688 2572 Tcrtullianus
2715 2516 2736 2590 (
2759 2519 2823 2576 de
2847 2518 3038 2577 Pudic.
3067 2541 3182 2593 cap.
3212 2525 3278 2599 9)
3306 2543 3320 2580 :
3359 2527 3472 2584 Nos
3523 2543 3714 2597 autem,
3735 2537 3854 2602 quia

2250 2620 2350 2658 non
2394 2622 2458 2661 ea:
2486 2610 2746 2677 parabolis
2777 2617 3014 2670 materias
3037 2631 3465 2691 commentemur,
3511 2627 3600 2679 sed
3643 2644 3709 2682 ac
3746 2647 3856 2684 ma-

2249 2699 2388 2754 teriis
2435 2701 2710 2772 parabolas
2754 2705 3186 2780 interpretantur;
3229 2730 3320 2768 nec
3366 2719 3507 2770 t'alde
3557 2718 3856 2780 laboramus

2249 2793 2421 2848 omnia
2466 2795 2520 2850 in
2562 2800 2876 2870 expositione
2901 2811 3162 2876 torquere,
3194 2809 3317 2862 dum
3357 2814 3615 2866 contraria
3658 2832 3857 2888 quoque

2249 2899 2538 2941 caveamus.
2582 2889 2753 2957 Quare
2781 2904 2980 2949 centum
3009 2913 3124 2952 oves
3149 2899 3175 2954 ?
3197 2898 3265 2954 Et
3313 2903 3438 2973 quid
3486 2907 3658 2976 utique
3685 2909 3855 2964 decem

2250 2975 2511 3033 drachma!
2537 2979 2561 3034 ?
2588 2981 2656 3036 Et
2676 2999 2789 3054 qua:
2815 2987 2919 3040 illa:
2943 2991 3150 3059 scOpa'?
3181 2989 3404 3048 Necesse
3423 3007 3532 3051 erat
3551 2975 3578 3063 ,7
3599 3000 3686 3066 qui
3705 3001 3858 3056 unius

2250 3072 2535 3138 peccatoris
2557 3075 2768 3130 salutem
2789 3080 3134 3150 gratissimam
3169 3083 3275 3140 Deo
3330 3087 3522 3142 volebat
3548 3093 3853 3160 exprimere,

2250 3161 2476 3228 aliquant
2530 3168 2730 3222 numeri
2758 3171 3092 3240 quantitatem
3119 3178 3436 3244 nominaret,
3472 3180 3537 3233 de
3573 3199 3675 3253 quo
3700 3201 3854 3240 unum

2250 3255 2456 3325 quidem
2483 3259 2695 3327 periisse
2715 3261 3036 3321 describeret.
3068 3266 3288 3324 Necesse
3315 3281 3422 3326 erat
3461 3283 3516 3328 ut
3544 3274 3746 3330 habitus
3779 3293 3856 3333 re-

2251 3349 2498 3416 quirentis
2529 3350 2828 3409 drachmam
2855 3356 2924 3424 ,in
2954 3358 3104 3413 domo
3130 3401 3146 3426 ,
3200 3371 3303 3418 tam
3351 3382 3621 3438 scoparum
3640 3409 3658 3437 ,
3706 3386 3857 3441 quam

2253 3441 2475 3498 lucerna:
2515 3445 2830 3504 adminiculo
2857 3454 3351 3512 accommodaretur.

2325 3555 2552 3616 Joannis
2580 3577 2677 3630 vtt,
2707 3561 2763 3630 8,
2792 3563 2949 3636 Vulg.
2983 3584 2999 3620 ι
3033 3566 3136 3622 Vos
3163 3571 3426 3627 ascendite
3467 3572 3536 3627 ad
3578 3573 3716 3630 diem
3759 3577 3860 3648 fes-

2256 3659 2366 3705 tum
2397 3651 2533 3707 hunc
2565 3670 2700 3726 :ego
2729 3666 2900 3712 autem
2927 3675 3029 3714 non
3056 3664 3280 3718 ascendo
3313 3665 3382 3718 ad
3415 3665 3550 3720 diem
3577 3667 3769 3736 festum
3795 3669 3861 3724 is-

2249 3757 2384 3809 tum,
2416 3747 2539 3817 quia
2563 3756 2760 3820 tempus
2797 3767 2964 3806 meum
2995 3756 3222 3810 nondum
3250 3758 3510 3829 impletum
3545 3769 3620 3815 est
3645 3777 3666 3826 ;
3688 3761 3860 3817 codex

2256 3846 2475 3894 noster:
2498 3838 2599 3895 Vos
2617 3849 2788 3897 autem
2808 3846 3071 3900 ascendite
3090 3849 3159 3902 ad
3180 3851 3316 3905 diem
3332 3854 3522 3925 festum
3567 3854 3729 3921 hunc,
3768 3872 3862 3928 ego

2253 3941 2423 3987 autem
2465 3933 2696 3988 nondum
2737 3939 2963 3992 ascendo
3000 3939 3071 3994 ad
3104 3941 3237 3996 diem
3270 3947 3458 4014 festum
3502 3945 3640 4000 hunc
3663 3988 3683 4015 ,
3728 3958 3860 4014 etc.,

2255 4035 2316 4081 ut
2345 4025 2532 4082 Graeca
2573 4027 2745 4086 ferme
2789 4034 2994 4100 omnia,
3026 4037 3127 4110 ἐγὼ
3175 4034 3320 4094 οὔπω
3362 4041 3640 4110 ἀναϐαίνω,
3683 4042 3865 4113 aliqua

2258 4128 2436 4175 tamen
2469 4122 2556 4176 οὐκ
2595 4123 2874 4180 ἀναϐαίνω.
2907 4124 3128 4184 Grotius
3166 4129 3232 4184 ad
3266 4130 3408 4186 hunc
3449 4131 3627 4189 locum
3652 4176 3670 4200 ,
3699 4151 3862 4214 quem

2257 4221 2447 4280 postea
2477 4223 2701 4271 secutus
2725 4227 2810 4272 est
2832 4218 3036 4274 Millius
3067 4239 3080 4274 :
3116 4221 3361 4286 Omnino,
3396 4225 3589 4295 inquit,
3625 4228 3733 4299 fuit
3759 4229 3868 4283 htec

2257 4312 2398 4358 uetus
2445 4307 2740 4379 scriptura;
2787 4326 2908 4364 nam
2938 4312 2984 4365 si
3011 4310 3158 4369 οὔπω
3189 4316 3368 4387 fuisset
3403 4315 3689 4388 Porphyrii
3740 4330 3867 4376 tem—

2257 4413 2403 4466 pore,
2445 4415 2708 4470 nunquam
2738 4400 2858 4456 hinc
2900 4401 3163 4459 Christum
3193 4407 3534 4463 calumniatus
3571 4410 3761 4481 [uisset
3807 4414 3869 4469 de

2255 4492 2550 4561 mendacio,
2577 4511 2699 4549 nam
2719 4497 2776 4551 in
2801 4512 2922 4552 voce
2943 4496 3091 4556 οὔπω
3104 4501 3287 4570 fuisset
3313 4502 3438 4557 nodi
3466 4505 3686 4574 solutio,
3718 4524 3869 4578 quem

2680 4587 3196 4618 τε-κ--.--..;..-...-....
3254 4595 3338 4618 ..κε
3370 4597 3408 4618 γι
3481 4599 3494 4617 ν
3574 4598 3603 4618 ο
3652 4601 3662 4615 ο
3788 4608 3811 4618 -

1499 4585 1506 4587 _
1686 4585 1693 4587 .
1943 4585 1953 4593 .
2680 4587 2710 4600 ..
2758 4587 2783 4607 ,ρ
2969 4593 2980 4602 .
3307 4595 3338 4607 ..
3395 4597 3408 4614 .
3481 4599 3494 4617 .
3652 4601 3662 4615 .
3788 4608 3811 4618 -

536 4619 722 4674 rogare
747 4601 962 4659 Patrem
985 4623 1185 4674 meum,
1214 4617 1260 4662 α
1283 4609 1533 4664 exhibe“,
1552 4611 1681 4666 mihi
1703 4614 1855 4668 modo
1877 4614 2150 4687 plusquam
2177 4613 2232 4674 D
2256 4595 2314 4639 ut
2335 4585 3216 4662 euaderenteluceat-inscripserunt,
3247 4595 3336 4648 alti
3359 4617 3450 4651 ουκ
3470 4598 3741 4654 αναϐαινω
3757 4625 3866 4657 νυν.

537 4698 807 4754 duodecim
837 4700 1008 4756 millia
1035 4701 1257 4773 legiones
1282 4704 1629 4776 angelorum?
1658 4707 1893 4764 Hilarius
1915 4709 1983 4766 de
2021 4709 2145 4766 Tri-

538 4791 706 4848 nitate
730 4807 760 4848 x
787 4832 803 4859 ,
825 4791 900 4848 42
928 4813 942 4850 :
983 4793 1096 4849 Nec
1124 4795 1222 4851 sibi
1245 4797 1461 4869 angelus
1485 4799 1708 4853 mittitur
1727 4840 1742 4866 ,
1765 4801 1854 4870 qui
1904 4804 1950 4857 si
1976 4803 2146 4871 vellet,

539 4885 813 4940 duodecim
857 4886 1023 4942 millia
1062 4885 1322 4961 legionum
1364 4889 1428 4944 de
1463 4891 1588 4945 ctelo
1629 4891 1928 4949 deduceret.
1984 4894 2054 4952 Et
2095 4897 2148 4952 in

539 4979 734 5050 psalm.
765 4994 857 5036 uti
889 4999 903 5036 :
933 4982 1059 5051 quia
1103 4997 1220 5037 cum
1251 4983 1468 5039 Domino
1497 4984 1766 5040 duodecim
1795 4989 1964 5044 millia
1993 4988 2153 5062 legio-

538 5085 665 5124 num
695 5073 999 5143 angelorum
1032 5082 1238 5143 possent
1267 5075 1321 5129 in
1349 5084 1578 5148 tempore
1607 5079 1862 5149 passionis
1884 5081 2146 5139 assistere.

539 5161 610 5218 Et
637 5161 717 5218 sic
765 5177 954 5219 rursus
985 5165 1121 5235 psal.
1153 5181 1276 5222 LIV:
1312 5165 1419 5223 Sed
1449 5169 1584 5226 inter
1608 5171 1718 5226 hate
1749 5171 1940 5228 habens
1982 5186 2155 5248 potes-

540 5264 698 5310 tatem
747 5255 1023 5311 duodecim
1060 5257 1230 5313 millia
1280 5259 1562 5315 caelestium
1619 5264 1880 5336 legionum
1918 5283 2151 5326 euocare.

541 5348 743 5405 Millius
789 5347 856 5404 ad
882 5349 1027 5406 hunc
1057 5349 1296 5409 Mattbtei
1327 5352 1506 5410 locum
1531 5396 1545 5422 ,
1578 5367 1852 5426 prmeunte
1876 5358 2102 5417 Erasmo
2135 5403 2151 5430 ,

542 5445 752 5516 putavit
779 5443 1042 5499 Hilarium
1063 5447 1323 5501 memoria
1355 5447 1564 5519 lapsum
1587 5491 1603 5517 ,
1632 5450 1761 5506 dum
1789 5453 1854 5507 ad
1875 5453 2150 5511 laudatum

540 5537 737 5610 psalm.
773 5552 882 5605 LIV,
910 5537 1182 5593 duodecim
1201 5539 1368 5594 millia
1413 5543 1707 5601 scribebat.
1735 5543 1944 5602 Conone
1985 5547 2148 5617 enim,

543 5632 743 5704 inquit,
783 5647 932 5688 xxxn
963 5631 1018 5686 in
1050 5632 1239 5688 Matth.
1271 5633 1390 5706 legit
1416 5646 1469 5690 ut
1515 5638 1658 5694 editi.
1683 5638 2015 5697 Fefellerant
2045 5645 2154 5698 sci-

543 5725 670 5782 licet
701 5725 924 5781 Millium
956 5741 1096 5782 unus
1124 5735 1182 5783 et
1226 5728 1366 5784 alter
1398 5745 1470 5786 ex
1500 5732 1675 5789 tribus
1703 5735 2100 5795 locisadductis
2127 5755 2143 5806 ;

544 5831 720 5890 neque
743 5817 942 5887 vidisse
971 5828 1219 5894 poterat,
1251 5837 1373 5894 quas
1398 5821 1740 5885 doctissimus
1763 5827 1942 5887 editor
1959 5831 2151 5889 obser-

2324 4700 2568 4757 Clericus
2618 4703 2776 4774 epist.
2825 4705 2890 4760 ad
2938 4705 3305 4776 Optimianum
3371 4713 3592 4782 prmiixa
3635 4714 3871 4771 editioni

2248 4794 2524 4866 'Lipsiensi
2556 4796 2813 4855 Millianee
2845 4799 3022 4857 :Bene
3049 4803 3225 4858 itidem
3251 4847 3266 4870 ,
3298 4807 3415 4872 ait,
3447 4807 3781 4868 observatum
3811 4828 3875 4867 ea:

2256 4890 2437 4947 Grotio
2461 4893 2729 4961 antiquam
2755 4894 3024 4952 lectionem
3053 4915 3154 4953 non
3173 4915 3281 4954 esse
3293 4899 3462 4969 οὔπω,
3490 4902 3750 4971 nondum,
3783 4909 3874 4962 sed

2255 4987 2368 5052 οὔκ,
2420 5003 2542 5041 non.
2599 4986 2792 5042 Verum
2846 4989 3010 5045 satius
3061 4991 3241 5060 fuisset
3285 4994 3453 5063 ipsum
3484 4994 3875 5069 Hieronymum

2255 5076 2348 5132 lib.
2381 5093 2420 5134 tt
2450 5078 2572 5136 adv.
2602 5079 2786 5153 Pelag.
2811 5083 2964 5138 citari
2983 5124 2999 5149 ,
3027 5084 3164 5140 unde
3189 5083 3300 5140 [nec
3329 5087 3476 5141 habet
3503 5085 3750 5148 Grotius.
3770 5093 3880 5146 Aut

2256 5186 2366 5227 non
2429 5172 2634 5243 legerat
2692 5183 2897 5232 attente
2952 5173 3196 5232 Clericus
3263 5179 3648 5250 prolegomena
3714 5182 3880 5238 Millii

2260 5266 2281 5338 (
2307 5265 2516 5337 Proleg.
2547 5285 2603 5324 n.
2636 5267 2742 5325 705
2771 5268 2818 5338 ),
2848 5270 2940 5326 ubi
2969 5271 3257 5344 Porphyrii
3286 5274 3436 5330 locos
3455 5275 3751 5346 expendit,
3784 5288 3881 5335 aut

2259 5360 2526 5416 memoria
2567 5360 2859 5431 fefellerat,
2900 5381 3024 5421 nam
3071 5367 3230 5424 allata
3279 5369 3350 5424 ab
3381 5369 3499 5437 ipso
3539 5369 3878 5447 Hieronymi

2257 5454 2423 5510 verba
2450 5453 2786 5512 attendisset.
2819 5457 3085 5515 Caeterum
3113 5461 3168 5516 in
3211 5476 3309 5517 sua
3365 5462 3654 5520 Harmonia
3687 5466 3880 5524 Evan-

2260 5546 2430 5617 gelica
2466 5556 2715 5604 vexatam
2748 5550 3036 5608 lectionem
3064 5554 3321 5620 retinuit,
3350 5571 3511 5628 quam
3538 5555 3743 5616 Grarca
3776 5577 3880 5619 ex-

2261 5644 2446 5701 hibent
2473 5662 2487 5712 ;
2515 5654 2569 5701 et
2596 5647 2648 5701 in
2673 5647 3077 5728 Commentario
3101 5651 3357 5708 historico
3379 5653 3644 5724 integram
3674 5657 3883 5728 expia!

2261 5740 2411 5799 navit
2434 5754 2499 5795 ex
2525 5718 2754 5812 persona
2777 5742 2974 5799 Chriin
2999 5745 3264 5815 apostolis
3287 5746 3692 5817 reapondentis,
3721 5749 3883 5823 ipsos

2259 5833 2477 5906 quidem
2511 5849 2670 5907 posse
2701 5835 3131 5911 Hierosolymam
3160 5838 3263 5906 ire,
3295 5850 3356 5896 ut
3396 5839 3550 5897 initio
3595 5840 3727 5899 festi
3763 5844 3882 5900 illic
