3968 6332
110 246 168 301 55
866 232 1082 290 El’lST.
1125 231 1371 289 PHILIP.
1415 229 1784 300 GAHBELLI,
1829 229 1917 287 DE
1955 227 2205 289 CODIGE
2247 230 2597 289 BRIXIANO.
3315 230 3386 287 54

111 357 354 422 adessem,
384 353 482 408 sed
508 368 566 407 se
593 368 657 409 eo
686 349 912 407 nondum
940 349 1163 415 iturum,
1191 347 1335 420 quod
1358 357 1680 419 oportunum
1711 352 1765 413 Α
1789 345 1984 404 deesse
2011 346 2241 418 aliquid,
2271 347 2320 401 in
2347 362 2453 416 quo
2474 346 2543 403 de
2568 356 2825 405 movente
2853 360 3021 419 aquas
3042 350 3162 407 illas
3179 353 3387 408 mentio

111 451 197 508 sibi
227 460 432 520 tempus
462 449 590 504 illuc
615 446 776 503 eundi
804 446 1034 501 nondum
1064 445 1395 501 advenisset.
1787 439 1965 496 ﬁeret.
1983 441 2094 495 Cur
2116 441 2294 508 itaque
2318 441 2676 511 prsetermissa
2702 442 2954 514 pericopa
2981 443 3214 501 illa?An
3238 444 3383 517 quod

169 543 293 599 Num
323 556 454 596 vero
503 556 569 596 ex
614 539 926 611 Hieronymi
968 538 1088 595 loco
1131 547 1279 593 recte
1320 534 1682 607 coiijeceriiit,
1788 532 2079 608 παράδοξον
2111 533 2385 587 videretur
2412 534 2587 604 angeli
2610 534 2909 592 descensus
2941 577 2957 604 ,
2985 546 3040 593 et
3063 539 3387 610 quotannis,

110 636 380 708 antiquitus
429 635 628 689 lectum
661 634 775 697 οὐκ,
807 647 913 687 non
964 630 1133 695 οὔπω,
1179 629 1426 700 judicent
1464 626 1687 683 eruditi.
1789 638 1846 683 et
1875 625 2044 683 semel
2076 636 2308 692 tantum,
2338 633 2395 680 ct
2421 640 2531 681 uno
2558 626 2841 684 dumtaxat
2870 646 2937 685 ex
2970 640 3049 686 tot
3087 632 3393 702 languenti-

113 730 267 786 γει-ιη
312 728 433 798 ejus
482 738 613 782 sunt
654 725 798 799 (Cit.
828 725 917 780 lib.
949 740 986 779 tt
1030 723 1151 778 adv.
1199 721 1383 795 Pelag.
1418 739 1535 791 cap.
1567 722 1599 775 li
1628 718 1645 789 )
1672 734 1686 773 :
1791 718 1892 775 bus
1921 717 1987 773 ad
2015 716 2265 773 sanitatis
2288 715 2610 773 beneﬁcium
2643 722 2976 778 vocato'lAn
3002 723 3147 794 quod
3175 725 3255 781 rei
3281 734 3390 781 tam

116 823 261 896 Negat
288 821 556 893 fratribus,
586 832 632 875 et
653 820 953 893 propinquis
979 820 1068 887 ,ire
1093 833 1147 873 se
1190 816 1258 871 ad
1295 815 1686 886 Scenepegiam.
1794 812 2040 883 insignis,
2070 822 2124 868 et
2154 810 2219 866 ad
2248 810 2426 881 gentis
2449 827 2564 867 sure
2589 813 2818 883 gloriam
2850 815 3098 872 facientis
3125 817 3395 888 Iosephus

117 920 171 977 Et
197 930 363 992 postea
392 919 646 989 scriptum
670 927 786 971 est:
823 914 893 971 Ut
912 919 1094 988 putem
1139 912 1482 967 ascenderunt
1505 913 1692 981 fratres
1794 925 1902 964 non
1932 909 2217 965 meminit?
2246 914 2327 967 An
2361 921 2490 963 vero
2519 907 2885 966 Tertullianus
2914 912 3031 982 ipse
3063 913 3209 968 male
3236 914 3395 971 feria-

118 1019 227 1088 ejus,
258 1025 373 1067 tunc
402 1023 452 1066 et
482 1012 592 1082 ipse
614 1009 847 1064 ascendit
868 1010 938 1064 ad
966 1007 1362 1069 solemnitatem,
1388 1021 1492 1058 non
1521 1002 1691 1056 maui-
1796 1006 1864 1059 tis
1889 1005 2096 1061 criticis
2127 1005 2355 1077 hujusce
2385 1006 2591 1063 lacuna:
2626 1020 2812 1062 ansam
2853 1007 3124 1075 praebuit?
3169 1006 3275 1063 Nos
3314 1008 3394 1063 lo-

117 1115 240 1183 festa,
265 1110 352 1162 sed
384 1107 535 1175 quasi
559 1106 610 1160 in
638 1102 959 1171 abscondito,
990 1116 1193 1158 truncat
1233 1116 1297 1155 se.
1337 1112 1591 1163 necsvrr,
1626 1110 1694 1151 ετ
1796 1113 1918 1154 cum
1950 1101 2199 1157 dabimus
2246 1118 2274 1155 a
2314 1100 2549 1157 Kustero
2594 1101 2951 1170 praeteritum.
2992 1099 3180 1172 Igitur,
3224 1102 3398 1171 inquit

120 1219 273 1270 FECIT,
298 1218 437 1305 quon
466 1214 619 1257 vatus
649 1212 964 1301 “cavens!
996 1196 1151 1252 latrat
1192 1192 1545 1295 Porphyrius.
1593 1188 1694 1292 ltt-
1798 1196 2165 1253 'l'crtullianus
2190 1197 2349 1268 (Adv.
2376 1196 2615 1265 Judwos,
2638 1213 2756 1268 cap.
2784 1196 2893 1267 15)
2918 1236 2932 1262 ,
2961 1199 3203 1268 quoniam
3223 1198 3395 1251 adhuc

121 1296 435 1358 constantiaz,
484 1309 544 1347 ac
614 1290 912 1345 mutationis
966 1295 1194 1351 accusat,
1250 1286 1479 1340 nesciens
1526 1283 1697 1338 omnia

1875 1293 2115 1346 ritemlunt
2144 1292 2321 1347 λιιάωὶ
2364 1292 2600 1346 nondum
2645 1290 2839 1347 venisse
2883 1290 3143 1346 Christum
3181 1306 3356 1345 eorum
3385 1331 3401 1356 ,

121 1389 344 1446 scandala
388 1386 459 1441 ad
503 1401 712 1439 carnem
748 1398 855 1439 esse
898 1380 1190 1450 referenda.
1239 1378 1412 1448 {Eque
1459 1377 1699 1447 ρτοῐεοιο
1801 1402 1950 1454 quem
1998 1395 2070 1439 tot
2114 1386 2280 1441 modis
2333 1384 2731 1457 adprobavimus
2774 1386 2990 1451 venisse,
3039 1391 3405 1455 recognoscant

124 1481 332 1553 negabat
359 1478 612 1534 Christus
638 1492 698 1533 se
725 1474 1060 1531 adscendere
1096 1472 1162 1527 ad
1204 1469 1556 1541 Scenopegite
1590 1466 1699 1521 les-
1801 1472 1978 1532 Ιιιάαιί
2005 1479 2197 1533 exitum
2221 1495 2393 1545 suum,
2420 1493 2568 1548 quem
2588 1489 2702 1549 ροει
2726 1478 2997 1531 uanum";
3024 1475 3217 1532 Clu-5m
3262 1476 3403 1531 τρια-

124 1585 226 1631 tum
250 1572 502 1644 gadbibita
540 1569 804 1642 particula
834 1566 979 1625 οὔπω
1028 1581 1092 1622 ac
1141 1565 1232 1621 illa
1279 1566 1399 1629 obx;
1432 1560 1573 1633 quod
1606 1572 1705 1613 nos

1875 1570 1911 1622 ri
1941 1570 2371 1642 prtecinebautur.
2405 1570 2466 1625 ob
2498 1570 2831 1638 impietatem,
2860 1586 2961 1640 qua
2999 1586 3114 1623 eum
3157 1570 3404 1639 despexe-

124 1688 219 1724 non
242 1685 389 1739 venga
427 1683 518 1738 per
563 1682 657 1721 ora
685 1672 778 1719 aut
817 1680 919 1717 non
943 1678 1103 1735 vengo
1153 1672 1383 1729 utroque
1413 1656 1573 1711 modo
1605 1670 1703 1710 nc-
1809 1671 1950 1728 runt,
1983 1673 2029 1716 et
2059 1661 2445 1735 interfecerunt.
2502 1662 2712 1718 Deinde
2743 1661 3039 1731 interjectis
3066 1661 3187 1717 aliis
3213 1660 3283 1717 dc
3311 1677 3410 1715 vo-

123 1773 305 1835 gantes
338 1762 631 1819 eﬂ’erimus.
678 1758 950 1815 Praeterea
979 1756 1072 1827 qui
1105 1755 1258 1811 locus
1287 1750 1605 1823 .Porphyrio
1634 1764 1704 1804 ex
1740 1765 1787 1825 Β
1812 1754 2027 1811 catione
2048 1754 2321 1820 Gentium,
2356 1756 2423 1811 de
2444 1755 2786 1812 cessantibus
2808 1754 2948 1825 apud
2976 1754 3232 1825 populum
3259 1754 3411 1809 illum

121 1858 304 1913 vocula
334 1856 422 1911 illa
459 1856 557 1910 οὐκ
603 1851 882 1909 asserendi
914 1850 965 1904 in
1001 1847 1215 1904 Christo
1254 1844 1559 1902 mendacii?
1604 1841 1735 1911 nisi
1813 1849 2126 1907 caelestibus
2168 1849 2471 1917 beneﬁciis,
2500 1865 2626 1905 mox
2651 1849 2867 1906 subdit;
2912 1848 2979 1904 Et
3024 1850 3098 1904 ίια
3140 1848 3413 1904 “(manu

122 1950 254 2023 quod
280 1950 517 2021 percitis,
550 1962 615 2003 ac
637 1945 965 2009 furentibus,
996 1955 1353 2015 quascumque
1370 1954 1431 1996 se
1448 1937 1707 2001 oderant.
1815 1944 2140 1998 charismatis
2171 1944 2449 2015 prioribus,
2477 1942 2587 1999 Lex
2607 1952 2653 1998 et
2678 1942 2957 2016 Pr0phetaz
2978 1960 3135 2014 usque
3159 1945 3227 1999 ad
3245 1943 3415 1998 Joan-

124 2060 260 2099 arma
289 2054 437 2097 sunt.
464 2040 600 2097 Nam
628 2036 910 2109 sequentia
940 2035 1065 2107 quia
1084 2044 1283 2105 tempus
1304 2046 1474 2087 meum
1494 2043 1711 2086 NONDUI
1818 2052 1929 2090 nem
1960 2040 2184 2107 fuerunt.
2212 2032 2279 2090 Et
2308 2034 2521 2090 Piscina
2546 2033 2826 2090 Bcthsaida
2852 2051 3012 2107 usque
3045 2036 3113 2089 ad
3142 2036 3415 2089 adventum

129 2149 187 2194 est
209 2138 493 2209 impletum,
516 2133 651 2190 satis
674 2142 863 2205 aperte
886 2130 1118 2185 innuunt
1134 2126 1372 2198 opperiri
1392 2140 1453 2181 se
1478 2134 1711 2193 tempus,
1820 2126 2011 2182 Christi
2041 2127 2272 2183 curando
2301 2128 2670 2183 invaletudiues
2699 2127 2760 2182 ab
2787 2128 2957 2184 Israel
2996 2129 3124 2183 desit
3153 2146 3183 2183 a
3225 2128 3417 2199 beneﬁ-

132 2244 173 2288 et
194 2233 377 2287 horam
400 2226 753 2285 ascendendi.
801 2223 1066 2296 Equidem
1098 2238 1205 2277 non
1248 2228 1377 2289 puto
1402 2230 1715 2289 perversum
1819 2223 1937 2289 ciis,
1984 2240 2101 2277 cum
2129 2240 2192 2279 ea:
2218 2226 2600 2294 perseverantia
2623 2226 2818 2295 furoris
2861 2225 2941 2280 sui
2992 2241 3177 2279 nomen
3216 2223 3424 2278 Domini

134 2326 267 2391 illud,
296 2324 393 2380 sed
432 2338 596 2385 acre,
626 2336 692 2377 ac
733 2318 973 2375 vividum
997 2325 1197 2372 cretera
1231 2314 1502 2385 ingenium
1534 2311 1607 2365 ita
1637 2306 1719 2363 Ωι-
1822 2314 2286 2387 blasphemaretur.
2334 2318 2418 2373 An
2442 2358 2458 2385 ,
2485 2326 2546 2373 ut
2569 2316 2848 2384 diximus,
2881 2318 3071 2374 lectori
3111 2319 3252 2374 haud
3292 2320 3426 2373 satis

135 2432 259 2476 tuum
289 2419 482 2483 lu’sse,
511 2427 569 2472 ut
602 2426 709 2470 tam
742 2411 1018 2469 imbecillo
1060 2418 1381 2481 argumento
1424 2406 1498 2461 uti
1532 2404 1716 2459 Volue-
1824 2417 2053 2477 attento,
2078 2412 2292 2479 qualem
2322 2422 2472 2467 certe
2500 2410 2632 2467 Afer
2662 2413 2765 2467 iste
2784 2411 3079 2479 desiderat,
3127 2412 3305 2467 lucum
3341 2413 3422 2468 [ει-

138 2515 211 2569 iit.
241 2514 425 2584 Itaque
459 2509 791 2579 interpolato
820 2505 1011 2563 codice
1048 2517 1203 2559 usum
1248 2498 1608 2571 Porphyrium
1640 2497 1718 2551 ιθ·
1825 2516 1952 2558 cere
1984 2504 2259 2573 pomerint
2286 2505 2448 2560 verba
2488 2504 2580 2559 illa
2608 2520 2767 2575 usque
2796 2505 2867 2559 ad
2895 2472 3169 2561 adveniunt
3194 2504 3430 2561 Christi:
3472 2472 3477 2477 ἡ

140 2607 263 2679 gissc
288 2624 396 2661 non
427 2604 621 2659 dubito
647 2603 745 2675 ἐγὼ
769 2604 869 2677 γὰρ
890 2601 977 2654 οὐκ
1002 2596 1355 2667 ἀναϐήσομαι,
1398 2607 1500 2645 non
1536 2603 1719 2642 ascen-

1875 2595 1983 2671 nasi
2013 2611 2123 2651 non
2159 2597 2301 2651 ultra
2345 2596 2666 2653 miraculum
2698 2596 2829 2652 illud
2877 2598 3225 2668 processerit,
3274 2599 3429 2654 sicuti

141 2704 260 2767 άιιηι,
309 2714 477 2770 quam
529 2695 821 2751 lectionem
864 2690 1201 2762 singularem
1238 2684 1460 2741 exhibet
1510 2680 1724 2735 laudaui
1830 2705 1936 2744 non
1965 2689 2103 2744 ultra
2128 2688 2352 2746 Joannis
2382 2690 2670 2747 adventum
2710 2690 2991 2762 pr0pheta:
3039 2691 3181 2762 apud
3212 2691 3430 2747 Judaeos

142 2794 270 2848 Millii
296 2792 507 2855 editio;
539 2787 641 2843 ιιίδί
671 2797 948 2851 νθῑοτθηι,
1021 2798 1085 2837 ac
1125 2778 1415 2852 ςθηυὶηειηι
1464 2775 1727 2845 imposui?
1831 2782 2114 2850 exstitere,
2163 2798 2263 2839 ceu
2309 2799 2499 2857 puram
2537 2783 2906 2854 conjeCturam
2946 2784 2999 2840 in
3038 2784 3222 2841 medio
3264 2785 3431 2841 relin-

142 2888 220 2943 ille
236 2893 589 2957 corruperat;
626 2899 750 2937 nam
775 2878 1113 2950 lnterpolatis
1135 2870 1543 2943 exemplaribus
1571 2881 1727 2922 usum
1838 2874 2093 2945 quimus“

142 2981 293 3039 fuisse
322 2981 526 3051 obiecit
556 2978 631 3035 illi
662 2977 1022 3047 Hieronymus
1043 2967 1413 3045 (Comment.in
1442 2960 1657 3030 Matth.)
1677 2961 1730 3014 in

143 3077 289 3133 Marci
317 3076 443 3131 loco
476 3073 567 3127 12.
596 3072 755 3127 Certe
780 3070 823 3125 si
846 3076 1135 3125 contextus
1157 3060 1374 3117 adducti
1404 3059 1503 3114 loci
1524 3057 1732 3125 integer

1906 2963 2107 3022 Verum
2128 2974 2185 3022 et
2212 2966 2370 3031 hanc,
2394 2976 2448 3023 et
2470 2980 2698 3025 crateras
2725 2982 2944 3036 omnes,
2970 2978 3026 3024 et
3046 2967 3268 3026 dubium
3304 2969 3435 3026 illud

1836 3056 2054 3115 Kusteri
2082 3074 2149 3113 an
2180 3058 2405 3135 historia
2433 3058 2503 3115 dc
2531 3060 2806 3118 Probatica
2835 3061 2889 3117 in
2928 3060 3157 3119 Joannis
3192 3064 3441 3136 Evange-

146 3169 503 3240 perpendatur
534 3165 737 3236 patebit
766 3163 1054 3218 lectionem
1092 3158 1231 3213 hanc
1257 3156 1403 3212 clare
1430 3148 1731 3222 Porphyrio
1760 3165 1808 3231 ρ
1839 3150 1975 3207 lium
2006 3151 2213 3207 intrusa
2256 3149 2440 3218 fuerit,
2483 3151 2761 3209 inﬁrmant
2796 3156 3019 3211 omnino
3049 3167 3106 3212 et
3135 3174 3257 3229 qua:
3302 3175 3443 3230 pm-

145 3263 387 3319 tributam
415 3278 445 3315 a
477 3260 811 3329 Hieronymo
838 3253 1082 3324 ejusdem
1106 3250 1273 3307 verba
1299 3246 1582 3312 reddente,
1614 3256 1733 3298 ιτυο

149 3371 249 3411 scis
272 3372 333 3411 ss
362 3368 599 3411 nostris
630 3351 784 3405 latrat
814 3345 1162 3417 Porphyrius.
1209 3341 1336 3397 Haec
1378 3338 1539 3394 latius
1582 3333 1739 3406 paulo

146 3448 446 3502 diduximus
487 3443 558 3499 ad
608 3441 861 3499 tuendam
906 3438 1192 3494 lectionem
1233 3430 1476 3503 argentei
1515 3427 1741 3490 codicis,

148 3560 299 3612 quam
330 3558 442 3598 non
486 3537 770 3610 Porphyrii
810 3532 1077 3591 calumnia
1109 3527 1487 3601 posteriorem,
1517 3520 1614 3581 sed
1655 3537 1747 3578 ve-

147 3635 430 3690 tustiorum
495 3629 889 3701 exemplarium
944 3622 1189 3697 primaevi
1243 3618 1559 3691 interpretis
1620 3624 1749 3671 ante

149 3725 565 3797 Hieronymum,
598 3722 767 3777 fuisse
798 3734 926 3774 vero
957 3714 1193 3772 similius
1223 3720 1372 3783 puto.

209 3819 452 3876 Joannis
479 3833 536 3884 v,
573 3816 606 3870 4
627 3858 642 3879 .
676 3814 834 3870 deest
878 3813 930 3867 in
981 3808 1170 3866 codice
1197 3816 1386 3863 nostro
1427 3804 1633 3874 integer
1663 3799 1753 3856 ille

148 3912 301 3969 locus
330 3911 403 3967 de
446 3908 634 3980 angelo
680 3906 839 3963 statis
882 3900 1217 3974 temporibus
1263 3914 1296 3954 e
1339 3896 1480 3953 caelo
1528 3894 1756 3950 descen-

148 4005 343 4073 dente,
381 4004 456 4059 de
486 4002 726 4057 motione
752 4014 930 4069 aqua',
964 4007 1097 4061 etc.,
1143 4006 1330 4065 quem,
1362 3988 1533 4061 inquit
1564 3985 1758 4040 Kuste-

147 4114 241 4154 rus
274 4099 292 4169 (
318 4097 492 4167 Praef.
520 4095 591 4148 ad
622 4091 766 4147 Edit.
800 4090 873 4146 Ν.
902 4088 968 4145 T.
1010 4088 1167 4143 Millii
1190 4085 1237 4158 ),
1265 4086 1394 4141 olim
1426 4082 1601 4138 dubia:
1634 4078 1759 4134 ﬁdei

148 4208 175 4246 a
198 4191 531 4261 quihusdam
556 4187 800 4243 habitum
826 4184 1018 4252 fuisse,
1043 4198 1107 4238 ex
1126 4179 1400 4237 veteribus
1423 4193 1554 4235 mss.
1581 4172 1762 4245 colligi

151 4296 354 4353 potest,
390 4280 646 4340 adductis
689 4278 922 4335 subinde
971 4289 1163 4333 eorum
1205 4272 1486 4343 pluribus,
1530 4282 1667 4340 quos
1708 4267 1763 4321 in

148 4381 494 4437 bibliotheca
550 4375 695 4447 regia
748 4372 978 4430 Lutetia:
1030 4367 1323 4425 consuluit.
1374 4363 1497 4420 Mox
1546 4360 1763 4417 addit:

118 4536 119 4539 η
151 4475 307 4541 Quod
341 4475 388 4529 si
417 4488 596 4527 versus
625 4470 714 4525 ille
757 4468 905 4522 initio
935 4484 969 4520 a
995 4462 1255 4519 codicibus
1297 4458 1372 4514 Ν.
1415 4457 1476 4512 Τ.
1506 4455 1694 4527 abfuit,
1720 4463 1767 4508 et

1841 3246 2040 3303 cedunt
2069 3255 2320 3301 vexatum
2352 3245 2495 3301 hunc
2542 3245 2746 3316 locum,
2793 3257 2850 3304 et
2879 3265 2999 3319 quae
3031 3261 3354 3321 sequuntur,
3389 3262 3449 3309 ut

1844 3340 2108 3407 diximus;
2135 3354 2257 3411 quas
2288 3338 2529 3409 profecto
2565 3342 2768 3409 omnia,
2799 3343 2844 3397 si
2870 3343 2955 3398 cui
2978 3354 3291 3417 suspectum
3327 3357 3447 3406 erat

1847 3432 2169 3489 miraculum
2200 3432 2355 3498 illud,
2384 3432 2649 3489 delevisse
2678 3433 2986 3504 oportebat.

1919 3526 2066 3583 Nihil
2093 3527 2276 3597 itaque
2300 3526 2504 3582 certius
2529 3542 2688 3597 quam
2714 3538 2805 3582 aut
2824 3529 3056 3599 aliquem
3083 3571 3099 3598 ,
3129 3533 3219 3604 qui
3250 3534 3351 3591 sibi
3378 3549 3447 3593 ex

1850 3619 2187 3691 Antigrapho
2241 3619 2521 3689 exemplar
2565 3618 2939 3691 describeret,
3006 3636 3100 3681 aut
3150 3628 3451 3700 lectorem,

1853 3711 2218 3784 scripturariis
2255 3712 2437 3782 operis
2464 3720 2797 3782 praeeuntem
2826 3730 2856 3768 a
2896 3718 3057 3774 tertio
3083 3732 3351 3779 commate
3389 3711 3456 3780 ad

1856 3808 2099 3876 quintum
2145 3804 2458 3861 fallentibus
2497 3806 2671 3862 oculis
2696 3848 2711 3873 ,
2741 3814 2798 3863 et
2834 3808 2914 3864 sic
2944 3815 3222 3880 praeterito
3260 3828 3458 3888 quarto

1858 3897 2208 3965 transiliisse,
2241 3897 2434 3953 eodem
2466 3907 2650 3968 postea
2677 3914 2865 3957 errore
2904 3903 2958 3958 in
2994 3905 3098 3961 alia
3119 3948 3134 3975 ,
3165 3917 3329 3980 atque
3354 3914 3458 3970 alia

1860 3990 2170 4062 apographa
2195 4000 2527 4047 transeunte.
2559 3989 2670 4047 Hac
2701 3993 2815 4065 ipsa
2845 3994 2914 4051 de
2932 4011 3096 4054 causa
3125 4003 3327 4059 notulis
3354 4006 3461 4062 eri-

1864 4084 2017 4151 ticis,
2049 4092 2143 4138 aut
2166 4084 2442 4140 asteriscis
2478 4084 2531 4139 in
2574 4086 2894 4155 quibusdam
2929 4092 3329 4164 exemplaribus
3355 4099 3464 4170 sig-

1865 4188 1987 4235 nata
2015 4178 2266 4249 pericope
2295 4179 2381 4234 illa
2410 4196 2424 4233 :
2460 4178 2511 4233 in
2539 4178 2659 4235 aliis
2696 4191 2789 4236 aut
2815 4181 2884 4238 ad
2911 4198 3062 4240 oram
3087 4226 3104 4253 ,
3129 4197 3224 4245 aut
3249 4205 3460 4249 summa

1866 4271 2040 4328 fronte
2085 4272 2300 4327 diverso
2346 4282 2623 4329 caraclere
2667 4273 2937 4347 descripta
2964 4320 2980 4344 ,
3030 4289 3169 4339 teste
3211 4282 3463 4344 Kustcro.

1869 4364 2098 4421 Privatis
2129 4365 2334 4421 scilicet
2359 4406 2373 4432 ,
2404 4365 2494 4437 qui
2534 4366 2733 4423 alicubi
2774 4373 3193 4438 praetermissam
3224 4378 3467 4437 oﬁ'cnde-

1872 4469 2025 4524 rant,
2052 4460 2104 4514 in
2131 4460 2444 4551 apographo
2473 4476 2606 4530 suo,
2642 4468 2704 4517 ut
2725 4475 3032 4535 suspectam
3052 4509 3069 4537 ,
3110 4485 3341 4530 censura
3376 4476 3467 4533 illa

147 4578 331 4636 postea
356 4568 573 4621 demum
602 4566 654 4617 in
682 4571 875 4617 textum
903 4558 1173 4628 Evangelii
1192 4554 1415 4609 Joannis
1440 4550 1685 4622 irrepsit;
1713 4548 1769 4602 id
1794 4561 1846 4621 ι)
1871 4551 2274 4607 denotantibus,

147 4664 347 4729 factum
373 4656 608 4730 oportuit
632 4664 752 4707 ante
773 4662 1000 4721 tempora
1020 4645 1354 4712 Tertulliani,
1376 4643 1567 4715 quippe
1587 4640 1672 4712 qui
1701 4638 1769 4692 ad

147 4754 281 4808 [tunc
310 4755 498 4809 locum
530 4747 752 4815 respexit
780 4744 870 4799 lib.
905 4741 968 4796 de
996 4740 1263 4809 Baptismo
1287 4779 1301 4804 ,
1337 4735 1422 4789 ubi
1453 4734 1548 4802 ait,
1593 4730 1769 4787 Pisci-

145 4865 262 4901 nam
296 4840 655 4901 Bethsaidum
690 4838 901 4909 angelus
932 4832 1270 4889 interveniens
1297 4826 1660 4884 commovebat.

213 4936 625 4997 Duriusculuin
641 4948 771 4987 sane
783 4928 1071 4995 est,virum
1085 4923 1459 4981 doctissimum
1472 4919 1771 4985 dubitasse,

141 5056 207 5092 an
246 5042 420 5093 locus
467 5032 561 5087 ille
597 5030 648 5082 in
691 5020 1029 5095 autograplio
1077 5018 1303 5076 Joannis
1345 5014 1618 5081 extiterit;
1646 5027 1771 5068 cum

140 5133 319 5189 series
353 5131 487 5201 ipsa
517 5126 740 5192 integrae
772 5118 913 5173 illius
936 5114 1205 5187 periocha:
1231 5110 1391 5167 aliter
1420 5107 1664 5165 suadeat.
1688 5104 1775 5160 Ad

142 5228 270 5296 quid
303 5224 473 5282 enim
512 5216 694 5288 priora
723 5213 813 5268 illa
845 5210 913 5265 de
956 5206 1232 5279 probatica
1262 5204 1499 5275 quinque
1532 5200 1775 5271 porticus

146 5320 395 5377 habente
428 5333 446 5369 :
479 5312 659 5381 deque
695 5304 1040 5363 multitudine
1073 5300 1465 5372 languentium,
1498 5297 1590 5369 qui
1619 5310 1774 5366 aqua:

126 5427 387 5481 Διιιοιιιηι,
420 5409 503 5466 ibi
527 5401 914 5477 expectarent?
938 5411 1048 5454 tum
1077 5394 1461 5466 subsequentia
1485 5392 1553 5447 de
1575 5390 1777 5445 misero

146 5513 272 5577 mo,
309 5507 555 5579 triginta
594 5502 705 5569 iam
756 5508 809 5552 et
838 5503 960 5551 octo
1000 5492 1069 5547 ab
1097 5490 1256 5545 annis
1292 5487 1527 5551 inﬁrmo,
1561 5484 1672 5555 qui,
1699 5484 1781 5539 in-

148 5614 489 5680 lerrognttle
506 5596 729 5653 Christo
749 5608 816 5646 an
839 5588 1002 5646 vellet
1022 5602 1185 5643 sanus
1207 5581 1342 5649 ﬁeri,
1368 5579 1645 5652 respondit
1671 5594 1780 5635 non

150 5677 357 5759 ιμηωιῖε
392 5711 467 5751 se
502 5686 805 5750 hominem,
834 5698 861 5735 a
891 5695 1019 5751 quo,
1056 5677 1265 5733 turbata
1296 5689 1417 5731 cum
1443 5680 1591 5727 esset
1617 5686 1778 5742 aqua,

156 5804 206 5856 in
254 5795 557 5873 piscinam
611 5774 1031 5837 immitteretur?
1085 5787 1204 5845 quae
1260 5769 1501 5843 profecto
1554 5767 1784 5826 innuunt

1948 4645 2055 4701 Sed
2087 4647 2227 4701 inter
2254 4661 2350 4714 ea,
2378 4661 2498 4717 qua:
2520 4648 2696 4706 critici
2735 4651 2803 4707 ad
2844 4652 2987 4711 hunc
3022 4653 3248 4715 Joannis
3292 4660 3472 4721 locum

1876 4738 2235 4796 observavere
2254 4781 2271 4807 ,
2306 4739 2440 4795 nihil
2465 4757 2620 4811 aeque
2650 4742 2954 4802 mirandum
2978 4786 2997 4815 ,
3018 4763 3083 4803 ac
3107 4764 3471 4813 commentum

1876 4831 2009 4888 illud
2040 4847 2090 4886 ν.
2122 4848 2172 4888 c.
2215 4832 2431 4889 Henrici
2477 4834 2834 4905 Hammondi,
2867 4855 2975 4910 quo
3000 4882 3016 4907 ,
3058 4849 3274 4900 retento
3314 4847 3477 4905 nihil-

1879 4926 2095 4983 ominus
2132 4935 2388 4983 contextu
2418 4928 2629 5001 integro
2655 4932 2899 5002 ejusdem
2931 4935 3199 5005 periocha:
3222 4981 3237 5006 ,
3272 4942 3380 4999 vim
3409 4944 3477 5001 il-

1882 5020 1989 5076 lam
2020 5019 2247 5076 sanandi
2273 5033 2505 5093 a'grotos
2527 5067 2541 5093 ,
2576 5024 2647 5080 ab
2686 5027 2935 5082 omnibus
2960 5026 3239 5105 hucusque
3280 5014 3480 5095 divina:

1884 5113 2137 5184 potentia;
2179 5113 2469 5183 tributam,
2514 5116 2565 5172 in
2607 5117 2896 5175 medicatas
2932 5133 3128 5180 cruore
3170 5129 3433 5198 pecudum

1880 5221 2003 5278 qua:
2041 5206 2153 5261 illic
2181 5206 2387 5277 ingenti
2415 5224 2642 5266 numero
2671 5210 2737 5265 ad
2768 5175 3480 5296 sacriﬁcia—magabab‘tiir:

1882 5316 2050 5371 aquas
2073 5302 2452 5394 transfundere
2504 5312 2733 5360 conatus
2786 5314 2888 5366 est.
2938 5308 3055 5367 Non
3093 5318 3285 5389 angelo
3318 5335 3483 5394 prep-

1886 5403 2032 5499 terea
2086 5393 2318 5462 Domini,
2356 5394 2453 5451 sed
2509 5396 2700 5453 nuntio
2752 5401 2989 5471 quodam
3034 5420 3065 5463 a
3111 5393 3487 5474 sacerdotibus

1888 5496 2056 5543 misso
2093 5504 2184 5545 eas
2209 5499 2621 5547 commovente:
2653 5504 2707 5548 ut
2740 5496 2947 5553 medica
2976 5500 3064 5557 illa
3107 5505 3188 5561 vis
3212 5512 3489 5581 Sanguinis

1888 5596 2322 5653 quaquaversum
2368 5583 2852 5658 commiscerctur,
2893 5608 3014 5663 qum
3062 5594 3147 5652 hic
3192 5598 3262 5657 de
3302 5604 3490 5660 nuntio

1889 5676 2349 5780 comminiscitur,
2436 5677 2626 5736 Grotio
2648 5692 2733 5738 est
2762 5694 3066 5756 mutuatus;
3103 5689 3247 5748 hunc
3274 5696 3394 5752 vide
3423 5700 3492 5756 ad

1889 5770 2114 5829 citatum
2139 5767 2363 5827 Joannis
2394 5769 2597 5831 locum.
2628 5773 2892 5849 Quodque
2916 5777 3076 5838 ﬁdem
3107 5796 3359 5860 superat,
3387 5807 3494 5854 uno
