3976 6338
540 179 612 241 35
1913 179 2458 242 PROLEGOMENA.

3778 202 3866 260 36

547 302 825 356 dumtaxat
853 301 1162 370 quotannis,
1194 315 1222 354 e
1253 309 1326 354 tot
1349 300 1502 369 agris-
1534 299 1620 367 ιμιῑ
1657 297 1784 353 inihi
1821 299 2139 354 beneﬁcium
2169 302 2216 360 Α
2248 315 2317 361 ιι,
2356 298 2384 370 §
2425 299 2518 354 I27
2558 298 2750 373 (aﬂ'ert
2793 302 2879 360 hic
2916 301 3106 361 Caeca
3134 302 3338 363 Laertii
3364 349 3380 375 ,
3407 323 3530 381 qua:
3576 309 3865 369 brevitatis

545 394 680 450 illud
714 395 1193 464 pra-stolabuntur,
1223 393 1274 446 in
1305 394 1540 447 salutare
1569 393 1843 447 lavacrum
1875 394 2139 448 iuzrncuu-

545 497 620 544 te.
653 488 818 556 Quasi
843 497 939 542 aut
966 501 1070 542 non
1110 486 1398 542 interesset
1425 487 1639 542 caeteris
1667 486 1830 542 etiam
1868 487 2142 556 prospice-

543 596 605 636 re
633 599 647 634 :
680 589 774 635 aut
801 579 1008 650 medica
1039 579 1117 635 vis
1137 579 1229 634 uni
1260 587 1468 634 tantum
1493 579 1629 634 satis
1655 587 1801 634 esset
1827 577 2027 633 futura.
2059 578 2138 632 Ad

541 691 732 733 omnes
760 685 1019 746 praeterea
1050 675 1270 740 morbos
1305 675 1451 730 iacto
1487 673 1728 730 remedio
1757 673 1889 728 illo:
1922 673 2143 728 claudo-

542 783 662 824 rum
718 768 964 833 scilicet,
1019 768 1296 826 aridorum
1325 810 1339 835 ,
1391 782 1702 835 caecorum,
1760 767 2138 838 aliorumque,

541 876 679 933 quos
709 862 760 916 in
793 861 1137 918 mollitudine
1163 863 1253 918 illa
1292 861 1661 933 languentium
1700 861 1865 918 fuisse
1906 877 2004 930 par
2033 872 2139 930 est,

539 966 594 1013 et
621 956 765 1028 quod
803 957 1048 1013 medicos
1091 971 1280 1013 omnes
1312 956 1591 1027 hucusque
1622 957 1793 1012 latuit.
1829 957 1970 1026 Quot
1993 957 2140 1013 enim

536 1053 665 1107 c:eci
691 1052 783 1125 (ne
804 1050 1159 1121 aegritudines
1181 1051 1315 1107 alias
1336 1052 1664 1107 inveteratas
1685 1052 2138 1118 commemorem,

537 1158 662 1214 qua:
685 1142 913 1200 medicis
945 1143 1108 1199 etiam
1135 1143 1466 1199 doctissimis
1495 1159 1711 1200 crucem
1743 1143 1910 1214 iigere
1941 1142 2139 1213 solent)

540 1236 594 1292 in
623 1234 959 1306 principibus
997 1235 1218 1291 familiis
1254 1237 1493 1307 opulenti
1530 1250 1746 1308 gregem
1781 1250 1946 1290 unum
1973 1244 2029 1290 et
2060 1234 2140 1289 al-

542 1339 717 1386 terum
755 1328 1101 1386 mactandum
1130 1327 1440 1394 dedissent,
1472 1343 1506 1384 e
1549 1329 1788 1386 tenebris
1823 1328 1930 1383 illis
1973 1335 2029 1381 ut
2071 1325 2139 1382 ad

540 1422 722 1479 lumen
775 1423 1060 1492 pristinum
1111 1421 1293 1476 redire
1340 1423 1607 1492 possent?
1654 1420 1852 1491 Insigni
1894 1418 2140 1490 proiecto

539 1517 790 1589 exemplo
812 1558 827 1584 ,
858 1533 1018 1588 quam
1059 1516 1215 1573 facile
1251 1517 1647 1574 excellentibus
1675 1525 1872 1571 caetera
1909 1513 2138 1586 ingeniis

541 1611 793 1667 illecebra
824 1608 1080 1666 novitatis
1107 1611 1367 1680 imponat.
1399 1608 1563 1665 Certe
1581 1650 1598 1674 ,
1627 1609 1958 1680 quicumque
1986 1621 2137 1663 com-

2245 393 2415 461 gratia
2460 391 2853 464 relinquimus,
2884 405 2939 454 et
2979 397 3219 469 ejusdem
3255 397 3416 456 latina
3448 402 3693 476 damus).
3730 399 3866 461 Irri-

2246 485 2396 540 debat
2439 488 2608 554 enim,
2640 498 2688 546 et
2717 487 2872 546 libere
2914 491 3251 564 loquebatur;
3287 512 3448 566 quare
3485 513 3604 552 cum
3656 499 3866 556 adoles-

2245 596 2365 636 cens
2409 582 2652 638 adversus
2694 582 2843 639 illum
2889 603 3066 659 aspere
3117 588 3242 656 quid
3289 591 3544 660 dixisset,
3589 597 3866 663 respondit

2243 673 2450 756 quidem
2491 675 2648 744 nihil,
2691 678 2782 732 sed
2831 691 3040 751 sumpta
3092 685 3291 751 festuca
3340 685 3583 757 pingebat
3635 689 3866 762 ﬁgurans

2243 767 2514 822 muliebria
2556 771 2826 839 patientis,
2873 773 3032 829 donec
3060 771 3348 834 videntibus
3376 780 3611 835 omnibus
3656 781 3868 838 adoles-

2243 855 2359 916 cens
2381 901 2395 928 ,
2420 863 2678 921 intellecta
2717 868 3060 937 contumelia,
3090 871 3351 928 abscessit.
3383 865 3543 930 Tanti
3573 886 3691 931 erat
3727 876 3864 934 Cle-

2244 955 2360 1012 rico
2414 957 2708 1016 irustillum
2746 963 3104 1034 eruditionis,
3135 983 3236 1036 qua
3281 982 3414 1024 sane
3462 977 3519 1026 et
3558 971 3749 1041 varia,
3803 982 3868 1029 et

2245 1049 2568 1122 multiplici,
2601 1051 2776 1110 dicam
2810 1056 3006 1123 etiam,
3035 1057 3087 1112 in
3119 1057 3280 1114 rebus
3309 1059 3554 1128 plurimis
3584 1061 3863 1133 exquisita

2245 1142 2516 1212 pollebat,
2548 1160 2616 1200 ne
2659 1146 2894 1216 periret,
2937 1159 2995 1204 ut
3043 1149 3110 1206 ad
3154 1151 3534 1222 gravissimum
3568 1171 3866 1228 argumen-

2243 1245 2354 1289 tum
2383 1237 2561 1306 turpia
2595 1239 2692 1294 ista
2714 1281 2731 1306 ,
2756 1249 2848 1307 et,
2882 1242 2926 1297 si
2957 1253 3068 1313 quo
3087 1243 3195 1300 alio
3224 1245 3279 1301 in
3308 1243 3460 1315 loso,
3491 1258 3640 1307 certe
3667 1251 3719 1306 in
3752 1247 3866 1308 hoc

2241 1341 2452 1384 summe
2504 1329 2790 1387 inhonesta
2840 1333 3059 1392 adferre
3106 1350 3212 1392 non
3267 1339 3566 1396 erubuerit.
3627 1340 3866 1413 Papiam

2241 1432 2535 1491 przctcrea,
2571 1423 2749 1479 virum
2789 1427 3148 1496 aposmlicum
3184 1429 3406 1501 ineptiis
3445 1430 3596 1490 hisce
3632 1439 3864 1506 operam

2239 1511 2487 1570 dedisse!
2522 1515 2704 1572 Mitius
2740 1527 2924 1574 tamen
2949 1561 2964 1586 ,
2994 1535 3154 1591 quam
3185 1535 3309 1577 cum
3341 1522 3492 1579 illum
3521 1535 3575 1581 et
3603 1537 3805 1581 vanum
3837 1570 3856 1596 ,

2240 1611 2296 1660 et
2317 1607 2668 1677 impostorem
2697 1611 2981 1668 traducere
3006 1613 3112 1668 non
3144 1611 3406 1670 dubitavit
3427 1613 3527 1688 (l).
3556 1615 3740 1687 Adde,
3775 1619 3856 1674 in.

537 1705 861 1761 mentarium
889 1705 1020 1760 illud
1059 1705 1378 1775 expenderit
1402 1745 1416 1770 ,
1446 1717 1688 1771 mecum,
1721 1710 1778 1758 ut
1815 1711 1980 1772 puto,
2010 1715 2137 1756 sen-
2169 1686 2218 1746 Β
2245 1699 2382 1772 signi
2430 1701 2594 1758 etiam
2640 1705 3084 1775 pa'rachronismo
3109 1748 3124 1772 ,
3169 1711 3212 1764 si
3254 1686 3507 1766 Laertius
3557 1711 3692 1767 vixit
3730 1725 3862 1786 post

537 1799 654 1854 tiet.
683 1798 940 1868 Quamvis
966 1798 1207 1854 Clericus
1227 1838 1242 1864 ,
1276 1798 1367 1868 qui
1398 1805 1474 1851 tot
1501 1796 1600 1850 alia
1629 1793 1682 1850 iu
1709 1810 1878 1865 opere
1911 1795 2003 1849 illo
2036 1809 2136 1850 no-

536 1893 606 1948 tis
653 1895 858 1950 criticis
917 1893 1202 1948 illustravit
1254 1891 1434 1962 (Edit.
1479 1891 1644 1946 altera
1698 1889 1953 1960 Francof.
1999 1887 2140 1960 apud

539 1983 786 2040 Thomam
814 1982 1110 2056 Fritsch.),
1151 1982 1446 2062 πγράδοξον
1491 1982 1630 2037 istud
1677 1979 2002 2055 Hatttmondi
2027 1971 2141 2045 ,'et

538 2079 781 2146 inllrma,
811 2078 857 2134 si
899 2094 1004 2150 qua
1044 2093 1296 2146 umquam
1323 2119 1337 2142 ,
1384 2084 1702 2146 argumenta
1742 2075 1808 2128 ad
1850 2074 1992 2128 idem
2040 2071 2142 2127 iul-

538 2173 789 2230 ciendum
818 2173 979 2228 allata
1007 2174 1200 2226 tacitus
1227 2170 1572 2244 prmterierit.

608 2265 756 2321 Inter
778 2280 962 2320 meros
988 2263 1230 2336 argentei
1264 2262 1467 2318 codicis
1497 2272 1582 2317 est
1606 2260 1768 2316 etiam
1806 2259 2030 2330 insignis
2058 2259 2139 2313 al-

539 2367 622 2415 ter
657 2357 727 2414 de
767 2355 1129 2429 praetermissa
1159 2354 1387 2411 Joannis
1425 2370 1519 2409 vm
1567 2353 1827 2408 adultera:
1871 2352 2131 2417 historia;

537 2452 629 2524 qui
670 2461 846 2507 tamen
883 2460 970 2506 est
998 2449 1078 2504 illi
1106 2465 1228 2504 cum
1259 2446 1643 2503 VBIIISli38illIlS
1687 2446 1962 2518 plerisque
1987 2458 2139 2499 eom-

535 2546 732 2601 munis.
779 2545 888 2600 Nos
925 2544 978 2598 in
1007 2543 1235 2598 materia
1264 2542 1362 2596 ista
1387 2581 1401 2607 ,
1433 2550 1622 2611 utpote
1662 2555 1692 2593 a
1723 2539 1852 2593 viris
1880 2536 2136 2592 doctissi-

535 2637 639 2692 mis
659 2635 772 2707 jam
802 2637 1066 2692 exhausta
1091 2675 1106 2700 ,
1140 2648 1309 2705 pauca
1339 2641 1546 2687 tantum
1575 2631 1710 2686 alias
1737 2631 2026 2686 observata
2051 2627 2138 2683 hic

530 2727 816 2784 addemus.

603 2821 758 2878 Mitto
796 2819 929 2876 illud
974 2819 1150 2877 Grotii
1193 2817 1414 2891 (Adnot.
1445 2817 1515 2872 ad
1552 2816 1607 2872 h.
1641 2818 1678 2871 l.
1708 2815 1941 2887 Joan.),
1992 2813 2133 2869 haud

527 2918 779 2988 scriptam
827 2916 1038 2972 scilicet
1081 2931 1111 2970 a
1151 2914 1395 2980 Joanne,
1446 2913 1540 2969 sed
1589 2913 1657 2968 ab
1705 2913 1860 2982 ipso,
1909 2910 2135 2980 aliisque

525 3010 787 3082 apostolis
809 3011 928 3065 viva
951 3024 1084 3064 voce
1105 3023 1251 3079 saepe
1282 3019 1552 3061 narratam
1576 3048 1589 3070 ,
1617 3014 1876 3061 attextam
1899 3002 2130 3058 subinde

2245 1790 2477 1846 Marcum
2507 1793 2839 1850 Antoninum
2873 1805 2934 1851 ut
2969 1805 3122 1870 putat
3149 1797 3489 1869 Palmerius,
3522 1801 3698 1875 magis
3725 1821 3858 1861 vero

2243 1884 2288 1938 si
2317 1900 2462 1938 anno
2486 1885 2704 1942 circiter
2725 1902 2824 1943 ccx
2853 1887 2978 1944 JcSu
3000 1889 3231 1958 Christi,
3261 1890 3456 1948 Severi
3498 1909 3609 1950 xvn
3629 1935 3646 1961 ,
3678 1898 3817 1950 sint
3836 1938 3852 1963 ,

2244 1973 2493 2032 ﬂoruisse
2517 1977 2804 2047 credatur,
2837 1989 2896 2034 ut
2933 1981 3003 2035 ait
3037 1979 3450 2051 Tillcmontitts;
3491 1983 3632 2041 adde
3671 1984 3857 2042 lens-

2241 2067 2387 2137 gium
2416 2069 2469 2124 in
2513 2069 2671 2127 Praei.
2702 2070 2770 2127 ad
2815 2072 2997 2130 Lacrt.
3034 2073 3226 2145 Papias
3269 2077 3414 2133 enim
3457 2079 3851 2152 quinquaginta

2241 2161 2308 2215 ad
2341 2166 2517 2218 minus
2539 2165 2693 2220 annis
2712 2203 2729 2233 ,
2761 2181 2826 2222 ex
2860 2166 2960 2224 hoc
2989 2170 3196 2225 calculo
3215 2209 3232 2238 ,
3260 2171 3627 2243 praemortuus
3646 2173 3851 2233 La‘ertb

2255 2255 2434 2313 fuerit.

2321 2351 2526 2408 Desunt
2563 2354 2725 2410 etiam
2771 2354 2824 2410 in
2855 2356 3042 2413 codice
3083 2359 3222 2427 alia,
3255 2369 3375 2434 qua:
3417 2362 3468 2418 in
3509 2362 3733 2440 Vulgata
3763 2365 3850 2424 le-

2240 2453 2472 2513 guntur,
2531 2455 2588 2500 ut
2635 2446 2825 2503 Matth.
2875 2463 3064 2519 xxvn,
3099 2452 3183 2509 8:
3235 2451 3459 2525 PrOpter
3497 2457 3594 2512 hoc
3642 2453 3853 2516 vocalia

2241 2544 2314 2588 est
2342 2552 2465 2607 ager
2501 2537 2592 2593 ille
2628 2537 2954 2595 Hacel‘dama
2973 2585 2988 2606 ,
3019 2543 3116 2598 hoc
3144 2554 3220 2600 est
3263 2562 3386 2618 ager
3416 2552 3678 2621 sanguinis
3700 2569 3719 2606 :
3748 2541 3853 2609 co-

2239 2626 2345 2683 des
2371 2671 2386 2694 ,
2445 2632 2718 2701 przeterita
2765 2635 2955 2690 vocula
3016 2635 3370 2708 ﬂaceidama,
3395 2653 3603 2698 uocatus
3625 2654 3700 2699 est
3720 2655 3858 2717 ager

2240 2723 2536 2794 sanguinis.
2565 2724 2702 2780 Tum
2730 2726 2972 2797 ejusdem
3003 2744 3189 2798 xxv",
3218 2731 3290 2789 55
3309 2775 3322 2799 ,
3356 2732 3559 2806 integra
3586 2737 3850 2809 perlcope

2239 2813 2364 2881 illa,
2393 2824 2447 2868 ut
2487 2815 2787 2886 impleretur
2813 2821 2949 2890 quod
2991 2821 3186 2876 dictum
3232 2834 3306 2879 est
3353 2837 3446 2896 per
3492 2823 3801 2898 Propheta":
3828 2869 3848 2896 ,

2239 2904 2533 2962 Diviserunt
2581 2912 2708 2978 sibi,
2747 2921 2852 2968 etc.
2881 2914 2967 2971 Uti
3015 2917 3177 2972 etiam
3225 2933 3349 2986 vnt,
3383 2919 3452 2988 9,
3500 2937 3621 2976 nam
3663 2933 3710 2978 et
3755 2939 3851 2996 ego

2240 2998 2393 3055 homo
2432 3019 2547 3056 sum
2588 3007 2680 3059 sub
2711 3017 2960 3075 potestate
2997 3011 3332 3083 constitutus,
3370 3015 3570 3072 omissa
3623 3026 3750 3074 sunt
3790 3018 3847 3078 iit

534 3104 701 3160 fuisse
735 3118 766 3158 a
806 3103 968 3174 Papia
990 3143 1005 3169 ,
1047 3102 1274 3172 aliisque
1309 3097 1535 3156 Joannis
1574 3097 1854 3167 discipulis
1891 3095 2131 3166 ejusdem
2163 3085 2208 3147 C
2241 3104 2428 3150 nostro
2449 3137 2464 3160 ,
2496 3098 2589 3151 sub
2620 3109 2865 3165 potestate
2893 3105 3238 3170 constitutus;
3264 3121 3381 3177 qua:
3410 3109 3593 3165 versio
3615 3109 3845 3168 Gothica

528 3198 822 3270 Evangelio
839 3241 854 3265 ,
886 3207 942 3253 et
969 3196 1038 3250 ab
1060 3195 1298 3252 Ecclesia
1325 3191 1806 3266 probatam:un
1826 3191 1957 3245 satis
1982 3199 2133 3245 certo

530 3291 846 3348 tesnimonio
890 3296 1164 3345 constaret
1191 3289 1260 3342 ab
1299 3286 1561 3358 apostolis
1601 3284 1873 3338 traditam.
1908 3282 2039 3338 Nam
2079 3291 2135 3338 et

536 3384 688 3440 nullo
717 3383 941 3438 omnino
967 3380 1322 3435 lurida-intento
1351 3378 1539 3434 nititur
1563 3377 1874 3447 eoi-jectm-a
1907 3378 2006 3429 ista
2030 3392 2045 3440 ;
2079 3385 2134 3429 et

530 3489 616 3534 est
638 3479 800 3533 etiam
825 3489 914 3530 res
936 3473 1160 3545 periculi
1187 3473 1339 3542 plena
1356 3510 1372 3536 ,
1399 3471 1443 3526 si
1467 3470 1595 3542 quid
1612 3511 1630 3535 ,
1653 3484 1753 3526 ceu
1780 3468 2096 3524 canonicum
2115 3509 2128 3531 ,

528 3572 654 3629 addi
701 3587 733 3627 a
778 3569 1001 3641 privatis
1045 3565 1494 3638 evangelistarum
1550 3563 1793 3620 historiae
1844 3562 1974 3618 olim
2031 3575 2126 3633 po-

532 3669 703 3724 tuisse
731 3664 1038 3722 credamus.

603 3762 800 3818 blillius
827 3759 894 3814 ad
921 3758 1063 3814 hunc
1090 3757 1269 3813 locum
1288 3797 1303 3823 ,
1328 3753 1608 3810 memoria:
1632 3751 1784 3824 lapsu
1805 3793 1819 3817 ,
1848 3750 2124 3817 extitisse,

529 3855 737 3929 inquit,
771 3852 1050 3909 historiam
1088 3849 1229 3905 hanc
1269 3850 1320 3904 in
1364 3845 1666 3918 Evangelia-
1686 3842 1982 3900 secundum
2023 3842 2130 3899 He-

525 3953 742 4010 braeos:
772 3957 827 4005 et
852 3946 1048 4005 exinde
1073 3945 1199 4001 huic
1221 3951 1412 4000 nostro
1439 3950 1675 3998 assutam
1705 3955 1734 3994 a
1760 3939 1920 4010 Papia
1947 3979 1961 4003 ,
1991 3947 2128 3995 teste

529 4047 796 4112 Eusebio,
827 4044 891 4100 Il'.
918 4043 982 4098 iii.-
1006 4058 1094 4109 ιιι,
1123 4041 1216 4096 '59.
1245 4039 1386 4094 Nihil
1407 4037 1552 4093 enim
1580 4035 1649 4090 de
1670 4034 1776 4089 hoc
1815 4042 2128 4089 assumento

527 4141 669 4212 apud
698 4138 988 4204 Eusebium
1006 4176 1022 4202 ,
1054 4134 1146 4204 qui
1175 4139 1437 4202 praeterea
1475 4143 1575 4199 pro
1600 4127 1826 4182 muliere
1853 4124 2126 4193 adultera,

527 4233 800 4288 heminam
827 4229 988 4285 aliam
1017 4226 1308 4282 multorum
1350 4221 1637 4278 criminum
1669 4233 1816 4275 ream
1846 4233 1954 4274 non
1981 4233 2130 4275 com-

527 4332 907 4381 memorasset.

596 4417 839 4473 Clericus
864 4412 1091 4468 miratur
1119 4405 1515 4464 Hammoudum
1538 4444 1552 4470 ,
1580 4401 1752 4460 Grotii
1780 4403 2126 4472 conjecturas

2239 3187 2485 3244 similiter
2528 3194 2806 3260 praeteriit.
2837 3193 2946 3251 Sed
2972 3195 3216 3254 defectus
3247 3199 3334 3254 isti
3359 3241 3376 3267 ,
3420 3213 3654 3272 quorum
3685 3204 3843 3274 pleri-

2236 3294 2342 3350 que
2365 3283 2730 3353 antiquissimi
2755 3298 2878 3342 sunt
2899 3330 2915 3354 ,
2948 3296 3058 3343 tum
3089 3290 3176 3345 alii
3215 3291 3376 3347 etiam
3401 3292 3618 3351 erudito
3655 3296 3843 3354 lectori

2235 3374 2415 3427 statim
2443 3377 2734 3443 patebunt:
2766 3394 2873 3435 non
2904 3395 3064 3437 secus
3093 3393 3256 3455 atque
3293 3397 3674 3446 assumcntum
3713 3390 3845 3448 Illud

2232 3465 2397 3546 Luca:
2426 3484 2508 3536 at,
2541 3470 2611 3526 56
2633 3512 2646 3534 ,
2675 3481 2730 3527 ct
2767 3487 2890 3539 xm,
2924 3475 3022 3542 17,
3054 3475 3266 3548 aliaque
3296 3477 3631 3549 hujusmodi.

2308 3560 2512 3616 Addam
2543 3564 2824 3619 lectionem
2847 3575 3108 3638 argenteo
3129 3569 3300 3626 codici
3329 3575 3661 3644 peculiarem
3687 3575 3847 3638 Lacte

2234 3669 2328 3708 xx:
2347 3695 2361 3719 ,
2387 3655 2477 3712 25.
2512 3656 2733 3728 Vulgata
2761 3677 2775 3716 :
2811 3659 2884 3714 Et
2913 3662 2968 3715 in
2997 3663 3146 3718 terris
3170 3677 3406 3736 pressum
3455 3670 3687 3740 gentium
3739 3691 3847 3745 pro:

2232 3748 2536 3819 confusione
2563 3752 2760 3806 sonitus
2785 3754 2945 3807 maris
2963 3795 2978 3820 ,
3012 3761 3060 3808 ct
3086 3767 3253 3812 motus
3279 3760 3535 3829 ﬂuctuum
3561 3778 3582 3818 :
3607 3773 3842 3825 uoStc‘r:

2235 3841 2302 3897 Et
2329 3844 2380 3898 in
2407 3852 2544 3898 terra
2569 3857 2813 3902 occursus
2837 3850 3066 3919 gentium
3095 3851 3356 3908 anxietate
3376 3896 3392 3922 ,
3425 3859 3481 3910 ut
3505 3857 3710 3913 sonitus
3736 3879 3848 3920 ma-
3915 3841 3919 3844 ν

2231 3938 2336 4002 ris,
2378 3948 2426 3992 et
2471 3949 2639 3994 motus
2685 3941 2983 4010 ﬂuctuant;
3023 3957 3185 4015 quam
3239 3945 3726 4017 olim'putave'ram
3775 3957 3848 4012 ad

2231 4030 2550 4087 Tertulliani
2594 4033 2770 4091 locum
2823 4035 2994 4109 (Adv.
3042 4035 3212 4109 Marc.
3256 4057 3345 4111 tv,
3385 4043 3480 4116 59)
3519 4045 3850 4108 adornatam

2231 4123 2418 4190 fuisse,
2448 4124 2538 4180 ubi
2564 4125 2641 4180 ait
2665 4142 2680 4180 :
2712 4127 2821 4184 Sed
2850 4139 3133 4186 monstrato
3162 4132 3346 4190 dehinc
3375 4147 3602 4208 tempore
3626 4141 3848 4212 excidii,

2231 4231 2348 4270 cum
2375 4219 2606 4287 cwpisset
2625 4220 2812 4276 vallari
2840 4224 3144 4280 exercitibus
3176 4223 3530 4299 Hierusalem,
3556 4233 3708 4306 signa
3729 4237 3851 4309 jam

2229 4310 2399 4370 ultimi
2423 4311 2545 4379 ﬁnis
2580 4325 2821 4379 enarrat.
2855 4318 2980 4372 solis
3018 4319 3066 4374 et
3106 4319 3275 4388 luna),
3307 4321 3638 4396 siderumque
3662 4329 3853 4399 prodi-

2230 4403 2331 4474 gia.
2363 4403 2428 4459 Et
2468 4405 2524 4460 in
2576 4415 2712 4460 terra
2739 4409 3007 4480 angustias
3044 4412 3314 4468 nationum
3348 4413 3848 4486 obstupescentium.

526 4519 771 4566 secutum
797 4545 815 4568 .
847 4504 1127 4560 historiam
1170 4502 1310 4556 hanc
1350 4498 1636 4554 retinuisse
1679 4495 1784 4570 (In
1813 4494 1942 4550 Not.
1973 4495 2042 4549 ad
2069 4495 2124 4550 h.
2153 4480 2208 4543 Ῐ)
2234 4496 2424 4554 Vew'r
2459 4516 2492 4555 Α
2533 4512 2724 4557 somru
2755 4517 2916 4557 uanis
2954 4517 3320 4563 reuertimus
3365 4519 3459 4580 pro
3488 4480 3855 4581 expectatione

527 4606 590 4671 l.,
621 4603 760 4658 Edit.
790 4617 948 4671 supra
977 4594 1170 4668 laud.).
1205 4595 1435 4665 lpsemet
1458 4601 1635 4647 tamen
1660 4591 1713 4646 in
1738 4599 1963 4662 utroque
1981 4598 2126 4646 textu

527 4695 835 4755 Harmonia:
876 4689 1220 4762 Evangelicze
1262 4688 1487 4744 retinuit
1517 4703 1530 4738 :
1564 4693 1677 4741 tum
1707 4683 1762 4738 in
1795 4693 2128 4740 commenta-

527 4793 608 4849 rio
648 4788 922 4846 historico
954 4786 1127 4840 latius
1151 4782 1452 4852 digestum,
1503 4780 1555 4834 in
1595 4777 1893 4835 canonibus
1943 4784 2126 4848 postea

526 4883 870 4957 Evangelicis
911 4879 980 4936 ad
1009 4875 1316 4948 exemplum
1346 4873 1588 4932 adduxit.
1633 4871 1740 4931 Sed
1774 4871 1971 4944 potiori
2006 4869 2129 4941 jure

527 4978 864 5036 mirabuntur
900 4972 1145 5047 profecto
1194 4985 1386 5026 omnes
1413 5009 1427 5031 .
1475 4965 1570 5038 qui
1618 4965 1849 5035 legerint
1891 4963 2122 5019 adducta

527 5074 726 5131 ibidem
750 5087 782 5128 a
804 5071 1015 5134 Clerico
1053 5067 1120 5122 ad
1162 5065 1353 5121 versic.
1385 5063 1419 5120 6
1441 5103 1454 5130 ,
1485 5061 1571 5117 ubi
1617 5059 1812 5116 dicitur
1851 5058 2010 5114 Jesus
2043 5059 2125 5112 in-

526 5168 759 5223 clinasse
793 5178 882 5227 se,
911 5172 965 5217 ct
988 5161 1156 5232 digito
1195 5157 1250 5212 in
1283 5167 1430 5214 terra
1460 5153 1774 5224 scripsisse,
1805 5160 1913 5208 etc.
1950 5150 2122 5206 Verba

526 5261 646 5332 q’us
669 5265 830 5315 sunt:
865 5256 969 5324 Qui
1008 5258 1138 5310 hanc
1165 5253 1430 5307 historiam
1458 5249 1697 5327 adsutam
1726 5246 1810 5300 hic
1851 5261 1961 5299 esse
2004 5261 2123 5299 cen-

527 5362 638 5410 sent
662 5394 680 5420 ,
713 5352 909 5422 possint
931 5348 1181 5422 suspicari
1223 5344 1482 5416 Papiam,
1523 5350 1610 5396 aut
1656 5341 1818 5394 aliisin
1859 5338 1989 5391 hanc
2018 5337 2122 5392 cir-

525 5446 886 5501 cumstantiam
912 5449 1198 5498 mutuatum
1226 5438 1423 5507 cepisse
1455 5451 1520 5490 ea:
1545 5449 1626 5499 eo,
1658 5429 1796 5503 quod
1824 5433 2044 5499 refertur
2064 5429 2128 5482 de

528 5538 828 5596 Menedemo
851 5578 866 5602 ,
895 5546 943 5591 et
972 5532 1111 5606 quod
1147 5530 1224 5585 ita
1250 5539 1427 5584 narrat
1455 5525 1713 5599 Diogenes
1757 5519 1998 5576 Laertius
2034 5522 2124 5578 lib.

2233 4593 2634 4666 impendentium
2665 4596 2940 4653 ntaloram.
2994 4598 3100 4656 Sed
3134 4601 3278 4657 unde
3318 4601 3538 4659 demum
3581 4615 3855 4667 manave-

2235 4687 2338 4753 rit;
2367 4695 2518 4743 certe
2553 4689 2856 4759 energetica
2883 4698 3000 4760 est,
3030 4705 3093 4746 ac
3140 4692 3276 4749 mire
3319 4695 3659 4763 exprimitur
3692 4701 3856 4758 mur-

2235 4795 2358 4834 mur
2392 4780 2670 4836 immenste
2697 4779 2848 4836 illius
2875 4781 3234 4839 multitudinis
3258 4785 3360 4841 sibi
3387 4786 3620 4844 invicem
3646 4793 3858 4849 occur-

2235 4873 2469 4928 santium
2507 4887 2622 4944 prae
2671 4873 2947 4931 anxietate
2998 4874 3360 4946 impendentis
3408 4878 3624 4952 ruinae,
3671 4885 3857 4944 veluti

2233 4975 2318 5022 est
2354 4967 2518 5022 maris
2549 4967 2758 5023 sonitus
2788 4967 3119 5025 ﬂuctuantis.

2303 5059 2385 5114 En
2417 5059 2510 5115 tibi
2539 5060 2718 5116 locum
2748 5060 2913 5117 alium
2943 5063 3141 5134 egregii
3176 5064 3470 5137 Scriptoris
3489 5085 3687 5140 ,quem
3712 5089 3859 5133 con-

2231 5163 2314 5210 tra
2335 5152 2660 5210 Marcionem
2692 5155 2797 5228 (ῐν,
2829 5155 2932 5226 26)
2986 5169 3140 5225 urget
3193 5163 3493 5232 argumenti
3534 5165 3711 5235 gratia
3739 5210 3760 5235 ,
3797 5182 3858 5227 at

2230 5255 2514 5316 propterea
2537 5246 2616 5302 sic
2647 5248 2839 5302 tectum
2873 5250 2924 5303 i'n
2955 5251 3359 5320 exempt'aribbs
3385 5267 3608 5312 suorum
3625 5267 3860 5334 tempo-

2232 5349 2352 5393 rum
2384 5338 2572 5409 liquet.
2601 5337 2785 5410 Neque
2819 5341 2963 5395 enim
3007 5341 3301 5411 nhjecissct
3329 5343 3618 5403 lectionem
3649 5351 3725 5406 ab
3761 5370 3858 5411 ar-

2220 5432 2479 5506 [chetypis
2503 5433 2826 5499 abeuntem;
2850 5434 3016 5491 Luca:
3045 5438 3344 5505 przesertim
3364 5480 3379 5505 ,
3397 5455 3560 5510 quem
3587 5455 3857 5516 apostata

2237 5525 2330 5581 ille
2360 5542 2471 5596 prae
2513 5528 2729 5584 caeteris
2773 5529 3121 5600 cvangelistis
3168 5531 3479 5604 selegerat:
3522 5536 3855 5615 longoque,

597 5663 681 5734 (t)
718 5661 944 5717 Dissert.
997 5657 1066 5714 de
1112 5656 1268 5714 Auct.
1323 5653 1736 5728 Evangeliorum
1781 5651 1847 5709 ad
1897 5652 2100 5710 calcem
2142 5652 2329 5714 Harm.
2378 5654 2475 5712 Ev.
2529 5655 2763 5712 Observ.
2813 5654 2884 5738 ad
2922 5653 3127 5712 llerod.
3175 5655 3268 5714 lib.
3311 5671 3365 5726 ι,
3414 5654 3692 5720 Chronol.
3738 5665 3820 5724 ad

533 5740 699 5797 linem
722 5742 854 5790 tom.
881 5744 965 5789 ιιι.
