3968 6332
191 187 266 246 37
992 184 1213 244 EPIST.
1254 183 1503 243 PHILIP.
1545 180 1912 252 GARBELLI,
1945 182 2039 240 DE
2076 181 2324 242 CODICE
2362 180 2718 244 BRIXIANO.
3443 182 3517 248 38

192 305 444 375 quamvis
501 316 758 373 pervcrso
783 319 882 358 usu
916 305 1164 360 callebat.
1193 302 1491 358 Locus‘est
1521 301 1678 356 Luca:
1705 315 1760 355 xi
1787 342 1801 361 .
1833 305 1886 364 Α
1913 299 2312 371 interpolationi
2340 345 2353 368 ,
2406 318 2586 369 mera,
2645 311 2701 358 ct
2754 302 2971 374 quidem
3026 304 3081 361 in
3101 320 3161 362 re
3208 305 3331 362 lacti
3371 303 3518 362 haud

195 400 300 462 £5,
339 399 426 450 ubi
478 396 967 466 VulgatazQuanto
997 398 1159 466 magis
1190 395 1348 448 Pater
1391 407 1551 448 restcr
1590 393 1653 447 de
1682 392 1808 447 caelo

192 493 339 546 dabit
377 492 630 561 Spiritum
663 505 836 545 nom:
885 489 1170 561 petentibus
1209 504 1304 553 se;
1358 487 1535 542 codex
1582 493 1766 539 noster
1793 526 1808 552 ,

193 586 460 653 Spiritum
503 599 784 644 sancruu.
835 595 892 638 ut
929 583 1121 639 Graeca
1168 582 1334 638 ferme
1387 580 1566 636 omnia
1610 585 1810 652 Πνεῦμα

192 679 364 754 ἅγιον.
398 679 762 735 Tertullianus
783 719 797 741 ,
831 679 1060 750 Agnosce
1089 679 1244 750 igitur
1274 686 1319 730 et
1371 674 1578 729 Patrem
1599 713 1618 741 ,
1663 689 1811 745 quem

192 775 354 829 etiam
385 773 620 845 appellas
651 773 952 826 creatorem.
985 769 1009 823 Ι
1019 787 1108 843 pse
1152 779 1252 834 est,
1302 769 1389 838 qui
1415 767 1511 822 scit
1562 767 1690 838 quid
1712 765 1809 836 ﬁlii

192 867 480 937 postulent.
530 865 672 919 Nam
711 876 760 920 et
817 879 1002 934 panem
1052 862 1331 933 petentibus
1390 861 1453 914 de
1496 861 1622 914 caelo
1671 858 1812 913 dedit

194 977 415 1026 manna,
437 969 483 1014 et
499 965 706 1013 carnem
730 956 1137 1013 desiderantibus
1173 955 1341 1010 emisit
1376 953 1810 1024 Ortigometram;

193 1070 304 1108 non
324 1062 733 1123 serpentempra
765 1053 934 1122 pisce,
967 1066 1070 1104 non
1115 1049 1371 1120 scorpium
1395 1063 1488 1116 pro
1511 1063 1622 1100 ovo.
1655 1044 1810 1100 Illius

192 1156 376 1200 autem
401 1145 498 1198 erit
523 1160 625 1196 non
654 1144 779 1197 dare
801 1143 995 1196 malum
1026 1158 1118 1213 pro
1144 1141 1306 1208 bono,
1341 1141 1492 1209 cujus
1535 1149 1812 1211 utrumque

196 1243 291 1295 sit.
330 1238 587 1295 Craterum
635 1238 774 1294 Deus
817 1238 1104 1293 Marcionis
1148 1256 1251 1293 non
1278 1239 1470 1293 habens
1500 1239 1807 1308 scorpium,

197 1353 309 1390 non
335 1344 535 1404 poterat
558 1334 614 1388 id
638 1350 691 1388 se
714 1335 880 1387 dicere
906 1349 1008 1386 non
1039 1333 1316 1399 daturum,
1346 1333 1482 1403 quod
1523 1347 1627 1385 non
1657 1331 1812 1385 habe-

196 1427 322 1490 bat;
352 1427 444 1480 sed
470 1425 561 1480 ille
580 1427 670 1496 qui
699 1425 885 1480 habens
913 1435 960 1479 et
982 1427 1243 1496 scorpium
1273 1440 1374 1480 non
1399 1425 1509 1478 dat.
1545 1423 1725 1488 Itaque
1763 1430 1812 1476 et

195 1521 466 1578 Seianus
479 1535 726 1577 sancruu
754 1521 799 1576 is
823 1520 996 1590 dabit,
1026 1521 1168 1592 apud
1183 1537 1334 1592 quem
1355 1531 1429 1574 est
1452 1530 1498 1574 et
1529 1535 1631 1573 non
1653 1533 1813 1574 sauc-

197 1630 326 1670 TUS.

1914 409 2132 463 semper
2177 393 2338 461 felix,
2369 391 2683 465 conjectura
2708 404 2812 450 est.
2859 396 2996 452 Illud
3026 378 3204 464 enim,
3257 397 3402 470 quod
3448 398 3520 455 ad

1912 486 2243 541 secernenda
2271 487 2338 542 ab
2365 487 2655 558 adjectitiis
2679 490 2911 558 genuina
2936 532 2951 556 ,
2981 491 3036 545 in
3069 491 3274 546 criticis
3299 491 3520 562 jndiciis

1917 579 2202 649 plurimum
2253 581 2433 647 valet;
2493 596 2692 652 nempe
2743 583 2788 638 si
2837 583 2980 638 ratio
3037 585 3182 639 milia
3231 583 3520 641 amovendi

1912 673 2112 744 aliquid
2144 690 2173 730 a
2197 683 2441 731 veterum
2479 675 2728 747 scriptis,
2779 678 3075 747 probabilis
3105 693 3240 734 vero
3282 678 3521 736 add‘endi

1913 764 2079 822 fuisse
2097 765 2380 834 videatur,
2412 783 2518 822 non
2547 783 2676 825 raro
2717 768 2905 825 fallere
2945 778 3143 838 potest.
3195 771 3333 828 Sunt
3361 771 3519 841 plura

1913 858 1980 913 ab
2024 860 2381 916 oscitantibus
2433 861 2670 918 librariis
2713 862 2991 932 praeterita
3047 863 3152 919 alia
3197 863 3520 920 dictantium

1912 950 2123 1018 oculos,
2141 952 2245 1006 alia
2265 967 2423 1009 aures
2437 953 2823 1024 excipientium
2840 953 3027 1010 fallere
3051 956 3318 1028 solebant,
3339 955 3523 1028 cujus-

1915 1045 2059 1100 modi
2088 1047 2165 1100 rei
2195 1047 2450 1117 exempla
2477 1063 2585 1103 non
2617 1064 2785 1119 pauca
2815 1050 2868 1105 in
2917 1037 3048 1105 mss.
3078 1051 3210 1121 ipsis
3239 1050 3304 1106 Ν.
3336 1050 3399 1106 Τ.
3436 1051 3519 1108 le-

1913 1140 2163 1208 gentibus
2188 1149 2518 1209 occurrunt,
2547 1143 2624 1196 uti
2648 1151 2732 1198 est
2753 1143 2964 1214 insigne
2995 1143 3126 1199 illud
3157 1143 3316 1200 Joan.
3347 1161 3400 1212 v,
3431 1145 3467 1200 4
3497 1187 3516 1214 ,

1913 1236 2057 1307 quod
2099 1237 2260 1307 paulo
2280 1248 2408 1293 ante
2453 1238 2895 1294 observabamus.
2932 1240 3220 1310 l‘rOpterea
3252 1239 3519 1296 incertum

1911 1331 2135 1385 omnino
2165 1342 2248 1386 est
2276 1330 2458 1387 deleta
2488 1348 2555 1387 ne
2601 1331 2804 1388 fuerint
2829 1333 2990 1389 verba
3020 1332 3143 1402 illa,
3173 1349 3240 1389 an
3289 1341 3516 1407 pra-ter-

1915 1424 2077 1480 missa
2104 1425 2156 1479 in
2185 1425 2522 1498 antigrapliis
2541 1467 2557 1490 ,
2589 1427 2640 1481 in
2669 1426 2864 1498 quibus
2888 1427 3108 1485 desunt.

1985 1517 2178 1573 Obstat
2202 1521 2365 1574 etiam
2421 1521 2734 1590 conjectura
2774 1520 2927 1576 Millii
2965 1521 3109 1578 inter
3153 1522 3377 1580 criticas
3407 1523 3526 1580 ani-

1917 1610 2324 1667 madversiones
2378 1611 2513 1667 illa:
2572 1612 2745 1684 magis
2795 1628 2993 1684 nempe
3041 1623 3352 1685 suspectam
3399 1629 3525 1673 esse

275 1703 592 1780 Espendam
636 1707 726 1764 hic
770 1708 1060 1764 lectionem
1103 1706 1263 1761 aliam
1307 1708 1550 1778 argentei
1609 1705 1812 1762 codicis
1845 1713 1888 1773 Β
1919 1705 2231 1770 lectionem,
2253 1722 2375 1774 qute
2403 1722 2431 1761 a
2464 1707 2650 1776 paucis
2679 1706 3158 1780 codicibus,quam
3185 1724 3306 1780 quas
3336 1725 3364 1764 a
3397 1711 3524 1782 plu-

200 1805 368 1861 Lucze
386 1821 468 1866 Ix.
497 1801 568 1859 54
590 1845 603 1864 ,
631 1819 789 1872 quam
815 1812 1032 1858 secutus
1048 1817 1219 1858 necne
1243 1802 1401 1856 fuerit
1422 1800 1806 1867 Tertullianus,

197 1896 522 1966 ambigitur.
557 1896 631 1950 Ea
657 1905 742 1951 est
775 1891 1058 1959 :Domlne,
1093 1895 1168 1947 vis
1208 1894 1422 1948 dicimus
1453 1903 1507 1948 ut
1545 1894 1679 1965 ignis
1721 1895 1812 1948 de-

197 1991 414 2046 scendat
453 1990 520 2045 de
550 1990 707 2055 cado,
761 1999 806 2044 et
854 1999 1116 2044 consumat
1155 1989 1309 2054 illos,
1342 2005 1492 2045 SICUT
1514 2005 1581 2044 ET
1609 1989 1812 2045 Hamas

199 2101 400 2141 rear:
436 2100 560 2156 qum
598 2083 787 2139 ultima
819 2083 983 2139 verba
1015 2083 1071 2137 iu
1113 2081 1352 2153 Vulgata:
1411 2084 1811 2154 exemplaribus

199 2178 428 2235 desunt.

268 2270 595 2326 Lectionem
615 2269 753 2325 hanc
771 2270 950 2324 omnia
971 2268 1086 2325 fere
1105 2283 1237 2323 mss.
1269 2270 1600 2340 exemplaria
1623 2268 1813 2326 Grieca

203 2366 504 2431 exhibent,
527 2372 668 2420 teste
714 2364 882 2420 Millio
909 2365 976 2419 ab
999 2364 1056 2417 li.
1093 2364 1126 2417 Ι.
1148 2405 1163 2432 ,
1221 2374 1330 2418 tum
1363 2363 1567 2435 Syrus,
1602 2364 1774 2419 Arabs
1795 2406 1810 2431 ,

204 2458 478 2528 Ethiops,
541 2455 801 2513 Gotliicus
847 2458 1174 2527 interpretes
1203 2498 1218 2523 ,
1265 2457 1549 2526 ipsamque
1593 2457 1813 2511 retinuit

203 2555 468 2610 Erasmus
497 2555 551 2608 in
583 2553 897 2609 editioneN.
918 2551 978 2606 T.
998 2569 1050 2607 Α.
1073 2567 1271 2606 uoLvm
1293 2592 1308 2618 ,
1333 2552 1473 2620 apud
1491 2551 1808 2606 llovillium.

147 2710 157 2721 ,
204 2649 272 2704 Et
298 2650 380 2704 sic
401 2648 604 2719 legisse
635 2647 1024 2703 Tertullianum
1049 2656 1330 2718 potaverat
1357 2645 1576 2702 Millius.
1605 2646 1811 2702 Astubi

209 2743 273 2798 ad
297 2743 694 2813 Prolegomena
725 2740 942 2796 tandem
974 2738 1288 2806 descendit,
1315 2739 1367 2793 in
1395 2738 1663 2794 diversam
1692 2755 1813 2791 om-

206 2836 330 2890 nino
356 2835 690 2890 seutentiam
717 2833 848 2888 abiit
875 2833 986 2904 (N.
1011 2834 1066 2900 4,
1097 2833 1164 2888 18
1183 2833 1224 2903 ).
1255 2831 1427 2887 Verba
1455 2831 1571 2902 ejus
1598 2831 1811 2896 damus,

206 2937 392 2999 utpote
422 2944 549 2998 qua:
577 2928 644 2983 ad
670 2928 948 2984 criterium
981 2926 1205 2995 hujusce
1234 2925 1336 2980 loci
1386 2941 1489 2979 non
1517 2937 1703 2994 parum
1733 2923 1812 2978 fa-

203 3024 369 3078 ciant.
409 3021 724 3092 Sequentia,
766 3021 970 3091 inquit,
1004 3023 1072 3082 ὡς
1098 3022 1182 3074 καί
1225 3018 1390 3080 Ἠλίας
1433 3020 1672 3086 ἐποίησε,
1702 3031 1818 3090 qua:

1915 1797 2068 1854 rimis
2100 1797 2440 1855 exliibeatur.
2465 1798 2692 1855 Difﬁcile
2720 1799 2866 1858 enim
2895 1809 2981 1856 est
3007 1801 3310 1858 creditutot
3329 1818 3525 1858 exem-

1917 1889 2083 1958 plaria
2109 1931 2124 1955 ,
2162 1907 2267 1944 non
2294 1906 2401 1946 uno
2432 1890 2552 1946 loco
2575 1931 2591 1960 ,
2623 1906 2687 1947 ac
2715 1899 2958 1963 tempore
2977 1907 3100 1948 cum
3122 1893 3190 1950 ab
3203 1894 3526 1966 antiquariis

1916 1984 1981 2039 ad
2007 1985 2274 2055 publicum
2305 1999 2458 2040 usum
2484 2027 2499 2052 ,
2536 1995 2647 2040 tum
2689 2001 2721 2040 a
2770 1985 3098 2055 privatorum
3127 1986 3372 2056 pluribus
3413 1987 3521 2045 sibi

1916 2077 2050 2147 ipsis
2089 2087 2272 2147 parata
2295 2117 2310 2144 ,
2337 2094 2368 2134 e
2388 2088 2646 2150 corrupto
2696 2078 2952 2151 quopiam
2983 2079 3193 2151 singula
3253 2079 3522 2151 prodiisse

1915 2173 2058 2244 quod
2115 2189 2148 2229 e
2187 2183 2375 2229 contra
2434 2173 2616 2243 paucis
2662 2173 2910 2229 accidere
2959 2173 3214 2230 facillime
3263 2183 3517 2246 poterat;

1916 2275 2026 2320 tum
2052 2267 2248 2339 Syrum
2270 2310 2284 2334 ,
2335 2267 2570 2322 Arabem
2597 2309 2612 2334 ,
2642 2265 2954 2337 IEtliiopem
2979 2309 2995 2333 ,
3025 2267 3310 2324 Gothicam
3353 2268 3526 2325 inter-

1917 2359 2151 2429 polatis,
2202 2358 2288 2414 hic
2327 2358 2476 2426 loci,
2529 2374 2721 2415 omnes
2786 2361 3120 2432 antigrapbis
3167 2376 3312 2419 usos.
3365 2346 3520 2418 Adde

1917 2453 2102 2510 Graeca
2128 2451 2298 2509 ferme
2327 2452 2529 2520 on'mia,
2556 2451 2761 2509 fatente
2777 2452 2968 2522 Millio,
2991 2453 3068 2511 sic
3091 2455 3299 2526 legere,
3323 2455 3525 2526 quibus

1918 2555 2099 2602 tamen
2149 2547 2214 2601 ab
2263 2546 2537 2602 adnotatis
2590 2563 2619 2601 a
2653 2546 3030 2615 Tertulliano,
3062 2548 3294 2616 aliisve,
3343 2566 3443 2605 seu
3486 2564 3524 2604 a

1917 2636 2123 2692 Latinis
2177 2639 2579 2710 exemplaribus
2650 2639 2815 2696 verba
2836 2639 2927 2695 illa
2981 2640 3307 2712 irrepsisse,
3360 2641 3522 2714 pauci

1916 2730 2020 2785 sibi
2061 2731 2435 2800 persuadeant.
2470 2732 2642 2788 Rarus
2670 2733 2812 2789 enim
2838 2774 2855 2802 ,
2883 2750 3005 2791 cum
3065 2735 3271 2791 Latina:
3299 2738 3516 2809 linguai,

1918 2832 2030 2878 tum
2060 2825 2171 2878 At‘ri
2198 2823 2341 2879 illius
2368 2867 2382 2890 ,
2406 2825 2748 2899 aliorumque
2764 2843 2793 2884 e
2817 2830 3018 2891 nostris
3038 2830 3364 2901 scriptorum
3387 2848 3518 2890 usus

1917 2919 2056 2990 apud
2104 2917 2406 2976 Orientales
2439 2929 2567 2976 tunc
2600 2923 2856 2992 temporis
2887 2923 3005 2999 fuit.
3062 2924 3258 2983 Rarior
3303 2926 3521 2997 Vulgati

1919 3012 2231 3082 interpretis
2259 3053 2274 3081 ,
2304 3023 2396 3070 aut
2424 3014 2603 3072 verius
2639 3015 2821 3072 nullus
2847 3056 2862 3084 ,
2885 3031 2992 3090 quo
3042 3017 3265 3074 minime
3313 3018 3524 3092 indige-

205 3118 508 3172 sententiam
529 3115 712 3170 Jacobi
743 3126 793 3170 et
819 3115 1040 3169 Joannis
1072 3124 1179 3168 tam
1211 3114 1485 3185 insigniter
1514 3115 1810 3176 illustrant,
1840 3104 1884 3167 C
1920 3105 2065 3192 bant.

205 3212 272 3266 ad
317 3212 611 3284 marginem
636 3209 754 3264 libri
781 3227 814 3263 a
841 3210 1070 3264 studioso
1087 3206 1310 3278 quodam
1357 3207 1623 3274 adscripta
1660 3207 1819 3277 fuisse

207 3306 563 3362 commentarii
606 3307 751 3370 loco,
791 3304 1009 3374 indeque
1052 3303 1320 3357 transiisse
1361 3302 1415 3356 in
1469 3317 1656 3370 corpus
1698 3316 1820 3353 con-

209 3408 415 3464 textus,
443 3398 672 3466 res'ipsa
715 3394 925 3450 clamat.
961 3396 1086 3461 Quis
1115 3395 1250 3448 enim
1278 3410 1436 3448 sanus
1469 3404 1571 3446 tam
1597 3392 1821 3463 insignia

209 3490 496 3547 deleverit?
520 3488 666 3554 Iino,
698 3488 834 3560 quod
862 3491 1123 3542 sententia:
1149 3487 1503 3558 apostolorum
1527 3484 1655 3539 lucis
1681 3483 1819 3537 haud

210 3604 387 3652 parum
414 3585 754 3656 affunderent
772 3627 786 3650 ,
813 3594 1019 3654 arrepta
1047 3583 1184 3636 haud
1205 3582 1381 3636 dubito
1402 3582 1455 3634 in
1481 3590 1556 3635 tea
1568 3588 1694 3634 tum.
1716 3579 1822 3633 Civ-

211 3693 371 3736 terum
399 3698 432 3733 a
456 3678 786 3734 Tertulliano
810 3677 941 3732 lecta
962 3677 1121 3749 fuisse
1143 3674 1252 3731 ha'c
1289 3674 1427 3747 quod
1453 3692 1544 3729 nos
1587 3673 1710 3728 olim
1765 3674 1820 3726 in

211 3776 338 3830 notis
353 3775 553 3830 nostris
564 3772 930 3842 aﬂirmavimus
947 3812 961 3839 ,
987 3787 1087 3824 non
1117 3771 1187 3824 ita
1207 3770 1480 3840 liquidum.
1494 3767 1520 3821 Ι
1529 3767 1640 3822 llud
1659 3769 1821 3837 magis

210 3867 504 3922 mosimile
544 3873 648 3928 est.
699 3867 989 3935 exemplum
1032 3861 1205 3928 Elite,
1253 3863 1317 3916 ab
1358 3863 1470 3933 ipso
1501 3860 1590 3915 lib.
1615 3877 1664 3914 iv
1697 3859 1816 3915 adv.

213 3957 539 4013 Hareionem
559 3998 575 4022 ,
601 3955 703 4023 25;
737 3957 953 4028 aliisque
985 3963 1214 4010 notatum
1237 3948 1304 4008 ad
1332 3952 1470 4007 hunc
1495 3953 1692 4019 locum,
1734 3968 1824 4007 oc-

212 4054 472 4108 casionem
494 4050 700 4106 dedisse
728 4050 850 4105 huic
880 4048 1282 4121 interpolationi.

281 4145 541 4202 Profecto
574 4144 716 4199 haud
763 4143 896 4201 satis
928 4143 1188 4215 liquidum
1237 4143 1381 4196 itane
1413 4139 1466 4194 in
1512 4137 1822 4210 apograplio

213 4240 371 4296 Lucae
392 4239 593 4311 legerit
618 4236 1010 4304 Tertullianus,
1027 4251 1094 4291 an
1120 4237 1350 4306 ipsemet
1365 4232 1497 4288 Elia:
1511 4232 1820 4303 exemplum

211 4333 502 4390 addiderit.
537 4329 715 4387 Verba
746 4329 863 4402 ejus
888 4339 1013 4384 sunt
1040 4348 1053 4385 :
1095 4328 1457 4400 Reprmsentat
1506 4324 1718 4380 Creator
1747 4326 1825 4397 ig-

211 4431 349 4485 nium
368 4429 612 4500 plagam,
636 4425 689 4481 Η
695 4426 794 4481 clia
815 4425 1108 4497 postulante
1122 4467 1137 4492 ,
1152 4425 1207 4479 in
1226 4424 1318 4478 illo
1341 4421 1822 4493 Pseudopropheta.

1995 3201 2092 3254 Ast
2117 3239 2132 3267 ,
2163 3200 2306 3270 quod
2356 3216 2443 3256 me
2471 3201 2642 3272 magis
2673 3199 2882 3260 inducit
2910 3211 2968 3261 ut
2990 3201 3207 3260 credam
3234 3244 3250 3272 ,
3281 3203 3352 3260 ita
3379 3203 3522 3262 anti-

1923 3292 2106 3364 quitus
2139 3292 2339 3348 lectum
2364 3335 2378 3360 ,
2408 3304 2490 3348 est
2521 3294 2642 3350 lacti
2670 3295 2838 3365 ipsius
2859 3295 3074 3363 raritas,
3103 3311 3166 3352 ac
3187 3280 3523 3368 magnitudo.

1924 3383 2104 3454 Ignem
2153 3385 2356 3440 scilicet
2383 3373 2450 3442 de
2501 3385 2640 3443 coelo
2672 3387 2724 3442 in
2756 3387 3208 3444 contumeliosum
3262 3389 3523 3462 oppidum

1925 3479 2129 3547 precari
2159 3469 2434 3548 apostolos
2461 3479 2601 3535 velle
2631 3520 2646 3546 ,
2670 3480 2920 3554 exemplo
2947 3482 3095 3540 milio
3125 3493 3420 3554 praeeunte.
3446 3483 3528 3542 Ac

1926 3581 2210 3642 propterea
2256 3587 2385 3628 vero
2415 3571 2746 3626 simillimum
2779 3582 2896 3639 est,
2931 3574 3060 3638 Elia:
3105 3574 3240 3632 illud
3265 3616 3280 3641 ,
3337 3586 3528 3647 utpote

1925 3664 2137 3736 insigne
2169 3665 2305 3720 adeo
2329 3708 2345 3733 ,
2378 3670 2543 3737 atque
2595 3668 2736 3723 inter
2762 3666 2988 3724 Judmos
3012 3670 3280 3726 uotorium
3309 3673 3534 3734 Christo.

1924 3757 2215 3816 adduxisse
2243 3803 2258 3825 ,
2289 3768 2347 3814 ut
2374 3759 2621 3816 eamdem
2647 3802 2664 3827 ,
2715 3763 2833 3832 qua:
2858 3761 2985 3821 olim
3037 3764 3314 3836 propheta:
3358 3764 3482 3824 data
3505 3810 3525 3837 ,

1930 3861 2254 3922 potestatem
2287 3852 2535 3922 ipsismet
2557 3851 2780 3908 faceret.

1997 3942 2148 4012 Quod
2179 3957 2343 4014 supra
2387 3942 2700 3999 dicebamus
2727 3986 2742 4012 ,
2801 3944 2950 4012 plura
2978 3945 3047 4002 ab
3096 3948 3526 4020 exscriptoribus

1927 4038 2027 4093 bac
2059 4036 2221 4093 illhac
2242 4037 2580 4109 p’rzeter‘mitti
2620 4036 2880 4109 potuisse,
2918 4041 3126 4096 monuit
3154 4058 3240 4098 me
3269 4043 3370 4100 loci
3394 4043 3532 4102 alte-

1927 4131 2039 4185 rius
2059 4128 2217 4185 Lucm
2244 4145 2316 4195 vr.
2346 4129 2416 4186 26
2438 4173 2453 4196 ,
2478 4128 2568 4185 ubi
2597 4130 2816 4201 Vulgata
2845 4147 2967 4188 cum
2991 4131 3195 4190 Graecis
3213 4131 3385 4191 ferme
3408 4152 3529 4192 om-

1927 4221 2088 4279 nibus
2121 4238 2134 4276 ξ
2164 4222 2464 4278 Secundum
2488 4221 2600 4278 hwc
2623 4225 2758 4277 enim
2790 4225 3048 4294 faciebant
3074 4225 3534 4302 pseudoprophetis

1928 4327 2098 4388 patres
2124 4333 2302 4371 eorum
2321 4359 2336 4386 ,
2365 4318 2641 4387 exemplar
2663 4327 2939 4384 nostrum,
2963 4319 3219 4390 faciebant
3247 4332 3296 4376 et
3308 4323 3537 4395 prophe-

1928 4411 2011 4465 tis.
2061 4400 2127 4466 Et
2175 4412 2254 4466 sic
2310 4410 2526 4468 codices
2557 4412 2719 4484 aliqui
2766 4423 2891 4470 ante
2941 4413 3362 4489 Hieronymum,
3395 4427 3537 4477 teste

212 4497 446 4597 Agnosco
459 4497 665 4590 iudicis
693 4520 1024 4575 severitatem.
1050 4516 1100 4572 E
1128 4528 1309 4573 contra
1338 4513 1531 4570 Christi
1561 4516 1815 4570 leuitatem
1842 4511 1895 4571 D
1921 4504 2129 4597 Μίηίοη
2154 4505 2222 4560 Et
2267 4506 2346 4561 Sic
2389 4497 2613 4578 legebat
2677 4506 3045 4566 Tertullianus
3087 4510 3108 4593 ς
3134 4510 3252 4569 Lib.
3291 4530 3348 4572 tv
3413 4518 3538 4572 adv.

212 4613 527 4684 increpantis
550 4611 780 4666 eamdem
806 4610 1300 4665 animadversionem
1331 4607 1642 4662 destinantes
1665 4606 1822 4659 disci-

212 4707 361 4777 pulos
381 4720 540 4775 super
568 4702 718 4758 illum
763 4702 989 4757 viculum
1031 4701 1433 4757 Samaritarum.
1468 4697 1627 4753 Certe
1647 4738 1662 4764 ,
1695 4711 1818 4750 cum

213 4800 277 4856 ad
329 4799 607 4854 laudatam
635 4795 798 4852 Lucae
827 4795 1122 4867 pericopen
1153 4793 1455 4863 respiceret
1492 4789 1586 4846 lib.
1613 4791 1678 4845 de
1717 4788 1818 4842 Pa-

217 4893 399 4950 tientia
424 4892 483 4955 5,
513 4891 646 4945 Elia:
673 4904 779 4946 nort
802 4889 1070 4945 meminit.
1094 4886 1271 4942 Verba
1296 4885 1413 4956 ejus
1437 4883 1628 4938 damus
1645 4897 1674 4936 a
1697 4881 1818 4936 Mil-

215 4985 286 5042 lio
305 5001 412 5040 non
438 4983 728 5040 observata
749 5001 762 5034 :
786 4981 908 5036 Non
928 4992 1217 5052 peccatores
1231 4979 1251 5052 (
1266 4977 1437 5048 inquit
1453 4976 1819 5033 Tertullianus

213 5079 281 5135 de
305 5077 534 5135 Christo
559 5077 844 5149 loquens),
875 5093 977 5132 non
1003 5074 1318 5129 Publicanos
1367 5082 1670 5144 aspernatus
1721 5081 1818 5126 est.

216 5169 340 5226 Non
383 5172 464 5225 illi
502 5171 686 5225 saltem
712 5169 904 5224 civitati
923 5209 938 5236 ,
966 5182 1080 5238 qua:
1101 5183 1218 5221 eum
1265 5166 1492 5235 recipere
1541 5165 1777 5218 noluerat
1804 5203 1820 5229 ,

215 5266 376 5321 iratus
405 5275 519 5333 est;
541 5283 664 5320 cum
682 5262 1088 5333 etiamdiscipu‘li
1118 5270 1223 5314 tant
1241 5258 1610 5314 contumelioso
1634 5256 1825 5329 oppido

220 5362 443 5416 cwlestes
463 5361 608 5432 ignes
635 5358 992 5430 repraesentari
1020 5356 1316 5411 voluissent.

294 5452 564 5511 Caeterum
587 5456 747 5510 verba
781 5453 870 5508 illa
901 5469 929 5505 a
959 5450 1190 5519 quodam
1221 5447 1425 5503 codicis
1456 5446 1540 5501 sui
1592 5445 1820 5515 margini

222 5548 516 5619 adscripta,
539 5558 598 5603 ut
620 5547 1040 5611 asscritilillius,
1067 5543 1194 5598 inde
1238 5543 1290 5597 in
1314 5549 1820 5598 contextumtraus-

218 5645 346 5700 iisse
374 5661 388 5698 :
413 5656 533 5701 tum
561 5644 631 5698 ab
669 5643 791 5698 aliis
809 5643 973 5697 etiam
997 5639 1107 5704 ,uti
1139 5640 1286 5709 prius
1321 5637 1685 5692 Tertullianus
1706 5677 1721 5702 ,
1752 5633 1819 5689 ad

215 5734 390 5796 locum
439 5720 605 5798 illum
636 5737 788 5794 Lucae
833 5744 1016 5792 notata
1044 5733 1387 5791 occasionem
1441 5731 1656 5789 dedisse
1695 5728 1821 5785 huic

1930 4599 2096 4654 Marc.
2120 4595 2161 4672 ),
2187 4598 2511 4657 observante
2528 4600 2742 4658 eodem.
2763 4600 2940 4661 Verba
2968 4605 3086 4676 ejus
3107 4615 3235 4664 sunt
3255 4625 3267 4663 :
3304 4608 3396 4666 Va:
3414 4627 3535 4665 cum

1926 4693 2066 4748 vobis
2119 4693 2469 4750 benedixerint
2498 4694 2731 4752 homines
2758 4715 2777 4752 :
2802 4699 3078 4755 secundum
3131 4701 3240 4757 haec
3275 4704 3536 4775 faciebant

1925 4797 1972 4840 et
1999 4787 2260 4858 prophetis
2278 4795 2446 4860 patres
2475 4787 2702 4844 illorum.
2723 4789 2798 4845 ΔΞ
2802 4788 2899 4862 que
2922 4791 3132 4848 Creator
3171 4783 3537 4853 benedictionis

1922 4891 1970 4936 et
1995 4880 2164 4936 laudis
2193 4880 2435 4937 humana:
2462 4894 2738 4939 sectatores
2765 4885 2965 4940 incusat
2997 4903 3086 4956 per
3134 4885 3364 4942 Esaiam.
3427 4865 3538 4946 Ροέ

1923 4976 2075 5047 putus
2098 4990 2239 5030 meus
2256 5017 2271 5043 ,
2295 4977 2382 5046 qui
2409 4991 2495 5031 vos
2521 4976 2691 5032 beatos
2714 4978 2918 5046 dicunt,
2942 4979 3189 5034 seducunt
3209 4996 3295 5040 vos
3312 5022 3328 5049 ,
3351 4993 3398 5039 et
3428 4985 3540 5041 vias

1925 5071 2110 5142 pedum
2138 5079 2418 5125 vestrorum
2447 5070 2739 5125 disturbant
2767 5068 2926 5143 (Esai
2951 5112 2966 5133 .
2995 5087 3074 5139 tu,
3102 5071 3168 5127 i2
3186 5071 3227 5146 ).
3257 5071 3533 5146 Legenda,

1927 5179 2044 5235 quae
2075 5162 2140 5217 ad
2198 5161 2342 5218 hunc
2387 5163 2569 5220 locum
2600 5163 2818 5219 adducit
2856 5163 3091 5232 Millius;
3143 5176 3254 5222 tum
3313 5167 3538 5228 Erasmi

1924 5257 2185 5329 judicium
2212 5300 2226 5321 ,
2255 5259 2344 5329 qui
2377 5259 2599 5329 putabat
2637 5257 3004 5316 diversitatem
3062 5260 3201 5319 hanc
3230 5263 3300 5319 ab
3351 5265 3539 5322 erudi-

1923 5351 2035 5406 tulo
2063 5350 2295 5422 quodam
2338 5351 2389 5405 in
2419 5350 2634 5406 codices
2661 5349 2910 5418 primitus
2939 5351 3246 5424 irrepsisse.
3278 5356 3390 5428 Ego
3423 5373 3538 5416 non

1924 5445 2144 5510 dubito,
2175 5444 2435 5516 quidquid
2475 5451 2753 5514 peccatum
2798 5443 2869 5500 sit
2888 5445 3113 5504 librario
3167 5448 3391 5516 deberi,
3441 5453 3537 5524 qui

1924 5555 2046 5594 cum
2081 5537 2408 5609 priecedenti
2454 5545 2724 5593 commate
2748 5537 2820 5593 9.5
2841 5582 2856 5608 ,
2885 5539 3076 5596 eadem
3125 5543 3347 5598 omnino
3370 5545 3538 5602 verba
3615 5550 3623 5557 ’

1926 5632 2183 5702 legisset,
2216 5639 2309 5685 aut
2347 5627 2435 5686 hic
2460 5629 2565 5685 loci
2593 5617 2876 5688 retinenda
2926 5626 3170 5703 censuit,
3205 5636 3390 5708 sicque
3429 5637 3541 5709 pri-

1927 5743 2042 5785 mas
2072 5726 2309 5800 syllabas
2354 5725 2408 5782 in
2454 5725 2910 5800 pseudoprophetis
2937 5729 3234 5804 praeteriit;
3268 5739 3395 5802 aut,
3438 5731 3542 5792 lal-
