3968 6332
473 253 544 315 39
1831 255 2370 315 I’ROLEGOMENA.
3695 258 3760 315 ιο

471 373 708 432 lentibus
734 376 1167 442 oculis,comma
1197 375 1326 431 illud
1355 389 1454 447 pro
1483 375 1655 430 altero
1679 375 1873 432 iterum
1917 375 2064 445 legit.
2099 377 2144 436 Λ
2175 383 2285 444 pta,
2317 372 2440 444 quia
2487 372 2538 428 in
2587 370 2843 428 Africana
2886 370 3133 429 Ecclesia
3177 370 3282 429 soli
3332 370 3552 430 codices
3597 371 3762 430 Latini

472 463 635 524 Certe
663 467 731 521 ad
778 467 1050 524 laudatum
1084 468 1258 524 Esaia:
1306 469 1484 524 locum
1513 469 1817 537 respexisse
1865 467 2075 523 videtur

472 557 723 615 Salvator
753 571 958 618 noster.
1005 561 1076 616 Et
1103 561 1250 634 quod
1296 561 1426 616 olim
1458 561 1946 632 ρδοιιάυντοριιυιω
1975 561 2072 626 illi,

463 653 564 736 ~qui
597 653 781 710 videre
801 654 932 709 falsa
954 695 969 720 ,
995 665 1049 710 ct
1077 653 1320 711 divinare
1342 655 1540 726 populo
1563 655 1902 711 mendacium
1929 656 2076 711 dice-

474 745 672 802 bantur
691 789 706 813 ,
735 747 808 803 ita
833 748 996 804 etiam
1019 764 1126 804 non
1155 748 1458 815 defuturos,
1481 749 1570 820 qui
1596 793 1610 817 ,
1640 749 1706 805 ad
1729 761 2076 806 contumaces

475 837 789 897 Iudaeorum
818 841 1028 896 animos
1073 841 1470 909 obﬁrmandos,
1521 841 1659 898 bona
1687 851 1741 899 et
1791 844 1964 899 fausta
2011 844 2076 900 iis

475 951 736 1007 oggerere
763 953 870 992 non
898 936 1242 1003 desinerent;
1274 953 1411 1009 quos
1437 947 1720 1008 propterea
1744 937 2076 1009 pseudopro-

477 1029 654 1101 phetis
695 1029 1034 1086 assimilavit.
1069 1030 1138 1086 Et
1166 1043 1330 1098 sane,
1362 1031 1467 1086 nisi
1513 1031 1755 1088 obstaret
1780 1045 2078 1087 consensus

475 1124 718 1178 omnium
749 1125 1026 1194 hucusque
1077 1123 1374 1188 codicum,
1409 1123 1696 1195 legendum
1752 1123 2026 1179 videretur
2058 1163 2074 1188 ,

476 1213 774 1271 Secundum
805 1217 913 1270 hwc
933 1217 1065 1270 enim
1089 1216 1342 1289 faciebant
1363 1216 1818 1288 pseudOprophetw
1848 1216 2077 1289 patribus

475 1309 704 1366 illorum.
733 1310 840 1366 Sed
869 1310 972 1366 hoc
996 1320 1052 1366 ut
1076 1311 1444 1382 conjecturam
1472 1311 1774 1382 sin‘tplicem
1800 1311 2010 1368 damus.

548 1423 784 1495 Longior
813 1423 938 1488 sim,
966 1425 1010 1479 si
1038 1425 1341 1494 peculiares
1364 1424 1626 1480 lectiones
1647 1424 1784 1480 alias
1814 1425 1864 1478 in
1889 1424 2078 1480 codice

475 1527 664 1572 nostro
687 1533 718 1572 a
747 1517 970 1588 Vulgata
1000 1517 1287 1584 abeuntes,
1323 1518 1612 1573 nonnullas
1663 1518 1824 1572 ctiam
1878 1516 2078 1571 frustra

475 1623 507 1662 a
559 1607 689 1664 viris
734 1607 908 1664 doctis
958 1609 1275 1664 sollicitatas
1323 1609 1635 1680 expendere
1696 1609 1782 1664 hic
1832 1625 2070 1678 pergam.

477 1699 779 1771 prmsertim
796 1716 940 1767 cum,
958 1717 1078 1772 quae
1093 1716 1193 1758 nos
1215 1700 1428 1757 adferre
1445 1716 1747 1772 possemus,
1779 1701 2074 1755 atlttllerinl

2182 465 2595 536 Evangeliorum
2624 466 2962 537 legebantur.
3003 533 3012 542 .

2249 559 2358 616 Cur
2385 559 2457 615 ita
2489 561 2721 616 senserit
2763 559 3026 631 Rigaltius
3055 559 3234 618 fateor
3262 575 3350 616 me
3379 576 3486 617 non
3527 560 3761 632 adsequi.

2178 652 2291 708 Nisi
2337 653 2382 708 si
2435 652 2573 710 forte
2603 654 2743 709 haud
2774 653 2889 709 ﬁeri
2921 655 3161 725 potuisse
3185 654 3569 725 arbitrabatur,
3597 662 3653 710 ut
3680 671 3762 710 ar-

2178 745 2411 818 chetypa
2441 746 2810 817 apostolorum
2857 746 2924 803 ad
2957 745 3277 803 Tertulliani
3315 762 3488 818 usque
3533 756 3762 817 tempora

2179 849 2552 910 superessent.
2586 837 2657 895 Ut
2694 838 2824 909 quid
2877 838 3022 895 enim
3065 838 3196 896 Afer
3224 841 3326 896 iste
3352 839 3422 896 ad
3451 839 3576 895 illas
3617 840 3763 896 dum-

2181 940 2328 988 laxat
2354 932 2628 990 Ecclesias
2651 941 3027 1003 provocasset,
3056 933 3122 990 ad
3152 949 3288 1006 quas
3307 933 3630 1006 Apostolum
3642 935 3766 991 scri-

2179 1025 2356 1095 psisse
2384 1034 2722 1096 compertum
2755 1027 2878 1082 est?
2905 1025 2989 1080 An
3019 1042 3126 1083 non
3167 1036 3223 1082 et
3270 1027 3414 1099 apud
3459 1027 3592 1084 alias
3640 1043 3766 1099 apo-

2180 1123 2385 1193 grapba
2452 1121 2823 1193 Epistolarum
2876 1123 3029 1180 Pauli
3079 1124 3428 1194 authentica,
3487 1125 3532 1180 si
3587 1123 3772 1182 Graec

2178 1216 2380 1286 scripta
2394 1215 2418 1270 ?

2250 1308 2546 1376 Simonius,
2595 1318 2657 1365 ut
2699 1308 2754 1366 in
2805 1310 3078 1383 plerisque
3129 1311 3266 1369 locis
3311 1311 3558 1368 historia:
3604 1311 3770 1381 illius,

2182 1417 2283 1458 nec
2325 1403 2457 1458 satis
2487 1419 2715 1478 memor,
2746 1413 2801 1460 et
2831 1421 3018 1476 parum
3051 1405 3153 1462 sibi
3199 1405 3302 1476 ipsi
3346 1416 3601 1462 constans
3652 1421 3772 1461 cum

2179 1497 2422 1565 apprime
2455 1496 2683 1552 ﬁdenter
2711 1497 2938 1553 dixisset
2978 1498 3079 1572 (II.
3120 1497 3179 1554 C.
3214 1498 3374 1555 Parte
3402 1499 3443 1564 l,
3475 1501 3543 1570 ι),
3592 1499 3776 1570 primis

2181 1587 2288 1644 illis
2319 1588 2576 1644 Ecclesia:
2609 1591 2944 1660 temporibus
2974 1591 3194 1648 difficile
3238 1592 3405 1648 fuisse
3448 1608 3604 1648 veros
3655 1608 3779 1664 apo-

2179 1683 2467 1752 stolorum,
2499 1695 2588 1738 aut
2633 1684 3022 1754 discipulorum
3070 1686 3236 1741 libros
3264 1686 3332 1742 ab
3375 1685 3444 1742 iis
3469 1702 3778 1756 secernere,

475 1795 709 1853 [amasse
758 1798 886 1866 alii,
952 1813 1180 1867 quorum
1227 1811 1395 1866 opera
1449 1796 1720 1866 inspicere
1768 1796 1924 1850 nobis
1971 1811 2078 1850 ηοη
2111 1785 2157 1842 Β
2185 1791 2320 1846 quos
2351 1775 2591 1834 hazr‘etici
2622 1778 2761 1833 fictis
2790 1794 2979 1834 eorum
3029 1778 3342 1835 nominibus
3389 1777 3779 1846 inscribebant,

475 1887 648 1945 licuit.
679 1889 862 1960 Itaque
888 1889 1055 1944 satius
1082 1887 1188 1945 erit
1232 1887 1298 1943 ad
1343 1887 1717 1959 hujuscemodi
1747 1887 2079 1958 exemplaria

477 1996 793 2049 conversos,
840 1982 983 2038 unde
1031 1997 1099 2038 ea
1153 1981 1370 2037 demum
1423 1980 1714 2038 lectionum
1767 1981 2021 2046 varietas,
2051 1997 2081 2036 a

477 2076 698 2148 quibus,
730 2087 820 2130 aut
847 2076 1062 2146 quando
1089 2076 1270 2132 invehi
1301 2084 1502 2145 coepta,
1533 2083 1794 2146 quantum
1828 2074 2080 2145 equidem

477 2177 535 2226 et
563 2169 864 2225 obscuritas
905 2179 1230 2238 temporum,
1265 2179 1314 2224 et
1364 2152 1578 2240 ingenii
1600 2166 1743 2224 vires
1786 2169 2080 2239 patiuntur,

479 2263 804 2334 disquirere.

552 2380 772 2436 Certum
803 2389 903 2445 est,
941 2389 996 2434 ut
1019 2389 1176 2434 antea
1207 2379 1542 2444 dicebamus,
1587 2378 1770 2435 divina
1814 2379 2088 2445 apostolo-

483 2487 602 2528 rum
659 2481 1028 2540 monumcnta,
1079 2482 1136 2528 ut
1179 2488 1408 2543 qua-quc
1460 2473 1766 2543 prodibant,
1814 2471 2088 2528 Ecclesias

481 2567 621 2635 illas,
650 2567 846 2637 quibus
877 2567 1050 2637 primo
1079 2567 1448 2632 innotuerant,
1500 2566 1556 2620 in
1603 2565 1820 2620 codices
1848 2580 1975 2620 suos
2002 2581 2089 2622 re-

483 2661 704 2727 tulisse;
737 2669 847 2715 turn
878 2675 1064 2716 carum
1111 2659 1422 2730 apograpba
1474 2659 1837 2729 propioribus,
1883 2658 2088 2729 hasque

482 2757 711 2814 invicem
739 2755 858 2812 aliis
885 2758 1316 2812 communicasse
1347 2755 1621 2820 ﬁdelibus,
1657 2766 1717 2810 ut
1745 2763 1940 2826 praasto
1965 2769 2088 2811 esse

483 2859 707 2922 possent
737 2868 750 2905 :
787 2865 848 2906 ea
881 2851 1127 2921 profecto
1154 2865 1284 2906 cura
1325 2849 1620 2921 descripta,
1651 2865 1770 2920 qua:
1801 2851 2088 2921 puritatem

483 2946 756 3002 nascentis
799 2946 1080 3014 Ecclesia},
1130 2956 1294 3018 atque
1321 2961 1448 3013 una,
1480 2947 1810 3016 scriptorum
1836 2961 2092 3001 reveren-

485 3038 638 3105 tiam,
691 3039 1114 3111 dignitatemque
1164 3039 1392 3095 decebat
1438 3057 1452 3094 :
1507 3038 1664 3105 viris,
1711 3050 1772 3094 ut
1819 3038 1966 3094 credi
1995 3054 2094 3109 par

483 3141 588 3198 est,
620 3131 687 3187 ad
717 3147 911 3188 munus
957 3131 1088 3188 illud
1138 3132 1364 3188 delectis
1386 3175 1399 3199 ,
1431 3147 1656 3203 quorum
1685 3131 1753 3188 de
1784 3132 1890 3188 ﬁde
1921 3146 1984 3188 ac
2009 3131 2093 3188 di-

483 3223 699 3296 ligentia
729 3225 924 3296 ambigi
957 3224 1180 3281 minime
1224 3235 1444 3295 posset;
1474 3233 1530 3281 et
1569 3226 1648 3281 sic
1677 3225 1948 3295 prioribus
1977 3241 2086 3281 sa:-

485 3316 623 3372 culis
663 3317 716 3371 in
747 3316 956 3372 illarum
987 3318 1242 3374 sacrariis
1271 3317 1574 3374 castissime
1603 3316 1810 3384 habita,
1857 3317 2088 3375 fortasse

486 3411 648 3466 etiam
677 3411 817 3482 apud
863 3411 1121 3480 privatos,
1168 3411 1258 3482 qui
1307 3411 1427 3483 plus
1471 3426 1684 3484 sapere,
1734 3426 1894 3484 quam
1925 3417 2089 3483 opor-

487 3511 649 3572 teret,
683 3503 920 3560 nondum
947 3503 1286 3561 didicissent.

559 3621 628 3677 Et
658 3637 791 3679 sane
819 3639 923 3678 non
977 3622 1152 3678 solum
1185 3622 1327 3679 haud
1375 3623 1635 3692 proclive,
1667 3623 1762 3680 sed
1809 3640 1985 3697 neque
2011 3634 2095 3682 tu-

489 3722 602 3770 tum
636 3724 762 3772 tunc
792 3725 928 3784 erat,
962 3715 1276 3788 quidquam,
1311 3717 1453 3788 quod
1478 3717 1547 3773 ab
1569 3719 1880 3793 archetypis
1910 3720 2096 3776 differ-

487 3816 594 3875 ret,
627 3810 679 3865 in
708 3809 1016 3882 apograpba
1045 3809 1325 3868 intrudere
1356 3831 1369 3864 :
1418 3811 1526 3867 illis
1552 3811 1730 3869 adhuc
1764 3813 1907 3884 apud
1941 3813 2092 3886 prin-

489 3900 640 3973 cipes
665 3901 944 3958 Ecclesias
972 3904 1336 3970 manentibus,
1368 3903 1437 3958 ad
1469 3919 1604 3975 quas
1633 3920 1936 3977 provocare
1964 3907 2096 3962 lice-

490 4002 594 4050 ret.
629 3994 782 4062 Quod
815 3992 1011 4052 fecisse
1039 3995 1252 4052 videtur
1279 3995 1642 4054 Tertullianus
1690 3997 1792 4070 (De
1821 4001 2091 4073 prwscrip.

493 4083 695 4141 Παντεῖ.
726 4087 939 4158 xxxvr),
990 4097 1045 4142 et
1091 4087 1308 4158 quidem
1355 4099 1606 4146 conserta
1653 4105 1774 4145 cum
1826 4090 2098 4148 haereticis

491 4195 689 4247 manu;
719 4181 808 4251 qui
841 4180 887 4234 si
919 4179 1219 4249 fefellisset,
1271 4190 1363 4236 ant
1403 4181 1682 4236 credulum
1728 4197 1850 4238 eum
1895 4182 2096 4250 ridere,

491 4281 583 4327 aut
630 4269 948 4326 mendacem
995 4271 1277 4327 traducere
1322 4281 1592 4342 poterant.
1635 4272 1725 4327 Ait
1775 4273 1920 4329 enim
1949 4291 1961 4328 :
1993 4274 2101 4347 Age

481 4365 620 4438 jam,
651 4364 739 4434 qui
765 4364 902 4419 voles
933 4365 1283 4419 curiositatem
1315 4366 1495 4420 melius
1535 4381 1774 4421 exercere
1803 4368 1856 4420 in
1898 4369 2100 4439 negotio

491 4459 676 4515 salutis
704 4469 824 4525 tute,
857 4476 1098 4530 percurre
1128 4457 1389 4514 Ecclesias
1419 4460 1749 4531 apostolicus,
1791 4462 1935 4532 apud
1974 4478 2101 4534 quas

2185 1869 2564 1928 deﬁcientibus
2626 1871 2903 1938 archivis,
2965 1873 3032 1928 ad
3081 1889 3201 1942 qua:
3249 1890 3546 1944 provocare
3593 1874 3784 1933 ﬁdeles

2187 1953 2431 2033 possent,
2478 1980 2585 2020 non
2614 1967 2796 2037 amulto
2827 1975 3012 2036 postea
3063 1967 3343 2022 intervallo
3386 1967 3683 2040 subiungit.
3729 1969 3784 2026 Si

2185 2055 2400 2126 quando
2429 2057 2693 2112 sectarius
2723 2057 2922 2129 aliquis
2947 2057 3071 2113 ﬁcta
3101 2057 3390 2129 Evangelia
3419 2059 3784 2130 opposuisset,

2187 2147 2307 2204 falsi
2335 2150 2640 2204 convictum
2671 2165 2698 2203 a
2732 2150 3004 2215 Patribus,
3048 2149 3113 2204 ad
3144 2166 3267 2206 vera
3317 2152 3404 2206 illa
3443 2153 3784 2221 provocanti-

2191 2241 2311 2302 hus,
2344 2256 2465 2309 qua:
2513 2242 2564 2295 in
2609 2243 2866 2299 Ecclesiis
2917 2244 3248 2313 aposmlicis,
3281 2243 3504 2313 perinde
3533 2261 3596 2301 ac
3639 2245 3688 2300 si
3735 2246 3785 2300 in

2187 2334 2446 2399 arcltivis,
2477 2335 2852 2392 servabantur.
2886 2333 2964 2390 Hs
3009 2336 3133 2391 f’ont
3162 2338 3444 2391 convaincu
3475 2337 3539 2394 de
3564 2339 3614 2392 la
3641 2339 3788 2410 [aus—

2188 2431 2293 2483 seté
2316 2429 2404 2483 des
2434 2439 2592 2495 actes,
2617 2429 2744 2498 qu’if
2760 2429 3050 2502 produisait
3081 2448 3208 2500 paur
3227 2431 3299 2485 les
3325 2435 3672 2500 vtmneuas,
3701 2434 3789 2504 qui

2189 2537 2242 2574 se
2272 2521 2621 2576 conscrvaient
2659 2521 2789 2576 dans
2843 2522 2916 2576 les
2959 2521 3163 2593 Eglises
3203 2525 3572 2596 apostoliques,
3617 2523 3663 2579 et
3705 2525 3791 2594 qui

2190 2614 2412 2667 tenaimt
2437 2614 2539 2668 fieu
2569 2613 2873 2670 d’archives.
2904 2615 3043 2683 Quid
3075 2617 3253 2686 itaque
3279 2617 3397 2671 alia:
3425 2631 3530 2671 non
3561 2626 3791 2686 aposto-

2190 2706 2306 2764 lica:
2353 2709 2440 2764 ubi
2488 2725 2624 2780 opus
2667 2711 2848 2766 esset?
2894 2709 3029 2764 Tum
3078 2709 3218 2780 quod
3251 2709 3303 2762 in
3344 2709 3565 2773 Africae,
3600 2707 3792 2778 ltalim,

2191 2799 2512 2867 Galliarum,
2542 2800 2771 2872 aliisque
2809 2800 3116 2856 Occidentis
3158 2800 3414 2856 Ecclesiis
3459 2801 3511 2856 in
3539 2800 3792 2859 Latinam

2192 2893 2428 2964 linguam
2479 2894 2740 2948 translata
2791 2892 3078 2966 Evnngelia
3119 2894 3446 2965 legerentur,
3493 2912 3620 2951 num
3662 2913 3794 2966 pro-

2194 2996 2377 3052 pterea
2403 3003 2554 3052 vera,
2585 2998 2746 3058 atque
2771 2987 3080 3043 authentica
3099 3003 3220 3045 esse
3259 2988 3572 3045 desierant?
3595 2989 3792 3059 Quam-

2196 3081 2277 3136 vis
2324 3098 2430 3138 non
2480 3081 2548 3136 de
2599 3082 2927 3152 Evangeliis,
2977 3082 3074 3138 sed
3119 3082 3188 3139 de
3246 3083 3486 3140 Paulinis
3531 3083 3792 3157 Epistolis

2117 3168 2162 3231 C
2197 3177 2444 3246 loquatur
2473 3176 2604 3233 inibi
2631 3177 3017 3233 Tertullianus.

2265 3269 2448 3340 Itaque
2497 3281 2848 3339 superessent
2891 3271 3184 3327 etiamnum
3226 3270 3373 3328 illius
3397 3287 3515 3330 aevo
3543 3281 3793 3346 autogra-

2194 3362 2296 3432 pha
2329 3361 2574 3432 Apostoli
2605 3363 2657 3418 in
2691 3363 3008 3420 memoratis
3061 3363 3344 3431 Ecclesiis,
3373 3381 3566 3432 necne,
3613 3367 3792 3436 profe-

2195 3464 2284 3510 cto
2309 3455 2426 3511 sine
2455 3454 2665 3512 idoneis
2695 3456 3081 3524 monumentis,
3114 3458 3167 3514 in
3197 3473 3258 3515 re
3295 3458 3439 3525 facti,
3469 3469 3526 3514 ut
3553 3458 3657 3516 hoc
3685 3469 3791 3530 est,

2196 3563 2357 3604 nemo
2402 3555 2607 3605 statuat
2651 3549 2912 3620 prudens.
2962 3549 3215 3608 Attamen
3255 3551 3400 3624 quod
3447 3553 3656 3610 servari
3701 3568 3796 3626 po-

2197 3640 2418 3705 tuerint,
2471 3641 2602 3697 nihil
2649 3651 2816 3698 vetat.
2868 3643 2980 3698 lmo
3023 3642 3170 3714 quod
3217 3653 3467 3713 servata,
3515 3645 3675 3717 longe
3713 3653 3797 3702 est

2197 3737 2582 3794 verosimilius.
2630 3738 2688 3796 Si
2719 3739 2890 3794 ’enim
2933 3748 3014 3794 tot
3051 3751 3267 3810 ectypa,
3308 3755 3406 3796 cur
3451 3757 3558 3796 non
3605 3739 3798 3798 arche-

2201 3841 2363 3902 typa,
2415 3830 2560 3886 unde
2609 3831 2996 3887 manaverant?
3048 3831 3102 3887 in
3150 3831 3346 3904 quibus
3403 3841 3459 3888 et
3503 3833 3795 3889 maximum

2201 3922 2572 3986 Ecclesiarum
2621 3923 2824 3991 decus,
2869 3923 2937 3979 ad
2983 3939 3116 3995 quas
3164 3923 3304 3980 data;
3353 3923 3612 3995 Epistolas
3663 3925 3794 3992 illae,

2198 4032 2319 4088 qua:
2342 4031 2402 4072 se
2456 4017 2525 4070 ab
2553 4015 2816 4086 Apostolo
2861 4015 3108 4072 fundatas
3156 4016 3352 4073 merito
3393 4017 3795 4089 gloriabantur;

2201 4121 2256 4165 et
2301 4119 2497 4179 praesto
2545 4124 2762 4178 seraper
2805 4109 3102 4164 auctoritas
3148 4119 3336 4165 contra
3383 4119 3701 4178 novaturus,
3751 4110 3795 4165 si

2201 4200 2328 4277 quid
2357 4201 2409 4256 in
2437 4202 2764 4272 apographis
2806 4202 2996 4258 dolose
3021 4201 3241 4268 addere,
3274 4202 3544 4270 omittere,
3580 4219 3800 4273 perver-

2203 4304 2318 4351 tere
2349 4297 2667 4352 niterentur.
2698 4295 2778 4351 Ac
2804 4306 3113 4366 propterea,
3162 4311 3270 4352 non
3297 4295 3421 4367 quia
3451 4295 3640 4353 Grzece
3669 4295 3798 4353 scri-

2205 4397 2308 4458 pta:
2353 4389 2404 4444 in
2451 4389 2814 4459 peculiaribus
2839 4389 2951 4445 illis
2993 4389 3274 4457 Ecclesiis,
3306 4404 3429 4443 nam
3458 4404 3610 4461 teque
3638 4389 3691 4444 in
3725 4396 3800 4444 tot

2203 4480 2347 4546 aliis,
2381 4480 2476 4536 sed
2509 4483 2650 4552 quod
2675 4481 2956 4560 ἶδιόχειραι
2982 4483 3113 4553 ipsae
3140 4481 3290 4538 Pauli
3326 4482 3582 4554 Epistolre
3609 4497 3800 4556 super-

491 4553 619 4625 ipsa:
647 4551 819 4606 adhuc
845 4551 1104 4606 cathedra:
1129 4553 1482 4622 apostolorum
1511 4553 1620 4607 suis
1649 4555 1773 4608 locis
1796 4554 2086 4626 pra'sident,

2203 4573 2357 4629 Stites
2381 4585 2581 4642 essent,
2615 4575 2684 4630 ad
2711 4575 2808 4630 bas
2837 4551 3212 4646 provocaverit
3237 4575 3620 4632 Tertullianus.

491 4647 634 4718 apud
662 4661 787 4715 quas
815 4645 940 4717 ipsa:
970 4660 1326 4702 aurttttsrtca;
1359 4646 1544 4701 littera:
1571 4662 1751 4701 eorum
1790 4650 2092 4718 recitantur,

491 4747 729 4795 sonantes
745 4755 932 4806 vocem,
951 4748 996 4792 et
1019 4750 1444 4811 reprteseutantes
1470 4741 1658 4812 faciem
1673 4742 1761 4794 uni
1766 4742 2094 4814 uscujusque.

495 4830 748 4888 Proxima
796 4839 869 4887 est
919 4831 1008 4886 tibi
1039 4831 1279 4886 Achaia?
1307 4833 1461 4888 habes
1510 4831 1839 4888 Corinthum.
1889 4835 1949 4888 Si
1997 4852 2100 4891 non

495 4926 644 4998 longe
669 4942 722 4981 es
749 4944 780 4981 a
824 4925 1155 4992 Macedonia,
1185 4925 1339 4982 habes
1368 4926 1664 5000 Philippos,
1702 4929 1852 4984 habes
1878 4927 2100 4985 Thessa-

494 5021 736 5077 lonicam.
769 5021 831 5077 Si
861 5033 1002 5095 potes
1033 5023 1088 5076 in
1114 5021 1291 5077 Asiam
1329 5022 1555 5090 tendere,
1605 5021 1761 5077 habes
1806 5022 2092 5094 Ephesum.

496 5113 559 5171 Si
593 5124 761 5169 autem
806 5113 978 5170 Italia:
1016 5115 1249 5190 adjaces,
1283 5114 1525 5182 Romam,
1560 5116 1696 5171 unde
1725 5117 1868 5171 nobis
1897 5133 2097 5188 quoque

494 5207 774 5261 auctoritas
801 5218 986 5278 prresto
1012 5217 1103 5263 est.
1138 5206 1254 5263 Non
1282 5223 1368 5263 me
1401 5207 1534 5262 latet
1560 5222 1680 5276 qua:
1711 5206 1918 5264 fuerint
1956 5207 2096 5279 apud

496 5297 788 5370 Rigaltium
819 5296 1001 5370 (Notis
1029 5298 1090 5352 ab
1132 5300 1184 5353 Ii.
1217 5301 1300 5370 t.).
1335 5299 1556 5355 Littera:
1586 5297 1703 5355 ista:
1742 5299 2095 5369 authenticre,

495 5391 564 5446 ad
613 5406 746 5463 quas
796 5399 1055 5462 provocat
1099 5391 1491 5459 Tertullianus,
1540 5392 1720 5462 lingua
1763 5392 1972 5450 scilicet
2002 5410 2096 5452 ea-

497 5482 641 5550 dem,
676 5498 782 5554 qua
811 5483 1024 5539 fuerant
1050 5483 1118 5537 ab
1146 5485 1404 5555 apostolis
1431 5484 1777 5554 conscriptae.

569 5599 871 5666 Simonius,
925 5597 1212 5670 Rigaltium
1242 5607 1481 5667 secutus,
1513 5598 1614 5673 (If.
1645 5599 1704 5656 C.
1738 5599 1816 5655 N.
1850 5599 1911 5655 Τ.
1943 5600 2104 5657 Parte

499 5691 542 5748 ι.
571 5692 668 5764 tv),
699 5693 840 5762 ideo,
891 5693 1086 5764 inquit,
1134 5707 1257 5748 cum
1303 5691 1369 5748 ad
1417 5693 1724 5750 authentica
1767 5694 2101 5766 exemplaria

501 5794 838 5858 provocaret,
868 5802 974 5844 nou
1002 5786 1105 5843 alia
1136 5784 1500 5857 intellexisse,
1545 5803 1708 5860 quam
1741 5787 1929 5846 Graice
1959 5789 2098 5846 scri-

2276 4667 2356 4722 Ad
2403 4669 2690 4738 Evangelia
2737 4668 2880 4739 qtiod
2926 4679 3160 4742 spectat,
3207 4671 3455 4743 quamvis
3501 4671 3798 4739 Simonius,

2201 4760 2323 4816 loco
2367 4761 2784 4832 supralaudato,
2830 4772 3041 4820 servata
3093 4765 3148 4820 in
3183 4764 3446 4822 Eeclesiis
3488 4766 3799 4837 apostolicis

2203 4868 2390 4909 eorum
2448 4854 2742 4926 archetypa
2789 4857 3030 4914 sensisse
3075 4858 3343 4927 videatur,
3393 4873 3555 4914 nemo
3597 4867 3796 4926 tamen,

2203 4947 2347 5018 quod
2375 4946 2568 5015 sciam,
2605 4949 2831 5019 praecise
2857 4949 2941 5014 ,ad
2970 4949 3187 5008 illorum
3219 4949 3438 5022 aliquod
3467 4951 3797 5023 provocavit,

2204 5052 2400 5114 praeter
2447 5043 2666 5098 Petrum
2712 5043 3140 5104 Alexandrinum
3171 5045 3226 5103 in
3257 5045 3561 5118 fragmento
3599 5045 3668 5103 de
3696 5045 3801 5102 Pa-

2204 5137 2411 5202 schate,
2440 5137 2509 5194 de
2531 5152 2638 5209 quo
2668 5149 2876 5209 postea.

2279 5231 2499 5298 Verum,
2551 5243 2845 5306 utcumque
2892 5251 2959 5292 ex
3005 5237 3109 5292 hoc
3156 5234 3276 5307 ipso
3312 5235 3454 5308 quod
3485 5235 3800 5309 primigenia

2205 5325 2338 5381 Novi
2385 5325 2632 5382 Fcederis
2679 5337 3028 5384 monumenta
3086 5327 3140 5383 in
3182 5328 3497 5398 apostolicis
3543 5325 3803 5384 Ecclesiis

2207 5427 2576 5488 servarentur,
2607 5419 2828 5476 difﬁcile
2857 5419 3020 5476 fuerit
3046 5421 3098 5476 in
3128 5436 3316 5477 eorum
3350 5421 3677 5494 apographis
3705 5419 3801 5474 ali-

2207 5512 2337 5584 quid
2363 5517 2682 5579 immutarc;
2734 5513 2863 5569 nihil
2894 5525 3071 5570 tamen
3101 5515 3238 5572 adeo
3269 5515 3460 5572 efﬁcax
3504 5519 3575 5573 ad
3620 5524 3818 5572 custov

2208 5606 2456 5662 diendam
2499 5608 2713 5663 illorum
2760 5608 3122 5679 integritatem
3153 5618 3281 5665 tunc
3312 5612 3574 5683 temporis
3602 5609 3717 5676 fuit,
3745 5615 3802 5662 ut

2209 5693 2336 5754 citra
2365 5699 2500 5770 ipsa,
2529 5711 2582 5755 et
2607 5700 2908 5756 reverentia
2950 5705 3227 5757 sacrorum
3267 5702 3536 5771 codicum,
3577 5715 3698 5760 cum
3741 5699 3802 5753 fi-

2210 5791 2414 5850 delium
2444 5793 2789 5866 simplicitate
2815 5795 3127 5868 conjuncta.
3160 5797 3231 5856 Et
3256 5797 3354 5870 ita,
3387 5797 3637 5872 quamvis
3671 5810 3802 5854 non-

3594 5971 3606 5992 κ

3559 6017 3590 6082 If
