3968 6332
237 318 301 375 ll
1022 313 1238 373 EPIST.
1281 312 1527 372 PHILIP.
1569 307 1944 379 GARBELLI,
1985 309 2075 368 DE
2113 308 2360 369 CODICE
2399 309 2747 372 BRIXIANO.
3431 395 3448 406 κ
3474 321 3546 380 42

231 427 369 486 nulli
409 428 465 484 in
491 427 608 486 suis
649 427 1048 499 exemplaribus
1075 430 1274 487 audere
1309 427 1514 500 aliquid
1541 425 1834 498 potuerint,
1865 430 1920 490 Α
1945 423 2050 479 tius
2094 424 2357 482 sumenda
2385 427 2495 482 sint
2529 426 2672 483 beati
2718 425 3014 498 Scriptoris
3051 427 3237 498 verba,
3285 429 3430 490 haud
3469 435 3543 490 ita

231 525 286 580 in
314 523 702 580 ecclesiasticis
731 532 910 581 tamen
940 523 996 582 id
1024 524 1140 580 ﬁeri
1173 525 1436 597 potuisse,
1460 521 1836 578 difficillimum

229 626 387 688 puto.
415 615 530 673 Aut
553 616 701 674 enim
734 617 984 689 privatim
1007 633 1038 673 a
1060 619 1232 674 sacris
1261 618 1522 674 duntaxat
1551 615 1832 683 ministris,

226 720 320 766 aut
349 710 572 782 publice
599 726 632 766 a
663 710 978 778 lectoribus,
1011 719 1067 768 et
1090 711 1309 783 quidem
1337 711 1694 782 praesentibus
1723 711 1838 767 fere

232 820 457 877 semper
480 806 754 878 episcopis
775 806 1116 878 legebantur.

293 901 350 957 Si
379 899 512 972 quid
545 911 723 957 tamen
753 900 1027 972 conjicere
1055 899 1204 967 licet,
1243 915 1351 956 non
1382 899 1586 972 primo,
1626 899 1722 956 sed
1753 899 1834 954 al-

222 1003 342 1050 tero
393 992 630 1050 fortasse
674 992 910 1059 sarculo,
960 993 1230 1050 incertum
1272 990 1719 1063 praesumptione,
1765 1005 1837 1046 an

219 1087 587 1156 credulitate,
641 1101 932 1158 paucorum
986 1086 1209 1145 scholiis
1259 1087 1454 1168 tentari
1485 1096 1663 1157 empta
1710 1100 1834 1142 cum

221 1184 564 1252 Graecorum,
600 1195 710 1239 tum
751 1183 1067 1240 Latinorum
1096 1183 1344 1241 codicum
1374 1182 1558 1239 facies.
1592 1183 1717 1238 Mox
1740 1195 1836 1236 au-

218 1288 303 1335 cta
342 1279 401 1334 in
440 1279 561 1335 dies
599 1288 655 1334 et
700 1278 931 1345 litteris,
970 1286 1027 1335 et
1064 1278 1264 1335 divitiis
1309 1277 1574 1343 Ecclesia,
1612 1274 1836 1331 libertas

217 1371 397 1443 major
437 1371 677 1443 gliscere
701 1369 901 1441 ‘cmpit.
963 1370 1201 1427 Ernditis
1239 1369 1554 1426 Graecorum
1603 1367 1836 1438 ingeniis

215 1468 544 1536 apostolica:
596 1467 649 1522 in
707 1467 999 1524 scribendo
1059 1467 1456 1538 simplicitatis,
1514 1446 1835 1520 Latinorum

219 1575 350 1616 vero
376 1561 550 1626 illius,
581 1576 685 1631 qua
717 1560 878 1633 primi
920 1562 1269 1632 interpretes,
1303 1559 1369 1616 ad
1403 1559 1591 1631 populi
1615 1566 1834 1629 captum

215 1651 593 1720 ἰδιωτεύοντες,
627 1654 709 1710 usi
742 1655 796 1710 in
841 1654 1222 1711 transferendo
1252 1654 1490 1718 fuerant,
1530 1654 1674 1710 male
1712 1669 1835 1724 per-

117 1813 122 1816 _
220 1745 390 1802 laesis.
419 1747 619 1804 Adhuc
649 1755 851 1813 tamen,
878 1747 931 1802 ni
962 1746 1142 1811 fallor,
1172 1746 1313 1801 intra
1341 1744 1672 1816 privatorum
1701 1759 1836 1801 can-

1940 515 2178 583 proclive
2213 527 2298 574 est
2326 518 2535 574 creditu
2565 517 2754 590 primis
2792 519 2902 577 illis
2939 521 3068 579 fidei
3096 525 3431 594 temporibus
3464 535 3544 584 tot

1940 609 2178 680 privatos
2223 613 2550 686 interpretes
2581 617 2778 687 passim
2820 617 3007 685 fuisse,
3050 620 3209 691 longe
3241 637 3370 678 vero
3399 621 3542 678 difﬁ-

1937 703 2116 773 cilius,
2140 705 2187 762 si
2211 706 2281 763 de
2296 707 2508 764 Veteris
2535 709 2885 766 lnstrumenti
2907 713 3251 770 versionibus
3276 714 3423 786 loqui
3445 731 3542 773 vo-

1937 795 2122 864 luerit,
2152 800 2295 870 quod
2320 799 2386 858 de
2420 800 2556 858 Novi
2587 803 2752 860 etiam
2785 805 3119 863 Testamenti
3150 808 3542 879 interpretibus
3589 861 3602 869 .

1936 890 2228 948 dicendum
2258 903 2410 964 puto,
2435 911 2559 952 cum
2581 939 2595 963 ,
2625 899 2716 968 qui
2745 898 2812 955 ad
2828 899 2951 956 fidei
2981 912 3380 960 sacramentum
3415 914 3544 961 tunc

1934 985 2312 1056 vocabantur,
2361 989 2565 1047 indocti
2603 1002 2672 1060 ut,
2704 993 2998 1064 plurimum
3021 1038 3038 1063 ,
3081 1011 3145 1052 ac
3189 999 3420 1069 populus
3454 1015 3544 1058 cs-

1936 1089 2078 1136 sent.
2107 1082 2186 1138 Ac
2207 1093 2494 1155 propterea
2526 1101 2631 1143 non
2657 1087 2726 1144 de
2745 1087 2919 1157 primo
2933 1092 3153 1159 saeculo,
3179 1109 3243 1150 ac
3268 1098 3538 1166 sequenti,

1939 1176 2032 1233 sed
2063 1177 2132 1234 de
2162 1178 2228 1234 iis
2258 1183 2594 1251 temporibus
2621 1183 3031 1256 intelligendum
3063 1187 3320 1243 exisrimo
3349 1189 3540 1246 lauda-

1940 1278 2050 1324 tum
2081 1270 2182 1326 viri
2213 1273 2542 1329 sanctissimi
2572 1275 2773 1340 locum,
2800 1293 2920 1348 quae
2950 1293 3111 1348 supra
3144 1281 3436 1352 tetigimus.
3469 1281 3538 1340 Εα

1936 1359 2017 1416 sic
2061 1360 2221 1417 etiam
2273 1363 2435 1420 latius
2479 1367 2774 1423 sumendos
2826 1368 3152 1440 interpretes
3211 1372 3370 1440 illos,
3425 1389 3532 1429 non

1937 1456 2093 1524 quasi
2136 1457 2415 1516 versiones
2444 1460 2685 1533 integras
2719 1462 3002 1531 cuderent,
3050 1464 3146 1522 sed
3185 1466 3351 1522 veluti
3376 1471 3538 1525 sebo-

1938 1549 2141 1617 liastas,
2175 1553 2265 1623 qui
2289 1553 2533 1610 locorum
2556 1556 2779 1628 aliquot,
2812 1565 2871 1613 ut
2901 1559 3001 1614 sibi
3025 1560 3159 1630 ipsis
3184 1560 3532 1632 videbantur,

1936 1643 2352 1712 emendatores,
2411 1655 2504 1704 aut
2559 1649 2923 1709 illustratores
2977 1663 3182 1710 essent.
3235 1655 3352 1713 Non
3411 1670 3535 1714 rare

1935 1737 2097 1792 etiam
2127 1738 2332 1796 Graecae
2360 1739 2558 1814 lingua:
2588 1743 2856 1815 imperiti;
2903 1755 2961 1801 ut
2981 1757 3265 1819 propterea
3287 1750 3432 1806 male
3452 1751 3536 1807 in-

221 1841 388 1898 cellos
413 1825 1195 1912 coactalicentia,intactisque
1219 1839 1613 1897 Ecclesiasticis
1641 1854 1829 1895 exem-
1856 1832 1904 1893 Β
1935 1833 2146 1890 tellecta
2175 1837 2330 1906 pejus
2370 1837 2688 1895 redderent.
2706 1838 2891 1910 Cujus
2935 1843 3011 1896 rei
3054 1843 3316 1912 liquidum
3361 1859 3540 1901 exem-

217 1935 483 2006 plaribus.
521 1938 722 2005 Donec,
773 1937 1056 1993 ruentibus
1091 1937 1144 1992 in
1183 1935 1368 2006 pejus,
1411 1943 1549 1992 teste
1589 1935 1826 1993 Eusebio

147 2081 152 2085 .
215 2030 236 2101 (
269 2029 341 2084 Η.
368 2029 439 2085 Ε.
469 2046 589 2096 vni,
618 2031 642 2086 l
669 2030 689 2102 )
715 2072 732 2098 ,
777 2046 899 2087 cum
927 2030 1132 2101 populi,
1166 2038 1278 2086 tum
1315 2028 1617 2086 antistitum
1658 2031 1828 2086 mori-

215 2123 332 2189 bus,
360 2123 476 2180 Deo
501 2124 581 2179 sic
609 2123 978 2194 permittente,
1009 2123 1234 2194 ingratae
1252 2123 1422 2178 vinem
1448 2137 1561 2178 suae
1589 2121 1828 2178 horribi-

212 2218 276 2274 lis
294 2218 390 2274 illa
423 2227 834 2290 persecuturum
867 2228 1162 2290 tempestas
1187 2217 1431 2275 incubuit
1459 2217 1548 2287 (Α.
1575 2216 1634 2272 (ἰ.
1669 2216 1822 2289 503).

279 2313 442 2369 Tunc
466 2314 664 2384 prima,
687 2320 744 2369 et
769 2313 987 2385 quidem
1029 2313 1326 2368 luctuosior
1359 2326 1641 2368 sacrorum
1671 2311 1825 2368 codi-

212 2422 329 2463 cum
384 2406 577 2464 clades
616 2407 738 2474 fuit,
781 2405 946 2477 jussis
999 2405 1200 2476 ubique
1232 2404 1657 2478 magistratibus,
1716 2420 1826 2461 non

211 2501 388 2558 solum
418 2500 696 2557 Ecclesias
726 2499 964 2566 diruere,
1007 2499 1103 2554 sed
1137 2514 1248 2570 prae
1277 2499 1490 2556 caeteris
1518 2497 1730 2555 divinos
1760 2497 1827 2553 li-

212 2594 336 2651 bros
364 2594 440 2649 ab
465 2593 742 2665 episcOpis
768 2594 914 2664 ipsis,
949 2593 1537 2665 eorumqueministris
1559 2593 1825 2650 acerrime

212 2689 474 2760 quaesitos
514 2687 570 2742 in
603 2687 795 2758 plateis
835 2686 1048 2757 publice
1093 2699 1277 2743 urere.
1309 2685 1454 2754 Quot
1503 2683 1728 2755 proinde
1769 2684 1826 2739 in

215 2781 410 2849 ruinis,
439 2789 602 2837 antea
632 2779 834 2847 caalati,
871 2778 1168 2849 perierint;
1203 2779 1335 2849 quot
1361 2777 1414 2832 vi
1453 2791 1517 2832 ac
1543 2775 1829 2832 tormentis

211 2879 440 2942 extorti,
469 2884 606 2948 quot
633 2890 664 2930 a
684 2875 878 2943 servis,
905 2875 972 2931 ab
1001 2874 1232 2941 ancillis,
1263 2888 1294 2929 a
1318 2873 1609 2942 transfugis
1635 2871 1823 2940 delati,

213 2971 362 3040 quoti
385 2968 611 3024 demum
648 2974 796 3024 metu
824 2982 856 3022 a
887 2966 1158 3034 fidelibus,
1187 2967 1294 3022 imo
1321 2981 1352 3022 a
1378 2964 1697 3037 praesidibus
1717 2964 1826 3020 Ec-

213 3064 548 3130 clesiarunt,
591 3078 892 3134 eorumque
940 3060 1206 3118 ministris
1248 3060 1558 3117 miserrime
1600 3058 1823 3132 proditi,

213 3159 356 3216 unde
386 3157 714 3215 traditurum
757 3171 957 3214 nomen
994 3155 1246 3227 usurpari
1282 3163 1541 3227 emptum,
1581 3154 1827 3226 quicum-

1937 1925 2083 1995 plum
2116 1926 2267 1983 dabit
2305 1930 2456 1986 locus
2486 1932 2728 2002 argentei
2770 1932 2997 2000 codicis,
3045 1935 3132 1989 ubi
3164 1935 3408 2006 privatus
3448 1936 3540 1993 ille

1929 2032 2052 2072 cum
2075 2017 2271 2076 Latino
2295 2021 2632 2094 apograplto,
2647 2024 2973 2094 exemplaris
2997 2024 3171 2081 Graeci
3194 2027 3538 2085 collationem

1931 2112 2243 2182 instituens,
2295 2116 2457 2172 verba
2517 2116 2609 2174 illa
2653 2118 2814 2176 Luem
2861 2136 2935 2184 ll,
2966 2121 3020 2186 4,
3049 2122 3103 2187 ἐξ
3143 2120 3281 2178 οἴκου
3325 2127 3410 2180 καὶ
3447 2133 3540 2186 τῆς

1929 2216 2157 2288 Πατριας
2186 2209 2368 2278 Δαϐὶδ,
2399 2210 2655 2276 reddidit,
2691 2214 2754 2266 (le
2773 2211 2926 2267 domo
2951 2222 2996 2268 el
3027 2230 3222 2270 PATRIA
3251 2214 3443 2271 David.

2004 2302 2111 2357 Sed
2133 2317 2253 2374 qua:
2276 2302 2449 2376 magis
2477 2320 2564 2361 me
2594 2317 2813 2362 movent
2841 2317 2894 2362 ut
2935 2309 3176 2374 credam,
3210 2309 3393 2380 plures
3417 2311 3539 2366 illas

1928 2392 2149 2450 Latinas
2177 2396 2459 2452 versiones
2502 2397 2639 2454 nihil
2687 2398 2829 2453 aliud
2873 2398 3063 2466 fuisse,
3112 2415 3272 2470 quam
3305 2403 3538 2472 privato-

1929 2501 2070 2554 rum,
2104 2497 2163 2542 ut
2187 2487 2446 2556 diximus,
2474 2489 2592 2557 bac,
2627 2489 2786 2546 illhac
2813 2492 2864 2546 in
2892 2491 3177 2548 codicibus
3195 2495 3306 2549 suis
3331 2494 3540 2550 addita-

1930 2588 2136 2648 menta,
2167 2580 2278 2636 duo
2310 2582 2610 2652 praesertim
2635 2594 2779 2639 sunt.
2816 2583 2990 2640 Unum
3014 2627 3027 2652 ,
3053 2589 3164 2654 jam
3208 2587 3396 2656 primis
3427 2588 3538 2644 illis

1928 2673 2056 2730 fidei
2087 2675 2418 2746 temporibus
2458 2691 2736 2733 Sacrorum
2765 2688 3264 2747 monumentorum,
3300 2691 3360 2736 ut
3384 2697 3538 2752 quac-

1929 2781 2055 2838 que,
2078 2767 2147 2823 ab
2175 2768 2564 2838 apostolorum,
2601 2777 2696 2824 aut
2725 2770 3114 2839 discipulorum
3149 2775 3398 2829 manibus
3423 2775 3537 2830 cxi-

1927 2865 2141 2922 verant,
2192 2857 2509 2914 adornatam
2555 2877 2583 2914 a
2616 2860 2877 2916 Romamn
2919 2863 3178 2919 Ecclesia:
3228 2865 3537 2935 interpreti-

1929 2948 2030 3005 bus
2074 2950 2376 3006 versionem
2418 2951 2623 3016 ltalize,
2672 2968 2735 3008 ac
2787 2953 3012 3024 proinde
3064 2955 3260 3012 vicina:
3309 2959 3527 3027 Africa},

1929 3045 2158 3116 aliisque
2184 3046 2480 3102 occidentis
2506 3047 2759 3104 Ecclesiis
2788 3056 2985 3118 prxusto
3015 3049 3202 3119 fuisse,
3234 3052 3376 3109 unde
3401 3053 3534 3112 lide-

1931 3140 2060 3197 lium
2089 3142 2274 3212 pietati
2303 3143 2700 3199 consuleretur.
2755 3145 2996 3202 Alterum
3025 3149 3346 3222 antigrapba
3375 3168 3403 3204 c
3437 3167 3536 3208 ve.

213 3267 314 3322 que
354 3251 724 3308 tristissimam
763 3249 910 3305 illam
951 3208 1211 3306 Ecclesia:
1240 3208 1434 3304 facietm
1473 3208 1540 3302 in,
1565 3208 1825 3302 liistoriis
1853 3208 1898 3273 Ο
1933 3234 2270 3301 ιυειῖοΐίυυει
2302 3251 2424 3307 qua?
2453 3236 3033 3310 ante-Hieronymum.
3079 3208 3529 3316 alque.Augusti-

215 3352 524 3414 temporum
570 3342 791 3409 viderit,
836 3342 883 3398 is
924 3355 1110 3398 secum
1150 3348 1384 3410 reputet.
1427 3338 1558 3394 Inde
1595 3337 1820 3406 factum,

216 3435 412 3493 dirutis
446 3434 741 3503 Ecclesiis,
772 3450 1069 3506 earumque
1107 3432 1515 3505 exemplaribus
1543 3440 1638 3488 aut
1675 3445 1825 3488 com-

215 3532 386 3588 bustis
412 3540 510 3586 aut
538 3529 694 3585 aliter
716 3529 1075 3600 consumptis,
1103 3537 1351 3583 cessante
1389 3524 1606 3581 demum
1640 3537 1824 3594 perse-

215 3626 457 3690 cutione,
493 3632 553 3677 ut
579 3621 912 3694 privatorum
939 3618 1274 3690 apograpba,
1304 3633 1531 3690 quorum
1565 3617 1822 3688 pleraque

215 3728 302 3774 aut
324 3719 501 3774 latere
532 3714 767 3782 facilius,
816 3724 909 3770 aut
948 3714 1078 3770 ferri
1104 3714 1213 3769 alio
1239 3720 1545 3783 potuerant,
1590 3711 1641 3766 in
1674 3711 1822 3783 prio—

214 3829 328 3869 rum
352 3808 657 3868 subsidium
679 3809 916 3864 adhibita
947 3806 1162 3862 interim
1185 3821 1217 3861 a
1239 3805 1463 3860 notariis
1483 3802 1821 3860 ecclesiasti-

213 3907 288 3963 cis
315 3904 552 3970 fuerint;
608 3913 721 3962 tum
747 3919 778 3958 a
806 3901 1051 3958 librariis
1092 3910 1150 3955 ut
1187 3897 1424 3955 fidelium
1455 3896 1638 3968 pietati
1662 3897 1820 3952 satis-

214 4000 384 4058 fieret.
441 3999 508 4055 Et
537 3999 610 4054 ita
651 4012 683 4054 a
726 3996 985 4070 primaeva
1035 3995 1126 4051 illa
1166 3993 1414 4050 codicum
1443 3991 1678 4063 puritate
1723 3991 1820 4048 de—

213 4095 435 4163 ﬂexum,
464 4093 702 4151 Scltoliis
727 4091 982 4158 subinde,
1032 4089 1375 4147 librariorum
1400 4088 1700 4160 praesertim
1726 4095 1822 4144 aut

209 4189 536 4261 ignorantia,
557 4197 615 4242 ut
637 4185 896 4242 novitatis
926 4183 1186 4255 impulsu,
1207 4197 1349 4253 qum,
1373 4179 1601 4254 perinde
1622 4195 1686 4236 ac
1705 4195 1812 4236 cae-

210 4286 339 4342 teris
369 4281 668 4349 mercibus,
720 4280 951 4352 pretium
985 4277 1142 4335 libris
1165 4290 1367 4348 augere
1393 4275 1556 4343 solet,
1605 4275 1659 4331 in
1695 4285 1816 4332 tex-

210 4387 320 4434 tum
349 4377 596 4434 adscitis.

275 4471 363 4527 Ad
393 4485 458 4526 ea
498 4470 681 4540 itaque
711 4477 954 4538 tempora
999 4463 1344 4522 referendum
1383 4476 1584 4520 censeo
1614 4469 1815 4517 statum

207 4565 360 4621 illum
385 4563 700 4621 [minorum
726 4561 1140 4633 exemplarium,
1157 4561 1212 4616 in
1233 4559 1428 4632 quibus
1451 4557 1618 4613 multa
1645 4555 1816 4612 fuisse

207 4676 237 4716 a
269 4659 480 4717 vitiosis
509 4657 900 4729 interpretibus
928 4657 1071 4712 male
1108 4655 1316 4712 reddita
1335 4697 1349 4722 ,
1398 4669 1426 4708 a
1457 4659 1818 4724 praesumpto-

207 4755 357 4811 ribus
384 4752 656 4824 imperitis
680 4749 963 4808 emendata
994 4749 1324 4820 perversius,
1353 4763 1383 4801 a
1413 4745 1652 4802 librariis
1688 4743 1815 4800 dor-

206 4845 527 4902 mitantihus
539 4844 629 4900 vel
657 4843 862 4908 addita,
884 4841 974 4898 vel
1000 4849 1226 4907 mutata,
1251 4839 1417 4894 mixta
1446 4837 1666 4893 demum
1696 4850 1815 4892 om-

204 4942 292 4995 nia
323 4940 379 4994 in
409 4936 830 5009 Evangeliorum
862 4934 1002 4991 serie
1031 4933 1362 5005 querebatur
1389 4939 1580 5003 postea
1625 4929 1814 4984 Hiero-

203 5046 406 5103 nymus
451 5028 609 5103 (Ep.
656 5029 723 5084 ad
773 5026 980 5099 Dam.),
1029 5035 1109 5083 tot
1147 5040 1307 5097 paene
1353 5023 1519 5080 fuisse
1563 5036 1814 5078 asserens

203 5126 540 5197 exemplaria
581 5134 713 5196 quot
761 5122 1001 5179 codices.
1056 5120 1186 5176 Inde
1213 5129 1332 5176 orta
1381 5118 1566 5189 opinio
1611 5115 1702 5171 illa
1744 5113 1814 5170 de

205 5220 456 5290 pluribus
499 5217 567 5275 Ν.
597 5217 661 5274 Τ.
699 5216 910 5272 Latinis
939 5213 1314 5279 versionibus;
1345 5226 1506 5282 quam
1539 5207 1816 5281 promovit

204 5315 257 5371 in
308 5316 488 5384 majus
541 5311 830 5383 Augustini
859 5311 1015 5367 locus
1053 5308 1191 5364 alter
1239 5305 1359 5380 (De
1407 5303 1563 5360 Doct.
1615 5302 1810 5360 Christ.

203 5408 244 5462 ι.
270 5425 310 5466 n
338 5409 384 5480 ),
417 5406 512 5464 ubi
557 5406 654 5474 ait,
677 5407 768 5476 qui
798 5403 1108 5476 Scripturas
1147 5417 1213 5458 ex
1262 5399 1490 5457 Hebraea
1536 5399 1714 5469 lingua
1757 5397 1812 5453 in

205 5502 458 5559 Graecam
489 5508 787 5567 verterant,
819 5497 1095 5555 numerari
1126 5509 1322 5568 posse,
1380 5493 1602 5549 Latinos
1631 5500 1813 5548 autem

205 5598 539 5669 interpretes
569 5597 718 5655 nullo
758 5595 942 5652 modo.
985 5594 1057 5651 Ut
1090 5593 1236 5650 enim
1262 5591 1480 5662 cuique,
1531 5587 1719 5659 primis
1751 5584 1815 5641 li-

206 5693 296 5749 dei
330 5693 694 5765 temporibus,
725 5691 782 5747 in
813 5705 1006 5747 manus
1026 5697 1252 5746 venerat
1285 5686 1456 5743 codex
1485 5683 1732 5749 Graecus,
1760 5690 1818 5740 et

207 5789 610 5859 aliquantulum
642 5786 912 5845 facultatis
935 5784 1042 5842 sibi
1071 5784 1358 5854 utriusque
1385 5781 1584 5852 linguae.
1612 5778 1818 5835 habere

208 5879 525 5951 videbatur,
553 5894 744 5938 ausum
775 5877 944 5934 fuisse
963 5873 1329 5948 interpretari.
1358 5872 1582 5941 Verum,
1608 5869 1714 5930 nisi
1740 5869 1820 5929 la-

706 5974 985 6036 l’naon.
1033 5970 1178 6033 XII.

1927 3343 2056 3383 num
2104 3328 2435 3396 ferebantur,
2488 3344 2776 3400 expressa;
2818 3335 2869 3385 in
2915 3333 3110 3402 quibus
3159 3335 3530 3394 additamenta

1925 3420 2016 3476 illa
2045 3421 2286 3491 quidem,
2336 3423 2430 3480 sed
2455 3422 2678 3489 fundus,
2720 3435 2882 3495 atque
2910 3425 3205 3501 ὶδιωτισμὸς
3245 3431 3530 3502 supralau-

1924 3515 2064 3571 datm
2085 3518 2350 3572 versionis
2377 3517 2815 3574 manifestissime
2839 3531 3121 3590 apparent.

1996 3608 2122 3664 Dixi
2154 3610 2499 3680 interpretes.
2521 3609 2680 3679 Nam,
2708 3611 2852 3683 quod
2883 3613 2951 3668 ad
2979 3623 3030 3670 te
3055 3615 3186 3671 olim
3210 3618 3522 3688 perscripsi,

1926 3701 2066 3758 haud
2098 3719 2296 3772 unum,
2338 3703 2702 3775 eumdemque
2742 3703 2936 3773 fuisse,
2984 3721 3106 3762 cum
3141 3709 3281 3765 ratio
3319 3720 3528 3780 tempo-

1923 3813 2042 3852 rum
2071 3797 2119 3853 si
2154 3813 2183 3852 a
2222 3799 2397 3868 primo
2419 3840 2432 3865 ,
2462 3798 2694 3854 Matthaei
2717 3839 2732 3866 ,
2765 3799 2831 3854 ad
2860 3799 3240 3867 novissimum,
3274 3802 3525 3873 Joannis,

1922 3875 2308 3962 Evangelium,
2366 3893 2456 3962 qui
2507 3891 2832 3947 efﬂuxerant
2883 3893 3012 3947 anni
3063 3904 3348 3963 putentur;
3408 3905 3522 3952 tum

1920 3984 2157 4040 maxime
2185 3983 2387 4040 evincit
2416 3983 2544 4056 styli
2584 3983 2888 4049 diversitas,
2941 3993 3000 4040 ut
3029 3985 3285 4042 observat
3325 3987 3525 4043 Millius

1921 4078 1940 4150 (
1971 4077 2184 4149 Proleg.
2217 4093 2257 4146 ι,
2281 4077 2349 4132 ad
2366 4077 2515 4131 Edit.
2545 4075 2642 4132 Ea.
2672 4076 2863 4132 Matth.
2885 4077 2938 4150 );
2966 4093 2998 4135 e
3018 4095 3121 4150 qua
3149 4096 3258 4136 non
3280 4082 3413 4137 satis
3438 4092 3521 4137 at-

1923 4180 2068 4229 tente
2092 4171 2464 4238 Marzianaaus,
2486 4186 2593 4227 non
2620 4185 2780 4227 secus
2802 4180 2963 4241 atque
2990 4188 3021 4228 e
3046 4171 3299 4229 dissimili
3327 4175 3526 4230 sectio-

1919 4284 2072 4335 num,
2104 4279 2158 4323 et
2182 4267 2544 4338 capitulorum
2576 4266 2629 4322 in
2661 4267 2942 4324 codicibus
2973 4268 3127 4335 facie,
3157 4269 3342 4340 plures
3378 4270 3525 4326 Lati-

1921 4379 2019 4420 nas
2062 4363 2345 4419 versiones
2385 4363 2637 4418 asseruit.
2689 4361 2824 4418 Tum
2872 4372 2958 4419 est
2991 4379 3123 4420 vero
3161 4365 3421 4432 similius,
3466 4366 3522 4422 in

1920 4454 2166 4512 Ecclesia
2213 4463 2535 4510 caeterarum
2590 4454 2833 4509 omnium
2891 4455 3133 4525 principe
3185 4471 3296 4512 non
3351 4473 3519 4514 unum

1919 4549 2202 4606 dumtaxat
2251 4549 2602 4618 interpretem
2660 4545 2931 4614 ﬂoruisse,
2984 4547 3082 4605 sed
3116 4549 3337 4619 plures;
3366 4560 3444 4616 ut,
3476 4552 3526 4609 si

1921 4644 2041 4714 quis
2087 4643 2327 4709 illorum,
2369 4641 2454 4697 cui
2502 4640 2863 4697 transferendi
2910 4657 3108 4698 munus
3155 4644 3521 4713 incumberet,

1919 4746 2012 4793 aut
2038 4734 2373 4806 temporibus
2397 4734 2674 4802 exclusus,
2715 4744 2806 4789 ant
2824 4734 3144 4806 mgritudine
3166 4736 3517 4808 praapeditus,

1917 4838 2012 4886 aut
2030 4828 2248 4885 demum
2279 4837 2456 4884 morte
2486 4837 2790 4898 praeventus
2821 4843 3042 4883 vacuam
3070 4828 3406 4900 provinciam
3431 4847 3521 4887 re-

1918 4921 2190 4992 liquisset,
2224 4927 2422 4991 praesto
2464 4929 2610 4975 esset
2647 4919 2806 4986 alter,
2849 4919 2938 4990 qui
2981 4919 3228 4974 eamdem
3274 4932 3516 4978 curaret.

1916 5019 2074 5085 Nam,
2111 5019 2256 5090 quod
2278 5018 2543 5074 Valtonus
2577 5016 2810 5072 asseruit
2850 5015 3104 5087 (Proleg.
3136 5032 3192 5081 x,
3221 5015 3249 5088 §
3286 5017 3313 5072 1
3341 5016 3384 5089 ),
3418 5017 3522 5074 La-

1915 5117 2082 5173 tinam
2115 5129 2310 5184 nempe
2352 5112 2653 5169 Ecclesiam
2703 5111 2821 5166 sine
2859 5109 3047 5164 Latina
3077 5113 3328 5166 versione
3370 5121 3520 5170 stare

1916 5226 2024 5268 non
2052 5209 2318 5282 potuisse,
2363 5208 2436 5263 ita
2469 5205 2692 5264 evidens
2717 5219 2839 5260 esse
2866 5203 3120 5269 arbitror,
3149 5215 3210 5260 ut
3237 5206 3372 5262 nihil
3404 5225 3522 5264 ma-

1917 5305 2018 5378 gis.
2052 5303 2166 5373 Qua
2197 5301 2342 5358 enim
2372 5300 2552 5370 lingua
2593 5300 2644 5353 in
2673 5295 2973 5368 synaxibus
3012 5313 3293 5355 sacrorum
3321 5299 3520 5358 Libro-

1918 5412 2038 5454 rum
2083 5396 2242 5452 lectio
2272 5393 2341 5448 ad
2376 5391 2632 5462 populum
2671 5390 2848 5455 fleret,
2890 5388 2992 5444 nisi
3023 5405 3118 5455 ea,
3169 5407 3290 5462 qua:
3335 5395 3524 5464 pepuli

1920 5490 2100 5549 esset?
2142 5489 2221 5546 Ac
2242 5494 2554 5559 propterea,
2583 5481 2725 5552 quod
2761 5493 3036 5552 praeeunte
3061 5483 3276 5552 Grotio,
3310 5488 3522 5556 putavit

1923 5586 2122 5644 Millins
2154 5583 2173 5654 (
2201 5581 2370 5638 Adnot
2403 5580 2456 5632 in
2499 5576 2666 5632 Marc.
2700 5574 2744 5649 ),
2775 5577 3011 5648 linguam
3036 5578 3245 5634 scilicet
3271 5579 3519 5640 Graecam

1925 5680 2111 5737 Romae
2137 5687 2264 5732 tunc
2290 5671 2570 5742 temporis,
2595 5679 2755 5739 atque
2780 5669 2951 5725 Italiae
2976 5668 3298 5728 familiarem
3330 5673 3520 5745 fuisse,

1923 5769 2194 5829 somnium
2224 5763 2355 5820 mihi
2379 5771 2482 5819 est.
2521 5762 2600 5819 En
2628 5762 2778 5818 illius
2807 5762 2996 5827 verba,
3027 5762 3222 5834 quibus
3249 5766 3519 5826 laudatam

1924 5861 2144 5921 Valtoni
2169 5858 2486 5932 opinionem
2516 5871 2770 5916 eversum
2802 5857 2916 5912 ivit.

2635 5975 2637 5977 ί
2933 5947 2977 6007 2
