3968 6332
429 318 502 382 ιδ
1831 304 2049 367 Ρηοιε

2157 303 2369 369 MENA.
3664 300 3736 367 ιι

505 433 707 510 Nempe
741 432 884 490 haud
940 437 1205 499 notarunt,
1249 428 1425 502 inquit
1461 426 1714 502 (Proleg.
1765 441 1818 481 η.
1851 426 1955 482 “577
1979 424 2025 498 ),
2056 423 2105 490 Α
2133 428 2315 485 sebius
2343 426 2444 499 (Η.
2465 423 2530 482 E.
2547 425 2759 500 ιιι,24);
2785 422 2849 483 'et
2866 425 2958 499 qui
2977 423 3211 498 Magistri
3233 424 3314 482 sui
3337 433 3607 497 pracepta
3626 426 3738 481 elo-

434 545 526 602 per
555 544 736 593 annos,
767 544 798 582 a
826 526 1126 600 fundatione
1150 524 1299 578 istius
1330 521 1599 587 Ecclesia,
1617 520 1686 575 ad
1715 519 2035 575 constitutio-

434 641 551 680 nem
577 637 735 694 usque
759 622 966 676 canonis
997 617 1071 674 N.
1106 608 1166 672 Τ.
1195 622 1299 688 fere
1327 615 1719 687 quinquaginta,
1765 611 2036 680 nequidem

436 719 723 790 cogitatum
768 715 927 787 fuisse
954 715 1017 766 de
1054 713 1261 782 scriptis
1292 709 1719 781 evangelistarum
1755 714 1802 761 et
1831 713 2036 777 aposto-

441 813 612 867 lorum
655 814 709 866 in
745 821 906 865 unum
949 806 1283 880 colligendis;
1324 806 1486 860 multo
1516 805 1684 858 minus
1713 803 1776 856 de
1816 804 2034 871 transfe-

433 907 609 961 rendis
654 904 759 959 illis
796 905 849 957 in
889 903 1022 957 alias
1057 901 1300 972 linguas;
1350 911 1456 953 tum
1495 913 1612 952 vero
1655 895 1879 951 nascenti
1919 893 2037 947 huic

432 997 683 1052 Ecclesiae
708 996 1004 1065 neutiquam
1031 1009 1160 1062 opus
1185 993 1341 1063 fuisse
1371 991 1558 1046 Latina
1583 991 1831 1045 versione.
1876 985 2037 1041 Fide-

432 1090 567 1145 libus
593 1089 852 1154 nimirum,
875 1088 964 1158 qui
978 1091 1094 1160 jam
1117 1086 1295 1141 Roma:
1311 1085 1550 1156 agebant,
1581 1083 1788 1137 advenis
1809 1080 2032 1146 luditis,

429 1180 722 1255 :Egyptiis,
756 1180 872 1234 aliis
901 1179 1080 1252 lingua
1105 1176 1290 1233 Graeca
1318 1176 1647 1247 familiariter
1672 1183 1795 1229 nota
1819 1181 1949 1239 erat,
1972 1187 2036 1225 ac

430 1274 586 1344 plane
613 1271 909 1326 uernacula.
945 1269 1098 1337 Quod
1128 1269 1265 1323 idem
1291 1277 1339 1322 et
1367 1267 1430 1322 de
1455 1265 1873 1338 provincialibus,
1905 1265 2036 1318 alia-

428 1381 644 1436 rumque
676 1363 1015 1434 quarumdam
1060 1363 1197 1416 orbis
1243 1361 1472 1434 partium
1509 1358 1818 1415 Christianis
1863 1358 2040 1412 dicen-

434 1460 581 1513 dum.
614 1451 813 1512 Notum
851 1456 985 1511 illud
1011 1466 1177 1528 poene
1196 1469 1217 1511 :

528 1567 668 1622 Nunc
693 1573 823 1621 totus
844 1569 1010 1633 gratas
1034 1567 1183 1619 habet
1205 1567 1339 1618 orbis
1361 1567 1602 1633 Athenas.

1435 1630 1660 1696 (Juven.,
1686 1631 1792 1682 Sat.
1820 1633 1932 1695 xv.)

508 1739 615 1797 Sed
643 1749 693 1796 et
722 1740 1073 1812 Hieronymus
1096 1740 1158 1794 de
1200 1738 1549 1793 Orientalibus
1595 1740 1754 1794 etiam
1781 1739 1863 1794 sui
1893 1733 1989 1793 wvi
2021 1749 2042 1791 .°

447 1852 470 1888 ι
506 1834 759 1890 Sermone
787 1850 953 1906 greco
983 1834 1148 1889 omnis
1173 1833 1403 1898 loquitur
1434 1831 1686 1888 Oriens.»

510 1927 630 1984 Scis
659 1926 788 1998 quid
816 1926 885 1982 de
909 1926 1300 1982 constitutione
1332 1925 1421 1980 illa
1459 1923 1696 1981 Canonis
1727 1929 1994 1982 senserim
2022 1941 2038 1992 ;

439 2035 607 2090 quam
630 2061 646 2087 ,
691 2021 838 2076 nullo
872 2029 1029 2084 teste,
1056 2020 1230 2075 serius
1257 2035 1416 2089 quam
1451 2034 1545 2087 par
1585 2029 1734 2086 erat,
1764 2019 2045 2075 distulisse

441 2113 669 2170 Millium
696 2129 802 2169 non
828 2113 1036 2169 dubito.
1071 2113 1244 2180 Nunc,
1271 2111 1416 2184 quod
1445 2129 1474 2169 e
1502 2129 1560 2168 re
1583 2123 1763 2169 nostra
1792 2123 1895 2178 est,
1924 2115 2045 2185 quis

435 2220 672 2276 unquam
701 2206 918 2270 credat,
944 2223 1008 2261 ex
1035 2206 1165 2260 solis
1186 2205 1468 2260 dumtaxat
1488 2199 1713 2271 Judaeis,
1746 2205 2041 2277 Egyptiis,

445 2298 678 2368 aliisque
722 2299 1088 2354 Orientalibus
1131 2308 1444 2354 nascentem
1507 2299 1694 2354 Romae
1747 2299 2044 2354 Ecclesiam

440 2393 788 2448 constitisse?
818 2391 959 2461 Quid
990 2392 1063 2446 ibi
1102 2391 1358 2458 Petrum,
1391 2393 1519 2462 quid
1565 2393 1789 2448 Paulum
1829 2392 2049 2448 biennio

449 2487 564 2554 illo,
600 2502 708 2557 quo
735 2486 905 2541 libera
933 2488 984 2540 in
1011 2485 1255 2541 custodia
1285 2487 1519 2551 mansit,
1553 2486 1726 2557 egisse
1763 2495 2044 2555 putemus,

445 2581 550 2638 nisi
578 2591 637 2636 ut
679 2581 971 2648 omnibus,
1012 2581 1101 2650 qui
1143 2579 1210 2634 ad
1258 2578 1585 2634 audiendum
1630 2581 2043 2646 convenissent,

449 2673 790 2744 Evangelicm
825 2672 1083 2727 doctrinm
1120 2672 1300 2726 lumen
1340 2669 1719 2737 effunderent;
1761 2672 1875 2727 sive
1897 2669 2049 2727 Grae-

439 2767 555 2833 cis,
585 2767 700 2822 sive
740 2766 1023 2831 Barbaris,
1054 2765 1249 2834 quibus
1289 2779 1348 2820 se
1389 2765 1691 2821 debitorem
1738 2765 2034 2834 Apostolus

440 2859 750 2915 fatebatur?
798 2857 948 2912 Adde
978 2857 1276 2925 discipulos
1299 2899 1313 2922 ,
1349 2871 1523 2927 neque
1550 2871 1644 2912 eos
1676 2864 1878 2912 tantum
1901 2899 1917 2926 ,
1950 2857 2046 2912 sed

440 2969 472 3009 e
501 2952 765 3009 Gentibus
795 2967 987 3007 recens
1010 2951 1076 3006 ad
1100 2949 1259 3006 iidem
1285 2966 1603 3019 conversos,
1629 2951 1960 3023 ubicumque
1986 2965 2048 3007 se

443 3047 669 3102 offerret
688 3047 934 3110 occasio,
963 3045 1240 3110 eamdem,
1281 3045 1652 3115 apostolorum
1685 3046 1932 3115 exemplo
1953 3086 1968 3111 ,
1993 3046 2046 3100 in

443 3141 797 3196 familiaribus
822 3182 836 3205 ,
869 3137 1382 3205 contubernalibus,
1417 3138 1557 3193 notis
1582 3154 1764 3194 serere
1798 3149 2042 3211 satagen-

446 3330 694 3401 plissimo
735 3328 827 3382 illo
857 3325 1144 3382 Nationum
1189 3326 1400 3396 gurgite
1430 3326 1730 3381 caelestium
1757 3327 2054 3382 charisma-

448 3432 562 3478 tum
595 3423 886 3494 participes
909 3421 1064 3476 facti?
1089 3421 1157 3475 At
1176 3419 1454 3492 Satyricus
1481 3417 1702 3476 diffusas
1731 3436 1828 3491 per
1851 3419 2050 3475 Orbem

451 3517 671 3573 Graecas
701 3516 908 3571 litteras
929 3512 1167 3584 scripsit.
1195 3514 1324 3568 Esto
1350 3532 1362 3568 :
1387 3514 1597 3584 poetica
1623 3513 1742 3568 licet
1767 3513 2048 3591 ὑπερϐολῇ.

451 3612 590 3667 Addi
633 3612 762 3684 quin
810 3611 970 3666 etiam
1021 3617 1230 3679 poterat
1273 3609 1428 3664 locus
1474 3608 1614 3662 alter
1652 3606 1885 3680 (Satyro
1935 3607 2046 3673 vi),

393 3694 399 3701 ’
446 3705 544 3761 ubi
597 3701 865 3774 putidulas
908 3700 1166 3772 quasdam
1214 3715 1311 3770 pro
1350 3700 1542 3754 nativis
1583 3699 1760 3752 anima
1807 3706 1861 3754 et
1904 3697 2050 3763 vita,

453 3795 638 3869 ψυχήν
677 3809 741 3849 ac
779 3799 896 3859 ζοὴν
939 3791 1248 3848 είΐυιὶθηιθε
1294 3791 1520 3846 irridet:
1556 3791 1896 3846 Graecanicos
1927 3788 2060 3870 inde

456 3905 645 3946 earum
674 3873 994 3945 concubitus
1016 3888 1158 3942 salse
1184 3884 1621 3940 commibiscens.
1660 3884 1729 3939 Et
1748 3893 1903 3940 erant
1934 3898 2057 3953 pro-

451 3984 596 4042 fecto
626 3982 814 4039 Romae
840 3979 1176 4052 grammatici
1210 3979 1424 4049 plures,
1470 3979 1558 4048 qni
1591 3977 1809 4033 Graecas
1847 3977 2058 4032 litteras

449 4079 728 4136 docerent.
765 4077 933 4131 Erant
963 4085 1018 4129 et
1044 4074 1095 4127 in
1119 4073 1390 4142 opulentis
1413 4072 1750 4142 privatorum
1780 4069 2052 4134 domibus,

453 4189 683 4247 quorum
717 4167 872 4228 multi
925 4170 1112 4227 Graece
1158 4169 1422 4223 sciebant.
1474 4167 1675 4221 Demus
1731 4163 1834 4219 hoc
1879 4165 2056 4234 ipsum

456 4269 624 4325 Italia:
655 4263 900 4332 urbibus,
925 4263 1116 4320 demus
1149 4261 1360 4327 Galliae,
1393 4258 1686 4315 Britanniae
1730 4277 1742 4312 :
1773 4259 1815 4312 si
1849 4259 2056 4328 placet,

451 4366 621 4423 etiam
671 4360 869 4417 Africae
911 4360 1122 4414 demus.
1166 4357 1303 4425 Quid
1349 4357 1498 4412 tum?
1535 4354 1605 4412 Ut
1637 4369 1736 4409 nos
1773 4353 2054 4418 Latinam,

457 4457 538 4514 sic
566 4456 689 4512 illos
717 4454 958 4511 Griecam
988 4453 1256 4522 linguam,
1290 4464 1395 4504 non
1426 4448 1728 4504 domestico
1759 4461 1880 4510 usu,
1903 4447 1995 4500 sed
2027 4459 2058 4498 a

459 4549 884 4622 praeceptoribus
913 4547 1120 4602 discere
1156 4545 1442 4613 oportebat
1480 4564 1492 4600 τ
1527 4543 1681 4614 cujus
1709 4542 1784 4596 rei
1811 4540 2056 4612 exempla

2138 519 2378 588 quentia:
2405 519 2739 574 ornamentis
2771 531 3046 590 exponere
3081 517 3201 575 οὔτε
3227 517 3449 586 iaceas,
3475 517 3596 578 οὔτε
3630 520 3738 574 ἱνα-

2139 614 2371 684 χείρουν.
2401 611 2501 676 Qui
2532 612 2676 666 enim
2702 611 2756 664 in
2783 611 3222 682 persuasibilibus
3245 612 3494 667 humane
3518 612 3738 681 sapiens

2142 705 2231 758 tia:
2259 706 2438 759 verbis
2481 705 2777 773 praedicare
2814 703 3093 760 Christum
3118 745 3132 771 ,
3169 714 3224 761 et
3253 705 3396 760 bnnc
3421 705 3738 760 crucifixum

2138 801 2444 864 nescirent,
2470 801 2667 870 quibus
2694 799 2984 869 pigmentis
3003 799 3055 856 id
3080 799 3258 856 facere
3283 799 3739 871 aggrederentur?

2139 889 2209 945 Et
2235 892 2313 946 sic
2342 889 2698 958 expediebat,
2741 893 2917 962 inquit
2948 893 3211 948 Erasmus
3242 893 3260 965 (
3277 892 3422 949 Edit.
3456 907 3488 949 v
3509 935 3523 960 ,
3553 893 3631 949 N.
3657 891 3701 948 Τ
3723 934 3737 960 ,

2139 1001 2224 1055 ap.
2261 985 2489 1040 Froben.
2535 993 2582 1040 et
2621 983 2996 1058 Episcopium)
3019 1030 3032 1052 ,
3075 988 3356 1059 apostolos
3391 1003 3457 1044 eo
3488 1001 3743 1045 sermone

2141 1081 2250 1147 uti,
2281 1081 2370 1150 qtti
2405 1081 2667 1136 latissime
2711 1080 2956 1151 patebat;
2991 1090 3046 1136 et
3093 1097 3122 1136 a
3168 1082 3420 1138 litteratis
3450 1083 3654 1153 pariter
3681 1093 3745 1137 ac

2140 1172 2409 1228 illiteratis
2450 1171 2870 1245 intelligebatur.
2919 1174 3073 1242 Quod
3110 1165 3315 1246 postea
3354 1175 3422 1231 de
3471 1177 3746 1246 primmvis

2141 1265 2534 1338 interpretibus
2562 1267 2831 1336 affirmat,
2863 1267 3005 1325 idern
3036 1269 3242 1324 scilicet
3271 1269 3340 1324 de
3365 1270 3594 1325 istorum
3623 1283 3748 1324 ora-

2140 1359 2314 1426 tione,
2354 1374 2416 1415 ac
2439 1360 2508 1415 de
2535 1373 2789 1418 sermone
2809 1362 3111 1433 apostolico
3131 1363 3348 1429 valere;
3373 1374 3536 1435 quum
3561 1374 3749 1419 sermo

2141 1452 2419 1508 Romanus
2463 1453 2641 1509 adhuc
2678 1464 2826 1510 esset
2854 1455 3176 1525 promiscuae
3215 1455 3544 1511 multitudini
3589 1470 3749 1511 coni-

2143 1548 2344 1603 munis.
2375 1547 2454 1604 Ac
2479 1557 2768 1619 propterea
2796 1549 2961 1605 multa
2996 1550 3119 1606 illos
3151 1551 3204 1605 in
3238 1549 3617 1607 transferendo
3649 1551 3746 1607 tri-

2143 1640 2325 1698 buisse
2350 1641 2513 1712 vulgo
2537 1641 2847 1709 idiotarum,
2878 1643 3074 1714 quibus
3103 1659 3166 1700 ea
3194 1654 3303 1699 tum
3335 1645 3745 1701 scribebantur.

2214 1735 2366 1802 Quod
2403 1749 2534 1791 vero
2589 1752 2686 1807 pro
2751 1737 3009 1794 coronide
3059 1751 3124 1793 ex
3187 1738 3518 1810 Hieronymo
3571 1738 3755 1794 attulit

2082 1833 2132 1897 Β
2158 1826 2352 1883 Millius
2372 1869 2385 1893 ,
2414 1843 2445 1884 e
2475 1837 2616 1884 tanta
2658 1829 3068 1886 adnotationnm
3100 1846 3299 1898 messe,
3333 1845 3494 1902 quam
3521 1847 3550 1887 a
3579 1836 3756 1903 scrip-

2147 1924 2361 1979 toribus
2405 1924 2793 1981 ecclesiasticis
2837 1939 3046 1980 summa
3094 1925 3376 1996 diligentia
3415 1927 3754 1998 collegerat.

2151 2017 2204 2072 in
2237 2026 2370 2072 aestu
2408 2018 2501 2072 illo
2532 2033 2712 2073 rerum
2759 2017 2865 2073 alio
2903 2018 3170 2089 spectanti
3197 2028 3349 2075 extra
3393 2033 3574 2076 aream
3609 2021 3760 2077 exci-
3830 2059 3834 2062 ‹

2149 2112 2296 2167 disse
2334 2111 2682 2167 manifestum
2723 2121 2826 2168 est.
2877 2111 3021 2167 Nihil
3058 2113 3201 2168 enim
3230 2114 3468 2170 Orientis
3495 2127 3618 2170 cum
3649 2116 3756 2171 0c-

2147 2204 2361 2260 cidente
2409 2205 2652 2260 instituta
2681 2205 2836 2267 .inibi
2868 2208 3203 2276 comparatio
3255 2207 3322 2262 ad
3370 2207 3540 2264 hocce
3583 2217 3749 2281 arguo

2149 2307 2392 2352 mentum
2424 2295 2606 2353 facere
2633 2307 2862 2368 poterat.
2896 2297 3085 2370 Neque
3109 2299 3329 2356 obstant
3356 2315 3478 2373 qua:
3507 2309 3758 2374 postulo-

2151 2393 2277 2448 dum
2306 2394 2534 2463 adjecit;
2563 2405 2671 2450 non
2700 2390 2882 2450 statim
2905 2411 2935 2451 a
2965 2405 3214 2466 suscepta
3250 2396 3355 2453 fide
3380 2397 3578 2454 Christi
3604 2441 3620 2467 ,
3651 2399 3750 2455 sed

2152 2495 2276 2557 post
2315 2502 2578 2542 annorum
2629 2488 2988 2558 complurium
3021 2489 3364 2546 intervallum
3394 2489 3758 2548 deliberatum

2153 2578 2224 2635 de
2254 2579 2700 2636 translationibus
2741 2579 3039 2637 Bibliorum
3067 2622 3081 2648 ,
3116 2590 3210 2637 aut
3249 2583 3441 2638 saltem
3490 2583 3762 2638 librorum

2151 2673 2359 2743 aliquot
2393 2673 2459 2728 Ν.
2487 2673 2550 2728 Τ.
2597 2674 2651 2730 in
2692 2689 2848 2730 usum
2881 2675 3158 2748 publicum
3191 2675 3562 2730 conficiendis.
3608 2677 3764 2730 itali-

2151 2781 2270 2824 cam
2299 2781 2450 2829 vero.
2475 2781 2596 2822 cum
2626 2767 2767 2837 apud
2801 2768 2964 2822 italos
2986 2808 3000 2834 ,
3035 2777 3089 2822 et
3109 2767 3366 2835 auspiciis
3387 2807 3401 2830 ,
3431 2775 3488 2821 ut
3527 2767 3760 2822 omnino

2151 2860 2416 2916 credibile
2464 2870 2645 2930 putat,
2704 2860 2964 2915 Ecclesia
3017 2859 3274 2914 Romanas
3323 2859 3617 2930 prodierit,
3666 2861 3759 2916 vix

2152 2969 2275 3010 esse
2306 2962 2363 3008 ut
2391 2954 2536 3009 edita
2562 2963 2847 3009 censeatur
2868 2960 2995 3008 ante
3019 2962 3256 3024 tempora
3286 2953 3365 3008 Pii
3397 2967 3575 3025 papae;
3609 2955 3758 3025 quod

2152 3047 2199 3102 is
2222 3057 2370 3101 esset
2392 3055 2503 3100 tum
2534 3045 2851 3100 Latinorum
2878 3045 3124 3116 primus;
3165 3054 3220 3102 et
3241 3061 3328 3102 res
3350 3045 3611 3102 Ecclesiae
3636 3047 3763 3102 diu-

2157 3141 2266 3196 tius
2314 3140 2508 3211 paulo,
2539 3155 2640 3212 per
2687 3154 2859 3196 annos
2889 3140 3097 3196 scilicet
3137 3142 3448 3211 quindecim
3497 3141 3762 3198 adminis-

347 3247 361 3257 ’
448 3243 550 3290 tes.
585 3234 747 3304 Qupli
792 3243 1077 3304 propterea
1100 3272 1116 3296 ,
1149 3247 1258 3286 non
1296 3246 1361 3286 ex
1405 3233 1522 3286 solo
1551 3231 1804 3299 Oriente,
1849 3233 1902 3287 in
1932 3247 2049 3287 am-
2075 3240 2121 3302 C
2155 3244 2372 3291 trasset.
2406 3235 2542 3290 Nam
2573 3237 2754 3290 caeteri
2785 3235 3092 3305 pontifices,
3132 3235 3340 3306 inquit,
3365 3248 3607 3307 eousque
3639 3237 3756 3293 fere

2154 3329 2326 3386 Graeci
2362 3329 2593 3384 fuerant.
2627 3329 2755 3384 Haec
2781 3331 2925 3384 enim
2948 3329 3131 3384 omnia
3174 3328 3282 3384 duo
3323 3331 3624 3399 praesertim
3663 3331 3753 3386 in-

2157 3423 2375 3478 ﬁrmant
2405 3441 2416 3476 :
2449 3439 2643 3491 unum,
2670 3423 2812 3494 quod
2844 3423 3072 3494 ipsemet
3101 3424 3411 3489 asserebat,
3447 3424 3589 3480 haud
3620 3439 3760 3496 opus

2156 3516 2327 3574 fuisse
2361 3518 2522 3573 latina
2550 3519 2803 3574 versione
2824 3561 2839 3587 ,
2872 3533 3048 3591 grteca
3077 3518 3280 3591 Lingua
3311 3520 3418 3590 jam
3465 3519 3654 3574 Romae
3699 3533 3762 3576 ac

2157 3610 2578 3679 provincialibus
2614 3612 2899 3677 familiari,
2935 3611 3040 3667 nisi
3069 3613 3114 3668 si
3152 3611 3290 3667 forte
3332 3609 3470 3668 hanc
3510 3612 3587 3667 Pii
3624 3619 3765 3668 tem—

2157 3703 2382 3774 poribus
2423 3705 2710 3759 evanuisse
2749 3703 3156 3761 arbitrabatur:
3186 3701 3330 3776 quod
3373 3713 3553 3760 tamen
3595 3715 3766 3777 estpe-

2159 3791 2360 3853 rientia
2394 3797 2505 3867 ipsa
2536 3798 2758 3853 refellit.
2785 3797 3006 3869 Linguae
3046 3799 3192 3854 enim
3223 3799 3543 3869 populorum
3569 3813 3766 3856 omnes

2162 3887 2325 3958 longo
2364 3903 2464 3943 usu
2508 3888 2823 3955 firmantur,
2859 3903 3035 3958 neque
3088 3887 3180 3945 aui
3231 3892 3402 3946 emori
3448 3892 3600 3958 illas,
3631 3893 3764 3956 nisi

2160 3998 2354 4038 everso
2401 3982 2616 4053 penitus
2643 3998 2823 4038 rerum
2870 3990 3012 4037 statu
3039 4023 3054 4048 ,
3096 3992 3190 4038 aut
3230 3984 3485 4053 paulatim
3517 3985 3767 4043 obsoles-

2161 4089 2321 4139 cere,
2368 4074 2468 4128 nisi
2500 4084 2810 4129 exterarum
2853 4074 3106 4128 Gentium
3145 4073 3417 4132 alluvione
3456 4077 3761 4150 contingit:

2161 4181 2393 4237 quorum
2439 4175 2688 4220 neutrum
2714 4207 2728 4231 ,
2753 4165 2986 4221 florente
3007 4205 3022 4231 ,
3052 4176 3111 4220 ut
3148 4176 3293 4235 erat,
3330 4169 3589 4241 imperio,
3620 4171 3766 4227 acci-

2163 4258 2309 4314 disse
2339 4266 2677 4328 compertum
2722 4266 2826 4314 est.
2858 4257 3136 4324 Alterum,
3183 4259 3462 4329 pontifices
3507 4262 3573 4317 ad
3607 4261 3764 4318 Pium

2164 4367 2336 4422 usque
2365 4352 2536 4406 ferme
2565 4351 2820 4418 Graecos,
2855 4363 2965 4406 tum
2999 4352 3143 4409 hunc
3180 4354 3495 4411 Latinorum
3532 4357 3766 4424 primum

2163 4444 2354 4500 fuisse.
2392 4445 2717 4501 Exciderant
2760 4461 2957 4517 nempe
2997 4449 3114 4503 viro
3157 4448 3523 4506 eruditissimo
3562 4449 3766 4522 primus

2166 4545 2292 4608 post
2321 4537 2544 4594 Petrum
2592 4539 2791 4607 Linus,
2841 4551 2965 4611 post
2994 4539 3136 4596 hunc
3166 4541 3398 4598 fortasse
3431 4549 3594 4599 etiam
3642 4546 3766 4601 Cle-

461 4662 570 4703 non
613 4657 778 4715 pauca
810 4642 876 4695 ab
901 4639 1219 4708 antiquitate
1250 4647 1451 4707 praesto
1475 4644 1657 4690 essent
1677 4675 1690 4698 ,
1734 4635 1777 4689 si
1808 4647 1943 4703 opus
1985 4635 2059 4688 fo-
2089 4637 2139 4699 υ
2168 4639 2287 4700 tus,
2317 4641 2464 4688 certe
2489 4632 2684 4688 tertius
2709 4633 2962 4688 Clemens
2992 4635 3192 4690 Latini.
3221 4635 3289 4690 Et
3316 4637 3533 4707 quidem
3571 4637 3764 4717 Linum

460 4748 568 4798 ret.
613 4741 694 4794 An
734 4737 873 4791 idem
905 4743 1188 4804 propterea
1238 4733 1305 4786 de
1333 4731 1544 4786 caeteris
1584 4729 1835 4786 omnibus
1875 4729 2063 4784 dicen-

463 4835 629 4890 dum?
655 4831 792 4900 Quid
826 4833 1012 4899 ingens
1045 4828 1134 4881 illa
1163 4827 1215 4881 in
1246 4826 1379 4880 urbe
1403 4865 1416 4892 ,
1449 4827 1498 4879 in
1526 4825 1668 4895 agris
1690 4867 1703 4890 ,
1734 4839 1829 4894 per
1851 4824 2057 4881 Italiam

463 4939 749 4984 servorum
773 4920 1074 4976 colluvies?
1098 4920 1235 4986 Quid
1263 4919 1531 4989 propolae,
1564 4918 1863 4984 institores,
1893 4918 2056 4986 lanii,

462 5018 632 5082 fabri,
669 5017 926 5080 inllones,
975 5024 1189 5068 sutores
1233 5013 1525 5084 (ridiculus
1564 5013 1701 5076 sim,
1733 5012 1777 5066 si
1805 5019 1882 5066 tot
1917 5022 2063 5067 artes

463 5124 767 5181 operasque
813 5107 879 5160 ad
932 5121 1152 5160 censum
1198 5118 1392 5158 vocare
1433 5103 1656 5173 velim),
1702 5119 1810 5156 uno
1852 5103 2057 5170 verbo,

464 5202 592 5274 quid
627 5210 773 5255 tanta
803 5199 1053 5252 viliorum
1085 5198 1319 5266 capitum
1348 5195 1636 5250 multitudo
1665 5196 1870 5263 Romae,
1900 5198 1950 5251 in
1973 5212 2057 5252 co‘

461 5296 655 5362 loniis,
705 5296 757 5348 in
788 5291 1136 5360 municipiis,
1187 5291 1415 5360 ubique;
1465 5300 1575 5344 tum
1607 5299 1663 5344 et
1715 5290 2062 5346 honestorum

461 5389 777 5450 hominum,
807 5385 1003 5456 quibus
1047 5391 1192 5436 arcta
1241 5398 1327 5437 res
1360 5381 1503 5438 domi
1544 5382 1726 5437 esset?
1764 5382 1898 5437 Num
1926 5393 1980 5438 et
2011 5383 2066 5437 hi

461 5483 703 5540 dieculas
732 5483 784 5536 in
817 5477 943 5534 Indo
987 5479 1276 5541 triverunt,
1311 5493 1488 5548 graece
1531 5479 1676 5549 loqui
1709 5486 1768 5532 ut
1811 5478 2059 5535 addisce-

458 5577 622 5634 rent?
651 5577 716 5631 Et
745 5587 922 5629 tamen
953 5589 1016 5629 ex
1048 5574 1198 5629 iisut
1238 5571 1526 5641 plurimum
1571 5573 1758 5643 primis
1790 5573 1897 5628 illis
1939 5573 2063 5630 fidei

460 5668 800 5739 temporibus
829 5665 1116 5722 constabat
1158 5664 1396 5720 Ecclesia
1417 5706 1430 5727 ,
1479 5664 1692 5721 inﬁrma
1725 5666 1925 5722 mundi.
1961 5667 2063 5723 eli-

459 5770 624 5835 gente
673 5764 782 5816 Deo
821 5768 882 5817 ut
923 5759 1241 5831 sapientiam
1289 5758 1472 5814 saeculi
1505 5760 1879 5816 confunderet.
1923 5760 2062 5816 Hinc

458 5856 654 5912 merito
691 5856 966 5926 apostolos
1004 5860 1094 5915 τὴν
1129 5853 1357 5930 γλῶτταν
1387 5853 1744 5918 ἰδιωτεύοντας
1780 5856 1923 5913 dixit
1955 5855 2060 5910 Eu.

2169 4726 2458 4782 duodecim
2488 4726 2648 4782 annis
2685 4743 2772 4782 res
2807 4728 3069 4782 Ecclesiae
3104 4729 3514 4787 administrasse
3549 4746 3579 4786 a
3613 4743 3766 4788 vete-

2167 4823 2318 4877 ribus
2344 4821 2622 4878 discimus.
2651 4823 2962 4892 Curitaque
2992 4837 3098 4878 non
3121 4824 3221 4879 sub
3248 4823 3352 4878 boc
3371 4826 3571 4894 potius,
3603 4843 3764 4896 quam

2179 4927 2306 4987 post
2336 4928 2442 4970 tam
2473 4918 2653 4972 laxum
2690 4919 2949 4987 temporis
2970 4919 3203 4987 spatium
3241 4919 3500 4975 adornata
3540 4922 3641 4975 sub
3670 4921 3766 4978 Pio

2168 5023 2443 5064 sacrorum
2477 5009 2543 5064 N.
2572 5008 2635 5064 T.
2670 5010 2928 5066 librorum
2972 5011 3252 5067 translatio
3283 5011 3484 5068 fuerit?
3513 5012 3595 5069 An
3638 5015 3767 5072 dee-

2170 5114 2295 5162 rant
2323 5105 2554 5175 principi
2599 5105 2836 5160 omnium
2871 5106 3171 5170 Ecclesiae,
3223 5107 3274 5161 in
3327 5107 3765 5178 frequentissimo

2168 5199 2410 5270 gentium
2439 5215 2468 5252 ο
2495 5201 2788 5268 provinciis
2810 5199 3020 5270 imperii
3045 5200 3111 5254 ad
3144 5198 3347 5256 Urbem
3372 5204 3600 5272 appulsu
3620 5242 3636 5270 ,
3668 5216 3762 5258 eo-

2169 5307 2289 5348 rum
2315 5333 2329 5358 ,
2375 5293 2537 5348 simul
2574 5308 2637 5348 ac
2681 5293 3025 5364 prodierant,
3055 5295 3366 5366 apographa
3394 5337 3410 5360 ,
3443 5307 3591 5353 utne
3623 5296 3760 5354 verti

2173 5388 2520 5445 commodum
2565 5390 2826 5459 possent?
2864 5391 2942 5443 An
2986 5388 3216 5446 fortasse
3247 5406 3354 5446 non
3397 5407 3568 5461 opus,
3607 5401 3764 5448 aucto

2170 5483 2224 5539 in
2256 5483 2371 5539 dies
2409 5482 2744 5538 credentium
2793 5497 3020 5538 numero
3045 5526 3058 5549 ,
3090 5495 3149 5539 ut
3200 5488 3578 5542 verterentur?
3622 5486 3764 5542 Neu-

2171 5584 2311 5630 trum
2349 5575 2612 5647 profecto,
2637 5577 2690 5630 ni
2722 5575 2895 5630 fallor.
2939 5575 3070 5642 Quae
3099 5579 3278 5632 omnia
3307 5578 3448 5634 dicta
3475 5579 3586 5637 sint
3605 5587 3763 5652 argue

2167 5671 2334 5725 menti
2373 5669 2531 5739 hujus
2561 5670 2763 5740 gratia;
2797 5669 2848 5724 in
2875 5668 3019 5742 quod
3047 5669 3176 5726 olim
3209 5671 3425 5745 egregia
3455 5673 3607 5730 Militi
3631 5674 3762 5730 Pro-

2167 5763 2449 5833 legomena
2473 5763 2828 5820 observantes
2862 5778 2983 5818 cum
3014 5763 3430 5835 incidissemus,
3463 5767 3623 5825 dubia
3655 5767 3761 5840 pri-

2163 5870 2315 5914 muni
2353 5853 2530 5928 aliqua
2568 5857 2733 5914 clrtls
2770 5856 3087 5924 inlevimus;
3119 5873 3263 5916 nunc
3289 5874 3420 5919 vero
3458 5875 3490 5917 ο
3529 5873 3591 5918 re
3633 5869 3754 5918 nata
