3976 6338
186 319 256 378 45

984 311 1194 372 EPIST.
1239 307 1486 366 PHILIP.
1527 297 1894 370 GARBELLI,
1937 299 2026 358 DE
2063 299 2313 362 CODIGE
2355 305 2708 362 BRIXIANO.

3367 339 3370 344 -
3423 315 3496 368 «l0

182 429 370 492 eadem
401 435 776 488 retractantes
823 425 982 486 latius
1011 427 1171 500 paulo
1212 423 1543 481 diduximus.
1569 421 1640 476 Et
1671 419 1784 490 qui-
1815 428 1868 490 Α
1963 417 2142 473 Locus
2171 419 2341 485 alter,
2389 435 2546 490 quem
2580 420 2644 474 ad
2689 419 2932 476 Grecam
2965 423 3228 494 originem
3276 427 3496 498 exigere

183 529 345 592 dem,
381 541 503 580 cum
577 541 646 578 ex
701 523 1024 593 antiquitate
1083 525 1488 576 monumentum
1559 513 1794 583 supersit

182 621 414 684 nullum,
451 613 598 674 aude
629 617 1007 674 translationis
1030 615 1174 672 illius
1207 625 1416 682 tempus
1450 623 1643 666 eruere
1669 623 1794 678 pos-

183 719 388 786 simus,
437 715 822 784 coniecturis,
871 723 930 770 ut
969 713 1196 785 ipsemet
1247 711 1479 774 fecerat,
1523 717 1794 763 tentantes

183 813 304 877 iter,
329 811 372 865 si
399 807 490 880 qui
526 807 672 862 forte
711 805 888 862 aditus
915 807 982 862 ad
1013 805 1291 860 veritatem
1319 801 1556 857 daretur.
1603 799 1790 864 Recte,

181 921 248 962 an
293 917 488 970 secus,
519 901 670 973 apud
713 913 902 972 aequos
929 915 1106 956 rerum
1139 899 1498 954 testimatores
1533 893 1794 964 judicium

183 1007 328 1056 esto.

257 1092 439 1162 Itaque
461 1089 528 1144 ad
561 1087 880 1144 institutum
909 1085 1221 1151 redeuntes,
1245 1081 1560 1139 dicebamus
1601 1093 1674 1136 ex
1713 1079 1794 1134 al-

183 1185 302 1241 latis
321 1181 646 1253 llieronymi
669 1187 833 1250 atque
853 1175 1138 1249 Augustini
1161 1175 1339 1232 verbis
1363 1174 1628 1229 firmatam
1655 1171 1796 1242 apud

185 1277 380 1334 multos
423 1275 748 1345 opinionem
795 1271 942 1326 illam
976 1270 1042 1326 de
1076 1269 1320 1341 pluribus
1355 1269 1408 1324 in
1447 1267 1636 1322 Latina
1695 1265 1800 1320 Ec-

199 1365 364 1426 clesia
407 1367 796 1432 versionibus;
841 1365 1086 1435 quamvis
1129 1373 1314 1434 postea
1355 1361 1538 1433 petitis
1581 1358 1798 1414 aliunde

191 1463 440 1521 subsidiis
470 1459 608 1517 fulta
635 1477 698 1516 se
726 1459 888 1515 latius
919 1457 1212 1514 diﬂ'uderit.
1249 1457 1290 1512 Ε
1327 1457 1556 1512 lectione
1593 1453 1800 1510 scilicet

191 1559 430 1622 Patrum,
461 1571 588 1627 quae
623 1555 920 1625 plerisque,
947 1553 1112 1607 etiarn
1143 1549 1476 1606 doctiSsimis
1517 1548 1795 1619 imposuit.

192 1649 320 1706 Cum
352 1651 496 1706 enim
543 1648 804 1703 viderent
841 1645 982 1701 sacri
1013 1645 1216 1699 Textus
1249 1643 1532 1714 pericopas
1571 1641 1802 1696 diversi-

195 1745 350 1800 mnde
389 1743 456 1798 ab
484 1741 596 1797 illis
621 1739 840 1804 efferri;
873 1751 1018 1808 saepe
1045 1739 1209 1792 etiam
1248 1733 1474 1790 eaadem
1507 1735 1574 1788 ab
1605 1733 1797 1789 eodem

201 1835 356 1890 aliter
383 1877 396 1900 ,
449 1839 614 1904 atque
655 1831 818 1887 aliter
881 1827 1142 1885 adductas
1167 1871 1182 1896 ,
1233 1829 1462 1884 diversis
1507 1835 1794 1898 propterea
1827 1829 1874 1890 Β

201 1929 640 1984 translationibus
691 1939 820 1980 usos
861 1923 1284 1979 arbitrabantur.
1325 1921 1510 1975 Varias
1553 1921 1796 1991 quidem,

205 2021 374 2094 inquit
405 2021 631 2076 liuetius
661 2017 778 2090 (De
805 2015 972 2074 Claris
1001 2017 1026 2070 1
1037 2027 1203 2084 nterp.
1227 2019 1268 2084 ),
1295 2033 1356 2070 ac
1385 2019 1536 2086 plane
1569 2015 1800 2070 diversas

209 2117 336 2170 inter
363 2133 414 2171 se
457 2115 704 2168 editiones
735 2119 934 2167 secutos
977 2109 1390 2174 Tertulliaaum,
1441 2107 1798 2180 Cyprianum,

211 2209 550 2272 Ambrosium,
585 2206 896 2274 Latinosque
927 2203 1113 2258 Patres
1162 2201 1584 2272 deprehendetis,
1623 2203 1668 2254 si
1697 2215 1804 2254 rem

217 2300 476 2368 explorare
499 2301 620 2354 tanti
643 2299 784 2354 vobis
819 2307 914 2350 est.
953 2295 1146 2350 Verum
1174 2305 1226 2348 ut
1249 2293 1516 2364 repentino
1545 2293 1654 2348 illa:
1687 2303 1804 2347 ortu

222 2403 380 2448 enata:
428 2397 654 2463 fuerant,
701 2394 774 2445 ita
805 2401 918 2462 post
961 2391 1118 2443 vitam
1162 2405 1263 2442 non
1313 2389 1610 2442 diuturnam
1639 2386 1806 2442 subito

230 2501 406 2539 occasu
431 2495 754 2539 evanuerunt.
781 2483 840 2536 ln
861 2497 962 2553 quo
993 2491 1162 2536 tatnen
1201 2481 1380 2534 Virum
1401 2482 1804 2550 amplissimum,

231 2595 344 2650 quin
377 2581 540 2648 prima
578 2595 630 2632 se
673 2581 824 2632 menti
847 2577 1122 2648 objecerat,
1173 2593 1342 2630 rerum
1373 2579 1562 2648 spx-ica
1601 2577 1804 2648 fefellit.

293 2671 559 2726 Pamelius
581 2672 832 2742 peculiari
862 2673 1110 2727 versione
1130 2685 1221 2724 sua
1245 2685 1400 2724 usum
1421 2669 1808 2724 Tertullianum

221 2765 450 2820 asseruit
477 2763 566 2834 (In
603 2763 718 2818 Vita
737 2763 986 2830 Tertull.,
1011 2765 1098 2818 ad.
1125 2764 1224 2818 An.
1249 2763 1373 2817 Chr.
1409 2761 1548 2835 I97).
1569 2763 1814 2832 frequen-

219 2859 356 2914 tibus
387 2858 530 2914 illius
555 2859 852 2929 gratreisntis
875 2902 888 2924 ,
917 2871 970 2913 ut
997 2861 1254 2923 arbitror,
1275 2867 1486 2921 matus;
1531 2865 1638 2910 tum
1671 2855 1814 2926 quod

217 2956 412 3010 vetusti
437 2955 746 3024 interpretis
797 2955 948 3009 locos
979 2955 1042 3007 ad
1067 2953 1314 3010 Graecum
1357 2953 1560 3007 fontem
1599 2950 1818 3020 exigere

215 3047 404 3104 alicubi
429 3048 618 3110 soleat;
635 3057 696 3100 ut
717 3047 1002 3102 manifeste
1031 3047 1266 3100 Mattlnei
1291 3061 1346 3110 v,
1367 3047 1420 3106 5.
1453 3053 1510 3099 et
1530 3043 1753 3099 Joannis
1775 3059 1810 3108 t,

215 3143 268 3202 l.
291 3155 398 3210 quo
427 3149 602 3196 tamen
641 3141 912 3210 scriptore
933 3183 946 3200 .
991 3141 1148 3194 sicuti
1180 3153 1340 3194 nemo
1363 3139 1500 3192 alius
1533 3147 1638 3192 tam
1669 3137 1817 3192 locus

1895 511 2135 576 videtur,
2170 525 2252 568 est
2277 511 2488 567 divinus
2518 513 2606 568 ille
2630 517 2682 569 ἓν
2707 517 2853 592 ἀρχῇ
2875 513 2934 576 ἦν
2955 517 2982 572 ὁ
3001 519 3170 591 λόγος,
3199 535 3318 590 qua:
3341 531 3500 578 vetus

1895 604 2190 674 interpres,
2213 605 2280 660 In
2303 607 2556 676 principio
2579 619 2690 662 erat
2723 607 2960 665 Verbum.
2978 611 3340 668 Tertullianus
3365 631 3496 670 vero

1895 695 2048 772 (Adv.
2081 699 2364 764 Praaeant,
2391 717 2440 754 c.
2469 701 2562 772 9.0)
2583 743 2598 768 ,
2623 701 2688 755 Et
2705 703 2760 756 in
2797 706 2975 776 primis
3005 706 3121 777 ipsa
3147 709 3322 762 statim
3357 725 3496 780 ρηεο

1895 795 2026 864 fatio
2071 793 2294 848 Joannis
2319 795 2738 868 mrigelizatoris
2787 797 3132 868 demonstrat,
3179 804 3320 872 quod
3359 815 3500 860 retro

1895 887 2070 954 fuerit,
2101 888 2190 956 qui
2209 904 2332 942 caro
2353 888 2465 958 fieri
2487 889 2701 943 habebat
2723 906 2742 946 ε
2762 908 2782 944 s
2809 890 2877 946 In
2903 897 3158 964 principio
3179 907 3286 952 erat
3305 915 3494 966 sermo,

1895 989 1944 1033 et
1971 995 2138 1034 sermo
2159 991 2268 1035 erat
2297 981 2439 1050 apud
2459 981 2658 1048 Deum,
2681 994 2732 1038 et
2759 983 2900 1039 Deus
2927 997 3040 1042 erat
3068 1007 3254 1048 sermo.
3289 1011 3310 1044 s

1969 1097 2250 1154 Sermonis
2271 1098 2612 1164 vocabulum,
2627 1099 2770 1170 quod
2801 1100 3112 1158 Latinorum
3135 1107 3342 1175 primus
3365 1107 3498 1164 Afer

1897 1191 2000 1244 iste
2028 1191 2079 1244 in
2112 1189 2216 1246 hoc
2241 1189 2522 1248 Commate
2575 1207 2842 1264 usurpare
2887 1195 3085 1264 voluit,
3133 1201 3405 1268 quomodo
3428 1203 3498 1258 ad

1895 1280 2102 1336 fontem
2125 1284 2324 1354 exigat,
2349 1286 2574 1339 innuunt
2599 1285 2706 1341 duo
2739 1303 2848 1356 prae
2875 1290 3092 1352 castoris
3119 1291 3244 1358 lori,
3267 1307 3497 1364 quorum

1898 1373 2104 1445 primus
2129 1373 2183 1430 in
2225 1376 2580 1448 Apologctico
2605 1377 2686 1434 sic
2711 1395 2772 1434 se
2799 1379 2962 1437 habet
3005 1381 3146 1455 (cap.
3201 1385 3298 1457 2i)
3327 1403 3340 1439 :
3376 1387 3500 1444 Jam

1897 1468 2180 1536 ediximus,
2211 1469 2406 1542 inquit,
2431 1469 2596 1526 Deum
2625 1473 3008 1530 amoenitatem
3031 1479 3168 1532 hanc
3209 1477 3422 1548 Venno,
3457 1491 3508 1538 et

1899 1562 2101 1616 ratione
2124 1605 2137 1630 ,
2185 1573 2232 1616 et
2276 1565 2463 1618 virtute
2491 1565 2746 1622 molitum.
2777 1568 2934 1638 Apud
2963 1559 3384 1644 vestrosquoque
3413 1591 3506 1630 sa-

1900 1655 2094 1726 pientes
2123 1657 2306 1730 Λόσγον,
2329 1657 2388 1710 id
2407 1668 2480 1712 est
2509 1657 2830 1730 Sancum,
2861 1673 3014 1735 atque
3039 1663 3278 1722 Rationis
3305 1681 3510 1724 constat

1900 1750 2156 1820 artiﬁcem
2178 1751 2342 1806 videri
2369 1753 2740 1809 universitatis.

1973 1865 2128 1923 Alter
2153 1877 2236 1924 est
2261 1869 2522 1926 adversus
2551 1872 2814 1929 Prxeam
2847 1875 2990 1948 (cap.
3021 1877 3076 1950 5)
3102 1895 3116 1944 ;
3142 1893 3210 1935 eo
3234 1880 3398 1936 etiam
3429 1883 3510 1937 in-

1903 1957 2106 2030 signius
2123 2003 2138 2028 ,
2169 1963 2312 2032 quod
2345 1963 2424 2018 vir
2449 1971 2614 2020 aetate
2633 1975 2820 2022 nostra
2849 1967 3236 2027 celeberrimus
3259 2015 3272 2041 ,
3321 1974 3390 2029 ad
3417 1975 3514 2031 flr-

1903 2053 2122 2122 manda,
2147 2071 2268 2126 qua:
2293 2057 2364 2112 de
2389 2071 2552 2114 sensu
2575 2063 2780 2114 voculae
2811 2061 2958 2116 illius
2979 2062 3142 2138 Λόγος
3167 2065 3308 2136 apud
3335 2067 3516 2124 Evan-

1903 2147 2156 2220 gelistam
2181 2163 2518 2208 commentus
2545 2163 2650 2221 est,
2671 2154 3000 2211 adhibuerit.
3029 2159 3160 2214 Ante
3189 2161 3362 2215 omnia
3376 2165 3506 2217 enitr

1907 2239 2050 2296 Deus
2070 2251 2176 2297 erat
2201 2243 2360 2310 solus,
2383 2245 2492 2315 ipse
2517 2247 2614 2301 sibi
2640 2255 2686 2300 et
2709 2248 2956 2314 mundus,
2983 2257 3030 2304 et
3059 2252 3221 2318 locus,
3247 2263 3293 2307 et
3317 2257 3511 2311 omnia.

1909 2333 2068 2388 Solus
2097 2343 2266 2388 autem
2288 2377 2302 2402 ,
2334 2337 2458 2407 quia
2479 2339 2612 2392 nihil
2629 2341 2776 2394 aliud
2799 2343 3116 2397 extrinsecus
3144 2347 3514 2414 prteterillunt.

1909 2423 2166 2483 Craterum
2197 2445 2260 2483 ne
2301 2439 2420 2485 tunc
2449 2433 2658 2500 quidem
2683 2435 2860 2500 solus;
2903 2433 3116 2491 habebat
3139 2441 3278 2492 enim
3303 2455 3476 2494 secum
3499 2479 3514 2508 ,

1911 2537 2066 2590 quam
2095 2522 2308 2576 habebat
2337 2525 2394 2578 in
2423 2527 2695 2598 semetipso
2715 2569 2730 2594 ,
2787 2543 3061 2584 RATIONBI
3111 2547 3260 2586 suam
3300 2535 3516 2590 scilicet.

1915 2611 2210 2668 Rationalis
2238 2615 2392 2669 etiam
2418 2615 2556 2671 Dens
2577 2659 2590 2682 ,
2625 2627 2672 2672 et
2691 2633 2852 2676 mmo
2873 2621 2924 2674 in
2943 2623 3060 2692 ipso
3081 2624 3228 2692 prius
3244 2665 3256 2688 ,
3291 2635 3340 2680 et
3359 2627 3434 2680 ita
3453 2629 3520 2683 ab

1912 2705 2026 2776 ipso
2047 2707 2236 2760 omnia.
2272 2705 2404 2775 Qua:
2425 2723 2590 2764 nuto
2609 2725 2790 2764 sensus
2827 2714 2994 2782 ipsius
3021 2725 3115 2768 est.
3157 2717 3308 2772 Huc
3335 2716 3522 2776 Games

1915 2797 2078 2872 Λόγον
2103 2797 2280 2854 dicunt
2299 2841 2312 2864 ,
2355 2817 2456 2872 quo
2483 2803 2732 2856 vocabulo
2771 2805 2926 2858 etiam
2955 2805 3248 2862 Senonas:
3275 2813 3521 2880 appella-

1917 2908 2049 2946 mus.
2079 2891 2304 2962 Ideoque
2325 2893 2438 2962 jam
2463 2895 2516 2948 in
2545 2912 2640 2948 usu
2686 2906 2761 2950 est
2789 2907 3114 2964 nostrorum,
3147 2915 3238 2970 per
3271 2903 3526 2974 simplici-

1920 2994 2076 3040 tatem
2119 2986 2564 3058 interpretationis
2587 3031 2600 3050 ,
2653 2987 2948 3044 Suasio-sitast
2993 2991 3162 3046 dicere
3189 2993 3329 3065 apud
3357 2993 3526 3049 Deum

1919 3079 2098 3149 fuisse.
2131 3078 2258 3132 Cum
2289 3081 2452 3150 magis
2485 3081 2766 3136 RATIONEI
2784 3095 3038 3152 competat
3057 3086 3400 3156 antiquiorem
3431 3087 3528 3140 Ita-

1923 3171 2064 3238 beri,
2095 3173 2336 3242 quianon
2357 3175 2662 3228 sermonalis
2691 3193 2724 3230 a
2749 3177 3044 3248 principior
3079 3181 3168 3234 sed
3201 3179 3528 3236 IiA’l'lONALIS

215 3233 328 3306 ples
358 3236 408 3290 in
439 3236 774 3290 adducendis
801 3251 832 3290 ρ
865 3245 1046 3290 vetere
1067 3234 1326 3305 Νηνιημιε
1351 3233 1714 3288 Instrumenta
1739 3233 1818 3288 di-
1845 3223 1888 3287 c
1923 3223 2064 3320 ὡς
2089 3223 3528 3344 έεξέεηέμιξρ,ε;έέξέξά,;ςξξξξελιςσζῶὧ;·ξέλζε

213 3331 346 3386 vinis
369 3331 792 3386 auctoritatibus
813 3376 826 3398 ,
859 3331 927 3384 ita
971 3345 1130 3386 nemo
1157 3331 1292 3386 liber
1323 3329 1528 3398 magis;
1559 3337 1615 3384 et
1639 3331 1728 3398 qui
1753 3341 1816 3382 ex

213 3425 392 3493 amplo
415 3425 698 3478 memoria:
729 3439 869 3493 penu
895 3437 1044 3494 stupe
1075 3437 1168 3478 eas
1199 3433 1478 3492 rrp--tcns,
1520 3419 1678 3476 aliter
1702 3433 1822 3474 eas-

212 3519 366 3584 dem,
413 3529 584 3590 atque
621 3519 782 3573 aliter
805 3517 1026 3584 efferat;
1083 3517 1372 3586 aliquando
1415 3515 1610 3580 etiam,
1665 3513 1824 3568 unius

211 3613 490 3684 scriptoris
508 3612 694 3668 verbis
717 3627 816 3682 pro
839 3611 1062 3666 alterius
1087 3611 1344 3682 acceptis,
1361 3610 1502 3678 quod
1533 3611 1586 3664 in
1608 3609 1822 3664 laudato

213 3706 440 3764 Matthasi
483 3717 723 3764 constat.
771 3707 905 3763 Cum
937 3709 1079 3764 enim
1129 3719 1312 3762 notum
1344 3709 1440 3773 sit,
1467 3707 1818 3770 Marcioncm,

215 3800 426 3871 rejectis
463 3801 628 3866 aliis,
665 3800 786 3856 solo
823 3799 982 3856 Lacte
1015 3799 1344 3870 Evangello,
1375 3811 1426 3855 et
1457 3801 1674 3871 quidem
1725 3791 1824 3856 nec

215 3895 422 3966 integro
465 3911 666 3960 usum;
701 3907 764 3952 ac
795 3907 1080 3966 propterea
1122 3911 1190 3952 ex
1239 3897 1341 3950 hnc
1385 3897 1501 3966 ipso
1533 3897 1824 3953 convenire

213 4004 332 4046 eum
361 3991 538 4046 vellet
563 3990 930 4046 Tcrtulliauus
960 4007 978 4045 :
1023 3990 1180 4045 Venio
1211 4005 1374 4052 nunc,
1409 3987 1620 4058 inquit,
1645 3991 1712 4044 ad
1742 4005 1826 4044 or-

209 4081 436 4137 dinarias
459 4083 745 4138 sententias
766 4085 898 4156 ejus,
921 4101 1010 4152 per
1028 4101 1154 4156 quas
1175 4083 1544 4156 proprietatem
1577 4085 1826 4138 doctrina:

209 4191 317 4230 sum
337 4178 546 4232 induci!
577 4177 644 4230 ad
685 4177 908 4230 edictum
939 4176 1018 4249 (ut
1048 4177 1120 4230 ita
1147 4175 1384 4246 dixerim)
1433 4173 1646 4230 Christi.
1681 4175 1828 4231 Beati

210 4269 434 4322 mendici
465 4269 574 4342 (sic
603 4269 736 4322 enim
757 4269 916 4339 exigit
935 4269 1291 4338 interpretatio
1315 4267 1550 4322 vocabuli
1571 4310 1584 4334 ,
1611 4269 1746 4337 quod
1775 4269 1826 4322 in

209 4373 376 4430 greco
397 4363 504 4422 est)
528 4363 770 4429 quoniam
783 4361 996 4414 illorum
1018 4371 1092 4414 est
1117 4375 1328 4431 regnum
1352 4361 1627 4424 castorum;
1651 4359 1702 4414 ln
1722 4373 1828 4430 quo

209 4461 390 4510 tanien
417 4463 478 4511 et
501 4453 894 4510 Tertullianum
937 4455 1226 4522 memoria,
1271 4465 1324 4508 et
1371 4451 1666 4509 Pamelium
1697 4453 1830 4508 Ter-

211 4549 474 4604 tullianus
527 4547 741 4604 fefellit.
784 4547 876 4603 Ait
899 4549 1044 4604 enim
1075 4551 1126 4602 itt
1155 4547 1300 4603 netis
1345 4547 1410 4601 ad
1435 4547 1577 4602 hunc
1619 4548 1825 4616 locum,

213 4641 390 4699 (ἐνίετε
423 4654 502 4698 est
537 4640 694 4696 Luca:
719 4644 1101 4714 nrwxoi,quod
1118 4643 1327 4710 praprie
1349 4643 1608 4696 mendicos
1635 4641 1826 4714 signiﬁ-
1853 4623 1908 4691 Ῑ)

213 4745 312 4789 cat.
341 4739 444 4791 Ast
471 4749 584 4788 tmn
607 4745 808 4790 Stltttea
828 4735 984 4790 Lucae
1003 4777 1016 4800 ,
1047 4733 1140 4788 sed
1168 4733 1400 4788 Matlltmi
1421 4751 1434 4798 ;
1459 4735 1508 4787 in
1534 4749 1826 4805 quntt'qtte,

211 4843 276 4885 ac
303 4831 356 4884 in
387 4831 492 4885 illo
525 4831 662 4883 idem
691 4829 936 4899 profecto
963 4829 1248 4883 enmtnatis
1281 4827 1490 4882 initium
1522 4829 1760 4902 μακάριοι
1783 4829 1830 4884 οἱ

211 4925 456 4994 πτωχοὶ,
479 4935 668 4975 verum
693 4937 796 4976 non
830 4921 1018 4977 eadem
1052 4937 1171 4992 quas
1199 4931 1518 4990 sequuntur.
1555 4923 1618 4975 Et
1651 4933 1827 4975 tamen

211 5020 482 5089 πτωχοὺς
509 5015 655 5082 illns,
679 5031 810 5085 quos
839 5015 966 5070 inibi
1001 5015 1272 5070 Mendicos
1305 5015 1440 5070 verti
1467 5015 1596 5080 vult,
1621 5013 1832 5084 Egenos

213 5109 348 5164 alibi
377 5109 660 5179 appellat,
706 5117 766 5162 ut
791 5108 1098 5162 observavit
1125 5107 1400 5163 Paxnelius
1423 5110 1536 5178 ipse
1559 5151 1573 5174 ,
1599 5107 1832 5164 adducto

213 5202 340 5258 loco
367 5219 440 5258 ex
473 5202 566 5256 lib.
593 5201 660 5256 de
687 5201 992 5256 idololatria
1013 5213 1109 5264 xu,
1135 5202 1222 5256 cui
1251 5201 1452 5258 addere
1481 5203 1709 5258 alterum
1738 5215 1833 5272 po-

213 5303 366 5350 terat
385 5307 458 5350 ex
493 5293 714 5348 laudato
741 5293 1002 5349 adversus
1034 5295 1359 5351 Marcianum
1386 5337 1398 5362 ,
1427 5295 1514 5351 ubi
1545 5305 1598 5350 et
1627 5295 1834 5350 mendi-

213 5397 314 5441 cos
337 5430 353 5454 ,
401 5393 464 5442 et
493 5397 756 5455 pauperes
787 5385 1094 5456 Egenorum
1143 5389 1362 5442 nomine
1405 5385 1833 5458 comprehcndit.

221 5479 292 5534 Et
311 5483 512 5549 plures
552 5477 822 5534 adducere
849 5491 1160 5548 possemus,
1207 5479 1251 5534 si
1289 5493 1378 5534 res
1407 5487 1675 5548 posceret.
1703 5479 1836 5545 Qua:

217 5583 358 5629 vero
419 5571 582 5628 affert
625 5589 657 5628 e
701 5571 1106 5630 Commentario
1133 5575 1186 5629 in
1213 5575 1384 5644 Epist.
1429 5573 1494 5629 ad
1523 5573 1834 5642 Romanos,

219 5669 358 5724 olim
385 5669 680 5726 Ambrosio
705 5669 934 5737 tributo,
966 5671 1209 5742 ambigua
1237 5669 1460 5726 omnino
1481 5681 1638 5736 sunt;
1667 5679 1842 5740 neque

219 5771 504 5818 asserum
535 5761 860 5818 Tertulliani
890 5764 1194 5820 versionem
1243 5772 1480 5822 statuere
1519 5761 1632 5820 ullo
1681 5761 1846 5820 modo

221 5865 488 5926 possunt.

1923 3359 2172 3417 Hunos:
2207 3375 2526 3418 CONSlaTl-INS
2555 3365 2786 3434 priorem
2811 3381 2922 3420 eam
2941 3405 2958 3434 ,
2987 3377 3044 3422 ut
3077 3367 3417 3424 substantiam
3446 3385 3530 3425 os-

1925 3455 2106 3508 tendit.

1997 3547 2150 3602 llunc
2173 3547 2348 3617 ipsum
2369 3590 2385 3616 ,
2417 3563 2576 3618 quem
2603 3559 2658 3604 et
2695 3549 2984 3616 Virtutem,
3031 3559 3084 3607 ot
3131 3551 3438 3618 Rationem,
3473 3561 3534 3610 et

1925 3639 2186 3710 Spiritum
2219 3641 2388 3708 dixit,
2421 3640 2747 3712 Sapientiam
2785 3643 2916 3698 alibi
2940 3645 3178 3714 appellat
3211 3646 3364 3716 (Adv.
3393 3645 3534 3701 Her-

1925 3749 2088 3805 mog.,
2131 3751 2249 3802 cap.
2279 3735 2366 3803 l8)
2399 3751 2418 3790 :
2451 3735 2512 3790 Si
2535 3751 2652 3792 vero
2679 3752 2865 3792 SOPEIA
2896 3739 3070 3792 eadem
3101 3737 3202 3794 Dei
3228 3757 3400 3798 SEBIO
3425 3751 3535 3808 est,

1926 3837 1974 3882 et
2005 3845 2158 3882 sensu
2197 3845 2416 3891 SOPBIA;
2457 3839 2502 3882 et
2531 3831 2641 3884 sine
2663 3848 2763 3898 quo
2787 3831 2984 3900 factum
3023 3843 3095 3886 est
3119 3835 3282 3900 nihil,
3333 3836 3466 3891 situt
3489 3845 3540 3890 et
3575 3861 3580 3866 ·

1927 3919 2228 3992 dispositum
2257 3921 2366 3974 sine
2391 3935 2610 3988 SOPEIA;
2644 3937 2764 3992 quin
2803 3923 3254 3980 otttniavocabula
3281 3927 3392 3994 jam
3417 3928 3534 3982 col-

1927 4011 2136 4080 legerat
2165 4015 2216 4066 in
2235 4013 2591 4082 Apologeticn
2643 4013 2786 4086 (cap.
2816 4014 2910 4086 23)
2931 4057 2943 4078 .
2983 4031 3238 4072 asserens
3262 4017 3536 4076 Christum

1928 4120 1960 4160 e
1983 4105 2136 4160 caelis
2163 4115 2448 4160 venturum
2471 4121 2594 4162 cum
2643 4107 2808 4162 totius
2835 4109 3020 4164 mundi
3049 4123 3232 4180 motu,
3261 4127 3382 4167 cum
3409 4113 3540 4170 bor-

1929 4219 2054 4259 rare
2074 4204 2252 4268 orbis,
2285 4221 2406 4258 cum
2447 4206 2668 4274 planctu
2699 4207 2940 4260 ()lllltllllll
2961 4249 2976 4274 ,
3009 4209 3104 4262 sed
3137 4225 3242 4264 non
3269 4211 3536 4266 Christia-

1933 4313 2122 4353 norum
2150 4342 2164 4366 ,
2207 4309 2266 4354 ut
2307 4298 2402 4354 Dei
2443 4299 2724 4366 Virtutem,
2767 4313 2820 4357 et
2853 4303 2946 4358 Dei
2981 4303 3274 4374 Spiritum,
3323 4317 3378 4362 et
3407 4307 3538 4364 Seh-

1931 4410 2132 4448 monem
2150 4437 2166 4464 ,
2198 4404 2252 4449 et
2279 4393 2598 4466 Sapientiam
2623 4438 2636 4460 ,
2662 4407 2716 4451 et
2749 4394 3054 4464 Rationem,
3083 4409 3136 4454 et
3159 4401 3248 4454 Dei
3275 4399 3496 4458 Filium.

2001 4511 2140 4565 Nam
2171 4527 2304 4566 vero
2327 4519 2586 4566 constans
2623 4511 2726 4566 sibi
2760 4510 2998 4568 Nooator
3043 4516 3140 4570 iste
3169 4515 3536 4572 vocabulorum

1935 4603 2014 4676 (ut
2044 4605 2240 4660 merito
2272 4603 2424 4658 illum
2473 4615 2632 4660 vocat
2657 4605 2950 4678 Pamelius)
2981 4623 3104 4662 cum
3125 4649 3140 4674 ,
3169 4611 3399 4678 Seposita
3423 4611 3538 4680 pri-

1937 4697 2092 4750 mtevi
2123 4696 2435 4767 interpretis
2461 4698 2745 4764 versione,
2789 4716 2892 4768 qua
2923 4703 3214 4770 caete-raqui
3259 4701 3534 4770 utebatur,

1935 4790 2092 4864 Λόγον
2121 4793 2429 4846 Sermonem
2467 4793 2642 4861 nntius
2663 4831 2680 4858 ,
2729 4809 2892 4864 quam
2934 4793 3154 4864 Verbum
3180 4803 3394 4852 vertere
3423 4813 3538 4852 ma-

1937 4887 2074 4942 luit?
2122 4889 2260 4942 Audi
2313 4889 2460 4942 illum
2489 4889 2646 4943 aliter
2691 4905 2790 4957 pro
2833 4891 3060 4942 veritate
3087 4888 3398 4945 ell'erentem
3431 4891 3542 4966 (De

1939 4983 2243 5052 Prtescript.
2275 4982 2493 5048 liceret,
2537 4999 2656 5052 cap.
2691 4983 2780 5052 15)
2807 4999 2824 5037 :
2861 4983 3062 5052 Regula
3088 4992 3160 5036 est
3185 4995 3356 5039 autem
3375 4987 3499 5055 ﬁdei
3519 5029 3538 5056 ,

1935 5085 1994 5130 ut
2012 5079 2130 5150 jam
2157 5075 2296 5143 hinc,
2326 5076 2449 5140 quid
2475 5075 2812 5147 defendamus
2837 5117 2850 5138 ,
2881 5075 3244 5146 proﬁteantur",
3273 5079 3368 5133 illa
3395 5081 3542 5136 scili—

1935 5179 2016 5226 cet
2039 5211 2050 5233 ,
2081 5187 2184 5241 qua
2209 5171 2434 5226 creditur
2459 5185 2615 5222 unum
2639 5168 2844 5222 omnino
2871 5165 3032 5222 Deum
3061 5187 3208 5238 esse;
3255 5190 3347 5227 nec
3373 5175 3540 5231 alium

1935 5275 2120 5335 preter
2171 5263 2357 5318 Mundi
2403 5263 2744 5324 conditorem,
2795 5259 2994 5318 Filium
3025 5269 3136 5338 ejus
3183 5269 3540 5338 appellatam;

1938 5359 2026 5428 qui
2053 5358 2290 5412 universa
2333 5359 2396 5412 de
2421 5357 2580 5410 nihilo
2636 5355 2934 5424 produxerit
2979 5375 3068 5426 per
3117 5359 3338 5418 Vultum!
3387 5381 3540 5420 suum

1943 5453 2110 5523 primo
2141 5455 2368 5508 omnium
2393 5449 2688 5505 demissum.
2721 5448 2788 5506 Id
2817 5450 3062 5522 VERBUM,
3107 5454 3274 5524 ﬁlium
3303 5456 3412 5528 ejus
3437 5475 3540 5529 ap.

1944 5547 2214 5618 pellamus.

2019 5663 2276 5722 Eamdcm
2293 5671 2480 5719 vocem
2493 5673 2717 5737 usurpat
2742 5665 2908 5723 semel
2928 5675 2984 5723 et
3005 5668 3196 5724 iterum
3213 5667 3307 5725 lib.
3323 5669 3390 5724 de
3411 5669 3544 5728 Car-

1947 5775 2016 5816 ne
2041 5757 2238 5824 Christi
2264 5757 2405 5830 (cap.
2451 5757 2542 5824 12,
2597 5757 2724 5831 18),
2771 5759 2992 5818 Venno:
3023 5761 3335 5834 frequenter
3355 5765 3543 5836 appel—

1953 5855 2092 5913 lans.
2127 5853 2276 5912 Tnnc
2299 5853 2583 5915 haereticos
2607 5867 2828 5914 suorum
2851 5863 3155 5928 temporum
3173 5858 3392 5930 antiqua
3413 5859 3548 5918 Vor-
