3968 6332
436 290 506 345 47
1827 279 2025 339 PROLI

2141 277 2376 337 DMENA.
3669 284 3736 340 ιϐ

439 407 595 463 sione
618 411 834 461 utentes
873 401 1081 458 inducit
1121 399 1319 457 ibidem
1343 439 1360 468 ,
1389 398 1613 466 dicens,
1653 397 1897 469 quoniam
1929 397 2035 471 (in-
2059 399 2116 461 Α
2138 411 2274 450 rum.
2311 413 2330 447 ι
2383 391 2569 448 deinde
2609 401 2880 467 generatus
2921 393 2991 448 ad
3019 393 3276 464 e/fectum,
3317 412 3336 447 ι
3373 391 3502 450 Cum
3540 406 3736 466 pararet

437 499 678 572 quiunt),
705 497 933 553 Vannuu
953 510 1090 552 cano
1116 499 1312 566 factum
1339 503 1433 549 est.

508 613 618 671 Sed
639 612 829 668 nullibi
856 621 962 667 tam
985 618 1172 666 exerte
1191 609 1300 664 vim
1322 607 1528 664 voculae
1550 604 1713 680 Λόγος
1737 603 2038 675 expressit,

437 722 596 779 quam
621 704 835 761 laudato
862 719 980 775 cap.
1012 703 1078 758 21
1111 700 1446 774 Apologetici
1468 742 1482 767 ,
1502 700 1609 755 'ubi
1637 699 1705 754 de
1729 697 1930 754 Judzeis
1959 697 2042 752 lo-

436 819 654 876 quens:
709 800 873 867 Quem
913 799 1109 872 igitur,
1151 797 1357 867 inquit,
1410 793 1732 850 solummodo
1782 791 2040 846 hominem

435 883 872 970 prwsumpserant
914 895 978 947 de
1018 891 1340 956 humilitate,
1385 889 1684 961 sequebatur
1710 887 1785 941 uti
1832 901 2040 957 magum

433 991 746 1046 cestimarent
795 987 860 1042 de
899 993 1180 1056 potestate,
1228 999 1346 1039 cum
1384 981 1473 1038 ille
1499 971 1754 1037 dwmonia
1801 978 1950 1034 verbo
1976 977 2040 1033 de

433 1082 722 1138 hominibus
759 1088 1051 1145 excuteret,
1099 1093 1263 1133 caecos
1302 1074 1671 1140 reluminaret,
1724 1071 2040 1144 paralyticos

431 1175 790 1246 restringeret,
825 1181 1052 1226 mortuos
1083 1171 1298 1241 denique
1328 1169 1478 1223 uerbo
1508 1166 1744 1221 redderet
1759 1165 1905 1229 vitaz,
1931 1161 2037 1217 ele-

434 1276 607 1321 menta
634 1267 748 1335 ipsa
792 1264 1064 1336 famularet
1091 1305 1106 1331 ,
1138 1277 1461 1333 compescens
1492 1259 1779 1330 procellas,
1829 1266 1878 1311 et
1907 1259 2038 1326 freta

426 1361 753 1433 ingrediens;
782 1359 1055 1416 ostendens
1081 1374 1191 1414 sese
1229 1356 1393 1430 Λόνγον
1438 1353 1572 1421 Dei,
1619 1353 1675 1408 id
1705 1362 1780 1408 est
1811 1351 2037 1407 Veniunt

425 1454 562 1510 illud
590 1453 925 1527 primordiale
970 1452 1402 1526 primogenitum,
1447 1448 1667 1513 virtute,
1713 1456 1761 1501 et
1818 1443 2037 1500 Ratione

427 1548 726 1603 comitatum
742 1589 757 1614 ,
785 1557 833 1602 et
852 1547 1040 1618 spiritu
1061 1546 1276 1618 fultum.

495 1663 576 1719 Ex
599 1664 717 1731 his,
741 1677 862 1734 quae
890 1660 1057 1717 fusius
1079 1661 1203 1715 data
1242 1673 1406 1730 opera
1447 1655 1731 1712 attulimus
1752 1695 1767 1721 ,
1799 1652 1932 1710 satis
1970 1651 2036 1706 li-

423 1765 590 1828 quet,
635 1771 745 1811 non
775 1755 916 1811 inter
965 1754 1352 1818 translatores,
1405 1751 1497 1821 qui
1543 1748 1853 1805 versionem
1890 1747 2032 1800 inte-

421 1867 574 1923 gram
597 1849 848 1906 cuderint
864 1891 880 1918 ,
906 1849 1002 1905 sed
1031 1849 1173 1904 inter
1193 1846 1511 1902 scholiastas
1529 1843 1654 1899 illos
1686 1840 2034 1898 referendum

425 1943 817 2000 Tertullianum
841 1985 856 2009 ,
903 1957 1042 2015 quos
1066 1956 1229 2012 supra
1277 1938 1594 1995 dicebamus
1635 1935 1832 1992 vetusti
1861 1933 2033 1989 inter-

428 2039 600 2108 pretis
639 2038 792 2094 locos
830 2036 934 2092 hac
986 2035 1112 2091 illac
1149 2033 1496 2090 sollicitasse.
1530 2031 1600 2086 Et
1637 2029 1855 2100 quidem
1884 2041 2036 2082 com-

417 2131 618 2202 pendio
635 2129 816 2196 nullo,
845 2127 950 2184 nisi
979 2125 1237 2184 novitatis
1261 2169 1276 2194 ,
1307 2140 1467 2197 quam
1498 2124 1552 2178 in
1582 2122 1746 2178 rebus
1783 2119 1904 2176 istis
1929 2133 2034 2175 sas-

420 2239 490 2295 pe
551 2221 836 2290 inutilem,
887 2236 998 2277 non
1041 2235 1166 2275 raro
1211 2219 1374 2274 etiam
1431 2215 1792 2287 periculosam
1850 2212 2033 2268 exitus

419 2317 816 2389 comprobavit.
866 2315 1020 2371 Adde
1044 2313 1209 2370 etiam
1238 2311 1383 2368 haud
1424 2311 1557 2367 satis
1582 2307 1867 2366 commode
1910 2306 2036 2363 Ser-

424 2429 628 2468 monem
656 2427 970 2483 usurpasse.
1022 2410 1141 2466 Jam
1171 2409 1318 2466 enim
1344 2421 1454 2463 non
1498 2406 1725 2461 Verbum
1753 2403 1888 2469 Dei,
1933 2400 2033 2458 sed

437 2507 600 2563 Verba
629 2514 817 2563 essent
844 2504 1195 2576 intelligenda
1229 2521 1241 2555 :
1269 2518 1332 2557 ac
1359 2508 1645 2572 propterea
1664 2542 1680 2567 ,
1705 2513 1826 2554 cum
1854 2497 1908 2552 in
1939 2495 2032 2551 ad-

420 2600 583 2658 ducto
611 2603 731 2657 loco
757 2599 1021 2655 adversus
1046 2597 1310 2653 Praxeam
1335 2595 1475 2666 apud
1503 2608 1634 2650 suos
1657 2591 1713 2647 in
1737 2605 1837 2647 usu
1860 2590 2030 2646 fuisse

416 2693 533 2758 ait,
567 2709 664 2765 per
693 2692 1098 2763 simplicitatem
1128 2687 1594 2760 interpretationis
1619 2685 1922 2742 Sermonem
1944 2682 2029 2736 di-

416 2805 532 2844 cere
550 2827 567 2857 ,
594 2796 746 2845 recte
765 2786 1011 2844 Clericus
1032 2825 1050 2854 ,
1100 2783 1348 2857 quamvis
1395 2782 1505 2838 fine
1528 2780 1636 2837 alio
1654 2821 1669 2846 ,
1695 2794 1794 2851 per
1820 2776 2032 2848 imperi-

415 2883 544 2938 tiam
567 2882 785 2954 adjecit.
1912 2869 1919 2880 ’

485 2997 542 3051 In
582 2995 776 3052 eodem
805 3010 972 3052 censu
994 3036 1009 3062 ,
1032 2993 1351 3049 Latinorum
1378 2989 1516 3044 alter
1540 3029 1556 3055 ,
1585 2985 1906 3058 praisultore
1928 2995 2029 3038 suo

416 3089 590 3145 nihilo
615 3087 970 3152 constantior,
996 3085 1168 3140 nihilo
1188 3085 1350 3139 etiam
1367 3080 1681 3151 castigatior
1712 3074 2028 3132 Lactantius

2144 488 2298 544 caelos
2323 487 2537 542 aderam
2566 487 2646 542 illi
2675 487 2850 542 simul.
2891 505 2910 540 ›

2214 582 2466 638 Nimbata
2493 591 2620 639 sunt
2649 582 2785 646 haec.
2819 591 2878 638 ut
2903 583 3160 655 pleraque
3190 584 3296 639 alia
3320 584 3544 656 hujusce
3571 586 3737 658 scrip-

2144 676 2300 742 toris,
2326 691 2447 746 qua:
2479 674 2656 731 adhuc
2693 676 2867 732 lucem
2916 685 3235 747 expectant:
3268 676 3391 733 duae
3414 678 3625 734 scilicet
3653 695 3739 736 na-

2141 771 2379 827 tivitates
2406 771 2514 827 illae
2529 771 2818 840 Sermonis,
2835 770 3038 828 conditi
3067 773 3299 843 primum
3328 773 3396 831 ad
3427 777 3736 846 cogitatum,

2141 866 2266 922 dein
2313 870 2556 938 generati
2599 867 2664 922 ad
2712 866 2986 924 ellectum.
3029 869 3137 925 Sed
3181 869 3339 926 facile
3383 886 3448 926 ex
3495 871 3580 936 iis,
3627 888 3742 943 qua:

2141 961 2465 1030 praestruxit,
2499 969 2614 1016 tum
2645 977 2711 1016 ex
2741 962 3197 1033 subsequentibus
3227 964 3496 1035 castigare
3531 963 3738 1031 eadem,

2141 1061 2305 1124 atque
2331 1053 2398 1108 ad
2427 1069 2618 1122 purum
2653 1053 2973 1125 recolligere
3004 1069 3314 1125 possumus.

2214 1148 2517 1219 Antequam
2553 1147 2620 1204 ad
2649 1147 2753 1203 alia
2783 1147 3047 1204 Lactantii
3076 1163 3320 1220 pergam,
3347 1157 3428 1206 est
3449 1148 3741 1206 observatu

2141 1239 2382 1312 dignum,
2414 1242 2560 1312 quod
2586 1242 2809 1313 scripsit
2837 1242 3072 1299 Hilarius
3095 1244 3240 1316 (Lib.
3263 1259 3298 1300 x
3327 1244 3390 1300 de
3420 1244 3590 1313 Trin.,
3616 1263 3740 1320 pag.

2141 1333 2250 1390 354
2272 1334 2397 1389 edit.
2427 1333 2671 1408 Veram),
2697 1337 3077 1393 haereticorum
3109 1339 3317 1410 aliquos
3343 1339 3591 1395 volentes
3626 1339 3748 1396 Uni-

2141 1428 2383 1499 genitum
2441 1429 2632 1495 Deum,
2680 1431 2771 1501 qui
2829 1431 2884 1486 in
2935 1432 3200 1502 principio
3241 1435 3384 1504 apud
3431 1433 3605 1490 Deum
3636 1443 3750 1492 erat

2142 1520 2284 1576 Deus
2323 1520 2586 1589 Verbum,
2634 1539 2742 1578 non
2796 1524 3192 1581 substantivum
3243 1527 3434 1596 Deum,
3480 1544 3626 1594 esse,
3653 1529 3749 1586 sed

2142 1612 2444 1670 Sermonem
2498 1616 2636 1671 vocis
2679 1617 2899 1683 emissae,
2953 1628 3031 1686 ut,
3079 1619 3224 1690 quod
3278 1619 3628 1692 loquentibus
3667 1629 3750 1676 est

2141 1721 2298 1762 suum
2325 1709 2575 1778 verbum,
2607 1709 2711 1766 hoc
2729 1711 2799 1766 sit
2825 1712 2972 1768 Patri
3003 1712 3117 1769 Deo
3143 1714 3350 1782 Filius;
3379 1725 3543 1788 atque
3573 1732 3641 1773 ex
3667 1716 3749 1773 his

2063 1810 2114 1871 Β
2141 1801 2503 1873 subrepentes
2533 1844 2548 1869 ,
2600 1820 2709 1860 non
2760 1805 2932 1862 Deum
2975 1805 3208 1863 Verbum
3257 1811 3536 1868 hominem
3578 1825 3640 1868 sc
3682 1825 3748 1868 ex

2141 1903 2299 1966 partu
2350 1897 2584 1968 Virginis
2629 1899 2956 1956 efficientem
3001 1903 3268 1971 extitisse,
3303 1905 3420 1973 sed,
3452 1917 3508 1962 ut
3541 1906 3595 1962 in
3627 1922 3750 1978 pro.

2139 1990 2314 2058 phetis
2365 1989 2594 2060 spiritus
2625 1993 2946 2062 prophetiae,
3005 1996 3076 2049 ita
3128 1996 3184 2051 in
3229 1996 3358 2053 Jesu
3391 1998 3623 2055 Verbum
3654 1998 3748 2055 Dei

2136 2079 2307 2137 fuisse
2341 2081 2610 2140 dicentes.
2644 2085 2783 2139 Num
2827 2101 2894 2142 ex
2935 2087 3108 2142 vocali
3140 2088 3458 2146 Tertulliani
3505 2106 3570 2147 ac
3614 2092 3749 2148 Lac-

2135 2173 2291 2228 tantii
2322 2174 2594 2243 Sermone,
2627 2192 2782 2232 suum
2827 2177 2977 2232 illum
3022 2181 3158 2235 vocis
3185 2183 3396 2250 emissa:
3424 2183 3748 2242 effinxerant

2135 2275 2424 2323 novatores
2459 2268 2594 2323 isti?
2625 2269 2745 2340 quis
2774 2269 3025 2327 divinet?

2205 2359 2311 2415 Sed
2338 2360 2405 2415 ad
2438 2361 2775 2419 Lactantium
2804 2374 2862 2421 ut
2883 2365 3123 2435 redeam,
3147 2368 3258 2424 dixi
3285 2386 3392 2426 non
3416 2373 3587 2444 magis
3606 2372 3750 2430 hunc

2133 2468 2296 2523 quam
2337 2454 2732 2511 Tertulliauum
2784 2458 2887 2514 sibi
2928 2468 3203 2518 constare.
3253 2463 3568 2522 Promiscue
3597 2466 3748 2522 enim

2131 2546 2358 2602 vocibus
2413 2537 2636 2601 Verbum
2663 2558 2718 2604 et
2748 2550 2932 2606 Sermo
2975 2569 3128 2618 usus,
3160 2554 3249 2610 ubi
3289 2555 3558 2628 integrum
3583 2557 3751 2614 Joan-

2131 2639 2216 2694 nis
2243 2639 2417 2696 locum
2457 2641 2730 2699 adducere
2757 2647 2961 2700 voluit:
3012 2647 3250 2704 Joannes
3278 2666 3496 2720 quoque,
3542 2652 3639 2717 ait,
3672 2654 3752 2707 ita

2130 2736 2379 2789 tradidit:
2407 2755 2425 2788 ι
2461 2735 2527 2791 1η
2556 2738 2811 2810 principio
2851 2751 2958 2794 erat
2996 2741 3241 2808 Verbum,
3286 2753 3335 2797 et
3373 2741 3596 2798 Verbum
3633 2753 3752 2799 erat

2131 2828 2272 2900 apud
2302 2827 2492 2895 Deum,
2530 2839 2578 2885 et
2614 2829 2758 2886 Deus
2798 2842 2908 2888 erat
2946 2833 3191 2890 Verbum.
3238 2835 3309 2892 At
3351 2838 3556 2904 statim,
3588 2837 3751 2908 quasi

2131 2939 2268 2996 aqua
2299 2925 2403 2981 ista
2428 2941 2459 2982 e
2489 2926 2626 2992 rivo,
2665 2943 2775 2983 non
2799 2943 2871 2984 ex
2897 2927 3044 2985 fonte
3075 2930 3266 2987 hausta
3295 2932 3474 2988 minus
3501 2941 3746 3003 saperet,

2131 3017 2518 3089 semetipsum,
2551 3028 2713 3090 atque
2742 3037 2846 3075 una
2873 3021 3224 3093 interpretem
3256 3024 3538 3096 corrigens
3561 3066 3576 3091 ,
3611 3025 3744 3081 sub.

2127 3112 2304 3184 jungit
2328 3130 2340 3166 :
2371 3113 2477 3168 Sed
2505 3113 2686 3168 melius
2715 3113 2884 3169 (ἔπεσί
2905 3115 3065 3188 Λόγον
3095 3116 3292 3185 dicunt,
3317 3135 3470 3189 quam
3500 3135 3594 3173 nos
3618 3118 3749 3174 Ser-

418 3181 564 3249 fuit,
617 3180 714 3236 Dei
744 3179 911 3234 lilium
935 3190 1081 3233 nunc
1114 3175 1374 3241 Verbum,
1429 3172 1591 3227 modo
1618 3171 1918 3227 Sermonem
1936 3181 2025 3237 ap-

484 3275 518 3282 ..
658 3270 721 3282 ...
787 3271 830 3282 -.
957 3271 988 3282 η
1071 3271 1083 3282 .
1159 3269 1188 3282 _.
1340 3268 1370 3282 η
1424 3265 1476 3282 ,η
1528 3263 1653 3282 na”
1866 3261 2002 3282 ,ιε-ε-

2141 3222 2358 3260 monent.
2383 3203 2547 3280 Λόγος
2578 3206 2712 3260 enim
2747 3215 2798 3262 et
2829 3207 3124 3264 SERIONEI
3152 3210 3409 3282 signiﬁcat
3429 3251 3446 3277 ,
3470 3221 3519 3266 et
3545 3209 3751 3268 ΒΑτιο-

412 3275 624 3346 pellans
650 3270 754 3346 (De
787 3271 923 3326 Vera
951 3269 1224 3342 Sapientia
1249 3268 1395 3335 1v,8,
1423 3265 1503 3338 9).
1527 3263 1660 3320 Cum
1687 3263 1834 3320 enim
1859 3261 2032 3317 dixis-

415 3378 520 3434 set,
555 3367 862 3424 Sermonem
890 3378 1014 3421 esse
1035 3362 1282 3433 spiritum
1313 3375 1438 3414 cum
1470 3373 1603 3414 voce
1624 3355 1830 3427 aliquid
1860 3352 2030 3426 signi-

418 3464 618 3519 ﬁcante
648 3462 950 3532 prolatum;
975 3458 1030 3514 in
1060 3458 1162 3512 hoc
1191 3467 1370 3511 tamen
1395 3453 1670 3525 angelicas
1697 3450 1943 3522 spiritus,
1975 3456 2032 3504 et

419 3555 663 3612 divinum
692 3554 844 3610 illum
888 3552 1212 3609 Sermonem
1241 3547 1459 3604 ditl‘erre
1486 3547 1600 3614 ait,
1647 3543 1792 3615 quod
1822 3541 2030 3598 scilicet

417 3650 634 3720 spiritus
660 3647 889 3715 naribus,
909 3661 998 3702 ore
1025 3660 1190 3700 sermo
1215 3641 1501 3714 procedat:
1529 3638 1750 3710 angelos
1777 3643 2028 3708 propter-

421 3759 488 3802 ea
511 3759 577 3800 ex
606 3744 720 3800 Deo
742 3742 936 3798 tacitos
978 3738 1207 3811 spiritus
1228 3736 1427 3794 exiisse
1450 3734 1636 3806 (bene,
1665 3731 1807 3804 quod
1835 3744 1944 3785 non
1957 3743 2026 3784 ex

413 3834 639 3895 naribus
671 3835 763 3893 Dei
797 3834 1022 3904 dixerit)
1053 3832 1179 3905 quia
1208 3845 1314 3886 non
1347 3829 1415 3884 ad
1441 3826 1745 3884 doctrinam
1788 3823 1882 3880 Dei
1913 3831 2025 3878 tra-

417 3931 651 3988 dendam
672 3970 688 3997 ,
722 3927 818 3984 sed
844 3927 913 3983 ad
940 3924 1304 3983 ministerium
1329 3921 1672 3978 creabantur.
1708 3917 1862 3974 lllum
1893 3931 2026 3973 vero

417 4040 542 4081 cum
567 4038 688 4079 voce
710 4036 775 4078 ac
795 4037 922 4077 sono
947 4035 1014 4076 ex
1038 4018 1136 4074 Dei
1181 4031 1278 4072 ore
1329 4013 1661 4086 processisse
1682 4052 1698 4078 ,
1740 4011 1862 4082 quia
1891 4023 2025 4066 voce

418 4117 539 4188 ejus
564 4115 631 4170 ad
653 4114 915 4186 populum
941 4111 1117 4167 fuerat
1151 4124 1371 4165 usurus.
1415 4106 1736 4175 Clauditque
1774 4101 2024 4158 mirabile

418 4211 524 4267 hoc
546 4207 885 4265 ratiocinium
907 4248 921 4272 ,
960 4203 1235 4276 inquiens.
1273 4219 1292 4254 ι
1325 4198 1519 4256 Merito
1549 4197 1714 4270 igitur
1757 4195 1941 4252 Sermo
1967 4203 2023 4250 et

428 4304 650 4360 Verbum
676 4300 774 4358 Dei
801 4299 1020 4356 dicitur.
1053 4315 1071 4349 ›

486 4415 742 4474 Vocalem
783 4414 928 4469 hunc
957 4411 1302 4476 Sermonem,
1332 4406 1490 4463 sicuti
1520 4405 1643 4473 alia,
1680 4419 1801 4476 qua:
1832 4411 2019 4473 postea

414 4510 726 4578 atl'eremus,
780 4507 1032 4562 hauserat
1078 4519 1110 4558 e
1152 4500 1522 4565 Tertulliano;
1570 4496 1724 4567 cujus
1753 4495 2018 4567 insignem

2132 3312 2263 3364 usu,
2295 3297 2417 3367 quia
2445 3297 2537 3352 ille
2565 3308 2639 3352 est
2661 3313 2782 3367 vox,
2805 3309 2852 3353 et
2879 3301 3134 3370 sapientia
3156 3299 3277 3355 Dei.

2208 3389 2493 3444 Vetcribus
2539 3391 2686 3446 hisce
2717 3392 3026 3448 scholiastis
3051 3393 3424 3450 accensendus
3450 3405 3536 3452 est
3562 3396 3737 3454 Joan-

2132 3497 2230 3538 nes
2255 3483 2520 3551 Clericus,
2559 3485 2648 3554 qui
2692 3493 3001 3556 utrumque,
3033 3487 3085 3541 in
3116 3487 3500 3545 additamentis
3528 3493 3650 3547 suis
3680 3490 3749 3546 ad

2131 3574 2337 3630 Novum
2386 3576 2607 3632 Henrici
2663 3577 2987 3634 Hammondi
3017 3579 3424 3639 Testamentum
3463 3584 3638 3655 (Edit.
3673 3585 3751 3640 al-

2131 3679 2241 3723 tera
2272 3667 2598 3741 Francofurt
2629 3669 2790 3726 17M.
2837 3689 2956 3745 pag.
2999 3672 3154 3746 591),
3185 3683 3427 3744 secutus,
3468 3693 3576 3732 non
3612 3677 3750 3733 Ver-

2131 3761 2270 3829 bum,
2310 3771 2404 3817 aut
2458 3761 2783 3832 Sermonem,
2833 3765 2932 3820 sed
2971 3765 3246 3821 Rationem
3271 3777 3487 3832 vertere
3510 3769 3746 3824 maluit:

2129 3853 2289 3912 Initio
2334 3868 2442 3913 erat
2491 3858 2682 3926 RATIO,
2737 3876 2896 3932 eaque
2938 3860 3110 3920 RATIO
3155 3871 3263 3918 erat
3297 3864 3438 3936 apud
3478 3863 3677 3935 Deum,
3702 3871 3750 3920 et

2126 3948 2268 4006 Deus
2294 3962 2403 4006 erat
2431 3969 2493 4006 ea
2520 3951 2719 4009 RATIO.

2203 4042 2315 4097 Cur
2342 4044 2417 4098 ita
2449 4046 2686 4100 senserit
2717 4045 2798 4101 vir
2827 4046 3070 4117 profecto
3109 4050 3378 4121 eruditus,
3402 4051 3500 4108 sed
3525 4053 3702 4109 audax
3726 4093 3744 4122 ,

2126 4140 2184 4187 et
2213 4133 2316 4188 sibi
2357 4133 2460 4204 ipsi
2487 4137 2962 4208 quamsmpissime
3002 4141 3165 4198 nimis
3192 4143 3500 4216 indulgens,
3525 4145 3749 4218 aperuit

2123 4223 2357 4296 ipsemet
2395 4227 2624 4297 epistola
2645 4229 2816 4286 altera
2837 4231 2905 4287 ad
2922 4231 3203 4303 lectorem,
3230 4239 3450 4308 praeﬁxa
3479 4239 3747 4296 Animad-

2125 4318 2469 4376 versionibus
2499 4323 2613 4378 suis
2653 4323 2707 4380 in
2745 4341 2878 4382 xvm
2919 4328 3093 4398 prima
3146 4342 3417 4387 commata
3461 4332 3746 4405 Evangelii

2119 4410 2376 4500 loannis;
2412 4414 2501 4471 ubi
2531 4425 2716 4474 tamen
2745 4418 2967 4491 fatetur,
3012 4437 3120 4478 non
3159 4423 3421 4492 defuisse,
3465 4428 3558 4497 qui
3588 4441 3743 4500 aegre

2122 4497 2348 4574 ferrent,
2404 4508 2680 4570 Rationem
2724 4530 2754 4570 a
2798 4530 2859 4572 se
2895 4517 3058 4584 verti,
3109 4535 3213 4575 non
3253 4519 3596 4593 Sermonem,
3649 4530 3747 4579 aut

411 4607 657 4680 profecto
687 4605 865 4660 locum
894 4599 1158 4657 habemus
1180 4597 1443 4652 adversus
1464 4594 1725 4649 Praxeam
1763 4591 1907 4665 (cap.
1937 4589 2016 4659 7):
2047 4600 2104 4662 ι)
2135 4599 2380 4658 Verbum,

416 4679 485 4757 Ut
515 4701 757 4773 primum,
786 4696 881 4763 ait,
921 4693 1062 4748 Deus
1087 4690 1247 4748 voluit
1277 4707 1358 4756 ea,
1385 4703 1501 4760 qua:
1528 4702 1645 4741 cum
1675 4683 1888 4756 Sophia:
1915 4679 2025 4738 Ra-

411 4797 570 4860 tione,
602 4804 650 4848 et
678 4793 927 4849 Sermone
969 4787 1296 4859 disposuerat
1321 4785 1461 4838 intra
1498 4797 1572 4848 se,
1607 4782 1661 4834 in
1682 4776 2016 4845 substantias,

407 4899 456 4946 et
497 4887 688 4958 species
734 4899 856 4939 suas
886 4881 1057 4946 edere,
1097 4880 1266 4951 ipsunt
1299 4877 1522 4947 primum
1572 4871 1786 4942 protulit
1829 4883 2022 4924 sermo-

409 4998 548 5047 nem,
577 4978 843 5033 habentem
880 4976 933 5030 in
976 4990 1029 5028 se
1066 4969 1365 5026 individuus
1390 4983 1512 5021 suas
1549 4965 1824 5021 Rationem
1850 4970 1894 5017 et
1918 4961 2020 5017 So-

405 5078 602 5151 phiam,
659 5083 712 5127 ut
752 5087 842 5145 per
868 5072 1034 5143 ipsum
1063 5067 1244 5138 ﬁerent
1273 5064 1539 5128 universa,
1572 5076 1662 5131 per
1689 5074 1842 5128 quem
1871 5065 2017 5113 erant

404 5170 655 5244 cogitata,
679 5177 832 5236 atque
869 5161 1157 5233 disposita;
1197 5160 1300 5212 imo
1345 5165 1394 5211 et
1436 5153 1574 5225 facta
1594 5155 1732 5224 jam,
1764 5159 2016 5255 quantum

401 5264 456 5317 in
483 5261 578 5316 Dei
597 5274 772 5315 sensu.
809 5255 923 5312 Hoc
949 5255 1084 5309 enim
1110 5253 1182 5307 eis
1213 5250 1414 5314 deerat,
1450 5255 1506 5301 ut
1535 5261 1710 5300 coram
1733 5261 1932 5316 quoque
1959 5250 2014 5299 in

400 5354 510 5409 suis
539 5350 822 5422 speciebus,
853 5356 1005 5418 atque
1040 5342 1338 5399 substantiis
1378 5348 1834 5411 cognoscerentur,
1866 5347 1912 5392 et
1938 5347 2013 5391 te-

403 5453 663 5501 nerentur.
695 5441 838 5497 Tunc
857 5440 1020 5513 igitur
1049 5438 1204 5493 etiam
1223 5436 1334 5506 ipse
1365 5432 1548 5489 Sermo
1569 5430 1820 5502 speciem,
1849 5439 1895 5484 et
1923 5445 2010 5484 or-

403 5550 582 5594 natum
609 5552 759 5592 suum
799 5535 976 5601 sumit,
1001 5546 1196 5597 souuu,
1231 5537 1281 5584 et
1311 5541 1508 5592 VOCEII,
1540 5539 1658 5578 cum
1683 5521 1808 5576 dicit
1843 5520 2004 5590 Deus,

403 5634 528 5689 Fiat
557 5633 668 5687 ιυω.
693 5629 821 5686 Ηιεο
839 5643 936 5684 ss'r
962 5640 1240 5682 sumus
1263 5635 1540 5678 pnnrnc'rs
1569 5615 1859 5684 Senuoms,
1885 5617 2010 5672 dum

399 5745 463 5783 er
496 5727 602 5781 Deo
631 5726 882 5798 procedit,
908 5722 1150 5778 conditus
1178 5737 1211 5775 a
1237 5717 1348 5773 Deo
1378 5717 1602 5790 primunt
1629 5713 1698 5768 ad
1725 5714 2009 5787 cogitatum.

391 5826 442 5881 in
463 5828 668 5882 nomine
697 5821 930 5893 Sophim,
968 5839 986 5876 ‹
1016 5817 1273 5876 Dominus
1294 5813 1529 5874 condidit
1556 5829 1634 5870 me
1661 5812 1866 5869 initium
1892 5812 2004 5868 via-

2202 4693 2302 4761 Qui
2334 4694 2538 4751 fuerint
2564 4698 2674 4765 isti,
2707 4707 2764 4755 et
2787 4717 2858 4758 an
2881 4703 3299 4760 vetustissimam
3328 4705 3533 4762 Latinae
3553 4706 3745 4778 Eccle-

2129 4784 2223 4841 sia:
2246 4787 2575 4856 versionem,
2606 4791 2824 4860 scriptis
2852 4794 2965 4849 suis
2987 4799 3474 4868 propugnaverint,
3502 4799 3742 4870 ingenue

2130 4878 2302 4936 fateor
2332 4896 2421 4937 me
2447 4883 2678 4939 nescire.
2711 4885 2764 4940 Si
2793 4886 2923 4957 quid
2967 4899 3255 4960 propterea
3294 4890 3361 4946 ad
3389 4890 3557 4949 hocce
3577 4907 3743 4964 argu-

2131 4983 2368 5028 mentum
2394 4975 2646 5042 attulero,
2671 4977 2813 5048 quod
2842 4980 2993 5048 prius
3021 4982 3121 5052 ipsi
3151 4983 3515 5055 vulgaverint,
3543 4986 3742 5043 honori

2121 5065 2256 5120 mihi
2307 5076 2514 5122 vertam
2545 5069 2733 5126 eadem
2764 5087 2888 5127 cum
2921 5073 3096 5130 doctis
3123 5076 3380 5134 sensisse.
3415 5078 3511 5135 Sin
3537 5081 3736 5149 aliter,

2118 5172 2478 5230 quaecumque
2500 5175 2565 5216 ea
2593 5161 2812 5219 demum
2835 5165 2964 5232 sint,
2991 5182 3110 5222 mea
3139 5177 3321 5225 erunt.

2188 5252 2402 5308 Asserit
2451 5256 2634 5326 itaque
2664 5257 2902 5314 Clericus
2931 5260 3237 5331 ambiguam
3265 5277 3366 5333 per
3398 5279 3458 5320 se
3483 5279 3606 5322 esse
3640 5279 3739 5322 vo-

2112 5361 2234 5403 cem
2258 5348 2441 5423 Λόγος,
2468 5358 2524 5405 et
2552 5359 2659 5406 tam
2688 5351 2962 5407 Rationem
3005 5354 3147 5410 verti
3188 5370 3374 5426 posse,
3404 5373 3564 5428 quam
3600 5358 3738 5415 Ver-

2115 5439 2271 5508 bum;
2304 5442 2594 5514 statimque
2623 5445 2812 5502 addit:
2844 5447 2908 5503 Si
2935 5450 3190 5520 posterior
3212 5451 3522 5523 signiﬁcatio
3551 5455 3604 5508 in
3633 5453 3737 5509 Oo-

2113 5536 2316 5592 cidenle
2365 5540 2608 5606 obtinuit,
2661 5542 2723 5596 ob
2763 5543 2946 5598 veteris
2986 5545 3283 5615 interpretis
3313 5545 3489 5602 Latini
3516 5548 3736 5619 imperi-

2111 5630 2261 5699 tiam,
2288 5641 2376 5685 ant
2401 5633 2444 5686 si
2483 5635 2644 5689 mavis
2679 5635 2908 5690 inopiam
2939 5636 3132 5709 lingua:
3171 5636 3393 5706 Latinae,
3428 5638 3596 5696 Graeci
3621 5639 3735 5694 Pa-

2114 5732 2217 5777 tres
2247 5725 2442 5794 passint
2479 5727 2778 5792 ostendunt,
2810 5745 2927 5782 cum
2958 5728 3056 5781 hac
3084 5729 3148 5784 de
3172 5746 3228 5784 re
3255 5741 3437 5802 agunt,
3464 5749 3520 5789 se
3545 5733 3730 5790 Ratio-

2109 5832 2221 5872 nem
2253 5834 2354 5874 non
2386 5818 2575 5890 minus,
2607 5836 2764 5895 quam
2788 5820 3012 5879 VERBUI
3037 5822 3370 5880 intellexisse.
