3976 6338
205 364 275 424 49
996 361 1212 421 EPIST.
1252 359 1501 417 PHILIP.
1544 356 1917 426 GARBELLI,
1959 358 2049 417 DE
2077 358 2329 422 CODICE
2368 366 2721 431 BRIXIANO.
3447 371 3519 430 50

272 485 325 541 Si
357 499 489 541 vera
536 487 658 545 hcce
687 497 834 552 sunt,
869 494 928 542 ut
969 494 1118 541 certe
1142 482 1444 548 verissima,
1475 478 1632 553 Λόγον
1661 493 1815 550 teque
1843 484 1896 543 Α
1921 482 2149 549 patiatur
2173 501 2254 540 me
2279 503 2379 542 non
2408 491 2861 552 incommodiorem
2883 514 3157 572 usurpare,
3192 497 3253 552 ob
3278 493 3520 551 doctissi-

213 579 424 634 Verbum
465 579 804 652 significare,
831 596 892 636 ac
922 579 1282 644 Rotionem,et
1306 575 1442 630 hanc
1467 589 1572 630 non
1604 573 1800 640 minus,

202 690 354 746 quam
381 675 515 729 illud
534 675 763 731 Graecos
788 677 974 732 Patres
999 674 1349 738 intellexisse,
1382 687 1502 743 quin
1530 670 1808 725 fuitcausa

202 776 258 823 ut
286 776 560 822 vetustum
592 768 946 837 interpretem
977 766 1324 823 sollicitaret?
1369 766 1450 819 An
1482 764 1624 820 illius
1648 765 1808 837 impe-

201 861 319 915 ritia
349 859 558 930 (quam
604 876 798 915 vocem
844 859 1059 916 Clerico
1102 858 1367 914 excidisse
1415 873 1522 912 non
1570 855 1807 928 dubito)?

201 953 347 1009 Haud
391 954 688 1026 equidem;
723 955 1030 1010 rectissime
1060 954 1203 1008 enim
1237 953 1420 1020 vertit,
1455 953 1499 1008 si
1529 952 1801 1023 ejusdem-

201 1061 310 1106 met
338 1050 553 1104 calculo
583 1051 718 1104 verti
763 1050 832 1104 ita
876 1058 1105 1119 poterat.
1154 1047 1234 1103 An
1270 1047 1450 1118 inopia
1484 1047 1677 1116 lingum
1706 1044 1808 1099 La-

202 1141 366 1197 tina)?
411 1141 624 1213 Nempe
666 1143 983 1214 mysterium
1015 1139 1210 1195 fuerint
1237 1140 1559 1195 Christianis
1592 1140 1804 1195 illorum

201 1245 502 1306 temporum
548 1234 890 1290 inaccessum
945 1248 1108 1288 voces
1163 1231 1313 1287 Ratio
1345 1242 1398 1287 et
1441 1232 1710 1305 Sapientia
1739 1233 1806 1288 ab

198 1329 429 1386 ethnicis
481 1328 846 1400 scriptoribus
875 1328 928 1382 in
957 1327 1156 1382 divinis
1192 1327 1392 1397 passim
1425 1325 1704 1394 adhibitae,
1747 1335 1807 1382 ut

200 1430 481 1494 propterea
512 1422 694 1494 iu0pia
723 1435 965 1493 pressus,
997 1421 1130 1475 nihil
1168 1419 1312 1475 aliud
1355 1429 1552 1490 prceter
1584 1417 1805 1474 Verbum

202 1517 386 1574 afferre
417 1517 680 1587 potuerit.

271 1607 446 1681 Pergit
491 1611 691 1666 deinde
736 1609 1022 1682 inquiens:
1049 1608 1163 1679 Ipsi
1191 1608 1390 1676 Latini,
1431 1609 1520 1680 qui
1551 1608 1808 1679 expende-

203 1716 314 1762 runt
337 1722 508 1761 vocem
541 1705 801 1771 Graecam,
835 1705 1060 1775 fatentur
1083 1706 1256 1777 potius
1282 1704 1567 1759 RATIONEI
1589 1719 1695 1757 esse
1723 1703 1804 1756 in-

207 1799 544 1869 telligendam,
593 1814 746 1868 quam
791 1797 928 1868 quod
969 1795 1153 1851 Latine
1180 1796 1370 1852 dicitur
1405 1794 1658 1860 Ventum;
1686 1811 1802 1848 cum

1907 589 2111 627 morum
2138 574 2354 632 Patrum
2380 579 2679 641 Griecorum
2705 600 3006 660 perpetuum
3037 608 3209 646 usum.
3244 589 3393 646 Sinat
3433 588 3516 640 in-

1909 675 2046 722 terea
2081 686 2162 724 me
2189 670 2326 726 illico
2361 675 2655 746 signiﬁcare
2684 698 2802 738 voce
2830 683 3025 747 nuto,
3055 685 3191 754 quod
3216 684 3325 755 ipse
3357 695 3516 750 roga-

1908 769 1989 814 tus
2008 761 2132 832 quid
2159 762 2254 816 sibi
2280 763 2505 824 VERBUI
2536 771 2674 836 velit,
2705 775 2899 847 cegitur
2919 776 3124 831 tandem
3153 791 3333 831 vocare
3353 775 3516 827 inter-

1907 869 2029 907 num
2069 855 2399 926 Ssnuonau,
2442 861 2537 916 hoc
2588 875 2693 931 est,
2741 866 3260 925 RATIOCINATIONEI.
3318 866 3514 922 Audiat

1908 947 2122 1018 denique
2143 949 2545 1021 Tertullianum,
2571 957 2657 1025 qui
2677 958 2750 1012 ita
2777 961 3018 1016 adversus
3032 960 3290 1017 Praxeam
3313 977 3430 1029 cap.
3451 958 3509 1025 5,

1908 1042 2143 1100 adducto
2175 1047 2406 1104 subinde
2436 1049 2580 1118 loco,
2610 1068 2769 1124 quem
2811 1071 2911 1110 nos
2941 1071 3103 1126 supra
3133 1056 3434 1112 retulimus.

1981 1135 2138 1192 Ludit
2164 1155 2264 1195 nos
2296 1141 2560 1211 Clericus,
2605 1160 2727 1202 eum
2770 1146 3043 1204 Rationem
3072 1160 3125 1204 et
3158 1149 3382 1205 Verbum
3412 1163 3514 1204 nu-

1909 1228 2005 1285 das
2045 1247 2205 1288 voces
2259 1237 2649 1308 expendendas
2699 1241 2960 1308 obtrudit,
3004 1259 3122 1313 quae
3173 1244 3326 1312 plura
3374 1245 3513 1299 citra

1907 1325 2264 1382 substantiam
2292 1329 2597 1400 signiﬁcare
2618 1346 2866 1404 possunt.
2893 1336 3087 1390 Divina
3110 1345 3234 1390 sunt
3261 1336 3429 1391 hocce
3456 1337 3512 1391 in

1909 1415 2048 1482 loco,
2083 1419 2278 1489 quibus
2309 1421 2375 1477 de
2419 1424 2651 1494 agimus.
2703 1427 2889 1483 Divina
2919 1429 3126 1484 scilicet
3175 1429 3348 1496 Ratio,
3392 1438 3447 1485 et
3482 1445 3514 1486 e

1908 1508 2132 1566 Ratione
2165 1512 2426 1581 Verbum;
2453 1518 2497 1572 si
2522 1520 2575 1573 ἓν
2601 1522 2747 1597 ἀρχῇ
2766 1522 2876 1591 jam
2908 1533 3195 1589 aeternum,
3243 1522 3355 1593 jam
3385 1525 3515 1578 sub-

1906 1606 2103 1660 stantia
2131 1622 2162 1662 e
2189 1607 2488 1665 substantia
2519 1626 2639 1666 cum
2668 1614 3005 1670 Tertulliano
3033 1616 3191 1690 (Adv.
3224 1614 3512 1684 Praxeam,

1907 1713 2023 1768 cap.
2053 1699 2134 1772 7),
2169 1710 2225 1757 et
2247 1703 2642 1762 substantivum
2667 1723 2789 1764 cum
2819 1709 3043 1778 Hilario,
3074 1720 3128 1767 et
3151 1711 3515 1767 consubstan—

1905 1795 2034 1850 tiale
2063 1810 2184 1851 eum
2218 1797 2479 1855 Ecclesia.

209 1907 306 1944 non
330 1891 471 1966 λόγον
500 1893 828 1969 προφορικὼ,
857 1891 1059 1944 verbum
1096 1890 1375 1959 prolatum,
1408 1891 1496 1943 sed
1521 1887 1801 1945 ἐνδιάθετον

1979 1889 2060 1943 An
2112 1906 2244 1945 vero
2289 1891 2630 1950 incommoda
2666 1911 2798 1952 voce
2831 1913 2960 1953 usus
3011 1898 3173 1954 fuerit
3218 1899 3512 1969 interpres,

206 1984 425 2052 insitum,
476 2003 564 2039 seu
615 1987 900 2048 internum,
945 2001 1045 2037 non
1089 1993 1353 2037 externum
1396 2000 1451 2037 se
1495 1982 1802 2037 intellexisse

1905 1995 2029 2037 cum
2078 1981 2242 2056 λόγον,
2283 2002 2390 2041 non
2435 1987 2749 2055 Rationem,
2798 1989 2893 2045 sed
2927 1990 3160 2046 Verbum
3211 1993 3515 2060 transtulit,

211 2079 477 2133 dixerunt:
530 2077 670 2133 Nam
725 2079 849 2150 quid
905 2088 979 2132 est
1023 2077 1246 2133 Venatus
1291 2078 1565 2143 internum,
1617 2086 1804 2148 prazter
1900 2073 2148 2145 judicent
2187 2077 2409 2132 eruditi.
2460 2079 2636 2150 Eque
2669 2082 2953 2138 Rationem
3003 2099 3066 2138 ac
3103 2084 3344 2140 Verbum
3373 2085 3516 2140 verti

214 2171 504 2241 RATIONEI,
555 2189 646 2227 seu
692 2172 1216 2227 RATIOCINATIONEI.
1265 2170 1527 2225 Prwtereu
1567 2170 1802 2225 universa

217 2262 439 2318 Ecclesia
460 2262 770 2328 Christiana,
798 2263 979 2318 Graeca
1009 2274 1055 2316 et
1083 2263 1292 2330 Latina,
1323 2263 1466 2336 λόγον
1494 2262 1667 2316 miscet
1685 2277 1800 2314 cum

217 2359 379 2432 σοφίᾳ,
404 2373 512 2428 quce
539 2359 712 2410 eadem
743 2368 812 2411 est
841 2372 956 2410 eum
987 2355 1253 2422 RATIONE,
1284 2354 1374 2410 sed
1404 2353 1802 2409 diversissimaa

227 2445 386 2501 Verbo
415 2450 628 2518 prolato.
661 2449 684 2502 1
695 2450 848 2522 gitur,
891 2448 1122 2520 quamvis
1147 2467 1178 2502 a
1205 2447 1570 2503 consuetudine
1590 2448 1801 2503 Latino-

228 2559 338 2596 rum
383 2544 607 2598 nonnihil
651 2545 952 2611 recesserint,
1004 2544 1074 2598 ad
1116 2561 1302 2598 sonum
1345 2544 1484 2615 quod
1529 2547 1737 2610 attinet,
1769 2561 1800 2598 a

225 2638 388 2707 reipsa
413 2655 717 2708 nequaquam
746 2639 857 2692 abii.

285 2731 501 2800 Quinam
526 2733 719 2788 fuerint
734 2733 904 2788 Latini
926 2732 1032 2800 isti,
1049 2731 1138 2803 qui
1157 2731 1529 2802 expenderunt
1552 2728 1797 2785 Graecam

217 2838 397 2879 vocem
427 2827 608 2898 Λόγος,
638 2825 792 2880 facile
819 2837 900 2881 est
930 2827 1206 2895 conjicere
1233 2840 1301 2879 ex
1329 2823 1576 2897 adductis
1605 2839 1636 2878 e
1665 2823 1798 2878 'l‘er-

212 2919 450 2986 tulliano,
492 2929 651 2990 atque
714 2919 994 2975 Lactantio
1046 2919 1481 2974 auctoritatibus.
1537 2917 1796 2987 Quamvis

209 3011 395 3064 mirum
424 3010 592 3066 videri
633 3012 824 3082 possit,
855 3021 1100 3068 exertam
1139 3012 1364 3081 hujusce
1397 3011 1600 3077 locum,
1632 3025 1792 3080 quem

209 3119 305 3160 nos
358 3106 695 3175 protulimus.
765 3105 1034 3164 Clericum
1087 3107 1437 3178 praeteriisse,
1486 3121 1607 3160 cum
1663 3106 1799 3162 alios

207 3199 440 3269 ejusdem
471 3202 753 3271 scriptoris
785 3218 852 3257 ex
885 3201 1013 3257 libb.
1046 3202 1113 3258 de
1143 3202 1222 3256 Ira
1262 3202 1358 3256 Dei
1411 3210 1464 3256 et
1501 3201 1674 3255 Divin.
1708 3202 1799 3256 ln-

1905 2169 2168 2238 potuisse,
2197 2177 2310 2225 tum
2343 2171 2448 2229 hoc
2467 2190 2573 2229 non
2606 2175 2785 2231 minus
2809 2191 2970 2247 quam
3001 2177 3144 2232 illam
3173 2177 3514 2233 intellexisse

1904 2263 2125 2320 Graecos
2153 2266 2340 2323 Patres
2368 2268 2544 2325 fassus
2587 2283 2673 2326 est
2709 2271 2986 2338 Clericus;
3034 2287 3095 2328 ac
3128 2281 3415 2343 propterea
3453 2287 3516 2327 se

1905 2360 2151 2415 nonnihil
2181 2376 2210 2415 a
2237 2361 2556 2419 Latinorum
2585 2366 3006 2431 consuetudine,
3041 2366 3109 2422 ad
3147 2380 3340 2422 sonum
3365 2367 3510 2437 quod

1903 2451 2132 2520 adtinet,
2167 2469 2274 2510 non
2307 2472 2440 2512 vero
2462 2473 2490 2512 a
2520 2474 2581 2514 re
2603 2458 2717 2529 ipsa
2742 2459 2960 2516 abiisse.

1976 2546 2131 2613 Quod
2160 2558 2346 2618 postea
2379 2549 2600 2607 Latinos
2633 2552 2912 2624 hucusque
2953 2567 3164 2618 omnes,
3194 2553 3309 2624 qui,
3341 2553 3514 2608 inter-

1905 2650 2112 2710 pretem
2155 2642 2350 2709 secuti,
2401 2645 2493 2700 Dei
2528 2643 2775 2714 Verbum,
2831 2662 2938 2702 non
2981 2647 3255 2702 Rationem
3297 2645 3506 2714 dixere,

1905 2732 2149 2787 indoctos
2181 2735 2434 2800 traducit,
2470 2751 2577 2792 non
2601 2737 2676 2791 ita
2701 2739 3024 2809 scripturum
3055 2739 3223 2795 fuisse
3254 2751 3405 2809 puto,
3437 2734 3534 2802 si,’

1903 2823 2217 2880 subsidente
2242 2835 2402 2893 testu,
2433 2837 2488 2883 et
2516 2829 2889 2899 semetipsum,
2915 2838 2970 2884 et
2999 2845 3104 2883 una
3129 2838 3209 2885 tot
3230 2839 3502 2896 veterum,

1904 2917 2376 2990 recentiorumque
2434 2919 2781 2978 doctissimos
2836 2923 3094 2978 attentius
3152 2923 3504 2994 inspexisset.

1906 3009 2018 3065 Hoc
2071 3012 2412 3067 solummodo
2459 3012 2669 3080 dicam;
2697 3013 2840 3084 quod
2879 3017 3132 3070 omnibus
3175 3016 3226 3070 in
3269 3015 3370 3071 hac
3398 3016 3506 3071 vita

1903 3108 2225 3180 degentibus
2252 3108 2520 3167 familiare
2549 3121 2654 3178 est,
2688 3111 2831 3168 idem
2872 3111 3086 3169 Clerico
3131 3111 3416 3179 accidisse,
3450 3121 3510 3166 ut

1906 3220 2052 3274 smpe
2101 3204 2324 3260 humani
2369 3203 2573 3276 aliquid
2623 3215 2920 3276 pateretur.
2976 3209 3047 3262 At
3091 3205 3265 3262 Graeci
3314 3204 3506 3261 Patres

207 3292 316 3347 stit.
347 3293 651 3350 adduxerit.
673 3294 785 3350 Nisi
815 3297 859 3350 si
891 3295 1052 3362 forte,
1088 3295 1229 3366 quod
1257 3293 1479 3349 Verbum
1502 3295 1802 3372 προφορικὸν
1829 3306 1876 3370 C
1908 3312 2040 3353 voce
2068 3298 2217 3374 λόγος
2244 3312 2464 3369 semper
2495 3307 2619 3352 sunt
2649 3299 2750 3352 usi.
2801 3298 2993 3360 Mirum
3026 3312 3177 3364 sane,
3207 3311 3312 3368 qua
3345 3295 3509 3367 igitur

207 3401 273 3442 ex
321 3402 415 3442 ore
469 3389 568 3443 Dei
620 3403 741 3444 cum
776 3405 913 3457 voce,
962 3404 1024 3444 ac
1053 3405 1179 3443 sono
1208 3388 1593 3459 procedentem
1625 3388 1803 3442 minus

204 3486 399 3534 attente
427 3480 827 3551 descripserat;
856 3496 977 3536 cum
1011 3491 1188 3536 tamen
1231 3479 1382 3551 prius
1420 3495 1450 3535 a
1480 3480 1590 3535 Deo
1618 3489 1803 3537 mente

204 3580 541 3642 conceptum,
593 3573 838 3642 adeoque
883 3571 1164 3629 ἐνδιάθετον
1205 3572 1451 3628 dixisset.
1495 3570 1798 3639 Cazterum,

202 3664 333 3734 quod
362 3681 464 3720 non
496 3666 725 3720 verbum
756 3666 1048 3738 prolatum,
1081 3667 1217 3733 sive,
1250 3665 1400 3736 quod
1425 3664 1706 3721 l‘ltereticis
1734 3666 1802 3721 ab

203 3753 391 3810 llilario
434 3759 760 3812 memoratis
808 3767 894 3813 est
939 3759 1284 3829 loquentibus
1335 3773 1490 3814 suum
1536 3757 1799 3826 Verbum,

205 3846 299 3904 hoc
325 3852 388 3906 sit
412 3853 569 3907 Patri
596 3851 709 3906 Dco
736 3852 900 3919 filius,
934 3854 1026 3907 sed
1073 3855 1318 3920 insitum,
1355 3855 1654 3925 ingenitum
1690 3854 1802 3909 Deo

213 3941 417 3998 Verbum
458 3947 585 4017 ejus
613 3947 973 4017 unigenitum,
1007 3955 1060 4000 et
1092 3948 1409 4017 sapientiam
1437 3947 1634 4010 Patris,
1659 3951 1802 4001 Sem—

203 4053 292 4108 per
333 4040 679 4097 intellexisse
730 4050 782 4095 et
812 4041 1055 4097 Graecam
1112 4052 1166 4096 et
1196 4041 1444 4095 Latinam
1501 4039 1799 4096 Ecclesiam

200 4133 309 4202 quis
335 4151 570 4206 unquam
606 4134 908 4189 dubitavit?
932 4135 1001 4189 At
1027 4134 1153 4205 quid
1183 4136 1252 4189 sit
1284 4134 1505 4188 Verbum
1529 4134 1799 4188 internum

197 4228 379 4294 quzcrit
431 4227 704 4283 Clericus.
755 4226 922 4281 Recte
967 4226 1133 4296 quod,
1182 4242 1303 4279 eum
1357 4226 1628 4279 Rationem
1680 4239 1802 4280 esse

198 4317 402 4384 dixerit,
437 4305 796 4389 semetipsum
830 4336 860 4374 e
888 4319 1110 4388 vestigio
1143 4319 1484 4389 recolligens,
1527 4333 1615 4372 seu
1643 4317 1803 4370 ratio-

196 4412 494 4469 cinationem
543 4414 763 4484 adjecit.
809 4413 974 4469 Sicuti
1013 4414 1159 4468 enim
1192 4412 1405 4466 interna
1440 4410 1676 4464 hominis
1709 4424 1798 4463 ra-

199 4508 466 4563 tiocinatio
513 4520 603 4564 est
653 4511 900 4563 humana:
935 4510 1134 4561 mentis
1164 4505 1415 4569 verbum,
1445 4505 1516 4559 ita
1541 4507 1665 4578 (nos
1695 4503 1798 4556 mi-

197 4603 298 4658 SBI’i
326 4604 504 4659 divina
538 4605 667 4668 ista,
700 4612 859 4672 atque
887 4599 1455 4671 incomprehensibilia
1486 4599 1586 4652 nisi
1614 4596 1801 4652 huma-

1904 3392 2029 3458 alia,
2063 3392 2166 3446 nisi
2208 3391 2422 3457 Graeca,
2458 3391 2693 3447 Verbum
2725 3390 3130 3462 exprimerent?
3179 3389 3285 3446 Sed
3315 3405 3505 3461 parum

1905 3485 2084 3541 fuerat
2122 3484 2334 3541 Clerico
2382 3501 2414 3541 e
2451 3495 2721 3541 commate
2770 3485 2863 3540 illo
2898 3485 3136 3540 Verbum
3184 3484 3503 3550 extrudere,

1906 3579 2008 3634 nisi
2045 3588 2100 3634 et
2147 3593 2369 3634 sensum
2415 3579 2764 3650 evangelista:
2811 3578 3174 3634 sollicitasset.
3208 3578 3396 3649 Itaque
3437 3577 3508 3632 ad

1903 3670 1994 3726 illa
2023 3686 2140 3736 sua,
2174 3669 2339 3725 Initio
2383 3681 2492 3724 erat
2525 3669 2704 3736 Ratio,
2738 3680 3022 3742 postquam
3047 3670 3294 3735 dixisset,
3341 3669 3508 3725 verba

1904 3767 1957 3822 ἓν
1979 3768 2126 3840 ἀρχῇ
2154 3781 2260 3820 tton
2301 3781 2424 3822 esse
2459 3765 2742 3822 referenda
2767 3766 2833 3820 ad
2856 3773 3231 3837 argumentum
3262 3764 3405 3819 illius
3444 3764 3510 3818 li-

1905 3858 2010 3925 bri,
2044 3859 2188 3928 quod
2221 3869 2304 3914 est
2331 3859 2708 3929 Evangelium.
2741 3857 2930 3912 Omnes
2964 3857 3324 3911 Grammatiete
3350 3854 3513 3909 ratio-

1904 3967 2015 4015 nes,
2037 3951 2237 4018 inquit,
2271 3952 2490 4005 suadent
2511 3952 2743 4020 prorcime
2777 3951 3096 4020 sequentium
3121 3951 3389 4002 verborum
3413 3965 3511 4018 po-

1905 4051 2160 4107 testatem,
2203 4051 2248 4096 et
2279 4043 2464 4097 seriem
2493 4025 2717 4111 spectari
2742 4043 2911 4112 potius
2950 4050 3205 4111 oportere.
3244 4038 3345 4094 Hic
3385 4056 3507 4094 vero

1907 4134 2131 4205 sequitur
2161 4133 2327 4208 λόγος,
2359 4143 2407 4188 et
2433 4134 2605 4188 omnia
2632 4133 2694 4187 ab
2722 4149 2780 4187 eo
2808 4137 2966 4206 facta,
3001 4144 3049 4188 et
3078 4134 3324 4187 mundum
3354 4132 3418 4186 ab
3447 4149 3506 4186 eo

1904 4227 2095 4299 factum
2127 4229 2200 4281 ait
2245 4226 2578 4300 evangelista,
2607 4243 2723 4296 qua:
2768 4227 3039 4282 ostendunt
3063 4227 3147 4299 agi
3187 4226 3250 4280 de
3278 4226 3508 4280 omnium

1903 4339 2076 4377 rerum
2103 4336 2296 4389 mmo,
2327 4338 2417 4376 seu
2459 4321 2523 4374 de
2550 4322 2806 4375 creatione
2834 4320 3042 4374 Mundi.
3081 4319 3250 4389 Hujus
3279 4318 3503 4373 ratioci-

1908 4416 1980 4469 nii
2019 4414 2241 4469 fundum
2289 4415 2730 4470 commodaverat
2769 4414 2846 4469 illi
2891 4413 3111 4470 Grotius
3139 4400 3428 4484 (Ad-Joan.
3461 4429 3504 4479 ι,

1906 4505 1984 4577 1),
2033 4508 2186 4577 cujus
2239 4507 2403 4563 verba
2459 4517 2584 4562 sunt
2632 4525 2644 4561 :
2687 4507 2761 4562 Ἐν
2824 4510 2990 4586 ἀρχῇ,
3057 4508 3382 4577 desumptum
3440 4521 3507 4560 ex

1907 4597 2087 4653 (ἐνιεεο
2132 4597 2406 4654 Geneseos.
2469 4597 2673 4654 Deinde
2718 4609 2838 4669 post
2885 4601 3034 4669 plura
3061 4640 3076 4665 ,
3121 4614 3243 4668 quze
3291 4597 3506 4653 erudite

199 4698 276 4750 nis
321 4697 614 4753 affectibus
647 4696 824 4751 metiri
863 4712 967 4750 non
1001 4691 1330 4764 possumus),
1362 4693 1431 4746 ita
1463 4693 1675 4760 inquam
1706 4704 1797 4745 co-
1825 4694 1875 4754 D
1901 4692 2116 4758 adtulit,
2147 4691 2286 4747 Noto
2316 4703 2484 4747 autem
2513 4693 2803 4764 Scriptura:
2829 4694 2939 4748 loco
2967 4693 3169 4748 verbum
3196 4693 3316 4746 inde
3335 4706 3506 4762 sump-

198 4801 396 4846 tetcrna
423 4802 652 4846 ueterum
686 4788 896 4842 Rationi
927 4787 1271 4843 Ratiocinatio
1300 4794 1385 4840 est
1422 4783 1640 4838 Verbum
1669 4783 1798 4838 illttd

197 4883 236 4938 Τ
240 4885 532 4940 crtulliano
574 4883 907 4956 primordiale
929 4925 944 4950 ,
979 4881 1374 4954 primogenitum
1417 4887 1473 4934 et
1503 4878 1596 4933 Dei
1625 4877 1801 4947 Spiri-

195 4987 292 5044 tus,
324 4990 378 5034 et
404 4979 501 5035 Dei
542 4977 742 5041 Virtus,
769 4988 822 5032 et
851 4977 1141 5046 Sapientia,
1173 4984 1228 5031 et
1256 4975 1348 5030 Dei
1382 4972 1572 5028 Filius.

263 5071 464 5126 Verum
497 5073 553 5125 in
585 5071 671 5137 iis,
703 5086 821 5140 quae
851 5086 946 5141 pro
978 5070 1238 5125 coronide
1271 5069 1508 5140 epistola:
1541 5068 1682 5123 illius
1719 5077 1803 5123 at-

197 5162 311 5218 tulit
340 5161 615 5226 Clericus,
646 5163 851 5233 (parcat
881 5163 1010 5216 mihi
1057 5161 1315 5217 memoria
1349 5161 1604 5228 hominis,
1630 5175 1659 5214 a
1694 5175 1802 5231 quo

199 5258 453 5312 nonnulla
487 5256 750 5311 didicisse
779 5270 865 5310 me
889 5255 1084 5326 fateor)
1119 5255 1378 5326 majorem
1403 5255 1664 5326 profecto,
1695 5271 1799 5309 non

197 5348 366 5406 dicam
396 5350 823 5416 humanitatem,
870 5359 960 5404 aut
990 5349 1392 5413 verecundiam,
1444 5349 1538 5404 sed
1583 5348 1802 5404 modes-

200 5445 319 5499 tiam
351 5445 664 5501 desideres.
699 5443 877 5512 Pergit
910 5442 1050 5497 enim
1081 5443 1269 5498 dicens
1302 5464 1315 5498 :
1347 5443 1408 5498 Si
1433 5444 1546 5513 quis
1572 5443 1802 5515 objiciat,

198 5552 313 5593 voce
336 5553 508 5593 unto
529 5537 831 5606 qualitatem
854 5537 1024 5607 potius
1035 5552 1187 5607 quam
1205 5553 1309 5589 rem
1331 5537 1550 5605 signari,
1570 5536 1808 5590 ostendat

197 5645 366 5684 vocem
398 5630 636 5683 Venno:
663 5627 909 5697 aptiorem
939 5644 1043 5682 esse
1063 5627 1130 5680 ad
1152 5627 1547 5699 significandam
1573 5627 1808 5681 substan-

201 5724 343 5788 tiam,
373 5734 425 5780 et
456 5721 697 5794 spondeo
724 5737 822 5786 me,
851 5737 1157 5790 qutecunque
1179 5722 1309 5785 dixi,
1341 5722 1513 5792 palam
1544 5731 1806 5775 revocatu-

197 5833 310 5870 rum
334 5836 352 5885 ;
386 5827 478 5870 aut
516 5816 567 5870 si
587 5815 906 5868 incommoda
934 5830 1052 5868 voce
1078 5815 1151 5867 uti
1192 5815 1286 5868 sibi
1316 5806 1469 5868 licere
1497 5824 1716 5879 censeat,
1743 5817 1805 5869 ob

200 5906 574 5974 Lntnonuu,
627 5922 902 5968 EURUIIQI'E
959 5921 1298 5962 Innoc'ronuu
1351 5909 1806 5973 consuetudinem;

1904 4797 2012 4840 lunt
2051 4802 2115 4840 ex
2153 4787 2404 4840 sententia
2449 4787 2594 4840 illius
2636 4787 2734 4841 loci
2766 4786 3155 4859 intelligendum
3196 4793 3299 4838 est.
3336 4781 3502 4838 Mosis

1905 4877 2006 4932 loci
2048 4880 2296 4932 sententia
2323 4879 2432 4932 haec
2461 4889 2576 4933 est:
2602 4896 2716 4933 cum
2749 4881 2972 4946 primum
3020 4878 3206 4931 creavit
3239 4875 3378 4931 Deus
3405 4893 3506 4930 ete-

1905 4969 2032 5037 lum,
2057 4980 2103 5024 et
2128 4980 2340 5039 terram,
2376 4980 2514 5025 terra
2545 4981 2675 5037 erat,
2705 4981 2812 5025 etc.
2845 4969 2984 5042 Ergo
3021 4971 3072 5023 iv
3097 4970 3243 5046 ἀρχῇ
3274 4978 3369 5036 est,
3392 4985 3509 5023 cum

1907 5066 2132 5133 primum
2164 5081 2339 5118 rerum
2361 5065 2665 5118 universitas
2690 5066 2839 5135 coepit
2865 5063 3049 5116 creari.

1979 5159 2194 5214 Divinat
2228 5159 2452 5216 Grotius
2481 5174 2602 5214 cum
2631 5157 2796 5212 verba
2837 5159 2886 5212 ἐν
2916 5159 3063 5234 ἀρχῇ
3103 5172 3134 5212 e
3176 5155 3377 5213 Genesi
3413 5155 3512 5212 de-

1907 5260 2120 5322 sumpta
2169 5252 2366 5308 idoneo
2413 5261 2554 5306 teste
2603 5251 2753 5306 nullo
2811 5253 3127 5320 pronuntiat
3160 5269 3173 5304 :
3205 5251 3382 5321 quasi,
3415 5266 3512 5304 vo-

1905 5344 2021 5400 lens
2047 5345 2390 5416 Evangelista
2415 5352 2672 5398 a'ternam
2704 5342 2866 5398 Verbi
2891 5345 3296 5412 generationem
3323 5352 3509 5399 osten-

1909 5437 2060 5502 dere,
2101 5437 2294 5493 alienis
2340 5436 2407 5490 ad
2453 5436 2556 5490 hoc
2613 5435 2798 5490 verbis
2849 5435 3132 5506 indigeret.
3178 5435 3314 5504 Quid
3361 5437 3508 5490 enim

1909 5531 2228 5603 proclivius,
2271 5530 2316 5584 si
2356 5531 2407 5584 in
2452 5528 2722 5599 principio
2763 5533 3002 5584 existens
3047 5530 3230 5584 dicere
3269 5529 3510 5596 volebat,

1909 5643 2070 5697 quam
2135 5629 2186 5682 ἓν
2214 5629 2362 5703 ἀρχῇ
2390 5621 2514 5681 ὄντα
2543 5623 2675 5680 illud
2716 5623 2998 5680 asserere?
3026 5623 3184 5691 Quod
3209 5638 3354 5686 vero,
3399 5638 3510 5679 non

1911 5725 1979 5779 de
2009 5722 2197 5778 mundi
2222 5721 2520 5787 creatione,
2563 5720 2657 5776 sed
2698 5721 2767 5776 de
2804 5718 3152 5790 generatione
3181 5718 3342 5772 Verbi
3386 5728 3512 5788 agat

1912 5815 2320 5879 inibiJoannes,
2353 5813 2426 5868 ita
2463 5813 2691 5870 evidens
2721 5821 2826 5878 est,
2869 5821 2926 5866 ut
2967 5810 3162 5866 mirum
3191 5809 3357 5865 videri
3384 5823 3512 5878 pos-

1913 5911 1982 5964 sit
2011 5909 2184 5963 virum
2226 5916 2419 5963 caetera
2451 5907 2670 5963 doctum
2716 5906 2884 5959 hocce
2925 5903 2976 5958 in
3019 5903 3140 5958 loco
3170 5912 3323 5957 extra
3364 5900 3517 5956 oleas
