3968 6332
466 322 528 378 st
1881 298 2416 383 ettOLtsoottEuA.
2862 285 2871 290 ’
2909 286 2912 290 “
3706 316 3774 375 se

465 435 669 508 vagari.
695 435 880 507 Neque
906 436 1049 499 enim
1080 432 1213 501 satis
1238 430 1334 491 fuit
1355 429 1540 495 divino
1561 431 1830 503 Scriptori
1855 431 2063 498 dicere,
2096 436 2142 495 Α
2172 432 2473 503 exemplar,
2525 432 2619 489 sed
2654 431 2805 504 plura
2856 446 2965 504 pra:
3007 433 3254 493 manibus
3300 432 3556 493 habuisse
3590 435 3775 491 dicen-

468 531 519 587 in
551 530 818 601 principio
855 528 1089 589 Verbum
1119 527 1317 593 fuisse;
1364 535 1420 593 et
1464 526 1609 597 apud
1638 526 1831 594 Deum,
1859 533 1917 583 et
1942 539 2068 583 eum

468 626 579 683 Deo
611 626 798 682 Deum.
851 623 958 687 Sed
986 636 1175 681 rursus
1201 621 1466 683 inculcat:
1493 620 1609 676 Hoc
1643 629 1750 675 erat
1789 621 1843 676 in
1875 620 2069 689 princi-

466 721 555 791 pio
579 718 719 788 apud
739 717 929 791 Deum,
955 715 1097 789 quod
1124 716 1327 787 pariter
1357 714 1556 784 repetit
1587 715 1756 786 Epist.
1787 712 1829 782 l,
1859 727 1899 782 ι,
1922 712 1981 769 '0
2007 710 2067 775 ἦν

464 816 557 873 ἀπ’
576 817 772 893 ἀρχῆς.
803 814 885 873 Ac
921 825 1233 889 propterea,
1264 810 1409 883 quod
1436 810 1619 869 dicere
1654 810 1851 882 pergit,
1882 809 2068 866 omnia

467 924 568 981 per
596 909 772 981 ipsum
821 907 982 975 facta,
1026 913 1081 965 et
1122 905 1240 961 sine
1284 904 1404 977 ipso
1447 903 1582 960 nihil
1622 918 1809 963 eorum
1843 901 2065 972 factum,

464 1015 587 1071 quae
614 1011 760 1066 sunt.
786 1015 815 1057 a
848 1000 1018 1074 prima
1049 998 1165 1064 illa,
1207 1012 1367 1070 quam
1411 996 1894 1074 assertam_voluit,
1925 996 2067 1051 veri-

462 1069 595 1163 tate,
629 1093 782 1163 quasi
812 1069 1019 1153 a'fonte
1048 1069 1486 1158 rivus,iemanat.
1531 1087 1640 1145 Sed
1675 1069 1839 1146 nemo
1871 1088 2065 1145 melius

463 1184 755 1263 παράδοξον
786 1184 925 1241 istud
959 1182 1152 1247 Grotii,
1196 1198 1356 1254 quam
1404 1180 1623 1241 Grotius
1664 1182 1779 1251 ipse
1808 1180 2067 1238 emenda-

463 1281 559 1339 vit.
618 1279 752 1337 Cum
801 1278 945 1337 enim
992 1277 1167 1349 plura,
1212 1276 1499 1349 exquisita,
1549 1283 1607 1331 ut
1649 1289 1796 1346 saepe
1840 1276 2067 1343 assolet,

462 1370 773 1429 eruditione
820 1372 1137 1433 adnotasset
1164 1368 1232 1427 ad
1274 1370 1444 1439 prima
1494 1369 1606 1436 illa,
1638 1366 1715 1427 Ἐν
1757 1370 1906 1445 ἀρχῇ
1947 1366 2007 1428 ἦν
2040 1366 2067 1423 ὅ

460 1465 962 1543 λόγος,,βοιιειυάἰι
1006 1463 1223 1527 tandem
1272 1480 1286 1517 :
1341 1463 1600 1537 Rejicitur
1648 1462 1733 1519 hic
1780 1479 1812 1515 a
1862 1460 2067 1517 Joanne

464 1557 825 1615 Gnostieorum
873 1558 1196 1659 ﬁgmentum,
1251 1559 1339 1629 qui
1386 1559 1442 1617 ἐκ
1482 1565 1574 1621 τῆς
1617 1564 1899 1636 «poetioli;
1948 1563 2065 1626 post

463 1652 628 1709 multa
647 1650 837 1709 sa'cula
864 1648 1039 1711 mitam
1067 1657 1183 1707 νοῦν
1210 1649 1435 1709 aiebant.
1466 1648 1667 1707 Deinde
1692 1666 1756 1707 ea:
1778 1656 1864 1705 νοῦ
1888 1658 2066 1705 natum

462 1752 723 1818 μονογενῆ,
766 1744 893 1798 etab
917 1759 975 1797 eo
995 1740 1158 1818 λόγον.
1184 1742 1305 1797 Vim
1330 1743 1574 1801 veritatis
1599 1741 1740 1803 illius
1769 1742 1940 1799 sensit
1967 1756 2063 1813 pa-

463 1839 597 1893 riter
628 1838 680 1892 in
704 1847 972 1899 cumulate
998 1837 1247 1909 sequenti
1284 1834 1436 1901 οὗτος·
1465 1833 1523 1899 ἦν
1551 1838 1602 1895 ἂν
1631 1839 1779 1913 ἀρχῇ
1809 1836 1938 1909 πρὸς·
1975 1837 2064 1891 τὸν
2093 1830 2143 1893 Β

464 1932 605 1989 Θεὸν.
648 1931 849 2007 Repetit
890 1931 1005 2000 hoc,
1037 1931 1307 2002 inquiens,
1350 1931 1470 2000 quia
1509 1930 1676 1985 Deum
1688 1932 1803 2001 jam
1834 1929 2067 1995 vocavit;

464 2025 560 2083 Itoc
575 2024 748 2087 volens
786 2025 861 2083 ita
886 2022 1053 2079 Deum
1077 2040 1185 2085 esse
1219 2024 1631 2095 intelligendum,
1658 2032 1779 2079 utet
1803 2023 1935 2081 illud
1963 2038 2069 2077 ma-

463 2128 605 2184 neat.
652 2119 812 2189 {uiue
846 2134 961 2173 eum
1005 2118 1147 2188 apud
1198 2117 1380 2175 Deum.
1428 2116 1495 2171 Id
1535 2126 1609 2177 est
1664 2126 1720 2171 ut
1773 2132 1878 2172 non
1914 2116 2070 2188 fuerit

464 2208 660 2289 ὁλόγος
686 2227 834 2267 omne
862 2210 917 2266 id
940 2209 1079 2282 quod
1101 2220 1173 2266 est
1196 2209 1360 2267 Deus.
1392 2209 1753 2283 Hypostaseon
1777 2210 2066 2267 distinctio-

467 2321 580 2365 nem
612 2304 882 2379 Origenes,
911 2313 959 2359 et
987 2313 1105 2377 post
1131 2320 1246 2359 eum
1272 2305 1363 2361 alii
1386 2320 1648 2363 vocavere.

535 2397 592 2452 Si
638 2398 756 2453 lucc
793 2398 1140 2467 eXpeudisset
1176 2397 1443 2467 Clericus,
1476 2401 1844 2480 grammaticae
1889 2399 2061 2472 leges,

466 2503 603 2560 quas
629 2490 717 2549 vel
742 2489 940 2551 invitas
967 2490 1035 2553 ad
1066 2490 1246 2549 locum
1269 2490 1430 2549 istum
1460 2492 1748 2563 pertraxit,
1775 2490 2071 2564 praeteriis-

468 2595 574 2641 set.
609 2584 716 2641 Sed
747 2584 826 2651 tlli
849 2593 1109 2647 statutum
1142 2594 1276 2654 erat,
1310 2586 1704 2659 evangelistam
1730 2585 1795 2647 ad
1823 2585 2070 2643 Philonis

466 2670 807 2743 aliorumque
838 2670 1237 2739 Platonicorum
1284 2674 1447 2735 verba
1492 2672 1872 2745 respicientem
1904 2672 2067 2727 indu-

466 2777 614 2820 cere.
656 2767 733 2827 An
773 2764 1019 2827 lclicibus
1069 2765 1347 2841 auspiciis,
1396 2766 1642 2838 legentes
1683 2766 1919 2827 videant.
1953 2765 2071 2823 Hoc

465 2871 629 2923 unum
656 2856 876 2927 addam,
909 2858 963 2913 in
990 2858 1243 2919 versione
1284 2859 1375 2921 illa
1407 2874 1503 2915 sua
1534 2858 1821 2917 obscuram
1844 2859 2071 2919 omnino

465 2945 761 3016 Clericum,
807 2950 1133 3022 dubiamque
1177 2950 1479 3013 reddidisse
1530 2950 1905 3021 Hypostaseou
1953 2952 2071 3008 dis-

467 3044 804 3105 tinctionem.
838 3046 1157 3103 Etrlortasse
1188 3045 1288 3103 hoc
1310 3047 1573 3111 sentiens,
1602 3060 1725 3102 cum
1757 3044 2067 3113 Rationem,

467 3144 526 3191 ut
547 3135 772 3197 Venena
795 3138 1068 3206 expliCare
1089 3139 1272 3204 vellet,
1298 3137 1781 3195 Ruracmnrorus
1805 3138 2072 3194 vocabulo

2172 528 2303 583 dum
2348 528 2439 599 sit,
2486 527 2627 597 unde
2672 527 2895 584 totidem
2939 530 3212 585 variantes
3255 529 3625 589 desumerent.
3668 530 3777 589 Sed

2171 621 2306 679 nihil
2336 622 2561 689 certius,
2594 636 2755 691 quam
2800 637 3077 678 sacrorum
3106 621 3421 690 Librorum,
3463 622 3601 681 Novi
3628 640 3774 694 pra:-

2169 716 2355 777 sct‘tim
2383 715 2629 773 Fmderis
2670 717 2821 773 locos
2846 717 3169 788 plerumque
3208 732 3240 773 e
3283 717 3561 775 memoria:
3604 733 3773 791 penu,

2168 809 2459 881 aliquando
2487 810 2650 869 etiam
2697 811 3073 875 tumultuario,
3109 821 3164 866 ut
3193 826 3280 871 res
3325 812 3465 883 ipsa,
3510 824 3604 867 aut
3635 821 3776 871 tem-

2171 920 2272 977 pus
2298 905 2523 973 l‘errent,
2559 905 2815 961 Ecclesia:
2848 904 3039 961 Patres
3079 904 3361 961 adtulisse.
3396 905 3509 969 Nisi
3555 906 3600 961 si
3635 905 3775 964 forte

2171 998 2238 1054 ad
2264 1008 2533 1053 assertum
2569 996 2790 1069 aliquod
2823 998 3156 1067 probandum
3199 1000 3424 1070 praecisa
3466 1003 3604 1056 sacri
3630 999 3773 1059 Tex-

2171 1099 2258 1147 tus
2288 1093 2612 1147 auctoritate
2639 1105 2776 1160 epos
2807 1089 2967 1148 foret.
3003 1090 3158 1150 'l‘une
3183 1093 3326 1150 enim
3356 1102 3566 1159 exacte,
3597 1107 3663 1148 ac
3682 1107 3776 1163 per

2173 1192 2353 1252 partes
2382 1182 2717 1250 eil'erebant;
2748 1183 2893 1255 quod
2925 1187 2978 1239 in
3007 1183 3233 1247 laudatis
3262 1185 3532 1258 aliquibus
3560 1184 3779 1243 Tertul-

2170 1272 2297 1330 liani
2331 1274 2463 1329 locis
2499 1274 2942 1331 observabamus.

2240 1369 2311 1427 At
2334 1368 2520 1426 Latina
2544 1370 2883 1441 antigrapha.
2908 1370 3069 1428 etiam
3092 1370 3410 1439 vetustiora,
3439 1372 3493 1427 in
3523 1370 3777 1440 pluribus

2171 1461 2449 1517 dill'erunt.
2501 1462 2649 1516 Esto.
2707 1461 2844 1517 Num
2894 1461 3081 1518 Graeca
3123 1464 3191 1517 ab
3233 1463 3382 1519 hisce
3425 1462 3779 1520 varietatibus

2171 1557 2378 1613 libera?
2409 1555 2560 1613 llaud
2602 1556 2873 1628 equidem.
2907 1556 3093 1631 Neque
3122 1556 3279 1617 aliter
3304 1572 3426 1615 esse
3453 1556 3665 1628 potuit;
3697 1556 3776 1624 si,

2170 1647 2449 1707 Clemente
2481 1650 2847 1719 Alexandrino
2870 1658 3027 1717 teste.
3045 1661 3103 1707 ut
3130 1650 3593 1717 observatMillius
3613 1648 3780 1719 (Pro-

2169 1744 2296 1817 leg.,
2322 1761 2374 1805 n.
2408 1742 2569 1814 287),
2596 1744 2705 1815 jam
2736 1759 2843 1805 non
2894 1744 3179 1801 defuerant
3215 1745 3282 1802 τὰ
3313 1752 3414 1802 τῶν
3459 1745 3781 1822 nomine»

2172 1838 2540 1912 μετατιθέντες.
2574 1836 2728 1906 Quod
2761 1836 3013 1893 licentius
3046 1837 3215 1897 multo
3243 1852 3269 1889 a
3302 1836 3549 1909 pluribus
3580 1838 3780 1897 tactum

2172 1930 2361 1986 scribit
2407 1928 2669 2000 Origenes
2699 1928 2901 1989 Hontil.
2936 1944 3029 1984 vin
3064 1929 3115 1983 in
3148 1929 3333 1985 Matth.
3370 1927 3558 2002 (cujus
3596 1928 3777 1983 locum

2173 2025 2330 2085 nobis
2361 2023 2728 2079 commodavit
2769 2022 3033 2085 Erasmus
3083 2022 3296 2078 laudata
3343 2022 3661 2094 praefatione
3708 2020 3779 2077 ad

2173 2118 2318 2175 Edit.
2335 2134 2386 2172 v.
2411 2117 2473 2175 N.
2503 2115 2616 2192 T.).
2645 2117 2821 2175 Verba
2846 2117 2991 2174 illius
3015 2128 3143 2179 sunt
3168 2136 3185 2173 :
3212 2116 3437 2175 Multam
3463 2118 3599 2175 enim
3624 2114 3782 2185 diffe-

2171 2213 2391 2269 rentiam
2424 2212 2558 2268 inter
2584 2211 2902 2284 exemplaria
2926 2212 3211 2271 invenimus
3227 2253 3244 2280 ,
3268 2212 3372 2273 sive
3400 2227 3492 2285 per
3517 2210 3782 2286 negligen-

2171 2307 2297 2365 tiam
2326 2306 2688 2373 scribentium,
2721 2307 2827 2362 sive
2864 2321 2928 2361 ea:
2954 2306 3238 2362 temeritate
3263 2304 3640 2378 quorumdam,
3674 2304 3783 2363 sive

2173 2407 2386 2471 propter
2408 2414 2529 2469 eos,
2556 2398 2642 2470 qui
2689 2398 2957 2471 negligant
2995 2397 3268 2454 emendare
3320 2397 3649 2469 Scripturar,
3700 2394 3786 2450 vel

2170 2501 2382 2565 propter
2410 2508 2520 2561 eos,
2542 2493 2654 2567 qui,
2683 2490 2824 2564 quod
2857 2492 2985 2563 ipsis
3007 2491 3230 2561 videtur,
3258 2491 3314 2546 in
3345 2488 3787 2547 emendotibribue

2172 2585 2250 2638 vel
2283 2583 2567 2655 adjiciunt,
2602 2584 2683 2639 vel
2709 2586 3023 2639 subducunt.
3057 2584 3195 2641 Hinc
3220 2582 3355 2639 nihil
3384 2582 3602 2649 mirum,
3625 2581 3695 2649 si,
3723 2582 3787 2638 in

2173 2691 2232 2733 re
2260 2676 2485 2746 alicujus
2513 2676 2776 2733 momenti
2805 2676 3134 2733 variantibus
3175 2674 3320 2733 inter
3353 2689 3413 2731 se
3448 2672 3789 2743 exemplari-

2174 2769 2275 2825 bus
2293 2814 2308 2838 ,
2336 2770 2403 2826 ad
2429 2770 2714 2848 ἀδιόρθωτα
2739 2770 2915 2828 Grieci
2947 2770 3045 2837 ipsi
3077 2782 3371 2843 provocare
3399 2766 3679 2833 solebant;
3711 2781 3786 2822 ea

2176 2862 2425 2928 scilicet,
2448 2879 2567 2935 qute
2592 2863 2645 2917 in
2670 2862 2809 2919 male
2841 2861 3061 2917 feriatos
3082 2860 3466 2919 emendatores
3499 2874 3605 2913 non
3641 2858 3786 2916 inci-

2174 2953 2403 3011 dissent.
2436 2953 2519 3011 Ad
2550 2954 2663 3010 haec
2695 2964 2872 3011 tamen
2895 2996 2910 3017 ,
2938 2952 3159 3013 fallente
3185 2953 3480 3020 memoria,
3527 2966 3634 3007 non
3680 2950 3785 3009 ad-

2174 3048 2331 3103 vertit
2359 3048 2595 3103 animnm
2626 3047 2883 3105 Erasmus
2912 3046 3050 3116 ipse,
3079 3046 3295 3119 quando
3325 3047 3377 3105 in
3408 3042 3597 3109 eadem
3629 3058 3778 3113 pra:—

2175 3140 2374 3199 fatione
2398 3141 2660 3210 suSpicari
2690 3155 2748 3196 se
2780 3139 2875 3206 ait,
2901 3138 2948 3193 si
2970 3140 3098 3213 quid
3123 3148 3386 3203 mutatum
3417 3147 3501 3194 est
3537 3138 3590 3193 in
3620 3136 3779 3193 Cra:-

469 3234 757 3300 expressit.
782 3231 953 3285 Immo
984 3232 1036 3295 in
1065 3231 1612 3293 Animadversiouum
1645 3247 1865 3299 suarum
1899 3233 2070 3289 altera
2100 3221 2145 3297 Ω
2178 3251 2360 3299 eorum
2407 3236 2593 3304 libris,
2625 3234 2677 3291 id
2707 3250 2738 3289 a
2768 3235 2974 3290 Latinis
3001 3233 3399 3311 exemplaribus
3442 3231 3609 3293 fuisse
3646 3245 3782 3301 pro-

472 3325 574 3379 buc
618 3326 792 3393 ipsum
841 3324 1073 3381 adducto
1106 3326 1343 3385 Platonis
1389 3326 1507 3389 loco
1553 3343 1584 3383 e
1625 3326 1833 3385 Timaeo
1876 3326 2073 3383 conﬁr-

472 3423 611 3481 mat;
669 3417 757 3483 ubi
809 3416 1159 3490 philosophus
1202 3418 1294 3475 ille
1334 3419 1496 3495 Acir/av
1539 3413 1778 3490 appellat
1816 3426 1907 3476 τοῦ
1943 3426 2074 3477 Θεοῦ

468 3510 740 3584 λογισμὸνς
773 3511 913 3581 quod
947 3512 1085 3569 idem
1135 3522 1238 3580 est,
1280 3512 1360 3584 (ut
1384 3514 1496 3583 jam
1527 3514 1791 3589 diximus)
1838 3531 1900 3574 ac
1927 3515 2073 3570 Ven-

470 3617 579 3671 erit
605 3603 801 3658 divinat
848 3606 1066 3675 tuentis,
1100 3621 1198 3676 per
1238 3608 1534 3669 essentiam
1581 3608 1830 3679 equidem
1872 3606 2070 3677 RATIO,

470 3706 525 3757 at
552 3712 647 3771 per
677 3697 992 3777 hypostasin
1024 3700 1272 3767 Venena.

544 3790 727 3855 Satius
750 3794 929 3875 itaque
957 3795 1131 3853 fuerat
1168 3793 1462 3864 Clericum,
1502 3812 1624 3859 cum
1656 3796 1863 3855 Latinis
1894 3798 2074 3855 omni-

472 3884 573 3953 bus
605 3895 873 3953 vetusuim
913 3889 1261 3963 interpretem
1308 3891 1482 3962 sequi.
1514 3907 1674 3963 quam
1718 3894 2066 3967 evangelistte

474 3978 674 4047 locum,
709 3994 872 4045 sensu
897 3982 1013 4054 ipso
1043 3982 1203 4039 aliter
1231 3983 1508 4052 exigente,
1546 3982 1627 4041 sic
1656 3995 1891 4043 vertere.

546 4073 653 4133 Sed
671 4076 784 4145 jam
820 4077 1073 4145 sepositis
1114 4077 1425 4137 scholiastis
1470 4078 1641 4142 hisce,
1698 4094 1928 4148 quorum
1972 4094 2072 4139 ne-

474 4180 578 4240 que
620 4167 861 4235 exactior
908 4181 1074 4245 opera
1129 4168 1183 4223 in
1235 4167 1526 4231 reddendis
1567 4168 1734 4227 divini
1777 4169 2076 4242 Scriptoris

475 4255 679 4321 verbis,
711 4271 887 4331 neque
914 4258 1256 4317 commodior
1301 4259 1493 4325 evasit,
1527 4258 1592 4315 ad
1623 4259 1975 4333 multiplicem
2011 4260 2076 4319 il-

475 4350 581 4410 lam
627 4350 983 4420 interpretum
1024 4353 1223 4413 seriem
1274 4353 1515 4421 rediens,
1565 4369 1702 4425 quos
1747 4353 1971 4419 Huctius
2019 4357 2074 4413 in

477 4442 863 4505 ecclesiasticis
908 4444 1265 4517 scriptoribus
1305 4446 1580 4507 invenisse
1624 4446 1728 4503 sibi
1761 4448 2072 4519 videbatur,

479 4552 588 4607 non
618 4536 848 4600 verebor
872 4538 1165 4603 afﬁrmare,
1196 4540 1354 4601 aliter
1382 4540 1532 4596 illum
1564 4556 1851 4605 sensurum
1884 4543 2071 4612 fuisse,

2176 3330 2399 3396 fectum,
2431 3340 2786 3403 posteaquam
2822 3328 3063 3385 Romana
3098 3327 3338 3387 Beelesia
3380 3326 3547 3395 caspit
3586 3324 3782 3383 absor-

2177 3424 2305 3481 bere
2344 3424 2630 3482 Gravciam.
2662 3424 2776 3493 Qua
2818 3424 3128 3495 suspicione
3155 3422 3284 3478 nihil
3308 3421 3549 3492 proiecto
3580 3420 3775 3481 levius.

2179 3514 2347 3573 Sicuti
2379 3514 2643 3571 inﬁrmius
2682 3515 2813 3579 nihil
2846 3515 2945 3583 iis,
2980 3529 3101 3585 qua:
3151 3513 3219 3569 de
3266 3513 3483 3584 antiqua
3524 3513 3784 3571 versione

2179 3608 2378 3669 ibidem
2406 3617 2747 3667 commentus
2779 3618 2883 3671 est,
2919 3608 3168 3679 inquiens
3202 3624 3214 3661 :
3251 3607 3359 3663 Sed
3403 3608 3535 3671 hanc
3580 3607 3778 3681 recepit

2180 3702 2415 3759 Ecclesia
2447 3702 2704 3759 Romana.
2732 3699 2815 3756 Ne
2841 3702 2897 3755 id
2921 3701 3129 3773 quidem
3157 3701 3459 3775 simpliciter
3482 3717 3653 3761 verum
3682 3709 3777 3757 esi.

2181 3797 2443 3864 Observet,
2474 3797 2562 3869 qui
2593 3796 2742 3863 volet,
2774 3796 2899 3868 quid
2929 3796 3064 3868 legat
3087 3796 3300 3853 ecclesia
3334 3793 3611 3861 Romana;
3634 3810 3779 3855 cout-

2175 3895 2337 3969 periet
2366 3892 2532 3948 multa
2558 3892 2840 3947 dissonare.
2881 3890 3008 3947 Haec
3051 3904 3285 3949 vruerun
3328 3904 3512 3945 rurssu
3561 3887 3781 3947 GALLO-

2140 4050 2153 4055 _
2177 4001 2312 4051 nuu,
2333 4000 2465 4055 qua,
2499 4000 2655 4055 quum
2674 3984 2787 4054 jam
2808 3982 3015 4037 taederet
3042 3981 3263 4057 infinita!
3290 3980 3570 4051 varietatis,
3606 3980 3779 4035 locum

2177 4078 2417 4133 obtinuit.

2249 4168 2319 4227 Et
2350 4182 2537 4225 verum
2574 4164 2824 4237 equidem
2860 4172 2965 4231 est,
2993 4164 3046 4220 in
3069 4173 3149 4229 tot
3183 4163 3589 4237 exemplaribus
3615 4162 3681 4221 N.
3710 4162 3779 4219 Τ.

2177 4277 2299 4335 qua:
2326 4270 2451 4334 post
2486 4262 2760 4321 inventam
2802 4260 3213 4332 typograpbiam
3245 4259 3524 4331 prodiere,
3557 4258 3781 4315 diﬂ‘erre

2176 4355 2407 4415 invicem
2459 4353 2716 4425 plurima.
2764 4352 2872 4409 Sed
2901 4368 3005 4425 qua
3046 4353 3115 4409 de
3149 4368 3309 4411 causa
3333 4393 3347 4421 ,
3387 4353 3618 4424 ipsemet
3642 4395 3656 4421 ,
3688 4353 3780 4423 qui

2178 4446 2380 4521 pluries
2408 4445 2607 4514 edidit,
2635 4446 2775 4502 scire
2818 4455 3052 4516 poterat.
3095 4445 3300 4516 Nempe
3346 4461 3416 4503 ex
3459 4446 3782 4502 diversitate

2177 4541 2446 4611 codicum,
2474 4540 2541 4597 ad
2567 4555 2796 4613 quorum
2826 4540 2985 4605 lldcm
3013 4540 3383 4613 exigebantur.
3417 4540 3622 4599 Horum
3646 4556 3781 4598 vero

479 4633 525 4699 si
548 4640 924 4704 argumentum
956 4632 1061 4693 hoc
1082 4632 1346 4697 maturius
1372 4643 1775 4704 pertractasset.
1808 4636 1915 4709 Ego
1941 4653 2075 4694 sane
2100 4619 2154 4683 Π
2180 4635 2483 4703 diversitas,
2516 4651 2622 4691 non
2645 4651 2713 4690 ex
2737 4635 3090 4706 interpretum
3122 4632 3409 4704 varietate,
3435 4632 3529 4688 sed
3552 4648 3616 4690 ex
3644 4633 3770 4700 illis,

480 4740 601 4787 eum
633 4725 876 4801 argentei
904 4724 1108 4782 codicis
1134 4726 1303 4781 nostri
1335 4726 1683 4785 collationem
1712 4743 1836 4787 cum
1858 4728 2077 4787 Tertul-

479 4818 642 4884 liano,
673 4835 737 4876 ac
767 4817 1039 4893 Cypriane
1085 4821 1475 4887 inStituissem;
1507 4822 1650 4897 quod
1680 4823 1819 4881 inter
1850 4823 2077 4887 Latinos

480 4911 777 4980 scriptores
804 4912 870 4969 ad
899 4927 962 4971 ea
1000 4913 1255 4971 Ecclesiae
1287 4924 1530 4985 tempora
1584 4916 1805 4989 prepius
1846 4917 2077 4975 accede-

481 5012 625 5067 rent,
667 5005 864 5074 quibus
891 5007 1107 5077 puriora
1139 5015 1380 5069 veterum
1418 5007 1769 5081 interpretum
1800 5011 2074 5082 exempla-

482 5096 561 5159 ria
590 5109 711 5165 βεδε
737 5096 1053 5167 debuerant,
1089 5098 1223 5159 locis
1243 5098 1515 5168 omnibus,
1544 5115 1678 5175 quos
1708 5100 1788 5163 illi
1809 5118 1875 5161 cx
1899 5102 2076 5161 Evan-

482 5189 639 5262 geliis
683 5188 1039 5260 adduxerant,
1089 5203 1301 5255 mature
1332 5195 1639 5266 perpensis,
1673 5195 1894 5261 fundum
1947 5197 2078 5257 mihi

482 5282 718 5352 aliquem
752 5297 971 5353 parasse
999 5287 1275 5359 putabam,
1303 5287 1446 5349 unde
1486 5288 1743 5351 lectiones
1771 5288 1899 5351 dicti
1932 5290 2081 5349 codi-

486 5375 566 5438 cis
600 5376 812 5441 illorum
859 5381 1177 5445 auctoritate
1207 5381 1425 5445 ﬁrmare
1455 5394 1691 5458 possem.
1725 5384 1822 5440 Ast
1854 5383 1944 5439 ubi
1983 5383 2084 5438 ali-

486 5469 703 5547 quando
728 5469 842 5529 dies
880 5470 986 5537 diei
1017 5471 1208 5541 illuxit,
1239 5474 1432 5535 falsum
1461 5491 1568 5551 me,
1620 5484 1673 5539 et
1699 5475 1919 5543 fundum
1964 5478 2084 5535 nul-

485 5561 594 5621 lum
623 5572 831 5629 certum
862 5564 1048 5625 labore
1081 5565 1172 5629 illo
1201 5569 1444 5631 mihimet
1479 5584 1827 5642 cotnparasse
1865 5572 2081 5631 tandem

486 5660 742 5727 cognovi.
778 5658 855 5714 Ita
886 5658 1103 5721 easdem
1132 5660 1414 5737 perieopas
1448 5664 1549 5731 (uti
1597 5664 1940 5731 observatum
1973 5664 2082 5738 est)

488 5749 629 5817 haud
658 5751 845 5811 iisdem
871 5752 1072 5817 verbis,
1107 5761 1162 5817 et
1190 5768 1333 5819 nunc
1362 5754 1629 5829 pluribus,
1672 5758 1834 5825 modo
1863 5760 2085 5837 paucio-

488 5845 662 5917 ribus,
695 5844 961 5913 etl‘erunt;
1009 5856 1068 5905 ut
1093 5856 1387 5927 propterea
1416 5863 1526 5909 non
1559 5866 1747 5920 unum,
1789 5852 2088 5911 alterumve

2180 4743 2317 4801 quos
2344 4727 2642 4799 Origenes,
2682 4735 2738 4784 et
2778 4735 2898 4798 post
2938 4725 3079 4783 hunc
3114 4726 3470 4799 Hieronymus
3500 4728 3778 4783 memoriae

2180 4823 2484 4896 prodidere.

2252 4917 2406 4985 Quod
2432 4926 2613 4977 autem
2643 4916 2741 4989 ait,
2769 4914 2937 4973 videri
2961 4915 3287 4987 versionem,
3319 4914 3389 4971 de
3408 4930 3510 4986 qua
3542 4914 3778 4986 agimus,

2179 5011 2350 5068 fuisse
2393 5011 2705 5076 Gallorum;
2735 5028 2870 5080 quos
2923 5011 3132 5083 praedes
3176 5011 3244 5071 de
3299 5012 3644 5083 possessione
3678 5013 3779 5066 ista

2180 5112 2477 5163 conventus
2508 5103 2765 5161 Erasmus
2804 5103 3028 5160 daturus
3057 5104 3245 5160 fuisset
3281 5118 3384 5157 non
3413 5102 3592 5165 video.
3630 5102 3781 5159 Feli-

2182 5201 2331 5263 citati
2383 5199 2680 5267 Galliarnm
2737 5208 3088 5259 monumenta
3128 5200 3466 5272 antiquitatis
3515 5200 3781 5260 debemus

2185 5295 2452 5365 plurima,
2497 5294 2612 5349 hinc
2647 5295 2807 5360 inter.
2834 5293 2998 5355 etiam
3049 5294 3112 5353 N.
3167 5294 3232 5352 Τ.
3273 5296 3611 5369 apographa,
3660 5312 3781 5367 qua:

2189 5386 2503 5461 lliertmymi
2530 5395 2743 5449 etatem
2775 5395 3164 5452 antevertunt;
3194 5389 3344 5460 plura
3373 5389 3623 5458 deblturi,
3654 5390 3780 5458 nisi,

2189 5488 2311 5552 post
2340 5482 2567 5549 primam
2602 5481 2743 5539 illam
2774 5480 2980 5541 cladem
3001 5525 3017 5551 ,
3046 5489 3125 5538 tot
3142 5477 3276 5551 'alia,
3307 5497 3428 5554 qua:
3456 5484 3660 5540 servari
3687 5498 3781 5555 po-

2190 5581 2440 5643 tuerant,
2470 5572 2675 5637 tristior
2717 5572 2886 5631 altera
2932 5583 3271 5645 occupasset.
3303 5574 3436 5645 Qua:
3465 5582 3643 5635 tamen
3676 5576 3783 5635 illic

2188 5675 2497 5739 supersunt,
2520 5665 2742 5723 easdem
2766 5667 2947 5735 vices,
2980 5681 3044 5725 ac
3063 5666 3245 5724 ltalica
3267 5710 3281 5735 ,
3315 5682 3473 5741 passa
3510 5678 3665 5737 sunt,
3690 5683 3784 5729 va.

2189 5758 2455 5825 riantibus
2482 5759 2700 5824 scilicet
2731 5760 2987 5819 obnoxia.
3020 5760 3290 5821 Caeterum
3318 5778 3384 5821 ex
3422 5763 3610 5821 eodem
3639 5763 3784 5831 (ante

2192 5851 2398 5927 omnia.
2427 5867 2623 5925 nempe
2643 5852 2905 5923 Remane
2933 5854 3193 5933 Ecclesiae
3220 5856 3534 5936 primigenia
3557 5859 3645 5929 illa
3669 5873 3789 5925 vor-
