3968 6332
281 291 348 348 53
1085 284 1306 346 EPIST.
1349 283 1596 343 PHILIP.
1639 282 1991 348 GARBELLI
2029 286 2120 348 DE
2157 286 2409 348 CODICE
2448 287 2796 348 BRIXIANO.
3511 295 3580 352 54

272 406 445 474 sione,
469 419 591 478 quae
609 418 679 464 ex
700 402 915 476 imperii
939 417 1004 462 ac
1024 402 1307 474 religionis
1335 401 1468 462 sede
1492 401 1546 458 in
1566 400 1878 462 Occidentis
1903 403 1957 468 Δ
1983 402 2319 474 autographa
2349 403 2559 475 aliquot
2597 405 2734 470 Novi
2761 405 3021 471 Foederis
3047 420 3396 480 monumenta
3415 453 3430 480 ,
3473 410 3578 472 alia

273 502 586 574 provincias
613 516 674 562 se
699 499 1138 564 lateditl'uderat.

337 596 450 654 Cur
480 598 627 653 inter
660 613 720 653 se
747 596 1032 664 differant,
1064 611 1128 652 ex
1165 603 1316 664 parte
1353 594 1608 650 diximus.
1641 591 1879 649 Diversi-

267 701 434 754 tstem
488 695 630 750 hanc
679 693 746 754 ad
786 692 1102 752 statuendas
1133 700 1212 748 tot
1240 691 1376 750 alias
1418 692 1694 748 versiones
1733 690 1876 749 haud

266 788 397 843 satis
425 801 574 853 esse,
611 802 718 842 non
751 786 870 843 sine
899 785 1144 842 veritatis
1173 783 1356 855 specie
1377 783 1732 854 c0njecimus.
1768 781 1879 838 Dif-

267 879 450 934 ferunt
482 879 631 936 inter
671 894 731 934 se
777 878 966 936 Graeca
1015 877 1297 950 profundae
1342 875 1696 947 antiquitatis.
1743 871 1876 932 Ver-

266 972 454 1026 siones
485 987 554 1027 ex
581 971 685 1030 hoc
719 971 899 1041 plures
930 971 984 1028 in
1011 970 1272 1026 Orientali
1313 970 1555 1026 Ecclesia
1593 970 1758 1026 factas
1784 982 1875 1024 sa-

268 1079 371 1122 nus
423 1079 589 1126 nemo
644 1063 1016 1120 allirmaverit.
1066 1064 1124 1119 Si
1171 1065 1468 1133 primorum
1516 1063 1875 1131 interpretum

265 1167 500 1228 ectypou
529 1156 748 1227 aliquod
779 1172 972 1226 purum
1001 1156 1366 1226 intactumque
1395 1172 1455 1211 se
1482 1154 1731 1219 sisteret,
1760 1152 1876 1209 col-

271 1251 400 1307 latis
443 1251 674 1312 invicem
704 1293 718 1318 ,
751 1267 871 1322 qua:
899 1260 1190 1320 supersunt
1213 1293 1229 1319 ,
1260 1251 1540 1308 veritatem
1573 1250 1711 1308 banc
1741 1249 1874 1306 faci-

261 1343 368 1400 lius
415 1344 864 1416 adsequeremur.
909 1343 1017 1400 Sed
1062 1351 1183 1413 post
1227 1343 1595 1404 infelicitatem
1643 1342 1866 1398 illorum

263 1449 608 1510 temporum,
656 1439 811 1510 cujus
863 1439 1192 1500 mentionem
1230 1438 1488 1502 fecimus.
1519 1453 1656 1494 nova
1687 1437 1874 1494 clades

261 1541 458 1604 ectypa
492 1533 706 1602 puriora
738 1532 1074 1602 intervenit.
1114 1533 1177 1588 D.
1227 1533 1554 1608 Hieronymo
1594 1533 1869 1600 videlicet,

260 1635 494 1695 urgente
535 1626 788 1690 Damaso,
819 1625 883 1680 N.
912 1625 976 1680 Τ.
1009 1625 1273 1680 librorum
1314 1626 1554 1680 instituta
1581 1626 1866 1682 correctio.

263 1714 415 1779 Hanc
459 1716 666 1774 etenim
715 1717 928 1784 statim,
979 1731 1044 1772 ac
1090 1717 1298 1788 vulgari
1346 1717 1544 1788 erepit,
1594 1731 1719 1774 cum
1768 1716 1871 1771 viri

263 1810 455 1866 summi
509 1819 626 1868 toto
678 1810 814 1867 orbe
850 1809 1164 1866 Christiano
1193 1811 1608 1870 celeberrimum
1642 1827 1862 1878 nomen,
1894 1812 1943 1872 B

208 1914 210 1917 '
257 1918 321 1960 ac
347 1905 579 1974 proinde
607 1904 914 1975 expectatio
937 1905 1152 1978 ingens,
1178 1915 1288 1961 tum
1321 1906 1504 1977 operis
1529 1907 1866 1976 magnitudo,

258 2005 342 2062 et,
371 2013 497 2067 quae
549 1996 653 2053 fuit
697 2013 912 2068 semper
940 1999 1189 2054 humanis
1220 1998 1452 2070 ingeniis
1501 1999 1658 2067 illex,
1691 2000 1868 2070 gratia

258 2089 537 2158 novitatis,
572 2091 960 2148 commendare
991 2093 1247 2163 primum,
1284 2092 1480 2150 deinde
1503 2108 1608 2148 non
1642 2092 1869 2164 privatis

257 2182 433 2236 solum
453 2224 470 2250 ,
501 2182 597 2238 sed
624 2183 882 2240 Ecclesiis
909 2183 1042 2254 ipsis
1074 2191 1131 2240 ut
1155 2184 1208 2240 in
1240 2185 1411 2256 pretio
1437 2194 1584 2248 esset
1623 2185 1862 2243 efficere.

257 2274 398 2344 Quid
441 2275 574 2331 inde
612 2278 893 2345 evenerit,
946 2276 1107 2334 facile
1158 2286 1243 2333 est
1287 2277 1551 2335 divinare.
1615 2278 1867 2342 Conferri

257 2378 499 2439 ereptum
533 2384 656 2426 cum
687 2369 915 2428 vetustis
942 2371 1346 2441 exemplaribus
1383 2387 1578 2429 recens
1606 2387 1766 2443 opus.
1797 2372 1867 2432 Et

259 2462 349 2518 alii
381 2462 604 2534 quidem
652 2463 811 2524 avide
853 2467 1096 2535 arripere
1118 2506 1131 2530 ,
1163 2464 1358 2520 efferre
1385 2464 1654 2533 laudibus,
1687 2467 1860 2536 sequi.

262 2554 360 2610 Alii
395 2571 529 2612 vero
550 2598 563 2621 ,
597 2557 804 2627 antiqui
838 2557 1007 2613 moris
1055 2566 1296 2621 tenaces,
1347 2557 1532 2622 mirari
1588 2558 1862 2618 hominem

263 2648 346 2718 qui
387 2647 538 2718 quod
587 2664 652 2704 eo
704 2664 875 2720 usque
904 2650 1102 2706 lectum
1131 2650 1199 2704 ab
1230 2650 1479 2706 omnibus
1507 2650 1680 2710 fuerat
1703 2666 1865 2707 revo-

261 2754 383 2798 care
423 2741 492 2799 ad
540 2743 795 2800 incudem
835 2745 1040 2814 primus
1069 2759 1134 2800 ac
1162 2743 1429 2814 refingere
1485 2744 1670 2804 vellet.
1718 2744 1865 2800 Non-

261 2835 391 2896 nulli
415 2837 580 2896 etiam
604 2846 797 2892 contra
816 2837 936 2903 niti,
961 2852 1244 2907 spernere,
1275 2837 1485 2892 auctori
1513 2836 1615 2908 ipsi
1646 2837 1861 2895 obtrec-

261 2935 397 2982 tare.
433 2927 622 3000 Neque
647 2930 790 2986 enim
813 2928 1037 2986 defuere
1068 2929 1401 3001 Hieronymo
1423 2929 1817 2988 obtrectatores
1845 2949 1857 2984 :

261 3034 362 3083 nec
390 3018 627 3080 deerunt
658 3036 890 3093 unquam
924 3021 1204 3093 praeclaris
1231 3021 1484 3093 ingeniis,
1536 3037 1654 3093 qua:
1699 3033 1865 3079 urunt

259 3114 554 3187 splendore
588 3131 709 3184 suo,
738 3127 1180 3190 prmgravantque
1209 3128 1354 3174 artes
1385 3115 1521 3172 infra
1545 3133 1604 3173 se
1633 3119 1856 3188 positas.

1981 512 2111 552 vero
2166 513 2230 552 ex
2271 499 2619 570 autographis
2660 501 2767 570 ipsi
2812 513 3004 575 ectypa
3054 518 3264 560 summa
3323 506 3427 573 fide
3477 505 3578 568 de:

1981 590 2184 660 scripta
2215 607 2325 662 pra:
2358 593 2529 650 oculis
2549 593 2819 654 habebant
2845 596 2972 654 dum
3003 609 3305 664 verterent.
3331 603 3429 660 Ast
3454 600 3580 662 Hie-

1980 697 2259 754 ronymus,
2293 683 2420 742 dum
2453 682 2631 744 fontes
2671 689 2897 758 quaerit,
2929 706 2994 748 ex
3024 707 3215 750 eorum
3265 692 3492 759 rivulis,
3522 702 3578 756 et

1978 776 2192 846 quidem
2241 778 2506 838 incertum
2549 795 2616 836 an
2650 783 2796 838 omni
2825 799 2889 840 ex
2931 795 3082 855 parte
3113 788 3284 858 puris,
3317 797 3440 859 post
3467 798 3580 846 tre-

1978 876 2186 938 centos,
2220 876 2275 924 et
2295 870 2530 942 amplius
2558 887 2733 930 annos
2773 875 2896 932 inde
2927 877 3266 934 manantibus
3295 878 3580 948 adtingere

1977 968 2061 1015 est
2087 973 2339 1030 coactus;
2373 965 2513 1034 quod
2554 965 2628 1020 ita
2669 965 2916 1028 Latinam
2953 969 3256 1028 versionem
3301 972 3578 1042 corrigere

1977 1069 2036 1111 se
2059 1070 2214 1126 posse
2237 1059 2482 1114 securius
2506 1059 2887 1122 arbitraretur.

2048 1192 2130 1248 An
2163 1195 2272 1261 pari
2297 1195 2588 1252 securitate
2629 1196 2862 1266 idipsum
2891 1207 3152 1269 praestare
3183 1209 3395 1270 poterat
3423 1200 3580 1256 adbi-

1979 1287 2104 1343 bitis
2148 1288 2577 1346 Occidentalium
2607 1291 2930 1347 codicibus?
2970 1293 3140 1348 lmmo
3169 1295 3382 1365 majori,
3417 1305 3473 1350 ut
3495 1296 3575 1350 vi-

1977 1395 2095 1435 sum
2125 1391 2207 1435 est
2239 1381 2405 1437 Millio
2429 1381 2666 1456 (Proleg.
2700 1401 2754 1438 η.
2780 1385 2904 1450 854,
2935 1395 2981 1439 et
3007 1384 3194 1458 seqq.).
3227 1387 3282 1443 Si
3312 1389 3455 1443 enim
3480 1403 3576 1442 ve-

1977 1473 2107 1528 ritas
2130 1474 2305 1529 fuerat
2330 1477 2622 1546 quaerenda
2649 1477 2716 1533 de
2755 1477 3000 1555 pluribus
3034 1521 3049 1546 ,
3108 1495 3206 1535 cur
3239 1495 3346 1535 non
3386 1480 3454 1535 ad
3477 1479 3578 1535 hos

1935 1628 1950 1633 ,
1975 1572 2153 1640 potius
2176 1587 2338 1642 quam
2371 1571 2437 1627 ad
2464 1572 2685 1629 Gnaeos
2717 1589 2776 1629 se
2807 1576 3115 1641 convertit,
3166 1575 3261 1646 qui
3294 1575 3465 1631 nihilo
3495 1591 3591 1648 se:

1974 1666 2090 1721 eius
2113 1682 2175 1722 ac
2201 1666 2402 1734 Latini,
2433 1683 2529 1724 seu
2561 1679 3014 1739 praesumptorum
3061 1669 3300 1736 licentia,
3325 1684 3387 1725 ac
3414 1681 3583 1725 teme-

1975 1762 2134 1817 ritate
2159 1805 2172 1826 ,
2205 1764 2317 1818 sive
2346 1763 2692 1818 librariorum
2740 1775 2903 1835 atque
2928 1779 3215 1834 operarum
3249 1762 3458 1819 incuria
3487 1780 3579 1835 pa-

1973 1860 2089 1912 riim
2119 1858 2391 1929 castigati.
2408 1866 2463 1914 et
2484 1875 2766 1930 perperam
2786 1861 3018 1915 correcti
3050 1859 3403 1930 prodierant?
3423 1859 3579 1928 Quod

1970 1951 2114 2006 enim
2165 1952 2234 2008 de
2287 1951 2496 2008 Latinis
2545 1954 2760 2010 dicebat
2815 1953 3210 2028 Hieronymus,
3276 1964 3354 2010 tot
3404 1953 3576 2010 ferme

1970 2045 2301 2116 exemplaria
2325 2045 2493 2102 fuisse
2536 2057 2668 2118 quot
2708 2046 2923 2102 codices
2948 2087 2964 2113 ,
3011 2056 3167 2120 aucta
3216 2047 3475 2104 videlicet
3509 2049 3563 2103 in

1970 2138 2164 2209 majus,
2196 2146 2256 2194 ut
2282 2154 2389 2194 non
2418 2154 2544 2195 raro
2566 2139 2788 2205 assolet,
2817 2154 3027 2195 summa
3051 2181 3066 2218 ,
3098 2139 3203 2194 hoc
3224 2139 3291 2195 de
3321 2141 3385 2195 iis
3412 2140 3574 2196 intel-

1970 2235 2243 2306 ligendum
2269 2253 2373 2290 non
2397 2237 2608 2303 dubito,
2639 2235 2730 2306 qui
2762 2236 2923 2307 vulgo
2956 2235 3287 2292 ferebantur.
3320 2234 3454 2291 Nam
3484 2250 3575 2292 se-

1968 2343 2066 2384 cus
2095 2329 2165 2384 de
2189 2329 2582 2384 vetustioribus
2623 2327 2949 2400 dicendum,
2997 2327 3087 2408 qui
3116 2328 3170 2382 in
3213 2326 3427 2383 scriniis
3469 2327 3575 2382 Ec-

1969 2424 2257 2480 clesiarum
2286 2437 2576 2492 superesse
2630 2423 2808 2477 adhuc
2836 2432 3117 2493 poterant;
3167 2438 3230 2476 ex
3254 2423 3435 2492 quibus
3457 2421 3578 2476 dili-

1969 2528 2172 2590 genter,
2205 2519 2282 2572 ait
2312 2517 2532 2584 Milllus,
2559 2517 2773 2571 invicem
2802 2517 3006 2572 collatis
3040 2515 3260 2584 restitui,
3309 2524 3357 2571 et
3380 2517 3447 2570 ad
3468 2517 3577 2588 pri-

1966 2627 2178 2665 mmvam
2224 2611 2568 2681 integritatem
2630 2611 2858 2665 revocari
2909 2611 3156 2680 potuisset
3211 2607 3407 2663 Italica
3458 2624 3573 2663 ver-

1967 2705 2065 2757 sio.
2102 2705 2206 2759 Sed
2230 2705 2340 2774 jam
2367 2713 2558 2760 caetera
2586 2704 2732 2759 illius
2760 2705 2924 2759 verba
2955 2715 3014 2758 ut
3066 2705 3208 2759 lectu
3237 2702 3402 2774 digna
3431 2745 3447 2771 ,
3480 2717 3576 2758 ne-

1966 2813 2073 2867 que
2099 2813 2196 2851 nos
2217 2798 2425 2868 integra
2459 2798 2562 2851 huc
2606 2796 2840 2863 adferre,
2873 2812 3050 2867 neque
3089 2813 3203 2862 eos,
3237 2799 3325 2866 qui
3349 2797 3574 2867 praecla-

1969 2904 2086 2942 rum
2129 2905 2264 2959 opus
2305 2904 2410 2943 non
2451 2888 2701 2960 legerint,
2750 2889 3074 2960 expendisse
3120 2887 3342 2958 pigebit.
3389 2887 3575 2959 Pergit

1968 2979 2150 3049 itaque
2179 2980 2457 3053 inquiens:
3509 2971 3512 2976 ’
3573 2973 3577 2976 ’

2049 3120 2219 3175 Verbo
2271 3120 2438 3176 dicam
2467 3161 2482 3186 ,
2540 3119 2660 3176 libri
2719 3119 2809 3192 qui
2861 3118 2956 3174 hac
3032 3127 3182 3176 (etate
3233 3117 3576 3188 ferebantur,

259 3207 390 3266 Pars
412 3223 548 3264 vero
577 3209 830 3274 maxima,
862 3211 1228 3266 Ecclesiarum
1264 3211 1587 3278 praesertim,
1622 3212 1859 3272 medium
1888 3203 1933 3267 C
1967 3216 2119 3271 etiam
2180 3214 2593 3283 priestantissimi
2613 3254 2628 3278 ,
2702 3215 2890 3285 quique
2957 3213 3254 3284 interpolati
3314 3221 3458 3270 erant
3514 3222 3562 3266 et

258 3300 400 3356 inter
449 3312 711 3376 utrosque
753 3313 944 3359 tenens
999 3306 1104 3360 iter
1143 3303 1324 3376 (quod
1367 3313 1452 3360 est
1501 3305 1749 3376 equidem
1809 3308 1862 3362 in

257 3394 422 3450 rebus
451 3394 680 3462 agendis
701 3410 845 3468 saepe
876 3396 1005 3452 utile
1031 3441 1041 3460 ,
1082 3411 1227 3467 .sacpe
1262 3404 1443 3456 tamen
1474 3397 1859 3468 periculosum,

257 3495 308 3554 et
356 3485 587 3559 fallax),
657 3503 832 3559 neque
895 3488 1189 3549 editionem
1255 3488 1516 3559 integram
1584 3489 1858 3560 amplecti,

257 3596 435 3654 neque
483 3596 706 3651 prorsus
751 3583 1021 3652 rejicere;
1063 3581 1157 3638 sed
1208 3597 1330 3653 qua:
1364 3567 1458 3636 aut
1512 3583 1733 3652 purius,
1768 3594 1862 3644 aut

256 3673 480 3739 melius,
506 3683 599 3730 aut
622 3673 839 3732 demum
872 3674 1082 3746 plenius
1112 3674 1372 3730 adtulisse
1401 3675 1707 3742 videbatur,
1740 3675 1860 3731 loco

255 3767 422 3834 motis
451 3768 753 3838 primorum
801 3769 1159 3839 interpretum
1193 3768 1370 3824 verbis
1391 3809 1404 3834 ,
1436 3769 1487 3822 in
1517 3770 1733 3825 codices
1772 3786 1860 3826 re-

254 3857 424 3916 ferre.
456 3859 594 3920 Hinc
627 3858 823 3915 factum
861 3869 946 3924 ut,
978 3858 1102 3929 quid
1134 3874 1267 3916 nova
1289 3901 1305 3928 ,
1335 3859 1463 3931 quid
1499 3868 1655 3918 vetus
1693 3859 1859 3916 editio

256 3954 494 4020 ferrent,
525 3954 1067 4012 secerneredifficile
1102 3963 1224 4026 post
1251 3969 1358 4009 non
1395 3954 1618 4010 multum
1652 3963 1861 4024 tempo-

254 4048 329 4104 ris
360 4047 564 4114 fnerit;
603 4062 745 4108 nunc
777 4063 904 4101 vero
936 4046 1097 4104 etiam
1130 4047 1476 4116 deSperatum
1511 4046 1733 4102 omnino
1765 4048 1855 4104 sit.

253 4139 350 4210 lta,
375 4140 503 4206 dum
535 4142 762 4198 vetustis
791 4141 1085 4200 novitatem
1108 4182 1124 4208 ,
1157 4140 1416 4198 obsoletis
1440 4141 1670 4198 nitorem
1688 4181 1703 4207 ,
1734 4156 1858 4196 om-

251 4236 410 4296 nibus
458 4236 688 4308 gratiam
731 4235 862 4293 dare
887 4251 946 4292 se
973 4244 1193 4310 putant,
1237 4251 1428 4296 recens
1473 4236 1602 4291 illud
1643 4235 1854 4304 viuum,

253 4343 314 4384 ac
342 4329 595 4400 fervens,
637 4336 789 4390 utres
827 4337 1073 4398 veteres,
1106 4327 1159 4384 in
1187 4343 1324 4400 quos
1367 4326 1700 4394 refuderant,
1735 4343 1856 4398 pes-

251 4437 371 4480 smn
406 4423 590 4490 dedit;
629 4422 931 4481 calentibus
961 4423 1157 4494 ubique
1193 4422 1534 4478 librariorum
1567 4423 1767 4478 scholis
1800 4432 1856 4480 ut

252 4532 389 4574 nova
411 4516 743 4588 exemplaria
767 4516 1135 4587 quaerentibus
1159 4525 1356 4590 praesto
1384 4531 1506 4571 esse
1522 4526 1760 4588 possent.
1788 4517 1857 4572 Et

1966 3309 2154 3373 mixti,
2211 3324 2273 3362 ne
2315 3307 2614 3378 Origeniani
2659 3307 2905 3378 quidem,
2966 3307 3235 3378 exterique
3297 3306 3566 3376 probatio—

1965 3419 2046 3458 res
2077 3444 2092 3468 ,
2136 3401 2205 3454 ad
2249 3417 2467 3472 quarunt
2515 3401 2671 3471 ﬁdem
2709 3417 2776 3455 ex
2824 3401 3091 3456 occasione
3156 3409 3399 3470 provocat
3444 3397 3569 3456 Hie-

1966 3509 2212 3564 ronymus
2245 3534 2261 3559 ,
2292 3493 2354 3546 ab
2384 3493 2689 3548 assumentis
2727 3493 2942 3562 aliisque
2981 3493 3116 3548 uitiis
3145 3491 3411 3549 vacabant.
3455 3491 3570 3550 Soli

1967 3587 2104 3654 puri,
2136 3595 2184 3642 et
2214 3586 2530 3640 immaculati
2551 3597 2717 3653 erant,
2745 3587 2832 3654 qui
2856 3603 2920 3641 ea:
2943 3584 3280 3657 autographis
3301 3585 3561 3656 apostolo-

1963 3693 2076 3732 rum
2105 3678 2414 3734 manabant:
2469 3679 2692 3746 proximi
2720 3679 2858 3747 illis,
2919 3678 3033 3734 licet
3061 3719 3076 3747 ,
3106 3677 3247 3732 haud
3283 3679 3358 3732 ita
3399 3677 3517 3747 puri
3548 3717 3566 3746 ,

1965 3787 2090 3842 quos
2117 3772 2380 3841 aliquanto
2401 3782 2514 3842 post
2564 3768 2980 3826 constitutionem
3011 3771 3236 3828 Canonis
3274 3768 3349 3824 Ν.
3379 3768 3444 3826 Τ.
3478 3770 3568 3826 de-

1962 3863 2115 3918 scribi
2159 3864 2462 3933 contigerat.
2488 3863 2557 3920 Et
2606 3881 2672 3919 ea:
2716 3879 2896 3918 eorum
2950 3865 3125 3934 aliqua
3167 3879 3409 3932 expressa
3458 3872 3570 3918 erat

1963 3957 2130 4011 uersio
2168 3954 2372 4010 Italica.
2423 3955 2564 4009 Adeo
2604 3965 2656 4010 ut
2691 3997 2706 4022 ,
2760 3955 2828 4010 ad
2871 3957 3037 4027 ipsam
3080 3955 3449 4010 emendandum
3501 3971 3566 4014 ea:

1964 4050 2166 4117 Graeco,
2191 4049 2490 4104 consulendi
2513 4055 2682 4118 forent
2705 4051 2926 4116 codices,
2953 4050 2998 4104 si
3023 4050 3110 4118 qui
3129 4058 3380 4117 extarent,
3422 4051 3569 4108 simi-

1962 4145 2034 4200 les
2064 4144 2192 4209 illis,
2238 4144 2306 4198 ad
2359 4161 2577 4215 quorum
2623 4153 2819 4199 textum
2857 4148 3028 4215 fuerat
3062 4144 3368 4212 composita.
3415 4143 3566 4208 Quod

1960 4247 2130 4291 autem
2154 4237 2247 4292 hos
2274 4253 2376 4290 una
2407 4252 2524 4298 cum
2569 4236 2686 4290 aliis
2713 4236 2926 4292 istorum
2957 4244 3239 4307 temporum
3286 4234 3568 4307 interpola-

1958 4333 2064 4385 rint
2095 4332 2256 4402 magis
2281 4331 2550 4402 magisque
2581 4330 2778 4386 librarii
2807 4339 2923 4384 ante
2949 4330 3198 4385 saeculum
3237 4328 3562 4400 Hieronymi,

1960 4429 2156 4496 frustra
2185 4437 2249 4480 ex
2278 4434 2564 4494 temporum
2595 4425 2935 4494 posteriorum
2983 4423 3177 4482 Graecis
3223 4424 3425 4482 institui
3452 4427 3564 4494 eius
3638 4445 3642 4451 ί

1958 4518 2012 4570 in
2042 4519 2297 4589 integrum
2327 4518 2719 4572 restitutionem.
2763 4513 2892 4572 Cum
2932 4517 3065 4574 enim
3091 4534 3123 4574 a
3148 4517 3382 4583 lectione,
3407 4533 3563 4587 quam

251 4612 482 4680 septimo
504 4610 618 4681 jam
641 4610 842 4665 szeculo
866 4609 1066 4685 passim
1088 4608 1140 4674 in
1166 4607 1447 4668 occidente
1470 4609 1849 4674 obtinuerant;
1882 4605 1934 4664 D
1959 4612 2209 4683 referebat
2240 4611 2345 4666 hwc
2368 4610 2552 4675 versio,
2588 4610 2804 4670 abierint
2832 4609 2973 4681 haud
3009 4626 3129 4665 raro
3160 4598 3277 4665 libri
3312 4610 3563 4669 recentio-

249 4703 511 4776 sepositis
562 4703 984 4770 vetustioribus,
1030 4719 1092 4757 ac
1131 4701 1360 4757 subinde
1409 4703 1688 4772 neglectis,
1730 4720 1853 4776 qua:

251 4810 441 4871 postea
476 4799 652 4864 serior
678 4810 843 4863 aetas,
881 4808 936 4864 ut
978 4789 1262 4872 plerasque
1294 4799 1424 4855 alias
1457 4807 1698 4858 veterum
1731 4815 1852 4854 mo-

251 4901 640 4947 numentorum
670 4890 963 4962 reliquias,
1000 4889 1386 4944 indoctissimis
1415 4890 1646 4946 librariis
1672 4891 1736 4948 ad
1766 4907 1852 4946 re-

250 4987 468 5058 pagula,
501 4986 784 5054 fasciolas,
815 4983 1029 5041 indusia
1058 4984 1576 5055 compingendorum
1606 4985 1851 5046 codicum

248 5081 490 5153 paranda
532 5078 808 5137 deservire
848 5079 1000 5142 vidit.
1035 5079 1134 5136 llic
1168 5078 1293 5140 ﬁnis
1319 5078 1515 5138 Italica:
1563 5080 1849 5149 versionis,

249 5176 340 5232 hic
369 5175 547 5242 exitus
587 5175 722 5244 fuit;
776 5191 884 5236 non
930 5173 1241 5245 Hieronymi
1288 5174 1476 5242 culpa,
1513 5173 1606 5228 sed
1648 5183 1853 5244 tempo-

249 5287 369 5330 rum
403 5288 417 5326 :
446 5279 506 5334 ut
537 5284 818 5342 parcamus
866 5269 1092 5339 ingeniis
1118 5308 1133 5333 ,
1164 5283 1283 5338 quae
1315 5282 1414 5322 nec
1446 5268 1580 5326 satis
1607 5270 1848 5337 provida,

252 5375 328 5432 et,
359 5380 523 5436 quam
555 5379 651 5434 par
680 5372 846 5430 esset,
880 5361 1117 5420 faciliora
1145 5401 1162 5429 ,
1195 5377 1360 5424 novas
1390 5377 1626 5429 merces,
1657 5362 1850 5433 quibus

253 5471 408 5514 suum
440 5456 686 5532 profecto
714 5465 987 5516 constaret
1016 5455 1268 5526 pretium,
1294 5454 1389 5510 sed
1419 5471 1538 5520 cum
1566 5457 1722 5512 avitis
1751 5460 1852 5515 mi-

256 5552 401 5608 nime
429 5549 820 5626 comparandas
844 5592 859 5617 ,
885 5550 969 5612 his
1007 5550 1138 5619 ipsis
1165 5551 1486 5615 antetulere.
1517 5548 1668 5617 Quod
1696 5550 1846 5608 dixe-

255 5646 377 5702 rim.
417 5643 731 5718 Hieronymi
762 5641 1032 5714 egregium
1071 5650 1263 5698 caetera
1307 5656 1442 5710 Opus
1481 5655 1603 5696 cum
1650 5643 1849 5700 Roma-

257 5755 341 5802 nae
381 5739 642 5802 Ecclesiae
690 5739 1042 5810 interpretum
1096 5736 1433 5808 anligrapliis
1461 5736 1601 5792 haud
1633 5754 1851 5810 compa-

259 5832 366 5892 rari
415 5847 599 5908 posse,
645 5846 826 5908 nemo,
861 5839 919 5894 ut
943 5837 1108 5906 puto,
1133 5828 1345 5892 inficias
1377 5829 1556 5888 iverit.
1588 5829 1668 5892 Illi
1707 5833 1851 5894 enim

1956 4722 2055 4772 res,
2087 4714 2219 4758 certe
2237 4721 2338 4774 quo
2366 4704 2579 4776 propius
2605 4705 2660 4758 in
2708 4719 2766 4757 ea
2793 4703 3103 4763 recensendo
3145 4702 3214 4764 ad
3243 4703 3334 4756 hos
3351 4700 3558 4760 accedi-

1956 4805 2057 4864 tur,
2084 4812 2142 4850 eo
2177 4798 2339 4866 magis
2381 4794 2625 4849 Italicam
2653 4813 2684 4852 α
2709 4796 3014 4867 primigenia
3040 4810 3134 4848 sua
3164 4794 3417 4864 scriptura
3443 4794 3562 4848 red-

1956 4892 2045 4945 des
2075 4891 2330 4956 alienam;
2372 4907 2462 4945 nec
2487 4890 2793 4960 reformabis
2831 4891 3000 4956 ipsam
3026 4929 3040 4955 ,
3071 4888 3159 4942 sed
3191 4888 3360 4957 potius
3391 4897 3561 4948 trans-

1958 4987 2204 5056 formabis
2239 4986 2293 5039 in
2323 5001 2500 5040 novam
2532 4985 2705 5043 nescio
2734 5002 2886 5053 quam
2911 5024 2924 5048 ,
2952 5000 2984 5036 a
3010 4983 3233 5053 genuina
3254 4991 3418 5038 uetere
3446 4981 3560 5038 Ita-

1958 5079 2059 5134 lica
2081 5081 2282 5151 penitus
2310 5079 2706 5151 discrepantem.
2760 5076 2932 5137 Sensit
2973 5085 3106 5130 certe
3124 5077 3239 5149 jam
3287 5077 3341 5134 in
3379 5077 3558 5136 limine

1958 5173 2127 5242 operis
2155 5171 2497 5243 Hieronymus
2518 5172 2763 5243 grandem
2796 5209 2809 5236 ,
2862 5168 3165 5238 Latinisque
3202 5168 3418 5224 auribus
3459 5171 3558 5226 nti-

1959 5268 2092 5322 nime
2119 5267 2405 5338 ferendam,
2439 5283 2553 5336 qua:
2581 5282 2644 5320 ea:
2672 5263 2983 5318 accuratiori
3005 5262 3074 5317 ad
3099 5264 3300 5318 codices
3329 5280 3448 5322 suos
3475 5279 3557 5321 re-

1958 5362 2197 5415 censione
2224 5361 2540 5431 contigisset,
2577 5367 2743 5412 textus
2774 5356 2950 5412 Latini
2977 5357 3312 5412 mutationem
3335 5374 3354 5421 ;
3385 5357 3561 5424 reique

1961 5455 2318 5525 magnitudine
2347 5495 2360 5518 ,
2389 5465 2435 5508 et
2485 5451 2714 5520 periculo
2737 5449 3034 5514 deterritus,
3065 5449 3355 5518 tempestive
3383 5451 3560 5504 retulit

1961 5549 2161 5618 pedem,
2199 5558 2243 5602 et
2275 5549 2324 5600 in
2357 5547 2510 5609 alias,
2543 5561 2727 5611 easque
2759 5543 2898 5599 haud
2947 5559 3130 5611 parum
3179 5542 3406 5598 saniores
3431 5542 3557 5596 abiit

1958 5645 2200 5702 rationes.
2239 5641 2437 5706 Nempe
2465 5640 2737 5694 enienduta
2764 5656 2794 5692 a
2833 5656 2886 5694 se
2917 5635 3218 5707 Evangelia,
3246 5652 3306 5690 ne
3335 5635 3556 5688 multum

1957 5736 2238 5792 alectionis
2286 5733 2488 5792 Latina:
2515 5733 2881 5789 consuetudine
2911 5730 3294 5799 discreparent,
3328 5729 3400 5782 ita
3418 5728 3558 5783 cala-

1957 5847 2040 5886 mo
2066 5840 2371 5900 temperasse
2393 5845 2468 5902 se,
2493 5829 2586 5898 ait,
2615 5839 2670 5885 ut
2699 5827 2778 5884 liis
2809 5834 3024 5896 tantum,
3050 5839 3163 5895 qua:
3188 5839 3392 5880 sensum
3414 5821 3557 5883 vide-
