3976 6338
402 289 472 346 55
1811 273 2345 335 PROLEGOMENA.
3665 276 3740 336 56

400 413 588 468 bantur
613 421 833 481 mutare,
866 408 1106 467 correctis
1125 451 1141 474 ,
1171 406 1368 477 reliqua
1397 419 1603 459 manere
1637 409 1916 474 pateretur,
1942 407 2000 453 ut
2027 402 2080 462 Α
2104 410 2206 453 seu
2236 385 2596 466 mangonibus
2623 397 2865 456 librariis
2891 400 3253 460 clarissimum
3285 404 3436 462 Petri
3470 403 3737 463 Alexan-

432 515 633 563 iterant.

405 509 746 654 “artiﬁcium
773 597 878 654 hoc
923 597 1076 653 Millii
1116 594 1366 668 quamvis
1392 593 1444 649 in
1475 590 1728 647 omnibus
1769 589 2004 661 probare

403 704 515 748 non
537 693 737 762 possim
763 689 894 765 (scis
924 690 1067 746 enim
1098 689 1227 760 quid
1255 687 1324 744 de
1359 683 1744 742 constitutione
1783 683 1873 737 illa
1903 679 2006 737 Ca-

405 789 565 844 nonis
585 786 894 856 senserim),
929 786 980 839 in
1009 785 1077 840 iis
1101 793 1306 850 tamen,
1337 797 1457 853 quae
1482 779 1550 835 de
1576 777 1910 835 emendanda
1935 776 2001 831 ad

404 881 628 937 Latinos
647 879 860 936 codices
883 879 1102 950 antiqua
1121 877 1372 934 versione
1392 874 1668 938 disseruit,
1693 883 1746 929 et
1774 881 2000 938 rectum,

406 985 464 1031 et
487 973 976 1029 luculentissitnum
1008 981 1157 1041 puto.
1185 970 1411 1032 Verum,
1444 968 1510 1022 ad
1552 982 1705 1038 quos,
1766 966 2000 1033 inquies,

407 1069 473 1135 si,
503 1067 826 1138 Augustino,
855 1081 918 1120 ac
950 1065 1278 1137 Hieronymo
1307 1062 1555 1130 testibus,
1587 1060 1723 1115 adeo
1743 1066 1898 1114 erant
1919 1058 2004 1112 in-

405 1162 652 1232 terpolati
679 1175 891 1224 omnes,
924 1175 989 1216 ac
1021 1159 1219 1214 mixti?
1248 1158 1364 1213 Non
1395 1171 1650 1242 reponam
1686 1155 1773 1209 hic
1794 1170 1914 1226 qua:
1935 1152 2001 1208 ad

402 1262 778 1324 argumentum
829 1250 972 1306 istud
1002 1249 1312 1306 adtulimus.
1364 1248 1601 1319 ldipsum
1648 1256 1872 1317 questus
1892 1245 2004 1314 jam

400 1346 581 1402 fuerat
608 1346 902 1416 Origenes:
936 1353 992 1400 et
1042 1352 1221 1399 tamen
1259 1359 1366 1398 non
1414 1342 1640 1397 deerant
1700 1337 2008 1409 praeceden-

401 1439 538 1494 tium
583 1437 905 1494 saeculorum
959 1436 1291 1506 exemplaria
1320 1478 1334 1500 ,
1386 1435 1451 1489 ad
1501 1448 1620 1506 qua:
1649 1448 1746 1488 sua
1778 1433 2008 1503 ipsemet

403 1531 605 1602 exegit.
639 1529 784 1586 Idem
813 1529 881 1586 de
909 1530 1114 1585 Latinis
1143 1527 1452 1585 dicendum.
1497 1527 1609 1583 Non
1658 1542 1779 1597 qua:
1808 1526 2006 1596 passim

403 1626 473 1681 ab
503 1625 758 1680 omnibus
791 1623 1105 1680 terebantur
1125 1665 1140 1688 ,
1175 1621 1269 1679 sed
1295 1637 1356 1678 ea
1386 1630 1541 1678 erant
1566 1618 1858 1693 quaerenda
1889 1633 2008 1690 qua:

403 1733 434 1774 a
457 1719 790 1790 privatorum
823 1717 1039 1773 licentia
1067 1724 1300 1783 secreta,
1329 1731 1459 1787 pura
1508 1717 1679 1786 magis
1709 1757 1726 1780 ,
1753 1722 1808 1770 et
1847 1713 2012 1769 fonti-

2107 489 2252 546 drini
2281 505 2512 559 nomen,
2545 500 2605 546 ttt
2631 493 2890 564 splendor
2929 497 3096 553 merci
3129 539 3145 566 ,
3175 513 3238 555 ac
3293 499 3527 572 pretium
3562 509 3738 552 acce-

2113 582 2291 640 deret.

2175 678 2382 736 Auctor
2419 691 2596 738 tamcn
2641 681 2895 740 Cbronici
2942 683 3294 743 Alexandrini
3345 698 3400 744 et
3429 695 3730 744 servatum

2105 771 2307 843 Ephesi
2330 789 2399 828 vn
2423 774 2644 842 saeculo,
2673 785 2729 831 et
2750 791 2778 830 a
2812 775 3059 833 fidelibus
3092 780 3144 834 in
3169 781 3522 837 veneratione
3547 780 3726 837 habi-

2107 873 2218 920 tum
2251 866 2522 935 prodidit;
2552 867 2696 939 quod
2733 868 2976 938 profecto
3008 872 3202 928 mirum
3224 915 3240 940 ,
3272 889 3367 930 seu
3402 875 3572 937 fama,
3608 875 3738 931 sive

2107 968 2188 1014 tot
2257 961 2558 1016 illustrium
2627 963 2944 1020 Grzrcornm
3010 969 3406 1025 consuetudine
3473 971 3740 1026 nescisse

2107 1051 2518 1126 Hieronymum.
2560 1055 2701 1112 Nihil
2749 1058 2893 1114 enim
2924 1061 3104 1116 minus
3127 1078 3179 1116 tv
3207 1078 3368 1134 quam
3390 1080 3464 1119 vtt
3500 1064 3737 1120 steculis

2107 1157 2295 1202 notum
2347 1148 2528 1205 fuerit.
2562 1149 2859 1214 Praeterea.
2891 1153 3168 1210 Adultera:
3201 1154 3485 1212 historiatu
3537 1158 3596 1213 in
3638 1173 3736 1214 ve-

2108 1241 2270 1296 tustis
2293 1242 2568 1312 plerisque
2593 1258 2716 1299 cum
2764 1245 3004 1313 Grrrcis,
3039 1257 3150 1302 tum
3191 1247 3398 1303 Latinis
3434 1248 3737 1306 codicibus

2107 1337 2366 1391 omissam
2392 1379 2408 1403 ,
2459 1347 2553 1392 aut
2598 1338 2772 1394 obelis
2804 1349 3042 1396 notatam
3067 1382 3082 1407 ,
3111 1357 3272 1412 quam
3303 1342 3463 1400 facile
3493 1353 3552 1399 et
3579 1345 3691 1415 ipsi
3716 1387 3731 1410 ,

2109 1436 2165 1482 et
2193 1427 2314 1483 aliis
2346 1427 2538 1484 fuisset
2567 1429 2633 1484 ad
2683 1431 2960 1504 archetypi
2995 1433 3155 1489 fidem
3185 1436 3438 1506 exigere?
3465 1436 3606 1492 Cum
3652 1447 3736 1492 ta-

2113 1535 2238 1577 men
2268 1537 2298 1578 e
2331 1532 2408 1579 tot
2435 1525 2791 1596 scriptoribus
2818 1539 2944 1584 ante
2964 1570 2980 1597 ,
3009 1539 3061 1585 et
3087 1539 3211 1601 post
3244 1531 3394 1587 illum
3429 1531 3482 1588 id
3529 1533 3733 1589 fecerit

2111 1632 2295 1674 nemo.

2184 1715 2450 1788 Quidquid
2483 1715 2552 1773 de
2582 1717 2682 1773 hac
2714 1733 2775 1774 re
2802 1719 2896 1784 sit,
2924 1721 3135 1777 etiamsi
3176 1724 3470 1793 periissent
3509 1724 3726 1781 arche-

402 1812 507 1868 bus
540 1812 795 1883 pr0piora
819 1825 942 1867 esse
969 1810 1290 1866 debuerant.
1321 1810 1433 1866 lloc
1452 1825 1584 1865 vero
1608 1807 1751 1864 haud
1797 1805 2020 1864 difficile
2051 1809 2098 1869 Β
2127 1817 2250 1882 typa
2269 1851 2285 1876 ,
2331 1824 2441 1864 non
2482 1820 2631 1867 esset
2659 1826 2760 1866 cur
2783 1814 3129 1870 miraremur.
3161 1815 3339 1872 Pauca
3363 1827 3522 1874 erant
3545 1862 3562 1885 ,
3614 1829 3731 1886 tum

404 1905 648 1960 futurum
680 1915 799 1961 erat
838 1905 996 1961 beato
1025 1904 1288 1976 Seriptori
1313 1945 1330 1972 ,
1369 1905 1414 1959 si
1446 1905 1682 1960 triennio
1723 1903 1818 1958 illo
1841 1943 1858 1970 ,
1903 1917 2012 1974 quo

404 2001 595 2057 Roma:
619 2001 890 2068 substitit,
920 2001 1174 2072 antiquos
1206 2000 1466 2072 principis
1487 1999 1748 2055 Ecclesia:
1769 1997 2006 2065 codices,

406 2094 651 2166 aliosque
678 2112 774 2166 per
803 2095 1009 2152 Italiam
1039 2112 1070 2152 e
1103 2095 1342 2154 tenebris
1387 2102 1574 2152 erutos
1618 2093 1887 2163 inSpieere
1917 2106 2012 2146 vo-

407 2189 620 2246 luisset.
651 2191 975 2248 lncredibile
1001 2192 1149 2247 enim
1176 2191 1400 2247 omnino
1431 2200 1515 2246 est
1546 2232 1562 2256 ,
1609 2189 1663 2244 itt
1705 2202 1891 2244 earum
1925 2201 2014 2242 se-

406 2283 654 2338 cretariis
673 2284 951 2355 exemplar
972 2285 1180 2341 nullum
1203 2300 1234 2341 e
1251 2282 1635 2340 vetustioribus
1656 2279 2010 2351 superfuisse.

408 2375 637 2433 Servata
667 2375 883 2432 fuerant
909 2377 976 2434 ad
1028 2376 1278 2448 Origenis
1308 2391 1479 2447 usque
1524 2382 1738 2431 aetatem
1769 2373 2012 2445 superio-

406 2483 526 2524 rum
557 2477 860 2539 temporum
881 2468 1071 2526 Graeca
1095 2487 1107 2522 :
1135 2484 1232 2524 cur
1253 2484 1358 2525 non
1382 2467 1523 2539 apud
1546 2477 1760 2522 nostros
1786 2465 2012 2521 Latina?

407 2560 489 2616 An
519 2563 699 2618 minor
722 2563 953 2619 fortasse
976 2563 1310 2619 nostratibus
1357 2577 1636 2619 sacrorum
1662 2560 2010 2616 Voluminum

408 2669 562 2722 cura,
588 2669 749 2726 quam
780 2654 1028 2711 Graecis?
1056 2670 1163 2711 non
1209 2663 1357 2726 puto.
1387 2656 1458 2709 At
1500 2654 1776 2725 perierant
1824 2652 1878 2707 in
1932 2659 2011 2706 tot

410 2749 671 2806 Ecclesia:
691 2749 1090 2806 calamitatibus
1127 2750 1420 2821 archetypa
1445 2748 1559 2820 ipsa
1585 2793 1600 2816 ,
1636 2763 1756 2818 quae
1802 2746 2009 2816 majore

406 2843 649 2913 profecto
681 2858 810 2899 cura
861 2842 1121 2899 custodiri
1175 2858 1270 2914 par
1315 2843 1527 2897 fuerat:
1573 2850 1776 2912 quanto
1825 2839 2008 2911 itaque

404 2935 578 3006 magis
623 2945 816 3008 ectypa
857 2937 1016 3006 primi
1063 2936 1354 2992 alteriusve
1399 2934 1632 2991 saeculi?
1673 2948 1848 3004 coque
1887 2947 2004 2986 amo

403 3028 546 3098 plius
570 3070 587 3096 ,
618 3029 761 3100 quod
809 3031 930 3084 trita
949 3029 1060 3099 jam
1101 3037 1264 3099 atque
1316 3029 1558 3084 obsoleta
1597 3028 1836 3098 proclive
1891 3035 2012 3084 erat

408 3121 708 3176 recentium
736 3131 1018 3176 venustate
1046 3122 1332 3188 vilescere,
1354 3135 1416 3175 ac
1445 3119 1783 3191 parvipendi.

2118 1901 2260 1972 apud
2289 1916 2516 1972 paucos.
2548 1902 2666 1972 Quo
2688 1913 2868 1959 autem
2901 1907 3244 1976 pretiosiora,
3275 1924 3341 1964 eo
3363 1910 3527 1965 etiam
3561 1911 3616 1965 in
3653 1921 3734 1967 tot

2117 1994 2487 2050 Ecclesiarum
2516 1996 2924 2074 teruntuisbue
2967 1998 3095 2054 illuc
3130 1998 3367 2056 fortasse
3412 2002 3681 2057 translata
3714 2021 3730 2057 :

2114 2103 2212 2144 seu
2239 2128 2255 2156 ,
2289 2097 2348 2144 ut
2371 2089 2603 2144 laterent
2633 2090 2879 2145 securius
2902 2131 2920 2158 ,
2964 2091 3016 2146 in
3057 2091 3425 2163 penitioribus
3468 2095 3606 2150 locis
3630 2094 3731 2149 ab-

2113 2196 2333 2248 sconsa,
2369 2197 2492 2238 mox
2535 2182 2648 2238 fato
2679 2183 2878 2240 functis
2905 2226 2921 2252 ,
2953 2195 3047 2241 aut
3074 2187 3181 2242 alio
3207 2188 3565 2259 migrantibus
3591 2231 3607 2258 ,
3634 2189 3728 2261 qui

2113 2277 2465 2343 caalaverant,
2498 2279 2777 2333 memoriae
2811 2277 3087 2334 hominum
3116 2281 3413 2348 subtracta,
3467 2285 3574 2338 situ
3607 2292 3725 2338 tan-

2115 2367 2240 2424 dem
2286 2383 2509 2440 aevoque
2551 2370 2763 2426 absumi
2807 2372 3115 2442 oportebat.
3151 2373 3225 2430 De
3268 2375 3478 2447 eetypis
3510 2376 3721 2432 illorum

2113 2462 2328 2518 diversa
2357 2464 2572 2534 penitus
2611 2465 2768 2520 ratio.
2794 2465 3030 2521 Plurima
3062 2477 3214 2523 erant
3243 2510 3258 2534 ,
3288 2475 3345 2524 et
3369 2469 3511 2540 apud
3540 2470 3671 2540 pluri
3688 2500 3712 2511 -

2114 2569 2256 2610 mos.
2283 2555 2384 2611 Ubi
2412 2564 2586 2612 cattus
2631 2557 2870 2614 fidelium
2897 2600 2911 2623 ,
2959 2558 3030 2613 ibi
3054 2559 3250 2614 divina:
3291 2560 3580 2632 Scriptura:
3612 2579 3625 2616 :
3653 2563 3703 2618 in

2113 2648 2360 2704 ecclesiis
2380 2690 2395 2714 ,
2426 2647 2481 2703 in
2509 2649 2760 2705 domibus
2789 2651 3120 2721 privatorum
3140 2693 3154 2718 ,
3187 2653 3240 2706 in
3269 2653 3405 2709 urbe
3423 2696 3438 2720 ,
3471 2655 3520 2709 in
3547 2655 3704 2724 agris.

2114 2740 2388 2798 Praeterea
2403 2757 2508 2796 non
2529 2742 2668 2797 idem
2690 2743 2886 2814 ubique
2902 2746 3295 2816 persecutionis
3310 2757 3496 2815 aestus,
3510 2750 3595 2820 qui
3607 2749 3705 2804 ab-

2112 2844 2360 2890 sumeret
2392 2853 2404 2887 :
2440 2850 2617 2904 neque
2647 2835 2700 2889 in
2733 2835 2886 2891 Italia
2911 2845 2970 2891 ut
2997 2839 3049 2893 in
3072 2836 3252 2894 Africa
3275 2882 3290 2907 ,
3317 2849 3482 2912 atque
3502 2840 3716 2898 Oriente

2115 2936 2223 2981 tam
2248 2926 2486 2983 fervens.
2511 2927 2676 2983 Multo
2699 2929 2876 2984 minus
2899 2930 2953 2985 in
2966 2929 3172 2998 Galliis,
3199 2932 3612 2990 ubiChristiana
3633 2949 3717 2990 res

2113 3020 2215 3075 sub
2235 3021 2539 3075 mitissimis
2557 3022 2891 3092 principibus
2916 3022 3256 3091 Constantio,
3282 3042 3346 3082 ac
3366 3027 3717 3084 Constantino

2113 3115 2377 3185 pacatior.
2406 3115 2490 3169 Ab
2518 3114 2602 3170 bis
2633 3115 2766 3171 locis
2796 3116 3026 3187 petenda
3053 3127 3214 3174 erant
3241 3120 3499 3191 primaeva
3530 3136 3714 3177 exem-

483 3213 718 3268 Periisse
748 3212 1079 3284 autographa
1109 3213 1480 3282 apostolorum
1527 3219 1872 3267 monumenta
1900 3210 2009 3280 jam
2041 3211 2084 3271 C
2118 3204 2287 3274 plaria
2319 3197 2341 3260 τ’
2369 3221 2475 3262 non
2523 3205 2770 3262 defutura
2798 3207 3041 3278 profecto
3062 3251 3076 3277 ,
3123 3211 3167 3266 si
3199 3211 3390 3267 sedulo
3415 3229 3720 3283 quereren-

410 3313 537 3360 ante
563 3304 956 3377 Hieronymum
988 3347 1003 3373 ,
1036 3315 1129 3360 aut
1182 3305 1274 3361 ubi
1303 3305 1686 3361 delitescerent
1713 3346 1730 3372 ,
1773 3303 2015 3375 ignotum

411 3398 601 3464 fuisse,
627 3397 679 3452 id
711 3399 967 3454 evincere
999 3398 1212 3454 videtur
1236 3441 1252 3467 ,
1282 3398 1429 3470 quod
1459 3413 1620 3454 nemo
1648 3399 1791 3455 inter
1839 3398 2016 3454 eccle-

411 3491 662 3546 siasticos
693 3491 988 3562 scriptores
1009 3499 1068 3546 ut
1093 3490 1269 3547 adhuc
1291 3491 1644 3562 superstitum
1667 3491 2012 3547 meminerit:

414 3598 575 3638 nemo
603 3583 766 3639 etiam
823 3584 890 3638 ad
933 3585 1020 3638 illa
1053 3585 1428 3654 provocaverit
1465 3603 1480 3641 :
1535 3595 1763 3656 excepto
1800 3585 2020 3642 Tertul-

414 3675 582 3742 liano,
616 3690 773 3746 quem
794 3676 980 3733 saeculi
1010 3679 1151 3733 tertii
1179 3679 1370 3745 initiis,
1395 3679 1659 3734 adversus
1685 3679 2014 3736 Marcionem

414 3781 536 3823 cum
560 3769 847 3837 scriberet,
878 3770 944 3824 ad
968 3770 1119 3826 Pauli
1153 3771 1422 3840 Epistolas
1446 3814 1462 3839 ,
1494 3771 1649 3842 quasi
1673 3773 1724 3827 in
1750 3771 2015 3829 Ecelesiis

417 3861 572 3932 ipsis,
599 3862 666 3917 ad
689 3878 823 3934 quas
847 3863 986 3919 data:
1017 3863 1267 3932 fuerant,
1299 3873 1548 3921 extantes
1573 3868 1883 3936 reSpexisse
1919 3866 2018 3923 ob-

413 3956 1120 4015 servabamus.Scientiane
1147 3957 1295 4027 facti,
1339 3975 1407 4014 an
1453 3957 1595 4015 fama
1652 3968 1809 4015 tentts
1843 4002 1856 4026 ,
1913 3975 2011 4016 seu

413 4051 556 4122 quod
587 4052 657 4105 ita
681 4052 965 4119 crederet,
1009 4053 1296 4109 incertum.
1327 4051 1460 4108 Cum
1491 4055 1710 4108 aliunde
1741 4053 1886 4107 haud
1917 4053 2017 4108 im-

412 4142 697 4212 probabile
727 4145 796 4197 sit
827 4158 1011 4198 earum
1041 4145 1251 4215 aliquas
1283 4186 1300 4208 ,
1350 4145 1398 4199 si
1422 4145 1600 4200 minus
1648 4161 1839 4200 omnes
1871 4188 1887 4212 ,
1920 4160 2015 4200 su-

417 4236 706 4302 perfuisse.
765 4235 1014 4291 Nondum
1072 4238 1217 4301 enim
1264 4239 1317 4293 in
1367 4238 1579 4293 divinas
1627 4238 1934 4310 Scripturas
1985 4255 2017 4296 a

414 4326 860 4396 persecutoribus
887 4329 1104 4394 acriter,
1142 4337 1200 4383 ttt
1233 4340 1438 4399 postea,
1470 4331 1738 4385 saevitum.

493 4417 568 4473 De
598 4417 912 4490 Evangeliis
941 4423 1201 4476 memoria
1233 4423 1376 4477 nulla
1404 4465 1420 4490 ,
1454 4422 1557 4478 nisi
1585 4423 1811 4478 incertis
1839 4439 2014 4481 rumo.

416 4509 570 4564 ribus
596 4509 770 4578 fulta,
802 4512 892 4567 ubi
938 4527 1003 4568 ea
1057 4514 1222 4569 divini
1280 4515 1586 4586 Scriptores
1639 4515 2012 4587 reliquissent:

2123 3306 2230 3353 tur.
2257 3297 2424 3370 Cujus
2446 3300 2524 3357 rei
2552 3313 2926 3375 argumentum
2948 3305 3081 3360 satis
3108 3305 3329 3362 evidens
3351 3319 3476 3363 sunt
3503 3310 3714 3367 codices

2121 3391 2510 3460 vetustissimi,
2542 3395 2632 3465 qui
2663 3393 2838 3451 adhuc
2865 3406 3108 3467 perstant
3137 3415 3150 3452 :
3181 3413 3319 3470 quos
3342 3398 3488 3456 inter
3518 3402 3722 3474 Argen-

2121 3493 2240 3541 teus
2270 3496 2476 3553 noster,
2509 3487 2742 3560 aliique,
2767 3505 3000 3561 quorum
3031 3500 3165 3547 tetas
3196 3504 3504 3566 nongentos
3526 3505 3582 3551 et
3611 3511 3719 3552 am-

2121 3577 2260 3648 plius
2308 3594 2483 3634 annos
2512 3591 2813 3638 enumerat.
2849 3582 3004 3640 Unde
3029 3585 3302 3656 conjicere
3333 3596 3486 3643 certo
3529 3603 3718 3659 possu-

2120 3687 2262 3739 mus,
2295 3673 2508 3730 facilius
2531 3675 2701 3729 multo
2727 3675 2895 3732 fuisse
2922 3687 2978 3731 ut
3005 3678 3164 3746 primi
3191 3694 3254 3735 ac
3282 3681 3508 3736 secundi
3541 3682 3717 3738 saeculi

2119 3767 2456 3837 apographa,
2489 3782 2701 3823 summa
2724 3769 2830 3825 fide
2854 3772 2949 3840 (ut
2971 3769 3180 3828 ferebat
3204 3772 3570 3830 Ecclesiarum
3599 3784 3720 3831 tunc

2118 3859 2381 3930 temporis
2411 3859 2576 3929 cura)
2608 3875 2640 3914 a
2668 3862 2895 3919 notariis
2924 3863 3228 3936 descripta,
3262 3875 3460 3935 quarto
3491 3877 3720 3924 exeunte

2119 3964 2493 4024 superessent.
2529 3954 2596 4010 Et
2624 3956 2700 4011 ita
2741 3957 2932 4012 borum
2965 3959 3206 4015 subsidio
3237 3975 3345 4016 non
3376 3977 3438 4017 ea
3489 3971 3720 4018 tantum-

2121 4049 2285 4104 modo
2312 4064 2476 4119 quam
2509 4051 2857 4108 librariorum
2907 4055 3193 4109 oscitantia
3225 4067 3278 4110 et
3305 4055 3639 4127 privatorum
3661 4057 3721 4113 li-

2120 4143 2304 4197 bertas
2330 4155 2718 4214 corruperant,
2751 4147 3070 4218 primigenia
3101 4147 3233 4205 Novi
3261 4150 3509 4208 Fmderis
3553 4162 3721 4208 trans-

2120 4235 2270 4301 latio,
2305 4236 2400 4292 sed
2428 4238 2626 4310 corrigi
2653 4239 2816 4295 etiam
2847 4250 3097 4311 poterant
3124 4241 3312 4299 Grmca
3343 4243 3492 4300 illius
3522 4247 3716 4312 tetatis,

2119 4344 2241 4399 qua:
2263 4329 2431 4387 nihilo
2453 4331 2632 4389 secius
2659 4347 2722 4388 ac
2749 4333 2935 4390 Latina
2961 4351 2989 4388 a
3015 4335 3253 4392 fontibus
3272 4337 3541 4394 abierant.
3571 4338 3718 4397 Adde

2121 4426 2298 4482 locum
2323 4428 2435 4497 jam
2467 4429 2672 4484 nullum
2723 4439 2801 4485 tot
2836 4431 3291 4488 obtrectatoribus
3318 4435 3566 4490 relictum
3612 4436 3714 4502 iri,

2117 4520 2206 4591 qui
2231 4520 2624 4577 emendationis
2668 4523 2961 4579 novitatem
2995 4523 3138 4581 ferre
3166 4540 3273 4581 non
3307 4535 3589 4596 poterant,
3623 4528 3716 4584 ob-

416 4600 643 4659 Joannis
679 4604 723 4658 si
755 4604 942 4661 demas
965 4648 981 4674 ,
1016 4601 1158 4678 quod
1209 4607 1408 4676 Ephesi
1456 4608 1721 4680 scriptum
1741 4650 1758 4677 ,
1815 4611 1867 4665 in
1923 4612 2009 4668 illa
2036 4607 2270 4686 Djectis
2309 4615 2518 4671 scilicet
2549 4617 2602 4670 in
2635 4615 2824 4671 faciem
2849 4659 2864 4680 ,
2891 4632 3014 4688 qua:
3039 4617 3254 4673 illorum
3281 4621 3529 4676 socordia
3559 4635 3713 4677 eous-

417 4695 580 4750 etiam
629 4696 873 4754 Ecclesia
930 4708 1202 4755 servatum
1259 4700 1426 4757 fuisse
1483 4715 1590 4756 non
1641 4701 1863 4758 dubium
1914 4713 2017 4760 est.

419 4788 712 4862 Quousque
741 4801 944 4859 tamen,
986 4793 1108 4865 quis
1134 4793 1389 4850 divinet?

489 4882 748 4951 Quamvis
777 4887 923 4942 enim
953 4884 1304 4943 Casaubonus
1329 4888 1472 4944 Petri
1498 4887 1849 4945 Alexandrini
1877 4889 2016 4964 frag-

418 4994 662 5036 mentum
692 4982 759 5037 de
784 4983 1047 5039 Pascltate
1076 4984 1146 5040 ab
1174 4983 1384 5040 Andrea
1407 4984 1689 5040 Termario
1715 4997 2018 5043 mercatore

419 5070 615 5129 Graeco
643 5085 833 5129 nactus
851 5073 945 5147 (In
972 5077 1110 5130 Ann.
1133 5075 1330 5131 Baron.
1363 5076 1551 5132 Emere.
1581 5094 1694 5143 xvt,
1723 5079 1838 5148 12),
1867 5083 2017 5136 velut

417 5164 630 5236 insigne
675 5167 947 5236 quoddam
994 5168 1333 5224 celeberrimi
1389 5169 1532 5224 illius
1579 5170 1836 5227 Ecclesiae
1903 5175 2016 5245 epi-

416 5259 567 5327 sc0pi
596 5273 660 5312 ac
690 5259 943 5330 martyris
974 5275 1110 5330 opus
1161 5263 1487 5331 suspexerit,
1537 5271 1698 5335 atque
1735 5265 1808 5320 ita
1840 5281 1894 5322 tv
1917 5281 2020 5322 sse—

415 5350 542 5404 culo
575 5351 967 5420 autographum
1002 5353 1348 5424 evangelista:
1379 5355 1579 5426 Ephesi
1604 5369 1883 5426 superstes
1913 5375 2010 5430 pu-

417 5445 644 5510 taverit;
678 5453 916 5500 attamen
949 5446 1122 5500 virum
1155 5448 1583 5505 eruditissimum
1616 5450 1804 5507 fefellit
1829 5465 2014 5508 aucto-

417 5535 494 5589 ris
522 5552 742 5603 nomen,
776 5537 1002 5607 reliquis
1046 5539 1185 5594 haud
1224 5543 1355 5597 satis
1398 5543 1694 5614 expensis:
1732 5544 1936 5598 scilicet
1985 5561 2012 5598 a

418 5629 580 5685 Petro
604 5631 774 5704 (Vita.
804 5631 962 5686 Joun.
1004 5634 1109 5689 Art.
1142 5634 1199 5706 8)
1239 5637 1470 5705 quodam
1518 5653 1570 5690 v1
1594 5646 1686 5691 aut.
1711 5653 1783 5692 vn
1817 5638 2016 5693 saeculo

418 5724 782 5794 conscriptum
811 5768 824 5788 ,
861 5737 920 5781 ut
973 5729 1222 5784 observat
1263 5729 1665 5785 Tillemoatius.
1715 5730 1826 5786 Nisi
1875 5731 2014 5788 forte

417 5816 939 5891 pseudepigrapltum
968 5822 1357 5892 usurpantibus
1387 5822 1504 5876 sive
1547 5822 1811 5891 scriptore
1843 5824 1960 5894 ipso
1991 5839 2008 5892 ί

2124 4722 2230 4777 que
2261 4708 2506 4779 neglecta
2530 4707 2816 4778 jacuerant
2836 4750 2853 4776 ,
2885 4710 3318 4781 eastigatioribus
3361 4713 3714 4786 interpretum

2124 4801 2334 4871 eetypis
2358 4843 2373 4868 ,
2412 4801 2480 4855 ad
2523 4815 2754 4871 quorum
2787 4801 2947 4858 fidem
2994 4817 3130 4875 opus
3169 4818 3326 4862 suum
3358 4805 3718 4882 Hieronymus

2122 4893 2414 4964 exegisset.

2198 4987 2302 5044 Sed
2336 4988 2418 5042 vir
2439 4989 2710 5044 maximus
2739 4989 2901 5045 rebus
2923 4990 3075 5049 hisce
3099 5001 3194 5049 aut
3214 5009 3324 5050 non
3348 4995 3609 5063 adtentis,
3632 5005 3719 5052 aut

2123 5079 2450 5151 posthabitis
2472 5121 2488 5145 ,
2513 5080 2849 5150 publicorum
2873 5083 3039 5139 etiam
3066 5085 3317 5142 codicum
3345 5086 3483 5144 facie
3508 5103 3717 5160 permo-

2120 5183 2227 5239 tus,
2259 5174 2400 5244 qu'od
2431 5175 2578 5244 paria
2608 5175 2660 5230 in
2692 5177 2945 5232 omnibus
2975 5181 3154 5234 omnia
3184 5195 3307 5237 esse
3327 5181 3716 5248 arbitraretur,

2124 5284 2188 5323 ac
2218 5279 2504 5340 pr0pterea
2541 5270 2706 5325 tutius
2735 5278 2884 5326 ratus
2913 5271 2979 5326 ad
3008 5273 3273 5345 originem
3306 5277 3544 5345 reverti,
3573 5277 3720 5337 Grae-

2124 5378 2210 5428 ca,
2243 5379 2362 5433 quae
2386 5361 2464 5417 illi
2493 5372 2693 5433 praesto
2713 5372 2891 5431 erant,
2922 5364 3181 5422 adhibere
3198 5367 3406 5424 maluit.
3428 5369 3549 5439 Quo
3575 5386 3714 5426 com-

2122 5457 2344 5528 peutlio,
2368 5471 2398 5510 e
2424 5456 2638 5512 laudata
2687 5458 2753 5514 ad
2787 5459 3074 5516 Damasum
3105 5461 3332 5532 epistola
3365 5463 3591 5536 intelligi
3621 5480 3709 5535 po-

2122 5560 2244 5606 test.
2283 5551 2545 5607 Videlicet
2569 5554 2853 5618 correctis,
2887 5570 3009 5625 quae
3036 5570 3257 5611 sensum
3289 5569 3531 5614 mutasse
3571 5561 3718 5616 vitle-

2123 5643 2339 5708 bantur,
2373 5653 2566 5698 caetera
2595 5659 2700 5699 non
2730 5645 2937 5717 adtigit.
2969 5645 3155 5719 Neque
3178 5649 3344 5722 aliter
3362 5651 3609 5708 accidere
3640 5654 3713 5708 illi

2122 5743 2352 5805 pomrat.
2398 5735 2779 5792 Difficillimum
2822 5739 3004 5806 enim,
3039 5756 3108 5796 ne
3151 5741 3327 5796 dicam
3378 5743 3713 5815 impossibile

2120 5835 2280 5896 erat,
2319 5828 2580 5885 institutis
2609 5829 2678 5885 ab
2703 5843 2770 5886 eo
2800 5829 3136 5898 rationibus,
3166 5832 3404 5905 antiqua:
3444 5837 3709 5893 versiom‘s
