3968 6332
215 351 273 405 57
1002 347 1222 407 EPIST.
1267 347 1510 406 PHILIP.
1551 348 1920 424 GARBELLI,
1962 351 2053 411 DE
2091 353 2338 414 CODICE
2376 357 2730 419 BRIXIANO.
3357 395 3364 404 -
3415 366 3486 424 58

209 479 384 527 statum
434 468 504 524 ad
551 483 746 541 purum
777 469 1041 541 redigere.
1086 471 1203 528 Non
1233 473 1410 530 solum
1440 473 1564 545 quia
1595 471 1787 529 Graeca
1891 473 2052 532 laude
2081 478 2314 535 celerius
2340 479 2592 537 absolvit.
2627 481 2696 537 Et
2717 483 2923 540 utinam
2957 497 3026 541 ne
3055 492 3268 542 mature
3289 483 3492 542 nimis:

208 566 326 636 ipsa,
353 564 553 636 quibus
584 565 854 632 utebatur,
887 566 1048 638 longo
1080 575 1158 621 tot
1187 581 1452 622 annorum
1497 565 1788 622 intervallo

205 673 229 714 a
272 659 510 715 fontibus
537 659 838 726 distracta,
886 659 1129 716 sordium
1170 659 1404 731 aliquid,
1450 665 1510 714 ut
1563 659 1788 730 putabat

202 752 416 819 Millins,
462 763 848 810 contraxerant
881 770 894 808 :
925 753 1020 810 sed
1053 755 1214 809 etiam
1240 755 1363 824 quia
1393 768 1500 808 non
1543 751 1785 825 syntaxis

201 847 370 905 eadem
398 889 414 913 ,
456 862 564 902 non
597 847 943 917 simplicitas,
990 862 1130 915 non,
1163 862 1300 918 quos
1343 846 1612 902 delicatuli
1648 861 1784 916 pra:-

200 950 492 1010 sumptores
522 949 865 996 extruserant
884 982 898 1006 ,
925 940 1178 998 idiotismi
1209 943 1447 1012 priorum
1480 951 1780 1013 temporum

199 1034 392 1091 restitui
441 1042 726 1104 poterant,
758 1033 859 1090 nisi
900 1033 1078 1089 latinis
1103 1076 1117 1100 ,
1159 1050 1281 1107 qua:
1307 1035 1559 1106 propiora
1611 1035 1782 1090 inter-

198 1141 393 1200 prelum
418 1128 628 1183 saeculo
657 1137 841 1184 essent
865 1170 880 1195 ,
911 1129 1191 1185 consultis.

256 1221 476 1287 Verum,
511 1222 579 1289 si,
601 1237 725 1293 qua:
758 1221 1086 1294 Hieronymo
1111 1230 1228 1277 erat
1253 1221 1380 1276 vitae
1396 1221 1557 1289 ratio,
1590 1231 1780 1278 exacte

196 1315 570 1388 perpendimus
594 1356 610 1382 ,
639 1314 928 1370 fatebimur
955 1313 1287 1385 provinciam
1332 1313 1470 1370 hanc
1497 1328 1599 1370 nec
1625 1328 1777 1369 com-

198 1411 393 1466 modam
424 1410 538 1477 illi,
577 1424 751 1481 neque
795 1409 1108 1480 expeditam
1143 1419 1268 1465 tunc
1299 1409 1557 1478 temporis
1599 1409 1775 1465 conti-

195 1505 341 1575 gisse.
367 1502 500 1559 Erat
526 1505 756 1558 Damaso
792 1503 860 1558 ab
889 1502 1274 1558 ecclesiasticis
1292 1502 1538 1573 epistolis
1567 1520 1579 1556 :
1604 1503 1777 1573 iisque

193 1607 238 1653 et
262 1596 674 1667 frequentibus.
708 1605 762 1651 et
787 1596 1231 1667 gravissimarum
1259 1596 1401 1652 serie
1440 1612 1622 1652 rerum
1674 1596 1778 1652 im-

193 1691 389 1760 plicitis.
420 1691 594 1746 Erant
613 1705 734 1746 cum
767 1690 1010 1759 pluribus
1039 1703 1181 1746 nunc
1225 1704 1408 1746 coram
1436 1733 1452 1757 ,
1482 1690 1642 1746 modo
1679 1704 1776 1761 per

193 1783 384 1840 litteras
403 1783 677 1855 implenda
708 1783 1060 1840 humanitatis
1082 1784 1282 1839 officia.
1319 1785 1593 1840 Distentus
1633 1799 1774 1855 prte-

1889 571 2079 640 immo,
2099 572 2240 643 quod
2263 573 2599 642 dicebamus,
2625 577 2902 634 utLatinis
2925 593 2954 634 e
2974 579 3224 650 penitiori
3254 579 3488 650 antiqui-

1890 671 2000 720 tate
2040 667 2383 723 manantibus
2421 669 2747 740 apographis
2783 671 2835 728 id
2880 673 2948 729 ab
2979 673 3070 729 illo
3101 673 3483 742 prmstitutum.

1886 756 2156 825 Quantum
2184 760 2385 817 Italica:
2405 763 2642 819 versioni
2667 764 2800 822 lucis
2826 782 2889 822 ac
2914 766 3058 834 fidei,
3081 775 3338 839 quantum
3360 783 3487 824 eru-

1885 851 2108 908 ditionis
2137 856 2407 924 expectari
2442 866 2691 926 poterat,
2723 859 2770 914 si
2809 859 3085 918 obsoletos
3133 861 3486 934 interpretum

1886 947 2078 1003 modos
2103 990 2118 1015 ,
2144 963 2206 1005 ac
2231 951 2452 1021 genium
2481 951 2753 1009 illustrare
2779 954 3086 1011 voluisset?

1955 1039 2095 1096 Num
2136 1057 2266 1098 vero
2305 1042 2594 1114 desperata
2645 1046 2869 1101 omnino
2907 1046 3018 1117 jam
3051 1046 3122 1102 sit
3152 1045 3486 1117 primigenia:

1883 1135 2151 1190 versiouis
2189 1136 2242 1191 in
2290 1137 2556 1209 integrum
2607 1138 2900 1204 restitutio,
2947 1141 3145 1194 clamat
3191 1154 3279 1195 res
3322 1140 3482 1211 ipsa:

1883 1228 2176 1285 subtractis
2231 1230 2394 1301 longo
2441 1247 2558 1287 aevo
2609 1231 2867 1286 subsidiis
2908 1231 3013 1287 illis
3041 1274 3054 1297 ,
3095 1247 3324 1303 quorum
3376 1246 3481 1303 ope

1884 1326 2130 1395 prmstari
2179 1325 2233 1381 id
2287 1327 2556 1397 quondam
2617 1323 2856 1398 potuisse
2920 1343 3030 1382 non
3080 1327 3441 1382 dubitavimus

1881 1419 2286 1490 exemplaribus
2329 1420 2704 1492 scilicet,qu:n
2753 1423 3005 1492 propiora
3042 1419 3351 1493 archetypis
3395 1434 3483 1475 es-

1879 1521 2022 1568 sent.
2080 1513 2151 1568 At
2205 1523 2501 1585 supersunt
2539 1514 2832 1570 etiamnum
2874 1531 2904 1571 e
2934 1515 3322 1572 vetustioribus
3372 1529 3479 1569 non

1881 1621 2072 1675 pauca,
2107 1621 2336 1676 quorum
2360 1617 2489 1661 tetas
2519 1606 2686 1672 mille,
2715 1616 2770 1661 et
2796 1607 3030 1677 amplius
3056 1620 3231 1662 annos
3257 1619 3480 1660 enume-

1878 1707 1983 1754 rat.
2015 1699 2148 1754 Esto
2183 1717 2196 1752 :
2225 1699 2477 1771 quamvis
2507 1713 2643 1769 ego,
2681 1715 2787 1754 non
2838 1714 2945 1770 quo
2981 1698 3184 1755 sacculo
3215 1707 3432 1754 exarata
3459 1739 3476 1762 ,

1877 1796 1971 1851 sed
2000 1811 2031 1851 e
2061 1811 2289 1867 quorum
2342 1806 2646 1865 temporum
2691 1795 3029 1866 antigrapbis
3059 1793 3330 1864 descripta
3359 1791 3479 1849 fue-

194 1889 323 1934 terea
351 1878 706 1934 familiaribus
729 1880 1043 1951 perpetibus
1065 1879 1280 1946 studiis,
1306 1896 1336 1936 a
1365 1880 1560 1951 quibus
1587 1881 1770 1936 divelli
1801 1881 1848 1941 Î’
1876 1890 2005 1956 rint,
2035 1886 2434 1944 observandum
2470 1903 2577 1955 pra!
2602 1887 2817 1943 exteris
2849 1895 3054 1958 putem.
3089 1888 3189 1941 Ast
3223 1885 3340 1941 hac
3380 1899 3476 1941 ea-

192 1972 390 2027 minime
419 1981 661 2041 poterat:
679 1982 788 2026 tum
811 1972 1045 2027 Damaso
1069 1973 1208 2044 ipso,
1224 1973 1451 2044 aliisque
1477 1973 1768 2029 identidem

192 2065 512 2136 petentibus,
557 2076 616 2119 ut
646 2064 858 2121 Veteris
887 2065 1220 2122 Testamenti
1274 2066 1422 2122 locos
1452 2076 1545 2122 aut
1571 2067 1773 2122 obscu-

191 2172 265 2214 ros
288 2158 577 2227 illustrare,
610 2169 700 2213 aut
724 2157 1016 2229 explanare
1036 2158 1286 2216 difficiles
1311 2161 1496 2217 vellet.
1523 2160 1772 2218 Accede-

195 2251 268 2306 bat
289 2251 557 2307 institutio
585 2253 876 2308 multorum
895 2293 911 2320 ,
942 2268 1080 2324 quos
1105 2263 1343 2324 spectata
1375 2268 1582 2310 morum
1625 2255 1769 2311 inte-

196 2346 331 2416 gritas
357 2386 372 2409 ,
402 2345 760 2401 humanarum
808 2362 990 2402 rerum
1033 2357 1406 2419 contemptus,
1439 2351 1770 2421 paupertatis

194 2454 322 2496 amor
342 2483 357 2508 ,
385 2440 732 2506 abSIinentia,
768 2441 1065 2508 humilitas,
1096 2443 1438 2511 castimonia,
1471 2455 1614 2511 tum,
1647 2461 1770 2517 qua:

193 2532 380 2589 caeteris
415 2533 564 2589 illius
595 2535 884 2590 virtutibus
933 2535 1212 2592 at'fundere
1238 2537 1672 2609 quodammodo,
1714 2549 1770 2595 et

192 2629 248 2684 ab
273 2629 332 2685 iis
359 2630 602 2685 vicissim
635 2629 801 2686 decus
831 2631 1064 2686 mutuari
1096 2631 1401 2696 videbatur,
1426 2633 1647 2688 scientia
1674 2651 1762 2690 re-

192 2737 291 2777 rum
327 2722 634 2779 divinarum
678 2724 1046 2779 adtraxerant.
1094 2725 1158 2780 Et
1210 2725 1425 2796 quidem
1477 2725 1668 2781 horum
1713 2728 1765 2781 in

189 2827 334 2870 censu
371 2830 404 2871 e
444 2816 784 2888 principibus
830 2816 1047 2872 familiis
1094 2816 1444 2872 nobilissimae
1492 2818 1756 2889 virgines,

185 2917 377 2976 nuptm,
427 2907 607 2963 vidua:
646 2927 660 2962 :
695 2909 782 2976 qui
819 2925 1042 2976 omnes,
1075 2911 1439 2981 pulcherrimo
1487 2911 1767 2967 charitatis

183 3001 439 3070 exemplo,
462 3003 708 3058 consiliis
733 3003 802 3058 ab
827 3003 970 3075 ipso,
1001 3002 1494 3071 exhortationibus,
1527 3021 1766 3076 praecep-

183 3093 262 3158 tis,
292 3105 346 3150 et
368 3111 578 3162 coram,
613 3108 666 3152 et
692 3099 892 3169 scripto
923 3099 990 3154 ad
1037 3099 1413 3171 perfectiorem
1454 3099 1765 3157 christiana:

176 3187 293 3241 vita:
315 3196 513 3244 statum
541 3189 983 3247 eï¬‚'ormabantur.

239 3280 515 3340 Clauserat
547 3285 763 3342 demum
793 3303 1044 3344 curarum
1067 3303 1260 3359 agmen
1293 3288 1583 3344 liberrima:
1620 3303 1757 3344 sem-
1791 3253 1837 3318 ÎŸ

171 3391 265 3446 per
311 3379 492 3448 urbis,
525 3381 578 3435 in
611 3397 714 3452 qua
757 3383 936 3438 aiebat
977 3384 1250 3455 Augustus
1277 3393 1528 3456 oportere
1566 3385 1766 3441 liberas

168 3467 372 3540 linguas
404 3486 550 3537 esse,
582 3472 862 3540 dicacitas,
886 3490 950 3530 ac
994 3474 1210 3531 licentia
1238 3493 1250 3528 :
1276 3475 1606 3549 Hieronymo
1635 3491 1762 3532 eor-

165 3574 348 3634 ruptos
371 3567 520 3622 illius
550 3583 839 3634 mores,-ac
861 3569 1092 3626 invicem
1119 3571 1537 3642 redarguentcm
1571 3571 1762 3628 iuolita

157 3657 265 3728 jam
308 3661 438 3716 vitia
483 3661 756 3719 hominem
809 3681 914 3719 non
964 3665 1280 3722 ferentibus.
1313 3667 1379 3722 Et
1408 3675 1764 3737 praecesserat

159 3749 362 3808 dudum
384 3795 402 3820 ,
437 3770 558 3825 quae
577 3798 593 3822 ,
627 3765 682 3809 ut
711 3771 964 3825 proceras
993 3760 1218 3814 arbores
1247 3759 1494 3830 ingentes
1524 3760 1758 3827 umbrte,

155 3843 234 3899 sic
261 3856 361 3901 aut
387 3848 617 3902 fortuntr
647 3849 975 3921 benignitate
1000 3893 1016 3918 ,
1067 3861 1156 3905 aut
1186 3852 1473 3922 splendore
1498 3854 1762 3909 virtutum

158 3936 401 4010 insignes
441 3941 587 3996 viros
634 3943 783 4012 sequi
815 3943 993 4009 solet,
1032 3943 1230 3999 invidia
1261 3963 1274 3999 :
1307 3959 1428 4015 quae
1453 3944 1506 4000 in
1536 3945 1760 4001 livorem

154 4041 365 4099 postea,
399 4041 564 4102 atque
595 4034 776 4090 odium
809 4038 1005 4107 erupit.
1039 4036 1175 4093 llinc
1195 4039 1480 4104 coitiones,
1515 4047 1570 4093 et
1589 4038 1760 4096 dicte-

154 4122 238 4176 ria
293 4125 349 4178 in
378 4124 580 4196 ipsum,
611 4135 667 4182 et
731 4128 924 4198 probra
971 4131 1147 4193 clam,
1200 4131 1372 4200 palam
1409 4146 1556 4187 :nec
1601 4132 1762 4203 vulgo

157 4224 416 4284 tantum,
460 4219 558 4276 sed
603 4222 918 4295 urgentibus
967 4232 1190 4278 strenue
1243 4237 1378 4294 opus
1409 4225 1757 4297 symmystis,

156 4324 297 4379 quos
339 4314 511 4382 pudor
543 4315 712 4387 magis
749 4331 812 4372 ac
843 4315 1118 4372 silentium
1162 4317 1464 4384 decuisset,
1497 4319 1540 4373 si
1569 4334 1762 4389 sapere

156 4406 466 4471 potuissent
495 4425 510 4462 :
542 4423 788 4479 quosque
830 4419 1115 4480 propterea
1162 4410 1353 4467 beatus
1398 4412 1628 4482 scriptor
1660 4413 1760 4466 im-

155 4499 480 4554 mortalibus
538 4500 740 4572 ingenii
788 4502 869 4557 sui
922 4505 1287 4559 monumentis
1352 4503 1759 4560 eonnnendatos

158 4589 373 4660 voluit,
404 4604 462 4648 ut
518 4595 764 4665 profecto
804 4604 1135 4661 meruerant,
1172 4597 1492 4667 posteritati.

231 4683 288 4740 In
318 4686 409 4741 illo
434 4689 614 4758 itaque
635 4703 814 4744 rerum
836 4704 1194 4760 curarumque
1215 4698 1345 4744 a-stu
1363 4689 1619 4760 jactatus,
1636 4703 1759 4744 avo-

160 4783 420 4848 catusque
445 4779 658 4834 animus
681 4783 770 4851 qui
802 4792 984 4852 posset
1011 4781 1230 4851 longum
1254 4796 1392 4852 opus
1412 4823 1426 4846 ,
1462 4783 1751 4847 minutum,

162 4868 425 4939 ingratum
457 4875 620 4930 etiam
647 4874 867 4947 adgredi
893 4917 909 4943 ,
939 4891 1003 4931 ac
1044 4875 1345 4946 perficere?
1385 4874 1489 4931 Sed
1517 4889 1618 4930 nec
1642 4875 1754 4944 jam

161 4959 424 5034 integrum
450 4968 522 5021 illi
551 4977 666 5022 erat
701 4981 883 5022 moras
908 4975 1128 5022 nectere
1155 4967 1207 5022 in
1235 4975 1403 5033 tanta,
1434 4976 1490 5022 et
1515 4966 1749 5032 Damasi,

160 5057 247 5124 qui
279 5073 415 5129 opus
455 5061 796 5131 injunxerat,
839 5070 894 5118 et
946 5061 1306 5132 complurium
1348 5061 1757 5132 expectatione,

160 5149 251 5217 qui
279 5153 536 5208 uberrimi
569 5154 767 5224 ingenii
811 5153 1018 5210 fructus
1046 5155 1133 5210 vix
1161 5150 1418 5225 quaesitos
1465 5154 1760 5225 decerpere

160 5241 424 5300 solebant.
481 5245 620 5301 Tum
665 5246 812 5318 quod
859 5248 1101 5313 maxime
1153 5256 1210 5302 et
1248 5247 1615 5302 emendaturis
1647 5289 1663 5313 ,
1703 5257 1759 5303 et

160 5336 554 5394 emendationis
596 5339 880 5406 intererat,
912 5347 971 5394 Î¹Î¹Î¹
998 5339 1178 5394 verbis
1203 5353 1418 5405 sensus,
1454 5341 1648 5410 hisque
1677 5340 1760 5396 in-

161 5426 330 5484 vicem
359 5441 634 5488 constaret
659 5433 880 5502 veritas,
915 5443 1064 5489 ratus
1089 5433 1346 5490 adhibitis
1386 5450 1418 5491 a
1449 5449 1508 5490 se
1534 5435 1747 5504 mediis,

163 5523 385 5587 perinde
424 5538 490 5579 ac
532 5523 688 5586 aliis.
717 5525 962 5595 praestari
1009 5525 1165 5581 facile
1201 5541 1362 5598 posse
1393 5546 1405 5580 :
1435 5527 1750 5584 distractum

161 5626 442 5684 propterea
471 5633 571 5689 per
591 5627 670 5674 tot
690 5619 1081 5690 exemplarium
1113 5620 1367 5693 ambages
1391 5621 1528 5691 iter,
1563 5623 1615 5678 in
1647 5639 1753 5695 quo

160 5707 350 5768 sistere
373 5712 691 5780 identidem,
718 5725 773 5770 et
802 5723 1076 5785 praerupta
1099 5715 1302 5770 viarum
1344 5717 1556 5774 munire
1591 5732 1754 5789 opor-

160 5801 321 5871 tebat,
354 5821 449 5874 per
471 5806 791 5876 compendia
814 5805 1128 5862 Graecorum
1156 5809 1426 5878 codicum,
1450 5811 1564 5880 pari
1596 5811 1748 5882 equi~

161 5893 279 5951 dem
307 5898 603 5971 legentium
627 5899 877 5967 utilitate,
910 5901 1032 5958 licet
1061 5900 1202 5957 haud
1232 5902 1350 5973 pari
1390 5903 1532 5975 apud
1563 5918 1752 5961 omnes

1783 4653 1836 4713 Î™)

1872 1983 1994 2040 dem
2025 1998 2130 2053 quo
2159 1983 2331 2054 magis
2361 2000 2389 2038 a
2420 1983 2659 2041 fontibus
2689 1993 2898 2040 remota
2923 2026 2936 2050 ,
2975 1999 3042 2040 eo
3068 1983 3265 2050 etiam,
3317 1982 3473 2054 plus,

1873 2078 2140 2140 minusve,
2171 2087 2259 2132 aut
2297 2095 2324 2131 a
2353 2078 2585 2134 librariis
2624 2080 2764 2134 male
2793 2075 2998 2146 habita,
3030 2087 3124 2132 aut
3150 2076 3472 2133 seboliastaâ€”

1873 2187 1994 2226 rum
2054 2171 2329 2226 licentiam
2381 2185 2559 2241 passa.
2597 2171 2736 2238 Quid
2776 2171 2970 2242 igitur?
3005 2169 3471 2240 Compendiumne

1871 2279 1939 2319 ex
1967 2263 2032 2318 iis
2075 2263 2303 2325 nullum.
2350 2264 2453 2318 nisi
2484 2262 2714 2319 fortasse
2744 2263 2974 2335 pretium
3005 2261 3158 2332 illud,
3189 2261 3333 2334 quod
3363 2261 3469 2316 hu-

1865 2353 2169 2429 juscemodi
2203 2358 2569 2422 monumentis
2619 2357 2914 2415 conciliare
2944 2356 3238 2426 antiquitas
3287 2355 3473 2411 solet?

1871 2451 2044 2506 lmmo
2067 2452 2226 2523 longe
2255 2450 2621 2522 praestantius.
2645 2448 2702 2506 Si
2732 2450 2874 2505 enim
2899 2449 3116 2521 egregie
3141 2449 3373 2503 locatam
3401 2447 3470 2502 ab

1873 2542 2102 2599 eruditis
2131 2560 2354 2615 operam
2387 2543 2662 2607 ducimus,
2692 2557 2797 2614 qua
2829 2541 3086 2614 profanos
3139 2542 3472 2611 scriptores,

1870 2649 1968 2692 seu
1999 2637 2192 2705 injuria
2223 2647 2548 2707 temporum,
2580 2639 2697 2692 sive
2738 2634 3162 2704 antiquariorum
3196 2632 3469 2705 negligen-

1872 2731 1944 2786 tia
1993 2732 2238 2800 pluribus
2274 2732 2327 2785 in
2376 2731 2511 2786 locis
2539 2745 2785 2795 mancos,
2831 2729 3174 2799 luxatosque,
3206 2742 3309 2798 ope
3335 2740 3470 2782 mss.

1870 2826 2116 2882 codicum
2164 2825 2230 2880 ad
2280 2825 2563 2896 pristinum
2616 2833 2818 2878 statum
2876 2837 3134 2878 revocare
3185 2823 3464 2886 nituntur;

1869 2928 2073 2991 quanto
2102 2917 2432 2973 laudabilius
2461 2917 2788 2986 insumptam
2821 2915 3128 2986 putabimus
3177 2928 3294 2968 eam
3320 2954 3335 2978 ,
3366 2927 3470 2982 qua

1869 3027 2151 3069 sacrorum
2203 3010 2270 3067 Î.
2313 3011 2379 3066 Î¤.
2434 3011 2696 3065 librorum
2749 3010 3001 3080 princeps
3049 3006 3232 3062 Italica
3264 3004 3469 3072 versio,

1869 3106 2153 3170 adhibitis,
2173 3119 2293 3176 quae
2321 3103 2615 3160 etiamnum
2635 3103 2838 3174 vigent,
2863 3099 3211 3172 apograpbis,
3227 3098 3272 3152 si
3293 3083 3472 3153 minus

1869 3215 1936 3257 ex
1983 3199 2217 3269 integro,
2258 3205 2314 3252 at
2341 3196 2535 3253 saltem
2593 3210 2786 3265 magna
2836 3209 2903 3249 ex
2949 3201 3098 3263 parte
3127 3191 3194 3246 ad
3235 3187 3468 3246 nativam

1870 3293 2310 3364 simplicitatem,
2358 3291 2760 3362 puritatemque
2825 3286 3074 3343 revocari
3123 3284 3466 3342 commodum

1869 3384 2094 3458 potest?
2142 3386 2225 3440 An
2272 3399 2384 3441 non
2428 3382 2481 3439 id
2511 3384 2686 3454 ipsum
2739 3397 2768 3435 a
2819 3381 2951 3436 viris
2998 3379 3102 3434 illis
3141 3377 3469 3434 doctissimis

1868 3479 2194 3552 prrestitum,
2223 3478 2339 3550 qui,
2361 3487 2421 3534 ut
2448 3476 2675 3547 Vulgata
2703 3483 2885 3532 nostra
2927 3481 3186 3546 quantum
3213 3472 3465 3544 equidem
3552 3502 3554 3504 Ï„

1869 3574 1990 3630 ï¬‚eri
2020 3582 2232 3644 poterat
2272 3573 2460 3644 purior
2505 3571 2777 3637 ederetur,
2835 3584 2993 3625 curas
3041 3583 3255 3638 omnes,
3307 3577 3466 3638 atque

1867 3667 2189 3724 industriam
2217 3666 2535 3722 contulere?
2559 3664 2701 3721 Nihil
2727 3663 2964 3734 profecto
2990 3661 3156 3716 aliud.
3193 3661 3464 3716 Vetustio-

1865 3762 2018 3819 ribus
2069 3761 2238 3827 enim,
2287 3775 2408 3829 qute
2442 3758 2672 3813 inveniri
2722 3764 3034 3826 potuerant,
3082 3751 3461 3824 antigraphis,

1865 3863 2028 3925 atque
2051 3868 2155 3907 una
2207 3851 2304 3908 SS.
2329 3851 2551 3906 Patrum
2587 3851 2721 3905 locis
2743 3848 3158 3920 diligentissime
3185 3845 3462 3916 inspectis;

1865 3953 1979 4002 tum
2007 3961 2129 4000 cum
2177 3944 2381 4001 Graecis
2413 3943 2656 3998 melioris
2688 3952 2829 3997 nota:
2877 3940 3284 4011 exemplaribus
3313 3952 3464 3993 com-

1867 4040 2146 4110 paratione
2181 4037 2339 4104 facta,
2366 4037 2508 4109 quod
2555 4037 2682 4091 olim
2727 4036 2780 4091 in
2811 4035 3109 4105 primorum
3138 4031 3460 4087 saeculorum

1866 4133 2126 4190 Eeclesiis
2161 4133 2361 4187 lectum
2411 4129 2578 4184 fuisse
2621 4128 2938 4191 videbatur,
2972 4125 3072 4181 boc
3103 4137 3311 4178 summa
3353 4121 3462 4176 ï¬de

1864 4227 2120 4283 exhibere
2138 4225 2314 4280 conati
2333 4232 2477 4279 sunt.
2500 4222 2724 4277 Fateute
2739 4230 3023 4292 propterea
3042 4217 3209 4273 Millio
3223 4215 3460 4289 (Proleg.

1865 4319 2079 4391 12.379),
2112 4318 2164 4373 in
2204 4319 2303 4372 hac
2357 4318 2471 4386 ipsa
2504 4315 2644 4370 haud
2675 4318 2923 4385 exiguam
2969 4313 3221 4383 genuinze
3263 4309 3469 4364 Italica:

1865 4421 2074 4482 partem
2122 4424 2436 4480 superesse.
2488 4407 2671 4477 Neque
2700 4405 2999 4472 dubitabat,
3052 4398 3214 4474 quin,
3256 4400 3461 4458 eisdem

1865 4504 2058 4559 mediis
2084 4503 2362 4568 adhibitis,
2392 4498 2521 4556 olim
2551 4498 2821 4568 expectari
2847 4496 3047 4567 aliquid
3081 4495 3313 4565 amplius
3342 4508 3467 4564 pos-

1864 4608 1967 4654 set.
1999 4597 2257 4652 lndicatis
2284 4596 2427 4651 enim
2455 4593 2751 4664 ,eodieibus
2792 4592 3019 4661 aliquot,
3050 4591 3142 4660 qui
3171 4591 3223 4644 in
3252 4588 3464 4644 Britan-

1865 4694 1952 4748 nia
1985 4690 2286 4762 Galliisque
2318 4699 2621 4754 servantur,
2655 4697 2764 4742 tum
2791 4686 3018 4757 Vulgata
3051 4687 3191 4756 ipsa,
3222 4683 3464 4754 hujusce-

1865 4786 2005 4840 modi
2030 4784 2235 4854 quidetÂ»:
2281 4792 2751 4846 naonumentorum,
2800 4780 2997 4850 inquit,
3060 4785 3302 4831 accurate
3330 4775 3464 4828 inter

1862 4896 1938 4945 se,
1953 4889 1999 4934 et
2011 4895 2131 4934 cum
2152 4886 2290 4933 textu
2306 4876 2888 4950 Graecokommissarum
2904 4871 3222 4928 adminiculo
3234 4869 3464 4924 revocari

1864 4974 2140 5030 etiamnum
2188 4988 2339 5042 posse
2372 4971 2575 5026 videtur
2613 4970 2845 5024 maxime
2881 4984 2946 5023 ea:
2987 4974 3131 5036 parte
3171 4962 3310 5018 Itala
3355 4963 3465 5018 Iuec

1865 5067 2066 5138 qualem
2095 5083 2207 5122 eam
2239 5065 2427 5120 dedere
2472 5065 2627 5134 primi
2657 5063 2991 5136 Interpretes.
3043 5063 3307 5115 Asserens
3335 5057 3467 5114 sub-

1865 5161 2022 5226 inde,
2087 5164 2189 5215 hoc
2235 5175 2294 5215 se
2345 5159 2532 5214 labore
2581 5155 2940 5220 adsecutum,
2993 5169 3114 5224 qua:
3161 5153 3214 5207 in
3268 5151 3464 5223 pleris-

1863 5270 1966 5327 que
1993 5252 2059 5308 Î.
2091 5252 2156 5308 Î¤.
2188 5253 2322 5308 locis
2353 5251 2553 5307 fuerint
2582 5249 2749 5320 ipsius
2794 5246 2939 5301 Italtc
2963 5245 3192 5318 genuina
3219 5261 3234 5310 ;
3269 5243 3462 5314 etqui-

1861 5348 1963 5404 bus
1992 5345 2196 5403 Grrecis
2248 5345 2440 5400 Latina
2489 5344 2586 5398 ista
2638 5341 3038 5410 reSponderint.
3088 5339 3224 5408 Quid
3273 5349 3459 5410 postea

1860 5442 2107 5498 dicturus
2133 5440 2200 5506 si,
2233 5455 2356 5511 qua:
2389 5446 2444 5492 tu
2493 5444 2842 5491 monumenta
2887 5435 2937 5489 iu
2974 5435 3149 5511 lucem
3196 5433 3333 5488 hanc
3361 5447 3458 5502 pu-

1860 5535 2059 5592 blicam
2091 5533 2308 5599 eli'eres,
2334 5541 2444 5585 tum
2472 5544 2592 5601 quae
2638 5529 2868 5584 fortasse
2913 5527 3091 5583 adhuc
3118 5525 3454 5597 inexplorata

1859 5627 2204 5688 delitescunt,
2233 5633 2324 5678 aut
2354 5637 2519 5693 penes
2545 5622 2766 5692 ignavos
2789 5621 3048 5677 harumce
3073 5621 3451 5692 antiquitatum

1862 5719 2117 5775 dominos
2147 5717 2288 5771 inter
2310 5715 2573 5771 librorum
2599 5716 2922 5786 quisquilias
2943 5715 3255 5795 miserrime
3270 5713 3454 5784 iacent

1861 5813 2134 5879 inspicere
2189 5809 2494 5882 potuisset?
2547 5810 2660 5882 Ego
2707 5809 2952 5882 profecto
2998 5809 3254 5864 indicium
3311 5809 3452 5866 istud

1859 5905 2153 5977 scriptoris
2195 5905 2405 5979 inclyti,
2439 5913 2603 5978 atque
2631 5907 2684 5962 in
2716 5906 2878 5963 rebus
2923 5904 3070 5963 hisce
3101 5904 3324 5961 infinita:
3346 5905 3458 5961 Ieci-
