3968 6332
465 292 536 350 59
1855 287 2390 362 PROLEGOIENA.
3698 288 3769 347 60

465 409 660 483 tionis,
690 411 990 486 amplector
1023 409 1118 480 ita,
1152 417 1208 466 nt
1241 423 1307 465 ne
1351 397 1632 466 minimum
1659 408 1878 489 quidem
1903 407 2060 466 dubi-
2085 408 2141 480 Α
2165 406 2360 466 mirum
2395 408 2537 480 quod
2569 409 2765 466 veteris
2794 409 3035 484 Vulgata:
3062 418 3117 469 et
3159 409 3356 472 Italicae
3400 425 3600 476 nomen
3642 418 3767 474 tan-

469 511 597 570 tem,
641 505 768 578 quin
801 503 900 559 viri
930 503 1095 572 docti,
1149 502 1196 558 si
1241 502 1610 564 adornandam
1656 503 1796 560 hanc
1823 512 2062 582 spartam

472 594 648 662 studia
705 613 800 654 sua
845 597 1095 658 conferre
1136 597 1432 670 aliquando
1469 600 1672 666 velint,
1719 608 1869 664 recte
1913 599 2064 656 illum

474 689 714 744 sensisse
758 689 962 765 experti
1015 688 1288 746 fateantur
1315 729 1328 743 .
1371 690 1629 760 Quamvis
1674 679 1907 752 fortasse
1956 708 2065 750 non

474 781 723 848 deerunt,
751 784 840 854 qui
890 783 1108 839 inutiles
1133 783 1244 860 jam
1292 784 1490 838 nostris
1531 783 1678 840 hisce
1709 785 2065 856 temporibus,

473 890 631 930 curas
663 876 794 932 istas
840 875 958 942 fore
1007 877 1378 933 arbitrentur:
1413 895 1575 955 quum
1627 878 1840 935 scilicet
1884 878 1948 934 N.
1998 877 2062 934 Τ.

470 971 775 1026 versionem
820 969 1078 1028 Ecclesiae
1105 988 1314 1039 Omnes,
1365 983 1474 1030 tum
1509 975 1722 1047 privati,
1753 974 1808 1031 in
1843 971 2068 1046 Vulgata

469 1080 580 1135 prae
611 1065 782 1119 oculis
821 1064 1071 1120 habeant.
1118 1065 1292 1138 Ignari
1339 1083 1532 1139 nempe
1579 1068 1716 1124 hanc
1747 1067 1916 1138 ipsam
1960 1081 2068 1122 non

472 1158 718 1214 dissimili
751 1175 878 1213 cura
911 1159 1245 1215 elaboratam
1282 1177 1296 1215 :
1329 1177 1392 1216 ac
1422 1172 1704 1238 propterea
1736 1161 1984 1216 relictum
2015 1160 2068 1216 in

480 1265 584 1308 tam
625 1255 806 1324 ampla
852 1270 1030 1320 messe
1057 1253 1291 1322 aliquem
1323 1258 1601 1328 spicilegio
1653 1256 1826 1310 locum
1851 1271 1866 1322 ;
1894 1271 2070 1328 neque

473 1348 541 1401 ab
570 1347 672 1402 hoc
699 1349 918 1404 exclusa
951 1351 1291 1422 sequentium
1318 1359 1533 1405 a-tatum
1558 1351 1802 1424 ingenia,
1833 1365 1939 1420 quo
1968 1350 2070 1416 mi-

473 1454 594 1506 nus,
627 1440 670 1494 si
700 1453 804 1512 qua
838 1439 1070 1496 fortasse
1099 1441 1152 1496 in
1195 1445 1420 1498 vetustis
1447 1444 1726 1498 codicibus
1757 1442 2068 1508 inveniant,

477 1531 617 1588 unde
659 1533 1079 1604 pulcherrimum
1113 1551 1249 1606 opus
1295 1536 1568 1591 illustrare
1599 1535 1792 1592 alicubi
1823 1537 2070 1612 possint,

473 1627 688 1683 inventa
717 1628 904 1686 eadem
930 1629 1127 1700 publici
1151 1630 1289 1701 juris
1315 1631 1532 1686 faciant.
1560 1631 1771 1686 Paucis.
1797 1631 1853 1686 Si
1879 1632 2075 1687 acriter

473 1722 747 1792 espensis,
785 1732 944 1792 atque
975 1724 1206 1780 invicem
1232 1734 1436 1780 attente
1463 1726 1675 1782 collatis
1706 1725 2073 1780 monumentis

2168 511 2278 558 tum
2307 501 2556 560 audiatur
2581 503 2720 580 apud
2747 519 2934 562 omnes
2963 505 3053 580 qui
3077 505 3146 561 de
3163 505 3562 584 Scripturarum
3581 512 3766 568 trans-

2166 594 2455 658 lationibus
2475 595 2682 663 Latinis
2711 612 3016 662 sermonem
3054 600 3369 666 instituunt,
3395 613 3518 658 cum
3557 597 3769 660 nullum

2165 688 2343 750 adhuc
2367 691 2648 764 exemplar
2672 692 2893 763 hujusce
2913 693 3164 750 editionis
3191 692 3446 763 prodierit
3467 693 3520 750 in
3548 693 3768 760 lucem;

2171 781 2352 838 nullus
2398 794 2638 842 veterum
2683 785 3008 856 scriptorum
3071 794 3375 842 accuratam
3418 786 3550 848 satis
3594 786 3662 840 de
3707 799 3772 844 ea

2170 880 2415 938 notitiam
2448 882 2681 954 posteris
2709 881 3016 938 tradiderit.
3046 881 3127 940 Ad
3159 881 3464 953 hujustnodi
3492 896 3624 952 ergo
3648 881 3771 938 abi-

2170 973 2372 1044 gendas
2402 974 2650 1034 tenebras
2693 976 2800 1036 duo
2841 977 3202 1032 vetustissima
3235 982 3431 1045 praesto
3471 989 3614 1030 nunc
3641 983 3776 1034 sunt

2170 1066 2530 1134 exemplaria,
2563 1082 2684 1136 quin
2722 1068 2775 1122 in
2821 1069 3167 1131 monasteriis
3209 1054 3410 1124 nostris
3447 1078 3776 1132 conservata

2173 1174 2342 1231 usque
2375 1161 2424 1213 in
2453 1159 2596 1222 diem
2628 1173 2949 1232 prmsentem
2982 1163 3332 1226 delituerant.
3376 1163 3577 1218 llorum
3616 1161 3779 1218 codi-

2173 1268 2294 1307 cum
2325 1254 2590 1322 subsidio,
2623 1257 2712 1320 vix
2755 1257 2955 1328 aliquid
2983 1257 3126 1328 quod
3153 1259 3430 1334 antiquam
3477 1269 3532 1320 et
3578 1258 3778 1322 Italam

2175 1347 2412 1402 Matthaci
2461 1349 2865 1406 translationem
2911 1359 3140 1420 spectat,
3187 1351 3356 1410 latere
3401 1367 3502 1408 nos
3545 1354 3778 1423 poterit.

2175 1440 2312 1510 Quid
2341 1441 2485 1500 enim
2516 1443 2652 1502 scire
2680 1443 2834 1500 nobis
2863 1459 2970 1500 non
2996 1444 3142 1511 licet,
3171 1444 3387 1516 quando
3418 1457 3600 1502 rerum
3632 1445 3784 1514 ipsa-

2177 1553 2296 1592 rum
2325 1547 2380 1594 et
2409 1538 2699 1598 verborum
2748 1539 2948 1594 oculati
2995 1548 3160 1598 testes
3199 1539 3544 1598 accedimus?
3572 1538 3784 1598 Verum

2177 1638 2235 1690 ut
2263 1629 2471 1686 facilior
2494 1645 2557 1685 ac
2579 1631 2882 1704 expeditior
2907 1632 2987 1686 via
3010 1641 3154 1688 esset
3175 1631 3240 1694 ad
3266 1631 3606 1706 percipienda
3631 1649 3788 1704 qua:-

2177 1739 2410 1795 cumque
2440 1727 2696 1796 ignorata
2741 1735 2868 1782 ante
2911 1725 3122 1784 luerant
3164 1726 3306 1784 circa
3338 1735 3577 1782 veterem
3628 1727 3787 1786 Itali-

473 1816 745 1880 omnibus,
779 1833 898 1890 quae
928 1829 983 1882 et
1005 1818 1115 1890 jam
1146 1829 1270 1874 nota
1290 1860 1306 1887 ,
1342 1829 1399 1876 et
1429 1835 1569 1875 llllllc
1608 1821 1838 1891 primum
1872 1835 1902 1876 e
1925 1829 2079 1876 tene-
2109 1819 2157 1882 Β
2183 1833 2410 1888 camun
2442 1818 2871 1885 translationem,
2915 1818 3426 1891 Prolegomenorum
3468 1830 3788 1882 nostrorum

473 1908 584 1964 bris
611 1920 764 1966 eruta
800 1912 1127 1981 prodibant,
1162 1929 1287 1968 mox
1317 1929 1346 1968 e
1377 1914 1604 1985 singulis
1635 1914 1845 1969 delectu
1872 1922 2080 1972 mature

477 2002 679 2080 habito,
717 2003 779 2058 N.
811 2001 873 2058 Τ.
908 2005 1076 2060 editio
1108 2005 1502 2073 institueretur,
1544 2023 1650 2062 non
1688 2007 1906 2075 dubito,
1949 2005 2078 2078 quin

475 2092 658 2150 Italica
687 2107 868 2151 nostra
903 2099 1098 2158 nativis
1123 2099 1373 2156 distincta
1415 2100 1692 2156 coloribus
1725 2100 1967 2172 dignosci
2002 2099 2080 2156 fa-

476 2187 677 2246 cillime
707 2199 892 2260 posset
925 2191 1105 2247 :haud
1146 2192 1397 2265 equidem
1443 2196 1634 2252 eadem
1667 2198 1888 2250 omnino
1933 2194 2081 2266 puri-

479 2290 618 2348 tate,
656 2292 819 2358 atque
871 2285 1188 2341 castimonia
1234 2286 1491 2360 prmdita,
1519 2303 1622 2359 qua
1654 2287 1780 2341 olim
1825 2285 2077 2352 incessit,

477 2375 598 2446 quis
626 2377 772 2432 enim
807 2377 910 2433 hoc
939 2381 1163 2450 speret?
1187 2389 1424 2440 attamen
1466 2380 1532 2446 si,
1558 2396 1693 2452 quos
1720 2381 1879 2452 longo
1908 2394 2080 2434 saccu-

479 2469 652 2526 lorttm
685 2471 919 2528 decursu
965 2475 1258 2541 c0ntraxit,
1293 2490 1511 2546 meros,
1537 2474 1910 2546 maculasque,
1929 2473 2078 2546 judi-

478 2562 621 2619 cium
645 2566 892 2629 criticum
917 2567 1180 2639 dett-rgat,
1211 2585 1315 2624 non
1339 2569 1661 2638 deformem,
1692 2585 1795 2624 non
1823 2569 2076 2637 luridum,

395 2704 404 2716 .
480 2659 574 2714 sed
603 2671 762 2716 aelate
791 2664 906 2732 ipsa
937 2663 1326 2728 venerabilem,
1354 2679 1529 2734 neque
1555 2663 1826 2741 indignam
1858 2663 2076 2736 primae-

480 2756 559 2813 vis
591 2756 718 2822 illis,
749 2774 779 2812 e
808 2757 1002 2828 quibus
1031 2761 1290 2826 manavit,
1320 2757 1583 2824 fontibus,
1610 2758 1958 2816 haberemus.
1993 2757 2080 2813 ln-

480 2855 626 2904 terea
658 2865 776 2916 nos,
807 2851 880 2906 mi
924 2851 1240 2918 Blancbine,
1274 2853 1520 2924 quamvis
1570 2851 1741 2908 serior
1770 2852 1908 2907 votis
1947 2862 2080 2906 aetas

479 2943 545 2998 ad
581 2943 746 3000 hocce
772 2946 1079 3002 convivium
1103 2947 1410 3012 adduxerit,
1437 2947 1682 3002 laetemur
1703 2947 1790 3002 vel
1813 2947 1915 3000 hoc
1939 2946 2076 3015 ipso,

482 3043 624 3113 quod
657 3061 832 3115 neque
855 3045 1120 3116 asymboli
1148 3046 1500 3112 accessimus,
1535 3060 1631 3104 nec
1656 3044 1808 3100 vacui
1841 3050 2081 3102 reverte-

483 3153 622 3194 mur.
648 3138 950 3196 Adtulimus
979 3141 1122 3195 enim
1156 3138 1458 3196 rarissimas
1489 3137 1686 3210 dapes;
1711 3152 1884 3207 eoque
1914 3136 2079 3192 etiam

484 3233 857 3303 pretiosiores,
883 3249 990 3304 quo
1015 3234 1282 3302 perituras
1313 3231 1622 3304 aliquando,
1652 3239 1885 3292 internas
1906 3244 2080 3304 nunc,

480 3336 534 3383 et
563 3326 629 3381 ad
672 3321 890 3395 ultimos
930 3343 1101 3398 usque
1132 3336 1388 3398 nepotes,
1435 3342 1556 3382 cum
1588 3326 1786 3388 litteris
1821 3326 1988 3396 ipsis,
2025 3336 2082 3384 ut

481 3434 765 3491 superesse
795 3421 1024 3492 possint,
1057 3419 1357 3480 cll'ecimus.
1393 3421 1675 3482 Laudabili
1716 3429 1997 3492 praeterea,
2027 3419 2081 3478 ni

481 3511 660 3580 fallor,
709 3516 961 3584 exemplo
1013 3513 1257 3570 felicibus
1309 3525 1456 3572 trans
1503 3513 1668 3584 Alpes
1718 3516 1971 3586 ingeniis,
2025 3514 2079 3572 in

482 3606 714 3677 idipsum
745 3615 802 3660 ut
847 3607 942 3661 niti
973 3607 1144 3664 velint
1171 3625 1185 3662 :
1210 3608 1546 3677 depromptis
1574 3611 1640 3664 ex
1670 3607 1928 3678 opulento
1967 3621 2080 3660 am-

483 3699 727 3770 plissimo
772 3715 912 3769 penu
964 3709 1042 3754 tot
1083 3699 1299 3756 ferculis
1345 3699 1500 3768 aliis,
1552 3699 1694 3754 unde
1744 3697 2082 3770 Splendidius

482 3791 688 3860 multo,
726 3802 889 3864 atque
938 3791 1342 3848 Ornatissimum
1385 3792 1604 3866 epulum
1653 3801 1870 3862 paretur
1903 3801 2082 3861 poste-

479 3884 648 3942 ritati.
683 3886 823 3954 Quid
852 3902 979 3941 vero
1030 3902 1128 3942 nos
1159 3901 1190 3942 e
1228 3886 1476 3942 convivio
1508 3885 1798 3942 redeuntes
1827 3898 2082 3953 compen-

481 3979 554 4036 dii
595 3991 833 4049 tnaneat,
884 3981 1058 4036 dicam
1110 3982 1298 4042 libere.
1356 3980 1782 4038 Pulcherrimttm
1838 3977 2080 4034 honestis

481 4077 677 4130 animis
713 4077 1016 4144 prtemium,
1041 4092 1162 4132 cum
1193 4075 1396 4144 optima
1419 4074 1720 4135 Voluntate,
1751 4071 2080 4130 conscientia

481 4176 630 4225 recte
659 4165 805 4222 facti.
842 4167 952 4223 lloc
991 4179 1238 4228 nostrum
1266 4175 1369 4222 est.
1403 4165 1596 4230 Favor,
1628 4173 1682 4220 et
1720 4164 1890 4234 gratia
1939 4164 2080 4231 apud

479 4273 664 4329 aequos
693 4257 948 4314 harumce
978 4274 1155 4314 rerum
1192 4259 1584 4322 aestimatores,
1619 4266 1677 4312 ut
1705 4256 1934 4328 quisque
1959 4255 2080 4318 illo-

481 4365 601 4408 rum
633 4351 890 4415 senserit,
916 4363 1097 4406 sunto.
1135 4351 1262 4408 Vale
1290 4351 1602 4423 plurimum.

554 4443 820 4504 Pontivici
843 4461 876 4501 ν
904 4445 1080 4504 Nonas
1111 4446 1460 4518 Septembres
1489 4461 1633 4502 anno
1663 4443 1876 4506 Domini
1918 4442 2076 4502 1759-

486 4608 551 4670 Θ
620 4602 1152 4670 DlSSERTATIO
1186 4603 1941 4701 JOAN._L1§RTIANAY

477 4751 532 4790 IN
591 4751 893 4792 VIRSIthEI
956 4751 1212 4796 ιτιιιοΑιι
1272 4753 1554 4795 EVANGBLII
1606 4752 1886 4797 ειςευιιυυιι
1939 4753 2079 4796 ΠΑΤ-

551 4843 774 4894 TBBUI,
821 4844 1095 4886 DESCRIPTI
1137 4845 1206 4885 EX
1250 4845 1405 4890 ϐοιιυ.
1463 4845 1778 4890 0038818881
1835 4845 1906 4892 ΕΤ
1951 4845 2076 4886 ΒΑΝ-

549 4938 884 4982 ϐΕΒΙΑΝΕΝΒΙ
914 4941 963 4980 IN
1003 4941 1107 4982 ιιΑο
1148 4939 1401 4984 EDITIONI
1440 4941 1508 4982 AD
1535 4939 1865 4986 ΙΝΡΕΒΙΟΒΕΙ
1891 4939 2076 4988 CUIUS-

551 5033 658 5082 QUE
684 5035 890 5076 PAGINB
921 5035 1125 5080 LIIBUI
1154 5033 1446 5076 IIPRESSIS.

1085 5177 1484 5222 PROOEMIUM.

558 5282 633 5338 De
680 5284 898 5354 antiqua
943 5286 1194 5342 versione
1242 5286 1464 5358 Vulgata
1519 5296 1573 5341 et
1612 5284 1797 5340 Italica
1823 5285 2081 5356 frequens

483 5391 663 5436 sermo
692 5385 775 5431 est
803 5376 941 5448 apud
970 5379 1234 5448 eruditos,
1278 5382 1366 5451 qui
1415 5380 1718 5440 divinarum
1770 5378 2078 5455 Scriptura.

484 5487 601 5526 rum
628 5470 807 5530 studio
829 5471 1072 5526 nonnihil
1103 5471 1451 5541 incumbunt;
1483 5473 1674 5530 crebra
1705 5488 1918 5545 quoque
1939 5471 2079 5543 apud

484 5565 725 5632 criticos,
773 5581 1050 5620 sacrarum
1098 5564 1426 5626 Litterarum
1479 5568 1863 5637 inquisitores,
1925 5565 2082 5640 hujus

485 5657 756 5714 versionis
801 5656 998 5713 Italicae
1043 5657 1284 5716 mentio:
1325 5659 1420 5718 sed
1465 5661 1632 5722 altum
1681 5662 1878 5733 ubique
1921 5659 2082 5717 silen-

485 5751 618 5810 tium
649 5753 716 5815 de
741 5752 948 5821 origine
969 5750 1237 5823 ejusdem,
1269 5751 1336 5814 de
1363 5754 1527 5825 stylo,
1567 5755 1633 5810 de
1673 5753 1870 5818 additis
1897 5753 1947 5816 in
1996 5767 2081 5820 ea,

488 5845 576 5906 vel
605 5843 838 5916 demptis
868 5845 1069 5910 incuria
1105 5844 1420 5920 interpretis
1457 5855 1550 5915 aut
1577 5844 1945 5914 librariorum.
1973 5843 2084 5906 Nec

2183 1916 2338 1986 quasi
2369 1915 2549 1974 claves
2578 1915 2766 1974 lecturi
2799 1915 3010 1982 tradere
3057 1925 3308 1990 prompto
3353 1915 3534 1980 animo
3574 1915 3794 1980 studui-

2181 2025 2322 2068 mus.

2696 2124 2927 2183 CAPUT
2966 2123 3249 2183 PRIMUM.

2181 2255 2248 2294 DE
2275 2253 2505 2303 ANTIQUA
2545 2253 2790 2295 νυιϐΑτΑ
2829 2254 2897 2294 ετ
2936 2253 3144 2294 ιτιιιιοιι
3184 2251 3446 2293 νειιειοιιιι
3485 2249 3792 2293 ιιινιιυιιιῦιι

2766 2345 3168 2386 εειιιιδτυιιιιιιυιι
3179 2368 3192 2380 .

2183 2460 2222 2516 Ι.
2258 2458 2428 2516 Multa
2457 2459 2664 2512 nomina
2691 2457 2910 2511 obtinuit
2939 2457 3078 2530 apud
3110 2465 3296 2511 celeres
3329 2454 3534 2511 Patres.
3558 2456 3624 2512 ll.
3664 2455 3795 2510 Non

2252 2569 2384 2606 unus
2428 2551 2528 2621 fuit
2579 2560 2778 2616 auctor,
2823 2566 2912 2603 seu
2953 2550 3201 2621 interpres
3252 2549 3476 2618 antiqua:
3510 2547 3795 2621 l’ulgatw;

2252 2647 2341 2700 sed
2389 2654 2632 2714 quotquot
2680 2653 2797 2698 sunt
2855 2644 3116 2712 anonynti.
3149 2641 3235 2697 Ill.
3287 2642 3619 2716 Exetttplaria
3671 2648 3797 2718 ejus

2251 2740 2427 2795 multis
2450 2727 2810 2793 additamentis
2835 2738 3086 2810 permixta
3116 2746 3280 2791 erant.

2250 2853 2292 2910 Ι.
2322 2853 2610 2924 Antiquam
2635 2861 2948 2908 sanctorum
2979 2852 3274 2908 Bibliorum
3315 2850 3560 2914 Latinam
3603 2859 3796 2913 trans-

2183 2946 2439 3000 lationem
2504 2945 2686 3000 multis
2752 2945 3026 3016 variisque
3092 2943 3398 3001 nominibus
3472 2943 3793 3016 insignitam

2183 3040 2346 3096 fuiSse
2387 3054 2548 3096 nemo
2597 3049 2680 3094 est
2723 3039 2816 3110 qui
2865 3040 3108 3096 nesciat:
3144 3048 3511 3100 verumtamen
3554 3039 3793 3098 citatum

2133 3137 2382 3206 _passim
2438 3134 2753 3205 Hieronymi
2807 3133 3169 3190 testimonium
3234 3133 3538 3192 Comment.
3593 3133 3648 3188 in
3715 3133 3792 3192 Is.

2109 3221 2155 3285 C
2188 3243 2238 3284 c.
2267 3242 2419 3293 xux,
2449 3236 2578 3283 tom.
2601 3241 2674 3290 IV,
2706 3240 2814 3298 quo
2849 3225 3072 3300 Vulgata
3101 3225 3256 3281 editio
3279 3225 3497 3291 dicitur,
3521 3226 3614 3280 diu
3643 3242 3674 3279 a
3701 3243 3792 3282 nte

2185 3320 2383 3377 frustra
2433 3319 2631 3376 ibidem
2677 3320 3040 3389 conquisitum
3084 3334 3148 3372 ex
3195 3318 3336 3374 libro
3364 3319 3604 3380 secundo
3634 3334 3793 3376 cont-

2183 3415 2573 3478 metttariorum
2628 3412 2682 3468 in
2710 3427 2830 3484 cap.
2861 3429 2956 3472 xut
3007 3412 3237 3468 Matthtei
3272 3413 3524 3486 supplere
3556 3427 3794 3470 necesse

2184 3508 2367 3566 habui.
2399 3507 2528 3566 Nam
2559 3507 2644 3560 hic
2673 3505 2787 3573 loci
2829 3506 2908 3561 sic
2939 3505 3100 3562 habet
3131 3505 3492 3578 Hieronymus
3519 3522 3533 3558 :
3571 3505 3703 3576 Legi
3736 3507 3793 3564 in

2183 3591 2445 3662 nonnullis
2487 3598 2769 3663 codicibus,
2801 3607 2851 3654 et
2877 3598 3134 3652 studiosus
3180 3597 3338 3651 lector
3392 3600 3524 3668 forte
3567 3600 3796 3672 reperiet

2185 3693 2449 3762 idipsum;
2494 3693 2548 3746 itt
2573 3708 2630 3746 eo
2660 3692 2772 3746 loco
2799 3690 2883 3744 ubi
2913 3707 3006 3743 nos
3035 3690 3322 3763 posuimus,
3353 3701 3399 3744 et
3430 3689 3660 3761 Vulgata
3686 3689 3791 3754 Ιια·

2185 3790 2263 3845 bet
2292 3790 2470 3856 editio,
2505 3800 2561 3854 ut
2608 3789 2924 3864 impleretur
2967 3787 3110 3858 quod
3153 3788 3351 3844 dictum
3403 3797 3487 3850 est
3516 3802 3612 3858 per
3654 3787 3795 3850 Pro-

2187 3885 2401 3955 phelam
2430 3885 2724 3949 dicentem,
2758 3883 2828 3938 ibi
2857 3883 3126 3952 scriptum,
3155 3892 3260 3936 etc.
3294 3881 3574 3956 Vulgatam
3623 3881 3795 3953 igitur

2184 3981 2475 4047 editionem
2517 3979 2748 4035 Mattlnni
2778 3989 2936 4034 vocat
2987 3977 3345 4048 Hieronymus
3389 3991 3506 4036 eam
3555 3978 3796 4035 transla-

2185 4071 2384 4132 liuuetn
2436 4071 2678 4137 latinam,
2723 4085 2844 4144 qua:
2891 4079 3016 4130 ante
3061 4086 3211 4130 suam
3241 4079 3451 4130 artatern
3507 4069 3798 4132 obtinebat

2186 4164 2562 4220 auctoritatem
2590 4165 2639 4224 in
2683 4163 2948 4220 Ecclesiis
2989 4162 3414 4221 Occidentalium
3446 4161 3797 4224 Christiano-

2186 4270 2340 4324 rnm;
2374 4272 2602 4327 qumque
2649 4265 2892 4330 tempore
2923 4255 3170 4326 Gregorii
3206 4255 3377 4326 Magni
3410 4254 3796 4314 Translatianis

2195 4347 2392 4410 Veteris
2422 4365 2618 4404 nomen
2662 4349 2802 4415 tulit,
2849 4357 3159 4418 comparata
3189 4362 3339 4404 novae
3370 4348 3596 4404 editioni
3621 4365 3793 4422 quam

2187 4439 2302 4511 ipse
2349 4439 2709 4518 Hieronymus
2760 4440 3018 4497 Ecclesia:
3067 4439 3454 4508 procurandam
3522 4442 3791 4516 suscepit.

2184 4534 2418 4588 Consule
2470 4536 2754 4606 epistolam
2797 4533 3042 4604 Gregorii
3101 4533 3275 4606 Magni
3322 4533 3391 4598 ad
3447 4533 3793 4604 Leandrum,

2104 4614 2161 4676 D
2184 4641 2302 4696 cap.
2333 4629 2390 4693 5,
2420 4629 2662 4699 Exposit.
2693 4628 2882 4686 Moral.
2912 4629 2963 4682 in
2992 4627 3096 4686 Job
3123 4628 3418 4698 prtelisatn.

2258 4723 2460 4780 Pra-ter
2505 4724 2621 4782 haec
2667 4725 2884 4782 nomina
2941 4723 3176 4794 Vulgata:
3220 4724 3458 4788 editionis
3496 4733 3553 4780 et
3591 4724 3798 4784 Veteris

2183 4817 2587 4882 Trunslationis,
2617 4817 2766 4876 aliud
2793 4816 2969 4878 eidem
3001 4817 3294 4880 tribuit,tet
3326 4816 3542 4890 quidem
3571 4818 3799 4891 insigne

2183 4925 2248 4966 ac
2284 4910 2542 4981 speciale,
2585 4911 2776 4970 beatus
2802 4908 3160 4980 Augustinus,
3209 4909 3303 4970 lib.
3337 4923 3375 4964 ιι
3418 4909 3486 4964 de
3531 4909 3796 4966 Doctrina

2182 5005 2490 5062 Christiana
2519 5019 2638 5074 cap.
2671 5004 2736 5064 15
2765 5021 2777 5057 :
2808 5001 2875 5060 In
2917 5003 3042 5074 ipsis
3072 5012 3264 5068 autent,
3307 5003 3502 5074 inquit,
3534 5002 3800 5076 interpre-

2183 5095 2464 5159 tationibus
2491 5093 2629 5154 Itala
2651 5095 2846 5154 caneris
2879 5096 3187 5168 pra’feratur
3215 5108 3376 5150 :nunt
3412 5102 3485 5148 est
3516 5095 3799 5150 verborum

2184 5192 2410 5248 tenacior
2451 5206 2570 5252 cum
2600 5189 2964 5263 perspicuitate
3003 5188 3285 5250 sententia,
3318 5185 3452 5248 Erat
3498 5187 3663 5258 igitur
3707 5189 3797 5248 in-

2184 5283 2505 5352 terpretatio
2535 5281 2781 5353 qua-dam
2814 5281 2955 5352 apud
2996 5280 3218 5356 Latinos
3244 5295 3364 5352 quae
3391 5277 3533 5342 Itala
3562 5280 3796 5338 diceba-

2187 5383 2296 5444 tur,
2327 5374 2618 5430 verborum
2646 5383 2828 5444 tenax,
2872 5383 2927 5432 et
2966 5374 3248 5444 perspicua
3283 5373 3606 5441 sententiis;
3635 5375 3798 5432 ideo-

2187 5484 2292 5542 que
2323 5468 2466 5530 illam
2493 5469 2710 5530 cretet'is
2736 5465 3164 5535 anteponendam
3206 5474 3391 5524 censet
3428 5463 3796 5538 Augustinus.

2187 5561 2324 5636 Quid
2357 5576 2484 5615 vero
2510 5576 2686 5623 causa:
2733 5556 2894 5620 fuerit
2933 5565 2992 5616 ut
3020 5555 3161 5614 Itala
3186 5555 3484 5625 diceretur,
3517 5573 3628 5614 non
3659 5561 3801 5622 satis

2188 5659 2529 5730 exploratum
2560 5655 2857 5721 habemus;
2897 5655 2998 5714 etsi
3037 5669 3156 5712 eam
3187 5653 3290 5710 hoc
3315 5654 3536 5714 nomine
3567 5653 3800 5727 insigni.

2189 5760 2297 5806 tam
2351 5749 2515 5804 velint
2561 5747 2756 5808 eruditi
2807 5745 3082 5810 homines,
3149 5744 3291 5814 quod
3345 5745 3458 5816 ipsa
3508 5755 3804 5816 uterentur

2193 5843 2309 5902 Itali
2341 5842 2554 5910 Patres,
2584 5838 2931 5906 Ambrosium
2968 5837 3110 5904 dico,
3139 5833 3505 5906 Gaudentium
3535 5839 3801 5912 Brixien.
