3968 6332
230 332 282 388 ϐΙ
1215 321 1672 384 DISSERTATIO
1710 319 1995 380 JOM‘INIB
2033 321 2465 383 MARTIANAY.
3439 319 3512 380 ϐε

224 461 348 508 sem,
379 443 758 508 Chromatium
789 442 1210 514 Aquileiensem,
1257 442 1494 502 Leonem
1535 441 1808 510 Magnum,
1835 447 1888 508 Α
1915 437 2116 494 multos
2145 438 2310 496 fuisse
2335 440 2590 506 diximus,
2621 453 2728 496 non
2771 453 2960 511 parum
2987 436 3198 494 confert
3229 437 3508 508 multiplex

223 551 270 598 et
294 539 429 596 alios
457 539 687 604 multos,
725 539 816 609 qui
847 537 1091 592 doctrina
1141 551 1205 592 ac
1251 551 1461 596 morum
1507 534 1811 602 integritate

217 637 516 698 ﬂoruerunt
543 637 597 690 in
628 633 890 692 Ecclesiis
917 631 1307 690 Romanorum.
1353 631 1462 686 Hoc
1501 629 1546 686 si
1589 629 1661 684 ita
1703 635 1810 694 est,

217 740 272 788 tIt
300 729 757 786 verisimillimum
785 742 906 784 esse
933 727 1020 782 vix
1049 727 1239 782 doctus
1265 723 1612 790 inticiabitur,
1635 721 1811 778 nullus

219 824 542 894 relinquitur
573 821 866 892 suspicioni
894 820 980 876 vel
1005 817 1320 876 dubitationi
1347 817 1520 882 locus,
1561 815 1684 882 quin
1713 829 1810 884 ge-

219 917 432 972 nuinam
468 915 768 970 habeamus
803 915 854 970 in
885 913 1084 970 n0stris
1113 926 1242 968 mss.
1275 909 1672 980 exemplaribus
1691 923 1814 962 ver-

217 1011 420 1068 sionem
485 1009 717 1076 Itolam;
747 1009 874 1077 quia
913 1007 1150 1064 recitatis
1193 1005 1484 1075 Scriptura:
1531 1001 1814 1058 sententiis

221 1103 350 1172 apud
361 1103 481 1172 jam
497 1103 672 1160 dictos
687 1102 845 1158 Italos
867 1103 1070 1166 Patres,
1085 1117 1150 1156 ex
1163 1113 1316 1170 a'quo
1331 1097 1618 1167 respondet
1638 1103 1815 1152 textus

223 1196 586 1269 Evangelicus
609 1207 916 1252 nostrorum
949 1194 1217 1252 codicum.
1252 1195 1318 1250 At
1345 1194 1412 1248 de
1441 1191 1527 1247 his
1555 1191 1711 1246 intra.

281 1289 562 1346 Cieternm
609 1305 676 1344 ne
719 1289 864 1360 quod
905 1287 1214 1344 suboriatur
1257 1286 1562 1356 ambiguum
1605 1299 1670 1340 ex
1717 1297 1814 1338 no-

219 1383 358 1438 mine
414 1380 694 1455 Vulgatar,
743 1381 1136 1436 animadvertat
1183 1381 1350 1435 lector
1398 1379 1670 1434 studiosus
1717 1377 1816 1434 du-

217 1476 412 1546 piicem
445 1489 572 1530 esse
603 1474 904 1530 Versionem
937 1473 1246 1545 Vulgatam;
1285 1472 1558 1543 antiquam
1583 1471 1812 1537 scilicet,

217 1584 332 1638 qua:
381 1567 754 1638 usurpabatur
793 1577 916 1622 ante
969 1575 1182 1622 aetatem
1227 1564 1569 1635 Hieronymi;
1611 1574 1666 1618 et
1711 1563 1814 1620 lto-

217 1643 468 1714 diernaui
493 1670 758 1726 nosuam,
799 1675 898 1714 usu
941 1667 1209 1728 receptam
1258 1658 1308 1714 in
1342 1657 1580 1714 Ecclesia
1623 1656 1814 1712 catho-

229 1752 349 1808 lica.
397 1751 562 1810 Prior
603 1760 874 1806 auctorem
923 1750 1110 1806 habuit
1155 1764 1516 1820 auonymum;
1551 1747 1816 1817 posterior

1915 533 2042 589 illud
2063 549 2238 606 genus
2265 535 2732 606 capitulationum,
2775 549 2840 590 ac
2887 535 3192 590 sectionum
3223 541 3508 588 contextus

1913 631 2074 696 sacri,
2107 631 2250 700 quod
2281 631 2334 686 in
2379 631 2610 687 diversis
2663 630 2954 686 Bibliorum
2995 628 3272 690 codicibus
3323 643 3510 684 manu—

1915 724 2130 792 scriptis
2155 724 2424 796 hodieque
2453 733 2719 794 superest.
2747 723 2932 794 Neque
2957 737 3087 778 vero
3115 721 3372 778 credibile
3403 727 3506 790 est,

1915 819 2166 873 eumdem
2193 819 2544 888 interpretem
2574 817 2806 872 Malthati
2831 833 2882 872 ν.
2907 833 2960 887 g.
2987 827 3220 887 quatuor
3243 823 3335 869 aut
3356 813 3513 886 quin-

1915 928 2022 983 que
2051 913 2227 968 modis
2254 912 2482 968 diversis
2509 927 2722 966 sacrum
2753 919 3064 966 contextum
3105 910 3337 968 divisum
3379 907 3511 964 reli-

1915 1008 2126 1078 quisse;
2157 1017 2212 1062 et
2239 1022 2382 1063 nunc
2407 1008 2460 1062 in
2486 1007 2558 1063 28
2585 1008 2877 1074 sectiones,
2911 1021 3054 1061 nunc
3107 1008 3158 1060 in
3199 1005 3290 1073 88,
3341 1005 3422 1064 vel
3455 1005 3510 1060 in

1920 1102 2020 1158 H7
2051 1112 2232 1174 partes
2261 1103 2604 1173 dispertitum
2639 1103 2897 1158 voluisse.
2947 1103 3098 1157 Sicut
3137 1118 3265 1172 ergo
3295 1100 3510 1156 diversa

1917 1205 2044 1252 sunt
2081 1213 2280 1268 genera
2319 1207 2562 1251 veterum
2607 1195 2911 1252 sectionum
2939 1195 3182 1266 ejusdem
3225 1205 3510 1250 contextus

1917 1291 2078 1354 sacri,
2111 1306 2182 1362 ac
2221 1289 2380 1360 plane
2405 1289 2620 1346 diversa
2646 1291 2864 1358 antiqua
2891 1289 3122 1360 capitula
3149 1303 3244 1343 seu
3275 1301 3513 1344 summa-

1921 1387 1994 1439 ria
2029 1385 2246 1455 praeﬁxa
2279 1395 2590 1438 SIl'lCitil‘llm
2634 1384 2928 1439 Bibliorum
2975 1381 3375 1452 exemplaribus
3401 1395 3515 1434 ma—

1919 1479 2250 1550 nuscriptis;
2305 1479 2374 1533 ita
2419 1479 2600 1534 varios
2643 1493 2704 1534 ac
2747 1477 2989 1533 diversos
3034 1478 3196 1532 fuisse
3244 1476 3515 1546 interpre-

1919 1581 1999 1626 tes
2023 1571 2242 1626 Latinus
2271 1573 2603 1642 antiquiores
2626 1571 2850 1626 omnino
2878 1569 3284 1624 concedendum
3315 1577 3420 1624 est.

1989 1665 2255 1722 Praeterea
2285 1681 2389 1720 non
2413 1665 2552 1721 idea.
2575 1665 2754 1736 stylus
2775 1673 2880 1728 Gal,
2911 1663 3006 1718 sed
3031 1663 3321 1718 dissimiles
3355 1677 3505 1731 pror-

1917 1773 2012 1814 sus
2033 1758 2254 1827 phrases
2283 1757 2530 1828 leguntur
2557 1757 2608 1811 in
2639 1757 2755 1827 ipso
2779 1763 3032 1811 contextu
3061 1754 3294 1825 antiquae
3319 1753 3515 1824 Vulga-

221 1853 272 1898 et
315 1843 578 1898 hodierna
625 1843 936 1914 Hieronymi
981 1843 1150 1910 ipsius
1180 1840 1338 1898 foetus
1369 1851 1470 1906 est,
1499 1842 1650 1910 juxta
1679 1840 1813 1896 alla-

1923 1863 1988 1906 tm
2025 1870 2038 1906 :
2067 1867 2130 1905 ac
2161 1867 2571 1922 nonnumquam
2601 1851 2742 1904 inter
2764 1865 2824 1904 se
2853 1849 2989 1904 adeo
3009 1848 3224 1904 diversa
3252 1853 3377 1900 sunt
3401 1845 3522 1915 ejus

219 1945 320 1990 tam
353 1951 386 1988 a
419 1935 580 1990 nobis
613 1935 728 2005 ejus
755 1935 1174 2004 descriptionem
1207 1935 1258 1990 itt
1300 1932 1694 2004 prolegomenis
1735 1931 1817 1986 di-

217 2029 350 2082 vinze
379 2027 733 2084 Bibliotheca;
761 2042 930 2098 nuper
953 2028 1132 2084 editae.

281 2120 351 2176 ll.
385 2121 578 2190 Neque
607 2130 786 2178 tamen
811 2137 877 2178 ex
905 2135 971 2176 eo
989 2121 1108 2191 quis
1131 2120 1381 2191 opinetur
1409 2119 1621 2174 unicum
1653 2117 1816 2182 fuisse

215 2219 452 2288 antiquae
479 2213 727 2286 Vulgata;
773 2224 1072 2282 auctorem,
1123 2214 1258 2268 sicut
1307 2222 1496 2270 auctor
1539 2212 1816 2270 hodieinte

215 2319 416 2364 nostrae
447 2308 640 2362 unicus
685 2316 770 2364 est
811 2307 988 2378 (libris
1031 2309 1304 2364 nonnullis
1329 2305 1591 2379 exceptis)
1623 2307 1815 2364 lliero-

217 2420 458 2478 nymus:
507 2405 630 2462 huic
673 2406 818 2460 enim
866 2406 1105 2474 Opinioni
1153 2420 1213 2462 ea
1264 2404 1532 2464 obsistunt
1581 2420 1700 2470 qua:
1747 2403 1816 2460 de

217 2499 364 2554 vario
413 2498 924 2570 inter-prolationum
974 2513 1173 2570 genere
1218 2497 1435 2567 scripsit
1467 2497 1522 2552 S.
1559 2495 1814 2566 Augusti-

216 2611 334 2662 nus,
393 2596 494 2652 lib.
545 2611 582 2652 tt
631 2595 698 2652 de
731 2595 984 2654 Doctrina
1031 2595 1331 2650 Christiana
1379 2611 1496 2664 cap.
1537 2596 1639 2650 ll:
1715 2593 1818 2660 Qui

213 2689 370 2755 enim,
421 2688 624 2760 inquit,
673 2687 972 2758 Scriptura:
1000 2705 1063 2744 ea;
1095 2687 1314 2742 Hebraea
1353 2688 1530 2759 lingua
1575 2689 1626 2742 in
1669 2687 1818 2742 Grat-

217 2797 320 2836 cam
341 2791 632 2848 verterunt,
653 2782 912 2836 numerari
927 2791 1135 2851 possunt
1157 2798 1174 2846 ;
1195 2781 1370 2836 Latini
1383 2791 1552 2836 autem
1567 2782 1816 2854 interpre-

215 2885 280 2930 tes
312 2877 462 2932 nullo
495 2877 670 2932 modo.
707 2875 780 2931 Ut
819 2877 952 2930 enim
995 2877 1196 2942 cuique,
1229 2877 1408 2946 primis
1456 2876 1580 2946 ﬁdei
1625 2887 1816 2945 tempo—

215 2969 375 3034 ribus,
407 2969 460 3022 in
493 2985 680 3022 manus
725 2969 856 3024 venit
899 2968 1061 3024 codex
1088 2967 1323 3033 Gra’cus,
1353 2977 1404 3024 et
1441 2969 1816 3039 aliquantulum

215 3059 482 3128 facultatis
522 3061 620 3114 sibi
665 3061 927 3130 utriusque
965 3061 1157 3132 lingua:
1196 3061 1377 3116 habere
1404 3060 1690 3126 videbatur,
1723 3079 1818 3116 au-

215 3169 294 3206 sus
319 3165 398 3206 est
425 3155 780 3224 interpretari.
813 3154 1070 3210 Eamdem
1102 3153 1411 3210 Latinorum
1461 3155 1812 3224 interpretum

1920 1945 2277 2014 exemplaria;
2312 1955 2367 1999 ut
2406 1945 2612 2014 integra
2643 1942 2886 2012 quaedam
2917 1940 3170 2010 capitula,
3207 1939 3256 1994 id
3287 1947 3372 1994 est
3395 1953 3518 2008 par-

1920 2049 2002 2096 tes
2031 2037 2086 2094 in
2119 2039 2202 2096 his
2234 2038 2596 2104 inveniantur,
2625 2052 2744 2107 qua:
2770 2037 2965 2092 absunt
2991 2035 3042 2090 in
3069 2035 3212 2092 aliis.
3245 2033 3410 2104 llujus
3434 2049 3519 2087 va-

1917 2131 2124 2188 rietatis
2183 2131 2432 2201 exempla
2473 2130 2884 2185 subministrant
2935 2129 3040 2184 duo
3079 2128 3296 2182 codices
3341 2127 3515 2182 nostri

1919 2226 2270 2296 manuscripti
2321 2225 2466 2282 Itala:
2495 2224 2764 2280 versionis
2789 2243 2801 2276 :
2829 2222 3178 2278 Corbeiensis
3205 2221 3352 2276 enim
3385 2219 3517 2291 legit

1917 2321 2154 2392 exempli
2183 2339 2288 2392 δι’..
2333 2320 2601 2391 Numquid
2631 2320 2842 2374 minima
2873 2319 2970 2374 es?
2997 2316 3518 2376 San-Germanensis

1919 2425 2138 2482 autem,
2193 2415 2314 2470 Non
2353 2416 2566 2472 minima
2607 2431 2678 2469 es.
2729 2415 2936 2483 Vixque
2966 2429 3068 2468 una
3103 2413 3154 2466 in
3185 2413 3264 2467 eis
3311 2409 3517 2481 pagella

1920 2510 2022 2580 legi
2071 2509 2286 2579 poterit,
2329 2509 2456 2579 quin
2487 2507 2782 2566 dissimiles
2809 2515 3092 2562 occurrant
3123 2505 3368 2575 phrases,
3397 2517 3519 2558 ver-

1921 2600 2218 2671 borumque
2267 2600 2398 2660 ordo
2427 2599 2700 2656 diversus.
2749 2597 2958 2654 Deinde
2995 2597 3384 2660 additamenta,
3417 2607 3518 2649 nec

1919 2695 2108 2751 eadem
2139 2695 2188 2750 in
2225 2695 2330 2752 illis
2377 2703 2527 2760 sunt,
2578 2709 2678 2748 nec
2727 2693 2917 2748 iisdem
2965 2691 3100 2746 locis
3147 2689 3517 2744 inveniuntur.

1923 2786 2154 2842 Matthrei
2205 2803 2322 2856 cap.
2372 2787 2463 2850 2t),
2495 2796 2864 2854 assumentptn
2914 2800 2978 2839 ex
3025 2783 3188 2838 Lucae
3219 2781 3516 2851 Evangelio

1920 2883 2116 2936 retinet
2159 2879 2506 2938 Corbeiensis
2537 2880 2730 2946 codex,
2766 2879 2908 2947 quod
2955 2895 3060 2936 non
3091 2885 3242 2932 extat
3286 2878 3339 2930 in
3379 2875 3516 2931 San-

1921 2972 2274 3030 Germanensi
2301 2990 2315 3039 ;
2369 2982 2424 3028 et
2479 2973 2595 3028 vice
2627 2987 2777 3028 versa
2809 2968 3333 3026 San-Germancnsis
3363 2981 3516 3037 qure-

1919 3065 2041 3122 dam
2075 3067 2238 3122 refert
2261 3067 2330 3122 de
2361 3066 2630 3137 baptismo
2652 3065 2876 3130 Christi,
2905 3079 3026 3134 qua:
3055 3077 3160 3118 non
3192 3062 3440 3132 leguntur
3465 3060 3515 3114 in

1919 3163 2254 3220 Corbeiensi.
2289 3163 2419 3230 Qua:
2448 3161 2690 3232 profecto
2737 3175 2841 3216 non
2875 3175 3062 3225 unmn,
3107 3157 3203 3212 sed
3246 3156 3404 3225 plane
3433 3154 3516 3209 di-

216 3248 666 3304 numerositatem
697 3250 940 3318 agnoscit
971 3250 1028 3304 S.
1083 3249 1456 3320 Hieronymus,
1501 3248 1586 3304 his
1633 3249 1811 3306 verbis

1922 3256 2356 3311 versosinnuunt
2380 3262 2650 3322 auctores,
2676 3267 2768 3307 seu
2786 3249 3337 3321 interpretcsLalinus
3353 3246 3530 3300 Evan-

219 3340 264 3396 in
290 3349 533 3412 quatuor
565 3341 854 3412 Evangelia
903 3343 1160 3412 praelatus
1193 3361 1204 3396 :
1241 3342 1302 3400 Si
1329 3342 1529 3400 Latinis
1553 3344 1817 3410 exempla-

217 3433 352 3488 ribus
401 3435 536 3500 ﬁdes
575 3443 648 3488 est
695 3435 1009 3504 adhibenda,
1063 3436 1405 3507 respondeant
1451 3435 1634 3507 quibus
1681 3452 1702 3491 :
1747 3446 1817 3492 tot

217 3527 344 3582 enim
397 3537 522 3580 sunt
572 3527 884 3600 exemplaria
923 3545 1050 3600 pene
1091 3539 1211 3594 quot
1249 3529 1466 3584 codices.
1509 3528 1604 3586 Sin
1647 3539 1818 3584 autem

216 3622 406 3674 veritas
434 3629 516 3674 est
545 3623 824 3690 quterenda
849 3621 913 3678 de
939 3623 1192 3694 pluribus,
1221 3640 1312 3678 cur
1339 3641 1440 3678 non
1471 3624 1540 3678 ad
1581 3622 1816 3680 Grrecam

217 3714 466 3786 originem
499 3723 828 3780 revertentes,
873 3731 930 3768 ea
952 3731 1066 3786 qua:
1114 3717 1190 3770 vel
1217 3731 1248 3770 a
1289 3716 1482 3770 vitiosis
1513 3717 1818 3788 interpreti-

217 3807 306 3862 bus
335 3808 476 3860 male
505 3807 667 3874 edita,
699 3807 778 3862 vel
803 3825 834 3866 α
867 3809 1324 3880 praesumptor-ibus
1369 3809 1618 3878 imperitis
1645 3823 1819 3864 emen-

217 3901 676 3974 datqperversius,
705 3901 782 3956 vel
824 3920 856 3954 a
905 3901 1128 3958 librariis
1157 3901 1551 3956 dormitmttibus
1589 3912 1678 3956 aut
1723 3903 1819 3956 ad-

217 3996 322 4050 dita
367 4005 514 4064 sunt,
563 4005 654 4050 aut
699 4003 928 4062 mutata,
976 3997 1316 4067 corrigimus?
1358 3996 1524 4052 Tanta
1571 3997 1816 4054 codicum

219 4071 510 4144 diversitas
543 4088 616 4142 ab
655 4087 846 4144 eodem
875 4089 1020 4144 nasci
1051 4090 1346 4158 interprete
1375 4089 1684 4160 neutiquam
1718 4106 1816 4160 po-

221 4185 350 4250 tuit;
401 4199 574 4254 quare
625 4198 846 4240 necesse
877 4193 960 4240 est
989 4191 1049 4240 ut
1099 4185 1280 4253 plures
1327 4183 1528 4240 fuerint
1571 4193 1817 4244 auctores

219 4277 534 4346 hujusmodi
561 4277 998 4342 translationum,
1031 4293 1152 4347 qua:
1179 4278 1364 4347 primis
1397 4277 1650 4334 Ecclesia:
1683 4288 1818 4334 tem-

220 4369 441 4439 poribus
469 4368 998 4428 circumferebantur
1023 4370 1163 4440 apud
1193 4369 1432 4426 Latinos.
1469 4370 1662 4426 Multos
1693 4385 1820 4437 quo-

219 4479 320 4535 que
345 4466 630 4534 conceptis
659 4465 837 4522 verbis
863 4465 1132 4533 extiressit
1159 4463 1542 4536 Hieronymus,
1589 4465 1774 4522 dicens
1801 4482 1814 4518 :

223 4558 352 4624 Qua:
379 4575 414 4612 a
457 4559 650 4618 vitiosis
671 4558 1028 4628 interpretibus
1061 4558 1190 4612 male
1231 4557 1370 4614 edita
1395 4567 1532 4612 sunt.
1573 4557 1743 4626 Quem
1771 4559 1815 4616 si

1918 3351 2036 3421 geli‘i
2069 3349 2360 3404 secundum
2387 3347 2718 3403 Matthteum.
2755 3345 2904 3414 Quod
2932 3361 3061 3398 vero
3091 3343 3160 3397 de
3191 3341 3516 3411 Evangelico

1919 3443 2191 3497 volumine
2219 3442 2468 3508 dicimus,
2501 3441 2569 3495 de
2600 3439 2721 3494 aliis
2753 3439 2912 3494 etiam
2969 3437 3123 3491 libris
3165 3435 3382 3504 intelligi
3415 3449 3514 3487 ne-

1920 3551 2072 3602 cesse
2103 3544 2218 3600 est,
2266 3537 2415 3604 juxta
2471 3535 2717 3590 traditam
2751 3535 2818 3588 ab
2857 3531 3156 3600 Augustino
3185 3527 3518 3598 superiorem

1917 3629 2184 3698 regulam,
2209 3607 2310 3696 qua
2333 3626 2522 3680 statuit
2553 3625 2875 3696 interpretes
2895 3623 3116 3680 Graecos
3145 3635 3304 3692 posse
3330 3633 3518 3674 nume-

1918 3723 2048 3787 rari,
2083 3722 2302 3776 Latinos
2331 3733 2508 3775 autem
2541 3735 2646 3774 non
2681 3735 2857 3790 posse.

1993 3821 2078 3875 ΙΙΙ.
2109 3821 2164 3875 1d
2192 3821 2301 3891 jam
2335 3833 2622 3874 commune
2665 3818 2864 3872 veteris
2911 3815 3276 3871 translationis
3304 3809 3520 3866 codices

1921 3913 2173 3968 habuisse
2197 3913 2446 3978 dicimus,
2475 3912 2616 3981 quod
2651 3910 2886 3966 universi
2917 3909 3108 3963 alienis
3135 3903 3518 3959 additamentis
3575 3941 3586 3956 .

1921 4007 2172 4078 permixti
2211 4006 2707 4062 circumferrentur.
2749 4003 2950 4059 Causas
2979 4013 3033 4058 et
3069 4001 3328 4071 originem
3363 3999 3520 4066 hujus

1921 4099 2342 4170 perturbationis
2373 4099 2510 4152 sacri
2537 4106 2823 4152 contextus
2861 4111 2924 4150 ac
2949 4093 3322 4166 permixtiouis
3369 4090 3520 4144 lucu-

1919 4193 2096 4250 lenter
2117 4193 2384 4261 expressit
2409 4193 2767 4263 Hieronymus
2789 4189 3106 4260 praefatione
3134 4185 3200 4240 ad
3229 4186 3516 4238 [tantasnm

1919 4287 2144 4356 Papam,
2169 4285 2320 4355 cujus
2337 4285 2490 4354 jussu
2515 4284 2832 4354 Evangelica
2860 4279 3132 4335 volumina
3155 4277 3344 4332 Latina
3369 4274 3520 4336 Grie-

1919 4395 1998 4435 cm
2044 4379 2164 4434 ﬁdei
2221 4377 2476 4443 reddidit,
2539 4391 2606 4433 ex
2654 4377 2828 4446 iisque
2883 4374 3118 4429 reseeuit
3169 4382 3522 4441 qntecumque

1921 4473 2062 4528 male
2091 4471 2272 4526 addita
2300 4481 2476 4537 erant,
2503 4471 2588 4526 vel
2629 4469 2700 4524 ab
2727 4467 3134 4538 interpretibus,
3177 4471 3272 4518 aut
3299 4479 3328 4516 a
3360 4462 3521 4518 libra-

1921 4569 2016 4622 riis
2043 4567 2298 4637 antiquis.
2331 4566 2554 4637 Magnus
2580 4564 2854 4634 siquidem,
2890 4561 3081 4631 inquit,
3116 4559 3198 4612 hic
3242 4558 3295 4611 in
3333 4555 3524 4610 nostris

219 4650 418 4722 legeris
447 4649 742 4721 aliquando
773 4651 840 4706 de
873 4651 1164 4722 interprete
1189 4649 1404 4716 Latino.
1434 4652 1582 4722 quasi
1613 4651 1680 4706 de
1711 4667 1818 4706 uno
1843 4655 1896 4715 D
1921 4660 2182 4716 codicibus
2211 4677 2356 4716 στι-ον
2384 4659 2622 4714 inolevit:
2653 4657 2798 4720 dunt,
2831 4655 3042 4722 quodin
3069 4654 3244 4706 eadem
3289 4665 3346 4703 re
3389 4647 3524 4700 alius

217 4744 606 4810 disserentem,
635 4759 738 4802 non
767 4744 946 4800 statim
975 4745 1074 4802 sibi
1103 4745 1202 4815 ipsi
1233 4745 1451 4800 minime
1479 4755 1817 4802 constantem

221 4849 380 4908 putes
425 4857 440 4895 :
491 4849 622 4894 tunc
663 4839 808 4894 enim
839 4853 946 4896 non
975 4838 1042 4894 de
1071 4839 1324 4898 omnibus
1351 4839 1648 4909 generatim
1675 4837 1822 4894 Lati-

223 4945 416 4986 norum
445 4931 724 4986 codicibus
749 4947 1052 4990 sermonem
1097 4931 1290 4998 habet;
1343 4932 1436 4988 sed
1464 4932 1532 4988 (le
1563 4931 1818 5001 peculiari

225 5023 458 5096 quadam
491 5023 730 5080 editione
767 5025 979 5090 Latina,
1009 5039 1170 5095 quam
1217 5025 1515 5094 probabant
1563 5025 1820 5088 Ecclesiae

219 5118 652 5178 Christianorum
694 5119 900 5187 multar,
935 5120 1022 5178 vel
1056 5135 1238 5189 panem
1279 5138 1522 5179 numero.
1551 5121 1821 5189 Quemad-

219 5213 440 5268 modum
485 5213 553 5268 de
583 5211 723 5268 Itala
747 5213 930 5270 dicere
953 5228 1263 5284 possumus,
1295 5215 1436 5285 quod
1467 5216 1578 5272 sola
1629 5217 1678 5270 in
1723 5218 1821 5272 ali-

229 5319 340 5372 quo
367 5305 540 5374 pretio
567 5304 729 5360 fuerit
771 5305 978 5372 Romae,
1009 5321 1072 5364 ac
1101 5308 1152 5366 in
1183 5311 1394 5364 caeteris
1436 5310 1690 5366 Ecclesiis
1718 5311 1820 5368 Ita-

231 5397 338 5452 liat.
391 5398 564 5470 Hujus
607 5415 738 5455 vero
785 5400 1038 5458 editionis
1065 5401 1211 5456 italae
1255 5419 1391 5458 unus
1435 5412 1552 5460 erat
1595 5415 1814 5472 auctor;

219 5491 468 5558 quamvis
499 5495 784 5562 permultae
813 5495 864 5548 in
902 5497 1020 5564 ejus
1066 5496 1464 5566 exemplaribus
1509 5497 1816 5554 inveniren-

227 5593 318 5640 tnr
351 5589 622 5642 variantes
644 5588 930 5656 lectiones,
961 5604 992 5646 a
1021 5591 1254 5650 librariis
1285 5590 1698 5650 dormitantibus
1723 5603 1813 5651 aut

216 5689 244 5730 a
279 5680 762 5749 praasumptoribus
795 5683 1060 5752 imperitis
1081 5685 1352 5746 derivatur.

287 5768 374 5824 Ad
394 5776 858 5832 conlirmationem
889 5776 1132 5845 ejusdem
1159 5778 1466 5848 sententias,
1492 5796 1593 5852 qna
1619 5782 1814 5844 latinos

211 5862 538 5936 interni-em
567 5869 968 5946 Scripturarum
997 5875 1196 5938 veteris
1221 5889 1284 5932 ac
1319 5875 1454 5935 Navi
1483 5877 1812 5940 Tcstamenti

1927 4757 2256 4829 Evangelista
2283 4757 2398 4826 plus
2424 4755 2577 4821 dixit,
2609 4755 2664 4808 in
2689 4754 2816 4816 alio,
2849 4753 2970 4823 quia
3013 4750 3178 4804 minus
3209 4744 3518 4816 putaverint,

1926 4852 2257 4906 addiderunt.
2307 4849 2416 4915 Vel,
2455 4849 2578 4903 dum
2603 4845 2838 4900 eumdem
2863 4859 3061 4898 sensum
3091 4840 3228 4894 alius
3255 4837 3406 4891 aliter
3433 4849 3522 4889 ea:-

1929 4949 2148 5017 pressit;
2177 4946 2285 5009 ille,
2311 4945 2400 5016 qui
2421 4960 2581 5000 unum
2608 4959 2634 4998 e
2654 4951 2876 5012 quatuor
2902 4939 3112 5009 legerat,
3136 4934 3203 4988 ad
3225 4937 3334 5008 ejus
3355 4947 3525 4986 exem-

1929 5041 2071 5108 plum
2103 5049 2310 5093 cauerat;
2355 5051 2552 5108 quoque
2609 5033 2934 5090 testimavcrit
2973 5025 3338 5082 emendandos.
3375 5021 3526 5078 Unde

1925 5133 2134 5197 accidit,
2168 5141 2220 5186 ut
2263 5131 2406 5204 apud
2437 5147 2529 5183 nos
2559 5129 2718 5182 mixta
2758 5127 2856 5180 sint
2892 5123 3062 5176 omnia
3092 5137 3110 5176 :
3142 5129 3186 5173 et
3215 5120 3269 5173 in
3321 5117 3522 5181 Marco,

1927 5227 2077 5297 plura
2101 5225 2257 5279 Luch
2281 5236 2436 5295 atque
2464 5223 2732 5285 Muttlitei;
2763 5231 2970 5270 rursum
2995 5215 3048 5269 in
3077 5213 3346 5274 Mttllhtl’o,
3377 5211 3527 5280 plura

1925 5320 2146 5374 Joannis
2197 5328 2244 5374 et
2295 5317 2503 5384 Marci;
2551 5325 2596 5370 et
2623 5317 2675 5368 in
2705 5313 2900 5367 ca’teris
2929 5312 3243 5381 reliquorum
3269 5321 3382 5378 quat
3406 5303 3524 5358 aliis

1925 5416 2138 5485 propria
2167 5422 2304 5476 sunt,
2349 5411 2690 5465 inveniantur.
2726 5407 2893 5476 Hujus
2920 5402 3255 5460 confusionis
3281 5411 3523 5455 errorem

1919 5508 2138 5563 sustulit
2177 5505 2234 5562 S.
2265 5507 2477 5566 doctor,
2511 5513 2564 5558 et
2605 5501 2838 5572 singulis
2865 5493 3232 5568 Evangelistis
3255 5508 3350 5548 sua
3374 5507 3522 5563 qure-

1921 5617 2026 5672 que
2057 5601 2310 5667 restituit,
2363 5613 2484 5653 cum
2520 5597 2856 5670 Eusebianos
2883 5607 3120 5650 sationes
3163 5591 3388 5646 inseruit
3417 5585 3524 5640 La-

1923 5698 2050 5750 tinae
2077 5711 2188 5750 sum
2221 5693 2630 5765 Evangeliorum
2657 5689 3016 5747 translationi.
3049 5689 3124 5743 De
3151 5703 3258 5757 quo
3289 5685 3332 5739 si
3357 5684 3529 5738 lector

1919 5790 2062 5844 scire
2085 5787 2336 5854 volucr-it,
2361 5787 2654 5844 editionem
2685 5793 2922 5840 nostram
2945 5782 3141 5842 divinae
3173 5778 3520 5836 Bibliothecte

1919 5881 1980 5940 S.
2006 5881 2324 5956 Hieronymi
2351 5881 2736 5939 consulendum
2759 5889 3064 5946 menenius.
