3968 6332
438 328 510 388 63
685 271 692 284 I
1804 321 2342 381 PROLEGOMENA.
3679 325 3746 385 64

510 448 704 509 Omnia
732 449 894 521 igitur
945 445 1086 520 apud
1113 444 1338 502 Latinos
1366 444 1634 518 permixta
1682 442 1848 499 fuisse
1889 443 2042 499 testis
2069 447 2122 506 Α
2148 445 2342 516 inquit,
2372 447 2580 502 natione
2602 448 2744 519 Afer,
2776 449 3114 521 Aquileiensis
3142 450 3435 520 episcopus,
3461 450 3748 520 imperante

438 543 653 602 accedit
700 542 1094 614 Hieronymus;
1139 545 1306 593 testes
1359 551 1576 610 quoque
1623 533 1888 591 accedunt
1931 533 2041 589 duo

438 636 792 706 manuscripti
818 633 1036 690 codices
1059 629 1263 694 nostri;
1289 629 1378 686 ubi
1406 627 1591 692 Marci,
1615 641 1678 682 ac
1704 627 1861 682 Luca:
1885 627 2039 698 plura

439 730 498 788 in
544 728 798 786 Mattbteo
847 727 1214 781 inveniuntur.
1263 722 1436 794 thue
1464 736 1554 778 res
1583 721 1828 777 firmetur
1855 736 2041 776 exem-

440 823 568 896 plis,
599 820 857 878 nonnulla
887 833 1255 890 proponemus
1285 816 1402 872 loca
1434 803 1701 887 permixta
1737 816 1791 870 in
1840 815 2042 871 nostris

439 913 846 988 exemplaribus
872 912 1072 969 Italicas
1090 911 1382 967 versionis.
1408 909 1653 981 Capitulo
1700 925 1774 975 tv,
1795 910 1900 965 col.
1937 907 2044 964 162

439 1011 624 1084 (hujus
645 1017 837 1064 nostris
857 1004 1126 1077 editionis)
1151 1016 1335 1061 monet
1363 1013 1488 1060 nota
1511 1002 1824 1075 marginalis
1849 1001 1927 1076 (ε’)
1957 1017 2045 1058 as-

437 1113 746 1161 sumentum
788 1101 1060 1173 quoddam
1091 1117 1215 1158 esse
1243 1101 1563 1156 translatum
1610 1117 1640 1156 e
1679 1099 1838 1155 Lucae
1867 1099 2044 1168 capite

435 1207 612 1266 sexto,
660 1199 693 1268 ᾗ
721 1239 734 1254 .
766 1197 859 1265 26,
897 1199 949 1252 iu
985 1195 1227 1252 codicem
1259 1195 1850 1252 San-Germanensem.
1884 1191 2038 1258 Nam,

437 1292 583 1364 quod
616 1292 794 1348 minus
820 1291 1036 1347 dixerat
1061 1290 1346 1346 Matthaeus
1369 1289 1438 1345 de
1480 1289 1757 1344 hominum
1785 1287 2040 1343 benedic-

437 1386 712 1451 tionibus,
761 1384 958 1456 quibus
1011 1384 1172 1439 etiam
1232 1381 1725 1453 pseudoprophetis:
1772 1377 2045 1452 prosecuti

438 1489 587 1546 sunt,
615 1478 672 1534 id
695 1494 760 1533 cx
787 1477 929 1534 Luca
957 1475 1264 1533 addendum
1290 1485 1612 1546 putaverunt
1634 1476 1929 1543 scriptores
1953 1488 2045 1527 au-

443 1571 600 1642 tiqui.
620 1569 775 1627 Unde
789 1571 841 1626 in
864 1569 1116 1626 Matthzeo
1137 1570 1209 1625 ita
1231 1569 1333 1641 legi
1353 1569 1607 1626 volebant
1629 1586 1642 1622 :
1668 1568 1761 1624 Sic
1781 1568 1914 1622 enim
1929 1584 2047 1640 per-

441 1666 602 1722 secuti
627 1675 748 1722 sunt
775 1667 1074 1736 praphetas,
1108 1667 1194 1737 qui
1223 1675 1366 1721 erant
1406 1676 1524 1722 ante
1563 1681 1672 1722 vos.
1706 1663 1885 1720 Nolite
1911 1682 2045 1738 gau-

443 1761 585 1829 dere,
609 1777 726 1817 cum
749 1761 1101 1817 benedixerint
1122 1777 1210 1817 vos
1235 1763 1407 1816 omnes
1433 1761 1696 1827 homines;
1719 1762 1791 1816 sic
1808 1761 1942 1816 enim
1962 1765 2045 1831 fa-

2145 538 2512 610 Constantino,
2539 543 2592 596 in
2616 543 2900 616 Evangelia
2926 545 3086 598 titulis
3111 544 3382 610 ordinatis,
3409 543 3545 598 brevi
3568 553 3616 598 et
3641 559 3750 597 rus-

2148 633 2248 686 tico
2285 649 2518 689 sermone
2552 635 2762 705 scripsit
2791 638 3195 691 commentarios.
3223 635 3748 692 Commentariorum

2145 741 2278 797 ergo
2302 728 2594 798 scriptores
2619 730 2815 786 seriem
2848 732 3121 786 titulorum
3153 747 3246 787 seu
3273 731 3630 800 capitulorum
3660 745 3750 786 or-

2145 819 2472 889 dinaturum,
2515 831 2570 877 et
2611 839 2771 879 sacro
2816 827 3088 880 contextui
3123 825 3467 895 praeﬁxornm
3489 826 3752 882 observa-

2146 909 2275 966 bant
2305 912 2599 985 diligenter
2630 915 2682 970 in
2724 916 2838 971 suis
2887 917 3346 988 expositionibus;
3385 926 3444 973 ut
3473 933 3539 973 ex
3582 919 3749 974 titulis

2145 1007 2462 1075 praenotatis
2503 1007 2658 1064 facile
2687 1011 2858 1065 lector
2889 1010 3211 1080 intelligeret
3243 1021 3297 1067 et
3329 1013 3596 1066 inveniret
3633 1012 3748 1067 loca

2144 1097 2212 1152 ab
2235 1099 2364 1170 ipsis
2395 1101 2681 1156 illustrata.
2730 1102 2807 1158 Ex
2841 1103 2923 1157 his
2951 1103 3108 1173 plane
3134 1104 3300 1174 liquet
3321 1119 3519 1173 genera
3547 1103 3634 1158 illa
3659 1104 3744 1159 di-

2145 1205 2300 1247 versa
2340 1195 2806 1263 capitulationum,
2839 1212 2960 1267 qua:
3000 1197 3052 1251 in
3085 1195 3267 1252 fronte
3310 1197 3410 1254 SS.
3443 1197 3743 1252 Bibliorum

2147 1291 2636 1359 manuscriptorum
2663 1291 2936 1362 leguntur,
2966 1293 3327 1348 vetustissima
3353 1307 3493 1359 esse,
3524 1308 3586 1347 ac
3611 1302 3745 1348 tem-

2147 1399 2279 1455 pore
2308 1386 2648 1441 Constantini
2681 1388 2854 1457 Magni
2886 1403 2914 1440 a
2945 1387 3126 1442 multis
3154 1387 3258 1455 iam
3283 1388 3442 1442 fuisse
3465 1396 3745 1458 usurpata,

2146 1477 2272 1532 dum
2300 1479 2465 1534 libros
2514 1480 2928 1550 Evangeliorum
2981 1480 3368 1536 describerent.
3417 1480 3568 1536 Unde
3619 1495 3745 1535 vera

2147 1584 2268 1625 esse
2295 1571 2734 1640 comprobantur,
2769 1587 2892 1643 quae
2911 1571 2980 1628 de
3005 1572 3172 1627 hocce
3197 1580 3514 1642 argumento
3544 1571 3748 1626 scribe-

2146 1662 2238 1717 bat
2263 1662 2617 1720 Cassiodorus
2640 1665 2733 1719 lib.
2763 1665 2831 1720 de
2853 1664 3088 1720 lnstitnt.
3121 1665 3288 1720 divin.
3325 1665 3510 1720 Litter.
3542 1680 3664 1735 cap.
3693 1665 3743 1730 1,

2148 1755 2238 1810 ubi
2267 1756 2340 1810 ait
2375 1757 2554 1812 titulos
2584 1760 2635 1812 in
2667 1757 2818 1812 libris
2842 1759 3008 1813 sacris
3037 1776 3067 1811 τι
3116 1757 3395 1831 majoribus
3425 1757 3614 1811 nostris
3659 1772 3746 1810 or-

441 1855 642 1912 ciebant
689 1856 1152 1928 pseudoprophetis
1178 1866 1350 1928 patres
1396 1872 1596 1912 eorum.
1657 1855 1762 1910 Vos
1805 1856 1924 1910 esis
1964 1856 2046 1910 sal
2075 1855 2124 1915 Β
2149 1850 2268 1904 dine
2303 1861 2541 1905 currente
2569 1853 2728 1923 fuisse
2765 1853 3047 1922 descriptos
3074 1867 3093 1905 :
3121 1851 3348 1922 Majores
3392 1858 3609 1905 nostros
3651 1865 3748 1903 vo-

441 1959 612 2016 terrat,
637 1959 746 2007 etc.

511 2045 720 2102 Similia
769 2047 966 2118 saepius
1010 2055 1304 2102 occurrunt
1331 2046 1719 2114 additamenta,
1755 2060 1823 2102 ex
1865 2044 2046 2102 Marco

441 2139 716 2212 pracipue
742 2138 1046 2210 desumpta,
1081 2147 1141 2194 ut
1164 2148 1249 2195 est
1281 2140 1409 2196 illud
1436 2155 1558 2211 cap.
1593 2155 1703 2205 xtv,
1733 2155 1855 2210 pag.
1899 2155 2040 2202 cxvt.

441 2235 606 2306 hujus
634 2236 793 2292 Rom.
826 2235 974 2293 Edit.
1007 2235 1132 2291 Non
1155 2237 1290 2292 enim
1318 2237 1697 2302 intellexerant,
1729 2237 1860 2292 sicut
1878 2252 1969 2290 nec
1988 2237 2044 2290 in

441 2330 683 2402 panibus.
712 2329 843 2384 Erat
865 2331 1000 2385 enim
1025 2346 1115 2385 cor
1136 2348 1316 2386 eorum
1336 2331 1571 2386 obtusum
1599 2349 1618 2387 :
1643 2331 1789 2403 quod
1820 2346 1850 2386 e
1881 2330 2046 2386 Marci

439 2424 620 2494 capite
632 2431 985 2490 sexto,versu
1008 2424 1100 2491 52,
1127 2425 1180 2480 in
1209 2425 1444 2481 Matthxi
1467 2435 1780 2482 contextum
1810 2433 2046 2481 transtu-

443 2516 623 2573 lerunt
643 2527 736 2572 aut
767 2526 981 2574 veteres
1011 2517 1238 2584 librarii,
1263 2528 1357 2573 ant
1381 2518 1475 2574 alii
1497 2521 1811 2590 scriptores.
1842 2519 2046 2574 Praeter

443 2607 581 2675 haec,
627 2609 784 2676 plura
817 2609 994 2665 adhuc
1034 2609 1257 2665 retinnit
1305 2611 1670 2666 additamenta
1701 2612 2046 2668 Corbeiensis

439 2699 614 2758 codex
639 2718 653 2756 :
678 2701 772 2758 sed
795 2717 864 2758 ne
886 2702 938 2757 in
962 2702 1047 2757 his
1069 2703 1417 2760 recensendis
1444 2703 1646 2760 diutius
1672 2704 2044 2770 immorentur,

441 2793 664 2850 consule
721 2794 1141 2866 subsequentem
1195 2795 1488 2853 editionem
1543 2798 1714 2853 sancti
1767 2799 2045 2865 Matthzei,

440 2889 548 2945 col.
572 2887 702 2954 2M,
753 2897 876 2944 nota
905 2888 980 2962 (⁸)
1006 2898 1062 2945 et
1089 2890 1195 2945 col.
1225 2891 1356 2958 245,
1390 2901 1515 2946 nota
1547 2892 1624 2963 (τι)
1656 2892 1835 2964 (hujus
1863 2901 2049 2946 nostra:

447 2981 742 3053 editionis),
783 2982 915 3038 etin
947 2982 1138 3052 primis
1167 2985 1272 3038 col.
1307 2984 1436 3052 277,
1475 2995 1598 3040 nota
1632 2984 1710 3056 (³)
1747 2985 1833 3038 ubi
1858 2985 2053 3056 legitur

445 3075 662 3130 celebre
688 3075 816 3131 illud
847 3075 1273 3132 additamentum
1297 3093 1327 3132 c
1352 3077 1494 3133 Luca
1531 3087 1850 3146 mutuatum,
1908 3077 2048 3148 quod

445 3169 672 3226 mirifice
703 3169 1043 3226 eruditorum
1075 3173 1233 3227 torsit
1258 3171 1490 3228 animos.

1087 3307 1315 3365 CAPUT
1342 3309 1406 3364 ll.

516 3438 584 3479 DE
623 3437 901 3479 CAPITULIS
927 3437 1186 3479 PREFIXIS
1219 3404 1360 3480 Ακτέ
1393 3440 1601 3482 ελοιιωι
1637 3440 1969 3483 CONTEXTUII

1095 3533 1376 3573 EVANGELII
1389 3559 1403 3571 .

444 3607 486 3664 Ι.
521 3608 824 3679 Antiqttiora
838 3621 960 3666 sunt
989 3610 1306 3683 Hieronymo
1333 3612 1428 3666 illa
1456 3611 1705 3682 capitula.
1738 3613 1802 3666 11.
1831 3612 1959 3680 Quae
1994 3615 2048 3669 in

516 3704 779 3759 codicibus
807 3707 1057 3762 versionis
1080 3706 1506 3776 Hieronymiana:
1526 3707 1893 3777 praeﬁguntur,
1928 3725 2050 3763 con-

520 3807 720 3852 servata
737 3809 855 3854 sunt
873 3817 939 3856 ea:
958 3800 1170 3872 antiqua
1192 3798 1415 3870 Vulgata
1428 3809 1474 3854 et
1489 3797 1678 3854 Italica
1691 3801 2046 3855 translatione.

521 3890 612 3945 III.
650 3890 860 3948 Utilitas
883 3893 1182 3966 hujusmodi
1199 3893 1653 3966 capitulationum,
1678 3909 1766 3949 seu
1793 3895 2051 3966 capitula-

523 4002 660 4044 rum.

516 4100 560 4155 l.
600 4101 788 4158 Merito
816 4101 929 4157 haec
956 4103 1186 4173 capitula
1227 4101 1559 4174 Hieronymo
1583 4101 1878 4157 vetustiora
1913 4100 2051 4154 dixi-

448 4207 606 4258 mus;
649 4207 772 4248 cum
818 4209 880 4247 ex
937 4209 1044 4248 uno
1087 4194 1324 4249 Juvenco
1366 4194 1704 4265 presbytero,
1735 4193 1825 4262 qui
1871 4192 2055 4247 floruit

449 4296 694 4357 tempore
730 4285 1071 4343 Constantini
1112 4287 1305 4357 Magni,
1336 4288 1491 4343 nobis
1521 4287 1664 4344 scire
1693 4286 1852 4342 liceat
1879 4297 1956 4344 tot
1995 4288 2049 4344 in

446 4377 567 4448 ejus
595 4378 999 4449 exemplaribus
1029 4378 1262 4434 Mattbtei
1299 4379 1472 4450 posita
1505 4378 1694 4447 fuisse,
1735 4392 1867 4452 quot
1910 4398 2054 4439 nunc

447 4469 705 4540 leguntur
731 4470 784 4525 in
823 4473 1192 4542 manuscripto
1214 4472 1547 4539 Corbeiensi,
1573 4472 1738 4543 inque
1761 4473 1885 4529 aliis
1914 4475 2052 4532 bene

2071 3234 2118 3297 C

2149 1963 2278 2002 cans
2314 1947 2721 2003 Ecclesiasticos
2753 1958 3025 2015 auctores,
3050 1951 3137 2020 qui
3161 1951 3364 2019 aliquot
3384 1950 3598 2005 sarculis
3624 1957 3752 2004 ante

2147 2039 2265 2112 ejus
2293 2049 2507 2095 mtatem
2540 2041 2592 2095 in
2623 2039 2860 2096 Ecclesia
2888 2040 3086 2096 Christi
3119 2042 3359 2098 celebres
3381 2042 3618 2097 fuerunt.

2219 2133 2284 2188 ll.
2314 2132 2483 2188 Tanta
2511 2143 2688 2188 autem
2711 2133 2809 2188 fuit
2838 2149 2964 2188 usus
2982 2149 3043 2189 ac
3070 2135 3354 2190 vetustatis
3375 2134 3745 2198 consuetudo,

2151 2234 2226 2291 ut,
2258 2226 2510 2296 abrogata
2543 2227 2713 2281 veteri
2757 2227 3113 2282 translatione
3144 2227 3356 2294 Latina,
3386 2228 3754 2283 retinerentur

2146 2327 2328 2374 tamen
2361 2319 2567 2373 indices
2597 2320 2874 2374 titulorum
2905 2328 2961 2375 et
3011 2321 3370 2390 capitulorum
3402 2321 3750 2389 antiquorum

2149 2417 2200 2470 in
2230 2431 2366 2470 nova
2395 2415 2706 2488 Hieronymi
2738 2416 3140 2487 Scripturarum
3163 2416 3419 2472 editione.
3447 2416 3524 2471 De
3543 2417 3754 2482 capitu-

2149 2508 2215 2564 lis
2245 2523 2342 2564 seu
2396 2511 2567 2566 titulis
2607 2512 2811 2568 veteris
2852 2512 3196 2567 instrumenti
3256 2510 3622 2565 voluminibus
3649 2509 3750 2564 ad-

2148 2604 2292 2672 fixis,
2332 2606 2463 2660 satis
2503 2606 2720 2663 abunde
2764 2606 3096 2678 disputatum
3151 2615 3235 2662 est
3261 2607 3314 2661 in
3347 2604 3754 2676 prolegomenis

2147 2697 2347 2753 nostris
2393 2698 2459 2753 ad
2500 2699 2728 2756 frontem
2787 2700 2983 2755 divina:
3014 2699 3360 2756 Bibliotheca:
3392 2699 3447 2756 S.
3480 2697 3756 2770 Hierony-

2149 2789 2221 2844 mi
2249 2792 2550 2861 appositis:
2588 2791 2673 2847 hic
2713 2792 2780 2847 de
2827 2793 2996 2848 titulis
3033 2793 3348 2864 pranuotatis
3378 2791 3529 2846 initio
3568 2790 3757 2845 Evan-

2147 2883 2277 2956 gelii
2313 2885 2610 2941 secundum
2659 2886 2966 2942 Mattbteum
3017 2887 3252 2941 breviter
3303 2886 3571 2940 disserere
3617 2884 3755 2939 mihi

2151 2986 2358 3032 tantum
2411 2978 2697 3034 incumbit.
2751 2979 2904 3047 Quod
2964 2990 3021 3034 ut
3059 2979 3299 3045 facilius,
3353 2989 3610 3050 quantum
3662 2993 3756 3034 res

2150 3074 2345 3142 exigit,
2380 3087 2735 3142 exequamur,
2789 3075 3103 3130 meminisse
3133 3074 3292 3130 debet
3327 3074 3496 3130 lector
3541 3073 3753 3128 studio-

2151 3179 2245 3219 sus
2297 3165 2685 3237 Hieronymum
2709 3209 2723 3232 ,
2750 3168 2949 3222 nullam
2984 3172 3035 3223 in
3089 3167 3416 3238 Evangelico
3445 3174 3592 3222 textu
3631 3182 3662 3220 a
3694 3182 3758 3222 se

2151 3257 2299 3313 edito
2353 3259 2673 3316 divisionem
2722 3277 3055 3330 agnoscere,
3085 3271 3284 3333 praeter
3327 3276 3469 3327 eam,
3515 3276 3638 3329 qua:
3698 3260 3755 3314 in

2151 3352 2454 3409 canonibus
2491 3354 2815 3411 Eusebianis
2856 3357 3138 3411 observata
3183 3364 3283 3411 est.
3327 3354 3504 3422 Quare
3558 3355 3760 3408 alienae

2150 3460 2215 3501 ac
2241 3447 2439 3517 spuria:
2466 3448 2752 3504 censenda:
2795 3458 2954 3504 erunt
2981 3450 3031 3503 in
3064 3449 3312 3504 versione
3336 3448 3759 3518 Hieronymiana

2149 3554 2508 3611 quaecumque
2560 3543 2922 3614 capitulorum
2965 3543 3337 3598 distinctiones
3375 3553 3422 3596 et
3459 3541 3757 3612 periochae,

2149 3648 2272 3703 qum
2304 3650 2409 3689 non
2455 3639 2801 3691 consentiunt
2851 3651 3120 3691 canonum
3169 3635 3592 3690 Eusebianornm
3642 3633 3760 3688 dis-

2152 3726 2526 3782 tinctionibus.
2563 3729 2672 3783 lllis
2705 3744 2833 3784 vero
2882 3728 3317 3784 distinctionibus
3342 3727 3541 3782 Euseb.
3571 3727 3765 3780 titulo-

2153 3835 2269 3874 rum
2329 3821 2674 3891 antiquorum
2716 3836 2746 3875 a
2797 3821 2957 3875 nobis
3005 3819 3272 3875 editorum
3323 3818 3528 3873 nullum
3582 3833 3763 3887 genus

2151 3913 2446 3968 convenire
2509 3911 2919 3984 perspeximus:
2978 3928 3083 3967 non
3131 3911 3398 3982 primum,
3457 3912 3599 3979 quod
3662 3924 3765 3978 per

2153 4007 2340 4078 viginti
2394 4017 2448 4063 et
2506 4021 2630 4064 octo
2685 4009 2953 4064 sectiones
3010 4016 3180 4060 totum
3228 4004 3459 4060 Matthzei
3513 4004 3753 4071 partitur

2153 4108 2488 4164 contextum;
2521 4115 2626 4153 non
2659 4100 2978 4163 secundum,
3015 4099 3067 4153 in
3101 4114 3206 4169 quo
3227 4108 3351 4152 sunt
3382 4095 3765 4151 tantummodo

2152 4190 2387 4258 capitula
2439 4191 2712 4261 octoginta
2761 4201 2967 4262 septem
3019 4191 3100 4245 vel
3141 4201 3301 4255 octo;
3355 4203 3460 4243 non
3517 4188 3764 4256 denique

2154 4282 2398 4347 tertium,
2429 4284 2529 4338 etsi
2564 4283 2615 4337 iu
2645 4299 2711 4339 eo
2757 4294 3110 4338 numerentur
3139 4281 3408 4336 sectiones
3450 4278 3765 4348 septemde-

2152 4374 2259 4431 cim
2314 4390 2478 4445 supra
2534 4385 2751 4431 centum
2798 4399 2812 4430 :
2861 4376 2987 4447 quia
3042 4375 3402 4446 Hieronymus
3455 4371 3764 4428 Eusebium

2152 4466 2543 4524 Caesariensem
2594 4478 2812 4525 secutus
2842 4469 3087 4541 dispares
3119 4469 3282 4524 habet
3320 4481 3598 4532 numeros,
3643 4467 3767 4522 dis-

447 4561 634 4618 multis
662 4561 960 4629 codicibus,
999 4566 1092 4635 qui
1113 4564 1330 4634 antiqua
1362 4573 1653 4621 contextus
1675 4565 1814 4622 sacri
1837 4576 2048 4624 retenta
2078 4628 2121 4635 _
2155 4572 2314 4632 pares
2343 4563 2412 4617 ab
2434 4564 2670 4633 antiquis
2696 4565 3082 4635 interpretibus
3107 4563 3256 4618 Sacri
3302 4570 3590 4617 contextus
3621 4563 3770 4618 divi-

447 4654 734 4720 divisione,
774 4665 898 4710 octo
937 4628 1102 4727 supra
1140 4628 1323 4728 viginti
1369 4657 1602 4728 capitula
1637 4658 1951 4715 describunt
1981 4661 2051 4716 ad
2078 4628 2132 4689 D
2157 4628 2359 4710 biones.
2379 4655 2512 4710 Nam
2552 4628 2693 4727 quod
2737 4656 2810 4710 illi
2840 4628 2892 4710 in
2935 4656 3028 4721 28,
3068 4665 3161 4710 aut
3189 4656 3278 4721 88,
3309 4667 3400 4710 aut
3433 4657 3557 4720 117,
3611 4658 3768 4727 capi~

445 4751 680 4806 frontem
705 4749 982 4820 Evangelii
997 4751 1294 4806 secuudum
1313 4751 1642 4807 Matthteum.
1663 4753 1808 4810 Idem
1825 4755 2055 4825 probant

460 4843 636 4896 sancti
691 4841 878 4898 Hilarii
921 4842 973 4898 in
1001 4842 1312 4898 Hattbmnm
1349 4847 1861 4902 commentariorum
1899 4849 2056 4904 volu-

449 4933 616 5000 mina,
668 4950 785 5006 qum
840 4951 939 5008 per
985 4949 1227 4991 canones
1278 4951 1374 4992 seu
1426 4937 1653 5009 capitula
1712 4931 2048 5010 dividuntur,

450 5035 612 5096 prout
642 5035 816 5082 textus
847 5027 1204 5098 Evangelicus
1234 5028 1291 5082 in
1331 5028 1513 5098 plures
1537 5037 1718 5100 partes
1745 5039 1877 5088 tunc
1917 5032 2052 5087 divi-

449 5131 544 5174 sus
579 5117 896 5175 habebatur.
941 5120 1050 5177 Nec
1081 5119 1269 5176 fefellit
1297 5121 1482 5191 opinio
1514 5137 1836 5194 quemquam
1862 5140 2048 5181 eorum

449 5210 540 5282 qui
566 5219 840 5281 putarunt,
864 5213 1046 5268 titulos
1069 5214 1303 5270 Mattbtei
1331 5215 1620 5285 Evangelio
1643 5217 1912 5286 przelixos,
1937 5219 2047 5289 jam

451 5307 640 5362 Hilarii
693 5323 811 5364 :cvo
863 5309 916 5364 in
967 5309 1382 5382 Evangeliorum
1437 5310 1834 5381 exemplaribus
1883 5314 2051 5368 fuisse

451 5410 804 5472 praenotatos,
837 5401 1096 5474 illumque
1131 5421 1197 5460 ex
1219 5405 1283 5462 iis
1313 5405 1591 5476 selegisse,
1617 5421 1844 5476 quorum
1871 5408 2052 5462 utilio-

450 5509 568 5551 rem
606 5495 833 5552 duceret
857 5497 1313 5567 explanationem.
1345 5500 1427 5556 Eo
1446 5508 1624 5556 antem
1657 5500 1816 5555 modo
1838 5501 1893 5555 in
1920 5500 2053 5555 Mat-

451 5587 653 5643 thtenm
685 5589 855 5644 titulis
895 5604 992 5646 seu
1035 5589 1287 5660 capitulis
1327 5592 1589 5648 ordinatis
1631 5594 2053 5649 commentarios

452 5683 670 5754 scripsit
702 5683 955 5750 Hilarius,
976 5685 1252 5756 quomodo
1276 5686 1718 5744 Fortunatianum
1740 5687 2055 5758 Aquileien-

452 5789 569 5832 sem
603 5777 915 5848 episcopum
961 5778 1012 5834 in
1044 5779 1335 5852 Evangelia
1374 5779 1660 5852 scripsisse
1688 5792 1915 5839 testatur
1936 5783 2054 5853 ipse

456 5867 816 5943 Hieronymus
860 5872 999 5930 libro
1025 5872 1095 5930 de
1125 5873 1325 5946 Script.
1360 5873 1571 5933 Eccles.
1615 5873 2049 5944 Fortunatianus,

2157 4753 2268 4808 tula
2293 4750 2560 4822 dispartiti
2581 4760 2727 4814 sunt,
2753 4750 2841 4805 hic
2866 4765 2988 4805 cum
3017 4750 3250 4804 Eusebio
3279 4749 3330 4804 in
3374 4750 3482 4805 355
3516 4763 3772 4806 canones

2155 4857 2363 4904 sectum
2393 4860 2515 4901 esse
2541 4844 2726 4911 voluit,
2759 4846 2904 4899 omni
2944 4847 3146 4900 erroris
3175 4843 3493 4899 confusione
3540 4844 3768 4901 sublata

2157 4957 2222 4998 ex
2253 4940 2602 4996 distinctione
2625 4936 2930 5008 hujusmodi
2962 4953 3250 4993 canonum.

2227 5034 2296 5087 At
2323 5041 2382 5086 ut
2411 5032 2747 5100 exploratum
2777 5039 3060 5099 ratumque
3081 5031 3148 5084 sit
3171 5029 3311 5099 apud
3351 5043 3542 5084 omnes
3573 5029 3772 5085 erudi-

2155 5135 2260 5189 tos,
2285 5125 2522 5194 capitula
2553 5139 2582 5178 a
2624 5123 2779 5179 nobis
2795 5123 2904 5195 jam
2935 5123 3078 5179 edita
3100 5124 3167 5179 ad
3197 5123 3429 5179 frontem
3478 5124 3773 5197 Evangelii

2153 5221 2448 5278 secundum
2482 5219 2790 5273 Matthaaum
2835 5226 3074 5272 mutnata
3106 5233 3227 5273 esse
3269 5227 3662 5275 etconservata
3710 5222 3769 5275 iu

2153 5318 2404 5374 versione
2437 5315 2749 5387 Hieronymi
2773 5315 2840 5369 ab
2871 5315 2974 5368 alia
2997 5315 3324 5385 antiquiore,
3368 5329 3527 5384 quam
3559 5311 3772 5370 Italam

2159 5411 2409 5473 dicimus,
2454 5425 2617 5463 unum
2652 5418 2856 5463 tantum
2916 5409 3192 5462 monuisse
3235 5405 3484 5472 sufficiat;
3536 5424 3773 5481 nempe,

2160 5501 2297 5559 nihil
2349 5501 2621 5556 interdum
2671 5500 2775 5570 legi
2833 5500 2884 5552 in
2919 5499 3288 5553 translationis
3321 5499 3776 5570 llierouymiantn

2157 5603 2418 5651 contextu
2440 5594 2582 5665 quod
2614 5590 2938 5661 respondeat
2967 5591 3215 5660 capitulis
3243 5595 3578 5661 prmnotatis.
3602 5594 3777 5664 (lapi-

2161 5687 2329 5743 tulum
2371 5703 2425 5741 v.
2456 5702 2507 5758 g.
2563 5702 2655 5749 xx,
2697 5685 2751 5740 in
2810 5684 2984 5753 primo
3033 5683 3308 5764 indire,e.t
3353 5684 3407 5738 in
3462 5685 3623 5738 tertio
3669 5689 3773 5755 75,

2160 5783 2421 5852 scriptum
2479 5789 2562 5836 est
2601 5779 2667 5834 de
2717 5779 2896 5851 primis
2954 5777 3234 5841 accubitis,
3292 5791 3387 5832 seu
3440 5778 3779 5840 accubitibus

2162 5892 2348 5941 canta;
2397 5877 2593 5932 frustra
2623 5887 2753 5928 vero
2795 5871 2848 5926 in
2881 5878 3030 5926 textu
3088 5868 3414 5938 Evangelico
3443 5870 3777 5942 Hieronymi
