3968 6332
262 297 311 351 65
1224 291 1678 352 DISSERTATIO
1718 288 2005 349 JOANNIS
2042 290 2476 351 MARTIANAY.
3246 360 3247 363 η
3446 300 3520 360 66

202 382 208 390 ’
258 410 456 481 requiras
499 408 643 479 apud
692 409 1025 475 Mattbreum,
1084 411 1227 481 quod
1276 410 1476 467 dicitur
1526 413 1588 465 de
1633 411 1814 483 primis
1841 406 2109 475 APorro,
2138 408 2329 481 inquit,
2361 418 2618 481 quantum
2640 412 2911 469 commodi
2934 412 3147 471 Lectori
3170 413 3271 486 ipsi
3289 414 3519 484 accidet,

254 507 329 561 illis
349 505 595 559 accabitis
622 506 675 559 in
723 521 895 571 coena;
926 520 1048 560 cum
1082 504 1199 560 haec
1227 507 1480 576 parabola
1509 506 1710 576 scripta
1748 506 1819 562 sit

251 607 289 652 et
322 598 579 652 referatur
644 613 675 652 a
727 599 846 653 solo
894 597 1058 653 Luca.
1106 596 1261 654 Unde
1308 598 1530 653 evidens
1574 598 1820 670 exsurgit

249 702 611 763 argumentum,
659 693 891 764 capitula
928 693 1041 763 jam
1073 693 1214 749 dicta
1246 694 1460 764 propria
1493 692 1657 749 fuisse
1677 694 1818 750 anti-

247 802 335 857 quae
360 787 625 858 Vulgatae,
658 796 713 843 et
741 786 939 843 Italica:
978 788 1241 855 versioni,
1283 803 1406 858 quae
1456 788 1507 843 in
1562 786 1816 843 Matthteo

246 883 467 936 nonnulla
502 880 777 937 retinebat
825 897 896 937 ex
938 882 1061 936 aliis
1094 881 1429 952 Evangeliis,
1458 896 1520 936 ac
1545 880 1817 951 praecipue

244 975 525 1045 parabolam
559 974 765 1029 invitati
791 974 855 1029 ad
880 990 1118 1040 caenam,
1142 974 1295 1045 cujus
1328 975 1414 1029 hic
1438 984 1708 1044 sumptum
1731 981 1817 1030 est

240 1068 418 1123 auobis
449 1066 788 1136 exemplum.
842 1065 1099 1122 Conferat
1134 1068 1226 1137 qui
1270 1066 1502 1121 voluerit
1548 1066 1815 1138 Hierony-

240 1161 443 1215 mianuin
476 1160 719 1215 Μαιηιωὶ
773 1168 1085 1216 contextum
1139 1176 1259 1216 cum
1300 1161 1553 1231 capitulis
1592 1177 1621 1215 a
1655 1161 1813 1217 nobis

236 1258 384 1323 editis,
416 1258 604 1312 statim
648 1256 816 1311 multa
849 1257 966 1311 loca
997 1255 1386 1326 deprehendet,
1432 1270 1550 1325 qua:
1587 1255 1725 1310 inter
1752 1270 1812 1311 se

234 1353 424 1407 minime
482 1353 846 1415 consentiant;
895 1366 1013 1422 qua:
1065 1362 1243 1406 tamen
1294 1350 1644 1405 consentiunt
1688 1365 1810 1406 cum

232 1448 400 1502 Italica:
416 1446 688 1502 versionis
718 1456 997 1501 contextu.
1032 1445 1143 1500 Nec
1170 1445 1367 1499 mirum
1393 1444 1536 1513 quod
1578 1443 1656 1498 illi
1684 1452 1810 1513 per-

230 1542 339 1596 fecte
370 1541 721 1605 conveniant,
764 1541 890 1610 quia
935 1555 1001 1593 ex
1029 1554 1119 1603 ea,
1142 1546 1198 1593 et
1227 1538 1291 1592 ad
1326 1553 1445 1593 eam
1499 1537 1809 1592 translatio-

230 1651 327 1691 nem
350 1634 597 1690 adornati
635 1643 762 1688 sunt
804 1632 1010 1688 iudices
1064 1633 1256 1687 horum
1309 1631 1689 1701 capitulorum,
1740 1630 1809 1686 de

232 1730 395 1800 quibus
416 1743 603 1783 sermo
632 1736 817 1782 noster
843 1739 947 1783 est.

1921 499 1968 555 si
1996 499 2304 557 divinorum
2330 502 2616 559 Librorum
2648 506 2976 575 percurrerit
3002 505 3189 569 titulos
3215 505 3379 563 hosce
3404 506 3525 579 qui-

1920 593 2020 650 bus
2042 593 2124 666 (ut
2149 611 2270 651 cum
2302 595 2629 653 Cassiodoro
2657 596 2870 672 loquar)
2893 613 3048 655 sacer
3077 609 3262 656 textus
3288 598 3525 671 quodam

1920 687 2077 742 nobis
2106 688 2430 758 compendio
2452 689 2705 758 panditur
2729 710 2741 742 ;
2777 690 2949 762 iisque
2975 691 3026 746 in
3052 691 3331 763 principiis
3356 693 3526 749 libro-

1920 796 2039 836 rum
2090 780 2160 836 de
2201 782 2451 837 universa
2495 783 2637 839 serie
2682 783 2932 841 lectionis
2967 784 3287 855 impressis,
3320 786 3525 843 utiliter

1917 871 2264 939 admonitus,
2311 873 2599 931 salubriter
2635 874 2893 931 reddatur
2946 886 3220 945 attentus,
3265 886 3321 934 et
3364 877 3523 935 facile

1920 981 2353 1037 unamquamque
2377 983 2493 1024 rem
2521 968 2649 1024 dum
2677 968 2908 1039 quaerit,
2941 969 3201 1038 inveniat,
3228 987 3388 1043 quam
3416 972 3521 1030 sibi

1916 1063 2194 1131 cognoscit
2224 1062 2459 1118 breviter
2479 1062 2789 1118 indicatam.
2814 1062 3096 1119 Accedunt
3116 1074 3170 1120 et
3203 1065 3324 1121 aliae
3371 1064 3519 1123 haud

1915 1154 2094 1225 exigui
2120 1156 2377 1212 momenti
2410 1156 2667 1213 utilitates
2692 1173 2706 1211 :
2728 1173 2849 1212 nam
2878 1160 3079 1214 nostris
3102 1159 3184 1214 his
3205 1160 3374 1218 titulis
3403 1160 3521 1218 sive

1913 1247 2163 1318 Capitulis
2192 1248 2259 1303 ad
2288 1248 2643 1306 vetustiorum
2667 1250 2814 1305 illam
2847 1250 3093 1307 Latinam
3131 1268 3198 1306 ex
3244 1251 3388 1307 LXX
3431 1252 3541 1313 In-,

1917 1341 2243 1410 terpretibus
2265 1342 2559 1398 editionem
2592 1359 2659 1399 ex
2688 1360 2753 1415 pa
2767 1356 2849 1400 rte
2879 1345 3161 1413 confectis,
3192 1355 3248 1402 et
3267 1347 3521 1405 editionis

1916 1432 2158 1503 ejusdem
2180 1434 2357 1507 (cujus
2384 1436 2590 1491 nullum
2620 1436 2783 1493 hodie
2806 1437 3076 1508 integrum
3105 1449 3352 1509 superest
3374 1438 3521 1496 Lati-

1914 1540 2040 1579 num
2070 1526 2425 1600 exemplum)
2464 1527 2765 1600 fragmenta
2809 1530 3004 1587 saltem
3055 1541 3415 1602 reparantur:
3465 1540 3523 1590 et

1911 1620 2166 1678 brevibus
2191 1624 2353 1679 veluti
2386 1624 2853 1680 commentariolis
2877 1626 3290 1682 manuducimur
3315 1626 3368 1683 iu
3391 1642 3519 1699 pro-

1802 1744 1823 1769 ρ
1910 1716 2090 1786 phetis
2116 1719 2351 1773 maxime
2385 1718 2452 1773 ad
2485 1734 2703 1774 sensum
2740 1720 3039 1791 Scriptum
3068 1723 3316 1780 altiorem
3343 1741 3358 1779 ε
3384 1724 3514 1782 dum

291 1823 365 1877 lll.
397 1822 523 1877 lam
552 1822 788 1891 capitula
844 1821 1065 1885 istbmc,
1120 1821 1218 1876 etsi
1261 1820 1434 1876 aliena
1473 1835 1503 1875 a
1541 1819 1803 1875 Versione

1919 1810 2028 1864 solo
2050 1810 2199 1880 quasi
2226 1810 2377 1881 digiti
2407 1820 2537 1865 nutu
2552 1812 2774 1882 pulchre
2799 1828 3079 1870 monemur
3101 1814 3192 1872 ubi
3212 1815 3512 1886 Christum,

232 1916 538 1988 Hieronymi,
567 1930 667 1971 nec
686 1915 803 1985 ejus
831 1926 1079 1984 respectu
1103 1914 1338 1984 genuina
1373 1928 1496 1968 esse
1528 1912 1810 1968 deﬁnitum
1864 1978 1865 1983 η

230 2010 301 2072 sit,
324 2024 381 2064 ea
406 2018 589 2065 tamen
613 2017 705 2063 aut
730 2009 1094 2079 aspernanda,
1133 2015 1226 2061 aut
1249 2005 1557 2075 abjicienda
1586 2004 1811 2061 minime

233 2118 420 2167 censeo;
450 2119 557 2157 non
601 2117 710 2157 uno
736 2102 879 2157 enim
910 2101 1071 2156 modo
1098 2100 1289 2169 juvare
1314 2108 1541 2171 possunt
1578 2099 1646 2154 ad
1673 2115 1802 2170 per-

236 2196 396 2250 lectam
423 2197 663 2267 antiquze
711 2194 951 2266 Vulgata:
982 2193 1188 2249 Latinze
1216 2194 1608 2265 cognitionem.
1654 2193 1810 2250 Unde

236 2291 400 2345 accidit
428 2300 487 2345 ut
518 2291 669 2346 hisce
692 2290 944 2360 capitulis
976 2290 1173 2359 ignotis
1192 2287 1335 2359 apud
1370 2288 1614 2344 eruditos
1638 2288 1810 2344 homi-

235 2399 331 2449 nes,
352 2384 645 2455 quemlibet
674 2384 775 2454 ipsi
825 2398 1066 2439 errorem
1097 2393 1477 2453 sequerentur,
1512 2382 1579 2438 de
1603 2382 1812 2437 addita-

234 2478 403 2533 mentis
429 2478 636 2533 veteris
657 2476 1031 2531 translationis
1054 2476 1259 2531 Latina:
1277 2475 1634 2545 disputantes.
1670 2474 1812 2544 Quid

232 2591 341 2629 vero
392 2577 627 2631 habeant
667 2575 917 2631 utilitatis
964 2572 1167 2629 indices
1216 2573 1291 2627 illi
1343 2573 1701 2643 capitulorum
1741 2570 1809 2626 ad

227 2669 539 2726 dirimendas
584 2668 894 2739 bujusmodi
945 2668 1229 2724 doctorum
1264 2667 1503 2721 virorum
1556 2667 1700 2731 lites,
1741 2682 1809 2721 ex

226 2780 320 2818 uno
345 2765 573 2835 capitulo
597 2765 649 2819 in
672 2762 984 2834 exemplum
1008 2762 1239 2817 adducto
1264 2760 1421 2816 facile
1441 2762 1657 2829 planum
1694 2760 1806 2815 flet.

222 2858 536 2929 Ambiguum
584 2866 643 2913 et
685 2866 1095 2913 controversum
1167 2862 1251 2910 est
1318 2852 1460 2923 apud
1518 2853 1809 2909 nonnullos

220 2951 371 3019 hujus
417 2952 513 3004 αξνὶ
566 2950 885 3020 scriptores,
940 2965 1007 3002 an
1056 2949 1107 3002 in
1141 2946 1308 3002 veteri
1360 2945 1585 3015 Vulgata
1637 2944 1809 3001 sancti

217 3042 442 3097 Mattlizei
468 3058 588 3114 cap.
627 3042 720 3110 20,
754 3042 1023 3112 legeretur
1071 3040 1496 3094 additamentum
1539 3038 1807 3110 quoddam

212 3135 278 3187 ab
310 3135 599 3207 Evangelio
658 3135 717 3190 S.
750 3133 910 3189 Luca:
951 3142 1274 3187 mutuatum.
1306 3135 1571 3187 Asserunt
1592 3130 1806 3202 quidem

1918 1902 2256 1971 Ecclesiam,
2297 1904 2753 1977 Sacramentaque
2789 1922 2942 1964 nova:
2980 1908 3138 1981 Legis
3181 1910 3285 1967 sub
3333 1912 3516 1985 typico

1916 1995 2098 2066 aliquo
2129 1997 2399 2054 velamine
2423 1999 2787 2069 requiramus.

2534 2133 2765 2191 CAPUT
2803 2134 2892 2191 Ill.

1920 2245 1993 2301 De
2024 2263 2311 2303 UTILITATE
2334 2262 2601 2305 EDlTlONIS
2632 2265 2873 2313 annona:
2902 2249 3195 2323 VULGA‘I‘E,
3226 2270 3295 2312 er
3318 2272 3386 2312 ne
3414 2273 3512 2314 vs-

1952 2355 2197 2396 TUSTATB
2228 2358 2293 2398 AC
2328 2358 2696 2398 PRAESTAITM
2738 2359 3054 2403 NOSTRORUM
3083 2363 3200 2405 MSS.
3226 2365 3484 2409 CODICUI.

1914 2456 1956 2513 Ι.
1986 2456 2143 2514 Juvat
2162 2460 2232 2515 ad
2261 2462 2575 2517 intellectum
2612 2461 2935 2533 Scripturaz;
2976 2458 3289 2520 ad'recilata
3330 2483 3362 2519 a
3405 2465 3517 2522 Pa-

1984 2553 2145 2607 tribus
2164 2554 2453 2609 testimonia
2468 2555 2851 2625 comprobanda
2873 2572 2891 2622 ;
2917 2566 2965 2611 et
2984 2557 3053 2609 ad
3078 2558 3515 2629 manifestandam

1984 2648 2141 2715 ﬁdem
2173 2647 2417 2704 Ecclesia:
2441 2649 2640 2703 veteris.
2673 2647 2737 2703 ll.
2766 2649 2896 2704 Ante
2925 2649 3239 2722 octingentos
3267 2661 3356 2707 aut
3382 2668 3512 2707 non-

1984 2750 2160 2812 gentos
2186 2757 2350 2795 annos
2372 2741 2558 2811 scripti
2579 2741 2780 2796 codices
2801 2743 2965 2797 nostri
2986 2758 3008 2809 ;
3035 2752 3081 2798 et
3104 2743 3158 2798 in
3183 2744 3513 2801 Monasteriis

1983 2832 2351 2905 insignioribas
2387 2836 2691 2889 conservati.

1986 2944 2025 2998 l.
2058 2943 2252 3001 Utilem
2300 2949 2501 3018 saepius
2535 2962 2656 3003 esse
2701 2947 3203 3020 interpretationem
3240 2950 3513 3010 diversam

1911 3038 2155 3107 ejusdem
2188 3040 2481 3111 Scriptum:
2512 3042 2696 3098 docuit
2724 3042 2781 3098 S.
2817 3044 3232 3115 Augustinusde
3256 3047 3513 3105 Doctrina

1912 3129 2215 3186 ChriStiana
2256 3132 2349 3186 lib.
2384 3147 2442 3198 ιι,
2491 3147 2614 3203 cap.
2656 3133 2742 3187 12.
2795 3134 3007 3190 Etenim
3057 3135 3126 3192 de
3164 3137 3513 3197 multitudine

209 3228 289 3281 illi
320 3246 337 3295 ;
366 3240 559 3300 negant
586 3244 716 3283 vero
748 3228 859 3281 alii.
894 3226 1001 3282 Sed
1030 3242 1099 3281 ne
1149 3226 1349 3280 diutius
1392 3225 1458 3279 lis
1502 3224 1602 3279 sub
1625 3224 1809 3292 judice
1837 3235 1882 3299 ρ
1917 3224 2225 3280 Latinorum
2255 3225 2635 3297 interpretum,
2670 3238 2954 3299 postquam
2980 3231 3191 3285 monuit
3220 3230 3503 3301 lectorem,

208 3322 300 3388 sit,
325 3324 611 3379 consulant
642 3320 908 3393 triplicem
939 3321 1173 3376 indicem
1200 3319 1561 3390 capitulorum
1591 3334 1621 3373 a
1652 3319 1808 3374 nobis

203 3415 497 3481 editorum;
524 3424 583 3471 et
608 3418 777 3485 prior,
804 3415 1106 3483 tertiusque
1138 3412 1297 3468 index
1329 3412 1510 3467 statim
1535 3412 1809 3467 renuntia-

200 3508 283 3563 bit
313 3512 367 3564 in
414 3509 659 3580 plurimis
704 3509 939 3579 antiqua:
966 3506 1209 3577 Vulgata;
1236 3505 1633 3576 exemplaribus
1666 3504 1809 3574 posi-

201 3610 319 3657 tum
357 3604 516 3658 fuisse
554 3609 926 3658 assumentum
954 3600 1267 3672 praedictum
1296 3617 1311 3665 ;
1355 3616 1419 3654 ex
1448 3598 1681 3654 secunda
1712 3615 1809 3654 au-

200 3702 312 3749 tem
350 3698 483 3752 serie
516 3697 795 3751 titulorum
827 3694 1028 3766 liquide
1050 3694 1457 3750 demonstratur
1480 3710 1585 3749 non
1618 3709 1807 3749 omnes

198 3789 404 3859 ubique
451 3790 669 3845 codices
722 3803 907 3844 sacros
961 3787 1133 3843 sancti
1199 3787 1439 3841 Matthmi
1506 3786 1803 3841 admixtum

196 3879 461 3938 habuisse
485 3893 805 3938 contextum
834 3881 1093 3936 translata
1126 3880 1177 3935 in
1206 3896 1328 3935 eum
1354 3879 1583 3950 quadam
1634 3878 1806 3933 sancti

194 3973 369 4031 Luem
395 3977 652 4048 parabola
684 3976 753 4032 de
781 3990 887 4030 non
924 3974 1242 4045 expetendis
1270 3973 1403 4028 locis
1431 3971 1807 4029 eminentiori-

195 4071 304 4124 bus
340 4071 391 4125 in
410 4087 583 4127 coena.
606 4070 665 4125 In
695 4070 871 4141 primo
904 4069 1065 4139 igitur
1102 4068 1278 4123 indice
1298 4067 1377 4121 sic
1398 4080 1457 4120 se
1480 4064 1640 4119 habet
1673 4064 1803 4120 Bre-

197 4164 282 4218 vis
313 4182 382 4221 xx
409 4185 421 4219 :
444 4166 527 4221 De
550 4167 732 4237 primis
766 4164 1053 4220 novissimis
1078 4164 1287 4234 futuris.
1325 4160 1589 4215 Parabola
1616 4176 1803 4228 opera-

198 4258 402 4311 riorum
428 4262 478 4314 in
516 4261 715 4314 vincant
758 4257 1153 4313 conductorum.
1188 4254 1267 4309 De
1303 4254 1544 4327 petitione
1574 4253 1805 4323 ﬁliorum

200 4346 436 4406 Zebedtei
463 4368 481 4406 :
509 4350 581 4405 Et
632 4351 694 4405 de
732 4350 913 4421 primis
958 4346 1275 4404 accubitibus
1319 4361 1492 4402 carnea.
1535 4346 1592 4401 In
1646 4347 1804 4402 tertio

204 4442 403 4509 indice,
427 4448 524 4503 sub
553 4462 783 4502 numero
805 4445 896 4511 75,
930 4446 1048 4502 haec
1073 4445 1327 4516 leguntur
1358 4460 1370 4496 :
1414 4441 1482 4496 Et
1524 4442 1587 4496 de
1625 4442 1804 4512 primis

206 4540 448 4595 accubilis
476 4556 654 4596 ciente.
686 4539 818 4608 Quae
851 4539 1095 4609 profecto
1112 4551 1219 4592 non
1242 4545 1447 4602 essent,
1479 4535 1579 4589 nisi
1608 4535 1662 4589 in
1705 4534 1805 4588 ali-

1912 3319 2093 3371 statint
2127 3318 2227 3371 ista
2252 3317 2567 3389 subjungit:
2624 3318 2754 3384 Qua:
2797 3320 3001 3391 quidem
3038 3338 3122 3378 res
3155 3323 3273 3394 plus
3312 3324 3513 3398 adjuvit

1910 3409 2321 3481 intelligentiam,
2349 3428 2501 3481 quant
2552 3412 2840 3483 impedivit,
2883 3414 2929 3469 si
2956 3416 3110 3470 modo
3139 3416 3361 3488 legentes
3408 3436 3513 3475 non

1909 3504 2013 3558 sint
2034 3504 2361 3576 negligentes.
2388 3503 2527 3559 Nam
2559 3508 2837 3563 nonnullas
2872 3508 3191 3566 obscuriores
3237 3514 3514 3569 sententias

1908 3597 2139 3668 pluriunt
2178 3600 2412 3652 codicum
2462 3616 2597 3669 stupe
2642 3603 2990 3673 manifestavit
3048 3604 3331 3676 inspectio,
3377 3609 3513 3663 sicut

1907 3690 2043 3744 illud
2064 3689 2220 3746 Isaite
2242 3694 2505 3763 propheta:
2523 3710 2656 3748 unus
2686 3695 2936 3766 interpres
2966 3697 3038 3751 ait
3060 3712 3082 3752 :
3099 3696 3169 3752 Et
3183 3697 3515 3757 domesticos

1909 3784 2134 3841 seminis
2162 3786 2237 3840 tui
2268 3802 2337 3841 ne
2361 3787 2678 3858 despexeris
2705 3786 2805 3859 (Is.
2830 3805 2979 3854 Lvut,
3007 3790 3067 3861 7)
3093 3809 3106 3845 :
3161 3792 3297 3847 alius
3338 3802 3514 3849 autem

1908 3878 2021 3931 ait:
2052 3876 2121 3931 Et
2153 3892 2373 3933 carnem
2405 3887 2548 3932 tuam
2579 3894 2648 3934 ne
2675 3878 3032 3950 despexeris:
3064 3880 3289 3953 Uterque
3311 3885 3516 3940 sibimet

1906 3969 2122 4024 invicem
2150 3970 2435 4025 adtestatus
2461 3980 2559 4026 est.
2589 3969 2829 4042 Namque
2857 3973 2988 4029 alter
3009 3991 3072 4029 ex
3099 3976 3269 4031 altero
3297 3979 3515 4050 exponi-

1908 4073 2033 4130 tur;
2084 4065 2207 4134 quia
2235 4075 2280 4119 et
2306 4081 2425 4120 caro
2454 4075 2623 4136 posset
2664 4068 2831 4139 accipi
2878 4069 3116 4141 proprie,
3174 4081 3266 4138 ut,
3324 4089 3513 4145 corpus

1906 4172 2055 4210 suum
2082 4158 2292 4229 quisque
2318 4174 2383 4213 ne
2411 4159 2712 4231 despiceret,
2740 4176 2795 4214 se
2821 4164 3024 4231 putaret
3072 4162 3391 4221 admonitum
3416 4176 3514 4234 ;'et

1908 4252 2173 4307 domestici
2194 4254 2403 4308 seminis
2429 4256 2699 4322 translate,
2734 4253 3017 4311 Christiani
3043 4270 3250 4329 possent
3269 4262 3513 4334 intelligi,

1907 4363 1970 4402 ea:
1992 4347 2171 4401 eodem
2197 4347 2334 4402 verbi
2356 4349 2549 4403 semine
2570 4350 2834 4405 nobiscum
2865 4352 3176 4422 spiritaliter
3202 4356 3310 4409 nati
3328 4371 3348 4409 :
3378 4370 3516 4411 nunc

1906 4450 2075 4494 autem
2102 4440 2291 4495 collato
2318 4442 2659 4512 interpretum
2682 4459 2858 4509 sensu,
2920 4444 3241 4516 probabilior
3285 4448 3515 4504 occurrit

1908 4536 2157 4590 sententia
2207 4537 2413 4608 preprie
2454 4538 2519 4593 de
2569 4541 2964 4612 consanguineis
3017 4558 3122 4597 non
3168 4545 3512 4616 despiciendis

207 4643 339 4697 quot
367 4633 758 4705 exemplaribus
795 4633 1031 4704 antiqua:
1060 4631 1302 4702 Vulgata:
1338 4630 1593 4701 parabola
1640 4628 1802 4685 Lucae
1827 4635 1882 4696 1)
1908 4646 2016 4685 esse
2052 4640 2381 4703 praereptum,
2406 4633 2651 4702 quoniam
2691 4635 2996 4691 domesticos
3021 4638 3268 4705 seminis,
3297 4655 3413 4693 cum
3442 4638 3513 4693 ad

209 4725 278 4780 de
308 4727 545 4784 invitatis
567 4727 635 4783 ad
666 4728 879 4798 nuptias
921 4737 1178 4797 tanquam
1202 4741 1327 4781 vera
1360 4740 1485 4795 pars
1520 4733 1808 4780 contextus

210 4822 348 4874 sacri
386 4822 484 4877 hoc
523 4821 760 4877 Matthrei
806 4822 927 4876 loco
975 4821 1173 4890 scripta
1238 4820 1535 4891 legeretur.
1590 4818 1810 4890 Aliquot

212 4918 411 4969 tantum
440 4914 771 4984 exemplaria
816 4914 939 4970 dico
970 4914 1223 4969 habuisse
1252 4913 1383 4969 illud
1412 4922 1806 4979 assumentum;

211 5008 332 5075 quia
354 5019 556 5065 certum
583 5016 761 5063 exstat
798 5024 865 5065 ex
896 5008 1042 5065 serie
1070 5007 1313 5063 secunda
1360 5006 1806 5077 capitulationum

212 5098 353 5157 idem
385 5106 617 5160 abfuisse
646 5105 698 5159 in
726 5104 848 5159 aliis
872 5102 1019 5159 Italae
1049 5103 1315 5158 versionis
1343 5102 1643 5159 codicibus.
1674 5101 1807 5157 Nam

211 5198 519 5263 capitulatio
566 5214 697 5254 Lvttt
740 5197 905 5269 hujus
947 5198 1217 5269 parabolae
1242 5197 1527 5254 adscititite
1560 5213 1667 5253 non
1698 5212 1811 5253 me-

215 5288 386 5357 minil,
422 5290 498 5347 De
525 5292 649 5361 ﬁliis
686 5291 923 5346 Zebedazi
942 5306 960 5355 ;
990 5301 1036 5345 et
1065 5291 1129 5345 de
1168 5291 1381 5344 minimo
1420 5293 1645 5362 majores
1674 5293 1809 5363 ﬁeri.

222 5376 408 5437 Verum
427 5384 555 5455 quid
581 5385 633 5439 in
668 5384 751 5438 his
774 5384 1129 5440 recensendis
1145 5382 1350 5439 diutius
1372 5385 1652 5451 immoror,
1687 5400 1809 5441 cum

217 5471 489 5545 plusquam
512 5478 645 5533 satis
672 5476 740 5531 de
785 5476 976 5533 eodem
1008 5484 1330 5548 argumento
1354 5477 1407 5532 in
1439 5478 1582 5533 notis
1608 5479 1808 5536 nostris

216 5569 590 5633 prolixioribus
624 5569 831 5625 Gallico
860 5570 1118 5626 idiomate
1147 5570 1361 5642 scriptis
1393 5571 1803 5641 disputaverim.

285 5662 357 5717 De
378 5663 566 5719 eadem
599 5678 731 5719 vero
770 5664 1001 5718 utilitate
1037 5664 1394 5733 capitulorum
1445 5664 1597 5719 libris
1635 5667 1809 5722 sacris

212 5758 553 5823 prie-fixurum
632 5756 937 5812 disserebat
1005 5757 1248 5813 eruditus
1314 5758 1595 5829 presbyter
1644 5757 1809 5814 Carus

214 5851 531 5918 praefatione
564 5852 617 5909 in
642 5866 794 5908 suam
812 5860 1058 5909 veterum
1081 5851 1359 5908 titulorum
1403 5851 1807 5911 collectionem.

1914 4741 2119 4780 carnem
2137 4727 2396 4794 retuleris,
2431 4729 2801 4799 consanguinei
2845 4731 3164 4801 potissimum
3210 4742 3509 4802 occurrunt,

1912 4827 2018 4874 etc.
2053 4818 2208 4886 Quod
2258 4835 2362 4875 una
2392 4819 2547 4875 Isaiae
2584 4821 2855 4878 sententia
2880 4821 3218 4880 demonstrat
3255 4823 3513 4897 Augusti-

1915 4926 2037 4979 nus,
2065 4911 2117 4965 in
2152 4921 2404 4983 promptu
2424 4914 2583 4969 nobis
2611 4923 2695 4970 est
2722 4917 2996 4972 sexcentis
3012 4931 3081 4973 ex
3102 4915 3341 4974 Matthxi
3378 4918 3515 4976 Itala

1913 5005 2164 5061 versione
2187 5006 2454 5076 exemplis
2483 5006 2738 5064 evincere
2766 5030 2779 5065 :
2804 5009 2929 5079 quia
2955 5017 3223 5080 quotquot
3247 5020 3375 5067 sunt
3421 5027 3518 5068 va-

1913 5098 2117 5155 riantes
2147 5098 2202 5154 in
2237 5100 2619 5171 manuscriptis
2655 5099 2933 5157 codicibus
2977 5101 3259 5173 lectiones,
3287 5112 3369 5160 tot
3397 5104 3517 5163 fere

1913 5192 2266 5250 inveniuntur
2286 5194 2656 5265 expositiones
2679 5205 2969 5252 contextus
2990 5198 3132 5254 sacri
3163 5216 3177 5253 :
3207 5200 3345 5256 sicut
3380 5199 3515 5257 illud

1916 5285 2140 5342 Joannis
2170 5287 2429 5359 Baptista:
2471 5288 2540 5344 ad
2589 5288 2807 5345 Judasos
2833 5304 2847 5343 :
2877 5287 2949 5343 Et
2976 5291 3132 5346 nolite
3160 5293 3332 5348 dicere
3369 5293 3512 5349 intra

1912 5395 2022 5445 vos,
2056 5379 2265 5436 Patrem
2291 5381 2537 5437 habemus
2566 5380 2849 5452 Abraham,
2883 5383 3170 5443 obscurius
3191 5387 3428 5457 positum
3458 5387 3516 5446 in

1913 5473 2137 5546 Vulgata
2187 5475 2478 5545 hodierna,
2523 5485 2579 5532 et
2616 5477 2673 5534 in
2713 5478 2903 5536 codice
2963 5481 3278 5539 Corbeiensi
3312 5484 3518 5541 veteris

1914 5569 2305 5637 translationis,
2330 5571 2623 5630 manifeste
2641 5573 2945 5632 declaravit
2964 5577 3181 5635 varians
3199 5578 3365 5635 lectio
3380 5579 3519 5636 San-

1910 5663 2296 5721 Germanensis
2324 5669 2652 5740 exemplaris
2690 5689 2703 5726 :
2736 5669 2804 5726 Et
2820 5672 2979 5728 nolite
3007 5677 3253 5747 praferre
3272 5693 3361 5733 vos
3383 5719 3399 5745 ,
3429 5677 3517 5733 di-

1914 5767 2101 5823 centes,
2133 5756 2343 5814 Patrem
2367 5761 2610 5819 habemus
2637 5765 2918 5819 Abraham.
2951 5766 3159 5824 Sensus
3185 5768 3369 5840 itaque
3435 5770 3520 5826 in-

1915 5852 2193 5924 crepantis
2220 5853 2460 5926 liquidus
2491 5866 2595 5927 est,
2622 5872 2747 5916 cum
2788 5858 3011 5931 dicitur,
3058 5860 3218 5920 nolite
3270 5863 3521 5941 μηνίσω
