  <div class='ocr_page' id='page_1' title='image "/cluster/home/n/w/nwhite01/storage/ocr_20150623/12/hvd.32044015471980/039.png"; bbox 0 0 3976 6338; ppageno 0'>
   <div class='ocr_carea' id='block_1_1' title="bbox 447 299 3771 368">
    <p class='ocr_par' dir='ltr' id='par_1_1' title="bbox 447 299 3771 368">
     <span class='ocr_line' id='line_1_1' title="bbox 447 299 3771 368; baseline -0.001 -7"><span class='ocrx_word' id='word_1_1' title='bbox 447 300 520 362; x_wconf 77' lang='lat'><strong>67</strong></span> <span class='ocrx_word' id='word_1_2' title='bbox 1821 299 2361 363; x_wconf 65' lang='lat' dir='ltr'><strong>PBDLMBNA.</strong></span> <span class='ocrx_word' id='word_1_3' title='bbox 2718 332 2723 339; x_wconf 68' lang='grc' dir='ltr'><strong>ο</strong></span> <span class='ocrx_word' id='word_1_4' title='bbox 3696 312 3771 368; x_wconf 71' lang='grc' dir='ltr'><strong>ω</strong></span> 
     </span>
    </p>
   </div>
   <div class='ocr_carea' id='block_1_2' title="bbox 445 413 3767 490">
    <p class='ocr_par' dir='ltr' id='par_1_2' title="bbox 445 413 3767 490">
     <span class='ocr_line' id='line_1_2' title="bbox 445 413 3767 490; baseline 0.001 -17"><span class='ocrx_word' id='word_1_5' title='bbox 445 433 535 473; x_wconf 79' lang='lat' dir='ltr'><strong>vos</strong></span> <span class='ocrx_word' id='word_1_6' title='bbox 562 424 576 473; x_wconf 68' lang='grc' dir='ltr'><strong><em>ε</em></strong></span> <span class='ocrx_word' id='word_1_7' title='bbox 613 433 739 476; x_wconf 89' lang='lat' dir='ltr'><strong>nam</strong></span> <span class='ocrx_word' id='word_1_8' title='bbox 762 418 908 476; x_wconf 82' lang='lat' dir='ltr'><strong>illam</strong></span> <span class='ocrx_word' id='word_1_9' title='bbox 941 416 1145 475; x_wconf 72' lang='lat' dir='ltr'><strong>tanaim</strong></span> <span class='ocrx_word' id='word_1_10' title='bbox 1184 415 1547 490; x_wconf 75' lang='lat' dir='ltr'><strong>arrogantiam</strong></span> <span class='ocrx_word' id='word_1_11' title='bbox 1588 413 1902 472; x_wconf 77' lang='lat' dir='ltr'><strong>Judteorum</strong></span> <span class='ocrx_word' id='word_1_12' title='bbox 1951 430 2041 470; x_wconf 48' lang='lat' dir='ltr'><strong>re.</strong></span> <span class='ocrx_word' id='word_1_13' title='bbox 2070 421 2121 478; x_wconf 77' lang='grc' dir='ltr'><strong>Α</strong></span> <span class='ocrx_word' id='word_1_14' title='bbox 2146 414 2410 488; x_wconf 79' lang='lat' dir='ltr'><strong>mysterio</strong></span> <span class='ocrx_word' id='word_1_15' title='bbox 2432 414 2593 471; x_wconf 86' lang='lat' dir='ltr'><strong>lixam</strong></span> <span class='ocrx_word' id='word_1_16' title='bbox 2622 421 2907 489; x_wconf 79' lang='lat' dir='ltr'><strong>ratamque</strong></span> <span class='ocrx_word' id='word_1_17' title='bbox 2928 414 3183 473; x_wconf 82' lang='lat' dir='ltr'><strong>habuisse</strong></span> <span class='ocrx_word' id='word_1_18' title='bbox 3200 418 3455 489; x_wconf 84' lang='lat' dir='ltr'><strong>antiquos</strong></span> <span class='ocrx_word' id='word_1_19' title='bbox 3477 418 3679 476; x_wconf 84' lang='lat' dir='ltr'><strong>Patres</strong></span> <span class='ocrx_word' id='word_1_20' title='bbox 3699 436 3767 476; x_wconf 87' lang='lat' dir='ltr'><strong>ac</strong></span> 
     </span>
    </p>
   </div>
   <div class='ocr_carea' id='block_1_3' title="bbox 446 505 2045 580">
    <p class='ocr_par' dir='ltr' id='par_1_3' title="bbox 446 505 2045 580">
     <span class='ocr_line' id='line_1_3' title="bbox 446 505 2045 580; baseline -0.002 -16"><span class='ocrx_word' id='word_1_21' title='bbox 446 510 630 565; x_wconf 86' lang='lat' dir='ltr'><strong>tundit</strong></span> <span class='ocrx_word' id='word_1_22' title='bbox 662 508 933 578; x_wconf 79' lang='lat' dir='ltr'><strong>Joannes,</strong></span> <span class='ocrx_word' id='word_1_23' title='bbox 981 511 1290 580; x_wconf 82' lang='lat' dir='ltr'><strong>neutiquam</strong></span> <span class='ocrx_word' id='word_1_24' title='bbox 1326 523 1500 580; x_wconf 82' lang='lat' dir='ltr'><strong>genus</strong></span> <span class='ocrx_word' id='word_1_25' title='bbox 1527 522 1596 563; x_wconf 90' lang='lat' dir='ltr'><strong>ex</strong></span> <span class='ocrx_word' id='word_1_26' title='bbox 1644 506 1914 563; x_wconf 77' lang='lat' dir='ltr'><strong>Abraham</strong></span> <span class='ocrx_word' id='word_1_27' title='bbox 1946 505 2045 562; x_wconf 50' lang='lat' dir='ltr'><strong>ded</strong></span> 
     </span>
    </p>
   </div>
   <div class='ocr_carea' id='block_1_4' title="bbox 448 599 2048 675">
    <p class='ocr_par' dir='ltr' id='par_1_4' title="bbox 448 599 2048 675">
     <span class='ocr_line' id='line_1_4' title="bbox 448 599 2048 675; baseline -0.003 -17"><span class='ocrx_word' id='word_1_28' title='bbox 448 601 669 658; x_wconf 86' lang='lat' dir='ltr'><strong>ductum</strong></span> <span class='ocrx_word' id='word_1_29' title='bbox 698 604 1033 675; x_wconf 74' lang='lat' dir='ltr'><strong>vituperans.</strong></span> <span class='ocrx_word' id='word_1_30' title='bbox 1061 601 1323 657; x_wconf 77' lang='lat' dir='ltr'><strong>Eamdem</strong></span> <span class='ocrx_word' id='word_1_31' title='bbox 1357 600 1514 656; x_wconf 85' lang='lat' dir='ltr'><strong>ali&#39;ert</strong></span> <span class='ocrx_word' id='word_1_32' title='bbox 1556 600 1732 656; x_wconf 91' lang='lat' dir='ltr'><strong>lucem</strong></span> <span class='ocrx_word' id='word_1_33' title='bbox 1769 599 1893 654; x_wconf 86' lang='lat' dir='ltr'><strong>huic</strong></span> <span class='ocrx_word' id='word_1_34' title='bbox 1917 614 2048 654; x_wconf 87' lang='lat' dir='ltr'><strong>sen-</strong></span> 
     </span>
    </p>
   </div>
   <div class='ocr_carea' id='block_1_5' title="bbox 450 695 2047 767">
    <p class='ocr_par' dir='ltr' id='par_1_5' title="bbox 450 695 2047 767">
     <span class='ocr_line' id='line_1_5' title="bbox 450 695 2047 767; baseline -0.006 -10"><span class='ocrx_word' id='word_1_35' title='bbox 450 703 635 757; x_wconf 78' lang='lat' dir='ltr'><strong>tentia:</strong></span> <span class='ocrx_word' id='word_1_36' title='bbox 663 699 894 757; x_wconf 74' lang='lat' dir='ltr'><strong>Blatthatl</strong></span> <span class='ocrx_word' id='word_1_37' title='bbox 923 699 1108 755; x_wconf 86' lang='lat' dir='ltr'><strong>:Beati</strong></span> <span class='ocrx_word' id='word_1_38' title='bbox 1140 698 1517 760; x_wconf 79' lang='lat' dir='ltr'><strong>misericordes,</strong></span> <span class='ocrx_word' id='word_1_39' title='bbox 1549 696 1794 766; x_wconf 78' lang='lat' dir='ltr'><strong>quoniam</strong></span> <span class='ocrx_word' id='word_1_40' title='bbox 1818 696 1919 767; x_wconf 78' lang='lat' dir='ltr'><strong>ipsi</strong></span> <span class='ocrx_word' id='word_1_41' title='bbox 1946 695 2047 748; x_wconf 80' lang='lat' dir='ltr'><strong>ini-</strong></span> 
     </span>
    </p>
   </div>
   <div class='ocr_carea' id='block_1_6' title="bbox 449 789 2045 862">
    <p class='ocr_par' dir='ltr' id='par_1_6' title="bbox 449 789 2045 862">
     <span class='ocr_line' id='line_1_6' title="bbox 449 789 2045 862; baseline -0.005 -12"><span class='ocrx_word' id='word_1_42' title='bbox 449 797 779 850; x_wconf 78' lang='lat' dir='ltr'><strong>sericordiam</strong></span> <span class='ocrx_word' id='word_1_43' title='bbox 805 805 1199 862; x_wconf 78' lang='lat' dir='ltr'><strong>consequentur,</strong></span> <span class='ocrx_word' id='word_1_44' title='bbox 1246 792 1418 849; x_wconf 83' lang='lat' dir='ltr'><strong>cddex</strong></span> <span class='ocrx_word' id='word_1_45' title='bbox 1466 789 2045 853; x_wconf 79' lang='lat' dir='ltr'><strong>San-Germanensis;</strong></span> 
     </span>
    </p>
   </div>
   <div class='ocr_carea' id='block_1_7' title="bbox 449 882 2053 960">
    <p class='ocr_par' dir='ltr' id='par_1_7' title="bbox 449 882 2053 960">
     <span class='ocr_line' id='line_1_7' title="bbox 449 882 2053 960; baseline -0.006 -15"><span class='ocrx_word' id='word_1_46' title='bbox 449 889 542 945; x_wconf 87' lang='lat' dir='ltr'><strong>ubi</strong></span> <span class='ocrx_word' id='word_1_47' title='bbox 566 890 788 960; x_wconf 76' lang='lat' dir='ltr'><strong>legimus</strong></span> <span class='ocrx_word' id='word_1_48' title='bbox 813 904 826 941; x_wconf 88' lang='lat'><strong>:</strong></span> <span class='ocrx_word' id='word_1_49' title='bbox 853 887 1001 943; x_wconf 76' lang='lat' dir='ltr'><strong>Beati</strong></span> <span class='ocrx_word' id='word_1_50' title='bbox 1030 886 1407 952; x_wconf 65' lang='lat' dir='ltr'><strong>misericordes,</strong></span> <span class='ocrx_word' id='word_1_51' title='bbox 1425 886 1667 956; x_wconf 74' lang='lat' dir='ltr'><strong>quoniam</strong></span> <span class='ocrx_word' id='word_1_52' title='bbox 1692 884 1820 956; x_wconf 80' lang='lat' dir='ltr'><strong>ipsis</strong></span> <span class='ocrx_word' id='word_1_53' title='bbox 1841 882 2053 937; x_wconf 72' lang='lat' dir='ltr'><strong>misere-</strong></span> 
     </span>
    </p>
   </div>
   <div class='ocr_carea' id='block_1_8' title="bbox 446 974 2051 1050">
    <p class='ocr_par' dir='ltr' id='par_1_8' title="bbox 446 974 2051 1050">
     <span class='ocr_line' id='line_1_8' title="bbox 446 974 2051 1050; baseline -0.002 -15"><span class='ocrx_word' id='word_1_54' title='bbox 446 980 582 1035; x_wconf 73' lang='lat' dir='ltr'><strong>bitur</strong></span> <span class='ocrx_word' id='word_1_55' title='bbox 608 981 768 1038; x_wconf 78' lang='lat' dir='ltr'><strong>Deus.</strong></span> <span class='ocrx_word' id='word_1_56' title='bbox 803 982 990 1037; x_wconf 73' lang='lat' dir='ltr'><strong>Potest</strong></span> <span class='ocrx_word' id='word_1_57' title='bbox 1018 982 1166 1037; x_wconf 89' lang='lat' dir='ltr'><strong>enim</strong></span> <span class='ocrx_word' id='word_1_58' title='bbox 1205 980 1326 1049; x_wconf 86' lang='lat' dir='ltr'><strong>quis</strong></span> <span class='ocrx_word' id='word_1_59' title='bbox 1349 978 1593 1050; x_wconf 65' lang='lat' dir='ltr'><strong>Vulgata:</strong></span> <span class='ocrx_word' id='word_1_60' title='bbox 1638 974 1862 1033; x_wconf 75' lang='lat' dir='ltr'><strong>lectioni</strong></span> <span class='ocrx_word' id='word_1_61' title='bbox 1907 976 2051 1031; x_wconf 88' lang='lat' dir='ltr'><strong>hunc</strong></span> 
     </span>
    </p>
   </div>
   <div class='ocr_carea' id='block_1_9' title="bbox 440 1069 2050 1145">
    <p class='ocr_par' dir='ltr' id='par_1_9' title="bbox 440 1069 2050 1145">
     <span class='ocr_line' id='line_1_9' title="bbox 440 1069 2050 1145; baseline -0.004 -14"><span class='ocrx_word' id='word_1_62' title='bbox 440 1076 680 1131; x_wconf 85' lang='lat' dir='ltr'><strong>tribucre</strong></span> <span class='ocrx_word' id='word_1_63' title='bbox 704 1075 1046 1131; x_wconf 84' lang='lat' dir='ltr'><strong>intellectum</strong></span> <span class='ocrx_word' id='word_1_64' title='bbox 1068 1115 1083 1142; x_wconf 91' lang='lat'><strong>,</strong></span> <span class='ocrx_word' id='word_1_65' title='bbox 1114 1078 1172 1130; x_wconf 85' lang='lat' dir='ltr'><strong>ut</strong></span> <span class='ocrx_word' id='word_1_66' title='bbox 1197 1076 1287 1145; x_wconf 87' lang='lat' dir='ltr'><strong>qui</strong></span> <span class='ocrx_word' id='word_1_67' title='bbox 1328 1073 1610 1129; x_wconf 85' lang='lat' dir='ltr'><strong>hominum</strong></span> <span class='ocrx_word' id='word_1_68' title='bbox 1653 1071 1741 1128; x_wconf 85' lang='lat' dir='ltr'><strong>sui</strong></span> <span class='ocrx_word' id='word_1_69' title='bbox 1789 1069 2050 1127; x_wconf 85' lang='lat' dir='ltr'><strong>similium</strong></span> 
     </span>
    </p>
   </div>
   <div class='ocr_carea' id='block_1_10' title="bbox 445 1165 2052 1241">
    <p class='ocr_par' dir='ltr' id='par_1_10' title="bbox 445 1165 2052 1241">
     <span class='ocr_line' id='line_1_10' title="bbox 445 1165 2052 1241; baseline -0.006 -15"><span class='ocrx_word' id='word_1_70' title='bbox 445 1170 695 1227; x_wconf 83' lang='lat' dir='ltr'><strong>laborum</strong></span> <span class='ocrx_word' id='word_1_71' title='bbox 746 1172 1078 1238; x_wconf 74' lang='lat' dir='ltr'><strong>miseretur,</strong></span> <span class='ocrx_word' id='word_1_72' title='bbox 1123 1169 1243 1241; x_wconf 85' lang='lat' dir='ltr'><strong>ejus</strong></span> <span class='ocrx_word' id='word_1_73' title='bbox 1290 1176 1506 1239; x_wconf 78' lang='lat' dir='ltr'><strong>quoque</strong></span> <span class='ocrx_word' id='word_1_74' title='bbox 1556 1167 1609 1223; x_wconf 85' lang='lat' dir='ltr'><strong>in</strong></span> <span class='ocrx_word' id='word_1_75' title='bbox 1664 1165 1941 1222; x_wconf 83' lang='lat' dir='ltr'><strong>laboribus</strong></span> <span class='ocrx_word' id='word_1_76' title='bbox 1996 1171 2052 1217; x_wconf 87' lang='lat' dir='ltr'><strong>et</strong></span> 
     </span>
    </p>
   </div>
   <div class='ocr_carea' id='block_1_11' title="bbox 445 1257 2047 1321">
    <p class='ocr_par' dir='ltr' id='par_1_11' title="bbox 445 1257 2047 1321">
     <span class='ocr_line' id='line_1_11' title="bbox 445 1257 2047 1321; baseline -0.006 0"><span class='ocrx_word' id='word_1_77' title='bbox 445 1264 705 1321; x_wconf 63' lang='lat' dir='ltr'><strong>aerumnis</strong></span> <span class='ocrx_word' id='word_1_78' title='bbox 768 1264 1047 1320; x_wconf 85' lang='lat' dir='ltr'><strong>constituti</strong></span> <span class='ocrx_word' id='word_1_79' title='bbox 1103 1264 1465 1319; x_wconf 75' lang='lat' dir='ltr'><strong>misereantur</strong></span> <span class='ocrx_word' id='word_1_80' title='bbox 1527 1261 1714 1317; x_wconf 74' lang='lat' dir='ltr'><strong>cteterl</strong></span> <span class='ocrx_word' id='word_1_81' title='bbox 1775 1257 2047 1315; x_wconf 83' lang='lat' dir='ltr'><strong>homines.</strong></span> 
     </span>
    </p>
   </div>
   <div class='ocr_carea' id='block_1_12' title="bbox 446 1350 2050 1430">
    <p class='ocr_par' dir='ltr' id='par_1_12' title="bbox 446 1350 2050 1430">
     <span class='ocr_line' id='line_1_12' title="bbox 446 1350 2050 1430; baseline -0.007 -14"><span class='ocrx_word' id='word_1_82' title='bbox 446 1359 556 1416; x_wconf 84' lang='lat' dir='ltr'><strong>Sed</strong></span> <span class='ocrx_word' id='word_1_83' title='bbox 577 1358 720 1413; x_wconf 88' lang='lat' dir='ltr'><strong>alius</strong></span> <span class='ocrx_word' id='word_1_84' title='bbox 746 1359 1019 1430; x_wconf 85' lang='lat' dir='ltr'><strong>interpres</strong></span> <span class='ocrx_word' id='word_1_85' title='bbox 1049 1357 1211 1413; x_wconf 81' lang='lat' dir='ltr'><strong>docet</strong></span> <span class='ocrx_word' id='word_1_86' title='bbox 1241 1356 1649 1413; x_wconf 85' lang='lat' dir='ltr'><strong>misericordem</strong></span> <span class='ocrx_word' id='word_1_87' title='bbox 1680 1366 1951 1427; x_wconf 80' lang='lat' dir='ltr'><strong>quemque</strong></span> <span class='ocrx_word' id='word_1_88' title='bbox 1993 1350 2050 1406; x_wconf 88' lang='lat' dir='ltr'><strong>id</strong></span> 
     </span>
    </p>
   </div>
   <div class='ocr_carea' id='block_1_13' title="bbox 449 1446 2054 1522">
    <p class='ocr_par' dir='ltr' id='par_1_13' title="bbox 449 1446 2054 1522">
     <span class='ocr_line' id='line_1_13' title="bbox 449 1446 2054 1522; baseline -0.005 -13"><span class='ocrx_word' id='word_1_89' title='bbox 449 1464 517 1509; x_wconf 85' lang='lat' dir='ltr'><strong>ex</strong></span> <span class='ocrx_word' id='word_1_90' title='bbox 546 1454 642 1507; x_wconf 76' lang='lat' dir='ltr'><strong>sua</strong></span> <span class='ocrx_word' id='word_1_91' title='bbox 673 1451 1047 1507; x_wconf 86' lang='lat' dir='ltr'><strong>misericordia</strong></span> <span class='ocrx_word' id='word_1_92' title='bbox 1075 1459 1368 1522; x_wconf 83' lang='lat' dir='ltr'><strong>expectare</strong></span> <span class='ocrx_word' id='word_1_93' title='bbox 1386 1464 1545 1521; x_wconf 81' lang='lat' dir='ltr'><strong>posse</strong></span> <span class='ocrx_word' id='word_1_94' title='bbox 1566 1491 1582 1515; x_wconf 89' lang='lat'><strong>,</strong></span> <span class='ocrx_word' id='word_1_95' title='bbox 1612 1449 1759 1519; x_wconf 85' lang='lat' dir='ltr'><strong>quod</strong></span> <span class='ocrx_word' id='word_1_96' title='bbox 1791 1446 1909 1518; x_wconf 80' lang='lat' dir='ltr'><strong>ejus</strong></span> <span class='ocrx_word' id='word_1_97' title='bbox 1932 1447 2054 1501; x_wconf 87' lang='lat' dir='ltr'><strong>sine</strong></span> 
     </span>
    </p>
   </div>
   <div class='ocr_carea' id='block_1_14' title="bbox 447 1536 2055 1610">
    <p class='ocr_par' dir='ltr' id='par_1_14' title="bbox 447 1536 2055 1610">
     <span class='ocr_line' id='line_1_14' title="bbox 447 1536 2055 1610; baseline -0.002 -11"><span class='ocrx_word' id='word_1_98' title='bbox 447 1544 613 1600; x_wconf 89' lang='lat' dir='ltr'><strong>dubio</strong></span> <span class='ocrx_word' id='word_1_99' title='bbox 646 1544 789 1599; x_wconf 81' lang='lat' dir='ltr'><strong>Deus</strong></span> <span class='ocrx_word' id='word_1_100' title='bbox 821 1545 1041 1600; x_wconf 86' lang='lat' dir='ltr'><strong>tandem</strong></span> <span class='ocrx_word' id='word_1_101' title='bbox 1075 1544 1444 1599; x_wconf 82' lang='lat' dir='ltr'><strong>miserebitur.</strong></span> <span class='ocrx_word' id='word_1_102' title='bbox 1476 1536 1647 1599; x_wconf 81' lang='lat' dir='ltr'><strong>Obvia</strong></span> <span class='ocrx_word' id='word_1_103' title='bbox 1678 1550 1805 1597; x_wconf 91' lang='lat' dir='ltr'><strong>sunt</strong></span> <span class='ocrx_word' id='word_1_104' title='bbox 1858 1542 2055 1610; x_wconf 84' lang='lat' dir='ltr'><strong>cuique</strong></span> 
     </span>
    </p>
   </div>
   <div class='ocr_carea' id='block_1_15' title="bbox 452 1634 2055 1709">
    <p class='ocr_par' dir='ltr' id='par_1_15' title="bbox 452 1634 2055 1709">
     <span class='ocr_line' id='line_1_15' title="bbox 452 1634 2055 1709; baseline -0.004 -14"><span class='ocrx_word' id='word_1_105' title='bbox 452 1639 507 1695; x_wconf 90' lang='lat' dir='ltr'><strong>in</strong></span> <span class='ocrx_word' id='word_1_106' title='bbox 534 1646 738 1704; x_wconf 81' lang='lat' dir='ltr'><strong>nostra,</strong></span> <span class='ocrx_word' id='word_1_107' title='bbox 768 1637 1010 1694; x_wconf 73' lang='lat' dir='ltr'><strong>Matthati</strong></span> <span class='ocrx_word' id='word_1_108' title='bbox 1037 1639 1259 1708; x_wconf 87' lang='lat' dir='ltr'><strong>antiqua</strong></span> <span class='ocrx_word' id='word_1_109' title='bbox 1290 1638 1515 1709; x_wconf 83' lang='lat' dir='ltr'><strong>Vulgata</strong></span> <span class='ocrx_word' id='word_1_110' title='bbox 1541 1637 1801 1693; x_wconf 89' lang='lat' dir='ltr'><strong>similium</strong></span> <span class='ocrx_word' id='word_1_111' title='bbox 1837 1634 2055 1691; x_wconf 84' lang='lat' dir='ltr'><strong>varian-</strong></span> 
     </span>
    </p>
   </div>
   <div class='ocr_carea' id='block_1_16' title="bbox 454 1729 2055 1803">
    <p class='ocr_par' dir='ltr' id='par_1_16' title="bbox 454 1729 2055 1803">
     <span class='ocr_line' id='line_1_16' title="bbox 454 1729 2055 1803; baseline -0.004 -14"><span class='ocrx_word' id='word_1_112' title='bbox 454 1734 587 1790; x_wconf 88' lang='lat' dir='ltr'><strong>tium</strong></span> <span class='ocrx_word' id='word_1_113' title='bbox 624 1732 918 1789; x_wconf 88' lang='lat' dir='ltr'><strong>lectionum</strong></span> <span class='ocrx_word' id='word_1_114' title='bbox 949 1734 1198 1803; x_wconf 84' lang='lat' dir='ltr'><strong>exempla</strong></span> <span class='ocrx_word' id='word_1_115' title='bbox 1242 1733 1524 1788; x_wconf 88' lang='lat' dir='ltr'><strong>innumera</strong></span> <span class='ocrx_word' id='word_1_116' title='bbox 1559 1748 1573 1786; x_wconf 70' lang='grc' dir='ltr'><em>ε</em></span> <span class='ocrx_word' id='word_1_117' title='bbox 1623 1743 1794 1803; x_wconf 79' lang='lat' dir='ltr'><strong>quare</strong></span> <span class='ocrx_word' id='word_1_118' title='bbox 1845 1729 2055 1786; x_wconf 83' lang='lat' dir='ltr'><strong>nullum</strong></span> 
     </span>
    </p>
   </div>
   <div class='ocr_carea' id='block_1_17' title="bbox 455 1825 1458 1895">
    <p class='ocr_par' dir='ltr' id='par_1_17' title="bbox 455 1825 1458 1895">
     <span class='ocr_line' id='line_1_17' title="bbox 455 1825 1458 1895; baseline 0.002 -16"><span class='ocrx_word' id='word_1_119' title='bbox 455 1825 600 1881; x_wconf 85' lang='lat' dir='ltr'><strong>aliud</strong></span> <span class='ocrx_word' id='word_1_120' title='bbox 631 1826 1096 1895; x_wconf 63' lang='lat' dir='ltr'><strong>inpraesentiarum</strong></span> <span class='ocrx_word' id='word_1_121' title='bbox 1120 1825 1458 1894; x_wconf 82' lang='lat' dir='ltr'><strong>adjiclemus.</strong></span> 
     </span>
    </p>
   </div>
   <div class='ocr_carea' id='block_1_18' title="bbox 527 1916 2059 1989">
    <p class='ocr_par' dir='ltr' id='par_1_18' title="bbox 527 1916 2059 1989">
     <span class='ocr_line' id='line_1_18' title="bbox 527 1916 2059 1989; baseline -0.001 -17"><span class='ocrx_word' id='word_1_122' title='bbox 527 1916 754 1972; x_wconf 76' lang='lat' dir='ltr'><strong>Multum</strong></span> <span class='ocrx_word' id='word_1_123' title='bbox 780 1918 944 1972; x_wconf 89' lang='lat' dir='ltr'><strong>etiam</strong></span> <span class='ocrx_word' id='word_1_124' title='bbox 970 1918 1123 1989; x_wconf 77' lang='lat' dir='ltr'><strong>iuvat</strong></span> <span class='ocrx_word' id='word_1_125' title='bbox 1158 1919 1328 1974; x_wconf 84' lang='lat' dir='ltr'><strong>editio</strong></span> <span class='ocrx_word' id='word_1_126' title='bbox 1368 1928 1551 1974; x_wconf 88' lang='lat' dir='ltr'><strong>nostra</strong></span> <span class='ocrx_word' id='word_1_127' title='bbox 1589 1918 1655 1973; x_wconf 87' lang='lat' dir='ltr'><strong>ad</strong></span> <span class='ocrx_word' id='word_1_128' title='bbox 1686 1916 2059 1974; x_wconf 84' lang='lat' dir='ltr'><strong>confirmanda</strong></span> 
     </span>
    </p>
   </div>
   <div class='ocr_carea' id='block_1_19' title="bbox 456 2009 2062 2083">
    <p class='ocr_par' dir='ltr' id='par_1_19' title="bbox 456 2009 2062 2083">
     <span class='ocr_line' id='line_1_19' title="bbox 456 2009 2062 2083; baseline -0.001 -18"><span class='ocrx_word' id='word_1_129' title='bbox 456 2009 680 2065; x_wconf 81' lang='lat' dir='ltr'><strong>recitata</strong></span> <span class='ocrx_word' id='word_1_130' title='bbox 709 2026 761 2067; x_wconf 89' lang='lat' dir='ltr'><strong>a.</strong></span> <span class='ocrx_word' id='word_1_131' title='bbox 795 2010 892 2067; x_wconf 89' lang='lat' dir='ltr'><strong>SS.</strong></span> <span class='ocrx_word' id='word_1_132' title='bbox 929 2012 1176 2068; x_wconf 87' lang='lat' dir='ltr'><strong>Patribus</strong></span> <span class='ocrx_word' id='word_1_133' title='bbox 1215 2012 1514 2083; x_wconf 73' lang='lat' dir='ltr'><strong>Scriptura:</strong></span> <span class='ocrx_word' id='word_1_134' title='bbox 1551 2012 1860 2068; x_wconf 85' lang='lat' dir='ltr'><strong>testimonia</strong></span> <span class='ocrx_word' id='word_1_135' title='bbox 1885 2053 1900 2079; x_wconf 92' lang='lat'><strong>,</strong></span> <span class='ocrx_word' id='word_1_136' title='bbox 1939 2018 2062 2081; x_wconf 68' lang='lat' dir='ltr'><strong>quas</strong></span> 
     </span>
    </p>
   </div>
   <div class='ocr_carea' id='block_1_20' title="bbox 456 2104 2063 2177">
    <p class='ocr_par' dir='ltr' id='par_1_20' title="bbox 456 2104 2063 2177">
     <span class='ocr_line' id='line_1_20' title="bbox 456 2104 2063 2177; baseline -0.001 -17"><span class='ocrx_word' id='word_1_137' title='bbox 456 2104 656 2177; x_wconf 67' lang='lat' dir='ltr'><strong>saepius</strong></span> <span class='ocrx_word' id='word_1_138' title='bbox 677 2105 868 2160; x_wconf 88' lang='lat' dir='ltr'><strong>vitiosa</strong></span> <span class='ocrx_word' id='word_1_139' title='bbox 896 2105 1063 2162; x_wconf 77' lang='lat' dir='ltr'><strong>fuisse</strong></span> <span class='ocrx_word' id='word_1_140' title='bbox 1089 2108 1473 2162; x_wconf 88' lang='lat' dir='ltr'><strong>nonnullorum</strong></span> <span class='ocrx_word' id='word_1_141' title='bbox 1497 2107 1810 2162; x_wconf 90' lang='lat' dir='ltr'><strong>criticorum</strong></span> <span class='ocrx_word' id='word_1_142' title='bbox 1842 2120 2063 2176; x_wconf 86' lang='lat' dir='ltr'><strong>perver-</strong></span> 
     </span>
    </p>
   </div>
   <div class='ocr_carea' id='block_1_21' title="bbox 458 2199 2059 2267">
    <p class='ocr_par' dir='ltr' id='par_1_21' title="bbox 458 2199 2059 2267">
     <span class='ocr_line' id='line_1_21' title="bbox 458 2199 2059 2267; baseline 0.001 -15"><span class='ocrx_word' id='word_1_143' title='bbox 458 2212 516 2253; x_wconf 88' lang='lat' dir='ltr'><strong>sa</strong></span> <span class='ocrx_word' id='word_1_144' title='bbox 538 2199 737 2254; x_wconf 81' lang='lat' dir='ltr'><strong>asserit</strong></span> <span class='ocrx_word' id='word_1_145' title='bbox 764 2201 1067 2255; x_wconf 88' lang='lat' dir='ltr'><strong>contentio.</strong></span> <span class='ocrx_word' id='word_1_146' title='bbox 1102 2201 1263 2257; x_wconf 87' lang='lat' dir='ltr'><strong>Tales</strong></span> <span class='ocrx_word' id='word_1_147' title='bbox 1291 2202 1475 2256; x_wconf 84' lang='lat' dir='ltr'><strong>audivi</strong></span> <span class='ocrx_word' id='word_1_148' title='bbox 1517 2200 1782 2267; x_wconf 88' lang='lat' dir='ltr'><strong>dicentes,</strong></span> <span class='ocrx_word' id='word_1_149' title='bbox 1816 2199 2059 2254; x_wconf 81' lang='lat' dir='ltr'><strong>incurio-</strong></span> 
     </span>
    </p>
   </div>
   <div class='ocr_carea' id='block_1_22' title="bbox 457 2291 2062 2363">
    <p class='ocr_par' dir='ltr' id='par_1_22' title="bbox 457 2291 2062 2363">
     <span class='ocr_line' id='line_1_22' title="bbox 457 2291 2062 2363; baseline 0.001 -18"><span class='ocrx_word' id='word_1_150' title='bbox 457 2302 549 2346; x_wconf 87' lang='lat' dir='ltr'><strong>sos</strong></span> <span class='ocrx_word' id='word_1_151' title='bbox 576 2300 697 2347; x_wconf 86' lang='lat' dir='ltr'><strong>esse</strong></span> <span class='ocrx_word' id='word_1_152' title='bbox 730 2293 936 2362; x_wconf 87' lang='lat' dir='ltr'><strong>priscos</strong></span> <span class='ocrx_word' id='word_1_153' title='bbox 965 2292 1218 2349; x_wconf 81' lang='lat' dir='ltr'><strong>doctores</strong></span> <span class='ocrx_word' id='word_1_154' title='bbox 1253 2291 1653 2349; x_wconf 84' lang='lat' dir='ltr'><strong>ecclesiasticos</strong></span> <span class='ocrx_word' id='word_1_155' title='bbox 1678 2334 1694 2361; x_wconf 92' lang='lat'><strong>,</strong></span> <span class='ocrx_word' id='word_1_156' title='bbox 1741 2294 1929 2363; x_wconf 78' lang='lat' dir='ltr'><strong>utpote</strong></span> <span class='ocrx_word' id='word_1_157' title='bbox 1969 2291 2062 2363; x_wconf 89' lang='lat' dir='ltr'><strong>qui</strong></span> 
     </span>
    </p>
   </div>
   <div class='ocr_carea' id='block_1_23' title="bbox 459 2380 2060 2458">
    <p class='ocr_par' dir='ltr' id='par_1_23' title="bbox 459 2380 2060 2458">
     <span class='ocr_line' id='line_1_23' title="bbox 459 2380 2060 2458; baseline 0.001 -17"><span class='ocrx_word' id='word_1_158' title='bbox 459 2386 775 2442; x_wconf 79' lang='lat' dir='ltr'><strong>memoriter</strong></span> <span class='ocrx_word' id='word_1_159' title='bbox 806 2385 1213 2458; x_wconf 86' lang='lat' dir='ltr'><strong>Scripturarum</strong></span> <span class='ocrx_word' id='word_1_160' title='bbox 1244 2386 1409 2444; x_wconf 77' lang='lat' dir='ltr'><strong>verba</strong></span> <span class='ocrx_word' id='word_1_161' title='bbox 1440 2389 1763 2458; x_wconf 72' lang='lat' dir='ltr'><strong>recitantes,</strong></span> <span class='ocrx_word' id='word_1_162' title='bbox 1799 2392 1942 2442; x_wconf 81' lang='lat' dir='ltr'><strong>itu&#39;nc</strong></span> <span class='ocrx_word' id='word_1_163' title='bbox 1964 2380 2060 2442; x_wconf 86' lang='lat' dir='ltr'><strong>ad-</strong></span> 
     </span>
    </p>
   </div>
   <div class='ocr_carea' id='block_1_24' title="bbox 384 2476 2065 2552">
    <p class='ocr_par' dir='ltr' id='par_1_24' title="bbox 384 2476 2065 2552">
     <span class='ocr_line' id='line_1_24' title="bbox 384 2476 2065 2552; baseline -0.001 -17"><span class='ocrx_word' id='word_1_164' title='bbox 384 2498 387 2501; x_wconf 94' lang='grc'>·</span> <span class='ocrx_word' id='word_1_165' title='bbox 456 2477 608 2546; x_wconf 85' lang='lat' dir='ltr'><strong>dant,</strong></span> <span class='ocrx_word' id='word_1_166' title='bbox 634 2494 777 2536; x_wconf 85' lang='lat' dir='ltr'><strong>nunc</strong></span> <span class='ocrx_word' id='word_1_167' title='bbox 798 2479 1070 2546; x_wconf 81' lang='lat' dir='ltr'><strong>auferant.</strong></span> <span class='ocrx_word' id='word_1_168' title='bbox 1102 2494 1245 2538; x_wconf 89' lang='lat' dir='ltr'><strong>nunc</strong></span> <span class='ocrx_word' id='word_1_169' title='bbox 1273 2476 1519 2538; x_wconf 83' lang='lat' dir='ltr'><strong>ordinem</strong></span> <span class='ocrx_word' id='word_1_170' title='bbox 1550 2488 1865 2552; x_wconf 84' lang='lat' dir='ltr'><strong>perversum</strong></span> <span class='ocrx_word' id='word_1_171' title='bbox 1905 2478 1959 2534; x_wconf 90' lang='lat' dir='ltr'><strong>in</strong></span> <span class='ocrx_word' id='word_1_172' title='bbox 1982 2478 2065 2534; x_wconf 82' lang='lat' dir='ltr'><strong>eis</strong></span> 
     </span>
    </p>
   </div>
   <div class='ocr_carea' id='block_1_25' title="bbox 455 2572 2064 2645">
    <p class='ocr_par' dir='ltr' id='par_1_25' title="bbox 455 2572 2064 2645">
     <span class='ocr_line' id='line_1_25' title="bbox 455 2572 2064 2645; baseline 0 -17"><span class='ocrx_word' id='word_1_173' title='bbox 455 2583 776 2643; x_wconf 84' lang='lat' dir='ltr'><strong>sequantur.</strong></span> <span class='ocrx_word' id='word_1_174' title='bbox 819 2574 984 2643; x_wconf 79' lang='lat' dir='ltr'><strong>Quasi</strong></span> <span class='ocrx_word' id='word_1_175' title='bbox 1037 2574 1173 2629; x_wconf 88' lang='lat' dir='ltr'><strong>nihil</strong></span> <span class='ocrx_word' id='word_1_176' title='bbox 1219 2576 1459 2645; x_wconf 81' lang='lat' dir='ltr'><strong>ipsorum</strong></span> <span class='ocrx_word' id='word_1_177' title='bbox 1526 2577 1816 2630; x_wconf 88' lang='lat' dir='ltr'><strong>interesset</strong></span> <span class='ocrx_word' id='word_1_178' title='bbox 1866 2572 2064 2644; x_wconf 86' lang='lat' dir='ltr'><strong>quibus</strong></span> 
     </span>
    </p>
   </div>
   <div class='ocr_carea' id='block_1_26' title="bbox 458 2669 2058 2740">
    <p class='ocr_par' dir='ltr' id='par_1_26' title="bbox 458 2669 2058 2740">
     <span class='ocr_line' id='line_1_26' title="bbox 458 2669 2058 2740; baseline 0.001 -18"><span class='ocrx_word' id='word_1_179' title='bbox 458 2669 642 2725; x_wconf 82' lang='lat' dir='ltr'><strong>verbis</strong></span> <span class='ocrx_word' id='word_1_180' title='bbox 667 2669 1045 2739; x_wconf 73' lang='lat' dir='ltr'><strong>proferrentur</strong></span> <span class='ocrx_word' id='word_1_181' title='bbox 1064 2672 1283 2725; x_wconf 67' lang='lat' dir='ltr'><strong>crapula</strong></span> <span class='ocrx_word' id='word_1_182' title='bbox 1314 2669 1539 2735; x_wconf 86' lang='lat' dir='ltr'><strong>Christi,</strong></span> <span class='ocrx_word' id='word_1_183' title='bbox 1564 2676 1619 2725; x_wconf 88' lang='lat' dir='ltr'><strong>et</strong></span> <span class='ocrx_word' id='word_1_184' title='bbox 1648 2669 2058 2740; x_wconf 80' lang='lat' dir='ltr'><strong>prOpbetarum,</strong></span> 
     </span>
    </p>
   </div>
   <div class='ocr_carea' id='block_1_27' title="bbox 456 2761 2056 2834">
    <p class='ocr_par' dir='ltr' id='par_1_27' title="bbox 456 2761 2056 2834">
     <span class='ocr_line' id='line_1_27' title="bbox 456 2761 2056 2834; baseline -0.003 -17"><span class='ocrx_word' id='word_1_185' title='bbox 456 2761 620 2817; x_wconf 88' lang='lat' dir='ltr'><strong>modo</strong></span> <span class='ocrx_word' id='word_1_186' title='bbox 642 2763 827 2817; x_wconf 86' lang='lat' dir='ltr'><strong>sensui</strong></span> <span class='ocrx_word' id='word_1_187' title='bbox 858 2770 914 2818; x_wconf 87' lang='lat' dir='ltr'><strong>et</strong></span> <span class='ocrx_word' id='word_1_188' title='bbox 937 2761 1315 2834; x_wconf 83' lang='lat' dir='ltr'><strong>intelligentiae</strong></span> <span class='ocrx_word' id='word_1_189' title='bbox 1360 2762 1608 2818; x_wconf 81' lang='lat' dir='ltr'><strong>recitatio</strong></span> <span class='ocrx_word' id='word_1_190' title='bbox 1645 2774 1754 2817; x_wconf 88' lang='lat' dir='ltr'><strong>non</strong></span> <span class='ocrx_word' id='word_1_191' title='bbox 1786 2762 2056 2816; x_wconf 87' lang='lat' dir='ltr'><strong>nocuerit.</strong></span> 
     </span>
    </p>
   </div>
   <div class='ocr_carea' id='block_1_28' title="bbox 454 2854 2060 2928">
    <p class='ocr_par' dir='ltr' id='par_1_28' title="bbox 454 2854 2060 2928">
     <span class='ocr_line' id='line_1_28' title="bbox 454 2854 2060 2928; baseline -0.004 -13"><span class='ocrx_word' id='word_1_192' title='bbox 454 2855 559 2915; x_wconf 75' lang='lat' dir='ltr'><strong>Sed</strong></span> <span class='ocrx_word' id='word_1_193' title='bbox 589 2857 891 2913; x_wconf 89' lang='lat' dir='ltr'><strong>istiusmodi</strong></span> <span class='ocrx_word' id='word_1_194' title='bbox 925 2856 1327 2928; x_wconf 73' lang='lat' dir='ltr'><strong>susliicionibus</strong></span> <span class='ocrx_word' id='word_1_195' title='bbox 1351 2857 1697 2914; x_wconf 81' lang='lat' dir='ltr'><strong>reciatnitant</strong></span> <span class='ocrx_word' id='word_1_196' title='bbox 1724 2854 2060 2925; x_wconf 79' lang='lat' dir='ltr'><strong>exemplaria</strong></span> 
     </span>
    </p>
   </div>
   <div class='ocr_carea' id='block_1_29' title="bbox 452 2948 2064 3020">
    <p class='ocr_par' dir='ltr' id='par_1_29' title="bbox 452 2948 2064 3020">
     <span class='ocr_line' id='line_1_29' title="bbox 452 2948 2064 3020; baseline -0.004 -13"><span class='ocrx_word' id='word_1_197' title='bbox 452 2950 656 3007; x_wconf 62' lang='lat' dir='ltr'><strong>italicae</strong></span> <span class='ocrx_word' id='word_1_198' title='bbox 680 2950 975 3018; x_wconf 87' lang='lat' dir='ltr'><strong>versionis,</strong></span> <span class='ocrx_word' id='word_1_199' title='bbox 1009 2965 1074 3006; x_wconf 87' lang='lat' dir='ltr'><strong>ac</strong></span> <span class='ocrx_word' id='word_1_200' title='bbox 1095 2952 1383 3020; x_wconf 87' lang='lat' dir='ltr'><strong>religiosos</strong></span> <span class='ocrx_word' id='word_1_201' title='bbox 1409 2950 1577 3005; x_wconf 82' lang='lat' dir='ltr'><strong>fuisse</strong></span> <span class='ocrx_word' id='word_1_202' title='bbox 1600 2950 1791 3004; x_wconf 86' lang='lat' dir='ltr'><strong>Patres</strong></span> <span class='ocrx_word' id='word_1_203' title='bbox 1816 2948 1871 3003; x_wconf 89' lang='lat' dir='ltr'><strong>in</strong></span> <span class='ocrx_word' id='word_1_204' title='bbox 1892 2949 2064 3010; x_wconf 79' lang='lat' dir='ltr'><strong>citan-</strong></span> 
     </span>
    </p>
   </div>
   <div class='ocr_carea' id='block_1_30' title="bbox 463 3037 2065 3114">
    <p class='ocr_par' dir='ltr' id='par_1_30' title="bbox 463 3037 2065 3114">
     <span class='ocr_line' id='line_1_30' title="bbox 463 3037 2065 3114; baseline -0.005 -14"><span class='ocrx_word' id='word_1_205' title='bbox 463 3044 550 3100; x_wconf 84' lang='lat' dir='ltr'><strong>dis</strong></span> <span class='ocrx_word' id='word_1_206' title='bbox 579 3043 775 3098; x_wconf 87' lang='lat' dir='ltr'><strong>divinis</strong></span> <span class='ocrx_word' id='word_1_207' title='bbox 805 3042 1104 3114; x_wconf 86' lang='lat' dir='ltr'><strong>Scripturis</strong></span> <span class='ocrx_word' id='word_1_208' title='bbox 1128 3044 1297 3112; x_wconf 83' lang='lat' dir='ltr'><strong>probe</strong></span> <span class='ocrx_word' id='word_1_209' title='bbox 1318 3042 1719 3097; x_wconf 84' lang='lat' dir='ltr'><strong>demonstrant.</strong></span> <span class='ocrx_word' id='word_1_210' title='bbox 1739 3037 1874 3094; x_wconf 89' lang='lat' dir='ltr'><strong>Cutn</strong></span> <span class='ocrx_word' id='word_1_211' title='bbox 1902 3038 2065 3109; x_wconf 89' lang='lat' dir='ltr'><strong>igitur</strong></span> 
     </span>
    </p>
   </div>
   <div class='ocr_carea' id='block_1_31' title="bbox 461 3130 2066 3205">
    <p class='ocr_par' dir='ltr' id='par_1_31' title="bbox 461 3130 2066 3205">
     <span class='ocr_line' id='line_1_31' title="bbox 461 3130 2066 3205; baseline -0.003 -15"><span class='ocrx_word' id='word_1_212' title='bbox 461 3135 605 3205; x_wconf 89' lang='lat' dir='ltr'><strong>apud</strong></span> <span class='ocrx_word' id='word_1_213' title='bbox 631 3135 780 3205; x_wconf 91' lang='lat' dir='ltr'><strong>ipsos</strong></span> <span class='ocrx_word' id='word_1_214' title='bbox 802 3136 1067 3205; x_wconf 85' lang='lat' dir='ltr'><strong>plurimas</strong></span> <span class='ocrx_word' id='word_1_215' title='bbox 1094 3135 1291 3205; x_wconf 86' lang='lat' dir='ltr'><strong>legeris</strong></span> <span class='ocrx_word' id='word_1_216' title='bbox 1320 3133 1620 3188; x_wconf 88' lang='lat' dir='ltr'><strong>sententias</strong></span> <span class='ocrx_word' id='word_1_217' title='bbox 1648 3131 1826 3187; x_wconf 78' lang='lat' dir='ltr'><strong>textui</strong></span> <span class='ocrx_word' id='word_1_218' title='bbox 1843 3130 2066 3187; x_wconf 87' lang='lat' dir='ltr'><strong>hodier-</strong></span> 
     </span>
    </p>
   </div>
   <div class='ocr_carea' id='block_1_32' title="bbox 2153 508 3771 580">
    <p class='ocr_par' dir='ltr' id='par_1_32' title="bbox 2153 508 3771 580">
     <span class='ocr_line' id='line_1_32' title="bbox 2153 508 3771 580; baseline 0.002 -17"><span class='ocrx_word' id='word_1_219' title='bbox 2153 508 2396 565; x_wconf 81' lang='lat' dir='ltr'><strong>ildelium</strong></span> <span class='ocrx_word' id='word_1_220' title='bbox 2446 508 2654 580; x_wconf 81' lang='lat' dir='ltr'><strong>plebes.</strong></span> <span class='ocrx_word' id='word_1_221' title='bbox 2693 508 2747 566; x_wconf 88' lang='lat' dir='ltr'><strong>ld</strong></span> <span class='ocrx_word' id='word_1_222' title='bbox 2790 510 2933 565; x_wconf 86' lang='lat' dir='ltr'><strong>enim</strong></span> <span class='ocrx_word' id='word_1_223' title='bbox 2967 526 3072 565; x_wconf 89' lang='lat' dir='ltr'><strong>non</strong></span> <span class='ocrx_word' id='word_1_224' title='bbox 3121 510 3354 567; x_wconf 87' lang='lat' dir='ltr'><strong>obscure</strong></span> <span class='ocrx_word' id='word_1_225' title='bbox 3386 510 3649 567; x_wconf 86' lang='lat' dir='ltr'><strong>indicavit</strong></span> <span class='ocrx_word' id='word_1_226' title='bbox 3676 526 3771 567; x_wconf 87' lang='lat' dir='ltr'><strong>ca-</strong></span> 
     </span>
    </p>
   </div>
   <div class='ocr_carea' id='block_1_33' title="bbox 2152 603 3770 676">
    <p class='ocr_par' dir='ltr' id='par_1_33' title="bbox 2152 603 3770 676">
     <span class='ocr_line' id='line_1_33' title="bbox 2152 603 3770 676; baseline 0.002 -19"><span class='ocrx_word' id='word_1_227' title='bbox 2152 603 2380 672; x_wconf 89' lang='lat' dir='ltr'><strong>pitulum</strong></span> <span class='ocrx_word' id='word_1_228' title='bbox 2413 603 2518 659; x_wconf 72' lang='lat'><strong>106</strong></span> <span class='ocrx_word' id='word_1_229' title='bbox 2545 603 2692 659; x_wconf 88' lang='lat' dir='ltr'><strong>tertii</strong></span> <span class='ocrx_word' id='word_1_230' title='bbox 2738 603 2969 672; x_wconf 88' lang='lat' dir='ltr'><strong>indicis,</strong></span> <span class='ocrx_word' id='word_1_231' title='bbox 3016 604 3160 676; x_wconf 90' lang='lat' dir='ltr'><strong>quod</strong></span> <span class='ocrx_word' id='word_1_232' title='bbox 3205 603 3292 660; x_wconf 88' lang='lat' dir='ltr'><strong>his</strong></span> <span class='ocrx_word' id='word_1_233' title='bbox 3332 605 3550 661; x_wconf 86' lang='lat' dir='ltr'><strong>duobus</strong></span> <span class='ocrx_word' id='word_1_234' title='bbox 3579 606 3770 661; x_wconf 77' lang='lat' dir='ltr'><strong>verbis</strong></span> 
     </span>
    </p>
   </div>
   <div class='ocr_carea' id='block_1_34' title="bbox 2152 694 3768 769">
    <p class='ocr_par' dir='ltr' id='par_1_34' title="bbox 2152 694 3768 769">
     <span class='ocr_line' id='line_1_34' title="bbox 2152 694 3768 769; baseline 0.002 -17"><span class='ocrx_word' id='word_1_235' title='bbox 2152 697 2481 762; x_wconf 83' lang='lat' dir='ltr'><strong>continetur,</strong></span> <span class='ocrx_word' id='word_1_236' title='bbox 2517 694 2724 752; x_wconf 80' lang='lat' dir='ltr'><strong>Oblatio</strong></span> <span class='ocrx_word' id='word_1_237' title='bbox 2751 699 2883 769; x_wconf 74' lang='lat' dir='ltr'><strong>ejus.</strong></span> <span class='ocrx_word' id='word_1_238' title='bbox 2921 698 3125 754; x_wconf 86' lang='lat' dir='ltr'><strong>Deinde</strong></span> <span class='ocrx_word' id='word_1_239' title='bbox 3152 700 3204 754; x_wconf 88' lang='lat' dir='ltr'><strong>iu</strong></span> <span class='ocrx_word' id='word_1_240' title='bbox 3233 714 3366 754; x_wconf 85' lang='lat' dir='ltr'><strong>mss.</strong></span> <span class='ocrx_word' id='word_1_241' title='bbox 3400 700 3595 755; x_wconf 86' lang='lat' dir='ltr'><strong>codice</strong></span> <span class='ocrx_word' id='word_1_242' title='bbox 3625 698 3768 756; x_wconf 84' lang='lat' dir='ltr'><strong>Cor-</strong></span> 
     </span>
    </p>
   </div>
   <div class='ocr_carea' id='block_1_35' title="bbox 2153 788 3772 863">
    <p class='ocr_par' dir='ltr' id='par_1_35' title="bbox 2153 788 3772 863">
     <span class='ocr_line' id='line_1_35' title="bbox 2153 788 3772 863; baseline 0.003 -17"><span class='ocrx_word' id='word_1_243' title='bbox 2153 788 2383 858; x_wconf 88' lang='lat' dir='ltr'><strong>heiensi,</strong></span> <span class='ocrx_word' id='word_1_244' title='bbox 2413 799 2537 861; x_wconf 88' lang='lat' dir='ltr'><strong>post</strong></span> <span class='ocrx_word' id='word_1_245' title='bbox 2560 793 2723 849; x_wconf 87' lang='lat' dir='ltr'><strong>verba</strong></span> <span class='ocrx_word' id='word_1_246' title='bbox 2747 791 2978 849; x_wconf 87' lang='lat' dir='ltr'><strong>Christi:</strong></span> <span class='ocrx_word' id='word_1_247' title='bbox 3008 792 3122 847; x_wconf 81' lang='lat' dir='ltr'><strong>Hoc</strong></span> <span class='ocrx_word' id='word_1_248' title='bbox 3145 803 3218 849; x_wconf 80' lang='lat' dir='ltr'><strong>est</strong></span> <span class='ocrx_word' id='word_1_249' title='bbox 3237 808 3426 860; x_wconf 77' lang='lat' dir='ltr'><strong>corpus</strong></span> <span class='ocrx_word' id='word_1_250' title='bbox 3447 810 3637 863; x_wconf 71' lang='lat' dir='ltr'><strong>meum,</strong></span> <span class='ocrx_word' id='word_1_251' title='bbox 3670 795 3772 851; x_wconf 83' lang='lat' dir='ltr'><strong>ad-</strong></span> 
     </span>
    </p>
   </div>
   <div class='ocr_carea' id='block_1_36' title="bbox 2154 883 3770 960">
    <p class='ocr_par' dir='ltr' id='par_1_36' title="bbox 2154 883 3770 960">
     <span class='ocr_line' id='line_1_36' title="bbox 2154 883 3770 960; baseline 0.004 -21"><span class='ocrx_word' id='word_1_252' title='bbox 2154 883 2264 939; x_wconf 84' lang='lat' dir='ltr'><strong>dita</strong></span> <span class='ocrx_word' id='word_1_253' title='bbox 2292 893 2420 940; x_wconf 84' lang='lat' dir='ltr'><strong>sunt</strong></span> <span class='ocrx_word' id='word_1_254' title='bbox 2445 885 2572 952; x_wconf 82' lang='lat' dir='ltr'><strong>ista,</strong></span> <span class='ocrx_word' id='word_1_255' title='bbox 2601 886 2741 958; x_wconf 69' lang='lat' dir='ltr'><strong>quod</strong></span> <span class='ocrx_word' id='word_1_256' title='bbox 2768 903 2865 956; x_wconf 81' lang='lat' dir='ltr'><strong>pro</strong></span> <span class='ocrx_word' id='word_1_257' title='bbox 2887 886 3029 941; x_wconf 72' lang='lat' dir='ltr'><strong>vobis</strong></span> <span class='ocrx_word' id='word_1_258' title='bbox 3058 887 3311 942; x_wconf 76' lang='lat' dir='ltr'><strong>tradetur.</strong></span> <span class='ocrx_word' id='word_1_259' title='bbox 3337 887 3493 945; x_wconf 86' lang='lat' dir='ltr'><strong>Unde</strong></span> <span class='ocrx_word' id='word_1_260' title='bbox 3513 898 3770 960; x_wconf 80' lang='lat' dir='ltr'><strong>apparet,</strong></span> 
     </span>
    </p>
   </div>
   <div class='ocr_carea' id='block_1_37' title="bbox 2153 976 3769 1047">
    <p class='ocr_par' dir='ltr' id='par_1_37' title="bbox 2153 976 3769 1047">
     <span class='ocr_line' id='line_1_37' title="bbox 2153 976 3769 1047; baseline 0.004 -15"><span class='ocrx_word' id='word_1_261' title='bbox 2153 976 2479 1033; x_wconf 84' lang='lat' dir='ltr'><strong>vetustiores</strong></span> <span class='ocrx_word' id='word_1_262' title='bbox 2522 977 2797 1034; x_wconf 78' lang='lat' dir='ltr'><strong>Ecciesias</strong></span> <span class='ocrx_word' id='word_1_263' title='bbox 2819 1018 2836 1046; x_wconf 88' lang='lat'><strong>,</strong></span> <span class='ocrx_word' id='word_1_264' title='bbox 2879 994 3001 1034; x_wconf 88' lang='lat' dir='ltr'><strong>cum</strong></span> <span class='ocrx_word' id='word_1_265' title='bbox 3042 995 3225 1036; x_wconf 88' lang='lat' dir='ltr'><strong>veram</strong></span> <span class='ocrx_word' id='word_1_266' title='bbox 3259 978 3618 1047; x_wconf 71' lang='lat' dir='ltr'><strong>ouationem,</strong></span> <span class='ocrx_word' id='word_1_267' title='bbox 3651 991 3769 1038; x_wconf 80' lang='lat' dir='ltr'><strong>tum</strong></span> 
     </span>
    </p>
   </div>
   <div class='ocr_carea' id='block_1_38' title="bbox 2157 1068 3775 1139">
    <p class='ocr_par' dir='ltr' id='par_1_38' title="bbox 2157 1068 3775 1139">
     <span class='ocr_line' id='line_1_38' title="bbox 2157 1068 3775 1139; baseline 0.004 -17"><span class='ocrx_word' id='word_1_268' title='bbox 2157 1069 2429 1139; x_wconf 80' lang='lat' dir='ltr'><strong>propriam</strong></span> <span class='ocrx_word' id='word_1_269' title='bbox 2468 1068 2672 1125; x_wconf 87' lang='lat' dir='ltr'><strong>Christi</strong></span> <span class='ocrx_word' id='word_1_270' title='bbox 2716 1070 3060 1126; x_wconf 71' lang='lat' dir='ltr'><strong>substantiam</strong></span> <span class='ocrx_word' id='word_1_271' title='bbox 3107 1072 3162 1126; x_wconf 88' lang='lat' dir='ltr'><strong>in</strong></span> <span class='ocrx_word' id='word_1_272' title='bbox 3208 1082 3549 1129; x_wconf 85' lang='lat' dir='ltr'><strong>sacramento</strong></span> <span class='ocrx_word' id='word_1_273' title='bbox 3578 1072 3775 1129; x_wconf 86' lang='lat' dir='ltr'><strong>altaris</strong></span> 
     </span>
    </p>
   </div>
   <div class='ocr_carea' id='block_1_39' title="bbox 2156 1162 2645 1235">
    <p class='ocr_par' dir='ltr' id='par_1_39' title="bbox 2156 1162 2645 1235">
     <span class='ocr_line' id='line_1_39' title="bbox 2156 1162 2645 1235; baseline 0 -16"><span class='ocrx_word' id='word_1_274' title='bbox 2156 1162 2326 1220; x_wconf 82' lang='lat' dir='ltr'><strong>fuisse</strong></span> <span class='ocrx_word' id='word_1_275' title='bbox 2352 1164 2645 1235; x_wconf 79' lang='lat' dir='ltr'><strong>professas.</strong></span> 
     </span>
    </p>
   </div>
   <div class='ocr_carea' id='block_1_40' title="bbox 2228 1258 3771 1331">
    <p class='ocr_par' dir='ltr' id='par_1_40' title="bbox 2228 1258 3771 1331">
     <span class='ocr_line' id='line_1_40' title="bbox 2228 1258 3771 1331; baseline 0.001 -16"><span class='ocrx_word' id='word_1_276' title='bbox 2228 1259 2293 1315; x_wconf 90' lang='lat' dir='ltr'><strong>ll.</strong></span> <span class='ocrx_word' id='word_1_277' title='bbox 2324 1258 2716 1330; x_wconf 79' lang='lat' dir='ltr'><strong>Antiquitatem</strong></span> <span class='ocrx_word' id='word_1_278' title='bbox 2745 1274 2891 1316; x_wconf 90' lang='lat' dir='ltr'><strong>nunc</strong></span> <span class='ocrx_word' id='word_1_279' title='bbox 2913 1267 2973 1317; x_wconf 84' lang='lat' dir='ltr'><strong>et</strong></span> <span class='ocrx_word' id='word_1_280' title='bbox 2997 1261 3362 1331; x_wconf 69' lang='lat' dir='ltr'><strong>praestantiam</strong></span> <span class='ocrx_word' id='word_1_281' title='bbox 3386 1260 3638 1318; x_wconf 90' lang='lat' dir='ltr'><strong>codicum</strong></span> <span class='ocrx_word' id='word_1_282' title='bbox 3666 1276 3771 1318; x_wconf 85' lang='lat' dir='ltr'><strong>no-</strong></span> 
     </span>
    </p>
   </div>
   <div class='ocr_carea' id='block_1_41' title="bbox 2158 1353 3777 1427">
    <p class='ocr_par' dir='ltr' id='par_1_41' title="bbox 2158 1353 3777 1427">
     <span class='ocr_line' id='line_1_41' title="bbox 2158 1353 3777 1427; baseline 0.002 -18"><span class='ocrx_word' id='word_1_283' title='bbox 2158 1360 2395 1409; x_wconf 77' lang='lat' dir='ltr'><strong>atrorum</strong></span> <span class='ocrx_word' id='word_1_284' title='bbox 2448 1353 2940 1426; x_wconf 78' lang='lat' dir='ltr'><strong>Manuscriptorum</strong></span> <span class='ocrx_word' id='word_1_285' title='bbox 2995 1355 3144 1413; x_wconf 88' lang='lat' dir='ltr'><strong>brevi</strong></span> <span class='ocrx_word' id='word_1_286' title='bbox 3196 1370 3454 1412; x_wconf 86' lang='lat' dir='ltr'><strong>sermone</strong></span> <span class='ocrx_word' id='word_1_287' title='bbox 3504 1356 3777 1427; x_wconf 80' lang='lat' dir='ltr'><strong>perstrin—</strong></span> 
     </span>
    </p>
   </div>
   <div class='ocr_carea' id='block_1_42' title="bbox 2157 1447 3775 1520">
    <p class='ocr_par' dir='ltr' id='par_1_42' title="bbox 2157 1447 3775 1520">
     <span class='ocr_line' id='line_1_42' title="bbox 2157 1447 3775 1520; baseline 0.003 -21"><span class='ocrx_word' id='word_1_288' title='bbox 2157 1461 2313 1518; x_wconf 79' lang='lat' dir='ltr'><strong>gam;</strong></span> <span class='ocrx_word' id='word_1_289' title='bbox 2342 1454 2431 1502; x_wconf 89' lang='lat' dir='ltr'><strong>res</strong></span> <span class='ocrx_word' id='word_1_290' title='bbox 2459 1458 2694 1518; x_wconf 86' lang='lat' dir='ltr'><strong>namque</strong></span> <span class='ocrx_word' id='word_1_291' title='bbox 2716 1448 2903 1503; x_wconf 68' lang='lat' dir='ltr'><strong>istltaec</strong></span> <span class='ocrx_word' id='word_1_292' title='bbox 2923 1448 3104 1518; x_wconf 87' lang='lat' dir='ltr'><strong>potius</strong></span> <span class='ocrx_word' id='word_1_293' title='bbox 3130 1447 3304 1505; x_wconf 90' lang='lat' dir='ltr'><strong>oculis</strong></span> <span class='ocrx_word' id='word_1_294' title='bbox 3326 1449 3582 1519; x_wconf 77' lang='lat' dir='ltr'><strong>testibus,</strong></span> <span class='ocrx_word' id='word_1_295' title='bbox 3609 1465 3775 1520; x_wconf 86' lang='lat' dir='ltr'><strong>quam</strong></span> 
     </span>
    </p>
   </div>
   <div class='ocr_carea' id='block_1_43' title="bbox 2160 1540 3779 1612">
    <p class='ocr_par' dir='ltr' id='par_1_43' title="bbox 2160 1540 3779 1612">
     <span class='ocr_line' id='line_1_43' title="bbox 2160 1540 3779 1612; baseline 0.002 -17"><span class='ocrx_word' id='word_1_296' title='bbox 2160 1541 2495 1611; x_wconf 74' lang='lat' dir='ltr'><strong>argumentis</strong></span> <span class='ocrx_word' id='word_1_297' title='bbox 2545 1540 2843 1612; x_wconf 88' lang='lat' dir='ltr'><strong>percipitur</strong></span> <span class='ocrx_word' id='word_1_298' title='bbox 2872 1556 2938 1596; x_wconf 87' lang='lat' dir='ltr'><strong>ac</strong></span> <span class='ocrx_word' id='word_1_299' title='bbox 2979 1540 3407 1599; x_wconf 84' lang='lat' dir='ltr'><strong>demonstratur.</strong></span> <span class='ocrx_word' id='word_1_300' title='bbox 3451 1541 3525 1596; x_wconf 84' lang='lat' dir='ltr'><strong>Et</strong></span> <span class='ocrx_word' id='word_1_301' title='bbox 3570 1543 3779 1599; x_wconf 87' lang='lat' dir='ltr'><strong>utinam</strong></span> 
     </span>
    </p>
   </div>
   <div class='ocr_carea' id='block_1_44' title="bbox 2160 1633 3780 1705">
    <p class='ocr_par' dir='ltr' id='par_1_44' title="bbox 2160 1633 3780 1705">
     <span class='ocr_line' id='line_1_44' title="bbox 2160 1633 3780 1705; baseline 0.003 -18"><span class='ocrx_word' id='word_1_302' title='bbox 2160 1644 2291 1704; x_wconf 86' lang='lat' dir='ltr'><strong>quot</strong></span> <span class='ocrx_word' id='word_1_303' title='bbox 2321 1641 2447 1688; x_wconf 87' lang='lat' dir='ltr'><strong>sunt</strong></span> <span class='ocrx_word' id='word_1_304' title='bbox 2479 1633 2531 1689; x_wconf 90' lang='lat' dir='ltr'><strong>in</strong></span> <span class='ocrx_word' id='word_1_305' title='bbox 2564 1633 2696 1688; x_wconf 87' lang='lat' dir='ltr'><strong>orbe</strong></span> <span class='ocrx_word' id='word_1_306' title='bbox 2722 1633 3023 1689; x_wconf 83' lang='lat' dir='ltr'><strong>christiano</strong></span> <span class='ocrx_word' id='word_1_307' title='bbox 3066 1633 3213 1690; x_wconf 86' lang='lat' dir='ltr'><strong>docti</strong></span> <span class='ocrx_word' id='word_1_308' title='bbox 3241 1636 3563 1705; x_wconf 78' lang='lat' dir='ltr'><strong>expertique</strong></span> <span class='ocrx_word' id='word_1_309' title='bbox 3600 1634 3780 1691; x_wconf 78' lang='lat' dir='ltr'><strong>homi-</strong></span> 
     </span>
    </p>
   </div>
   <div class='ocr_carea' id='block_1_45' title="bbox 2163 1727 3775 1799">
    <p class='ocr_par' dir='ltr' id='par_1_45' title="bbox 2163 1727 3775 1799">
     <span class='ocr_line' id='line_1_45' title="bbox 2163 1727 3775 1799; baseline 0.002 -19"><span class='ocrx_word' id='word_1_310' title='bbox 2163 1741 2294 1793; x_wconf 86' lang='lat' dir='ltr'><strong>nes,</strong></span> <span class='ocrx_word' id='word_1_311' title='bbox 2330 1737 2406 1781; x_wconf 90' lang='lat' dir='ltr'><strong>tot</strong></span> <span class='ocrx_word' id='word_1_312' title='bbox 2435 1736 2619 1782; x_wconf 88' lang='lat' dir='ltr'><strong>essent</strong></span> <span class='ocrx_word' id='word_1_313' title='bbox 2649 1728 2985 1798; x_wconf 84' lang='lat' dir='ltr'><strong>inspectores</strong></span> <span class='ocrx_word' id='word_1_314' title='bbox 3010 1727 3403 1799; x_wconf 82' lang='lat' dir='ltr'><strong>exemplarium</strong></span> <span class='ocrx_word' id='word_1_315' title='bbox 3432 1739 3775 1786; x_wconf 86' lang='lat' dir='ltr'><strong>nostrorum.</strong></span> 
     </span>
    </p>
   </div>
   <div class='ocr_carea' id='block_1_46' title="bbox 2091 1820 3782 1892">
    <p class='ocr_par' dir='ltr' id='par_1_46' title="bbox 2091 1820 3782 1892">
     <span class='ocr_line' id='line_1_46' title="bbox 2091 1820 3782 1892; baseline 0.001 -16"><span class='ocrx_word' id='word_1_316' title='bbox 2091 1824 2141 1892; x_wconf 66' lang='grc' dir='ltr'><strong>Β</strong></span> <span class='ocrx_word' id='word_1_317' title='bbox 2166 1820 2369 1884; x_wconf 79' lang='lat' dir='ltr'><strong>Fallor.</strong></span> <span class='ocrx_word' id='word_1_318' title='bbox 2414 1822 2518 1878; x_wconf 76' lang='lat' dir='ltr'><strong>nisi</strong></span> <span class='ocrx_word' id='word_1_319' title='bbox 2562 1821 2762 1892; x_wconf 88' lang='lat' dir='ltr'><strong>ubique</strong></span> <span class='ocrx_word' id='word_1_320' title='bbox 2789 1821 3034 1892; x_wconf 82' lang='lat' dir='ltr'><strong>gentium</strong></span> <span class='ocrx_word' id='word_1_321' title='bbox 3064 1832 3232 1878; x_wconf 86' lang='lat' dir='ltr'><strong>testes</strong></span> <span class='ocrx_word' id='word_1_322' title='bbox 3268 1822 3598 1878; x_wconf 86' lang='lat' dir='ltr'><strong>accederent</strong></span> <span class='ocrx_word' id='word_1_323' title='bbox 3639 1826 3782 1878; x_wconf 84' lang='lat' dir='ltr'><strong>anti-</strong></span> 
     </span>
    </p>
   </div>
   <div class='ocr_carea' id='block_1_47' title="bbox 2164 1914 3781 1987">
    <p class='ocr_par' dir='ltr' id='par_1_47' title="bbox 2164 1914 3781 1987">
     <span class='ocr_line' id='line_1_47' title="bbox 2164 1914 3781 1987; baseline 0.004 -20"><span class='ocrx_word' id='word_1_324' title='bbox 2164 1914 2422 1985; x_wconf 85' lang='lat' dir='ltr'><strong>quitatis,</strong></span> <span class='ocrx_word' id='word_1_325' title='bbox 2451 1930 2614 1985; x_wconf 84' lang='lat' dir='ltr'><strong>quam</strong></span> <span class='ocrx_word' id='word_1_326' title='bbox 2659 1926 2770 1986; x_wconf 70' lang='lat' dir='ltr'><strong>prae</strong></span> <span class='ocrx_word' id='word_1_327' title='bbox 2798 1929 2860 1971; x_wconf 86' lang='lat' dir='ltr'><strong>se</strong></span> <span class='ocrx_word' id='word_1_328' title='bbox 2906 1914 3087 1971; x_wconf 79' lang='lat' dir='ltr'><strong>ierunt</strong></span> <span class='ocrx_word' id='word_1_329' title='bbox 3113 1916 3354 1987; x_wconf 68' lang='lat' dir='ltr'><strong>prmdicti</strong></span> <span class='ocrx_word' id='word_1_330' title='bbox 3392 1917 3634 1974; x_wconf 77' lang='lat' dir='ltr'><strong>codices.</strong></span> <span class='ocrx_word' id='word_1_331' title='bbox 3665 1917 3781 1974; x_wconf 77' lang='lat' dir='ltr'><strong>Nec</strong></span> 
     </span>
    </p>
   </div>
   <div class='ocr_carea' id='block_1_48' title="bbox 2165 2011 3782 2083">
    <p class='ocr_par' dir='ltr' id='par_1_48' title="bbox 2165 2011 3782 2083">
     <span class='ocr_line' id='line_1_48' title="bbox 2165 2011 3782 2083; baseline 0.004 -18"><span class='ocrx_word' id='word_1_332' title='bbox 2165 2011 2396 2067; x_wconf 89' lang='lat' dir='ltr'><strong>miretur</strong></span> <span class='ocrx_word' id='word_1_333' title='bbox 2411 2012 2536 2083; x_wconf 88' lang='lat' dir='ltr'><strong>quis</strong></span> <span class='ocrx_word' id='word_1_334' title='bbox 2561 2022 2736 2067; x_wconf 80' lang='lat' dir='ltr'><strong>meam</strong></span> <span class='ocrx_word' id='word_1_335' title='bbox 2766 2011 3175 2080; x_wconf 82' lang='lat' dir='ltr'><strong>conﬁdentiam,</strong></span> <span class='ocrx_word' id='word_1_336' title='bbox 3205 2011 3329 2080; x_wconf 87' lang='lat' dir='ltr'><strong>quia</strong></span> <span class='ocrx_word' id='word_1_337' title='bbox 3352 2026 3422 2070; x_wconf 87' lang='lat' dir='ltr'><strong>ex</strong></span> <span class='ocrx_word' id='word_1_338' title='bbox 3446 2012 3782 2083; x_wconf 66' lang='lat' dir='ltr'><strong>praeiudiciis</strong></span> 
     </span>
    </p>
   </div>
   <div class='ocr_carea' id='block_1_49' title="bbox 2167 2102 3781 2173">
    <p class='ocr_par' dir='ltr' id='par_1_49' title="bbox 2167 2102 3781 2173">
     <span class='ocr_line' id='line_1_49' title="bbox 2167 2102 3781 2173; baseline 0.003 -15"><span class='ocrx_word' id='word_1_339' title='bbox 2167 2102 2409 2161; x_wconf 73' lang='lat' dir='ltr'><strong>virorum</strong></span> <span class='ocrx_word' id='word_1_340' title='bbox 2451 2104 2735 2160; x_wconf 85' lang='lat' dir='ltr'><strong>doctorum</strong></span> <span class='ocrx_word' id='word_1_341' title='bbox 2776 2113 2956 2160; x_wconf 87' lang='lat' dir='ltr'><strong>ortum</strong></span> <span class='ocrx_word' id='word_1_342' title='bbox 2991 2105 3045 2160; x_wconf 91' lang='lat' dir='ltr'><strong>in</strong></span> <span class='ocrx_word' id='word_1_343' title='bbox 3087 2120 3175 2160; x_wconf 91' lang='lat' dir='ltr'><strong>me</strong></span> <span class='ocrx_word' id='word_1_344' title='bbox 3202 2104 3409 2162; x_wconf 79' lang='lat' dir='ltr'><strong>habuit.</strong></span> <span class='ocrx_word' id='word_1_345' title='bbox 3444 2104 3661 2173; x_wconf 80' lang='lat' dir='ltr'><strong>Unum,</strong></span> <span class='ocrx_word' id='word_1_346' title='bbox 3694 2106 3781 2163; x_wconf 83' lang='lat' dir='ltr'><strong>vel</strong></span> 
     </span>
    </p>
   </div>
   <div class='ocr_carea' id='block_1_50' title="bbox 2166 2196 3782 2271">
    <p class='ocr_par' dir='ltr' id='par_1_50' title="bbox 2166 2196 3782 2271">
     <span class='ocr_line' id='line_1_50' title="bbox 2166 2196 3782 2271; baseline -0.001 -15"><span class='ocrx_word' id='word_1_347' title='bbox 2166 2200 2304 2256; x_wconf 88' lang='lat' dir='ltr'><strong>duos</strong></span> <span class='ocrx_word' id='word_1_348' title='bbox 2332 2198 2552 2270; x_wconf 74' lang='lat' dir='ltr'><strong>profero</strong></span> <span class='ocrx_word' id='word_1_349' title='bbox 2593 2207 2759 2255; x_wconf 80' lang='lat' dir='ltr'><strong>testes</strong></span> <span class='ocrx_word' id='word_1_350' title='bbox 2788 2196 2853 2254; x_wconf 83' lang='lat' dir='ltr'><strong>V.</strong></span> <span class='ocrx_word' id='word_1_351' title='bbox 2883 2197 2948 2254; x_wconf 90' lang='lat' dir='ltr'><strong>C.</strong></span> <span class='ocrx_word' id='word_1_352' title='bbox 2991 2196 3054 2253; x_wconf 64' lang='grc' dir='ltr'><strong>ε’.</strong></span> <span class='ocrx_word' id='word_1_353' title='bbox 3090 2198 3409 2265; x_wconf 84' lang='lat' dir='ltr'><strong>Desmares,</strong></span> <span class='ocrx_word' id='word_1_354' title='bbox 3452 2207 3510 2255; x_wconf 85' lang='lat' dir='ltr'><strong>et</strong></span> <span class='ocrx_word' id='word_1_355' title='bbox 3542 2198 3782 2271; x_wconf 85' lang='lat' dir='ltr'><strong>Stepha-</strong></span> 
     </span>
    </p>
   </div>
   <div class='ocr_carea' id='block_1_51' title="bbox 2167 2291 3783 2363">
    <p class='ocr_par' dir='ltr' id='par_1_51' title="bbox 2167 2291 3783 2363">
     <span class='ocr_line' id='line_1_51' title="bbox 2167 2291 3783 2363; baseline 0 -14"><span class='ocrx_word' id='word_1_356' title='bbox 2167 2309 2296 2349; x_wconf 88' lang='lat' dir='ltr'><strong>num</strong></span> <span class='ocrx_word' id='word_1_357' title='bbox 2338 2292 2604 2363; x_wconf 84' lang='lat' dir='ltr'><strong>imprimis</strong></span> <span class='ocrx_word' id='word_1_358' title='bbox 2642 2291 2951 2359; x_wconf 75' lang='lat' dir='ltr'><strong>Baittsium,</strong></span> <span class='ocrx_word' id='word_1_359' title='bbox 2977 2292 3133 2361; x_wconf 83' lang='lat' dir='ltr'><strong>cujus</strong></span> <span class='ocrx_word' id='word_1_360' title='bbox 3174 2292 3417 2348; x_wconf 84' lang='lat' dir='ltr'><strong>consiliis</strong></span> <span class='ocrx_word' id='word_1_361' title='bbox 3456 2302 3515 2349; x_wconf 87' lang='lat' dir='ltr'><strong>et</strong></span> <span class='ocrx_word' id='word_1_362' title='bbox 3540 2293 3783 2350; x_wconf 79' lang='lat' dir='ltr'><strong>amicitia</strong></span> 
     </span>
    </p>
   </div>
   <div class='ocr_carea' id='block_1_52' title="bbox 2167 2386 3784 2459">
    <p class='ocr_par' dir='ltr' id='par_1_52' title="bbox 2167 2386 3784 2459">
     <span class='ocr_line' id='line_1_52' title="bbox 2167 2386 3784 2459; baseline -0.001 -15"><span class='ocrx_word' id='word_1_363' title='bbox 2167 2396 2318 2444; x_wconf 81' lang='lat' dir='ltr'><strong>tanto</strong></span> <span class='ocrx_word' id='word_1_364' title='bbox 2364 2387 2576 2442; x_wconf 76' lang='lat' dir='ltr'><strong>felicius</strong></span> <span class='ocrx_word' id='word_1_365' title='bbox 2624 2396 2771 2451; x_wconf 88' lang='lat' dir='ltr'><strong>utor,</strong></span> <span class='ocrx_word' id='word_1_366' title='bbox 2815 2397 3019 2457; x_wconf 89' lang='lat' dir='ltr'><strong>quanto</strong></span> <span class='ocrx_word' id='word_1_367' title='bbox 3069 2386 3341 2442; x_wconf 88' lang='lat' dir='ltr'><strong>sincerum</strong></span> <span class='ocrx_word' id='word_1_368' title='bbox 3392 2388 3567 2459; x_wconf 79' lang='lat' dir='ltr'><strong>magis</strong></span> <span class='ocrx_word' id='word_1_369' title='bbox 3610 2389 3664 2442; x_wconf 91' lang='lat' dir='ltr'><strong>in</strong></span> <span class='ocrx_word' id='word_1_370' title='bbox 3714 2402 3784 2443; x_wconf 88' lang='lat' dir='ltr'><strong>eo</strong></span> 
     </span>
    </p>
   </div>
   <div class='ocr_carea' id='block_1_53' title="bbox 2166 2479 3779 2551">
    <p class='ocr_par' dir='ltr' id='par_1_53' title="bbox 2166 2479 3779 2551">
     <span class='ocr_line' id='line_1_53' title="bbox 2166 2479 3779 2551; baseline -0.002 -15"><span class='ocrx_word' id='word_1_371' title='bbox 2166 2492 2355 2551; x_wconf 81' lang='lat' dir='ltr'><strong>pectas</strong></span> <span class='ocrx_word' id='word_1_372' title='bbox 2400 2494 2618 2549; x_wconf 85' lang='lat' dir='ltr'><strong>semper</strong></span> <span class='ocrx_word' id='word_1_373' title='bbox 2646 2489 2903 2550; x_wconf 87' lang='lat' dir='ltr'><strong>expertus</strong></span> <span class='ocrx_word' id='word_1_374' title='bbox 2951 2492 3103 2544; x_wconf 88' lang='lat' dir='ltr'><strong>sum,</strong></span> <span class='ocrx_word' id='word_1_375' title='bbox 3135 2479 3395 2550; x_wconf 83' lang='lat' dir='ltr'><strong>omnique</strong></span> <span class='ocrx_word' id='word_1_376' title='bbox 3436 2488 3685 2550; x_wconf 87' lang='lat' dir='ltr'><strong>tempore</strong></span> <span class='ocrx_word' id='word_1_377' title='bbox 3723 2480 3779 2534; x_wconf 89' lang='lat' dir='ltr'><strong>in</strong></span> 
     </span>
    </p>
   </div>
   <div class='ocr_carea' id='block_1_54' title="bbox 2166 2569 3783 2642">
    <p class='ocr_par' dir='ltr' id='par_1_54' title="bbox 2166 2569 3783 2642">
     <span class='ocr_line' id='line_1_54' title="bbox 2166 2569 3783 2642; baseline 0.002 -15"><span class='ocrx_word' id='word_1_378' title='bbox 2166 2573 2373 2628; x_wconf 84' lang='lat' dir='ltr'><strong>amicos</strong></span> <span class='ocrx_word' id='word_1_379' title='bbox 2414 2572 2901 2642; x_wconf 87' lang='lat' dir='ltr'><strong>promptissimum.</strong></span> <span class='ocrx_word' id='word_1_380' title='bbox 2933 2569 2986 2624; x_wconf 89' lang='lat' dir='ltr'><strong>is</strong></span> <span class='ocrx_word' id='word_1_381' title='bbox 3031 2585 3164 2642; x_wconf 85' lang='lat' dir='ltr'><strong>ergo</strong></span> <span class='ocrx_word' id='word_1_382' title='bbox 3206 2586 3307 2627; x_wconf 88' lang='lat' dir='ltr'><strong>usu</strong></span> <span class='ocrx_word' id='word_1_383' title='bbox 3356 2581 3414 2627; x_wconf 90' lang='lat' dir='ltr'><strong>et</strong></span> <span class='ocrx_word' id='word_1_384' title='bbox 3441 2573 3783 2631; x_wconf 81' lang='lat' dir='ltr'><strong>volutatione</strong></span> 
     </span>
    </p>
   </div>
   <div class='ocr_carea' id='block_1_55' title="bbox 2167 2666 3775 2738">
    <p class='ocr_par' dir='ltr' id='par_1_55' title="bbox 2167 2666 3775 2738">
     <span class='ocr_line' id='line_1_55' title="bbox 2167 2666 3775 2738; baseline -0.001 -15"><span class='ocrx_word' id='word_1_385' title='bbox 2167 2667 2643 2723; x_wconf 87' lang='lat' dir='ltr'><strong>innumerabilium</strong></span> <span class='ocrx_word' id='word_1_386' title='bbox 2673 2682 2807 2722; x_wconf 88' lang='lat' dir='ltr'><strong>mss.</strong></span> <span class='ocrx_word' id='word_1_387' title='bbox 2838 2666 3087 2722; x_wconf 85' lang='lat' dir='ltr'><strong>codicum</strong></span> <span class='ocrx_word' id='word_1_388' title='bbox 3113 2667 3551 2738; x_wconf 63' lang='lat' dir='ltr'><strong>locupletissimae</strong></span> <span class='ocrx_word' id='word_1_389' title='bbox 3571 2668 3775 2724; x_wconf 84' lang='lat' dir='ltr'><strong>biblio-</strong></span> 
     </span>
    </p>
   </div>
   <div class='ocr_carea' id='block_1_56' title="bbox 2165 2758 3780 2825">
    <p class='ocr_par' dir='ltr' id='par_1_56' title="bbox 2165 2758 3780 2825">
     <span class='ocr_line' id='line_1_56' title="bbox 2165 2758 3780 2825; baseline 0.001 -9"><span class='ocrx_word' id='word_1_390' title='bbox 2165 2760 2340 2816; x_wconf 67' lang='lat' dir='ltr'><strong>theca:</strong></span> <span class='ocrx_word' id='word_1_391' title='bbox 2371 2759 2701 2816; x_wconf 71' lang='lat' dir='ltr'><strong>Coibertinte</strong></span> <span class='ocrx_word' id='word_1_392' title='bbox 2749 2761 3041 2825; x_wconf 86' lang='lat' dir='ltr'><strong>subactus,</strong></span> <span class='ocrx_word' id='word_1_393' title='bbox 3089 2758 3477 2817; x_wconf 83' lang='lat' dir='ltr'><strong>Corbeieoscm</strong></span> <span class='ocrx_word' id='word_1_394' title='bbox 3523 2771 3780 2817; x_wconf 86' lang='lat' dir='ltr'><strong>nostrum</strong></span> 
     </span>
    </p>
   </div>
   <div class='ocr_carea' id='block_1_57' title="bbox 2167 2854 3778 2924">
    <p class='ocr_par' dir='ltr' id='par_1_57' title="bbox 2167 2854 3778 2924">
     <span class='ocr_line' id='line_1_57' title="bbox 2167 2854 3778 2924; baseline 0 -14"><span class='ocrx_word' id='word_1_395' title='bbox 2167 2854 2409 2910; x_wconf 71' lang='lat' dir='ltr'><strong>Matthtei</strong></span> <span class='ocrx_word' id='word_1_396' title='bbox 2454 2854 2698 2909; x_wconf 87' lang='lat' dir='ltr'><strong>codicem</strong></span> <span class='ocrx_word' id='word_1_397' title='bbox 2739 2863 2866 2909; x_wconf 86' lang='lat' dir='ltr'><strong>ante</strong></span> <span class='ocrx_word' id='word_1_398' title='bbox 2909 2854 3253 2924; x_wconf 84' lang='lat' dir='ltr'><strong>octingentos</strong></span> <span class='ocrx_word' id='word_1_399' title='bbox 3294 2870 3467 2910; x_wconf 89' lang='lat' dir='ltr'><strong>annos</strong></span> <span class='ocrx_word' id='word_1_400' title='bbox 3511 2858 3778 2923; x_wconf 55' lang='lat' dir='ltr'><strong>subitum</strong></span> 
     </span>
    </p>
   </div>
   <div class='ocr_carea' id='block_1_58' title="bbox 2167 2948 3782 3014">
    <p class='ocr_par' dir='ltr' id='par_1_58' title="bbox 2167 2948 3782 3014">
     <span class='ocr_line' id='line_1_58' title="bbox 2167 2948 3782 3014; baseline -0.001 -9"><span class='ocrx_word' id='word_1_401' title='bbox 2167 2965 2291 3005; x_wconf 88' lang='lat' dir='ltr'><strong>esse</strong></span> <span class='ocrx_word' id='word_1_402' title='bbox 2320 2948 2456 3004; x_wconf 90' lang='lat' dir='ltr'><strong>mihi</strong></span> <span class='ocrx_word' id='word_1_403' title='bbox 2486 2949 2779 3004; x_wconf 82' lang='lat' dir='ltr'><strong>concessit.</strong></span> <span class='ocrx_word' id='word_1_404' title='bbox 2809 2948 2921 3004; x_wconf 84' lang='lat' dir='ltr'><strong>Nec</strong></span> <span class='ocrx_word' id='word_1_405' title='bbox 2967 2949 3270 3014; x_wconf 86' lang='lat' dir='ltr'><strong>immerito,</strong></span> <span class='ocrx_word' id='word_1_406' title='bbox 3300 2964 3425 3005; x_wconf 88' lang='lat' dir='ltr'><strong>cum</strong></span> <span class='ocrx_word' id='word_1_407' title='bbox 3455 2950 3531 3006; x_wconf 88' lang='lat' dir='ltr'><strong>sit</strong></span> <span class='ocrx_word' id='word_1_408' title='bbox 3554 2950 3609 3005; x_wconf 91' lang='lat' dir='ltr'><strong>in</strong></span> <span class='ocrx_word' id='word_1_409' title='bbox 3638 2949 3782 3005; x_wconf 82' lang='lat' dir='ltr'><strong>anti-</strong></span> 
     </span>
    </p>
   </div>
   <div class='ocr_carea' id='block_1_59' title="bbox 2167 3044 3781 3115">
    <p class='ocr_par' dir='ltr' id='par_1_59' title="bbox 2167 3044 3781 3115">
     <span class='ocr_line' id='line_1_59' title="bbox 2167 3044 3781 3115; baseline 0.003 -17"><span class='ocrx_word' id='word_1_410' title='bbox 2167 3046 2291 3114; x_wconf 84' lang='lat' dir='ltr'><strong>quis</strong></span> <span class='ocrx_word' id='word_1_411' title='bbox 2319 3044 2653 3100; x_wconf 88' lang='lat' dir='ltr'><strong>membranis</strong></span> <span class='ocrx_word' id='word_1_412' title='bbox 2676 3055 2930 3102; x_wconf 80' lang='lat' dir='ltr'><strong>exaralus</strong></span> <span class='ocrx_word' id='word_1_413' title='bbox 2965 3047 3160 3102; x_wconf 82' lang='lat' dir='ltr'><strong>litteris</strong></span> <span class='ocrx_word' id='word_1_414' title='bbox 3203 3047 3523 3115; x_wconf 83' lang='lat' dir='ltr'><strong>Saxonicis,</strong></span> <span class='ocrx_word' id='word_1_415' title='bbox 3561 3048 3645 3103; x_wconf 88' lang='lat' dir='ltr'><strong>vel</strong></span> <span class='ocrx_word' id='word_1_416' title='bbox 3668 3047 3781 3103; x_wconf 78' lang='lat' dir='ltr'><strong>lle-</strong></span> 
     </span>
    </p>
   </div>
   <div class='ocr_carea' id='block_1_60' title="bbox 2133 3133 3783 3209">
    <p class='ocr_par' dir='ltr' id='par_1_60' title="bbox 2133 3133 3783 3209">
     <span class='ocr_line' id='line_1_60' title="bbox 2133 3133 3783 3209; baseline 0.002 -16"><span class='ocrx_word' id='word_1_417' title='bbox 2133 3133 2459 3209; x_wconf 72' lang='lat' dir='ltr'><strong>°rovingicis</strong></span> <span class='ocrx_word' id='word_1_418' title='bbox 2498 3156 2510 3193; x_wconf 90' lang='lat'><strong>:</strong></span> <span class='ocrx_word' id='word_1_419' title='bbox 2551 3139 2772 3195; x_wconf 85' lang='lat' dir='ltr'><strong>mixtam</strong></span> <span class='ocrx_word' id='word_1_420' title='bbox 2813 3141 2961 3197; x_wconf 89' lang='lat' dir='ltr'><strong>enim</strong></span> <span class='ocrx_word' id='word_1_421' title='bbox 3007 3142 3171 3198; x_wconf 83' lang='lat' dir='ltr'><strong>habet</strong></span> <span class='ocrx_word' id='word_1_422' title='bbox 3220 3144 3617 3199; x_wconf 79' lang='lat' dir='ltr'><strong>elementorum</strong></span> <span class='ocrx_word' id='word_1_423' title='bbox 3672 3141 3783 3198; x_wconf 77' lang='lat' dir='ltr'><strong>for-</strong></span> 
     </span>
    </p>
   </div>
   <div class='ocr_carea' id='block_1_61' title="bbox 458 3225 3780 3307">
    <p class='ocr_par' dir='ltr' id='par_1_61' title="bbox 458 3225 3780 3307">
     <span class='ocr_line' id='line_1_61' title="bbox 458 3225 3780 3307; baseline 0 -24"><span class='ocrx_word' id='word_1_424' title='bbox 458 3243 543 3283; x_wconf 71' lang='lat' dir='ltr'><strong>nae</strong></span> <span class='ocrx_word' id='word_1_425' title='bbox 572 3225 818 3297; x_wconf 56' lang='lat' dir='ltr'><strong>Vulgata!</strong></span> <span class='ocrx_word' id='word_1_426' title='bbox 841 3227 1065 3281; x_wconf 89' lang='lat' dir='ltr'><strong>minime</strong></span> <span class='ocrx_word' id='word_1_427' title='bbox 1091 3225 1517 3291; x_wconf 85' lang='lat' dir='ltr'><strong>consentientes,</strong></span> <span class='ocrx_word' id='word_1_428' title='bbox 1542 3240 1648 3280; x_wconf 93' lang='lat' dir='ltr'><strong>non</strong></span> <span class='ocrx_word' id='word_1_429' title='bbox 1669 3225 1851 3280; x_wconf 86' lang='lat' dir='ltr'><strong>statim</strong></span> <span class='ocrx_word' id='word_1_430' title='bbox 1878 3239 2063 3279; x_wconf 84' lang='lat' dir='ltr'><strong>erum-</strong></span> <span class='ocrx_word' id='word_1_431' title='bbox 2086 3231 2132 3294; x_wconf 73' lang='grc' dir='ltr'>ο</span> <span class='ocrx_word' id='word_1_432' title='bbox 2165 3246 2332 3286; x_wconf 75' lang='lat' dir='ltr'><strong>mam.</strong></span> <span class='ocrx_word' id='word_1_433' title='bbox 2380 3233 2454 3287; x_wconf 76' lang='lat' dir='ltr'><strong>De</strong></span> <span class='ocrx_word' id='word_1_434' title='bbox 2510 3232 3007 3290; x_wconf 51' lang='lat' dir='ltr'><strong>sanﬁcrmanensi</strong></span> <span class='ocrx_word' id='word_1_435' title='bbox 3038 3235 3339 3305; x_wconf 62' lang='lat' dir='ltr'><strong>exemplari</strong></span> <span class='ocrx_word' id='word_1_436' title='bbox 3378 3238 3662 3307; x_wconf 60' lang='lat' dir='ltr'><strong>eleganter</strong></span> <span class='ocrx_word' id='word_1_437' title='bbox 3687 3234 3780 3292; x_wconf 76' lang='lat' dir='ltr'><strong>de.</strong></span> 
     </span>
    </p>
   </div>
   <div class='ocr_carea' id='block_1_62' title="bbox 346 3318 2060 3393">
    <p class='ocr_par' dir='ltr' id='par_1_62' title="bbox 346 3318 2060 3393">
     <span class='ocr_line' id='line_1_62' title="bbox 346 3318 2060 3393; baseline -0.003 -16"><span class='ocrx_word' id='word_1_438' title='bbox 346 3326 355 3332; x_wconf 84' lang='lat'><strong>&#39;</strong></span> <span class='ocrx_word' id='word_1_439' title='bbox 461 3328 561 3393; x_wconf 80' lang='lat' dir='ltr'><strong>pos</strong></span> <span class='ocrx_word' id='word_1_440' title='bbox 586 3322 640 3377; x_wconf 89' lang='lat' dir='ltr'><strong>in</strong></span> <span class='ocrx_word' id='word_1_441' title='bbox 663 3328 876 3387; x_wconf 84' lang='lat' dir='ltr'><strong>vocem,</strong></span> <span class='ocrx_word' id='word_1_442' title='bbox 904 3335 1094 3377; x_wconf 89' lang='lat' dir='ltr'><strong>eorum</strong></span> <span class='ocrx_word' id='word_1_443' title='bbox 1116 3320 1350 3375; x_wconf 85' lang='lat' dir='ltr'><strong>titubare</strong></span> <span class='ocrx_word' id='word_1_444' title='bbox 1382 3318 1540 3375; x_wconf 88' lang='lat' dir='ltr'><strong>iidem</strong></span> <span class='ocrx_word' id='word_1_445' title='bbox 1567 3337 1583 3385; x_wconf 90' lang='lat'><strong>;</strong></span> <span class='ocrx_word' id='word_1_446' title='bbox 1606 3318 1914 3384; x_wconf 84' lang='lat' dir='ltr'><strong>clamitans,</strong></span> <span class='ocrx_word' id='word_1_447' title='bbox 1936 3318 2060 3388; x_wconf 86' lang='lat' dir='ltr'><strong>quia</strong></span> 
     </span>
    </p>
   </div>
   <div class='ocr_carea' id='block_1_63' title="bbox 454 3411 2061 3486">
    <p class='ocr_par' dir='ltr' id='par_1_63' title="bbox 454 3411 2061 3486">
     <span class='ocr_line' id='line_1_63' title="bbox 454 3411 2061 3486; baseline -0.001 -16"><span class='ocrx_word' id='word_1_448' title='bbox 454 3414 599 3486; x_wconf 90' lang='lat' dir='ltr'><strong>quod</strong></span> <span class='ocrx_word' id='word_1_449' title='bbox 645 3416 719 3469; x_wconf 92' lang='lat' dir='ltr'><strong>tui</strong></span> <span class='ocrx_word' id='word_1_450' title='bbox 770 3413 992 3470; x_wconf 85' lang='lat' dir='ltr'><strong>codices</strong></span> <span class='ocrx_word' id='word_1_451' title='bbox 1021 3412 1242 3481; x_wconf 90' lang='lat' dir='ltr'><strong>habent,</strong></span> <span class='ocrx_word' id='word_1_452' title='bbox 1280 3413 1334 3468; x_wconf 89' lang='lat' dir='ltr'><strong>id</strong></span> <span class='ocrx_word' id='word_1_453' title='bbox 1387 3412 1695 3483; x_wconf 61' lang='lat' dir='ltr'><strong>saepissime</strong></span> <span class='ocrx_word' id='word_1_454' title='bbox 1736 3427 1845 3467; x_wconf 85' lang='lat' dir='ltr'><strong>non</strong></span> <span class='ocrx_word' id='word_1_455' title='bbox 1890 3411 2061 3468; x_wconf 87' lang='lat' dir='ltr'><strong>hahe-</strong></span> 
     </span>
    </p>
   </div>
   <div class='ocr_carea' id='block_1_64' title="bbox 458 3506 2064 3578">
    <p class='ocr_par' dir='ltr' id='par_1_64' title="bbox 458 3506 2064 3578">
     <span class='ocr_line' id='line_1_64' title="bbox 458 3506 2064 3578; baseline -0.002 -15"><span class='ocrx_word' id='word_1_456' title='bbox 458 3508 589 3564; x_wconf 86' lang='lat' dir='ltr'><strong>hant</strong></span> <span class='ocrx_word' id='word_1_457' title='bbox 614 3508 834 3564; x_wconf 86' lang='lat' dir='ltr'><strong>Patrum</strong></span> <span class='ocrx_word' id='word_1_458' title='bbox 863 3506 1238 3578; x_wconf 84' lang='lat' dir='ltr'><strong>exemplaria;</strong></span> <span class='ocrx_word' id='word_1_459' title='bbox 1263 3507 1345 3562; x_wconf 87' lang='lat' dir='ltr'><strong>vel</strong></span> <span class='ocrx_word' id='word_1_460' title='bbox 1381 3509 1561 3577; x_wconf 89' lang='lat' dir='ltr'><strong>potius</strong></span> <span class='ocrx_word' id='word_1_461' title='bbox 1607 3507 1683 3562; x_wconf 90' lang='lat' dir='ltr'><strong>tui</strong></span> <span class='ocrx_word' id='word_1_462' title='bbox 1724 3522 1830 3562; x_wconf 91' lang='lat' dir='ltr'><strong>non</strong></span> <span class='ocrx_word' id='word_1_463' title='bbox 1861 3506 2064 3562; x_wconf 88' lang='lat' dir='ltr'><strong>habent</strong></span> 
     </span>
    </p>
   </div>
   <div class='ocr_carea' id='block_1_65' title="bbox 460 3590 2060 3672">
    <p class='ocr_par' dir='ltr' id='par_1_65' title="bbox 460 3590 2060 3672">
     <span class='ocr_line' id='line_1_65' title="bbox 460 3590 2060 3672; baseline -0.002 -14"><span class='ocrx_word' id='word_1_464' title='bbox 460 3602 701 3670; x_wconf 82' lang='lat' dir='ltr'><strong>codices,</strong></span> <span class='ocrx_word' id='word_1_465' title='bbox 731 3600 878 3672; x_wconf 90' lang='lat' dir='ltr'><strong>quod</strong></span> <span class='ocrx_word' id='word_1_466' title='bbox 898 3601 976 3656; x_wconf 90' lang='lat' dir='ltr'><strong>illi</strong></span> <span class='ocrx_word' id='word_1_467' title='bbox 1000 3602 1252 3672; x_wconf 81' lang='lat' dir='ltr'><strong>legebant</strong></span> <span class='ocrx_word' id='word_1_468' title='bbox 1273 3601 1498 3669; x_wconf 76' lang='lat' dir='ltr'><strong>passim.</strong></span> <span class='ocrx_word' id='word_1_469' title='bbox 1538 3590 1631 3658; x_wconf 92' lang='lat' dir='ltr'><strong>Sic</strong></span> <span class='ocrx_word' id='word_1_470' title='bbox 1666 3601 1778 3656; x_wconf 91' lang='lat' dir='ltr'><strong>Leo</strong></span> <span class='ocrx_word' id='word_1_471' title='bbox 1810 3600 2060 3671; x_wconf 81' lang='lat' dir='ltr'><strong>Magnus,</strong></span> 
     </span>
    </p>
   </div>
   <div class='ocr_carea' id='block_1_66' title="bbox 457 3692 2064 3765">
    <p class='ocr_par' dir='ltr' id='par_1_66' title="bbox 457 3692 2064 3765">
     <span class='ocr_line' id='line_1_66' title="bbox 457 3692 2064 3765; baseline -0.002 -14"><span class='ocrx_word' id='word_1_472' title='bbox 457 3703 514 3751; x_wconf 88' lang='lat' dir='ltr'><strong>et</strong></span> <span class='ocrx_word' id='word_1_473' title='bbox 542 3704 670 3751; x_wconf 88' lang='lat' dir='ltr'><strong>ante</strong></span> <span class='ocrx_word' id='word_1_474' title='bbox 694 3710 820 3751; x_wconf 89' lang='lat' dir='ltr'><strong>eum</strong></span> <span class='ocrx_word' id='word_1_475' title='bbox 844 3693 1103 3762; x_wconf 84' lang='lat' dir='ltr'><strong>Hilarius,</strong></span> <span class='ocrx_word' id='word_1_476' title='bbox 1139 3702 1197 3751; x_wconf 91' lang='lat' dir='ltr'><strong>et</strong></span> <span class='ocrx_word' id='word_1_477' title='bbox 1216 3692 1544 3749; x_wconf 80' lang='lat' dir='ltr'><strong>Ambrosius</strong></span> <span class='ocrx_word' id='word_1_478' title='bbox 1598 3695 1785 3765; x_wconf 89' lang='lat' dir='ltr'><strong>legunt</strong></span> <span class='ocrx_word' id='word_1_479' title='bbox 1815 3712 1829 3748; x_wconf 91' lang='lat'><strong>:</strong></span> <span class='ocrx_word' id='word_1_480' title='bbox 1874 3693 1943 3748; x_wconf 75' lang='lat' dir='ltr'><strong>Et</strong></span> <span class='ocrx_word' id='word_1_481' title='bbox 2007 3703 2064 3746; x_wconf 76' lang='lat' dir='ltr'><strong>ta</strong></span> 
     </span>
    </p>
   </div>
   <div class='ocr_carea' id='block_1_67' title="bbox 456 3785 2066 3857">
    <p class='ocr_par' dir='ltr' id='par_1_67' title="bbox 456 3785 2066 3857">
     <span class='ocr_line' id='line_1_67' title="bbox 456 3785 2066 3857; baseline 0 -16"><span class='ocrx_word' id='word_1_482' title='bbox 456 3785 722 3843; x_wconf 73' lang='lat' dir='ltr'><strong>Bethleem</strong></span> <span class='ocrx_word' id='word_1_483' title='bbox 766 3786 974 3844; x_wconf 62' lang='lat' dir='ltr'><strong>ludam</strong></span> <span class='ocrx_word' id='word_1_484' title='bbox 1002 3828 1018 3854; x_wconf 88' lang='lat'><strong>,</strong></span> <span class='ocrx_word' id='word_1_485' title='bbox 1078 3803 1182 3843; x_wconf 78' lang='lat' dir='ltr'><strong>non</strong></span> <span class='ocrx_word' id='word_1_486' title='bbox 1232 3797 1307 3842; x_wconf 79' lang='lat' dir='ltr'><strong>est</strong></span> <span class='ocrx_word' id='word_1_487' title='bbox 1350 3788 1566 3842; x_wconf 82' lang='lat' dir='ltr'><strong>minima</strong></span> <span class='ocrx_word' id='word_1_488' title='bbox 1610 3788 1745 3841; x_wconf 80' lang='lat' dir='ltr'><strong>inter</strong></span> <span class='ocrx_word' id='word_1_489' title='bbox 1809 3787 2066 3857; x_wconf 77' lang='lat' dir='ltr'><strong>principes</strong></span> 
     </span>
    </p>
   </div>
   <div class='ocr_carea' id='block_1_68' title="bbox 453 3879 2062 3953">
    <p class='ocr_par' dir='ltr' id='par_1_68' title="bbox 453 3879 2062 3953">
     <span class='ocr_line' id='line_1_68' title="bbox 453 3879 2062 3953; baseline -0.002 -16"><span class='ocrx_word' id='word_1_490' title='bbox 453 3879 599 3937; x_wconf 67' lang='lat' dir='ltr'><strong>Iuda</strong></span> <span class='ocrx_word' id='word_1_491' title='bbox 630 3898 650 3937; x_wconf 67' lang='grc' dir='ltr'><em>ς</em></span> <span class='ocrx_word' id='word_1_492' title='bbox 703 3896 771 3936; x_wconf 78' lang='lat' dir='ltr'><strong>ea:</strong></span> <span class='ocrx_word' id='word_1_493' title='bbox 793 3891 841 3937; x_wconf 83' lang='lat' dir='ltr'><strong>te</strong></span> <span class='ocrx_word' id='word_1_494' title='bbox 869 3882 1005 3937; x_wconf 72' lang='lat' dir='ltr'><strong>enim</strong></span> <span class='ocrx_word' id='word_1_495' title='bbox 1030 3882 1161 3937; x_wconf 68' lang='lat' dir='ltr'><strong>eiciet</strong></span> <span class='ocrx_word' id='word_1_496' title='bbox 1188 3879 1462 3952; x_wconf 76' lang='lat' dir='ltr'><strong>Princeps,</strong></span> <span class='ocrx_word' id='word_1_497' title='bbox 1508 3882 1596 3951; x_wconf 84' lang='lat' dir='ltr'><strong>qui</strong></span> <span class='ocrx_word' id='word_1_498' title='bbox 1636 3891 1784 3953; x_wconf 79' lang='lat' dir='ltr'><strong>regat</strong></span> <span class='ocrx_word' id='word_1_499' title='bbox 1812 3880 2062 3950; x_wconf 78' lang='lat' dir='ltr'><strong>populum</strong></span> 
     </span>
    </p>
   </div>
   <div class='ocr_carea' id='block_1_69' title="bbox 451 3971 2065 4046">
    <p class='ocr_par' dir='ltr' id='par_1_69' title="bbox 451 3971 2065 4046">
     <span class='ocr_line' id='line_1_69' title="bbox 451 3971 2065 4046; baseline -0.002 -16"><span class='ocrx_word' id='word_1_500' title='bbox 451 3990 621 4030; x_wconf 76' lang='lat' dir='ltr'><strong>meum</strong></span> <span class='ocrx_word' id='word_1_501' title='bbox 641 3974 829 4031; x_wconf 77' lang='lat' dir='ltr'><strong>Israel.</strong></span> <span class='ocrx_word' id='word_1_502' title='bbox 853 3974 1089 4046; x_wconf 81' lang='lat' dir='ltr'><strong>Legebat</strong></span> <span class='ocrx_word' id='word_1_503' title='bbox 1118 3974 1339 4031; x_wconf 79' lang='lat' dir='ltr'><strong>Lucifer</strong></span> <span class='ocrx_word' id='word_1_504' title='bbox 1378 3974 1721 4030; x_wconf 81' lang='lat' dir='ltr'><strong>Caiaritanus</strong></span> <span class='ocrx_word' id='word_1_505' title='bbox 1744 3989 1759 4026; x_wconf 91' lang='lat'><strong>:</strong></span> <span class='ocrx_word' id='word_1_506' title='bbox 1784 3971 1848 4027; x_wconf 77' lang='lat' dir='ltr'><strong>Et</strong></span> <span class='ocrx_word' id='word_1_507' title='bbox 1901 3973 2065 4028; x_wconf 78' lang='lat' dir='ltr'><strong>nolite</strong></span> 
     </span>
    </p>
   </div>
   <div class='ocr_carea' id='block_1_70' title="bbox 452 4065 2060 4141">
    <p class='ocr_par' dir='ltr' id='par_1_70' title="bbox 452 4065 2060 4141">
     <span class='ocr_line' id='line_1_70' title="bbox 452 4065 2060 4141; baseline -0.004 -16"><span class='ocrx_word' id='word_1_508' title='bbox 452 4073 708 4141; x_wconf 69' lang='lat' dir='ltr'><strong>prteferre‘</strong></span> <span class='ocrx_word' id='word_1_509' title='bbox 745 4085 858 4135; x_wconf 82' lang='lat' dir='ltr'><strong>eos,</strong></span> <span class='ocrx_word' id='word_1_510' title='bbox 898 4068 1118 4124; x_wconf 77' lang='lat' dir='ltr'><strong>dicentes</strong></span> <span class='ocrx_word' id='word_1_511' title='bbox 1148 4084 1168 4123; x_wconf 91' lang='lat'><strong><em>:</em></strong></span> <span class='ocrx_word' id='word_1_512' title='bbox 1215 4068 1426 4124; x_wconf 81' lang='lat' dir='ltr'><strong>Patrem</strong></span> <span class='ocrx_word' id='word_1_513' title='bbox 1471 4068 1716 4122; x_wconf 75' lang='lat' dir='ltr'><strong>habemus</strong></span> <span class='ocrx_word' id='word_1_514' title='bbox 1776 4065 2060 4121; x_wconf 77' lang='lat' dir='ltr'><strong>Abraham.</strong></span> 
     </span>
    </p>
   </div>
   <div class='ocr_carea' id='block_1_71' title="bbox 451 4159 2066 4230">
    <p class='ocr_par' dir='ltr' id='par_1_71' title="bbox 451 4159 2066 4230">
     <span class='ocr_line' id='line_1_71' title="bbox 451 4159 2066 4230; baseline -0.004 -13"><span class='ocrx_word' id='word_1_515' title='bbox 451 4160 801 4218; x_wconf 85' lang='lat' dir='ltr'><strong>Chromatius</strong></span> <span class='ocrx_word' id='word_1_516' title='bbox 821 4160 1223 4229; x_wconf 80' lang='lat' dir='ltr'><strong>Aquileiensis:</strong></span> <span class='ocrx_word' id='word_1_517' title='bbox 1254 4159 1403 4215; x_wconf 82' lang='lat' dir='ltr'><strong>Beati</strong></span> <span class='ocrx_word' id='word_1_518' title='bbox 1444 4161 1597 4226; x_wconf 87' lang='lat' dir='ltr'><strong>estis,</strong></span> <span class='ocrx_word' id='word_1_519' title='bbox 1631 4175 1748 4213; x_wconf 84' lang='lat' dir='ltr'><strong>cum</strong></span> <span class='ocrx_word' id='word_1_520' title='bbox 1777 4173 1863 4211; x_wconf 75' lang='lat' dir='ltr'><strong>vos</strong></span> <span class='ocrx_word' id='word_1_521' title='bbox 1893 4173 2066 4230; x_wconf 81' lang='lat' dir='ltr'><strong>perse-</strong></span> 
     </span>
    </p>
   </div>
   <div class='ocr_carea' id='block_1_72' title="bbox 451 4251 2064 4325">
    <p class='ocr_par' dir='ltr' id='par_1_72' title="bbox 451 4251 2064 4325">
     <span class='ocr_line' id='line_1_72' title="bbox 451 4251 2064 4325; baseline -0.004 -17"><span class='ocrx_word' id='word_1_522' title='bbox 451 4264 707 4325; x_wconf 72' lang='lat' dir='ltr'><strong>quuntur,</strong></span> <span class='ocrx_word' id='word_1_523' title='bbox 740 4263 785 4308; x_wconf 83' lang='lat' dir='ltr'><strong>et</strong></span> <span class='ocrx_word' id='word_1_524' title='bbox 809 4253 1118 4323; x_wconf 60' lang='lat' dir='ltr'><strong>curabant,</strong></span> <span class='ocrx_word' id='word_1_525' title='bbox 1149 4261 1197 4307; x_wconf 80' lang='lat' dir='ltr'><strong>et</strong></span> <span class='ocrx_word' id='word_1_526' title='bbox 1214 4252 1389 4306; x_wconf 60' lang='lat' dir='ltr'><strong>dicunt</strong></span> <span class='ocrx_word' id='word_1_527' title='bbox 1409 4268 1557 4307; x_wconf 83' lang='lat' dir='ltr'><strong>omne</strong></span> <span class='ocrx_word' id='word_1_528' title='bbox 1576 4251 1773 4306; x_wconf 74' lang='lat' dir='ltr'><strong>malum</strong></span> <span class='ocrx_word' id='word_1_529' title='bbox 1793 4251 2064 4304; x_wconf 76' lang='lat' dir='ltr'><strong>adversum</strong></span> 
     </span>
    </p>
   </div>
   <div class='ocr_carea' id='block_1_73' title="bbox 449 4336 2061 4421">
    <p class='ocr_par' dir='ltr' id='par_1_73' title="bbox 449 4336 2061 4421">
     <span class='ocr_line' id='line_1_73' title="bbox 449 4336 2061 4421; baseline -0.003 -17"><span class='ocrx_word' id='word_1_530' title='bbox 449 4363 538 4405; x_wconf 76' lang='lat' dir='ltr'><strong>eos</strong></span> <span class='ocrx_word' id='word_1_531' title='bbox 568 4357 777 4420; x_wconf 81' lang='lat' dir='ltr'><strong>propter</strong></span> <span class='ocrx_word' id='word_1_532' title='bbox 789 4349 1076 4421; x_wconf 81' lang='lat' dir='ltr'><strong>justitiam,</strong></span> <span class='ocrx_word' id='word_1_533' title='bbox 1101 4356 1424 4404; x_wconf 79' lang='lat' dir='ltr'><strong>utentientes.</strong></span> <span class='ocrx_word' id='word_1_534' title='bbox 1456 4349 1705 4419; x_wconf 81' lang='lat' dir='ltr'><strong>Denique</strong></span> <span class='ocrx_word' id='word_1_535' title='bbox 1730 4336 2061 4418; x_wconf 84' lang='lat' dir='ltr'><strong>Cyprianus,</strong></span> 
     </span>
    </p>
   </div>
   <div class='ocr_carea' id='block_1_74' title="bbox 461 4438 2064 4510">
    <p class='ocr_par' dir='ltr' id='par_1_74' title="bbox 461 4438 2064 4510">
     <span class='ocr_line' id='line_1_74' title="bbox 461 4438 2064 4510; baseline 0 -15"><span class='ocrx_word' id='word_1_536' title='bbox 461 4448 517 4495; x_wconf 88' lang='lat' dir='ltr'><strong>et</strong></span> <span class='ocrx_word' id='word_1_537' title='bbox 544 4440 634 4496; x_wconf 84' lang='lat' dir='ltr'><strong>alii</strong></span> <span class='ocrx_word' id='word_1_538' title='bbox 659 4458 675 4494; x_wconf 86' lang='lat'><strong>:</strong></span> <span class='ocrx_word' id='word_1_539' title='bbox 706 4438 822 4510; x_wconf 81' lang='lat' dir='ltr'><strong>Ego</strong></span> <span class='ocrx_word' id='word_1_540' title='bbox 845 4440 936 4498; x_wconf 79' lang='lat' dir='ltr'><strong>tibi</strong></span> <span class='ocrx_word' id='word_1_541' title='bbox 961 4441 1099 4506; x_wconf 79' lang='lat' dir='ltr'><strong>dico,</strong></span> <span class='ocrx_word' id='word_1_542' title='bbox 1124 4442 1245 4507; x_wconf 77' lang='lat' dir='ltr'><strong>quia</strong></span> <span class='ocrx_word' id='word_1_543' title='bbox 1273 4451 1327 4496; x_wconf 84' lang='lat' dir='ltr'><strong>tu</strong></span> <span class='ocrx_word' id='word_1_544' title='bbox 1348 4457 1403 4496; x_wconf 80' lang='lat' dir='ltr'><strong>es</strong></span> <span class='ocrx_word' id='word_1_545' title='bbox 1430 4440 1640 4505; x_wconf 73' lang='lat' dir='ltr'><strong>Petrus,</strong></span> <span class='ocrx_word' id='word_1_546' title='bbox 1656 4449 1707 4495; x_wconf 84' lang='lat' dir='ltr'><strong>et</strong></span> <span class='ocrx_word' id='word_1_547' title='bbox 1732 4450 1888 4510; x_wconf 80' lang='lat' dir='ltr'><strong>super</strong></span> <span class='ocrx_word' id='word_1_548' title='bbox 1910 4440 2064 4495; x_wconf 81' lang='lat' dir='ltr'><strong>istaut</strong></span> 
     </span>
    </p>
   </div>
   <div class='ocr_carea' id='block_1_75' title="bbox 450 4533 2064 4605">
    <p class='ocr_par' dir='ltr' id='par_1_75' title="bbox 450 4533 2064 4605">
     <span class='ocr_line' id='line_1_75' title="bbox 450 4533 2064 4605; baseline -0.002 -15"><span class='ocrx_word' id='word_1_549' title='bbox 450 4541 650 4605; x_wconf 79' lang='lat' dir='ltr'><strong>petram</strong></span> <span class='ocrx_word' id='word_1_550' title='bbox 678 4533 949 4604; x_wconf 64' lang='lat' dir='ltr'><strong>testiﬁcatio</strong></span> <span class='ocrx_word' id='word_1_551' title='bbox 982 4534 1271 4589; x_wconf 79' lang='lat' dir='ltr'><strong>Ecclesium</strong></span> <span class='ocrx_word' id='word_1_552' title='bbox 1297 4551 1484 4599; x_wconf 79' lang='lat' dir='ltr'><strong>meam,</strong></span> <span class='ocrx_word' id='word_1_553' title='bbox 1512 4541 1563 4590; x_wconf 79' lang='lat' dir='ltr'><strong>et</strong></span> <span class='ocrx_word' id='word_1_554' title='bbox 1588 4543 1755 4604; x_wconf 68' lang='lat' dir='ltr'><strong>portat</strong></span> <span class='ocrx_word' id='word_1_555' title='bbox 1774 4533 2064 4603; x_wconf 75' lang='lat' dir='ltr'><strong>inferorum</strong></span> 
     </span>
    </p>
   </div>
   <div class='ocr_carea' id='block_1_76' title="bbox 2172 3314 3782 3400">
    <p class='ocr_par' dir='ltr' id='par_1_76' title="bbox 2172 3314 3782 3400">
     <span class='ocr_line' id='line_1_76' title="bbox 2172 3314 3782 3400; baseline 0.002 -19"><span class='ocrx_word' id='word_1_556' title='bbox 2172 3314 2412 3395; x_wconf 79' lang='lat' dir='ltr'><strong>scripto,</strong></span> <span class='ocrx_word' id='word_1_557' title='bbox 2445 3333 2769 3397; x_wconf 86' lang='lat' dir='ltr'><strong>vetustoque</strong></span> <span class='ocrx_word' id='word_1_558' title='bbox 2797 3327 3147 3395; x_wconf 85' lang='lat' dir='ltr'><strong>charactere,</strong></span> <span class='ocrx_word' id='word_1_559' title='bbox 3180 3327 3323 3384; x_wconf 83' lang='lat' dir='ltr'><strong>idem</strong></span> <span class='ocrx_word' id='word_1_560' title='bbox 3373 3328 3476 3384; x_wconf 78' lang='lat' dir='ltr'><strong>fuit</strong></span> <span class='ocrx_word' id='word_1_561' title='bbox 3514 3328 3782 3400; x_wconf 77' lang='lat' dir='ltr'><strong>judicium</strong></span> 
     </span>
    </p>
   </div>
   <div class='ocr_carea' id='block_1_77' title="bbox 2168 3418 3784 3489">
    <p class='ocr_par' dir='ltr' id='par_1_77' title="bbox 2168 3418 3784 3489">
     <span class='ocr_line' id='line_1_77' title="bbox 2168 3418 3784 3489; baseline 0.002 -16"><span class='ocrx_word' id='word_1_562' title='bbox 2168 3418 2308 3489; x_wconf 88' lang='lat' dir='ltr'><strong>apud</strong></span> <span class='ocrx_word' id='word_1_563' title='bbox 2340 3420 2540 3474; x_wconf 89' lang='lat' dir='ltr'><strong>multos</strong></span> <span class='ocrx_word' id='word_1_564' title='bbox 2570 3419 2844 3475; x_wconf 86' lang='lat' dir='ltr'><strong>studiosos</strong></span> <span class='ocrx_word' id='word_1_565' title='bbox 2875 3419 3123 3476; x_wconf 86' lang='lat' dir='ltr'><strong>homines</strong></span> <span class='ocrx_word' id='word_1_566' title='bbox 3143 3460 3159 3489; x_wconf 92' lang='lat'><strong>,</strong></span> <span class='ocrx_word' id='word_1_567' title='bbox 3197 3421 3249 3475; x_wconf 90' lang='lat' dir='ltr'><strong>in</strong></span> <span class='ocrx_word' id='word_1_568' title='bbox 3280 3420 3446 3477; x_wconf 81' lang='lat' dir='ltr'><strong>rebus</strong></span> <span class='ocrx_word' id='word_1_569' title='bbox 3476 3420 3652 3477; x_wconf 86' lang='lat' dir='ltr'><strong>sacris</strong></span> <span class='ocrx_word' id='word_1_570' title='bbox 3672 3462 3689 3486; x_wconf 88' lang='lat'><strong>,</strong></span> <span class='ocrx_word' id='word_1_571' title='bbox 3719 3435 3784 3476; x_wconf 85' lang='lat' dir='ltr'><strong>ac</strong></span> 
     </span>
    </p>
   </div>
   <div class='ocr_carea' id='block_1_78' title="bbox 2168 3513 3781 3587">
    <p class='ocr_par' dir='ltr' id='par_1_78' title="bbox 2168 3513 3781 3587">
     <span class='ocr_line' id='line_1_78' title="bbox 2168 3513 3781 3587; baseline 0.001 -20"><span class='ocrx_word' id='word_1_572' title='bbox 2168 3513 2224 3568; x_wconf 91' lang='lat' dir='ltr'><strong>in</strong></span> <span class='ocrx_word' id='word_1_573' title='bbox 2253 3515 2528 3569; x_wconf 83' lang='lat' dir='ltr'><strong>veteribus</strong></span> <span class='ocrx_word' id='word_1_574' title='bbox 2550 3516 2919 3571; x_wconf 85' lang='lat' dir='ltr'><strong>monumentis</strong></span> <span class='ocrx_word' id='word_1_575' title='bbox 2941 3515 3222 3581; x_wconf 83' lang='lat' dir='ltr'><strong>curiosos;</strong></span> <span class='ocrx_word' id='word_1_576' title='bbox 3249 3528 3481 3587; x_wconf 86' lang='lat' dir='ltr'><strong>quorum</strong></span> <span class='ocrx_word' id='word_1_577' title='bbox 3503 3515 3781 3584; x_wconf 72' lang='lat' dir='ltr'><strong>alloquiis,</strong></span> 
     </span>
    </p>
   </div>
   <div class='ocr_carea' id='block_1_79' title="bbox 2165 3606 3783 3680">
    <p class='ocr_par' dir='ltr' id='par_1_79' title="bbox 2165 3606 3783 3680">
     <span class='ocr_line' id='line_1_79' title="bbox 2165 3606 3783 3680; baseline 0.001 -19"><span class='ocrx_word' id='word_1_578' title='bbox 2165 3613 2222 3661; x_wconf 87' lang='lat' dir='ltr'><strong>et</strong></span> <span class='ocrx_word' id='word_1_579' title='bbox 2256 3606 2624 3661; x_wconf 83' lang='lat' dir='ltr'><strong>familiaritate</strong></span> <span class='ocrx_word' id='word_1_580' title='bbox 2650 3608 3063 3677; x_wconf 87' lang='lat' dir='ltr'><strong>cohonestatus,</strong></span> <span class='ocrx_word' id='word_1_581' title='bbox 3095 3609 3357 3665; x_wconf 79' lang='lat' dir='ltr'><strong>videndos</strong></span> <span class='ocrx_word' id='word_1_582' title='bbox 3378 3608 3512 3680; x_wconf 88' lang='lat' dir='ltr'><strong>ipsis</strong></span> <span class='ocrx_word' id='word_1_583' title='bbox 3534 3624 3604 3665; x_wconf 81' lang='lat' dir='ltr'><strong>ac</strong></span> <span class='ocrx_word' id='word_1_584' title='bbox 3625 3624 3783 3665; x_wconf 59' lang='lat' dir='ltr'><strong>seruo</strong></span> 
     </span>
    </p>
   </div>
   <div class='ocr_carea' id='block_1_80' title="bbox 2165 3697 3784 3777">
    <p class='ocr_par' dir='ltr' id='par_1_80' title="bbox 2165 3697 3784 3777">
     <span class='ocr_line' id='line_1_80' title="bbox 2165 3697 3784 3777; baseline 0.002 -25"><span class='ocrx_word' id='word_1_585' title='bbox 2165 3697 2361 3753; x_wconf 87' lang='lat' dir='ltr'><strong>tandos</strong></span> <span class='ocrx_word' id='word_1_586' title='bbox 2385 3714 2491 3752; x_wconf 90' lang='lat' dir='ltr'><strong>non</strong></span> <span class='ocrx_word' id='word_1_587' title='bbox 2514 3714 2639 3752; x_wconf 89' lang='lat' dir='ltr'><strong>raro</strong></span> <span class='ocrx_word' id='word_1_588' title='bbox 2661 3697 2879 3755; x_wconf 86' lang='lat' dir='ltr'><strong>exhibui</strong></span> <span class='ocrx_word' id='word_1_589' title='bbox 2902 3700 3120 3756; x_wconf 84' lang='lat' dir='ltr'><strong>codices</strong></span> <span class='ocrx_word' id='word_1_590' title='bbox 3146 3700 3553 3777; x_wconf 83' lang='lat' dir='ltr'><strong>manuscriptos</strong></span> <span class='ocrx_word' id='word_1_591' title='bbox 3581 3699 3784 3756; x_wconf 67' lang='lat' dir='ltr'><strong>Italicae</strong></span> 
     </span>
    </p>
   </div>
   <div class='ocr_carea' id='block_1_81' title="bbox 2166 3789 3784 3864">
    <p class='ocr_par' dir='ltr' id='par_1_81' title="bbox 2166 3789 3784 3864">
     <span class='ocr_line' id='line_1_81' title="bbox 2166 3789 3784 3864; baseline 0.001 -19"><span class='ocrx_word' id='word_1_592' title='bbox 2166 3789 2455 3845; x_wconf 88' lang='lat' dir='ltr'><strong>versionis.</strong></span> <span class='ocrx_word' id='word_1_593' title='bbox 2507 3789 2736 3847; x_wconf 86' lang='lat' dir='ltr'><strong>Sodaies</strong></span> <span class='ocrx_word' id='word_1_594' title='bbox 2786 3802 2941 3847; x_wconf 82' lang='lat' dir='ltr'><strong>meos</strong></span> <span class='ocrx_word' id='word_1_595' title='bbox 2988 3807 3054 3847; x_wconf 83' lang='lat' dir='ltr'><strong>ac</strong></span> <span class='ocrx_word' id='word_1_596' title='bbox 3102 3793 3580 3864; x_wconf 82' lang='lat' dir='ltr'><strong>compresbyteros</strong></span> <span class='ocrx_word' id='word_1_597' title='bbox 3628 3800 3784 3848; x_wconf 82' lang='lat' dir='ltr'><strong>taceo</strong></span> 
     </span>
    </p>
   </div>
   <div class='ocr_carea' id='block_1_82' title="bbox 2165 3886 3787 3955">
    <p class='ocr_par' dir='ltr' id='par_1_82' title="bbox 2165 3886 3787 3955">
     <span class='ocr_line' id='line_1_82' title="bbox 2165 3886 3787 3955; baseline 0 -15"><span class='ocrx_word' id='word_1_598' title='bbox 2165 3886 2499 3951; x_wconf 84' lang='lat' dir='ltr'><strong>monachos,</strong></span> <span class='ocrx_word' id='word_1_599' title='bbox 2530 3886 2778 3955; x_wconf 82' lang='lat' dir='ltr'><strong>quamvis</strong></span> <span class='ocrx_word' id='word_1_600' title='bbox 2822 3886 3067 3941; x_wconf 80' lang='lat' dir='ltr'><strong>nonnulli</strong></span> <span class='ocrx_word' id='word_1_601' title='bbox 3107 3902 3174 3942; x_wconf 86' lang='lat' dir='ltr'><strong>ex</strong></span> <span class='ocrx_word' id='word_1_602' title='bbox 3204 3886 3322 3953; x_wconf 86' lang='lat' dir='ltr'><strong>eis,</strong></span> <span class='ocrx_word' id='word_1_603' title='bbox 3353 3886 3575 3942; x_wconf 88' lang='lat' dir='ltr'><strong>nemine</strong></span> <span class='ocrx_word' id='word_1_604' title='bbox 3605 3886 3787 3941; x_wconf 54' lang='lat' dir='ltr'><strong>reciae</strong></span> 
     </span>
    </p>
   </div>
   <div class='ocr_carea' id='block_1_83' title="bbox 2165 3978 3784 4042">
    <p class='ocr_par' dir='ltr' id='par_1_83' title="bbox 2165 3978 3784 4042">
     <span class='ocr_line' id='line_1_83' title="bbox 2165 3978 3784 4042; baseline 0.002 -9"><span class='ocrx_word' id='word_1_605' title='bbox 2165 3982 2381 4042; x_wconf 83' lang='lat' dir='ltr'><strong>mante,</strong></span> <span class='ocrx_word' id='word_1_606' title='bbox 2412 3978 2814 4041; x_wconf 60' lang='lat' dir='ltr'><strong>,consuitissimi</strong></span> <span class='ocrx_word' id='word_1_607' title='bbox 2860 3979 3163 4035; x_wconf 86' lang='lat' dir='ltr'><strong>habeantur</strong></span> <span class='ocrx_word' id='word_1_608' title='bbox 3211 3981 3265 4036; x_wconf 91' lang='lat' dir='ltr'><strong>in</strong></span> <span class='ocrx_word' id='word_1_609' title='bbox 3313 3981 3416 4037; x_wconf 83' lang='lat' dir='ltr'><strong>hoc</strong></span> <span class='ocrx_word' id='word_1_610' title='bbox 3454 3980 3784 4037; x_wconf 81' lang='lat' dir='ltr'><strong>eruditionis</strong></span> 
     </span>
    </p>
   </div>
   <div class='ocr_carea' id='block_1_84' title="bbox 2167 4070 3783 4145">
    <p class='ocr_par' dir='ltr' id='par_1_84' title="bbox 2167 4070 3783 4145">
     <span class='ocr_line' id='line_1_84' title="bbox 2167 4070 3783 4145; baseline 0.002 -18"><span class='ocrx_word' id='word_1_611' title='bbox 2167 4086 2389 4144; x_wconf 83' lang='lat' dir='ltr'><strong>genere.</strong></span> <span class='ocrx_word' id='word_1_612' title='bbox 2420 4070 2529 4128; x_wconf 84' lang='lat' dir='ltr'><strong>Sed</strong></span> <span class='ocrx_word' id='word_1_613' title='bbox 2561 4074 2741 4128; x_wconf 85' lang='lat' dir='ltr'><strong>nullus</strong></span> <span class='ocrx_word' id='word_1_614' title='bbox 2772 4089 2802 4128; x_wconf 91' lang='lat' dir='ltr'><strong>a</strong></span> <span class='ocrx_word' id='word_1_615' title='bbox 2827 4073 3010 4145; x_wconf 84' lang='lat' dir='ltr'><strong>seipso</strong></span> <span class='ocrx_word' id='word_1_616' title='bbox 3031 4116 3047 4141; x_wconf 89' lang='lat'><strong>,</strong></span> <span class='ocrx_word' id='word_1_617' title='bbox 3079 4085 3172 4130; x_wconf 89' lang='lat' dir='ltr'><strong>aut</strong></span> <span class='ocrx_word' id='word_1_618' title='bbox 3199 4090 3229 4130; x_wconf 93' lang='lat' dir='ltr'><strong>a</strong></span> <span class='ocrx_word' id='word_1_619' title='bbox 3259 4076 3373 4131; x_wconf 84' lang='lat' dir='ltr'><strong>suis</strong></span> <span class='ocrx_word' id='word_1_620' title='bbox 3402 4076 3783 4131; x_wconf 77' lang='lat' dir='ltr'><strong>testimonium</strong></span> 
     </span>
    </p>
   </div>
   <div class='ocr_carea' id='block_1_85' title="bbox 2168 4165 3782 4236">
    <p class='ocr_par' dir='ltr' id='par_1_85' title="bbox 2168 4165 3782 4236">
     <span class='ocr_line' id='line_1_85' title="bbox 2168 4165 3782 4236; baseline 0.004 -19"><span class='ocrx_word' id='word_1_621' title='bbox 2168 4166 2418 4233; x_wconf 88' lang='lat' dir='ltr'><strong>accipere</strong></span> <span class='ocrx_word' id='word_1_622' title='bbox 2444 4165 2636 4220; x_wconf 89' lang='lat' dir='ltr'><strong>solitus</strong></span> <span class='ocrx_word' id='word_1_623' title='bbox 2665 4178 2769 4222; x_wconf 91' lang='lat' dir='ltr'><strong>est.</strong></span> <span class='ocrx_word' id='word_1_624' title='bbox 2798 4168 3049 4232; x_wconf 71' lang='lat' dir='ltr'><strong>Deorum,</strong></span> <span class='ocrx_word' id='word_1_625' title='bbox 3074 4175 3133 4222; x_wconf 87' lang='lat' dir='ltr'><strong>ut</strong></span> <span class='ocrx_word' id='word_1_626' title='bbox 3160 4184 3266 4223; x_wconf 87' lang='lat' dir='ltr'><strong>uno</strong></span> <span class='ocrx_word' id='word_1_627' title='bbox 3287 4168 3455 4223; x_wconf 86' lang='lat' dir='ltr'><strong>verbo</strong></span> <span class='ocrx_word' id='word_1_628' title='bbox 3470 4168 3782 4236; x_wconf 81' lang='lat' dir='ltr'><strong>absolvam,</strong></span> 
     </span>
    </p>
   </div>
   <div class='ocr_carea' id='block_1_86' title="bbox 2122 4256 3781 4330">
    <p class='ocr_par' dir='ltr' id='par_1_86' title="bbox 2122 4256 3781 4330">
     <span class='ocr_line' id='line_1_86' title="bbox 2122 4256 3781 4330; baseline 0.005 -24"><span class='ocrx_word' id='word_1_629' title='bbox 2122 4302 2125 4305; x_wconf 93' lang='lat'><strong>.</strong></span> <span class='ocrx_word' id='word_1_630' title='bbox 2168 4262 2375 4326; x_wconf 80' lang='lat' dir='ltr'><strong>praesto</strong></span> <span class='ocrx_word' id='word_1_631' title='bbox 2403 4265 2529 4313; x_wconf 86' lang='lat' dir='ltr'><strong>sunt</strong></span> <span class='ocrx_word' id='word_1_632' title='bbox 2566 4260 2924 4330; x_wconf 81' lang='lat' dir='ltr'><strong>manuscripti</strong></span> <span class='ocrx_word' id='word_1_633' title='bbox 2955 4261 3127 4316; x_wconf 88' lang='lat' dir='ltr'><strong>nostri</strong></span> <span class='ocrx_word' id='word_1_634' title='bbox 3165 4256 3419 4316; x_wconf 82' lang='lat' dir='ltr'><strong>ontnibus</strong></span> <span class='ocrx_word' id='word_1_635' title='bbox 3464 4275 3781 4330; x_wconf 65' lang='lat' dir='ltr'><strong>represen-</strong></span> 
     </span>
    </p>
   </div>
   <div class='ocr_carea' id='block_1_87' title="bbox 2170 4349 3782 4426">
    <p class='ocr_par' dir='ltr' id='par_1_87' title="bbox 2170 4349 3782 4426">
     <span class='ocr_line' id='line_1_87' title="bbox 2170 4349 3782 4426; baseline 0.005 -23"><span class='ocrx_word' id='word_1_636' title='bbox 2170 4349 2316 4404; x_wconf 83' lang='lat' dir='ltr'><strong>tandi</strong></span> <span class='ocrx_word' id='word_1_637' title='bbox 2343 4350 2605 4415; x_wconf 66' lang='lat' dir='ltr'><strong>curiosis,</strong></span> <span class='ocrx_word' id='word_1_638' title='bbox 2637 4352 2728 4423; x_wconf 88' lang='lat' dir='ltr'><strong>qui</strong></span> <span class='ocrx_word' id='word_1_639' title='bbox 2756 4354 2825 4410; x_wconf 87' lang='lat' dir='ltr'><strong>de</strong></span> <span class='ocrx_word' id='word_1_640' title='bbox 2845 4369 3034 4411; x_wconf 80' lang='lat' dir='ltr'><strong>eorum</strong></span> <span class='ocrx_word' id='word_1_641' title='bbox 3068 4354 3292 4426; x_wconf 75' lang='lat' dir='ltr'><strong>probata</strong></span> <span class='ocrx_word' id='word_1_642' title='bbox 3319 4362 3591 4412; x_wconf 80' lang='lat' dir='ltr'><strong>vetustate</strong></span> <span class='ocrx_word' id='word_1_643' title='bbox 3615 4356 3782 4411; x_wconf 83' lang='lat' dir='ltr'><strong>dubi-</strong></span> 
     </span>
    </p>
   </div>
   <div class='ocr_carea' id='block_1_88' title="bbox 2168 4443 2606 4499">
    <p class='ocr_par' dir='ltr' id='par_1_88' title="bbox 2168 4443 2606 4499">
     <span class='ocr_line' id='line_1_88' title="bbox 2168 4443 2606 4499; baseline 0.005 -3"><span class='ocrx_word' id='word_1_644' title='bbox 2168 4452 2287 4498; x_wconf 88' lang='lat' dir='ltr'><strong>tare</strong></span> <span class='ocrx_word' id='word_1_645' title='bbox 2313 4443 2606 4499; x_wconf 85' lang='lat' dir='ltr'><strong>voluerint.</strong></span> 
     </span>
    </p>
   </div>
   <div class='ocr_carea' id='block_1_89' title="bbox 2242 4537 3787 4613">
    <p class='ocr_par' dir='ltr' id='par_1_89' title="bbox 2242 4537 3787 4613">
     <span class='ocr_line' id='line_1_89' title="bbox 2242 4537 3787 4613; baseline 0.005 -22"><span class='ocrx_word' id='word_1_646' title='bbox 2242 4537 2361 4593; x_wconf 91' lang='lat' dir='ltr'><strong>Dixi</strong></span> <span class='ocrx_word' id='word_1_647' title='bbox 2404 4549 2756 4596; x_wconf 88' lang='lat' dir='ltr'><strong>conservatos</strong></span> <span class='ocrx_word' id='word_1_648' title='bbox 2802 4541 2972 4599; x_wconf 73' lang='lat' dir='ltr'><strong>fuisse</strong></span> <span class='ocrx_word' id='word_1_649' title='bbox 3016 4542 3234 4599; x_wconf 81' lang='lat' dir='ltr'><strong>codices</strong></span> <span class='ocrx_word' id='word_1_650' title='bbox 3276 4552 3496 4599; x_wconf 82' lang='lat' dir='ltr'><strong>nostros</strong></span> <span class='ocrx_word' id='word_1_651' title='bbox 3536 4543 3787 4613; x_wconf 70' lang='lat' dir='ltr'><strong>penati-</strong></span> 
     </span>
    </p>
   </div>
   <div class='ocr_carea' id='block_1_90' title="bbox 445 4627 3783 4706">
    <p class='ocr_par' dir='ltr' id='par_1_90' title="bbox 445 4627 3783 4706">
     <span class='ocr_line' id='line_1_90' title="bbox 445 4627 3783 4706; baseline 0.003 -23"><span class='ocrx_word' id='word_1_652' title='bbox 445 4642 551 4683; x_wconf 81' lang='lat' dir='ltr'><strong>non</strong></span> <span class='ocrx_word' id='word_1_653' title='bbox 574 4629 777 4684; x_wconf 71' lang='lat' dir='ltr'><strong>vincent</strong></span> <span class='ocrx_word' id='word_1_654' title='bbox 804 4644 938 4694; x_wconf 80' lang='lat' dir='ltr'><strong>eam,</strong></span> <span class='ocrx_word' id='word_1_655' title='bbox 971 4637 1079 4684; x_wconf 90' lang='lat' dir='ltr'><strong>etc.</strong></span> <span class='ocrx_word' id='word_1_656' title='bbox 1114 4627 1314 4685; x_wconf 83' lang='lat' dir='ltr'><strong>Verum</strong></span> <span class='ocrx_word' id='word_1_657' title='bbox 1362 4629 1493 4701; x_wconf 90' lang='lat' dir='ltr'><strong>quid</strong></span> <span class='ocrx_word' id='word_1_658' title='bbox 1523 4631 1738 4694; x_wconf 87' lang='lat' dir='ltr'><strong>otiose,</strong></span> <span class='ocrx_word' id='word_1_659' title='bbox 1772 4630 1873 4684; x_wconf 84' lang='lat' dir='ltr'><strong>ista</strong></span> <span class='ocrx_word' id='word_1_660' title='bbox 1905 4644 2058 4685; x_wconf 88' lang='lat' dir='ltr'><strong>com-</strong></span> <span class='ocrx_word' id='word_1_661' title='bbox 2082 4628 2137 4690; x_wconf 89' lang='lat' dir='ltr'><strong>D</strong></span> <span class='ocrx_word' id='word_1_662' title='bbox 2161 4643 2296 4699; x_wconf 82' lang='lat' dir='ltr'><strong>quos</strong></span> <span class='ocrx_word' id='word_1_663' title='bbox 2322 4630 2472 4686; x_wconf 68' lang='lat' dir='ltr'><strong>Italae</strong></span> <span class='ocrx_word' id='word_1_664' title='bbox 2525 4633 2792 4689; x_wconf 76' lang='lat' dir='ltr'><strong>versionis</strong></span> <span class='ocrx_word' id='word_1_665' title='bbox 2845 4635 2900 4690; x_wconf 88' lang='lat' dir='ltr'><strong>in</strong></span> <span class='ocrx_word' id='word_1_666' title='bbox 2956 4636 3303 4691; x_wconf 84' lang='lat' dir='ltr'><strong>monasteriis</strong></span> <span class='ocrx_word' id='word_1_667' title='bbox 3358 4634 3783 4706; x_wconf 63' lang='lat' dir='ltr'><strong>itnignioribus.</strong></span> 
     </span>
    </p>
   </div>
   <div class='ocr_carea' id='block_1_91' title="bbox 450 4721 2057 4797">
    <p class='ocr_par' dir='ltr' id='par_1_91' title="bbox 450 4721 2057 4797">
     <span class='ocr_line' id='line_1_91' title="bbox 450 4721 2057 4797; baseline 0.002 -22"><span class='ocrx_word' id='word_1_668' title='bbox 450 4734 841 4783; x_wconf 87' lang='lat' dir='ltr'><strong>memoramus.</strong></span> <span class='ocrx_word' id='word_1_669' title='bbox 874 4721 1094 4793; x_wconf 87' lang='lat' dir='ltr'><strong>quando</strong></span> <span class='ocrx_word' id='word_1_670' title='bbox 1114 4721 1451 4797; x_wconf 79' lang='lat' dir='ltr'><strong>sufﬁcienter</strong></span> <span class='ocrx_word' id='word_1_671' title='bbox 1492 4738 1523 4778; x_wconf 91' lang='lat' dir='ltr'><strong>a</strong></span> <span class='ocrx_word' id='word_1_672' title='bbox 1564 4722 1722 4778; x_wconf 88' lang='lat' dir='ltr'><strong>nobis</strong></span> <span class='ocrx_word' id='word_1_673' title='bbox 1763 4723 1889 4778; x_wconf 89' lang='lat' dir='ltr'><strong>alibi</strong></span> <span class='ocrx_word' id='word_1_674' title='bbox 1933 4738 2057 4794; x_wconf 88' lang='lat' dir='ltr'><strong>per-</strong></span> 
     </span>
    </p>
   </div>
   <div class='ocr_carea' id='block_1_92' title="bbox 446 4814 2058 4886">
    <p class='ocr_par' dir='ltr' id='par_1_92' title="bbox 446 4814 2058 4886">
     <span class='ocr_line' id='line_1_92' title="bbox 446 4814 2058 4886; baseline 0.002 -18"><span class='ocrx_word' id='word_1_675' title='bbox 446 4821 672 4870; x_wconf 82' lang='lat' dir='ltr'><strong>tractata</strong></span> <span class='ocrx_word' id='word_1_676' title='bbox 702 4815 973 4886; x_wconf 79' lang='lat' dir='ltr'><strong>lcgantur.</strong></span> <span class='ocrx_word' id='word_1_677' title='bbox 1035 4814 1299 4870; x_wconf 81' lang='lat' dir='ltr'><strong>Consulat</strong></span> <span class='ocrx_word' id='word_1_678' title='bbox 1327 4831 1460 4886; x_wconf 85' lang='lat' dir='ltr'><strong>ergo</strong></span> <span class='ocrx_word' id='word_1_679' title='bbox 1481 4816 1734 4871; x_wconf 87' lang='lat' dir='ltr'><strong>curiosus</strong></span> <span class='ocrx_word' id='word_1_680' title='bbox 1762 4816 1934 4872; x_wconf 83' lang='lat' dir='ltr'><strong>lector</strong></span> <span class='ocrx_word' id='word_1_681' title='bbox 1957 4832 2058 4871; x_wconf 89' lang='lat' dir='ltr'><strong>an-</strong></span> 
     </span>
    </p>
   </div>
   <div class='ocr_carea' id='block_1_93' title="bbox 446 4908 2050 4979">
    <p class='ocr_par' dir='ltr' id='par_1_93' title="bbox 446 4908 2050 4979">
     <span class='ocr_line' id='line_1_93' title="bbox 446 4908 2050 4979; baseline 0.002 -17"><span class='ocrx_word' id='word_1_682' title='bbox 446 4908 759 4964; x_wconf 72' lang='lat' dir='ltr'><strong>notatioues</strong></span> <span class='ocrx_word' id='word_1_683' title='bbox 789 4918 1004 4963; x_wconf 88' lang='lat' dir='ltr'><strong>nostras</strong></span> <span class='ocrx_word' id='word_1_684' title='bbox 1027 4908 1265 4979; x_wconf 79' lang='lat' dir='ltr'><strong>proiixas</strong></span> <span class='ocrx_word' id='word_1_685' title='bbox 1289 4910 1582 4966; x_wconf 84' lang='lat' dir='ltr'><strong>vernaculo</strong></span> <span class='ocrx_word' id='word_1_686' title='bbox 1607 4925 1863 4967; x_wconf 88' lang='lat' dir='ltr'><strong>sermone</strong></span> <span class='ocrx_word' id='word_1_687' title='bbox 1911 4911 2050 4965; x_wconf 56' lang='lat' dir='ltr'><strong>scri-</strong></span> 
     </span>
    </p>
   </div>
   <div class='ocr_carea' id='block_1_94' title="bbox 447 5000 2052 5074">
    <p class='ocr_par' dir='ltr' id='par_1_94' title="bbox 447 5000 2052 5074">
     <span class='ocr_line' id='line_1_94' title="bbox 447 5000 2052 5074; baseline 0.004 -20"><span class='ocrx_word' id='word_1_688' title='bbox 447 5008 569 5070; x_wconf 80' lang='lat' dir='ltr'><strong>ptas</strong></span> <span class='ocrx_word' id='word_1_689' title='bbox 599 5001 652 5054; x_wconf 93' lang='lat' dir='ltr'><strong>in</strong></span> <span class='ocrx_word' id='word_1_690' title='bbox 683 5003 989 5058; x_wconf 87' lang='lat' dir='ltr'><strong>versionem</strong></span> <span class='ocrx_word' id='word_1_691' title='bbox 1022 5000 1267 5057; x_wconf 89' lang='lat' dir='ltr'><strong>Italicam</strong></span> <span class='ocrx_word' id='word_1_692' title='bbox 1299 5020 1313 5056; x_wconf 89' lang='lat'><strong>:</strong></span> <span class='ocrx_word' id='word_1_693' title='bbox 1341 5011 1397 5059; x_wconf 90' lang='lat' dir='ltr'><strong>et</strong></span> <span class='ocrx_word' id='word_1_694' title='bbox 1418 5004 1565 5058; x_wconf 91' lang='lat' dir='ltr'><strong>illico</strong></span> <span class='ocrx_word' id='word_1_695' title='bbox 1611 5003 1768 5060; x_wconf 84' lang='lat' dir='ltr'><strong>fateri</strong></span> <span class='ocrx_word' id='word_1_696' title='bbox 1818 5013 2052 5074; x_wconf 75' lang='lat' dir='ltr'><strong>cogetur</strong></span> 
     </span>
    </p>
   </div>
   <div class='ocr_carea' id='block_1_95' title="bbox 448 5094 2054 5168">
    <p class='ocr_par' dir='ltr' id='par_1_95' title="bbox 448 5094 2054 5168">
     <span class='ocr_line' id='line_1_95' title="bbox 448 5094 2054 5168; baseline 0.002 -20"><span class='ocrx_word' id='word_1_697' title='bbox 448 5104 717 5148; x_wconf 84' lang='lat' dir='ltr'><strong>summam</strong></span> <span class='ocrx_word' id='word_1_698' title='bbox 745 5107 869 5150; x_wconf 86' lang='lat' dir='ltr'><strong>esse</strong></span> <span class='ocrx_word' id='word_1_699' title='bbox 886 5095 1175 5151; x_wconf 79' lang='lat' dir='ltr'><strong>utilitatem</strong></span> <span class='ocrx_word' id='word_1_700' title='bbox 1205 5094 1460 5151; x_wconf 84' lang='lat' dir='ltr'><strong>editionis</strong></span> <span class='ocrx_word' id='word_1_701' title='bbox 1490 5096 1636 5153; x_wconf 73' lang='lat' dir='ltr'><strong>Italae</strong></span> <span class='ocrx_word' id='word_1_702' title='bbox 1665 5111 1761 5153; x_wconf 89' lang='lat' dir='ltr'><strong>seu</strong></span> <span class='ocrx_word' id='word_1_703' title='bbox 1814 5098 2054 5168; x_wconf 67' lang='lat' dir='ltr'><strong>antiqua:</strong></span> 
     </span>
    </p>
   </div>
   <div class='ocr_carea' id='block_1_96' title="bbox 447 5181 2054 5260">
    <p class='ocr_par' dir='ltr' id='par_1_96' title="bbox 447 5181 2054 5260">
     <span class='ocr_line' id='line_1_96' title="bbox 447 5181 2054 5260; baseline 0.005 -21"><span class='ocrx_word' id='word_1_704' title='bbox 447 5181 718 5254; x_wconf 75' lang='lat' dir='ltr'><strong>Vulgatte,</strong></span> <span class='ocrx_word' id='word_1_705' title='bbox 742 5183 809 5239; x_wconf 88' lang='lat' dir='ltr'><strong>ad</strong></span> <span class='ocrx_word' id='word_1_706' title='bbox 835 5184 1208 5242; x_wconf 83' lang='lat' dir='ltr'><strong>vindicandam</strong></span> <span class='ocrx_word' id='word_1_707' title='bbox 1231 5189 1300 5245; x_wconf 91' lang='lat' dir='ltr'><strong>ab</strong></span> <span class='ocrx_word' id='word_1_708' title='bbox 1327 5187 1476 5242; x_wconf 89' lang='lat' dir='ltr'><strong>omni</strong></span> <span class='ocrx_word' id='word_1_709' title='bbox 1506 5187 1693 5258; x_wconf 84' lang='lat' dir='ltr'><strong>iniqua</strong></span> <span class='ocrx_word' id='word_1_710' title='bbox 1737 5190 2054 5260; x_wconf 84' lang='lat' dir='ltr'><strong>suspicione</strong></span> 
     </span>
    </p>
   </div>
   <div class='ocr_carea' id='block_1_97' title="bbox 446 5275 2049 5354">
    <p class='ocr_par' dir='ltr' id='par_1_97' title="bbox 446 5275 2049 5354">
     <span class='ocr_line' id='line_1_97' title="bbox 446 5275 2049 5354; baseline 0.003 -19"><span class='ocrx_word' id='word_1_711' title='bbox 446 5275 547 5335; x_wconf 82' lang='lat' dir='ltr'><strong>SS.</strong></span> <span class='ocrx_word' id='word_1_712' title='bbox 584 5278 802 5336; x_wconf 85' lang='lat' dir='ltr'><strong>Patrum</strong></span> <span class='ocrx_word' id='word_1_713' title='bbox 825 5280 983 5337; x_wconf 85' lang='lat' dir='ltr'><strong>iidem</strong></span> <span class='ocrx_word' id='word_1_714' title='bbox 1007 5282 1061 5337; x_wconf 91' lang='lat' dir='ltr'><strong>in</strong></span> <span class='ocrx_word' id='word_1_715' title='bbox 1088 5282 1385 5338; x_wconf 84' lang='lat' dir='ltr'><strong>recitandis</strong></span> <span class='ocrx_word' id='word_1_716' title='bbox 1414 5282 1713 5354; x_wconf 68' lang='lat' dir='ltr'><strong>Scriptura:</strong></span> <span class='ocrx_word' id='word_1_717' title='bbox 1736 5285 2049 5342; x_wconf 83' lang='lat' dir='ltr'><strong>sententiis.</strong></span> 
     </span>
    </p>
   </div>
   <div class='ocr_carea' id='block_1_98' title="bbox 518 5371 2047 5449">
    <p class='ocr_par' dir='ltr' id='par_1_98' title="bbox 518 5371 2047 5449">
     <span class='ocr_line' id='line_1_98' title="bbox 518 5371 2047 5449; baseline 0.005 -21"><span class='ocrx_word' id='word_1_718' title='bbox 518 5371 638 5428; x_wconf 88' lang='lat' dir='ltr'><strong>Non</strong></span> <span class='ocrx_word' id='word_1_719' title='bbox 671 5373 943 5430; x_wconf 87' lang='lat' dir='ltr'><strong>mediocre</strong></span> <span class='ocrx_word' id='word_1_720' title='bbox 971 5374 1114 5429; x_wconf 90' lang='lat' dir='ltr'><strong>istud</strong></span> <span class='ocrx_word' id='word_1_721' title='bbox 1155 5376 1583 5432; x_wconf 82' lang='lat' dir='ltr'><strong>emolumentum</strong></span> <span class='ocrx_word' id='word_1_722' title='bbox 1630 5386 1846 5449; x_wconf 85' lang='lat' dir='ltr'><strong>quoque</strong></span> <span class='ocrx_word' id='word_1_723' title='bbox 1885 5378 2047 5435; x_wconf 80' lang='lat' dir='ltr'><strong>nobis</strong></span> 
     </span>
    </p>
   </div>
   <div class='ocr_carea' id='block_1_99' title="bbox 446 5468 2054 5543">
    <p class='ocr_par' dir='ltr' id='par_1_99' title="bbox 446 5468 2054 5543">
     <span class='ocr_line' id='line_1_99' title="bbox 446 5468 2054 5543; baseline 0.001 -16"><span class='ocrx_word' id='word_1_724' title='bbox 446 5468 553 5527; x_wconf 88' lang='lat' dir='ltr'><strong>erit</strong></span> <span class='ocrx_word' id='word_1_725' title='bbox 581 5483 650 5523; x_wconf 80' lang='lat' dir='ltr'><strong>ex</strong></span> <span class='ocrx_word' id='word_1_726' title='bbox 682 5468 919 5526; x_wconf 82' lang='lat' dir='ltr'><strong>editione</strong></span> <span class='ocrx_word' id='word_1_727' title='bbox 943 5468 1161 5540; x_wconf 90' lang='lat' dir='ltr'><strong>antiqua</strong></span> <span class='ocrx_word' id='word_1_728' title='bbox 1188 5469 1403 5535; x_wconf 87' lang='lat' dir='ltr'><strong>Latina,</strong></span> <span class='ocrx_word' id='word_1_729' title='bbox 1428 5470 1572 5541; x_wconf 85' lang='lat' dir='ltr'><strong>quod</strong></span> <span class='ocrx_word' id='word_1_730' title='bbox 1601 5486 1668 5528; x_wconf 79' lang='lat' dir='ltr'><strong>ex</strong></span> <span class='ocrx_word' id='word_1_731' title='bbox 1695 5473 1949 5543; x_wconf 88' lang='lat' dir='ltr'><strong>capitulis</strong></span> <span class='ocrx_word' id='word_1_732' title='bbox 1974 5472 2054 5529; x_wconf 69' lang='grc' dir='ltr'><strong>εἰσ</strong></span> 
     </span>
    </p>
   </div>
   <div class='ocr_carea' id='block_1_100' title="bbox 448 5559 2056 5634">
    <p class='ocr_par' dir='ltr' id='par_1_100' title="bbox 448 5559 2056 5634">
     <span class='ocr_line' id='line_1_100' title="bbox 448 5559 2056 5634; baseline 0.004 -16"><span class='ocrx_word' id='word_1_733' title='bbox 448 5559 574 5618; x_wconf 91' lang='lat' dir='ltr'><strong>dem</strong></span> <span class='ocrx_word' id='word_1_734' title='bbox 625 5562 901 5632; x_wconf 56' lang='lat' dir='ltr'><strong>praeﬁxis,</strong></span> <span class='ocrx_word' id='word_1_735' title='bbox 931 5579 995 5619; x_wconf 90' lang='lat' dir='ltr'><strong>ac</strong></span> <span class='ocrx_word' id='word_1_736' title='bbox 1024 5579 1092 5620; x_wconf 85' lang='lat' dir='ltr'><strong>ex</strong></span> <span class='ocrx_word' id='word_1_737' title='bbox 1121 5563 1242 5634; x_wconf 80' lang='lat' dir='ltr'><strong>ipso</strong></span> <span class='ocrx_word' id='word_1_738' title='bbox 1279 5573 1540 5621; x_wconf 83' lang='lat' dir='ltr'><strong>contextu</strong></span> <span class='ocrx_word' id='word_1_739' title='bbox 1584 5565 1892 5623; x_wconf 83' lang='lat' dir='ltr'><strong>innotescat</strong></span> <span class='ocrx_word' id='word_1_740' title='bbox 1918 5566 2056 5625; x_wconf 82' lang='lat' dir='ltr'><strong>ﬁdes</strong></span> 
     </span>
    </p>
   </div>
   <div class='ocr_carea' id='block_1_101' title="bbox 444 5655 2052 5716">
    <p class='ocr_par' dir='ltr' id='par_1_101' title="bbox 444 5655 2052 5716">
     <span class='ocr_line' id='line_1_101' title="bbox 444 5655 2052 5716; baseline 0.004 -5"><span class='ocrx_word' id='word_1_741' title='bbox 444 5655 649 5711; x_wconf 81' lang='lat' dir='ltr'><strong>veteris</strong></span> <span class='ocrx_word' id='word_1_742' title='bbox 673 5655 927 5712; x_wconf 66' lang='lat' dir='ltr'><strong>Ecclesiae</strong></span> <span class='ocrx_word' id='word_1_743' title='bbox 955 5655 1099 5713; x_wconf 87' lang='lat' dir='ltr'><strong>circa</strong></span> <span class='ocrx_word' id='word_1_744' title='bbox 1128 5657 1472 5716; x_wconf 67' lang='lat' dir='ltr'><strong>Eucharistiat</strong></span> <span class='ocrx_word' id='word_1_745' title='bbox 1493 5658 1909 5715; x_wconf 80' lang='lat' dir='ltr'><strong>Sacramenttnu.</strong></span> <span class='ocrx_word' id='word_1_746' title='bbox 1942 5660 2052 5716; x_wconf 87' lang='lat' dir='ltr'><strong>Ne-</strong></span> 
     </span>
    </p>
   </div>
   <div class='ocr_carea' id='block_1_102' title="bbox 448 5748 2055 5825">
    <p class='ocr_par' dir='ltr' id='par_1_102' title="bbox 448 5748 2055 5825">
     <span class='ocr_line' id='line_1_102' title="bbox 448 5748 2055 5825; baseline 0.003 -21"><span class='ocrx_word' id='word_1_747' title='bbox 448 5762 555 5819; x_wconf 89' lang='lat' dir='ltr'><strong>que</strong></span> <span class='ocrx_word' id='word_1_748' title='bbox 579 5764 711 5806; x_wconf 91' lang='lat' dir='ltr'><strong>vero</strong></span> <span class='ocrx_word' id='word_1_749' title='bbox 736 5748 988 5807; x_wconf 85' lang='lat' dir='ltr'><strong>dubitare</strong></span> <span class='ocrx_word' id='word_1_750' title='bbox 1028 5750 1109 5807; x_wconf 85' lang='lat' dir='ltr'><strong>ias</strong></span> <span class='ocrx_word' id='word_1_751' title='bbox 1134 5760 1252 5820; x_wconf 88' lang='lat' dir='ltr'><strong>est,</strong></span> <span class='ocrx_word' id='word_1_752' title='bbox 1280 5760 1337 5809; x_wconf 91' lang='lat' dir='ltr'><strong>et</strong></span> <span class='ocrx_word' id='word_1_753' title='bbox 1361 5766 1545 5809; x_wconf 91' lang='lat' dir='ltr'><strong>veram</strong></span> <span class='ocrx_word' id='word_1_754' title='bbox 1572 5752 1823 5825; x_wconf 88' lang='lat' dir='ltr'><strong>corporis</strong></span> <span class='ocrx_word' id='word_1_755' title='bbox 1850 5753 2055 5810; x_wconf 82' lang='lat' dir='ltr'><strong>Christi</strong></span> 
     </span>
    </p>
   </div>
   <div class='ocr_carea' id='block_1_103' title="bbox 446 5841 2056 5918">
    <p class='ocr_par' dir='ltr' id='par_1_103' title="bbox 446 5841 2056 5918">
     <span class='ocr_line' id='line_1_103' title="bbox 446 5841 2056 5918; baseline 0.004 -18"><span class='ocrx_word' id='word_1_756' title='bbox 446 5841 837 5913; x_wconf 78' lang='lat' dir='ltr'><strong>substantiam,</strong></span> <span class='ocrx_word' id='word_1_757' title='bbox 878 5851 936 5903; x_wconf 85' lang='lat' dir='ltr'><strong>et</strong></span> <span class='ocrx_word' id='word_1_758' title='bbox 980 5844 1279 5916; x_wconf 75' lang='lat' dir='ltr'><strong>perfectam</strong></span> <span class='ocrx_word' id='word_1_759' title='bbox 1323 5845 1445 5918; x_wconf 87' lang='lat' dir='ltr'><strong>ejus</strong></span> <span class='ocrx_word' id='word_1_760' title='bbox 1484 5846 1814 5904; x_wconf 84' lang='lat' dir='ltr'><strong>oblationem</strong></span> <span class='ocrx_word' id='word_1_761' title='bbox 1857 5848 1911 5905; x_wconf 90' lang='lat' dir='ltr'><strong>in</strong></span> <span class='ocrx_word' id='word_1_762' title='bbox 1952 5847 2056 5907; x_wconf 89' lang='lat' dir='ltr'><strong>hoc</strong></span> 
     </span>
    </p>
   </div>
   <div class='ocr_carea' id='block_1_104' title="bbox 912 6108 933 6138">
    <p class='ocr_par' dir='ltr' id='par_1_104' title="bbox 912 6108 933 6138">
     <span class='ocr_line' id='line_1_104' title="bbox 912 6108 933 6138; baseline 0 0"><span class='ocrx_word' id='word_1_763' title='bbox 912 6108 933 6138; x_wconf 70' lang='grc' dir='ltr'><strong><em>Ω</em></strong></span> 
     </span>
    </p>
   </div>
   <div class='ocr_carea' id='block_1_105' title="bbox 2161 4724 3783 4799">
    <p class='ocr_par' dir='ltr' id='par_1_105' title="bbox 2161 4724 3783 4799">
     <span class='ocr_line' id='line_1_105' title="bbox 2161 4724 3783 4799; baseline 0.005 -21"><span class='ocrx_word' id='word_1_764' title='bbox 2161 4724 2318 4790; x_wconf 79' lang='lat' dir='ltr'><strong>Quod</strong></span> <span class='ocrx_word' id='word_1_765' title='bbox 2344 4724 2422 4779; x_wconf 88' lang='lat' dir='ltr'><strong>ita</strong></span> <span class='ocrx_word' id='word_1_766' title='bbox 2448 4740 2573 4782; x_wconf 85' lang='lat' dir='ltr'><strong>esse</strong></span> <span class='ocrx_word' id='word_1_767' title='bbox 2601 4727 2785 4782; x_wconf 87' lang='lat' dir='ltr'><strong>nullus</strong></span> <span class='ocrx_word' id='word_1_768' title='bbox 2808 4727 3021 4783; x_wconf 74' lang='lat' dir='ltr'><strong>inﬁcias</strong></span> <span class='ocrx_word' id='word_1_769' title='bbox 3050 4729 3196 4796; x_wconf 88' lang='lat' dir='ltr'><strong>ierit,</strong></span> <span class='ocrx_word' id='word_1_770' title='bbox 3216 4730 3307 4799; x_wconf 76' lang='lat' dir='ltr'><strong>qui</strong></span> <span class='ocrx_word' id='word_1_771' title='bbox 3336 4728 3577 4785; x_wconf 75' lang='lat' dir='ltr'><strong>historia:</strong></span> <span class='ocrx_word' id='word_1_772' title='bbox 3601 4731 3783 4786; x_wconf 86' lang='lat' dir='ltr'><strong>eccle-</strong></span> 
     </span>
    </p>
   </div>
   <div class='ocr_carea' id='block_1_106' title="bbox 2159 4818 3785 4895">
    <p class='ocr_par' dir='ltr' id='par_1_106' title="bbox 2159 4818 3785 4895">
     <span class='ocr_line' id='line_1_106' title="bbox 2159 4818 3785 4895; baseline 0.003 -20"><span class='ocrx_word' id='word_1_773' title='bbox 2159 4818 2393 4875; x_wconf 74' lang='lat' dir='ltr'><strong>siastica:</strong></span> <span class='ocrx_word' id='word_1_774' title='bbox 2428 4835 2494 4876; x_wconf 90' lang='lat' dir='ltr'><strong>ac</strong></span> <span class='ocrx_word' id='word_1_775' title='bbox 2539 4821 2851 4877; x_wconf 85' lang='lat' dir='ltr'><strong>monasticae</strong></span> <span class='ocrx_word' id='word_1_776' title='bbox 2880 4822 3229 4879; x_wconf 83' lang='lat' dir='ltr'><strong>mediocriter</strong></span> <span class='ocrx_word' id='word_1_777' title='bbox 3261 4824 3333 4878; x_wconf 91' lang='lat' dir='ltr'><strong>sit</strong></span> <span class='ocrx_word' id='word_1_778' title='bbox 3358 4825 3589 4895; x_wconf 72' lang='lat' dir='ltr'><strong>peritus.</strong></span> <span class='ocrx_word' id='word_1_779' title='bbox 3620 4823 3785 4880; x_wconf 78' lang='lat' dir='ltr'><strong>Prio-</strong></span> 
     </span>
    </p>
   </div>
   <div class='ocr_carea' id='block_1_107' title="bbox 2158 4914 3786 4974">
    <p class='ocr_par' dir='ltr' id='par_1_107' title="bbox 2158 4914 3786 4974">
     <span class='ocr_line' id='line_1_107' title="bbox 2158 4914 3786 4974; baseline 0.002 -5"><span class='ocrx_word' id='word_1_780' title='bbox 2158 4929 2274 4971; x_wconf 88' lang='lat' dir='ltr'><strong>rem</strong></span> <span class='ocrx_word' id='word_1_781' title='bbox 2320 4915 2469 4971; x_wconf 80' lang='lat' dir='ltr'><strong>enim</strong></span> <span class='ocrx_word' id='word_1_782' title='bbox 2519 4914 2763 4970; x_wconf 85' lang='lat' dir='ltr'><strong>codicem</strong></span> <span class='ocrx_word' id='word_1_783' title='bbox 2796 4928 2901 4971; x_wconf 88' lang='lat' dir='ltr'><strong>ms.</strong></span> <span class='ocrx_word' id='word_1_784' title='bbox 2943 4917 3163 4973; x_wconf 88' lang='lat' dir='ltr'><strong>celebre</strong></span> <span class='ocrx_word' id='word_1_785' title='bbox 3208 4921 3595 4974; x_wconf 82' lang='lat' dir='ltr'><strong>monasterium</strong></span> <span class='ocrx_word' id='word_1_786' title='bbox 3636 4918 3786 4974; x_wconf 70' lang='lat' dir='ltr'><strong>anti-</strong></span> 
     </span>
    </p>
   </div>
   <div class='ocr_carea' id='block_1_108' title="bbox 2161 5004 3782 5081">
    <p class='ocr_par' dir='ltr' id='par_1_108' title="bbox 2161 5004 3782 5081">
     <span class='ocr_line' id='line_1_108' title="bbox 2161 5004 3782 5081; baseline 0.004 -20"><span class='ocrx_word' id='word_1_787' title='bbox 2161 5023 2283 5077; x_wconf 78' lang='lat' dir='ltr'><strong>quae</strong></span> <span class='ocrx_word' id='word_1_788' title='bbox 2310 5004 2559 5062; x_wconf 83' lang='lat' dir='ltr'><strong>Corbeiae</strong></span> <span class='ocrx_word' id='word_1_789' title='bbox 2584 5006 2638 5062; x_wconf 91' lang='lat' dir='ltr'><strong>in</strong></span> <span class='ocrx_word' id='word_1_790' title='bbox 2668 5006 2899 5065; x_wconf 83' lang='lat' dir='ltr'><strong>Francia</strong></span> <span class='ocrx_word' id='word_1_791' title='bbox 2930 5011 3165 5066; x_wconf 81' lang='lat' dir='ltr'><strong>servavit</strong></span> <span class='ocrx_word' id='word_1_792' title='bbox 3194 5010 3459 5081; x_wconf 78' lang='lat' dir='ltr'><strong>integrum</strong></span> <span class='ocrx_word' id='word_1_793' title='bbox 3488 5019 3551 5066; x_wconf 86' lang='lat' dir='ltr'><strong>et</strong></span> <span class='ocrx_word' id='word_1_794' title='bbox 3576 5011 3782 5067; x_wconf 87' lang='lat' dir='ltr'><strong>imma-</strong></span> 
     </span>
    </p>
   </div>
   <div class='ocr_carea' id='block_1_109' title="bbox 2162 5099 3784 5172">
    <p class='ocr_par' dir='ltr' id='par_1_109' title="bbox 2162 5099 3784 5172">
     <span class='ocr_line' id='line_1_109' title="bbox 2162 5099 3784 5172; baseline 0.004 -16"><span class='ocrx_word' id='word_1_795' title='bbox 2162 5100 2425 5156; x_wconf 79' lang='lat' dir='ltr'><strong>culatum.</strong></span> <span class='ocrx_word' id='word_1_796' title='bbox 2445 5099 2689 5155; x_wconf 85' lang='lat' dir='ltr'><strong>Alterum</strong></span> <span class='ocrx_word' id='word_1_797' title='bbox 2705 5104 3051 5172; x_wconf 81' lang='lat' dir='ltr'><strong>superstitem</strong></span> <span class='ocrx_word' id='word_1_798' title='bbox 3069 5102 3232 5161; x_wconf 83' lang='lat' dir='ltr'><strong>nobis</strong></span> <span class='ocrx_word' id='word_1_799' title='bbox 3246 5103 3435 5158; x_wconf 87' lang='lat' dir='ltr'><strong>tribuit</strong></span> <span class='ocrx_word' id='word_1_800' title='bbox 3457 5106 3784 5162; x_wconf 84' lang='lat' dir='ltr'><strong>monasterii</strong></span> 
     </span>
    </p>
   </div>
   <div class='ocr_carea' id='block_1_110' title="bbox 2162 5193 3785 5265">
    <p class='ocr_par' dir='ltr' id='par_1_110' title="bbox 2162 5193 3785 5265">
     <span class='ocr_line' id='line_1_110' title="bbox 2162 5193 3785 5265; baseline 0.006 -16"><span class='ocrx_word' id='word_1_801' title='bbox 2162 5193 2325 5265; x_wconf 89' lang='lat' dir='ltr'><strong>hujus</strong></span> <span class='ocrx_word' id='word_1_802' title='bbox 2352 5195 2526 5251; x_wconf 87' lang='lat' dir='ltr'><strong>sancti</strong></span> <span class='ocrx_word' id='word_1_803' title='bbox 2556 5194 2819 5252; x_wconf 86' lang='lat' dir='ltr'><strong>Germani</strong></span> <span class='ocrx_word' id='word_1_804' title='bbox 2854 5214 2885 5253; x_wconf 90' lang='lat' dir='ltr'><strong>a</strong></span> <span class='ocrx_word' id='word_1_805' title='bbox 2931 5199 3110 5255; x_wconf 89' lang='lat' dir='ltr'><strong>Pratis</strong></span> <span class='ocrx_word' id='word_1_806' title='bbox 3148 5199 3476 5257; x_wconf 82' lang='lat' dir='ltr'><strong>bibliotheca</strong></span> <span class='ocrx_word' id='word_1_807' title='bbox 3516 5204 3785 5258; x_wconf 77' lang='lat' dir='ltr'><strong>vetustis-</strong></span> 
     </span>
    </p>
   </div>
   <div class='ocr_carea' id='block_1_111' title="bbox 2162 5285 3787 5364">
    <p class='ocr_par' dir='ltr' id='par_1_111' title="bbox 2162 5285 3787 5364">
     <span class='ocr_line' id='line_1_111' title="bbox 2162 5285 3787 5364; baseline 0.007 -23"><span class='ocrx_word' id='word_1_808' title='bbox 2162 5287 2324 5341; x_wconf 90' lang='lat' dir='ltr'><strong>sima.</strong></span> <span class='ocrx_word' id='word_1_809' title='bbox 2349 5285 2528 5342; x_wconf 81' lang='lat' dir='ltr'><strong>Ambo</strong></span> <span class='ocrx_word' id='word_1_810' title='bbox 2552 5286 2717 5344; x_wconf 89' lang='lat' dir='ltr'><strong>hodie</strong></span> <span class='ocrx_word' id='word_1_811' title='bbox 2741 5289 3099 5348; x_wconf 85' lang='lat' dir='ltr'><strong>adservantnr</strong></span> <span class='ocrx_word' id='word_1_812' title='bbox 3118 5291 3176 5348; x_wconf 86' lang='lat' dir='ltr'><strong>in</strong></span> <span class='ocrx_word' id='word_1_813' title='bbox 3196 5292 3391 5349; x_wconf 80' lang='lat' dir='ltr'><strong>eadem</strong></span> <span class='ocrx_word' id='word_1_814' title='bbox 3422 5291 3787 5364; x_wconf 81' lang='lat' dir='ltr'><strong>bibliotheca,</strong></span> 
     </span>
    </p>
   </div>
   <div class='ocr_carea' id='block_1_112' title="bbox 2161 5374 3791 5447">
    <p class='ocr_par' dir='ltr' id='par_1_112' title="bbox 2161 5374 3791 5447">
     <span class='ocr_line' id='line_1_112' title="bbox 2161 5374 3791 5447; baseline 0.007 -14"><span class='ocrx_word' id='word_1_815' title='bbox 2161 5374 2509 5434; x_wconf 86' lang='lat' dir='ltr'><strong>Corbeiensis</strong></span> <span class='ocrx_word' id='word_1_816' title='bbox 2538 5380 2639 5435; x_wconf 87' lang='lat' dir='ltr'><strong>sub</strong></span> <span class='ocrx_word' id='word_1_817' title='bbox 2666 5382 2943 5439; x_wconf 88' lang='lat' dir='ltr'><strong>numerica</strong></span> <span class='ocrx_word' id='word_1_818' title='bbox 2966 5394 3096 5437; x_wconf 89' lang='lat' dir='ltr'><strong>nota</strong></span> <span class='ocrx_word' id='word_1_819' title='bbox 3123 5383 3215 5447; x_wconf 71' lang='lat' dir='ltr'><strong>2i,</strong></span> <span class='ocrx_word' id='word_1_820' title='bbox 3246 5383 3791 5445; x_wconf 73' lang='lat' dir='ltr'><strong>San-Germanensis</strong></span> 
     </span>
    </p>
   </div>
   <div class='ocr_carea' id='block_1_113' title="bbox 2164 5470 3790 5549">
    <p class='ocr_par' dir='ltr' id='par_1_113' title="bbox 2164 5470 3790 5549">
     <span class='ocr_line' id='line_1_113' title="bbox 2164 5470 3790 5549; baseline 0.007 -24"><span class='ocrx_word' id='word_1_821' title='bbox 2164 5478 2343 5525; x_wconf 84' lang='lat' dir='ltr'><strong>autem</strong></span> <span class='ocrx_word' id='word_1_822' title='bbox 2376 5470 2478 5526; x_wconf 90' lang='lat' dir='ltr'><strong>sub</strong></span> <span class='ocrx_word' id='word_1_823' title='bbox 2503 5487 2730 5530; x_wconf 89' lang='lat' dir='ltr'><strong>numero</strong></span> <span class='ocrx_word' id='word_1_824' title='bbox 2752 5474 2845 5541; x_wconf 78' lang='lat' dir='ltr'><strong>l5,</strong></span> <span class='ocrx_word' id='word_1_825' title='bbox 2871 5474 2966 5530; x_wconf 83' lang='lat' dir='ltr'><strong>sed</strong></span> <span class='ocrx_word' id='word_1_826' title='bbox 2989 5474 3059 5533; x_wconf 82' lang='lat' dir='ltr'><strong>de</strong></span> <span class='ocrx_word' id='word_1_827' title='bbox 3083 5476 3363 5534; x_wconf 82' lang='lat' dir='ltr'><strong>codicibus</strong></span> <span class='ocrx_word' id='word_1_828' title='bbox 3387 5480 3790 5549; x_wconf 83' lang='lat' dir='ltr'><strong>manuscriptis</strong></span> 
     </span>
    </p>
   </div>
   <div class='ocr_carea' id='block_1_114' title="bbox 2164 5562 2453 5619">
    <p class='ocr_par' dir='ltr' id='par_1_114' title="bbox 2164 5562 2453 5619">
     <span class='ocr_line' id='line_1_114' title="bbox 2164 5562 2453 5619; baseline -0.003 0"><span class='ocrx_word' id='word_1_829' title='bbox 2164 5562 2453 5619; x_wconf 87' lang='lat' dir='ltr'><strong>hactenus.</strong></span> 
     </span>
    </p>
   </div>
   <div class='ocr_carea' id='block_1_115' title="bbox 2236 5656 3795 5740">
    <p class='ocr_par' dir='ltr' id='par_1_115' title="bbox 2236 5656 3795 5740">
     <span class='ocr_line' id='line_1_115' title="bbox 2236 5656 3795 5740; baseline 0.008 -27"><span class='ocrx_word' id='word_1_830' title='bbox 2236 5656 2504 5715; x_wconf 64' lang='lat' dir='ltr'><strong>Caeterum</strong></span> <span class='ocrx_word' id='word_1_831' title='bbox 2557 5675 2753 5717; x_wconf 88' lang='lat' dir='ltr'><strong>moneo</strong></span> <span class='ocrx_word' id='word_1_832' title='bbox 2797 5662 3095 5732; x_wconf 84' lang='lat' dir='ltr'><strong>lectorem,</strong></span> <span class='ocrx_word' id='word_1_833' title='bbox 3127 5681 3215 5722; x_wconf 89' lang='lat' dir='ltr'><strong>me</strong></span> <span class='ocrx_word' id='word_1_834' title='bbox 3252 5665 3512 5723; x_wconf 84' lang='lat' dir='ltr'><strong>nonnulla</strong></span> <span class='ocrx_word' id='word_1_835' title='bbox 3554 5669 3795 5740; x_wconf 84' lang='lat' dir='ltr'><strong>supple-</strong></span> 
     </span>
    </p>
   </div>
   <div class='ocr_carea' id='block_1_116' title="bbox 2164 5750 3791 5829">
    <p class='ocr_par' dir='ltr' id='par_1_116' title="bbox 2164 5750 3791 5829">
     <span class='ocr_line' id='line_1_116' title="bbox 2164 5750 3791 5829; baseline 0.01 -25"><span class='ocrx_word' id='word_1_836' title='bbox 2164 5750 2309 5805; x_wconf 86' lang='lat' dir='ltr'><strong>visse</strong></span> <span class='ocrx_word' id='word_1_837' title='bbox 2362 5750 2417 5805; x_wconf 82' lang='lat' dir='ltr'><strong>in</strong></span> <span class='ocrx_word' id='word_1_838' title='bbox 2462 5751 2704 5824; x_wconf 88' lang='lat' dir='ltr'><strong>margine</strong></span> <span class='ocrx_word' id='word_1_839' title='bbox 2729 5754 3076 5826; x_wconf 82' lang='lat' dir='ltr'><strong>paginarum,</strong></span> <span class='ocrx_word' id='word_1_840' title='bbox 3105 5772 3227 5829; x_wconf 74' lang='lat' dir='ltr'><strong>qua:</strong></span> <span class='ocrx_word' id='word_1_841' title='bbox 3257 5759 3340 5816; x_wconf 85' lang='lat' dir='ltr'><strong>vel</strong></span> <span class='ocrx_word' id='word_1_842' title='bbox 3365 5759 3577 5816; x_wconf 76' lang='lat' dir='ltr'><strong>incuria</strong></span> <span class='ocrx_word' id='word_1_843' title='bbox 3611 5762 3791 5819; x_wconf 37' lang='lat' dir='ltr'><strong>libras</strong></span> 
     </span>
    </p>
   </div>
   <div class='ocr_carea' id='block_1_117' title="bbox 2164 5851 3792 5935">
    <p class='ocr_par' dir='ltr' id='par_1_117' title="bbox 2164 5851 3792 5935">
     <span class='ocr_line' id='line_1_117' title="bbox 2164 5851 3792 5935; baseline 0.01 -27"><span class='ocrx_word' id='word_1_844' title='bbox 2164 5851 2407 5925; x_wconf 84' lang='lat' dir='ltr'><strong>riorum,</strong></span> <span class='ocrx_word' id='word_1_845' title='bbox 2437 5856 2528 5915; x_wconf 76' lang='lat' dir='ltr'><strong>val</strong></span> <span class='ocrx_word' id='word_1_846' title='bbox 2554 5856 2914 5930; x_wconf 63' lang='lat' dir='ltr'><strong>intona-etum</strong></span> <span class='ocrx_word' id='word_1_847' title='bbox 2950 5859 3222 5933; x_wconf 77' lang='lat' dir='ltr'><strong>imperitia</strong></span> <span class='ocrx_word' id='word_1_848' title='bbox 3260 5860 3404 5921; x_wconf 73' lang='lat' dir='ltr'><strong>male</strong></span> <span class='ocrx_word' id='word_1_849' title='bbox 3434 5862 3617 5934; x_wconf 84' lang='lat' dir='ltr'><strong>posita</strong></span> <span class='ocrx_word' id='word_1_850' title='bbox 3641 5902 3658 5935; x_wconf 86' lang='lat'><strong>,</strong></span> <span class='ocrx_word' id='word_1_851' title='bbox 3688 5874 3792 5924; x_wconf 87' lang='lat' dir='ltr'><strong>aut</strong></span> 
     </span>
    </p>
   </div>
  </div>
