3976 6338
440 272 503 330 7t
949 273 953 277 ·
1813 255 2352 318 PROLEGOMENA.
3694 266 3773 322 ῃ

427 390 542 464 pila
571 385 857 461 Augustini
906 381 1174 449 Ferrerii,
1221 394 1283 437 ea
1311 385 1633 450 tempestate
1676 375 2039 434 Vcrcellensis
2066 375 2423 450 Aexcaacati,
2467 383 2562 433 aut
2605 375 2713 433 alio
2752 375 2999 434 membro
3044 377 3189 450 capti
3231 378 3361 436 sint.
3409 379 3521 440 Sed
3547 379 3617 438 de
3655 381 3776 439 hoc

435 482 710 556 episcopi,
742 496 806 538 ac
827 477 1084 552 patruelis
1109 475 1194 531 avi
1223 474 1363 541 mei,
1392 473 1574 544 legere
1601 481 1704 528 est.
1733 471 1906 539 Quem
1940 485 2040 526 nos
2143 481 2334 528 sancto
2359 471 2622 544 nobisque
2646 471 2972 528 cbarissimo
2993 472 3182 529 codice
3208 475 3364 530 satis.

433 579 679 637 codicem
735 575 957 647 perinde
1003 569 1421 629 describendum
1468 566 1815 633 curabimus,
1870 564 2044 634 prius-
2218 567 2504 638 llucusque
2551 566 2693 624 idem
2731 577 3060 624 memoratus
3083 568 3372 640 episcopus
3401 568 3490 625 lo.
3518 569 3774 642 Slepha.

434 687 631 744 quam,
670 678 762 725 aut
785 668 935 724 illum
964 664 1294 722 diuturnitas
1327 660 1590 733 temporis
1619 658 1775 731 pejus
1807 658 2042 724 efﬁciat.
2146 677 2248 720 nus
2290 661 2593 730 Ferrerius,
2623 663 2739 734 qui,
2771 661 3021 734 quamvis
3063 662 3115 718 iu
3154 675 3251 718 sua
3293 663 3629 733 prccellenti
3656 665 3771 720 hu-

435 772 537 845 aut
559 764 665 820 ulla
693 763 835 818 illius
860 775 987 832 pars
1007 758 1112 814 alia
1141 756 1505 829 deperdatur:
1538 763 1596 810 ut
1624 754 1815 809 saltem
1849 751 2047 807 ﬁrmis-
2140 757 2232 828 jus
2277 757 2418 813 sacri
2444 755 2648 813 codicis
2673 755 3040 826 descriptione
3080 772 3206 813 eum
3234 758 3566 828 posteritati,
3589 769 3769 815 ater-

436 843 557 916 simi
582 856 876 914 testimonii
904 855 1028 910 loco
1066 860 1246 909 exstet
1267 848 1567 915 versionis;
1606 850 1720 920 ipsa
1747 861 1852 918 qua
1882 843 2048 901 hodie

434 953 637 1010 utimur
659 950 720 1007 S.
755 946 1077 1020 llierouymi
1100 946 1388 1013 versione,
1427 941 1774 1014 antiquioris.
1806 940 2048 1013 Syngra-

435 1045 540 1116 pba
561 1052 742 1100 autem
771 1028 863 1098 illa
889 1041 970 1097 sic
999 1055 1060 1096 se
1087 1039 1250 1094 habet
1274 1055 1286 1091 :
1319 1055 1339 1091 ι
1377 1035 1708 1108 Augustinus
1737 1031 2044 1100 Ferrerius,

431 1139 548 1208 Dei,
571 1148 630 1196 et
649 1137 980 1209 Apostolicte
994 1134 1155 1192 Sedis
1170 1133 1346 1206 gratia
1358 1132 1647 1203 episcOpus
1659 1127 2045 1195 Vercellensis,

432 1242 490 1292 ct
519 1234 737 1298 Cornes,
760 1229 1043 1288 Universis
1067 1220 1568 1293 Christiﬁdelibus,
1597 1230 1895 1295 praesentes
1923 1234 2048 1277 nos-

435 1336 550 1385 tras
591 1325 956 1398 iuspecturis,
1009 1325 1238 1380 salutem
1282 1323 1338 1376 in
1375 1320 1600 1376 Domino
1635 1317 2046 1389 sempiternam.

433 1421 710 1479 Noveritis
729 1464 744 1489 ,
775 1419 916 1492 quod
949 1434 1121 1490 nuper
1147 1417 1215 1478 ad
1237 1415 1542 1473 Erclesiam
1570 1415 1629 1472 S.
1664 1413 1887 1469 Eusebii
1911 1410 2048 1467 Ver-

437 1515 693 1573 cellensis
712 1512 1017 1570 devotionis
1040 1512 1213 1582 gratia
1240 1509 1578 1567 declinantes
1607 1509 1748 1580 Mag.
1788 1508 1855 1563 D.
1882 1506 2046 1563 Jaco-

441 1609 544 1665 bus
564 1605 950 1674 Circestensis,
979 1614 1035 1662 et
1055 1605 1250 1662 Petrus
1281 1603 1442 1660 Ebult
1489 1602 1558 1658 de
1579 1601 1761 1669 Salus,
1792 1599 2050 1657 dioecesis

439 1698 836 1766 Lausanensis,
865 1696 934 1753 ad
960 1695 1028 1752 M.
1061 1693 1361 1768 principem
1389 1703 1633 1751 nostrum
1657 1693 2046 1750 Excellentiss.

2147 866 2340 922 nasque
2369 850 2644 907 memoria:
2664 849 2900 907 dandum
2928 850 3333 920 promiserithis
3345 850 3529 907 verbis
3549 869 3563 905 :
3583 851 3768 918 Quem

2147 960 2241 1000 nos
2277 942 2494 1016 proinde
2535 942 2924 998 describendum
2962 942 3291 1000 curabimus:
3336 952 3516 999 morte
3564 952 3764 1002 tamen

2149 1047 2449 1108 praereptus
2477 1051 2622 1093 anno
2653 1037 2816 1103 l6l0,
2861 1045 3149 1106 antequam
3197 1036 3304 1090 vita
3347 1036 3406 1092 S.
3440 1037 3665 1095 Eusebii
3688 1037 3767 1094 ab

2149 1134 2268 1204 ipso
2291 1133 2516 1190 collecta
2547 1134 2601 1190 in
2645 1132 2820 1188 lucem
2847 1130 3122 1199 ederetur,
3159 1131 3316 1187 alteri
3357 1131 3607 1190 Ferrerio
3627 1136 3767 1205 epi-

2148 1243 2337 1299 scopo,
2357 1238 2410 1285 et
2438 1243 2593 1284 sacra
2621 1225 2988 1283 cardinalatus
3007 1241 3243 1296 purpura
3265 1224 3763 1297 insignito,atque,

2148 1325 2217 1381 ad
2247 1325 2597 1397 spectabilem
2625 1323 3097 1396 venerandumque
3121 1323 3486 1380 Eusebianum
3506 1325 3766 1382 codicem

2150 1421 2207 1476 in
2238 1429 2563 1490 przcsentcm
2595 1419 2910 1474 memoriam
2944 1415 3306 1473 revocandum
3346 1417 3768 1488 incomparabili

2152 1512 2523 1570 sollicitudine
2555 1511 2780 1583 praedito
2804 1552 2820 1578 ,
2847 1525 3103 1581 supremo
3129 1511 3366 1566 dictante
3398 1511 3769 1583 providentiae

2152 1607 2390 1674 numine,
2416 1606 2566 1663 hisee
2596 1605 2931 1677 temporibus
2954 1621 3135 1662 curam
3167 1605 3407 1676 reliquit.

2225 1700 2385 1756 Aliud
2425 1715 2639 1772 quoque
2684 1698 3068 1755 documentum
3119 1697 3350 1754 habetur
3401 1699 3454 1754 in
3504 1714 3770 1757 sermone

439 1793 694 1852 Carolum
722 1790 1008 1850 Sabaudiae
1031 1790 1223 1847 ducem
1249 1805 1346 1861 pro
1366 1788 1654 1845 universali
1679 1787 2049 1844 Helvetiorum
2080 1817 2129 1878 B
2155 1795 2406 1863 Athonis,
2432 1793 2672 1866 episcopi
2704 1792 3066 1849 verecllensis
3111 1808 3254 1849 anno
3301 1793 3428 1860 752,
3475 1794 3568 1865 qui
3619 1795 3770 1851 inter

441 1897 713 1947 conventu
747 1899 994 1945 oratores
1015 1929 1031 1955 ,
1055 1886 1424 1958 signiﬁcantes
1451 1884 1605 1941 nobis
1623 1925 1638 1950 ,
1660 1894 1717 1939 et
1738 1879 2052 1939 venerando

441 1984 578 2056 Cap.
607 1993 795 2040 nOSll'o
828 2024 842 2048 ,
869 1981 1172 2038 Ecclesiam
1194 1980 1297 2037 sub
1327 1978 1486 2051 hujus
1508 1979 1680 2034 sancti
1710 1977 1935 2033 Eusebii
1971 1977 2055 2032 in—

449 2076 735 2133 vocatione
763 2076 818 2131 in
846 2075 1043 2131 ﬁnibus
1069 2073 1176 2130 loci
1204 2073 1364 2130 Salus
1383 2113 1401 2139 ,
1432 2072 1552 2128 loco
1576 2071 1724 2128 dicto
1750 2069 2052 2126 Nieuchen.

444 2169 803 2227 Lausauensis
831 2167 1084 2225 ditecesis
1105 2208 1119 2233 ,
1143 2165 1442 2223 consistere
1459 2206 1476 2232 ,
1508 2178 1670 2235 quam
1697 2163 1967 2230 homines,
1999 2170 2061 2220 et

444 2263 636 2319 incolae
656 2261 761 2318 loci
791 2259 1032 2332 praedicti
1065 2275 1276 2316 summa
1308 2265 1637 2314 venerantur
1683 2256 1979 2314 devotione
2004 2265 2060 2312 et

447 2355 782 2424 reverentia,
829 2353 902 2410 ob
927 2352 1160 2409 sublime
1184 2350 1516 2408 sanctissimi
1547 2349 1790 2422 episcopi
1834 2357 1890 2405 et
1915 2348 2057 2404 Mar-

446 2447 581 2520 tyris
614 2445 836 2504 Eusebii
853 2444 1129 2502 meritum.
1156 2443 1338 2513 Quare
1358 2485 1372 2509 ,
1398 2444 1442 2498 si
1470 2441 1597 2515 quid
1618 2441 1686 2499 de
1712 2442 1854 2497 illius
1883 2448 2058 2510 veste,

446 2541 632 2614 gestis,
657 2557 725 2598 ex
746 2539 993 2612 reliquiis
1016 2538 1158 2610 apud
1178 2539 1391 2610 plebem
1414 2537 1725 2610 praedictam
1745 2537 2059 2604 haberetur,

446 2635 638 2694 eadem
668 2635 960 2706 plurimum
987 2633 1044 2690 in
1083 2634 1314 2690 Domino
1363 2632 1750 2704 gratularetur.
1796 2631 1908 2688 Nos
1937 2630 2060 2688 ideo

449 2728 536 2803 (ut
565 2743 662 2800 par
677 2730 787 2800 est)
816 2726 1122 2800 cupientes,
1138 2735 1195 2783 et
1220 2724 1533 2796 praedictum
1556 2724 1738 2780 divum
1768 2723 2060 2781 Eusebium

447 2833 737 2894 patronum
765 2832 1010 2879 nostrum
1039 2818 1256 2877 devotis
1278 2818 1528 2876 laudibus
1553 2818 1752 2891 ubique
1777 2818 2023 2874 locorum
2041 2858 2056 2884 ,

449 2925 506 2976 et
532 2927 800 2976 terrarum
842 2930 1054 2973 summa
1084 2914 1440 2971 veneratione
1469 2912 1698 2978 extolli,
1749 2911 2062 2982 iustamque

449 3027 637 3070 eorum
659 3021 939 3068 oratorum
964 3009 1321 3066 devotionem
1349 3006 1761 3064 considerantes
1779 3048 1794 3073 ,
1825 3021 1926 3063 nec
1954 3021 2061 3062 non

453 3106 716 3178 praelibati
747 3105 892 3161 illius
913 3103 1173 3175 principis
1201 3102 1370 3158 nostri
1400 3102 1553 3158 ducis
1579 3102 1908 3173 singularem
1934 3118 2062 3174 erga

2159 1889 2298 1944 alios
2338 1887 2406 1945 ad
2446 1887 2660 1943 laudem
2707 1889 2876 1942 sancti
2924 1887 3176 1959 martyris
3204 1887 3446 1958 episcopi
3477 1887 3705 1944 Eusebii
3734 1904 3767 1945 a

2161 1983 2375 2041 Sanctis
2417 1981 2666 2037 Patribus
2691 1991 2746 2038 et
2785 1981 3054 2051 episcopis
3079 1981 3367 2038 Ambrosio
3386 2023 3401 2048 ,
3419 1981 3680 2048 Maximo,
3704 1999 3769 2040 ac

2161 2075 2424 2147 Gregorio
2441 2073 2746 2130 Turonensi
2764 2075 3094 2143 compositos
3110 2084 3443 2130 reccnsetur.
3473 2073 3628 2130 Circa
3651 2088 3770 2130 me-

2162 2171 2309 2226 dium
2351 2184 2584 2239 namque
2618 2166 2798 2224 Serm.
2830 2166 3101 2232 illius,ubi
3117 2167 3173 2222 ﬁt
3205 2168 3407 2224 mentio
3433 2167 3502 2222 de
3529 2169 3769 2224 concilio

2161 2271 2350 2320 coacto
2368 2261 2648 2318 Mediolani
2673 2277 2816 2317 anno
2837 2261 2946 2320 355
2963 2261 3132 2332 (juxta
3150 2261 3552 2317 adnotationem
3575 2260 3770 2317 Cardi-

2163 2359 2304 2416 nalis
2321 2357 2561 2429 Baronii)
2578 2373 2606 2410 a
2628 2355 2946 2413 Constantio
2963 2356 3290 2427 imperatore
3307 2355 3769 2426 perniciosissimo

2161 2453 2440 2512 catholicae
2462 2451 2612 2508 Fidei
2634 2452 2810 2519 hoste,
2838 2459 2999 2523 atque
3022 2464 3300 2516 eversore,
3317 2449 3397 2505 sic
3419 2449 3611 2522 legitur
3636 2467 3649 2502 :
3677 2449 3767 2503 Ad

2162 2564 2310 2620 quem
2335 2546 2510 2603 beatus
2533 2545 2783 2600 Eusebius
2814 2546 2890 2598 ire
2922 2543 3212 2609 distulerat,
3243 2559 3412 2614 quem,
3446 2543 3565 2612 quid
3599 2559 3768 2615 agen-

2162 2641 2306 2705 dum,
2354 2641 2561 2695 minime
2605 2639 2842 2694 latuerat.
2876 2636 3080 2694 Deinde
3125 2635 3340 2692 subdit:
3375 2634 3487 2693 Nec
3510 2654 3562 2693 re
3584 2638 3762 2708 potuit

2161 2738 2442 2799 continere,
2465 2735 2588 2806 quin
2625 2732 2694 2788 ad
2734 2740 3068 2787 memoratum
3094 2730 3374 2786 concilium
3400 2731 3491 2784 iret
3528 2746 3618 2801 pro
3652 2728 3763 2798 ﬁde

2163 2831 2484 2897 contendere,
2537 2827 2702 2882 sancti
2749 2825 3018 2900 Evangelii
3059 2841 3182 2879 cara
3219 2825 3497 2897 deponam
3522 2823 3756 2896 pignora.

2164 2926 2310 2982 [dem
2351 2931 2584 2979 teatatur
2622 2921 2785 2976 etiam
2815 2919 3154 2976 Venerabilis
3189 2918 3276 2975 Jo.
3306 2917 3624 2973 Franciscus
3653 2917 3761 2972 Bo-

2166 3018 2402 3084 nomius,
2426 3016 2588 3086 hujus
2609 3015 2869 3071 Ecclesiae
2896 3015 3184 3085 episcopus
3209 3030 3354 3070 anno
3385 3014 3544 3076 l554,
3559 3012 3647 3084 qui
3672 3011 3758 3067 in-

2168 3120 2251 3166 ter
2292 3119 2488 3165 caetera
2514 3150 2528 3172 ,
2561 3107 2628 3163 ad
2667 3117 2986 3179 apparatum
3029 3108 3351 3177 excogitata:
3395 3105 3760 3161 translationis

455 3201 711 3275 prmlatos
736 3211 985 3258 oratores
1028 3197 1463 3256 benevolentiam
1492 3239 1507 3264 ,
1539 3198 1629 3270 qui
1658 3197 1816 3254 nobis
1843 3207 1899 3255 et
1916 3199 2063 3269 capi-
2091 3219 2137 3284 ρ
2167 3202 2307 3259 sacri
2335 3202 2582 3273 corporis
2624 3203 2798 3258 sancti
2844 3201 3098 3273 martyris
3140 3199 3356 3256 Eusebii
3389 3199 3711 3270 pertinentia
3738 3239 3754 3265 ,

455 3300 572 3357 tulo
594 3307 781 3355 nostro
807 3311 905 3368 pro
929 3296 1010 3352 eis
1033 3294 1329 3350 aﬁ‘ectunse
1355 3294 1609 3364 scripsit,
1640 3301 1696 3349 et
1719 3292 2062 3365 magniﬁcum

463 3395 527 3452 D.
563 3395 901 3464 Stephanum
928 3432 943 3458 ,
972 3389 1129 3446 Motae
1156 3388 1213 3444 in
1239 3387 1508 3446 Sabaudia
1535 3387 1815 3443 dominum
1834 3429 1850 3456 ,
1874 3399 1928 3444 et
1951 3403 2066 3444 sua:

458 3487 815 3549 excellentiae.
840 3484 1182 3556 capitaneum
1210 3481 1544 3547 destinavit,
1596 3482 1850 3553 quoniam
1879 3481 2066 3552 hujus-

460 3583 610 3641 modi
646 3580 938 3656 posmlatio
986 3578 1052 3635 ad
1091 3578 1242 3634 Beati
1295 3575 1515 3633 Eusebii
1545 3576 1724 3642 cedit,
1777 3576 2065 3647 pepulique

459 3679 668 3752 praefati
717 3676 1097 3744 devotionem,
1154 3673 1360 3730 eisdem
1411 3673 1719 3729 oratoribus
1748 3673 2067 3744 (accedente

457 3771 756 3830 venerandi
808 3769 1033 3842 capituli
1093 3767 1387 3841 consensu)
1431 3776 1636 3839 partem
1686 3767 1910 3839 lapidis,
1958 3754 2095 3840 quo

453 3868 655 3940 Beatus
680 3866 945 3924 Eusebius
966 3863 1236 3936 lapidatus
1249 3863 1478 3932 exstitit,
1506 3873 1564 3920 et
1598 3863 1762 3920 morti
1804 3863 2062 3930 traditus;

455 3961 752 4036 loliumque
777 3977 945 4019 unum
973 3959 1556 4032 Evangeliorum,ante
1577 3968 1796 4015 centum
1827 3959 2062 4029 quadra-

452 4057 600 4130 ginta
630 4065 864 4130 quatuor
883 4099 898 4125 ,
923 4070 1088 4126 super
1111 4054 1261 4111 mille
1283 4069 1479 4119 annos,
1509 4053 1722 4123 praefati
1752 4052 1811 4109 S.
1845 4051 2064 4109 Eusebii

456 4165 619 4206 manu
652 4149 868 4220 propria
907 4148 1273 4220 conscriptum
1301 4187 1316 4212 ,
1363 4157 1420 4201 et
1447 4160 1477 4199 a
1521 4143 1778 4201 Sacrario
1807 4143 2067 4200 Ecclesia:

458 4244 732 4318 praedicta:
758 4257 882 4299 cum
904 4257 1009 4313 qua
1039 4241 1220 4297 decuit
1247 4238 1554 4296 reverentia
1581 4246 1906 4305 extractum,
1931 4238 2068 4294 elar-

459 4337 554 4411 giti
585 4337 788 4392 fuimus
821 4351 836 4390 :
869 4350 936 4392 ex
973 4349 1082 4406 quo
1107 4333 1522 4404 Evangeliorum
1555 4332 1693 4388 libro
1718 4332 1946 4403 plurima
1969 4333 2070 4389 mi-

456 4433 638 4491 racula
662 4431 776 4488 visa
807 4437 960 4498 sunt,
986 4445 1107 4501 quae
1152 4429 1298 4486 nulla
1341 4436 1597 4500 poterunt
1627 4427 2070 4500 tergiversatione

456 4527 645 4598 celari,
673 4535 728 4584 et
748 4540 868 4598 quae
893 4523 1070 4580 omnia
1087 4523 1230 4594 apud
1255 4521 1553 4578 Ecclesiam
1582 4529 1820 4578 nostram
1844 4521 2071 4592 pradic-

2169 3299 2343 3370 elogia
2368 3314 2438 3355 ex
2468 3297 2568 3354 SS.
2601 3297 2840 3362 Patrum,
2884 3305 2996 3351 tum
3028 3294 3364 3362 Graecorum,
3395 3304 3509 3350 tum
3537 3292 3759 3349 Latino-

2168 3407 2288 3447 rum
2333 3391 2549 3462 scriptis
2577 3398 2860 3461 exeerpta,
2889 3405 3010 3462 quae
3059 3389 3113 3445 in
3157 3389 3378 3446 basilica
3419 3387 3754 3457 Eusebiaua,

2167 3486 2307 3542 atrio
2332 3486 2647 3559 episcopali,
2689 3485 2944 3550 arcubus,
2989 3484 3270 3556 troplimis,
3301 3482 3512 3554 viisque
3535 3482 3761 3554 publicis

2167 3589 2325 3637 erant
2351 3579 2693 3652 apponenda,
2721 3579 2852 3636 illud
2880 3594 3094 3650 quoque
3133 3578 3364 3635 Athonis
3391 3577 3632 3634 extabat.
3659 3575 3761 3632 Ha-

2170 3676 2327 3732 hetur
2348 3675 2564 3731 demum
2592 3673 2646 3729 in
2666 3672 2790 3730 Vita
2813 3674 2983 3730 sancti
3011 3673 3226 3729 Eusebii
3251 3673 3392 3744 typis
3415 3672 3582 3738 edita,
3613 3687 3758 3727 num.

2167 3785 2279 3838 xtv,
2315 3767 2408 3825 τοι.
2441 3769 2565 3824 158.
2597 3767 2953 3824 Sacrosancta
2976 3766 3266 3838 Evangelia
3291 3781 3387 3821 sua
3411 3765 3582 3837 ipsius
3604 3781 3762 3820 manu

2167 3863 2461 3934 descripta,
2493 3862 2875 3918 ﬁdissimorum
2914 3862 3171 3917 comitum
3212 3861 3354 3925 loco,
3382 3860 3602 3917 assidue
3624 3859 3764 3932 apud

2166 3971 2226 4012 se
2251 3956 2472 4012 habuit:
2504 3955 2699 4026 quibus
2741 3969 2893 4024 usus,
2939 3953 3213 4022 vitiorum,
3250 3955 3630 4023 scliismatum,
3657 3953 3764 4011 ha:-

2170 4065 2459 4122 resumque
2489 4059 2626 4106 tetra
2653 4058 2891 4132 monstra
2925 4048 3160 4120 undique
3181 4049 3589 4106 exterminavit.

2243 4147 2352 4204 Sed
2401 4146 2530 4218 quid
2574 4147 2834 4202 immoror
2872 4147 2924 4201 in
2948 4145 3288 4216 requirendis
3314 4145 3721 4217 probationibus
3743 4187 3761 4217 ,

2170 4255 2292 4297 cum
2320 4248 2401 4308 tu,
2440 4240 2514 4296 mi
2554 4239 2874 4308 Blancliine,
2917 4247 3253 4312 compertum
3303 4241 3526 4307 habeas,
3572 4250 3763 4312 quanta

2171 4333 2242 4389 sit
2272 4333 2433 4405 hujus
2459 4336 2597 4390 sacri
2628 4333 2834 4392 codicis
2867 4335 3122 4407 dignitas,
3150 4345 3348 4406 quanta
3377 4336 3494 4408 ejus
3523 4336 3766 4393 condito-

2173 4427 2251 4483 ris
2288 4427 2578 4496 eertitudo,
2611 4437 2812 4500 quanta
2853 4429 3074 4502 insuper
3105 4429 3239 4487 ﬁdes
3265 4430 3315 4487 ei
3343 4429 3614 4486 habenda.
3661 4432 3766 4489 lloc

2173 4520 2311 4578 duce
2358 4531 2675 4579 aovatorum
2718 4537 2935 4580 errores
2981 4524 3203 4582 eludere
3240 4541 3438 4583 conare
3468 4543 3482 4580 :
3513 4536 3606 4592 ut,
3634 4527 3766 4583 sicut

456 4633 564 4680 tam
585 4635 796 4680 summa
819 4617 1171 4676 veneratione
1201 4623 1474 4672 asservata
1507 4614 1952 4685 transmittimus,
1978 4631 2072 4687 pa-
2096 4619 2148 4681 Ι)
2175 4616 2386 4670 oriente
2430 4615 2568 4684 sole,
2599 4617 2861 4688 quidquid
2901 4619 2969 4674 de
3001 4628 3260 4675 nocturna
3292 4619 3612 4677 umbrarum
3642 4619 3768 4676 cali-

455 4719 613 4790 rique
655 4715 1007 4774 veneratione
1047 4727 1216 4785 penes
1272 4726 1369 4768 eos
1406 4710 1688 4767 observari
1725 4709 2063 4767 affectamus.

459 4813 568 4870 llas
593 4823 770 4870 autem
793 4819 1010 4869 nostras
1037 4824 1135 4881 per
1160 4806 1537 4874 secretarium,
1574 4816 1926 4878 nostrumque
1951 4806 2068 4876 jus-

457 4920 580 4961 sum
611 4906 948 4980 subsignari,
983 4913 1039 4962 et
1079 4902 1241 4975 sigilli
1273 4900 1442 4956 nostri
1469 4901 1694 4971 majoris
1721 4899 2067 4970 appositione

457 4996 741 5054 roboratas
767 4999 820 5054 in
842 4996 1209 5054 testimonium
1243 4993 1644 5064 praemissorum
1670 4991 2062 5048 concessimus.

460 5093 654 5148 Datum
683 5091 952 5148 Vercellis
980 5107 1048 5148 ex
1078 5088 1280 5162 palatio
1308 5085 1602 5158 episcopali
1627 5095 1816 5142 nostro
1834 5127 1850 5154 ,
1879 5085 1968 5141 die
1995 5082 2069 5139 24

457 5185 700 5244 Januarii
731 5185 949 5254 MDXV,
984 5184 1345 5256 praesentibus
1375 5181 1572 5238 ibidem
1625 5180 1840 5238 Andrea
1872 5180 2069 5238 Ferre--

459 5277 543 5336 rio
571 5278 803 5347 Patruo,
848 5286 904 5333 et
925 5277 1129 5333 vicario
1171 5283 1359 5332 nostro
1386 5274 1655 5346 generali,
1696 5283 1752 5331 et
1791 5273 2068 5330 Ludovico

459 5373 528 5430 de
537 5372 777 5441 Gromis,
790 5371 1068 5428 Canonico
1085 5369 1438 5436 Vercellensi,
1468 5369 1695 5425 testibus
1708 5369 1774 5425 ad
1791 5369 2068 5438 praemissa

462 5467 669 5522 vocatis
692 5507 708 5531 ,
763 5473 820 5522 et
848 5466 1072 5537 rogatis.
1095 5463 1137 5537 ἰ’
1175 5465 1289 5520 loco
1318 5464 1494 5536 Signi.
1523 5462 1611 5520 Jo.
1633 5462 1702 5519 de
1727 5463 2012 5519 Ferreriis.
2041 5481 2060 5515 ι

532 5558 638 5615 Per
684 5559 828 5614 hunc
871 5557 1108 5630 denique
1158 5557 1354 5613 librum
1397 5557 1725 5628 praecipuam
1776 5557 2066 5628 quamdam

463 5650 708 5721 ejusdem
737 5652 1080 5710 sanctitatem
1117 5649 1413 5723 aliquando
1443 5651 1764 5724 signiﬁcavit
1789 5652 1962 5718 Deus,
1992 5652 2069 5709 uti

464 5744 628 5799 etiam
678 5744 795 5816 ipsa
827 5745 1131 5817 syngrapha
1161 5744 1412 5815 superior
1459 5743 1668 5802 innuit:
1700 5744 1897 5817 sacpius
1925 5746 2069 5804 enim

448 5838 667 5909 °evenit,
714 5847 774 5896 ut
799 5837 913 5911 qui,
959 5839 1052 5900 illo
1099 5849 1242 5899 tacto
1273 5833 1608 5912 pejeraruut,
1647 5839 1707 5908 ii,
1748 5847 1843 5900 aut
1887 5839 2067 5901 statim

2173 4706 2298 4777 giue
2323 4707 2591 4779 reliquum
2623 4717 2726 4775 est,
2758 4707 2867 4764 cito
2891 4709 3182 4774 dilabitur;
3225 4711 3322 4780 ita,
3348 4710 3451 4767 hoc
3491 4727 3648 4767 sacro
3676 4727 3766 4767 vo-

2173 4802 2376 4859 lumine
2406 4801 2461 4857 in
2498 4803 2671 4858 lucem
2694 4802 2864 4871 edito,
2897 4814 2948 4860 et
2976 4819 3081 4861 non
3113 4805 3286 4862 solum
3311 4805 3364 4862 in
3395 4807 3651 4863 litteraria
3680 4823 3764 4864 rc-

2173 4895 2407 4968 puhliea,
2437 4896 2534 4952 sed
2575 4896 2741 4954 etiam
2786 4898 2839 4953 in
2892 4908 3005 4955 toto
3054 4907 3319 4956 terrarum
3373 4899 3506 4956 orbe
3549 4899 3762 4966 diﬁ‘uso,

2173 4989 2414 5046 omnium
2459 4989 2837 5046 haereticorum
2879 4992 3020 5048 oculi
3066 4992 3444 5061 excutientes,
3487 4992 3765 5049 catholica:

2171 5081 2295 5138 ﬁdei
2325 5082 2600 5154 agnitione
2626 5083 2982 5142 illustrentur.

2243 5177 2401 5234 Faxit
2448 5178 2611 5248 Deus,
2641 5189 2698 5236 ut
2727 5196 2846 5237 mea
2877 5183 3039 5238 etiam
3066 5181 3133 5239 ad
3163 5183 3422 5255 majorem
3453 5183 3767 5242 orthodoxa:

2173 5271 2300 5327 ﬁdei
2327 5271 2795 5331 conﬁrmationem
2819 5317 2836 5344 ,
2865 5275 2933 5332 ad
2959 5277 3132 5349 majus
3159 5280 3346 5350 gloria:
3373 5279 3765 5338 incrementum

2174 5364 2234 5422 S.
2270 5366 2331 5422 P.
2366 5366 2429 5421 N.
2457 5369 2710 5441 martyris
2731 5371 2967 5442 episcopi
3002 5371 3245 5440 Eusebii,
3277 5374 3434 5446 eique
3459 5371 3768 5433 famulantis

2171 5463 2419 5534 capituli,
2450 5463 2518 5520 ad
2557 5463 2774 5536 dignam
2803 5465 3019 5522 demum
3057 5468 3134 5523 tui
3161 5467 3401 5525 nominis
3426 5470 3768 5527 commenda-

2173 5556 2375 5613 tionem
2421 5557 2798 5631 compleantur
2826 5568 2970 5615 vota.
2997 5560 3198 5632 Accipe
3234 5561 3396 5634 igitur
3419 5602 3434 5628 ,
3466 5563 3768 5633 praeclaris-

2171 5651 2330 5719 sime,
2359 5666 2423 5708 ac
2445 5666 2663 5725 semper
2688 5653 2819 5710 mihi
2842 5656 3148 5726 gratissime
3171 5656 3483 5724 Blanchine,
3511 5657 3768 5729 quidquid

2172 5743 2518 5801 imbecillitas
2560 5763 2676 5802 mea
2710 5748 2941 5820 seligere
2969 5749 3158 5819 potuit,
3191 5751 3334 5821 quod
3365 5764 3524 5806 omne
3568 5749 3661 5806 tibi
3681 5750 3770 5821 ju-

2171 5837 2565 5899 cundissimum
2611 5839 2728 5900 fore
2772 5841 3007 5902 conﬁdo.
3049 5841 3189 5904 Vive
3227 5844 3359 5918 diu,
3388 5841 3615 5905 celando
3642 5840 3767 5904 ﬁdei
3838 5902 3848 5912 _

3789 5963 3829 5977 ρ
