3968 6332
209 271 279 327 7'5

1249 264 1589 325 EPISTOLA
1629 262 1961 326 RUGGERII
1999 266 2481 328 NOVARIENSIS.

3439 279 3510 335 74

205 385 521 451 veritatem;
554 399 618 442 ac
646 384 702 441 in
724 383 894 444 arduo
919 384 1287 458 maximoque,
1311 385 1455 459 quod
1479 385 1803 458 suscepisti,
1833 391 1888 451 Α
1912 385 2028 441 idus
2057 385 2277 459 Augusti
2315 388 2369 442 in
2393 387 2551 442 Curte
2581 388 2742 461 Regia
2776 389 3066 457 Lustonoa,
3097 406 3193 448 seu
3217 392 3510 466 Justonoa,

203 493 389 550 opere,
413 485 472 534 te
499 477 641 534 Deus
663 477 988 534 incolumem
1017 487 1231 544 servet,
1260 493 1326 534 ac
1351 478 1570 534 demum
1591 477 1658 533 ad
1681 477 1805 534 feli-

204 572 482 628 cissimum
507 572 702 628 salutis
721 580 940 628 aeterna:
970 573 1150 628 locum
1184 572 1462 644 perducat.
1491 571 1645 629 Vale.
1677 570 1809 628 Ver-

206 666 357 723 cellis
382 665 476 722 die
501 682 558 721 χι
589 667 794 724 mensis
833 664 1002 735 Junii,
1034 667 1194 722 Anno
1228 664 1440 722 Domini
1466 665 1626 722 1758.

207 825 579 884 BLANCHINI
623 825 1064 883 VERONENSIS
1102 825 1190 881 DE
1226 823 1476 883 CODICE
1507 823 1808 881 VERCEL-

728 920 926 978 LENSI
970 919 1305 978 JUDICIUM.

274 1036 390 1109 Ego
443 1036 499 1092 in
539 1035 892 1093 illustrissimi
935 1036 1182 1092 canonici
1235 1033 1491 1107 Ruggerii
1556 1032 1810 1090 laudibus

203 1132 398 1198 feram,
425 1132 477 1188 si
504 1131 945 1188 dissertationem
966 1145 1179 1202 quoque
1199 1130 1431 1186 texuerit
1455 1129 1806 1200 singularem,

202 1235 361 1296 atque
383 1239 452 1280 ea
477 1231 828 1280 monumenta
858 1223 926 1279 ab
947 1223 1095 1279 omni
1121 1222 1439 1293 antiquitate
1468 1221 1628 1292 petita
1660 1219 1810 1276 evul-

201 1314 435 1388 gaverit,
470 1332 590 1387 qua:
619 1314 704 1389 (ut
734 1315 850 1386 ipse
885 1315 940 1371 in
979 1314 1210 1386 epistola
1239 1313 1453 1370 videtur
1480 1311 1727 1383 innuere)
1755 1312 1808 1368 in

201 1410 427 1467 archiva
460 1409 690 1482 insignis
717 1409 941 1481 capituli
971 1408 1040 1465 ad
1069 1407 1212 1465 hanc
1243 1407 1387 1464 diem
1422 1421 1595 1476 usque
1623 1403 1812 1461 adscr-

203 1512 433 1570 vantur;
473 1511 532 1558 ut
562 1517 754 1558 eorum
795 1516 899 1573 ope
929 1500 1274 1558 sanctissimo
1307 1499 1560 1572 episcOpo
1587 1506 1642 1554 et
1669 1513 1811 1553 mar-

203 1595 306 1669 tyri
336 1594 585 1652 Eusebio
621 1595 899 1650 laudatum
935 1594 1180 1652 codicem
1213 1593 1633 1664 Evangeliorum
1657 1607 1804 1648 asse-

202 1698 282 1744 rat
302 1687 680 1758 vindicetque.
703 1687 782 1756 ld,
806 1698 862 1744 ut
884 1687 1266 1756 velitefﬁcere,
1291 1687 1450 1745 etiam
1468 1697 1630 1757 atque
1646 1685 1807 1741 etiam

1915 494 2012 550 pro
2041 481 2362 551 quibusdam
2397 481 2615 553 praediis
2658 483 3014 554 Angelbergze
3050 486 3176 541 olim
3206 487 3511 558 imperatri-

1911 572 2013 641 cis,
2053 577 2104 628 in
2147 573 2296 628 Italia
2331 574 2632 641 morantis;
2667 590 2733 630 ex
2761 576 2953 646 quibus
2985 577 3154 648 liquet
3183 579 3419 635 nondum
3443 596 3510 637 eo

1911 678 2055 720 anno
2079 665 2257 721 locum
2289 665 2457 721 fuisse
2484 666 2811 738 Berengario
2841 668 3124 726 invadendi
3157 673 3331 743 regni,
3365 673 3510 744 quod

1911 759 2084 814 solum
2137 768 2261 830 post
2298 768 2528 817 mortem
2577 760 2754 816 Caroli
2799 765 3150 834 subsequenti
3196 782 3339 822 anno
3379 767 3505 835 888,

1912 851 2107 908 factum
2132 863 2237 908 est.
2265 853 2403 908 Sunt
2421 863 2477 909 et
2503 855 2604 908 alia
2626 853 2913 921 diplomata
2940 857 3178 912 nondum
3206 859 3349 914 edita
3367 860 3516 930 ejus-

1912 941 2035 998 dem
2081 943 2431 1014 Bcrengarii,
2476 960 2548 1000 ex
2597 946 2791 1016 quibus
2822 946 2964 1003 idem
2995 949 3280 1005 evincitur.
3332 952 3532 1008 Unum'

1912 1035 2096 1090 datum
2125 1044 2210 1091 est
2249 1054 2387 1091 anno
2433 1038 2560 1105 889,
2595 1054 2646 1093 tv
2683 1039 2801 1093 idus
2837 1043 3156 1110 septembris,
3197 1061 3334 1099 anno
3364 1049 3510 1120 regni

1911 1143 1970 1193 ιι,
2002 1129 2230 1183 alterum
2261 1144 2406 1184 anno
2433 1130 2563 1196 89l,
2594 1146 2645 1185 tv
2672 1146 2842 1188 nonas
2878 1135 3224 1202 septembris,
3253 1152 3396 1193 anno
3423 1156 3510 1196 rc-

1912 1219 2002 1290 gni
2046 1236 2140 1288 vn,
2175 1229 2233 1275 ut
2271 1221 2375 1276 alia
2403 1222 2747 1278 omittantur.
2797 1223 2981 1281 IEtate
3024 1242 3156 1282 vero
3200 1228 3512 1302 Berengarii

1913 1314 1993 1368 sic
2020 1314 2458 1381 constabilitata',
2487 1316 2726 1371 nascitur
2755 1317 2890 1372 mihi
2921 1333 3062 1373 nunc
3092 1334 3289 1375 novum
3315 1323 3513 1392 proba-

1915 1405 2076 1460 tionis
2103 1422 2295 1478 genus,
2329 1407 2380 1462 in
2413 1423 2518 1478 quo
2545 1407 2659 1465 fere
2688 1410 3090 1481 conquiescam.
3123 1412 3227 1469 Sed
3259 1417 3510 1485 quoniam

1914 1498 2090 1568 ipsum
2131 1500 2385 1568 explicari
2434 1517 2542 1556 non
2575 1510 2792 1572 potest,
2824 1505 2925 1559 nisi
2958 1505 3215 1576 inspectis
3244 1513 3518 1582 argenteis

1913 1589 2130 1646 laminis
2175 1591 2418 1662 ejusdem
2476 1594 2679 1650 codicis
2731 1596 3057 1664 Eusebiani,
3112 1615 3140 1654 a
3194 1600 3520 1675 Berengario

1913 1701 2048 1740 auro
2096 1698 2428 1758 argentoque
2469 1689 2728 1757 contexti,
2782 1699 2944 1763 atque
2993 1692 3250 1750 Ecclesiae
3287 1699 3518 1769 principi

203 1797 366 1853 rogo;
397 1783 547 1838 sicut
569 1799 632 1838 ex
664 1783 860 1838 litteris
883 1782 950 1838 ad
980 1799 1104 1839 eum
1129 1782 1345 1852 scriptis
1375 1781 1427 1838 id
1458 1796 1545 1837 me
1573 1794 1810 1836 summo-
1843 1808 1890 1868 Β
1916 1776 2286 1834 Vercellarum
2337 1780 2403 1834 ab
2433 1779 2551 1851 ipso
2591 1792 2905 1838 reverenter
2934 1784 3131 1852 oblati,
3165 1787 3292 1857 ipsa:
3324 1789 3520 1846 tabula:

205 1890 333 1944 pere
383 1883 582 1944 optare
623 1875 916 1946 perspexit.
966 1879 1232 1944 Quantam
1263 1891 1393 1932 vero
1423 1873 1813 1946 antiquissimae

204 1968 491 2023 traditioni
546 1968 910 2025 Vercellensis
955 1969 1210 2026 Ecclesiae
1257 1969 1420 2026 ﬁdem
1467 1984 1568 2024 nos
1615 1968 1817 2024 habere

203 2063 520 2125 conveniat,
563 2060 794 2116 edocent
839 2069 956 2116 acta
984 2061 1076 2116 illa
1103 2061 1162 2118 S.
1187 2061 1435 2126 Eusebii,
1469 2076 1589 2133 quae
1629 2059 1819 2117 Ferdi-

204 2155 419 2212 nandus
453 2155 737 2228 Ughellius
768 2156 969 2229 publici
1007 2157 1146 2227 juris
1194 2157 1324 2214 fecit
1363 2156 1521 2213 Tom.
1566 2172 1617 2212 IV
1645 2155 1818 2210 Italica

204 2248 408 2312 δαίεται.
445 2249 557 2304 col.
603 2249 764 2313 £030,
805 2249 992 2320 primae
1019 2248 1176 2316 edit.,
1217 2265 1282 2305 ea:
1300 2250 1480 2305 codice
1511 2249 1595 2322 (ut
1619 2245 1814 2320 inquit)

203 2341 550 2397 vetustissimo
569 2341 704 2396 Vita:
719 2352 1018 2397 sanctorum
1038 2342 1335 2398 monasterii
1353 2340 1731 2396 Nonantulani.
1757 2339 1816 2395 In

202 2432 269 2489 iis
295 2448 542 2504 namque
569 2433 640 2488 ita
671 2433 896 2506 legitur:
930 2451 950 2487 ‹
988 2433 1269 2506 Pugnabat
1294 2443 1475 2491 autem
1508 2432 1726 2507 (scilicet
1750 2432 1813 2489 S.

204 2527 486 2599 Eusebius)
514 2536 702 2583 contra
735 2527 1155 2584 immanissimas
1177 2529 1378 2584 bestias
1402 2527 1815 2592 Arriomanitas,

203 2635 323 2690 qua:
347 2635 480 2676 eum
508 2620 834 2692 expulerunt
863 2621 932 2676 de
958 2621 1202 2688 civitate,
1229 2620 1606 2691 persecutione
1636 2619 1817 2692 populi

204 2721 399 2768 contra
425 2728 557 2768 eum
586 2713 841 2769 excitata.
870 2715 938 2769 At
964 2713 1075 2780 ille,
1107 2730 1176 2770 ne
1205 2714 1439 2786 populus
1461 2713 1514 2768 in
1543 2728 1665 2770 eum
1695 2729 1820 2784 pec-

203 2816 374 2874 caret,
421 2821 565 2876 quos
593 2814 785 2876 postea
813 2805 1186 2862 delectabatur
1211 2805 1412 2861 habere
1443 2804 1606 2872 ﬁlios,
1640 2804 1819 2861 sciens

203 2897 499 2969 scriptum,
525 2897 589 2954 Si
624 2913 713 2953 vos
745 2899 1001 2968 persecuti
1042 2899 1235 2970 fuerint
1260 2898 1315 2952 in
1341 2914 1447 2952 una
1474 2897 1699 2964 ciuitate,
1730 2897 1819 2966 fu-

205 2992 309 3062 gite
329 2991 387 3045 in
413 2991 603 3055 aliam,
630 2991 769 3046 ultra
797 2991 995 3046 ﬂumen
1019 2990 1222 3046 Padum
1241 2990 1455 3046 transiit
1474 3031 1489 3057 ,
1517 2998 1572 3046 et
1597 2989 1664 3045 ad
1692 2989 1822 3045 Cas-

208 3093 374 3151 trum,
409 3083 561 3155 quod
602 3083 802 3140 dicitur
845 3083 1296 3150 Credonensium,
1351 3082 1698 3153 perveniens,
1749 3081 1820 3138 ibi

210 3175 391 3232 tribus
423 3176 708 3232 mensibus
747 3176 979 3248 degens,
1008 3177 1064 3232 in
1087 3176 1350 3232 honorem
1379 3175 1441 3230 Β.
1475 3173 1572 3231 Dei
1588 3173 1796 3230 Genitri

207 3270 287 3326 cis
313 3269 631 3325 construxit
658 3269 1002 3325 Oratorium:
1037 3268 1131 3324 ubi
1175 3268 1338 3326 etiam
1384 3268 1561 3324 adhuc
1611 3267 1823 3337 longius

209 3365 440 3436 degens,
476 3364 827 3421 Evaaceuou
875 3364 1080 3420 Christi
1130 3363 1346 3434 propria
1378 3379 1538 3419 manu
1566 3377 1818 3426 scmrsn,

210 3457 365 3529 cujus
392 3457 719 3513 miraculum
747 3456 801 3512 in
824 3456 1013 3514 eodem
1043 3456 1232 3512 codice
1257 3466 1485 3528 quatuor
1504 3456 1826 3527 Evangelia-

212 3566 330 3606 rum
362 3566 476 3606 non
511 3550 688 3606 solum
718 3550 899 3606 verbis
925 3547 1154 3616 Christi,
1182 3548 1275 3606 sed
1305 3559 1360 3606 et
1385 3549 1627 3621 ejusdem
1652 3549 1826 3604 Patris

215 3652 364 3700 tanta
386 3645 566 3700 virtus
579 3651 848 3707 coruscat,
873 3651 955 3710 ut,
985 3642 1033 3699 si
1058 3643 1254 3714 aliquis
1275 3641 1530 3701 seductus
1551 3657 1583 3697 a
1609 3641 1827 3698 diabolo

214 3735 412 3793 falsum
441 3751 615 3806 super
638 3752 762 3792 eum
789 3736 1203 3792 Sacramentum
1236 3734 1448 3804 fecerit,
1477 3735 1646 3817 citius‘
1665 3748 1828 3804 super

213 3843 341 3884 eum
394 3829 556 3899 plaga
604 3827 850 3900 corporis
890 3826 1244 3883 ostendatur:
1297 3829 1366 3882 ita
1412 3837 1492 3895 ut,
1533 3836 1623 3881 aut
1656 3835 1831 3882 morte

217 3922 542 3988 mulctetur,
573 3933 668 3978 aut
701 3921 928 3993 perditis
958 3923 1132 3980 oculis
1160 3922 1439 3994 spirituale
1465 3931 1520 3978 et
1546 3922 1831 3992 corporale

221 4015 410 4073 lumen
430 4015 666 4083 amittat,
690 4026 783 4070 aut
806 4015 1056 4072 ariditate
1085 4016 1478 4083 membrorum,
1503 4031 1725 4071 mancus
1748 4014 1832 4070 vel

216 4107 454 4165 claudus
482 4107 775 4175 efﬁciatur,
818 4117 912 4164 aut
940 4109 1218 4166 invasione
1244 4109 1552 4166 daemonum
1581 4125 1719 4182 pene
1741 4123 1835 4165 us-

219 4217 327 4273 que
381 4200 456 4256 ad
509 4201 712 4257 exitum
755 4200 1067 4257 dilanietur.
1109 4219 1128 4255 ι
1187 4201 1347 4258 Hisce
1398 4200 1832 4270 laudationibus,

223 4297 468 4367 huicque
501 4299 622 4351 testi
673 4295 802 4352 item
849 4296 1206 4368 Berengarius
1231 4297 1461 4364 accedit,
1494 4297 1635 4354 ﬁlius
1662 4296 1834 4353 Eber-

221 4389 383 4446 hardi
438 4389 595 4444 ducis
640 4389 1054 4460 Forojuliensis,
1085 4392 1174 4462 qui
1203 4391 1494 4448 admodum
1534 4390 1752 4463 juvenis
1782 4391 1834 4446 in

221 4497 417 4554 regem
461 4480 628 4537 Italia:
674 4497 816 4538 anno
867 4482 992 4549 888,
1039 4483 1141 4538 fuit
1196 4483 1459 4551 adlectus,
1512 4493 1571 4538 ut
1624 4490 1838 4539 constat

1922 1867 2276 1939 inspicientur
2325 1871 2486 1928 Parte
2530 1889 2568 1928 ll
2611 1872 2772 1945 hujus
2819 1877 3020 1947 operis,
3056 1880 3190 1951 'pag.
3235 1897 3436 1938 DLXXIV
3466 1895 3521 1940 et

1921 1978 2116 2026 nuxv,
2149 1979 2216 2018 ex
2243 1964 2435 2035 quibus
2478 1966 2664 2022 licebit
2707 1968 2982 2038 conjicere
3019 1987 3142 2027 eum
3175 2015 3190 2040 ,
3234 1987 3518 2046 postquam

1921 2055 2158 2125 cpiSCopi
2191 2054 2552 2136 Vercellcnsis
2586 2060 2966 2128 patrimonium
3009 2065 3141 2121 satis
3169 2068 3408 2138 amplum
3438 2070 3523 2126 di-

1922 2146 2183 2217 ripuerat,
2233 2157 2431 2206 tactum
2463 2152 2652 2208 dolore
2676 2154 2854 2209 cordis
2883 2157 3230 2224 intrinsecus,
3261 2160 3527 2219 Eusebia-

1921 2256 2050 2296 num
2077 2245 2470 2316 autographum
2490 2261 2612 2302 cum
2639 2245 2851 2305 foenore
2871 2249 3186 2309 reddidisse.
3216 2241 3528 2314 Rem'narro

1923 2347 1992 2388 ex
2040 2333 2311 2392 Hadriano
2354 2337 2590 2406 Valesio,
2643 2339 2736 2410 qui
2781 2357 2900 2413 cap.
2933 2359 2986 2399 tv
3017 2344 3437 2403 Adnotationum
3468 2350 3523 2405 in

1924 2426 2199 2484 laudatum
2221 2432 2476 2504 anonymi
2509 2434 2891 2505 panegyricum
2912 2436 3082 2508 inquit
3108 2455 3121 2494 :
3157 2457 3177 2491 ‹
3209 2438 3367 2496 Αιιιιο
3395 2441 3524 2508 886,

1923 2519 2064 2576 inter
2092 2521 2472 2593 Berengarium
2489 2524 2913 2595 Forojuliensem
2933 2528 3149 2598 ducem,
3177 2541 3230 2586 et
3256 2532 3527 2588 Luitwar-

1923 2613 2050 2668 dum
2081 2615 2395 2686 episc0pum
2443 2616 2845 2677 Vercellensem
2865 2664 2879 2689 ,
2913 2623 3089 2679 Caroli
3123 2627 3346 2697 Augusti
3378 2644 3408 2683 a
3437 2645 3528 2684 sc-

1922 2704 2085 2760 crelis
2111 2706 2478 2764 consiliarium
2503 2710 2742 2779 unicum,
2771 2724 2889 2768 orta
2911 2715 3182 2772 discordia
3196 2726 3300 2774 cst.
3326 2719 3528 2776 Beren-

1923 2799 2106 2870 garius
2139 2815 2235 2870 per
2261 2802 2393 2867 vim,
2425 2811 2517 2858 aut
2541 2819 2640 2874 per
2667 2805 2890 2861 insidias
2923 2807 3198 2866 Vercellas
3225 2811 3526 2884 ingressus,

1925 2892 2124 2948 multas
2153 2909 2243 2949 res
2269 2895 2507 2966 episcopi
2555 2912 2654 2968 pro
2681 2899 2955 2956 voluntate
2993 2905 3274 2975 surripuit,
3308 2924 3371 2964 ac
3391 2908 3529 2967 urbe

1924 2985 2160 3040 excessit
2187 2987 2376 3057 spoliis
2397 2998 2646 3058 onustus,
2680 2992 2899 3048 nemine
2925 2994 3250 3063 prohibente
3275 3017 3288 3052 :
3321 3002 3417 3057 sed
3443 3004 3528 3057 in-

1925 3077 2173 3147 sequenti
2204 3093 2348 3135 anno
2394 3078 2498 3136 887
2524 3081 2592 3136 ad
2622 3082 3003 3150 imperatorem
3044 3093 3212 3156 venit,
3244 3101 3298 3147 et
3323 3097 3535 3165 magnis

1927 3168 2242 3224 muneribus
2285 3172 2670 3228 contumeliam
2722 3189 2785 3229 ac
2825 3175 3072 3248 injuriam
3115 3182 3371 3253 episcOpo
3421 3185 3535 3242 fac-

1929 3268 2037 3314 tam
2091 3259 2214 3327 luit,
2267 3261 2595 3341 inimicaque
2645 3266 2926 3336 satisfecit,
2978 3272 3431 3341 quemadmodum
3480 3279 3533 3336 in

1925 3353 2229 3409 Annalibus
2258 3339 2588 3412 Bertiuianis
2615 3357 2913 3415 invenitur.
2951 3380 2972 3414 ι
2998 3339 3184 3419 -Αιιιιο
3214 3368 3357 3422 enim
3385 3370 3492 3425 886
3514 3413 3532 3440 ,

1928 3443 2058 3500 Post
2102 3444 2331 3513 Pascha,
2380 3448 2675 3521 (inquiunt)
2722 3451 2898 3508 habito
2932 3457 3158 3525 generali
3199 3455 3383 3530 Papia:
3413 3479 3536 3516 con-

1927 3549 2077 3593 ventu
2121 3539 2403 3609 imperator
2446 3557 2538 3612 per
2569 3541 2925 3614 Burgundiatn
2948 3590 2962 3614 ,
2997 3548 3197 3602 obviam
3230 3549 3537 3610 Norminnis

1928 3635 1983 3689 in
2013 3633 2261 3702 Galliam,
2304 3637 2394 3702 qui
2440 3648 2560 3692 tunc
2606 3638 2829 3696 Parisiis
2876 3653 3046 3708 erant,
3096 3661 3254 3716 usque
3291 3651 3535 3717 pervenit.

1933 3724 2115 3780 Occiso
2153 3727 2224 3781 ibi
2256 3726 2487 3784 Henrico
2517 3729 2814 3787 Marchensi
2840 3732 3184 3805 Francorum,
3219 3741 3304 3810 qui
3326 3741 3380 3794 id
3406 3751 3536 3796 tent-

1931 3833 2028 3887 pus
2055 3817 2359 3874 Neustriam
2395 3823 2574 3886 tenuit,
2603 3838 2713 3886 rex.
2742 3840 2925 3892 parum
2950 3842 3192 3896 prospere
3217 3832 3346 3884 actis
3367 3831 3536 3898 rebus,

1930 3909 2201 3963 revertitur
2239 3910 2294 3963 in
2334 3928 2452 3966 sua.
2489 3911 2764 3969 Discordia
2791 3916 2924 3971 inter
2953 3917 3323 3991 Berengariunt
3349 3941 3542 3997 cogna-

1933 4010 2042 4055 tum
2086 4002 2241 4073 regis,
2274 4003 2364 4072 qui
2389 4002 2530 4058 Foro
2555 4005 2795 4062 Juliense
2823 4010 3052 4079 fruitur,
3098 4023 3145 4067 et
3190 4013 3542 4073 Liviwardum

1934 4097 2229 4168 episwpunt
2261 4097 2448 4152 oritur.
2483 4097 2773 4169 Pr0pterea
2797 4099 3146 4176 Berengarius
3173 4109 3379 4166 mittens
3414 4111 3545 4166 Ver-

1936 4191 2174 4246 cellinam
2217 4191 2392 4246 urbem
2419 4192 2704 4261 expoliare,
2734 4195 2917 4268 ibique.
2938 4200 3164 4266 veniens,
3193 4203 3369 4259 multis
3396 4205 3545 4260 rebus

1937 4284 2162 4355 episc0pi
2211 4284 2454 4357 abreptis,
2487 4296 2639 4358 prout
2664 4289 2854 4357 uoluit,
2898 4307 3132 4349 reversus
3173 4305 3266 4350 est.
3311 4295 3379 4351 Et
3408 4314 3545 4353 anno

1938 4377 2066 4442 887,
2099 4377 2380 4444 imperator
2409 4378 2616 4433 elisaica
2655 4397 2843 4455 magna
2867 4384 3185 4453 inﬁrmitate
3209 4388 3544 4462 adgravatur.

1939 4467 2129 4524 Postea
2142 4485 2326 4538 parum
2339 4471 2788 4538 conualescens,ad
2801 4475 3151 4532 Alemanniam
3163 4480 3507 4551 proﬁciscitur
3526 4499 3546 4538 :

221 4592 290 4633 ex
321 4575 524 4648 sigillis
551 4576 726 4632 cereis
753 4576 1129 4647 diplomatum,
1171 4593 1294 4648 qua:
1321 4576 1439 4648 ipse
1465 4576 1612 4633 dedit
1650 4576 1826 4646 primis

1943 4578 2151 4634 uergens
2193 4560 2401 4617 Curtem
2449 4562 2741 4633 Podonam,
2775 4584 2870 4639 pro
2901 4571 3099 4636 dolore,
3127 4575 3311 4641 capitis
3338 4575 3549 4629 incisio-

223 4669 310 4725 sui
357 4667 525 4740 regni
574 4669 751 4724 annis.
785 4668 861 4726 lbi
903 4669 1046 4726 enim
1084 4669 1295 4742 efﬁgies
1329 4670 1572 4726 cernitur
1601 4668 1838 4725 hominis

225 4761 524 4828 imberbis,
556 4763 870 4835 vultumque
905 4762 1200 4834 iuvenilem
1233 4763 1593 4834 praeferentis,
1624 4762 1840 4834 qualem

227 4873 339 4912 non
373 4855 568 4912 videas
597 4857 652 4912 in
675 4856 1115 4928 subsequentium
1140 4873 1405 4914 annorum
1435 4857 1840 4929 diplomatibus.

225 4947 585 5021 Guglielmus
608 4947 936 5006 Godefridus
962 4949 1286 5017 Leibnitius,
1311 4950 1403 5022 qui
1432 4950 1724 5007 editionem
1757 4965 1846 5005 or-

229 5042 414 5110 navit,
445 5057 509 5098 ac
537 5042 753 5098 brevem
780 5041 1200 5114 Chronologiam
1240 5043 1447 5114 antiqui
1475 5043 1718 5098 carminis
1754 5057 1847 5113 pa-

230 5136 476 5210 negyrici
502 5136 565 5192 de
593 5137 834 5192 laudibus
879 5137 1178 5212 Berengarii
1227 5137 1447 5210 Augusti
1491 5137 1748 5208 (primum
1781 5135 1850 5191 ab

235 5228 526 5286 Hadriano
570 5229 784 5287 Valesio
826 5230 1261 5288 christianissimi
1297 5232 1441 5304 regis
1463 5231 1653 5288 Galliae
1681 5233 1852 5287 histo-

233 5323 542 5394 riographo
583 5324 867 5398 evulgati),
897 5341 926 5380 a
957 5341 1141 5382 mense
1171 5325 1313 5380 maio
1354 5326 1482 5381 anni
1513 5325 1640 5391 887,
1686 5341 1851 5381 exor-

237 5418 396 5472 ditur
428 5431 652 5488 regnum
680 5417 995 5488 Berengarii
1025 5419 1076 5472 in
1103 5417 1274 5473 Italia.
1311 5417 1416 5473 Sed
1444 5417 1496 5472 id
1521 5416 1742 5472 minime
1764 5430 1853 5471 so-

239 5507 374 5564 lidis
430 5505 830 5577 fundamentis,
864 5511 937 5574 uti
969 5511 1045 5565 ait
1073 5509 1422 5566 doctissimus
1459 5509 1627 5565 abbas
1666 5508 1850 5565 Ludo-

241 5603 408 5658 vicus
459 5602 785 5660 Muratorius
822 5603 984 5661 Parte
1013 5620 1031 5659 ι
1060 5603 1213 5660 Tomi
1247 5620 1284 5661 It
1313 5605 1507 5660 Rerum
1548 5603 1857 5660 Italicarum

241 5713 374 5768 pag.
427 5695 554 5762 573,
584 5697 671 5753 cui
699 5708 826 5754 ante
849 5699 1038 5754 oculos
1061 5699 1490 5756 observabantur
1535 5697 1644 5754 duo
1685 5698 1860 5770 diplo-

245 5800 405 5847 mata
440 5787 618 5847 Caroli
658 5790 839 5847 Crassi
867 5793 1210 5864 imperatoris
1242 5834 1258 5865 ,
1292 5791 1418 5851 data
1443 5810 1581 5850 anno
1617 5792 1744 5865 887,
1800 5809 1860 5851 ιιι

668 5885 943 5948 Panos.
995 5887 1139 5951 XII.

1945 4671 2060 4709 nem
2083 4655 2298 4726 accepit.
2327 4653 2610 4712 Transacto
2639 4658 2722 4714 die
2748 4670 2926 4716 sancto
2952 4661 3192 4732 Pasclue,
3219 4666 3449 4721 habitum
3474 4678 3547 4724 est

1948 4747 2210 4804 Placitum
2242 4747 2577 4824 Weibilinga.
2621 4750 2706 4807 lbi
2731 4754 2861 4808 inter
2890 4755 2995 4810 alia
3021 4755 3362 4830 Berengarius
3386 4760 3456 4815 ad
3483 4762 3548 4831 ﬁ-

1949 4841 2211 4896 delitatem
2240 4841 2460 4898 Cwsaris
2489 4846 2735 4914 pervenit,
2769 4850 3067 4921 magnisque
3098 4851 3394 4907 muneribus
3425 4870 3548 4909 con-

1951 4935 2214 4990 tumeliam
2239 4974 2254 5001 ,
2285 4951 2438 5001 quam
2471 4937 2527 4992 in
2555 4936 2847 4997 Liviwardo
2876 4942 3038 5012 priori
3061 4959 3195 4998 anno
3223 4947 3550 5003 commiserat

1950 5028 2304 5096 componendo
2333 5031 2570 5086 absolvit.

2019 5121 2309 5178 Eusebiani
2342 5123 2547 5180 codicis
2574 5125 2891 5197 operculum
2925 5143 2991 5184 ex
3019 5142 3245 5202 argento
3271 5144 3326 5191 et
3357 5151 3490 5193 auro
3516 5153 3548 5194 a

1951 5213 2278 5285 Berengario
2304 5230 2429 5286 rege
2457 5218 2811 5274 instauratum
2832 5261 2847 5286 ,
2877 5236 2942 5276 ex
2989 5239 3094 5280 una
3126 5235 3279 5296 parte
3307 5227 3552 5286 Salvato-

1957 5309 2033 5365 ris
2088 5308 2260 5366 nostri
2286 5308 2571 5394 _efﬁgiem,
2620 5327 2688 5368 ex
2729 5312 2834 5369 alia
2865 5313 2922 5371 S.
2978 5315 3279 5377 Eusebium
3331 5323 3554 5381 exhibet

1955 5403 2200 5461 EUSEB.
2234 5405 2404 5462 EPS:
2457 5403 2523 5459 ad
2567 5403 2684 5474 ejus
2728 5419 2860 5462 vero
2890 5407 3056 5478 pedes
3103 5410 3307 5469 laudati
3361 5431 3552 5474 versus

1955 5497 2213 5569 adscripti
2246 5499 2494 5568 leguntur
2524 5515 2536 5550 :

1956 5615 1996 5676 οι-
2023 5613 2206 5682 Prazsul
2236 5613 2317 5682 llic
2342 5612 2587 5682 Eusebius
2609 5615 2819 5682 scripsit,
2843 5617 3086 5682 solvitque
3117 5627 3372 5676 vetustas:

2113 5676 2221 5726 Rex
2246 5676 2690 5740 Berengarius‘sed
2713 5683 2958 5740 reparavit
2980 5676 3108 5731 idem
3135 5699 3149 5733 :

1959 5741 2233 5815 Argeqtnn‘.
2255 5737 2507 5810 posulu’am
2525 5737 2657 5815 fulvo
2674 5737 2977 5815 deprompsit
2994 5745 3531 5815 (LdeoompsiUetauw

2113 5796 2590 5866 Ecclesiae,'pra:sul,
2615 5796 2793 5866 optulit
2813 5796 2922 5870 ips'e
2947 5796 3061 5858 tuae.
3154 5796 3489 5815 ””’⁷“”””’“
3504 5796 3551 5854 νῗ

2985 5890 3026 5950 3
