3968 6332
368 231 481 296 ’75

1774 217 2313 289 PROLEGOMENA.

3634 224 3719 287 76-

406 352 581 427 llujus
603 348 809 411 codicis
834 347 982 406 omni
1010 345 1161 404 cultu
1188 351 1247 403 et
1269 342 1620 403 veneratione
1642 327 2006 427 prosequendi
2033 351 2091 417 Α
2110 336 2457 423 manifestum
2484 345 2569 421 est
2600 354 2615 394 :
2654 320 2766 427 illic
2803 346 3001 419 autem
3028 337 3303 420 exstitisse
3346 339 3401 427 in
3426 338 3708 401 codicibus

408 410 533 507 vide
560 448 929 520 integumenta
954 451 1209 523 argentea
1238 440 1334 497 atri
1382 437 1549 495 incisa
1578 410 1739 492 Parte
1767 424 1805 491 ιιι
1844 410 2005 506 hujus
2036 410 2039 411 ν
2080 410 2313 491 ‘Latinis
2338 418 2638 501 praesertim
2666 414 3084 489 Mediolan‘e‘nsis
3113 410 3472 504 MetlropoieOs
3495 431 3573 506 (in
3603 448 3705 490 cu-

409 543 592 616 operis
624 557 746 615 pag.
776 520 880 595 571i
907 547 962 594 et
985 520 1089 594 575
1110 575 1126 605 ,
1161 544 1295 607 quas
1321 530 1570 607 allegavi.

478 610 646 708 igitur
674 610 747 690 ex
801 628 1189 703 epigrammate
1234 641 1266 682 a
1301 616 1630 696 Berengario
1676 622 1731 677 in
1785 610 2002 677 Vercel-

409 728 548 784 Ieusi
576 724 766 781 codice
792 734 1054 794 expresso
1086 726 1367 785 tenemus,
1410 717 1586 789 ipsum
1615 710 1857 770 codicem
1885 726 1915 767 a
1944 708 2003 769 S.

411 818 643 877 Eusebio
685 816 849 871 fuisse
878 820 1159 869 exaratum
1194 826 1209 864 :
1243 808 1387 881 quod
1437 805 1805 864 testimonium
1828 847 1842 872 ,
1874 816 2007 889 quo-

409 915 549 969 niam
578 911 668 967 illo
696 924 825 985 rege
854 905 1240 979 proﬁciscitur,
1277 903 1345 959 ad
1374 917 1575 958 nonum
1603 899 1802 955 Christi
1834 886 2008 953 saecu-

405 1008 514 1062 lum
552 1014 637 1061 est
673 996 1044 1059 referendum.
1069 988 1373 1068 Antequam
1414 1010 1545 1051 vero
1571 993 1791 1049 tollatur
1815 1004 2007 1045 manus

404 1118 435 1157 c
467 1099 680 1166 tabula,
710 1090 927 1153 unicum
959 1092 1153 1149 saltem
1186 1089 1387 1146 laudati
1428 1084 1631 1145 codicis
1660 1087 1838 1143 locum
1868 1084 2006 1140 reci-

406 1206 612 1262 tentus,
644 1186 806 1263 quem
856 1187 1041 1265 At'iani
1096 1199 1162 1243 eo
1216 1172 1497 1253 tempore,
1554 1193 1660 1250 quo
1703 1175 2005 1235 Auxentins

406 1283 869 1342 Mcdiolanensem
902 1270 1211 1335 Ecclesium
1248 1268 1417 1330 armis
1457 1271 1811 1340 exercituque
1838 1282 2003 1326 occu-

401 1387 623 1451 paverat
675 1372 929 1449 (Valente
968 1382 1023 1427 et
1054 1350 1282 1428 Ursacio
1312 1365 1618 1423 Ecclesiam
1648 1360 2002 1451 Sirmiensem

401 1449 825 1538 incursantibus)
853 1464 920 1521 de
952 1477 1107 1519 sacro
1134 1452 1359 1517 Joannis
1390 1455 1686 1526 Evangelio
1733 1449 2003 1526 punienda

401 1581 562 1619 manu
590 1561 925 1618 sustulerunt
968 1552 1190 1631 (nempe
1234 1568 1449 1610 versum
1495 1546 1565 1621 6,
1595 1566 1714 1620 cap.
1749 1546 1854 1633 ιιι).
1889 1542 2003 1601 lloc

396 1658 540 1714 enim
571 1654 831 1726 flagitium
850 1694 865 1720 ,
895 1649 1149 1723 quoniam
1178 1636 1574 1719 deprehensum
1606 1642 1705 1697 fuit
1732 1640 1877 1696 circa
1904 1655 2002 1693 an-

2102 521 2193 594 jus
2220 518 2418 579 ﬁnibus
2441 521 2707 579 Vercellae
2734 523 3175 597 continebantur)
3205 524 3425 595 scriptis
3446 520 3577 582 ante
3602 516 3709 584 ini-

2106 629 2212 685 qua
2248 604 2581 683 Arianorum,
2624 602 2908 688 tempora,
2954 614 3159 679 nemini
3205 616 3428 673 dubium
3456 612 3579 676 esse
3607 610 3707 692 po-

2107 713 2232 763 test.

2178 799 2316 857 Vide
2340 800 2509 881 etiam
2527 799 2922 863 Tertullianum
2946 801 3000 863 in
3029 801 3173 857 libro
3198 800 3268 860 de
3285 816 3453 859 carne
3477 800 3710 879 Christi!

2107 906 2268 964 quem
2300 892 2488 947 Romae
2517 893 2736 964 scripsit
2781 892 3043 951 adversus
3069 893 3394 951 Marcionem
3413 937 3429 963 ,
3457 896 3707 967 Apellem

2107 994 2161 1040 et
2189 983 2574 1040 Valentinum:
2616 972 2845 1056 quorum
2900 988 3108 1058 primus
3153 987 3386 1063 negabat
3426 986 3708 1051 Christum

2108 1092 2291 1133 veram
2323 1091 2538 1133 carnem
2564 1075 2847 1146 habuisse;
2872 1079 3141 1136 secundus
3165 1068 3499 1137 concedebat
3521 1096 3710 1137 veram

2107 1187 2327 1228 carnem
2361 1173 2610 1254 habuisse
2630 1213 2646 1240 ,
2680 1172 2775 1229 sed
2806 1187 2931 1230 vere
2952 1172 3139 1230 natum
3165 1188 3286 1230 esse
3303 1168 3561 1247 negabat;
3595 1184 3710 1232 ter-

2108 1265 2215 1320 tius
2255 1252 2381 1320 cum
2428 1260 2710 1332 fateretur,
2753 1258 2807 1321 εἰ
2835 1278 3019 1322 veram
3062 1266 3281 1324 carnem
3332 1256 3621 1335 habuisse,
3652 1252 3712 1324 et

2109 1373 2234 1414 vere
2258 1360 2438 1412 natu’m
2468 1362 2590 1415 esse
2611 1400 2626 1425 ,
2658 1357 2837 1415 aiebat
2858 1359 3007 1415 illum
3038 1369 3220 1416 natum
3249 1374 3372 1419 esse
3395 1376 3490 1434 per
3520 1344 3703 1435 Virgi-

2108 1467 2230 1506 nem
2253 1493 2267 1517 ,
2300 1461 2460 1522 atque
2489 1451 2541 1507 in
2572 1449 2791 1523 Virgine
2810 1497 2824 1521 ,
2856 1463 2912 1508 at
2942 1469 3049 1509 non
3076 1469 3144 1510 ex
3174 1444 3404 1527 virgine.
3428 1452 3710 1511 Adversus

2106 1543 2253 1600 enim
2286 1545 2419 1600 istos
2450 1528 2737 1603 iamreticos
2767 1540 2912 1609 idem
2950 1534 3315 1603 Ter'trullianus
3358 1532 3502 1604 hunc
3529 1546 3707 1618 ipsum

2105 1637 2331 1694 Joannis
2360 1636 2535 1695 locum
2563 1640 2695 1695 citat
2726 1657 2739 1695 :
2776 1658 2795 1691 ι
2846 1636 2978 1712 lpse'
3009 1641 3302 1708 Dominus,
3336 1634 3508 1714 inquit
3534 1683 3549 1709 ,
3579 1634 3712 1700 seno

398 1768 527 1807 num
559 1718 824 1820 reparatae
852 1718 1044 1803 salutis
1073 1743 1177 1799 357
1200 1784 1215 1809 ,
1248 1718 1439 1795 miram
1470 1735 1764 1795 Eusebiani
1796 1731 1997 1789 codicis
2031 1748 2080 1808 B
2109 1731 2403 1787 tentialiter
2427 1740 2481 1788 et
2511 1730 2785 1788 definitive
2836 1735 3237 1804 pronuntiavit,
3279 1718 3431 1805 quod.
3458 1724 3515 1791 in
3552 1732 3721 1815 carris.

396 1842 774 1916 antiquitatem
805 1835 1084 1903 ostendit,
1108 1832 1273 1905 atque
1304 1830 1510 1913 inclita:
1539 1825 1819 1884 traditioni
1849 1823 2001 1880 addit

396 1926 689 1992 tnaximum
719 1930 931 2005 pondus
974 1920 1337 1984 auctoritatis.
1371 1922 1675 1999 Legebatur
1704 1936 1904 1990 nempe
1938 1921 1991 1974 in

394 2030 610 2085 laudato
636 2027 812 2098 capite
840 2040 899 2080 ιιι
948 2010 1237 2092 Evangelii
1258 2017 1554 2074 secundum
1574 2015 1843 2071 Joannem‘
1860 2027 1913 2067 v.
1938 2010 1995 2079 6,

392 2123 530 2195 quod
560 2130 737 2177 natum
768 2129 840 2175 est
868 2098 932 2173 de
963 2131 1148 2184 carne,
1177 2130 1299 2168 caro
1331 2121 1403 2167 est
1428 2151 1444 2179 ,
1482 2110 1605 2181 quia
1636 2106 1699 2163 de
1727 2122 1880 2161 carne
1905 2122 2000 2160 na-

395 2230 503 2273 tum
530 2227 605 2273 est
631 2233 646 2280 ;
672 2224 720 2271 et
751 2212 888 2285 quod
918 2220 1097 2267 natum
1142 2217 1216 2264 est
1251 2207 1314 2291 de
1345 2196 1550 2278 Spiritu
1574 2246 1589 2273 ,
1616 2202 1847 2275 Spiritus
1877 2209 1951 2293 est
1976 2244 1991 2269 ,

393 2311 515 2377 quia
541 2308 680 2363 Deus
714 2302 944 2379 Spiritus
971 2313 1077 2371 est,
1109 2314 1157 2358 et
1184 2318 1248 2357 ea:
1274 2294 1387 2355 Deo
1418 2308 1569 2354 natus
1594 2306 1704 2363 est;
1734 2294 1997 2369 utladhuc

395 2408 447 2460 in
474 2400 809 2460 Vcrcellensi
835 2390 1023 2455 codice
1047 2395 1300 2452 habetur.
1339 2391 1446 2450 Sed
1477 2384 1627 2463 impii
1656 2388 1904 2445 homines
1931 2402 1993 2442 ca

395 2497 557 2554 verba
577 2537 593 2564 ,
622 2495 869 2568 quoniam
896 2484 1037 2546 Deus
1063 2488 1290 2561 Spiritus
1329 2495 1403 2542 est
1421 2526 1437 2551 ,
1471 2484 1598 2540 dolo
1628 2498 1690 2538 ac
1718 2479 1903 2537 fraude
1928 2495 1995 2536 ex

391 2591 644 2648 nnniihus
688 2586 858 2645 sacris
908 2583 1281 2641 voluminibus
1308 2595 1528 2639 erasere
1547 2622 1562 2648 ,
1592 2588 1650 2633 ut
1679 2574 1937 2632 discimus
1964 2590 2005 2639 ιι,

394 2686 456 2742 S.
490 2681 781 2741 Ambrosio
807 2721 822 2749 ,
854 2680 945 2752 qui
973 2678 1203 2734 Arianos
1232 2674 1310 2730 sic
1354 2672 1647 2745 compellat
1676 2673 1729 2726 in
1761 2671 1898 2725 libro
1929 2666 1997 2725 dc

392 2776 595 2848 Spiritu
627 2752 878 2830 Sancto:
931 2789 952 2824 ι
1009 2769 1123 2826 Nec
1165 2767 1342 2823 solum
1394 2767 1496 2822 hoc
1543 2765 1663 2820 loco
1714 2761 1995 2819 evidenter

306 2868 309 2869 ⁷
393 2871 562 2927 sancti
590 2867 826 2940 Spiritus
852 2867 1101 2931 θεὸτητα,
1133 2863 1237 2919 hoc
1264 2869 1350 2918 est
1392 2860 1653 2916 Deitatem
1676 2899 1691 2924 ,
1722 2857 1993 2928 scriptura

394 2972 654 3030 testatur;
688 2959 785 3016 sed
805 2959 969 3016 etiam
999 2958 1115 3029 ipse
1142 2955 1403 3011 Dominus
1431 2951 1567 3008 dixit
1596 2952 1648 3007 in
1678 2950 1991 3021 Evangelio,

392 3057 635 3129 quoniam
662 3053 801 3109 Deus
828 3050 1057 3123 Spiritus
1079 3059 1172 3105 est.
1199 3048 1371 3118 Quem
1400 3046 1577 3103 locum
1608 3046 1680 3101 ita
1710 3058 1989 3114 eXpresse,

2105 1830 2285 1877 natum
2322 1832 2426 1891 est,
2460 1839 2581 1879 caro
2605 1832 2677 1879 est
2698 1866 2713 1893 ,
2747 1837 2873 1888 eum
2911 1840 2980 1880 nx
3018 1840 3193 1881 causa
3231 1820 3419 1882 narunt
3452 1826 3569 1882 EST.
3600 1825 3711 1883 Sed

2103 1915 2151 1973 si
2204 1915 2272 1973 de
2304 1916 2523 1972 homine
2565 1917 2941 1974 tantummodo
2978 1910 3136 1987 dixit,
3180 1934 3290 1975 non
3317 1906 3377 1975 et
3410 1918 3479 1976 de
3507 1928 3710 1977 semet-

2100 2012 2256 2086 ipso;
2310 2006 2468 2087 plane
2494 2030 2628 2086 nega
2665 1989 2941 2075 Christum
2967 2057 2982 2083 ,
3013 2025 3067 2071 et
3098 2015 3171 2071 ita
3197 1996 3465 2099 defende,
3510 2028 3619 2069 non
3651 1994 3713 2070 et

2101 2105 2277 2177 ipsum
2308 2107 2655 2177 competisse.
2701 2105 2899 2179 Atquin
2946 2104 3196 2178 subjicit,
3226 2116 3274 2164 et
3316 2106 3457 2181 quod
3490 2107 3554 2163 de
3581 2100 3713 2178 Spi-

2100 2201 2205 2255 ritu
2228 2212 2405 2255 natum
2425 2210 2530 2268 est,
2560 2198 2791 2273 Spiritus
2818 2204 2895 2265 est
2910 2244 2926 2271 ,
2968 2219 3093 2268 QUIA
3122 2190 3259 2260 usus
3300 2188 3540 2259 animus
3566 2192 3719 2281 nsr‘,’

2100 2308 2171 2349 ET
2202 2309 2269 2349 ne
2298 2308 2401 2349 nso
2426 2308 2595 2352 unus
2624 2309 2748 2352 esr.
2781 2294 2897 2351 Hoc
2931 2288 3148 2375 utique,
3198 2286 3291 2351 ver
3327 2294 3405 2375 eo
3438 2296 3609 2369 magis
3651 2296 3708 2352 in

2100 2385 2275 2456 ipsum
2306 2380 2509 2454 te’ndi‘t,
2548 2386 2597 2442 si
2648 2378 2707 2443 et
2749 2388 2802 2451 in
2844 2374 3129 2459 credentes
3182 2385 3322 2461 ejus.
3357 2374 3421 2445 Si
3467 2404 3597 2469 ergo
3650 2378 3715 2445 et

2098 2476 2204 2533 hoc
2232 2477 2298 2533 ad
2323 2472 2503 2549 ipsum
2521 2520 2537 2548 ,
2565 2470 2664 2535 cur
2691 2468 2749 2535 et'
2771 2486 2878 2535 non
2906 2478 3039 2536 illud
3066 2496 3227 2553 supra
3244 2474 3275 2534 ἵ
3319 2499 3338 2533 ι
3372 2487 3478 2537 etc.
3511 2468 3713 2553 Neque

2100 2572 2288 2627 Roma:
2320 2582 2563 2639 tantum,
2601 2580 2695 2629 aut
2738 2571 2887 2629 solus
2916 2566 3025 2629 ista'
3068 2572 3201 2645 legit
3248 2566 3618 2632 Tertullianus
3646 2568 3706 2632 in

2099 2663 2391 2735 Evangelio
2438 2663 2701 2732 Joannis;
2743 2665 2842 2721 sed
2891 2662 2946 2722 e't
2981 2666 3033 2720 in
3062 2658 3245 2722 Africa
3273 2662 3608 2741 Cyprianus,
3638 2650 3699 2724 et

2097 2772 2218 2812 cum
2248 2757 2341 2813 illo
2372 2757 2591 2828 plurimi
2620 2757 2861 2829 episcopi
2885 2758 2937 2814 in
2962 2748 3193 2831 synodo,
3217 2749 3340 2839 quze
3369 2750 3705 2833 Carthagine

2098 2866 2241 2905 anno
2261 2850 2367 2907 256
2404 2850 2680 2908 celebrata
2732 2862 2815 2909 est
2834 2895 2850 2920 ,
2872 2860 2929 2909 et
2959 2853 3013 2908 in
3041 2846 3146 2926 qua
3193 2838 3454 2929 agebatur
3480 2838 3544 2911 de
3568 2853 3704 2929 bap-

2098 2942 2318 2998 tizandis
2339 2942 2613 2998 haereticis.

2166 3020 2505 3094 Novissimus
2533 3032 2709 3094 editor
2750 3034 2809 3095 S.
2850 3036 3123 3097 Ambrosii
3172 3039 3239 3096 ad
3293 3028 3436 3098 hunc
3472 3032 3705 3099 Joannis

391 3122 609 3216 Ariani,
638 3122 1001 3204 testificamini
1038 3158 1160 3198 esse
1184 3141 1252 3197 de
1280 3139 1483 3212 Spiritu
1508 3181 1524 3206 ,
1570 3145 1629 3193 ut
1657 3152 1780 3194 eum
1807 3152 1838 3192 e
1866 3130 1988 3191 ve's-
2019 3143 2062 3205 C
2097 3130 2273 3185 locum
2294 3171 2309 3196 ,
2341 3145 2501 3201 quem
2526 3145 2595 3186 ex
2632 3129 2848 3186 laudato
2877 3122 3141 3190 Ecclesia:
3180 3131 3404 3189 doctore
3426 3124 3713 3207 [superius

392 3245 490 3301 tris
514 3241 791 3300 codicibus
815 3237 1072 3295 auferatis
1107 3255 1120 3290 :
1151 3245 1312 3306 atque
1343 3235 1547 3289 utinam
1575 3232 1644 3288 de
1670 3231 1867 3287 vestris
1887 3273 1902 3299 ,
1938 3238 1993 3286 ct

393 3352 499 3394 non
528 3336 689 3393 etiam
739 3333 809 3390 de
856 3330 1114 3388 Ecclesiae
1144 3327 1423 3385 codicibus
1452 3324 1737 3382 tolleretis.
1777 3343 1796 3376 ›
1831 3322 1991 3379 Dele-

391 3434 522 3489 bant
548 3444 678 3502 ergo
705 3443 829 3484 eum
874 3426 1052 3481 locum
1083 3439 1191 3479 non
1221 3410 1479 3478 ntodo'ex
1499 3420 1612 3476 suis
1631 3461 1647 3487 ,
1698 3417 1794 3474 sed
1824 3416 1988 3473 etiam

391 3543 457 3583 ex
488 3523 747 3581 Ecclesiae
775 3522 1055 3578 codicibus
1083 3516 1293 3575 Ariani.
1325 3516 1501 3588 Atque
1528 3513 1660 3570 illud
1689 3513 1893 3569 facinus
1920 3510 1988 3567 ad

388 3616 866 3688 exitum,feliciter
900 3613 1243 3685 perduxere;
1276 3609 1400 3680 quia
1439 3606 1658 3679 plurimi
1704 3622 1774 3663 ex
1820 3604 1983 3676 ipsis,

389 3711 760 3771 fraudulenter
788 3707 1124 3764 dissimulata
1166 3701 1402 3767 haeresi,
1450 3714 1572 3756 sese
1619 3698 1688 3754 ab
1729 3696 1987 3755 Ecclesia:

385 3805 670 3863 catholica:
694 3798 1073 3861 communione
1118 3794 1293 3867 palam
1338 3791 1641 3849 subducere
1682 3790 1870 3861 perdiu
1900 3805 1987 3845 re-

387 3902 659 3973 fugerunt.
706 3895 814 3955 Sed
842 3910 873 3951 a
906 3889 1332 3965 vigilantissimis
1374 3887 1636 3944 Ecclesia:
1677 3884 1985 3955 pastoribus

387 3999 504 4057 haec
529 3994 852 4052 Arianorum
899 3986 1126 4061 perﬁdia
1155 3985 1364 4042 detecta
1394 3992 1510 4049 est;
1542 3990 1602 4036 ut
1630 3987 1817 4036 narrat
1840 3976 1984 4034 idem

385 4088 738 4152 Ambrosius,
780 4082 1076 4154 quietiam
1126 4087 1339 4146 tempus
1366 4075 1625 4144 assignat.
1663 4090 1683 4125 ι
1717 4072 1799 4129 Eo
1834 4074 1982 4128 enim

382 4195 629 4254 tempore
652 4174 906 4251 (inquit),
938 4186 1046 4243 quo
1074 4169 1253 4241 impiae
1296 4165 1629 4222 inﬁdelitatis
1677 4163 1983 4219 Auxentius

393 4274 846 4338 Mediolanensem
875 4263 1171 4322 Ecclesiam
1219 4257 1387 4316 armis
1432 4258 1780 4329 exercituque
1818 4271 1983 4315 occu-

391 4377 651 4444 paverat,
681 4365 779 4427 vel;
813 4378 842 4418 a
884 4360 1116 4418 Valente
1150 4365 1309 4426 atque
1358 4352 1583 4435 Ursacio
1605 4351 1983 4429 ,mutantihus

387 4458 757 4524 sacerdotibus
784 4456 928 4523 suis,
957 4450 1336 4508 incursabatur
1366 4445 1605 4505 Ecclesia
1643 4444 1977 4512 Sirmiensis,

2095 3216 2338 3287 recitavi,
2365 3222 2480 3278 haec
2508 3222 2717 3294 putavit
2754 3238 2877 3280 esse
2902 3222 3241 3281 observanda
3274 3243 3288 3281 :
3328 3244 3359 3283 ι,
3388 3224 3706 3298 Sequentes

2094 3329 2254 3372 voces
2275 3316 2504 3388 (inquit,
2539 3325 2669 3372 tom.
2700 3331 2776 3385 ιι,
2806 3331 2860 3388 p.
2886 3314 3050 3388 677),
3078 3317 3198 3388 quia
3237 3308 3300 3373 de
3334 3308 3491 3374 carne
3516 3310 3703 3375 natum

2091 3419 2168 3465 est
2186 3451 2200 3476 ,
2227 3425 2336 3465 non
2368 3411 2547 3467 minus
2575 3410 2774 3467 absunt
2801 3410 2870 3467 ab
2912 3410 3163 3469 omnibus
3187 3402 3439 3469 omnium
3461 3412 3701 3472 idioma-

2093 3513 2204 3558 tum
2249 3500 2460 3570 bibliis,
2509 3519 2672 3575 quam
2703 3502 2840 3573 illae,
2869 3504 2937 3561 de
2978 3504 3173 3577 quibus
3219 3504 3308 3587 hic
3361 3505 3700 3580 disputatur;

2090 3598 2331 3665 quoniam
2384 3592 2524 3650 Deus
2573 3595 2805 3666 Spiritus
2834 3606 2933 3653 est.
2975 3594 3140 3670 Atqui
3187 3590 3439 3658 dubitare
3486 3618 3700 3675 nequa-

2089 3701 2250 3757 quam
2297 3684 2424 3742 licct
2462 3682 2589 3758 quin
2623 3686 2703 3743 lue
2733 3686 2933 3745 ultimm
2961 3690 3029 3746 ab
3070 3690 3352 3748 llaereticis
3390 3688 3601 3749 fuerint
3627 3711 3703 3753 ex

2092 3780 2217 3836 albo
2242 3796 2518 3837 sacrarum
2543 3783 2857 3854 paginarum
2889 3800 3083 3841 erasae.
3120 3804 3141 3839 ι
3174 3782 3279 3843 Sed
3308 3787 3429 3867 haec
3455 3776 3703 3848 fortasse

2088 3887 2250 3929 causa
2277 3882 2387 3942 est,
2420 3890 2516 3931 cur
2542 3874 2787 3931 Ecclesia
2811 3891 2919 3932 non
2957 3878 3259 3935 restituerit
3286 3878 3464 3936 locum
3494 3876 3657 3939 illum
3681 3900 3701 3950 ;

2086 3967 2340 4037 quianon
2370 3967 2500 4023 satis
2531 3968 2870 4039 eXploratum
2915 3966 3405 4049 habebat,gutrum
3453 3989 3587 4032 vere
3638 3975 3705 4034 in

2087 4058 2475 4130 antiquissimis
2499 4069 2555 4117 et
2578 4060 2907 4135 primigeniis
2939 4058 3216 4137 Evangelii
3268 4068 3701 4141 exemplaribus

2086 4146 2404 4208 exstitisset.
2450 4152 2559 4211 Sed
2605 4155 2675 4211 de
2718 4156 2822 4212 hoc
2861 4146 3012 4215 satis.
3044 4150 3329 4232 Reliquum
3361 4144 3703 4237 εειῗῖἆῇιῖ

2086 4260 2250 4301 unum
2277 4245 2509 4315 videtur,
2538 4256 2596 4304 ut
2620 4248 2896 4321 specimen
2940 4250 3316 4329 characterum
3349 4246 3694 4328 impressum

2085 4337 2208 4393 Par.
2243 4352 2302 4400 ιι,
2331 4336 2466 4403 Tab.
2498 4354 2569 4408 tt,
2596 4351 2719 4411 post
2745 4340 2868 4416 p'ag'.
2899 4340 3025 4412 588,
3053 4332 3338 4418 diligenter
3367 4342 3690 4429 iuSpiciant,

2084 4430 2175 4502 qui
2204 4447 2271 4487 ex
2298 4433 2533 4489 recitatis
2562 4434 2772 4492 indiciis
2793 4452 3089 4508 agnoscere
3130 4439 3184 4495 in
3214 4436 3338 4496 cod.
3372 4430 3589 4500 Vercel.
3621 4443 3687 4501 S.

384 4520 579 4619 pulsum
609 4557 711 4624 huc
730 4595 745 4620 ,
769 4561 824 4609 et
854 4520 1195 4618 sacrilegium
1226 4552 1466 4601 vestrum
1500 4538 1979 4613 inLEcclesiasticis
2005 4533 2057 4593 D
2084 4524 2301 4624 Eusebii
2324 4528 2539 4584 aetatem
2569 4528 2845 4586 recusant.
2869 4524 3269 4589 Remotissimae
3314 4520 3465 4592 certe
3489 4536 3563 4592 sit
3590 4552 3689 4623 ve-

385 4654 663 4716 eodicihus
689 4644 1092 4719 deprehensum
1119 4646 1221 4695 est.
1253 4638 1321 4694 Et
1345 4637 1576 4692 fortasse
1606 4633 1707 4690 hoc
1732 4633 1895 4690 etiam
1920 4632 1977 4687 in

384 4754 604 4810 Oriente
636 4741 859 4802 fecistis.
898 4757 923 4791 ι
964 4734 1215 4791 Affirmat
1245 4740 1424 4788 tamen
1453 4728 1837 4786 Sanctissimus
1863 4725 1975 4791 Me-

381 4842 713 4905 diulanensis
757 4834 1000 4893 Antistes
1021 4871 1038 4898 ,
1083 4828 1187 4884 hoc
1215 4833 1362 4882 tanto
1387 4824 1713 4879 Arianorum
1765 4820 1975 4878 scelere

383 4941 542 4998 fidem
597 4930 855 4991 Ecclesiae
884 4939 986 4983 nec
1008 4922 1200 4990 deleri,
1233 4934 1333 4976 nec
1362 4916 1674 4983 labefactari
1707 4916 1968 4988 potuisse.

388 5056 407 5089 ι
444 5034 510 5090 Ει
535 5029 744 5085 litteras
771 5020 989 5093 quidem
1031 5012 1152 5088 (ait)
1200 5010 1448 5085 potuistis
1495 5008 1717 5065 abolere
1740 5049 1754 5074 ,
1781 5007 1878 5064 sed
1908 5007 1972 5065 li-

379 5128 504 5183 dem
533 5135 639 5177 non
679 5102 929 5188 potuistis
957 5107 1193 5164 auferre.
1226 5102 1353 5159 Plus
1381 5101 1475 5157 illa
1506 5115 1601 5156 vos
1646 5099 1810 5155 litura
1849 5115 1971 5170 pro—

375 5219 572 5281 debat,
612 5210 740 5283 plus.
762 5204 850 5260 illa
892 5216 988 5257 vos
1034 5200 1197 5255 litura
1222 5192 1558 5252 damnabat:
1610 5207 1788 5283 neque
1820 5191 1965 5283 enirn

372 5326 473 5368 vos
506 5281 767 5377 poteratis.
785 5292 1015 5351 oblinire
1040 5290 1367 5369 veritatem,
1413 5285 1508 5367 sed
1552 5283 1650 5377 illa;
1700 5282 1868 5377 litura
1898 5281 1967 5338 de

2085 4622 2298 4677 tustatis
2320 4637 2543 4680 necesse
2566 4633 2647 4679 est
2682 4623 2813 4681 illud
2844 4625 3335 4698 Evangelistarium
3357 4670 3372 4697 ,
3419 4626 3575 4702 quod
3594 4622 3687 4691 vel

2079 4712 2147 4769 ab
2178 4713 2308 4785 ipsis
2336 4714 2647 4786 Berengarii
2676 4717 2821 4786 regis
2856 4719 3189 4788 temporibus
3212 4720 3324 4790 jam
3354 4731 3513 4778 aetate
3542 4716 3683 4781 con-

2078 4806 2279 4862 fectum
2303 4815 2521 4862 vetustas
2549 4809 2768 4864 solverat
2791 4851 2806 4876 ,
2838 4811 3090 4882 quodque
3121 4808 3494 4869 instauratione
3537 4815 3685 4879 indi-

2077 4902 2255 4973 gebat,
2288 4911 2344 4955 ut
2371 4901 2566 4973 legitur
2604 4901 2660 4957 in
2708 4901 3111 4974 Epigrammate
3154 4898 3417 4979 argenteo
3445 4908 3500 4964 in
3525 4917 3683 4983 tegu-

2076 5001 2259 5049 mento
2287 4994 2630 5065 superposito
2651 5035 2667 5063 ,
2691 4994 2833 5066 quod
2858 4986 3053 5065 habet,

2698 5108 2955 5171 Solvitque
2979 5116 3246 5171 vetustus.

2698 5123 2853 5160 δοινιι
2889 5123 2955 5162 ue
2979 5123 3039 5161 ve
3204 5127 3246 5167 ιε.

2318 5169 2427 5220 Rex
2450 5169 2787 5236 Berengarius
2807 5123 3334 5236 se‘d‘repamdem.

2075 5278 2311 5371 Verbum
2343 5264 2557 5337 tandem
2579 5280 2668 5338 hic
2686 5280 2881 5338 addam
2908 5282 3052 5341 etde
3075 5284 3309 5358 imagine
3328 5286 3384 5346 S.
3406 5255 3679 5371 Eusebii}

681 5388 898 5447 nomina
911 5391 1087 5439 vestra
1100 5358 1378 5437 radebat.»
1397 5360 1965 5449 Etvero(inquitGere-
2070 5370 2334 5443 insignior
2363 5389 2595 5445 namque
2623 5382 2741 5443 est,
2780 5390 2941 5447 quam
2987 5386 3044 5461 ut
3069 5374 3138 5434 de
3164 5380 3471 5450 eapenitus
3501 5380 3673 5443 liceat

368 5494 583 5556 monius
613 5486 708 5541 lib.
739 5481 808 5536 de
838 5474 1112 5533 veteribus
1146 5466 1958 5553 hatreticisEcclesiasticorum

368 5588 615 5647 codicum
637 5566 1067 5642 corruptoribus,
1088 5578 1208 5633 pag.
1234 5563 1383 5632 “6),
1405 5562 1586 5616 locum
1608 5557 1786 5647 illum,
1830 5574 1954 5647 quo-

2067 5466 2252 5521 silere.
2287 5465 2642 5538 Bcrengarius
2673 5471 2726 5522 in
2754 5456 3205 5527 instaurationem
3225 5473 3432 5531 codicis
3478 5475 3669 5549 ingen.

2064 5567 2173 5613 tem
2198 5560 2481 5629 pecuniam
2510 5558 2807 5631 impendit,
2839 5571 3078 5618 veterem
3111 5558 3321 5635 i'conam
3346 5571 3663 5641 renovavit,

366 5636 668 5742 ξιξῶινρεηδ
695 5636 928 5740 Spit—itus
950 5668 1058 5726 est,
1087 5662 1195 5713 nun
1224 5654 1410 5712 extare
1436 5655 1671 5727 amplius
1697 5640 1750 5709 in
1777 5636 1954 5723 capite
2059 5653 2306 5721 ornavit,
2357 5648 2597 5725 auroque
2645 5654 2878 5724 compsit
2910 5672 2923 5707 :
2955 5662 3011 5711 at
3055 5656 3500 5741 inscriptionem,
3530 5636 3659 5734 quae

375 5773 522 5835 ertio
549 5759 839 5835 Evangelii
858 5750 1154 5814 secundum
1182 5746 1442 5805 Joannem
1462 5789 1477 5818 ,
1526 5747 1720 5820 cuique
1747 5745 1951 5819 regem

2060 5744 2278 5803 extabat
2314 5745 2596 5818 primitus,
2642 5761 2925 5823 ευδειιιυεα
2944 5763 3246 5823 mscorus,
3302 5754 3425 5814 sine
3482 5759 3652 5819 sancti
