3968 6332
280 241 349 297 77
774 211 788 218 ”
1317 241 1653 302 EPISTOLA
1690 241 2025 304 necessu
2061 241 2541 305 NOVARIENSIS.
3491 258 3561 316 τε

279 355 574 430 adjectionc
619 357 864 430 retinuit,
914 365 1079 418 tenax
1133 359 1460 418 venerabilis
1505 361 1860 435 antiquitatis.
1889 364 2071 434 Anus
2095 361 2173 417 uti
2197 362 2368 419 licuit.
2410 365 2524 436 Ego
2568 364 2769 423 divina:
2819 368 3181 440 providentiae
3223 372 3387 429 ductu
3419 371 3566 429 felici

345 495 450 552 CL.
490 495 835 554 Mabillonius
859 495 963 554 To.
993 513 1013 554 ι
1033 497 1258 556 itineris
1279 498 1454 556 'ltalici
1479 514 1532 573 p.
1559 499 1619 565 9,
1643 499 1710 556 de
1737 514 1866 556 nos-

275 600 359 646 tro
397 589 597 646 Codice
643 590 984 649 Vercellensi
1029 592 1149 650 haec
1193 592 1387 651 scribit
1436 610 1450 648 :
1504 593 1570 648 In
1617 593 1865 650 Sacrario

276 682 503 746 eiusdem
531 681 782 740 Ecclesia:
812 683 1176 754 (Cathedralis
1204 683 1603 757 Vcrcellarum)
1633 703 1867 742 asserva-

275 785 357 828 ων
384 777 681 830 veterrimus
712 775 874 832 codex
912 779 1346 842 membranaceus,
1379 777 1662 850 Evangelia
1686 779 1868 834 Sancti

275 869 510 924 Matthtei
546 881 591 924 et
621 869 804 926 Sancti
837 870 1006 926 Marci
1051 872 1230 944 (lege,
1263 871 1373 928 SS.
1401 871 1639 927 Matthtei
1662 915 1676 939 ,
1705 872 1869 928 Joan-

272 963 348 1017 nis
368 1003 384 1030 ,
415 962 612 1030 Luae,
641 972 691 1017 et
721 961 911 1035 Marci)
945 965 1206 1019 continens
1244 979 1264 1019 :
1303 965 1392 1035 qui
1423 979 1454 1018 a
1484 963 1676 1020 Sancto
1709 965 1870 1021 Euse-

270 1057 352 1112 bio
385 1058 630 1128 episcopo
656 1067 706 1113 et
737 1069 966 1130 martyre
1008 1059 1102 1114 illo
1129 1060 1522 1131 generosissimo
1541 1103 1554 1127 ,
1581 1077 1730 1132 quem
1757 1072 1872 1116 tan-

270 1159 448 1221 topere
467 1155 718 1205 recurunt
749 1151 962 1220 Ariani;
997 1152 1218 1224 scriptus
1237 1195 1251 1220 ,
1285 1161 1437 1220 atque
1471 1153 1591 1208 huic
1621 1150 1873 1209 Ecclesia:

268 1262 543 1301 concessus
569 1237 816 1302 creditur.
843 1245 990 1302 Certe
1017 1247 1311 1302 membrana
1351 1247 1453 1302 situ
1481 1252 1589 1319 fere
1629 1255 1875 1318 corrupta

272 1349 381 1406 est,
414 1340 744 1394 characteres
771 1353 899 1412 pene
937 1323 1220 1411 fugientes,
1264 1357 1325 1395 ac
1352 1340 1668 1409 semidele‘ti,
1701 1341 1874 1396 tantis-

268 1447 363 1501 per
390 1448 423 1484 a
454 1430 688 1486 Romana
715 1433 974 1502 scriptura
1004 1432 1333 1505 degenerant.
1360 1432 1557 1488 Littera
1595 1433 1640 1488 Α
1668 1434 1738 1488 ad
1765 1451 1876 1489 mo-

266 1525 396 1579 dum
431 1524 622 1581 Greca:
645 1527 686 1582 Α
707 1568 722 1593 ,
747 1525 824 1581 Μ.
852 1527 1021 1581 littera
1046 1543 1264 1597 superne
1291 1527 1467 1583 clausa
1495 1543 1528 1582 a
1555 1527 1876 1582 senticirculo

265 1619 503 1690 incipit:
559 1621 678 1674 alia:
727 1617 910 1675 littera:
956 1620 1206 1676 Romanis
1246 1622 1355 1691 fere
1401 1622 1615 1677 similes.
1671 1621 1878 1677 Codicis

265 1711 576 1782 operculum
608 1729 670 1766 ea:
699 1722 914 1783 argento
942 1730 972 1767 a
999 1713 1311 1787 Berengario
1340 1715 1650 1784 imperatore
1677 1715 1877 1768 instau-

265 1812 443 1857 ratum
464 1845 480 1869 ,
507 1819 572 1858 ea:
597 1820 701 1858 una
727 1815 875 1874 parte
906 1805 1194 1862 Saluatoris
1216 1807 1463 1879 efﬁgiem,
1491 1824 1553 1862 ea:
1577 1807 1681 1861 alia
1711 1806 1878 1862 Sanc-

267 1905 384 1949 tum
413 1889 700 1950 Eusebium
732 1897 936 1953 exhibet
959 1941 972 1965 ,
1003 1898 1073 1952 ad
1104 1902 1254 1974 cujus
1283 1908 1439 1971 caput
1466 1900 1520 1954 hi
1561 1915 1736 1955 versus
1758 1900 1879 1954 ads-

265 1989 430 2061 cripti
459 1989 702 2062 leguntur
733 2007 752 2045 :
939 2046 950 2053 ,
1509 2002 1519 2008 ’

358 2122 565 2194 Prtesu_l_
583 2123 932 2194 bic_Eusebius
952 2127 1168 2194 scripsit,
1188 2128 1439 2194 solvitque
1458 2138 1705 2183 vetustas:

527 2183 636 2238 Rex
658 2186 997 2253 Berengarius
1018 2183 1106 2241 sed
1130 2183 1372 2256 reparavit
1396 2193 1546 2244 idem.

262 2312 320 2370 in
347 2312 547 2370 infima
579 2329 707 2370 vero
727 2322 890 2384 parte
917 2317 983 2372 ad
1012 2316 1178 2387 pedes
1199 2317 1422 2375 Eusebii
1451 2337 1465 2374 :

361 2442 650 2506 Argentum
673 2449 931 2508 postquam
951 2443 1082 2496 fulvo
1104 2444 1314 2509 (Codex,
1337 2445 1658 2574 deprompsit!)
1677 2448 1880 2564 (133ηὲ-

1571 2527 1622 2562 ιει
1666 2527 1695 2562 e
1804 2527 1827 2562 r
1863 2548 1878 2574 ,

1571 2527 1646 2562 lSll
1666 2527 1719 2564 et
1737 2527 1878 2574 auro,

430 2587 690 2649 Ecclesiae,
716 2591 919 2654 praesul,
939 2589 1117 2644 obtulit
1138 2592 1244 2656 ipse
1266 2598 1381 2643 tute.

331 2739 705 2794 Doctissimus
745 2743 960 2810 quoilue
1007 2740 1443 2798 Montfauconius
1482 2741 1572 2799 die
1617 2759 1709 2798 χιι
1757 2743 1880 2799 Maii

265 2830 558 2886 Vercellas
587 2831 720 2898 ivit,
749 2840 912 2902 atque
937 2832 1303 2889 Eusebianum
1333 2835 1576 2891 codicem
1611 2836 1664 2890 in
1697 2835 1880 2890 Diario

263 2925 461 2982 Italico
485 2969 499 2992 ,
529 2942 646 2998 cap.
677 2927 778 2993 28,
809 2944 863 2999 p.
896 2928 1003 2985 441
1023 2971 1038 2995 ,
1071 2929 1144 2983 ita
1166 2929 1456 3000 descripsit
1490 2949 1502 2984 :
1529 2930 1769 2985 Codicem
1790 2946 1878 2984 ve-

262 3019 611 3074 tustissimum
639 3019 826 3073 ibidem
877 3020 1098 3092 (nempe
1147 3021 1201 3076 iu
1251 3021 1498 3078 Ecclesia
1539 3019 1876 3094 Cathedraii)

259 3113 590 3184 inspeximus
615 3155 628 3177 ,
662 3115 714 3168 in
738 3113 920 3169 charta
953 3115 1342 3170 membranacea
1367 3116 1670 3170 tenuissima
1696 3132 1882 3170 exara-

261 3214 412 3271 tum;
445 3205 748 3275 aiebantque
776 3207 890 3278 ipsa
919 3205 978 3261 S.
1007 3206 1216 3260 Eusebii
1248 3224 1430 3276 manu,
1456 3209 1542 3278 qui
1573 3208 1765 3261 sweulo
1791 3205 1876 3261 IV

258 3299 447 3368 ﬂoruit
468 3338 484 3362 ,
516 3297 859 3370 descriptum,
889 3301 1278 3366 versionemque
1317 3318 1381 3355 ea:
1425 3299 1606 3356 Grch
1638 3307 1690 3356 in
1727 3300 1878 3355 Lati-

261 3409 385 3446 num
418 3392 483 3446 ab
507 3392 682 3446 eodem
703 3391 1035 3448 adornatam.
1069 3391 1342 3447 Nonnulla
1368 3392 1508 3460 hinc,
1533 3403 1579 3448 et
1603 3393 1726 3449 inde
1748 3393 1874 3466 legi,

261 3489 595 3558 comperique
626 3486 928 3542 Versionem
955 3504 1063 3542 esse
1092 3505 1123 3542 a
1161 3486 1382 3558 Vulgata
1411 3498 1586 3541 nostra
1617 3497 1720 3541 toto
1750 3488 1878 3541 cwlo

261 3582 672 3652 discrepantem.
729 3579 903 3635 Codex
943 3579 1119 3635 multis
1166 3581 1219 3634 in
1269 3580 1499 3652 partibus
1539 3581 1878 3652 labefactatus

260 3676 688 3744 putrefaetn'sque
733 3683 845 3738 est;
891 3672 1028 3743 quod
1070 3689 1227 3739 casu,
1279 3672 1552 3743 plusquam
1595 3682 1872 3740 vetustate,

261 3767 495 3820 evenisse
527 3765 866 3833 dictitabant,
896 3765 1271 3837 narrabuntque
1299 3766 1391 3819 diu
1442 3767 1495 3820 in
1543 3766 1758 3838 ﬂumine
1787 3765 1876 3818 de-

259 3873 518 3911 mersum.
552 3855 721 3926 Hujus
751 3847 1111 3928 alphabetum
1155 3858 1307 3912 dedit
1352 3857 1493 3912 idem
1541 3857 1875 3912 Montfauco-

259 3952 388 4007 nius
412 3993 427 4018 ,
460 3951 735 4022 primaeva:
764 3951 912 4006 mtati
942 3952 1274 4022 respondens
1299 3992 1313 4016 ,
1341 3951 1438 4007 sed
1484 3965 1513 4004 a
1560 3949 1874 4022 calchogra-

257 4044 372 4117 pho
395 4057 592 4115 parum
622 4045 909 4116 diligenter
953 4061 1270 4116 expressum
1317 4053 1372 4100 ct
1400 4045 1556 4100 valde
1596 4044 1873 4100 diversum

261 4154 292 4193 a
341 4137 584 4210 genuina
647 4137 1023 4192 cbaracterum
1081 4136 1288 4205 forma,
1321 4154 1481 4210 quam
1538 4152 1640 4207 ego
1670 4135 1872 4207 protuli

257 4225 432 4286 Parte
457 4245 520 4294 ιι,
549 4227 684 4284 ται).
734 4245 794 4294 tt,
826 4241 967 4300 p05t,
1018 4246 1138 4302 pag.
1172 4231 1298 4286 588.
1321 4215 1476 4285 IObiit
1503 4228 1560 4286 S.
1605 4227 1872 4284 Eusebius

263 4337 412 4377 anno
439 4321 641 4377 Christi
673 4321 798 4376 571.
819 4322 998 4390 Quare
1022 4322 1196 4377 codex
1228 4322 1327 4378 iste
1372 4322 1612 4377 omnium
1655 4320 1874 4376 Latino-

259 4429 387 4471 rum
417 4414 670 4470 biliurum
695 4411 759 4470 Ν.
783 4414 847 4469 Τ.
874 4416 1269 4472 vetustissimus
1291 4415 1592 4472 censendus
1619 4423 1724 4471 est.

1965 455 2249 528 faustoquc
2313 473 2344 513 a
2403 460 2718 518 doctissimo
2779 471 2834 520 et
2886 465 3190 522 clarissimo
3263 468 3380 523 viro
3446 467 3562 523 Sci-

1969 549 2130 619 pione
2158 551 2472 607 marchionc
2501 554 2715 611 Mall'eio
2762 557 2874 628 (qui
2904 575 3122 631 semper
3154 562 3260 618 erit
3291 561 3567 618 mihicum

1968 642 2182 697 eximiis
2202 653 2364 715 atque
2395 649 2703 714 promeritis
2733 650 2980 708 laudibus
3010 654 3393 726 nominandus)
3415 671 3562 711 anno

1970 735 2108 790 1726
2140 751 2260 804 cum
2289 736 2521 793 Verona:
2551 742 2868 798 canonicum
2900 760 3141 815 agerem,
3186 746 3414 804 edoctus
3451 747 3570 803 fuc-

1971 843 2086 883 ram
2121 829 2382 886 Vercellis
2420 840 2611 890 extare
2653 836 2895 893 codicem
2921 837 3358 910 Evangeliarium
3408 850 3570 904 tantae

1970 922 2278 989 vetustatis,
2322 932 2378 979 ut
2419 924 2790 984 Veronensem
2842 939 3084 986 nostrum
3123 949 3196 996 xu
3241 934 3571 990 saeculorum

1974 1011 2155 1085 (quem
2201 1025 2325 1072 tunc
2367 1017 2422 1072 in
2455 1019 2661 1076 adibus
2705 1022 3097 1092 capitularibus
3142 1041 3173 1080 a
3224 1041 3309 1081 me
3339 1027 3572 1096 primum

1974 1109 2306 1181 cxscriptum
2333 1154 2348 1179 ,
2405 1129 2578 1184 usque
2633 1115 2700 1180 ad
2728 1131 2932 1172 annum
2974 1119 3116 1176 1752
3163 1135 3271 1190 quo
3301 1119 3527 1182 Romam
3557 1163 3572 1187 ,

1974 1203 2131 1269 veni,
2165 1218 2382 1275 semper
2429 1205 2577 1262 domi
2627 1210 2858 1278 socium,
2887 1220 2942 1267 et
2980 1221 3251 1282 tamquam
3279 1215 3575 1272 contuber-

1978 1293 2154 1349 nalem
2188 1295 2385 1364 habui,
2413 1301 2666 1369 quoniam
2720 1302 2788 1367 ab
2835 1304 3173 1374 amplissimo
3225 1305 3460 1376 capitulo
3505 1307 3576 1362 il-

1976 1385 2432 1444 lustrissimorum
2511 1407 2575 1446 ac
2650 1395 3234 1452 reverendissimorum
3285 1398 3576 1454 canonico—

1979 1493 2098 1533 rnm
2139 1480 2404 1537 mihisoli
2446 1482 2674 1539 facultas
2726 1484 2864 1543 facta
2912 1487 3086 1544 fuerat
3141 1489 3293 1545 illum
3343 1491 3575 1560 edendi,

1982 1583 2039 1628 ut
2091 1573 2146 1628 in
2194 1577 2332 1632 actis
2387 1578 2779 1649 capitularibus
2825 1581 3088 1653 legitur),
3121 1599 3192 1639 ex
3247 1585 3579 1642 tenuissimis

1981 1669 2315 1725 membranis
2357 1687 2591 1742 purpura
2631 1674 2812 1729 tinctis
2864 1686 2919 1730 et
2957 1675 3162 1743 aureis,
3201 1679 3583 1750 argenteisqne

1905 1763 2388 1833 Bcharacteribus
2467 1768 2704 1823 exaratis
2777 1769 3139 1840 confectum,
3205 1783 3581 1844 exsuperaret.

1984 1854 2163 1923 Quare
2196 1872 2340 1914 anno
2380 1858 2684 1929 insequenti
2729 1861 2868 1917 1727
2891 1902 2906 1929 ,
2961 1864 3345 1932 epistolaribus
3392 1865 3586 1922 ofliciis

1982 1961 2214 2002 exorare
2273 1949 2415 2018 coepi
2475 1950 2862 2018 prmlaudatum
2931 1954 3358 2012 illustrissimum
3407 1957 3584 2014 virum

1985 2040 2338 2097 Francisenm
2400 2042 2783 2114 Hieronymum
2855 2045 3186 2118 Ruggerium
3262 2031 3584 2108 canonicum

1983 2133 2496 2204 praestantissimum
2527 2143 2731 2200 sancta:
2785 2137 3152 2196 Vercellensis
3197 2141 3460 2198 Ecclesiae
3481 2185 3497 2212 ,
3528 2153 3584 2201 ut

1983 2239 2203 2282 onmem
2233 2242 2456 2296 operam
2493 2228 2546 2283 in
2575 2243 2640 2284 eu
2672 2230 3032 2287 exscribendo
3059 2232 3245 2291 codice
3273 2249 3480 2306 ponere
3506 2235 3585 2292 die

1981 2327 2264 2389 gnaretur.
2307 2318 2625 2386 [standem
2678 2321 2881 2392 ingenti
2927 2323 3097 2380 labori
3155 2341 3214 2382 se
3258 2327 3474 2394 obtulit,
3525 2342 3590 2384 ac

1987 2410 2184 2465 litteris
2229 2410 2567 2484 humanitate
2613 2414 2949 2484 plenissimis
3001 2417 3320 2490 Exemplum
3373 2435 3587 2476 mecum

1984 2504 2436 2570 communicavit;
2487 2515 2544 2560 ut
2591 2507 2723 2562 illud
2767 2509 2818 2564 in
2847 2509 3022 2565 lucem
3070 2511 3324 2577 ederem,
3357 2522 3413 2570 et
3453 2515 3588 2570 meis

1983 2594 2456 2653 observationibus
2487 2599 2836 2657 illustrarem.
2868 2603 3002 2658 Dum
3034 2605 3150 2661 lucc
3180 2607 3382 2675 scribo,
3405 2607 3589 2664 CLVir

1986 2685 2232 2756 Raphacl
2268 2689 2541 2745 Vernazza
2587 2692 2946 2764 philosophia:
2997 2705 3053 2752 et
3099 2713 3270 2754 sacrae
3301 2699 3589 2772 theologia:

1965 2782 2196 2850 doctor,
2229 2796 2282 2840 et
2325 2786 2377 2840 in
2425 2786 2752 2845 bibliotheca
2791 2790 3050 2848 Vaticana
3100 2795 3337 2865 scriptor
3389 2797 3588 2868 lingua:

1984 2874 2206 2942 (it-tecte,
2237 2877 2524 2933 revolvens
2569 2879 2788 2936 codices
2817 2884 3021 2954 reginae
3053 2883 3374 2955 Succorum,
3420 2904 3587 2946 unum

1983 2971 2183 3041 reperit
2213 2987 2243 3025 χ
2273 2972 2483 3039 smculi,
2511 2975 2779 3044 signatum
2811 2992 2868 3030 η.
2893 2976 3020 3046 541,
3051 2979 3103 3034 in
3126 2995 3233 3052 quo
3259 2980 3374 3038 fere
3393 2984 3586 3040 eadem

1985 3060 2273 3131 habentur,
2320 3080 2440 3135 quae
2467 3080 2538 3121 ex
2563 3065 2754 3122 codice
2781 3068 3090 3127 millenario
3123 3074 3441 3131 monasterii
3477 3076 3586 3134 No-

1908 3167 1953 3231 C
1986 3155 2265 3210 nantulani
2293 3153 2546 3227 superius
2568 3175 2595 3211 a
2624 3159 2782 3216 nobis
2817 3161 2988 3218 relata
3018 3173 3146 3220 sunt
3187 3181 3310 3238 pag.
3338 3169 3403 3224 61
3451 3169 3586 3227 Pro-

1973 3242 2413 3318 legomenorurn;
2447 3256 2504 3303 et
2546 3258 2672 3304 sunt
2701 3249 2820 3306 haec
2853 3270 2867 3306 :

2052 3337 2239 3394 Sciens
2262 3340 2508 3411 scriptum
2537 3357 2557 3396 :
2587 3343 2642 3399 Si
2683 3358 2780 3398 vos
2819 3347 3091 3415 persecuti
3143 3348 3346 3408 fuerint
3389 3354 3442 3410 in
3476 3371 3583 3411 una

1978 3431 2216 3500 civitate,
2243 3433 2408 3504 fugite
2435 3435 2488 3490 in
2506 3435 2667 3492 aliam
2688 3481 2702 3505 ,
2740 3438 2880 3492 ultra
2899 3441 3091 3510 ﬂumen
3122 3427 3329 3501 Padum
3353 3451 3580 3504 transiit.

1981 3523 2047 3578 Et
2088 3526 2158 3579 ad
2185 3523 2442 3595 Castrum,
2486 3530 2623 3598 quod
2660 3531 2848 3586 dicitur
2897 3532 3358 3608 Creudonensium,
3407 3559 3583 3610 perec-

1978 3618 2142 3685 niens,
2166 3619 2221 3673 in
2249 3620 2442 3676 honore
2469 3621 2628 3677 beata:
2647 3621 2747 3678 Dei
2770 3622 3044 3688 Genitricis
3075 3627 3264 3686 Maria:
3289 3636 3579 3690 oratorium

1977 3712 2284 3766 construxit.
2327 3711 2428 3768 Ubi
2459 3716 2612 3769 etiam
2649 3715 2819 3771 adhuc
2850 3717 3056 3789 longius
3087 3721 3294 3792 degens,
3332 3723 3579 3800 Euange-

1979 3803 2104 3857 lium
2147 3802 2339 3859 Christi
2371 3808 2586 3876 prapria
2616 3824 2778 3862 manu
2801 3809 3042 3879 scripsit,
3092 3816 3241 3884 cujus
3269 3817 3577 3873 miraculutr

1975 3895 2030 3964 in
2069 3897 2246 3950 eodem
2285 3897 2463 3952 codice
2505 3909 2726 3969 quatuor
2770 3900 3202 3972 Evangeliorum,
3251 3925 3355 3962 non
3408 3913 3578 3967 solum

1976 3986 2140 4042 verbis
2168 3987 2388 4056 Christi,
2419 3990 2509 4046 sed
2537 3991 2689 4046 etiam
2711 3994 2958 4065 ejusdem
2979 3995 3190 4063 Patris,
3219 4009 3362 4055 tanta
3387 4003 3575 4060 virtute

1973 4083 2255 4153 swpissime
2281 4094 2553 4151 coruscat,
2597 4095 2651 4138 ut
2689 4087 2734 4142 si
2777 4087 2964 4159 aliquis
3008 4091 3245 4146 seductus
3289 4112 3324 4148 a
3366 4096 3572 4152 diabolo

1974 4173 2168 4245 falsum
2194 4191 2344 4246 super
2377 4191 2495 4231 eum
2543 4175 2722 4246 fecerit
2773 4190 3184 4248 sacramentum,
3226 4186 3377 4243 citius
3417 4189 3574 4262 plcgt

1974 4269 2260 4338 corporalis
2288 4268 2604 4334 ostenditur;
2647 4268 2720 4323 ita
2750 4280 2823 4336 ut,
2854 4283 2943 4326 aut
2971 4284 3134 4330 morte
3158 4278 3448 4349 mulctetur,
3475 4296 3566 4339 aut

1973 4359 2188 4433 perditis
2229 4361 2414 4428 oculis,
2457 4361 2730 4430 spirituale
2765 4364 2936 4419 lumen
2972 4377 3018 4420 et
3047 4371 3317 4440 corporale
3343 4379 3566 4446 amittat,

1972 4463 2062 4508 aut
2087 4453 2329 4508 ariditate
2367 4454 2708 4509 membrorum
2748 4473 2958 4512 mancus
3001 4462 3080 4514 uel
3135 4463 3352 4521 claudus
3379 4470 3568 4539 efficia-

353 4549 617 4606 Nostrum
695 4545 1132 4622 (Evangeliarium
1201 4550 1527 4622 quadruplex
1611 4549 1865 4605 columna
1894 4554 2080 4616 Dtur,
2117 4556 2206 4600 aut
2237 4547 2499 4602 inuasione
2525 4547 2840 4614 daemonum,
2883 4568 3013 4622 pene
3057 4571 3216 4625 usque
3257 4560 3326 4614 ad
3373 4565 3566 4621 exitum

264 4643 443 4715 prima
503 4641 726 4712 exhibet
788 4641 934 4711 hunc
999 4641 1245 4698 codicem
1319 4641 1734 4708 Eusebianum,
1797 4640 1866 4696 de

260 4751 375 4807 quo
417 4735 706 4806 loquimur.
733 4735 816 4792 Ad
847 4734 1203 4806 effi‘ngendam
1236 4735 1351 4806 ejus
1393 4735 1657 4806 picturam
1707 4745 1863 4805 typo-

259 4827 576 4900 graphicam
599 4868 615 4892 ,
646 4842 768 4882 cum
799 4827 991 4881 nativis
1032 4827 1372 4883 lineamentis
1400 4827 1533 4892 suis,
1573 4824 1699 4880 dedi
1729 4839 1863 4895 0pc-

259 4934 408 4986 ram,
432 4929 488 4975 ut
514 4919 684 4976 editio
715 4919 868 4975 fieret
891 4907 964 4975 ad
988 4918 1128 4974 hanc
1157 4921 1458 4992 pactionem
1485 4934 1860 4988 normamque,

259 5021 324 5068 ut
345 5027 541 5084 nempe
593 5023 670 5067 tot
697 5012 856 5068 linea:
897 5021 1082 5084 totque
1106 5013 1286 5069 exitus
1310 5013 1620 5069 earumdem
1648 5027 1865 5082 semper

260 5115 451 5163 essent
493 5109 545 5164 in
590 5107 860 5179 impresso
905 5117 1037 5180 quot
1062 5109 1116 5163 in
1160 5109 1535 5179 manuscripto
1576 5108 1748 5175 libro;
1777 5122 1864 5164 re-

263 5209 422 5256 tenta
447 5201 609 5256 etiam
639 5215 848 5256 summa
873 5201 1136 5272 religione
1156 5200 1346 5257 eadem
1377 5198 1786 5272 orthographia,
1809 5207 1865 5256 et

261 5293 612 5366 apbalmatis,
657 5305 821 5366 atque
863 5293 1238 5367 frequentibus
1283 5295 1746 5361 immutationibus
1775 5292 1864 5358 lit-

264 5395 539 5454 terarum;
593 5399 649 5443 ut
696 5389 790 5456 ita,
819 5393 1164 5461 quicumque
1201 5388 1433 5444 voluerit
1472 5387 1614 5444 banc
1663 5385 1862 5443 editio-

265 5495 399 5535 nem
421 5496 538 5536 cum
568 5480 907 5552 autograpbo
935 5481 1121 5538 sedula
1152 5481 1442 5537 collatione
1468 5479 1738 5546 conferre,
1771 5493 1860 5550 pe-

264 5573 482 5644 rieopas
499 5589 714 5643 omnes,
748 5575 969 5647 totidem
995 5576 1152 5632 lineis
1180 5589 1492 5646 expressas,
1522 5574 1669 5630 nullo
1697 5588 1865 5645 nego-

265 5667 351 5723 tio
380 5669 638 5735 inveniat,
668 5669 956 5742 exigatque
981 5670 1046 5730 ad
1069 5686 1315 5738 normam
1361 5668 1642 5727 sacerrimi
1687 5667 1866 5728 Evan-

265 5758 525 5834 getistarii
556 5762 820 5821 Ecclesia:
869 5763 1260 5824 Vercellarum.
1308 5763 1409 5819 illo
1453 5762 1658 5821 nemini
1685 5761 1864 5826 hacte-

1969 4640 2267 4696 dilanictur.
2297 4642 2518 4696 Interim
2556 4652 2747 4709 autem,
2777 4645 2903 4699 dum
2926 4647 2995 4701 ibi
3018 4648 3073 4702 in
3103 4651 3214 4721 ipso
3245 4654 3426 4710 Castra
3445 4673 3565 4714 cum

1968 4735 2234 4805 discipulis
2266 4735 2370 4789 suis
2398 4744 2705 4802 moraretur,
2739 4738 2875 4808 facto
2897 4741 3141 4807 concilio,
3168 4751 3274 4800 etc.

2039 4826 2191 4883 Nune
2222 4843 2372 4892 vero,
2417 4828 2671 4897 quoniam
2714 4829 2826 4897 jam
2876 4832 3043 4887 multa
3073 4834 3141 4889 de
3170 4845 3275 4893 tam
3314 4844 3558 4918 antiquo,

1966 4926 2078 4974 tam
2133 4915 2446 4974 venerando
2495 4918 2911 4991 Evangeliorum
2961 4925 3148 4983 codice
3176 4969 3192 4995 ,
3231 4915 3562 5000 sanctissimi

1967 5014 2220 5084 martyris
2247 5023 2302 5069 et
2327 5014 2569 5085 episcopi
2599 5013 2957 5071 Vercellensis
2983 5015 3208 5078 Eusebii
3232 5030 3452 5086 nomine
3475 5034 3560 5090 iu-

1967 5107 2187 5178 signito,
2219 5105 2474 5177 prmfatus
2495 5123 2640 5173 sum,
2669 5122 2846 5176 opera:
2861 5110 3089 5177 pretium
3113 5117 3216 5172 erit
3243 5125 3556 5195 ostendere,

1967 5201 2159 5258 eodem
2183 5200 2368 5256 ltalam
2395 5201 2685 5268 contineri,
2712 5215 2854 5270 quae,
2885 5210 2942 5257 ut
2967 5203 3142 5276 inquit
3167 5210 3396 5274 Sanetus
3432 5220 3561 5280 Hie-

1964 5309 2247 5368 ronymus,
2274 5297 2530 5351 nascentis
2571 5294 2818 5350 Ecclesia:
2847 5296 3004 5366 ﬁdem
3027 5301 3302 5377 roboravit,
3331 5329 3558 5388 (“itaque

1961 5388 2170 5445 Latinis
2195 5388 2446 5445 Patribus
2475 5387 2766 5458 primitivis
2807 5389 2983 5448 fuitin
3019 5411 3142 5464 usu,
3174 5403 3289 5459 sive
3333 5408 3400 5463 ad
3425 5387 3559 5469 con-

1966 5479 2230 5536 iirmanda
2259 5480 2384 5536 fidei
2433 5479 2707 5550 dogmata.
2761 5483 2876 5536 sive
2921 5485 2989 5540 ad
3035 5491 3293 5552 tradenda
3344 5515 3558 5564 morum

1967 5584 2263 5646 praecepta,
2286 5583 2447 5642 atque
2476 5573 2724 5630 cmlestis
2749 5574 2883 5631 disci
2891 5578 3074 5647 plinm.
3098 5582 3386 5659 Postquam
3411 5599 3560 5657 enim

1965 5667 2035 5732 ad
2059 5667 2266 5724 Gentes
2301 5664 2658 5760 occidentalis
2687 5667 2856 5739 plagae
2884 5669 2936 5724 in
2969 5670 3272 5738 Christiana
3301 5687 3560 5760 religione

1969 5757 2330 5823 instituendas
2369 5757 2522 5816 missi
2551 5767 2676 5816 sunt
2695 5762 2958 5833 apostoli,
2991 5770 3190 5837 prodiit
3220 5757 3423 5840 statim.
3451 5787 3556 5845 ια-
