3976 6338
433 268 500 319 τε.
1769 250 2012 309 Ριιοιει

2115 250 2303 307 ιεΝΑ.
2865 213 2873 221 ’
3654 253 3733 311 eo

427 383 539 435 tina
586 377 719 433 Navi
748 374 1079 433 'l‘estamenti
1121 372 1528 441 interpretatio,
1576 384 1698 441 qum
1737 369 2017 439 exemplar
2045 383 2097 444 Α
2123 366 2375 438 pluribus,
2405 381 2498 421 cur
2517 382 2619 422 non
2645 366 2714 420 ad
2752 364 2986 421 Graecam
3015 365 3262 438 originem
3285 375 3613 434 revertentes,
3641 383 3724 438 ea,

422 471 814 543 autograplium
849 467 1073 522 lideliter
1101 464 1477 529 exhiberet;ut
1513 462 1606 527 ita,
1632 462 1794 517 etiam
1826 460 1894 517 ad
1918 460 2023 515 La-

426 565 665 620 tinorum
713 562 973 626 haustus,
1004 559 1110 612 illae
1154 557 1209 611 in
1251 556 1415 611 vitam
1462 564 1721 610 aeternam
1762 552 2021 609 salientes

425 671 580 728 aqua:
610 654 978 710 decurrerent.
1009 651 1075 704 Et
1095 647 1341 720 quamvis
1362 688 1377 715 ,
1435 655 1571 701 teste
1623 646 1683 703 S.
1717 645 2022 716 Augustino

427 747 545 817 (lib.
576 763 612 801 ιι
663 748 726 800 de
774 744 1026 798 Doctrina
1073 740 1370 797 Christiana
1392 781 1408 807 ,
1439 756 1555 810 cap.
1589 739 1645 805 2,
1690 757 1743 794 η.
1778 740 1902 811 16),
1934 740 2022 809 qui

428 841 726 911 Scripturas
751 853 817 893 ea:
843 835 1063 891 Hebrwa
1115 835 1295 906 lingua
1334 835 1389 889 in
1441 833 1675 889 Graccam
1718 845 1976 888 verterunt
2000 875 2017 902 ,

424 935 682 991 numerari
710 932 939 1003 possint,
972 931 1149 985 Latini
1169 938 1339 984 autem
1363 930 1663 1000 interpretes
1692 928 1839 983 nullo
1867 929 2020 982 modo

426 1030 505 1103 (ut
526 1029 659 1084 enim
687 1028 873 1098 cuique
904 1023 1101 1096 primis,
1115 1022 1240 1093 ﬁdei
1259 1021 1573 1095 temporibus
1602 1022 1655 1076 in
1679 1038 1865 1075 manus
1884 1022 2022 1076 venit

423 1123 587 1179 codex
606 1119 842 1184 Graecus,
866 1126 913 1171 et
936 1115 1316 1187 aliquantulum
1346 1114 1607 1185 facultatis
1634 1114 1729 1168 sibi
1755 1115 2022 1184 utriusque

422 1216 612 1288 lingua:
646 1211 836 1266 habere
863 1209 1151 1277 videbatur,
1194 1225 1351 1264 ausus
1386 1216 1461 1262 est
1504 1207 1891 1278 interpretari);
1941 1216 2021 1262 ta-

424 1326 571 1377 men,
602 1319 661 1363 ut
709 1306 853 1378 apud
910 1307 1132 1362 Graecos
1179 1301 1710 1375 septuagintaviralis
1753 1301 2021 1359 versionis
2097 1358 2101 1362 ,

420 1401 728 1459 excellebat
756 1399 1075 1466 auctoritas,
1115 1398 1185 1453 ita
1217 1397 1355 1465 apud
1380 1396 1605 1452 Latinos
1638 1394 1781 1451 Itala
1805 1395 2021 1451 emeris

425 1494 645 1563 pra~lata
678 1490 809 1560 fuit;
853 1507 1013 1562 quam
1067 1491 1298 1560 primum
1342 1490 1454 1544 Itali
1486 1489 1677 1563 Patres
1700 1530 1715 1557 ,
1771 1488 1895 1543 dein
1927 1487 2018 1542 alii

424 1584 625 1639 Latinae
656 1582 915 1638 Ecclesia}
960 1582 1288 1651 scriptores,
1326 1580 1695 1635 Tertullianus
1726 1578 2016 1646 videlicet,

419 1678 746 1749 Cyprianus,
789 1673 1139 1739 Ambrosius,
1174 1674 1542 1744 Augustinus,
1586 1683 1639 1728 et
1665 1672 1756 1727 alii
1782 1712 1798 1738 ,
1848 1686 2020 1741 usque

2124 476 2239 532 qnte
2284 459 2360 514 vel
2385 477 2417 514 a
2440 458 2633 514 vitiosis
2681 457 3044 530 interpretibus
3095 458 3230 514 utale
3282 460 3485 514 reddita
3508 501 3524 524 ,
3571 460 3651 514 rel
3693 477 3733 515 α

2126 550 2581 623 prtesumptoribus
2612 551 2862 623 imperitis
2897 550 3165 605 emendata
3211 551 3527 622 perversius,
3574 551 3657 606 vel
3693 568 3731 604 α

2123 642 2350 697 librariis
2399 644 2794 698 dormitantious
2842 653 2934 697 aut
2967 644 3149 698 addita
3176 653 3336 709 sunt,
3384 655 3475 698 aut
3504 652 3727 712 mutata,

2123 738 2544 808 corrigimus.....
2586 736 2711 793 ﬂare
2739 752 2963 810 prazsens
3004 738 3401 810 pra’fatiuncula
3452 737 3733 808 pollicetur

2122 842 2343 902 quatuor
2370 841 2571 885 anitum
2588 829 2897 903 Evangelia,
2925 831 3174 888 codicum
3202 829 3518 888 Graecorum
3542 847 3730 888 emen—

2124 924 2246 979 data
2273 924 2584 993 collatione,
2626 922 2719 997 sed
2759 935 2981 978 veterum
2999 941 3021 992 ;
3063 940 3177 996 qua:
3206 940 3270 979 ne
3289 925 3509 979 multum
3550 942 3591 1005 αι
3626 925 3733 981 lec-

2100 1016 2277 1083 tionis
2324 1014 2524 1071 Latinm
2571 1017 2938 1072 consuetudine
2973 1016 3354 1089 discreparent,
3410 1017 3487 1073 ita
3524 1018 3730 1075 calamo

2123 1110 2532 1182 temperavimus,
2582 1120 2639 1164 ut
2685 1107 2767 1163 his
2808 1117 3027 1176 tantum,
3081 1125 3199 1179 qua
3238 1126 3447 1165 sensum
3486 1111 3732 1167 videban-

2124 1205 2207 1250 tur
2248 1207 2464 1263 mutare,
2509 1195 2786 1261 correctis,
2831 1197 3031 1267 reliqua
3075 1211 3282 1251 manere
3308 1205 3620 1267 pateremur,
3672 1207 3731 1252 ut

2122 1289 2458 1361 fuerant?....
2513 1286 2740 1360 Magnus
2794 1289 2879 1343 Itic
2923 1290 2977 1343 in
3022 1288 3213 1345 nostris
3259 1288 3524 1345 codicibus
3586 1308 3732 1346 error

2121 1382 2362 1449 inolesit,
2413 1381 2578 1450 dum,
2626 1383 2764 1453 quod
2809 1384 2860 1436 in
2881 1383 3058 1437 eadem
3107 1400 3162 1438 re
3213 1384 3349 1438 alius
3394 1382 3732 1457 Ecangelista

2124 1478 2243 1546 plus
2297 1476 2468 1542 dixit,
2517 1478 2572 1531 in
2600 1478 2725 1544 alio,
2768 1479 2889 1547 quia
2932 1478 3099 1532 minus
3145 1480 3431 1548 putauerint
3457 1519 3473 1546 ,
3511 1478 3731 1535 addide-

2121 1578 2273 1636 runt;
2301 1570 2379 1624 vel
2397 1611 2413 1635 ,
2442 1568 2565 1623 dum
2606 1571 2843 1624 eumdum
2874 1586 3077 1624 sensum
3098 1570 3233 1625 alius
3262 1571 3411 1626 aliter
3438 1573 3690 1644 expressit
3709 1615 3725 1636 ,

2120 1662 2237 1731 ille,
2287 1662 2374 1732 qui
2404 1678 2566 1716 unum
2603 1678 2630 1717 e
2669 1671 2893 1733 quatuor
2939 1664 3161 1732 printunt
3210 1662 3443 1733 legerat,
3488 1663 3560 1717 ad
3608 1666 3727 1735 ejus

421 1772 489 1825 ad
544 1770 787 1841 Gregorii
841 1768 1017 1839 Magni
1068 1781 1352 1837 tempora,
1400 1765 1719 1823 adhibuere.
1765 1765 1880 1823 Vir.
1932 1765 2013 1821 Cl.
2051 1756 2415 1840 Bexemplum
2463 1764 2675 1810 εωιενοε
2720 1771 2921 1826 quoque
2982 1756 3308 1811 wslimaverit
3347 1756 3722 1812 enuntiandam

420 1862 608 1917 Matth.
645 1861 904 1916 Petitdier
930 1860 1316 1917 dissertatione
1344 1859 1554 1915 decima
1597 1859 1653 1914 in
1696 1858 1897 1928 Script.
1933 1858 2019 1911 in-

420 1955 538 2026 quit
572 1972 585 2006 :
616 1953 732 2009 licet
781 1952 1026 2024 temporis
1078 1967 1318 2021 processu
1362 1951 1618 2005 versiones
1675 1950 1852 2004 latium
1892 1965 2020 2015 pene

417 2051 635 2120 inﬁnita:
672 2048 988 2120 prodierint,
1026 2064 1126 2101 una
1161 2056 1331 2101 tamen
1379 2046 1512 2099 inter
1549 2043 1703 2111 alias,
1732 2061 1884 2114 quam
1913 2043 2021 2096 Au-

419 2146 653 2218 gustinus
706 2142 892 2197 ltvlam
916 2183 931 2208 ,
986 2140 1332 2212 Hieronymus
1360 2138 1647 2210 Vulgalam
1676 2180 1691 2204 ,
1739 2138 2018 2211 Gregorius

419 2241 671 2298 Veterem
727 2245 1136 2307 nuncuparunt,
1208 2250 1460 2307 quamque
1510 2232 1739 2288 omnium
1797 2232 2016 2303 primum

419 2335 577 2406 fuisse
617 2331 798 2386 merito
828 2329 1177 2402 suspicamur,
1228 2326 1514 2399 principem
1558 2325 1727 2381 locum
1775 2324 2014 2379 obtinuit.

425 2425 571 2481 Hanc
623 2425 715 2479 sub
758 2405 1109 2495 apostolorum
1153 2412 1466 2492 temporibus
1505 2419 1816 2475 elaboratam
1866 2418 2018 2473 multi

417 2519 738 2589 apinantur,
784 2532 874 2570 nec
927 2514 1038 2569 sine
1083 2513 1257 2581 aliqua
1305 2511 1662 2585 fundamento,
1720 2527 1784 2565 ne
1827 2508 2017 2565 Latina

418 2611 651 2667 Ecclesia
683 2610 1074 2679 Scripturarum
1110 2609 1348 2687 tltesauro
1388 2607 1586 2661 tamdiu
1632 2606 1940 2675 privaretur.
1968 2610 2010 2661 A

414 2721 522 2776 quo
571 2711 748 2758 tamen
802 2700 965 2758 fuerit
1010 2701 1351 2764 concinnata,
1413 2700 1571 2755 nobis
1616 2701 2010 2771 incompertum

416 2806 534 2861 est;
562 2796 686 2850 licet
711 2794 876 2850 certis
909 2793 1122 2847 indiciis
1177 2791 1455 2863 signisque
1501 2793 1615 2862 ipsa
1646 2793 1857 2849 secerni
1887 2808 2013 2864 pos-

413 2899 497 2945 set
518 2890 587 2943 ab
619 2887 736 2943 aliis
764 2886 1332 2956 interpretationibus;
1363 2885 1617 2957 quoniam
1657 2885 1718 2941 S.
1749 2884 2007 2954 Augusti-

412 2999 511 3038 nus
532 2998 630 3038 nos
648 2982 828 3046 docet,
858 2981 998 3036 inter
1020 2980 1198 3034 varias
1229 2979 1446 3034 Latinas
1475 2978 1781 3046 versiones,
1819 2976 2010 3032 Italam

413 3073 577 3127 luisse
636 3088 745 3142 pra:
790 3071 1004 3126 caeteris
1057 3071 1365 3141 insignem,
1422 3069 1679 3139 quoniam
1724 3071 2011 3125 sententiis

2129 1846 2278 1903 Unde
2301 1848 2520 1915 accidit,
2566 1858 2620 1902 ut
2664 1847 2806 1919 apud
2844 1864 2938 1903 nos
2990 1848 3151 1903 mixta
3194 1847 3532 1921 sint_omnia,
3574 1858 3624 1903 et
3674 1848 3729 1902 in

2124 1939 2307 1995 Marco
2338 1941 2493 2011 plura
2546 1938 2705 1994 Luca:
2759 1951 2913 2008 atque
2944 1938 3214 2006 Mattltazi;
3253 1955 3459 1993 rursum
3500 1941 3555 1994 in
3588 1938 3729 1993 Hat-

2127 2034 2260 2090 tlrazo
2291 2034 2445 2105 plura
2496 2032 2721 2088 Joannis
2759 2044 2809 2088 et
2859 2032 3061 2097 Marci;
3099 2042 3148 2087 et
3185 2035 3239 2087 in
3277 2032 3474 2087 cmteris
3495 2033 3725 2104 reliquo-

2119 2146 2267 2196 rum,
2299 2144 2416 2200 qua:
2435 2128 2553 2182 aliis
2594 2127 2805 2197 propria
2846 2137 2998 2193 sunt,
3041 2126 3387 2181 inveniantur.
3423 2125 3610 2192 Plura,
3642 2127 3726 2181 iu-

2117 2223 2236 2292 quit
2275 2222 2627 2277 doctissimus
2657 2220 2849 2275 Petrus
2881 2218 3129 2275 Sabatier
3173 2219 3474 2275 monachus
3502 2219 3715 2274 ordinis

2121 2313 2177 2370 S.
2208 2313 2483 2370 Benedicti
2528 2331 2558 2368 e
2601 2314 3021 2383 congregatione
3068 2312 3128 2368 S.
3179 2311 3379 2379 Metiri,
3426 2314 3478 2366 in
3510 2311 3595 2366 bis
3650 2311 3715 2368 S.

2116 2385 2359 2461 doctoris
2407 2405 2591 2460 verbis
2630 2412 2761 2460 sunt
2800 2403 3206 2475 perpendenda.
3252 2402 3440 2460 Primo
3476 2405 3715 2475 quidem,

2118 2496 2171 2551 in
2198 2511 2387 2552 eorum
2410 2512 2640 2552 numero
2665 2498 3080 2567 exemplarium,
3104 2514 3227 2567 «tum
3256 2497 3399 2553 inter
3425 2512 3486 2553 se
3512 2498 3717 2554 discre-

2118 2589 2316 2659 pabant
2340 2631 2355 2655 ,
2400 2590 2551 2646 luere
2579 2592 2823 2661 quranlam
2854 2591 2956 2644 alia
2982 2589 3151 2660 magis
3177 2592 3389 2647 sincera
3422 2594 3514 2659 (ut
3543 2593 3713 2650 codex

2116 2684 2533 2756 Evangeliorum
2557 2686 2914 2756 Eusebianus)
2934 2702 2946 2739 :
2964 2701 3023 2741 ca
3042 2696 3221 2741 autem
3240 2687 3357 2741 aliis
3369 2698 3525 2742 erant
3539 2687 3709 2743 since-

2114 2779 2282 2846 riora,
2330 2780 2645 2851 Hieronymi
2695 2779 2923 2849 judicio,
2954 2796 3077 2850 quae
3110 2780 3300 2837 Gra'co
3348 2782 3521 2853 magis
3559 2789 3717 2837 erant

2113 2881 2503 2936 consentanea,
2558 2881 2617 2925 ut
2669 2870 2871 2926 diserte
2917 2871 3186 2943 signiﬁcat
3228 2882 3450 2929 sanctus
3501 2874 3712 2940 doctor,

2112 2976 2235 3018 cum
2261 2963 2357 3030 ait,
2404 2963 2454 3017 id
2492 2962 2598 3018 sibi
2626 2979 2763 3019 onus
2791 2964 3125 3035 impositum,
3176 2974 3234 3019 ut
3275 2965 3469 3021 arbiter
3498 2968 3675 3022 sedeat
3699 3008 3715 3034 ,

2114 3063 2170 3108 ct
2215 3053 2357 3108 inter
2381 3053 2753 3125 discrepantia,
2798 3055 3000 3111 Latina:
3050 3056 3517 3127 interpretationis
3561 3058 3719 3115 Scri-

413 3164 585 3235 magis
624 3172 743 3218 erat
792 3163 1115 3232 perspicua,
1180 3159 1580 3231 verborumque
1632 3161 1891 3216 tenacior.
1943 3160 2009 3215 In

2115 3156 2395 3218 pturarum
2416 3149 2764 3218 exemplaria,
2784 3150 3022 3203 decernat
3045 3164 3158 3221 qum
3184 3150 3285 3204 sint
3310 3150 3427 3216 illa,
3459 3167 3577 3222 qua:
3598 3168 3719 3206 cum

418 3255 546 3326 ipsis
599 3253 619 3325 (
659 3252 830 3323 inquit
862 3249 883 3324 )
930 3249 1427 3323 interpretationibus
1458 3266 1618 3306 tum
1658 3252 1853 3307 cmteris
1874 3268 2009 3324 pra:-

411 3346 644 3417 feratur;
695 3360 815 3397 nam
865 3352 939 3398 est
990 3343 1261 3397 verborum
1309 3342 1572 3411 tenacior,
1640 3358 1758 3397 cum
1808 3346 2007 3416 perspi-

411 3438 602 3492 cuitate
642 3436 921 3491 sententiae.
967 3435 1153 3504 Itaque
1180 3475 1194 3501 ,
1244 3435 1290 3491 si
1341 3434 1586 3491 codicem
1640 3434 2007 3493 Ensebiannm

412 3531 515 3585 liac
540 3528 743 3598 duplici
781 3528 908 3583 dutc
934 3526 1257 3599 gaudentem
1299 3528 1616 3595 ostendero,
1645 3540 1852 3585 certum
1879 3531 2005 3597 erit,

410 3636 480 3677 eo
509 3619 776 3677 centincri
821 3619 1050 3687 Italam,
1098 3626 1412 3689 usurpatam
1459 3619 1513 3674 in
1565 3620 1830 3676 Ecclesia.
1863 3621 2010 3677 Pro:-

413 3723 560 3768 terea
618 3711 727 3767 illm
783 3711 1090 3779 labet-ulte,
1147 3710 1342 3783 quibus
1392 3712 1527 3767 ltala—
1574 3728 1795 3784 aspersa
1851 3723 2007 3782 erat,

412 3806 592 3862 adhuc
640 3807 823 3862 insunt
871 3805 1090 3862 laudato
1135 3805 1351 3863 codici:
1389 3822 1554 3879 quare
1579 3806 1635 3864 in
1665 3807 1888 3865 dubium
1920 3824 2008 3866 re-

414 3898 596 3953 vocari
647 3899 952 3954 nullatenus
975 3905 1188 3969 potest,
1234 3900 1363 3969 quin
1397 3899 1509 3970 ipse
1539 3902 1783 3956 eamdem
1810 3900 2001 3958 Italam

410 3993 612 4048 nostris
663 3991 837 4048 oculis
883 4001 1259 4062 repraesentet.
1297 3992 1617 4049 Audiendus
1646 3994 1706 4051 S.
1742 3994 2008 4067 Hierony-

407 4098 555 4150 mus,
598 4083 689 4151 qui
718 4082 961 4138 codicem
1003 4083 1426 4154 Evangeliorum
1482 4085 1630 4139 Italae
1668 4100 1762 4156 seu
1799 4087 2007 4156 antiqui

411 4174 743 4245 interpretis,
768 4175 924 4243 jussu
953 4174 1011 4228 Β.
1040 4174 1254 4229 Damasi
1279 4174 1440 4245 Papa:
1469 4175 1536 4229 ad
1578 4174 1824 4231 Grmcam
1847 4177 2005 4232 lidem

413 4269 591 4338 exigit
619 4265 878 4322 :‘Novum
924 4281 1053 4336 opus
1085 4264 1187 4337 (ad
1231 4264 1482 4321 eumdem
1532 4266 1819 4323 Damasum
1870 4271 2008 4325 srri-

411 4361 533 4429 bit)
561 4360 729 4430 facere
777 4373 856 4411 me
896 4357 1038 4429 cogis
1086 4374 1149 4411 ea:
1178 4357 1387 4426 Veteri;
1431 4369 1489 4414 ut
1532 4369 1647 4431 post
1692 4364 2006 4431 exemplaria

414 4451 808 4521 Scripturarum
831 4457 935 4504 toto
959 4447 1093 4504 Orbe
1114 4448 1368 4521 dispersa,
1401 4451 1551 4520 quasi
1580 4453 1789 4523 quidam
1818 4455 2008 4509 arbiter

2119 3237 2301 3293 Grmca
2330 3241 2649 3294 consentiant
2699 3242 2929 3296 veritate.
2962 3244 3031 3296 At
3062 3258 3190 3299 vero
3238 3243 3328 3297 illa
3371 3242 3580 3300 Latina?
3626 3244 3718 3301 iu-

2114 3333 2518 3404 terpretationis
2543 3335 2877 3407 exemplaria
2900 3378 2916 3404 ,
2964 3352 3084 3408 qua:
3113 3352 3235 3393 cuin
3264 3337 3453 3395 Graeca
3483 3354 3721 3396 consen-

2114 3427 2251 3481 tiunt
2301 3429 2550 3493 veritate,
2606 3428 2721 3499 ipsa
2767 3435 2896 3482 sunt
2949 3429 3281 3501 exemplaria
3337 3446 3460 3502 qua:
3517 3448 3711 3503 puram

2111 3528 2297 3589 potam
2346 3517 2591 3573 Italicam
2635 3529 3051 3591 repraesentant,
3084 3538 3242 3593 quam
3293 3523 3509 3580 caeteris
3557 3533 3720 3581 antc-

2112 3610 2449 3681 ponendatn,
2503 3621 2687 3682 utpote
2717 3613 3006 3668 verborum
3055 3613 3409 3684 tenaciorem,
3463 3632 3716 3686 pronun-

2112 3703 2210 3757 tiat
2235 3703 2587 3775 Augustinus.
2643 3704 2851 3760 Deinde
2893 3706 2947 3759 in
2991 3705 3222 3763 diversis
3251 3709 3402 3765 hisce
3429 3711 3719 3783 exempla-

2109 3794 2258 3852 ribus
2301 3795 2469 3852 ntulta
2499 3796 2750 3869 equidem
2778 3808 2953 3867 erant,
3006 3798 3087 3855 vel
3130 3816 3164 3854 a
3209 3801 3405 3856 vitiosis
3456 3802 3715 3875 interpre-

2110 3888 2247 3946 tibus
2298 3892 2429 3945 male
2474 3891 2699 3961 reddita,
2751 3893 2831 3948 vel
2885 3910 2916 3947 a
2958 3895 3412 3967 pra'sumptoribus
3459 3897 3717 3969 imperitis

2110 3984 2377 4040 emendata
2407 3988 2689 4056 perversius
2708 4028 2723 4054 ,
2756 3987 2832 4042 rel
2858 4004 2891 4043 a
2917 3987 3143 4045 librariis
3172 3990 3573 4050 dormitantibus
3622 4004 3719 4050 (aut

2109 4077 2291 4133 addita
2310 4098 2330 4161 ’ί
2384 4089 2473 4134 aut
2519 4090 2738 4135 mutata.
2805 4080 2899 4137 llte
2953 4091 3133 4139 tamen
3196 4084 3471 4155 maculae,
3518 4087 3719 4159 quibus

2108 4185 2328 4241 aspersa
2356 4181 2495 4241 erat,
2540 4172 2849 4245 Hieronymi
2879 4184 3060 4245 natale,
3088 4190 3249 4233 vetus
3285 4177 3715 4250 Evangeliorum

2108 4261 2507 4335 interpretatio,
2557 4268 2696 4324 adeo
2729 4268 3117 4339 impedimento
3144 4287 3253 4327 non
3296 4282 3453 4341 sunt,
3500 4277 3720 4345 quomi-

2109 4374 2212 4414 nus
2242 4368 2422 4416 nostra
2448 4370 2609 4418 mute
2635 4362 3007 4436 dignoscatur,
3046 4376 3105 4421 ut
3128 4365 3292 4422 etiam
3323 4368 3614 4439 plurimum
3641 4369 3714 4424 ad

2109 4468 2228 4508 eam
2265 4458 2654 4513 secernendam
2685 4457 3014 4514 conducant.
3065 4457 3333 4516 Caeterum
3378 4461 3519 4517 haud
3573 4462 3716 4520 tales

410 4546 648 4608 sedeam;
694 4552 742 4598 et
769 4545 892 4613 quia
931 4541 1064 4595 inter
1102 4558 1157 4596 se
1198 4541 1419 4612 variant,
1451 4559 1569 4616 qua:
1598 4545 1701 4599 sint
1741 4546 1863 4615 illa,
1890 4563 2006 4616 qua:
2031 4558 2084 4619 ι)
2110 4544 2208 4600 bas
2246 4545 2413 4603 fuisse
2440 4548 2679 4605 maculas
2708 4550 3150 4619 existimandum,
3185 4562 3242 4608 ut
3270 4552 3341 4609 iis
3368 4554 3584 4624 penitus
3612 4554 3718 4612 fm-

410 4653 530 4692 cum
574 4634 757 4691 Graeca
787 4633 1107 4688 consentiant
1135 4634 1345 4688 veritate
1366 4674 1382 4701 ,
1431 4636 1719 4691 decernant.
1765 4638 1892 4694 Pius
1928 4641 2008 4694 la-

412 4730 524 4797 bor,
549 4729 638 4785 sed
664 4728 953 4800 periculosa
982 4726 1443 4798 prtesumptiant
1485 4741 1606 4799 post
1639 4744 1860 4800 pauca:
1892 4731 2005 4801 quis

409 4824 565 4889 enim,
600 4837 716 4875 cum
739 4821 793 4874 in
813 4835 997 4874 manus
1024 4821 1258 4874 volumen
1303 4822 1658 4888 assumpserit,
1686 4834 1732 4878 et
1761 4841 1794 4878 a
1821 4826 2002 4892 saliva,

404 4932 564 4988 quam
592 4915 747 4971 semel
770 4913 988 4980 imbibit,
1035 4912 1216 4967 viderit
1252 4913 1545 4987 discrepare
1586 4916 1724 4989 quod
1771 4919 2005 4988 lectitat,

409 5026 514 5065 non
541 5008 717 5064 statim
753 5017 983 5078 erumpat
1011 5007 1066 5061 in
1095 5022 1265 5060 vocem
1284 5048 1297 5074 ,
1344 5023 1425 5061 me
1461 5009 1757 5079 falsarium,
1785 5028 1863 5067 me
1899 5014 2008 5067 cla-

346 5098 349 5105 ’
409 5104 600 5159 mitans
628 5118 738 5158 esse
762 5100 1102 5171 sacrilegum,
1151 5100 1238 5171 qui
1258 5100 1473 5154 audeam
1499 5101 1696 5172 aliquid
1734 5103 1789 5157 in
1827 5107 2007 5158 veteri-

409 5197 504 5252 bus
544 5196 686 5250 libris
727 5194 944 5259 addere,
995 5202 1223 5261 mutare,
1256 5194 1546 5267 corrigere?
1571 5195 1826 5252 Adversus
1854 5215 2007 5269 quam

384 5290 655 5345 invidiam
686 5287 880 5358 duplex
919 5302 1073 5342 causa
1099 5302 1181 5341 me
1208 5288 1520 5355 consolatur,
1554 5288 1688 5359 quod
1726 5298 1774 5343 et
1813 5299 1890 5359 tu,
1918 5291 2009 5360 qui

410 5397 641 5437 summus
670 5378 912 5433 sacerdos
951 5394 1026 5446 es,
1059 5378 1367 5450 [ierijubes;
1408 5390 1455 5433 et
1495 5394 1670 5434 verum
1715 5398 1817 5435 non
1861 5399 1968 5438 esse
1989 5423 2005 5450 ,

411 5475 551 5545 quod
582 5473 740 5527 variat
765 5514 780 5538 ,
830 5473 981 5525 etiam
1016 5470 1382 5525 maledicorum
1428 5472 1719 5527 testimonio
1766 5491 2007 5546 compro-

412 5567 580 5622 batur.
613 5565 672 5621 Si
704 5564 837 5619 eniut
875 5561 1078 5617 Latinis
1133 5561 1505 5631 exemplaribus
1557 5564 1686 5634 ﬁdes
1736 5573 1811 5619 est
1852 5566 2004 5619 adhi-

387 5659 599 5725 benda,
636 5656 1000 5727 respondeant,
1028 5653 1252 5726 quibus?
1281 5664 1356 5709 tot
1381 5657 1515 5711 enim
1544 5665 1662 5713 sunt
1691 5658 2008 5730 exemplaria

409 5767 562 5824 pene,
585 5761 705 5823 quot
733 5751 953 5807 codices.
987 5749 1085 5805 Sin
1107 5758 1280 5805 autem
1309 5750 1493 5806 veritas
1521 5759 1598 5808 est
1629 5753 1905 5822 quaerenda
1941 5754 2006 5810 de

2107 4637 2329 4694 daretur
2361 4649 2514 4697 vetus
2552 4642 2953 4714 interpretatio;
3002 4642 3445 4715 qumdoquidem
3476 4644 3562 4701 rel
3582 4641 3716 4716 ipse

2105 4737 2337 4787 testatur
2361 4731 2743 4805 Hieronymus,
2785 4751 2845 4790 se
2885 4735 3114 4805 plurima
3146 4736 3433 4808 reliquisse
3463 4738 3667 4793 intacta
3696 4755 3712 4793 ;

2108 4839 2171 4880 ne
2196 4828 2415 4881 multum
2454 4826 2695 4899 (inquit)
2738 4845 2771 4883 a
2796 4830 3033 4885 lectionis
3087 4830 3291 4887 Latina:
3334 4833 3715 4890 consuetudine

2107 4917 2482 4988 discreparent,
2515 4922 2588 4976 ita
2613 4924 2816 4977 calamo
2841 4926 3255 4997 temperavimus,
3291 4938 3350 4982 ut
3376 4929 3456 4982 Itis
3483 4938 3709 5000 tantum,

2107 5028 2221 5083 qua?
2242 5029 2449 5067 sensum
2489 5015 2791 5071 videbantur
2829 5027 3049 5085 mutare,
3078 5021 3344 5087 correctis,
3372 5020 3571 5093 reliqua
3595 5038 3716 5075 ma-

2108 5120 2227 5159 nere
2266 5116 2577 5177 pateremur,
2606 5118 2661 5161 ut
2692 5109 2925 5180 fuerant.
2964 5112 3154 5183 Itaque
3193 5122 3300 5168 tam
3339 5112 3457 5170 hinc
3510 5115 3712 5173 Hiero-

2108 5195 2258 5267 nymi
2289 5197 2487 5267 verba,
2537 5199 2734 5269 quibus
2779 5202 3006 5270 menda,
3039 5213 3093 5260 et
3121 5205 3400 5271 maculas,
3448 5221 3613 5277 quam
3655 5218 3716 5266 et

2090 5303 2204 5356 .ea,
2262 5292 2456 5361 quibus
2499 5290 2816 5350 Latinarum
2864 5296 3372 5367 interpretationum
3420 5314 3713 5359 numerum

2110 5383 2436 5452 ampliﬁcat,
2470 5384 2731 5443 debemus
2772 5388 3118 5459 interpretari
3146 5392 3382 5459 mollius,
3418 5393 3619 5451 nedum
3645 5410 3714 5453 ea

2112 5491 2303 5547 urgere
2332 5477 2724 5536 vehementius.
3702 5462 3713 5471 Χ

2181 5568 2445 5635 Quoniam
2503 5586 2634 5629 vero
2683 5573 2933 5632 laudatus
2982 5577 3415 5649 sapientissimus
3454 5579 3714 5641 Sabatier

2108 5662 2369 5732 quasdam
2428 5666 2729 5737 praecipuas
2782 5670 2985 5724 veteris
3002 5684 3037 5750 _a
3069 5686 3208 5726 nova
3233 5672 3717 5742 [interpretatione

2107 5753 2502 5829 discrepantias
2533 5758 2583 5814 in
2612 5759 2847 5816 medium
2877 5759 3103 5833 profert,
3127 5765 3474 5836 experiamur
3521 5775 3714 5829 utrum
