3968 6332
245 287 302 342 81
1277 286 1608 344 EPISTULA
1652 285 1982 344 RUGGERII
2020 287 2200 344 NOVA
2213 287 2500 346 RIENSIS.

3465 284 3538 342 82

240 416 314 458 em
343 416 560 466 omnes,
584 417 723 473 quas
747 403 962 472 recitat,
993 403 1131 458 tales
1160 402 1288 468 sint,
1313 416 1377 456 ex
1405 402 1598 472 quibus
1617 400 1820 472 proprii
1861 407 1918 468 Α
1941 399 2306 472 Evangeliario
2327 403 2630 476 quaduplici
2660 401 2918 470 exhibitis,
2939 383 3193 474 cognosci
3219 417 3315 458 sua
3343 392 3538 472 sponte

239 497 450 555 colores
479 495 636 552 Itala:
657 498 711 553 in
733 496 919 554 codice
942 497 1271 554 Vercelleusi
1295 496 1524 565 aliisque
1565 496 1616 549 in
1645 503 1829 550 nostro

309 684 551 740 Matthaei
603 685 780 756 capite
810 701 848 752 ι,
897 701 1010 742 ver.
1054 685 1146 742 25.
1192 685 1248 740 lu
1294 683 1522 756 Vulgata
1573 682 1833 738 hodierna

241 777 454 849 legitur,
489 777 626 833 Ecce
649 777 803 853 Virgo
827 780 880 833 in
909 787 1052 834 utero
1068 778 1298 845 habebit;
1322 779 1376 833 in
1407 779 1622 849 antiqua
1653 785 1833 832 autem

241 870 310 926 ita
338 870 588 940 legerunt
639 870 769 925 olim
821 871 1079 940 lrenaeus,
1126 871 1447 942 Cyprianus,
1494 870 1831 936 Ambrosius,

242 965 599 1035 Augustinus,
639 964 867 1038 Vigilius
893 965 1209 1036 Tapseusis,
1240 965 1348 1019 Leo
1369 963 1623 1034 Magnus,
1667 963 1836 1016 Maxi-

241 1075 360 1114 mus
373 1059 600 1114 Tauriu.
635 1071 766 1124 etc.,
793 1061 844 1113 in
876 1068 1018 1114 utero
1046 1058 1317 1128 concipiet,
1345 1058 1428 1112 vel
1454 1058 1690 1129 accipiet.

306 1241 498 1298 Matth.
546 1255 665 1312 cap.
719 1257 775 1307 ιι,
808 1241 862 1298 5.
893 1239 1272 1313 lnterpretatio
1327 1247 1484 1295 vetns
1513 1238 1753 1305 ferebat,
1782 1241 1838 1293 in

237 1333 534 1388 Btthtehem
561 1333 794 1402 Judazte;
821 1351 852 1390 e
881 1333 1072 1390 Graeco
1099 1343 1189 1397 τῆς
1215 1333 1491 1398 ἰουδαίας;
1517 1347 1622 1388 ιιοιι
1651 1331 1834 1399 Judte,

244 1427 392 1498 quod
445 1430 498 1483 in
545 1429 770 1500 Vulgata
814 1428 1072 1483 hodierna
1115 1429 1326 1498 legitur.
1379 1427 1740 1497 Hieronymus
1785 1427 1837 1479 in

237 1521 428 1576 Matth.
463 1539 523 1586 ιι.
557 1529 689 1592 tom.
723 1539 796 1587 1v,
824 1523 929 1577 col.
961 1523 1015 1588 9,
1065 1521 1312 1577 similiter
1368 1521 1517 1592 legit,
1544 1522 1598 1575 in
1637 1519 1842 1575 Bethle-

239 1613 358 1667 hem
396 1613 634 1681 Judtrte;
663 1615 755 1669 sed
791 1616 878 1670 hic
909 1615 1253 1670 librariorum
1286 1629 1527 1669 errorem
1584 1629 1707 1670 esse
1747 1613 1844 1668 ad-

237 1717 460 1761 monet:
488 1706 744 1762 Putamus
773 1709 908 1762 enim
936 1705 1152 1780 (inquit)
1176 1708 1239 1762 ab
1268 1707 1596 1780 Evangelista
1619 1709 1842 1776 priurum

235 1798 454 1860 editum,
479 1799 612 1853 sicut
636 1799 690 1852 in
719 1801 832 1870 ipso
863 1799 1117 1854 Hebraico
1140 1801 1380 1870 legimus,
1413 1799 1590 1866 Judte,
1620 1817 1720 1854 non
1749 1800 1842 1856 Ju-

240 1889 398 1945 ἀπιῇ.
419 1889 752 1964 Hieronymo
771 1889 1063 1960 assentior,
1081 1901 1134 1947 et
1153 1907 1398 1948 errorem
1426 1907 1548 1948 esse
1568 1892 1839 1948 concedo:
1875 1878 1923 1938 Β

235 1995 614 2038 verumtamen
641 1999 798 2039 error
818 1993 921 2052 est,
941 1999 1047 2056 quo
1071 1995 1224 2040 vetns
1251 1985 1627 2056 interpretatio
1654 1986 1844 2056 digno-

233 2078 430 2143 scitur,
460 2086 515 2132 et
541 2092 664 2132 cum
696 2077 888 2134 Graeco
921 2087 1070 2133 textu
1105 2079 1274 2150 magis
1316 2093 1439 2136 esse
1469 2089 1838 2136 consentanea

237 2170 674 2226 demonstratur.

307 2263 464 2318 Matt.
496 2279 618 2334 cap.
644 2281 698 2331 v,
731 2264 797 2318 7:
831 2263 982 2318 Beati
1011 2265 1366 2328 misrricordes
1387 2308 1402 2332 ,
1434 2267 1673 2337 quoniam
1714 2268 1844 2339 ipsis

235 2357 565 2412 miserebitur
586 2357 746 2424 Deus,
771 2374 836 2412 ex
858 2357 988 2412 Itala
1007 2357 1272 2414 Versione
1297 2361 1559 2430 prodiisse
1572 2361 1848 2432 colligitur

236 2465 302 2504 ex
343 2449 556 2504 Hilario
576 2492 591 2517 ,
623 2449 944 2516 Ambrosio,
981 2451 1306 2522 Augustino,
1334 2452 1650 2508 Chromatio
1677 2455 1844 2525 Aqui-

239 2541 434 2598 lcit-usi
459 2585 474 2608 ,
504 2551 729 2599 auctore
771 2545 951 2613 operis
975 2544 1298 2615 imperfecti,
1337 2545 1394 2600 S.
1458 2543 1744 2602 Valeriano
1791 2555 1849 2602 et

239 2633 392 2689 aliis.

313 2725 518 2781 Matth.
551 2726 727 2796 capite
767 2741 818 2779 v.
863 2726 995 2781 Item
1046 2735 1100 2782 et
1136 2741 1352 2783 versum
1387 2727 1459 2782 22
1489 2727 1731 2798 ejusdem
1760 2743 1850 2783 ca-

242 2815 400 2886 pitis,
433 2815 638 2882 Omnis,
687 2819 772 2888 qui
815 2818 1053 2872 irascitur
1081 2817 1232 2890 fratri
1275 2835 1368 2872 suo
1415 2819 1525 2874 sine
1579 2837 1771 2886 causa,
1817 2834 1848 2875 e

241 2909 462 2972 Graeco,
495 2915 598 2972 Πᾶς
629 2910 998 2988 ὁόργιζόμενος
1028 2919 1101 2984 τῷ
1139 2910 1334 2986 ἀδελφῷ
1362 2914 1520 2968 αὐτοῦ
1553 2915 1656 2972 εἰκῆ
1684 2929 1696 2966 :
1725 2927 1847 2966 nam

245 3001 500 3070 plerique
531 3001 718 3055 Patres
750 3003 974 3073 antiqui,
1009 3003 1243 3057 Ire-naeus
1295 3004 1580 3068 videlicet,
1627 3003 1852 3074 Cypria-

246 3111 370 3158 nus,
401 3095 661 3162 Hilarins,
705 3096 1045 3162 l‘hilastrius,
1075 3096 1433 3165 Augustinus,
1478 3097 1538 3152 S.
1575 3097 1848 3164 l‘aulinus,

245 3195 444 3242 auctor
485 3190 668 3256 aperis
712 3189 1038 3259 imperfecti,
1083 3189 1380 3260 Gregorius
1425 3190 1494 3244 Μ.
1531 3191 1735 3260 pariter
1756 3189 1852 3245 ad-

246 3279 409 3348 dunt,
437 3281 550 3335 sine
578 3296 754 3334 causa.

319 3553 520 3611 Matth.
570 3569 692 3625 cap.
739 3569 813 3621 Vl,
843 3553 896 3608 4.
952 3553 1020 3608 Et
1047 3564 1192 3626 pater
1216 3561 1351 3621 tuus,
1383 3555 1470 3624 qui
1495 3553 1630 3608 videt
1655 3555 1710 3609 in
1732 3553 1850 3608 abs-

251 3650 486 3714 condito,
516 3649 600 3703 vel
623 3652 676 3703 in
705 3651 972 3716 absconso,
1001 3649 1176 3704 reddet
1209 3649 1298 3704 tibi
1319 3651 1372 3703 in
1399 3650 1590 3719 palam,
1623 3649 1690 3704 ad
1715 3665 1856 3704 eam-

249 3743 376 3798 dem
409 3741 647 3812 pertinet
677 3742 1005 3807 versionem,
1040 3751 1181 3796 teste
1211 3741 1531 3812 Augustino,
1559 3741 1646 3811 qui
1673 3740 1765 3794 lib.
1817 3755 1854 3794 ιι

249 3839 320 3894 de
353 3837 538 3892 Serm.
597 3835 752 3891 Dom.
785 3837 836 3890 in
869 3843 1076 3899 monte,
1109 3839 1216 3890 ait:
1251 3835 1418 3889 Multa
1450 3835 1637 3888 Latina
1666 3833 1856 3888 Errem-

249 3931 427 4002 plaria
475 3930 551 3983 sic
599 3927 815 3994 habere;
871 3927 960 3982 scd
1001 3929 1144 3999 quia,
1177 3927 1368 3996 inquit,
1412 3927 1464 3980 in
1495 3925 1708 3994 Graecis,
1743 3940 1857 3996 qua:

251 4025 438 4094 priora
463 4032 605 4086 sunt,
633 4036 734 4076 non
761 4019 1065 4086 invenimus,
1098 4003 1298 4090 palam,
1327 4035 1427 4073 non
1456 4021 1746 4090 putavimus
1774 4019 1857 4074 hic

252 4133 364 4171 esse
415 4116 614 4186 aliquid
655 4114 1052 4169 disserendum:
1083 4114 1136 4168 in
1167 4114 1359 4170 Grch
1385 4123 1562 4170 tamen
1595 4114 1858 4170 hodierno

253 4218 360 4274 est,
390 4206 654 4264 ἀποδῶσει
681 4215 764 4263 ab:
791 4209 840 4262 ἐν
869 4215 943 4282 τῷ
963 4215 1182 4285 φανερῷ.

329 4303 526 4359 Matth.
558 4318 679 4374 cap.
714 4318 793 4368 vr,
829 4303 913 4357 ll.
949 4303 1168 4375 Vulgata
1200 4309 1355 4357 vetns
1386 4301 1627 4374 legebat,
1661 4301 1860 4356 Panem

259 4406 495 4452 nostrum
539 4397 894 4468 quotidianum
941 4397 1008 4449 da
1059 4396 1204 4450 nobis
1234 4396 1422 4462 hodie;
1452 4407 1506 4452 et
1548 4397 1618 4450 ita
1666 4396 1861 4466 legisse

259 4499 480 4546 constat
504 4490 918 4555 Tertulliannm,
957 4489 1308 4561 Cyprianum,
1340 4489 1685 4546 Ambrosium
1711 4531 1726 4556 ,
1755 4490 1864 4546 An-

259 4585 559 4654 gustinum,
593 4567 992 4649 Chromatium,
1021 4581 1322 4638 Sedulium.
1366 4581 1708 4648 Prmtcrhos,
1737 4581 1864 4637 Hic-

1937 493 2170 565 possint.

2014 679 2202 736 Matth.
2267 697 2385 753 cap.
2447 699 2504 749 ι,
2569 685 2661 740 ‘25.
2707 685 2888 741 Codex
2962 685 3353 755 Vercellensis,
3401 687 3538 744 Ecce

1948 809 2013 830 ...
2043 793 2106 846 go
2135 775 2187 829 in
2219 793 2248 828 ιι
2373 793 2429 831 ro
2453 779 2728 849 concipiet.
2750 780 3041 850 Snppletur
3061 797 3125 836 ex
3161 780 3459 836 Veronensi
3483 793 3540 836 et

1941 866 2288 937 Corbeicnsi,
2313 873 2401 942 qui
2436 873 2654 940 habent,
2685 873 2820 928 Ecce
2835 875 2987 945 Virgo
3019 877 3070 928 in
3099 886 3240 930 utero
3264 877 3534 944 concipiet.

1946 963 2017 1017 Et
2042 965 2110 1018 ita
2140 964 2528 1034 Tertullianns,
2573 969 2667 1024 lib.
2723 970 2791 1025 de
2839 969 3013 1024 Carne
3042 970 3260 1032 Christi,
3290 985 3408 1038 cap.
3443 967 3536 1023 94.

1946 1058 2084 1116 Vide
2112 1062 2479 1119 Martianarum
2511 1066 2795 1136 Bemarque
2808 1083 2895 1120 sur
2917 1066 2968 1120 la
2999 1063 3208 1119 Vcrsion
3232 1063 3455 1135 Italique
3475 1063 3540 1116 de

1944 1155 2232 1230 l’Evaugile
2257 1158 2319 1212 de
2347 1159 2403 1215 S.
2433 1160 2714 1228 Matthieu,
2745 1176 2864 1230 pag.
2903 1162 3026 1216 “8.
3129 1141 3136 1148 ’

2017 1248 2203 1304 Matth.
2237 1265 2355 1320 cap.
2391 1267 2459 1318 ιι,
2489 1251 2542 1308 5.
2585 1250 2767 1308 Codex
2787 1252 3166 1318 Vercellensis,
3201 1252 3251 1304 in
3281 1249 3540 1316 Bethleem

1945 1339 2166 1396 Juda'az.
2203 1343 2269 1396 Et
2306 1343 2376 1397 ita
2407 1343 2696 1400 Brixianus
2740 1356 2793 1400 et
2848 1344 3396 1402 San-Germ:mensis.
3433 1343 3535 1396 Ve—

1949 1435 2202 1489 ronensis
2229 1451 2378 1500 vero,
2429 1437 2480 1490 in
2512 1435 2772 1492 Bethleem
2808 1439 3012 1492 civitate
3049 1435 3268 1490 Juda’at.
3307 1437 3363 1488 S.
3400 1435 3543 1489 Ilila-

1945 1525 2060 1581 rius
2090 1541 2305 1598 quoque
2336 1527 2388 1580 in
2417 1527 2614 1582 l’salm.
2646 1544 2830 1594 cxxxx,
2873 1540 2927 1585 et
2968 1529 3026 1584 S.
3061 1529 3250 1584 Atnbr.
3298 1529 3348 1583 in
3387 1526 3540 1584 Psal-

1946 1635 2090 1675 mum
2120 1637 2284 1690 xxxv,
2319 1624 2521 1693 legunt,
2555 1623 2608 1678 in
2639 1623 2895 1680 Bethleem
2921 1622 3142 1678 Judww.

2020 2262 2210 2319 Matth.
2233 2279 2352 2336 cap.
2385 2280 2441 2332 v,
2474 2282 2524 2320 v.
2562 2267 2614 2322 7.
2647 2265 2830 2322 Codex
2865 2267 3248 2334 Vercellensis,
3277 2265 3540 2322 Beati

1950 2358 2082 2412 serit:
2259 2359 2450 2413 rebitur
2481 2357 2639 2415 Deus.
2673 2361 2874 2416 Veron.
2930 2371 2984 2416 et
3024 2361 3347 2416 Sun-Germ.
3397 2360 3548 2414 Beati

1951 2451 2332 2518 misericordes,
2366 2453 2488 2522 quia
2514 2453 2858 2522 (Son-Germ.
2890 2452 3154 2524 quoniam)
3187 2453 3310 2522 ipsis
3341 2453 3548 2506 misere-

1953 2541 2086 2596 bitur
2139 2541 2298 2598 Deus.
2351 2543 2484 2600 Vide
2534 2545 2807 2600 laudatum
2847 2545 3238 2612 Martianmum,
3298 2562 3416 2616 pag.
3471 2545 3542 2600 12

1951 2633 2194 2704 ejusdem
2224 2637 2426 2706 operis.

2023 2724 2214 2780 Matth.
2247 2742 2363 2797 cup.
2399 2745 2461 2790 γ,
2495 2728 2566 2782 22
2586 2770 2602 2795 ,
2630 2727 2812 2784 Codex
2841 2729 3074 2786 Vcrccll.
3111 2729 3291 2784 Omnis
3318 2731 3405 2798 qui
3433 2730 3544 2783 ira-

1964 2818 2128 2871 scitur
2153 2819 2304 2888 [ratri
2331 2837 2424 2874 suo
2455 2823 2565 2875 sine
2613 2839 2789 2876 causa.
2837 2823 2898 2876 Et
2943 2821 3014 2876 ita
3076 2821 3268 2876 \‘cron.
3317 2822 3466 2876 Brix.
3500 2831 3556 2876 ct

1953 2910 2115 2965 Corb.
2153 2909 2387 2982 Legebat
2415 2913 2465 2966 in
2498 2913 2777 2968 codicibus
2823 2913 3028 2968 Latinis
3069 2916 3126 2967 S.
3177 2913 3510 2986 Augustinus
3535 2955 3548 2978 ,

1953 3013 2009 3058 at
2039 3004 2092 3058 in
2127 3003 2332 3060 Gram-is
2363 3021 2467 3058 non
2500 3007 2800 3072 invenerat,
2841 3013 2898 3060 ut.
2939 3005 3107 3060 refert
3137 3005 3228 3058 lib.
3265 3021 3304 3069 ι,
3333 3005 3548 3058 llctrac.

1955 3113 2076 3166 cap.
2109 3098 2195 3153 19.
2231 3097 2430 3153 Contra
2481 3113 2610 3153 vero
2659 3099 2718 3153 ὃ.
2753 3098 3114 3168 Hieronymus
3157 3100 3206 3152 in
3243 3097 3550 3151 .llattlimum

1958 3187 2072 3255 hic,
2101 3190 2300 3244 auferri
2326 3189 2476 3259 jubet
2505 3189 2560 3246 τὸ
2591 3189 2700 3244 sine
2721 3206 2876 3244 causa
2913 3206 2976 3243 cx
3008 3189 3214 3244 Latinis
3242 3189 3550 3250 codicibus.

1877 3260 1924 3324 (ἶ
1959 3283 2011 3337 in
2040 3284 2236 3353 quibus
2267 3285 2580 3354 irrepserat,
2607 3299 2898 3354 veramque
2943 3284 3228 3340 lcetionem
3261 3285 3454 3350 teneri,
3498 3285 3552 3338 in

1958 3378 2176 3446 optimis
2217 3377 2370 3432 libris
2413 3389 2700 3433 servatam.
2735 3379 2992 3433 Eamdem
3027 3394 3140 3433 rem
3172 3377 3553 3433 animadvertit

1957 3467 2250 3525 Cassianus
2282 3471 2612 3526 lnSIitution.
2649 3471 2740 3526 lib.
2773 3486 2885 3537 vm,
2914 3485 3033 3541 cap.
3058 3471 3149 3526 ΞΟ.

2030 3564 2218 3620 Matth.
2273 3581 2392 3635 cap.
2445 3581 2519 3632 vr,
2571 3564 2624 3618 4.
2669 3563 2850 3620 Codex
2895 3565 3278 3630 Vercellensis,
3313 3573 3368 3620 ct
3404 3563 3547 3620 San-

1958 3659 2168 3724 Gcrm.,
2201 3670 2246 3714 et
2275 3670 2419 3730 pater
2449 3669 2588 3726 tuus,
2618 3662 2708 3731 qui
2729 3661 2862 3714 ridet
2891 3661 2942 3714 in
2972 3663 3241 3725 abscouso,
3267 3660 3442 3714 reddet
3468 3661 3560 3716 tibi

1957 3752 2012 3806 in
2033 3755 2225 3822 potant.
2257 3752 2453 3806 Veron.
2477 3762 2524 3806 et
2553 3763 2699 3823 pater
2721 3761 2860 3817 tuus,
2878 3753 2965 3822 qui
2991 3753 3123 3806 videt
3151 3763 3196 3806 te
3219 3753 3271 3806 in
3294 3755 3561 3818 absconso,

1956 3844 2130 3898 reddet
2163 3843 2250 3897 tibi
2278 3861 2330 3896 tit
2381 3845 2573 3914 putant.
2619 3845 2787 3908 llrix.,
2823 3855 2868 3896 et
2901 3854 3044 3907 pater
3075 3852 3194 3898 tuus
3223 3843 3310 3914 qui
3340 3844 3472 3898 videt
3506 3845 3560 3896 in

1957 3938 2204 3994 absconso
2248 3939 2420 3994 reddet
2448 3939 2538 3992 tibi
2564 3939 2615 3993 in
2645 3939 2935 4008 manifesto.

2037 4320 2228 4377 Matth.
2275 4335 2394 4390 cap.
2431 4336 2516 4388 Vl,
2577 4321 2664 4376 ll.
2711 4321 2892 4377 Codex
2925 4321 3310 4388 Vercellensis,
3363 4321 3560 4377 Panem

1968 4425 2202 4470 nostrum
2227 4417 2564 4473 cottidianum
2597 4420 2664 4474 da
2701 4421 2845 4474 nobis
2873 4421 3042 4475 hodie.
3080 4419 3148 4474 Et
3177 4422 3246 4474 ita
3279 4419 3563 4478 Veronen-

1968 4508 2063 4578 sis,
2093 4509 2237 4564 Brix.
2268 4520 2322 4566 ct
2345 4507 2506 4568 Corb.

263 4692 548 4749 ronymus,
574 4675 669 4732 lib.
714 4691 754 4731 ιι
801 4676 853 4730 in
887 4675 1059 4746 Epist.
1086 4674 1152 4730 ad
1181 4675 1360 4730 Titum
1387 4674 1595 4730 diserte
1643 4675 1862 4741 asserit,
1893 4656 1950 4718 Ῑ)

259 4769 548 4825 secundum
579 4769 794 4824 Latinos
840 4769 1137 4840 interpretes
1176 4769 1423 4838 scriptum
1463 4782 1574 4822 esse
1604 4809 1618 4834 ,
1662 4765 1868 4822 Panem

265 4873 516 4919 nostrum
546 4861 960 4934 quotidianum;
994 4861 1083 4916 sed
1108 4861 1291 4915 melius
1337 4861 1392 4915 in
1425 4859 1605 4914 Gra'co
1653 4859 1864 4926 haberi,

265 4957 474 5014 Panem
500 4966 739 5012 nostrum
756 4957 1038 5019 ἐπιούσιον,
1061 4954 1118 5008 id
1132 4963 1204 5008 est
1225 4953 1562 5025 praecipuum,
1583 4953 1866 5026 egregium,

265 5049 584 5122 peculiarem
651 5067 670 5105 :
723 5047 791 5105 Et
839 5058 962 5120 post
1036 5062 1205 5120 pauca
1247 5063 1261 5101 :

267 5144 534 5199 ἓπιοὺσιον
579 5143 968 5198 existimant...
1021 5157 1207 5212 panem
1251 5141 1486 5208 dictum,
1536 5139 1674 5212 quod
1718 5155 1872 5212 super

273 5253 459 5292 omnes
486 5240 668 5302 οὐσίας
699 5238 804 5292 sit:
841 5245 897 5292 et
923 5235 1140 5292 Comm.
1173 5234 1226 5290 in
1257 5233 1448 5289 Matth.
1487 5232 1642 5301 Quod
1667 5249 1761 5288 nos
1781 5247 1871 5288 su-

273 5330 789 5400 persubstantialem
844 5309 1186 5402 expressimus
1208 5368 1226 5396 ,
1295 5328 1350 5382 in
1421 5325 1604 5382 Grteco
1659 5327 1872 5382 habetur

273 5425 547 5481 ἐπιούσιον.

351 5515 778 5587 Matthzeicapite
789 5531 883 5582 xx,
907 5509 958 5571 c.
974 5513 1207 5570 28.Post
1228 5512 1346 5569 haec
1377 5511 1540 5568 verba
1557 5527 1744 5569 versus
1763 5511 1868 5568 28:

277 5607 436 5663 Sicut
456 5605 497 5659 Γ
498 5609 621 5663 ilius
633 5607 854 5662 hominis
867 5622 970 5660 non
993 5607 1126 5661 venit
1139 5605 1440 5672 ministrari,
1455 5603 1544 5659 sed
1560 5605 1873 5671 ministrare,

279 5711 330 5756 et
343 5701 472 5753 dare
495 5701 716 5755 animum
731 5716 878 5754 suam
897 5700 1300 5770 redemptionem
1317 5714 1410 5770 pro
1431 5697 1626 5764 multis,
1651 5695 1767 5752 lucc
1788 5712 1876 5754 sc-

279 5801 521 5861 qnnntur
563 5794 616 5849 in
647 5806 751 5848 ms.
781 5788 1127 5864 Colbertino,
1159 5800 1214 5846 ut
1244 5799 1298 5846 et
1323 5791 1378 5846 in
1408 5788 1525 5846 aliis
1552 5787 1878 5859 exemplati-

1314 5046 1536 5115 Quidam
1566 5088 1582 5115 ,
1645 5046 1819 5118 inquit
1848 5085 1880 5130 ,ξ

2055 5509 2288 5567 Matthmi
2337 5506 2514 5577 capite
2556 5519 2656 5560 xx.
2704 5503 2892 5560 Codex
2916 5501 3280 5560 Vercellensis
3309 5511 3431 5573 post
3455 5515 3577 5559 ver.

1985 5601 2057 5659 28
2098 5602 2214 5657 hmc
2238 5599 2417 5655 addit:
2457 5597 2559 5652 Vos
2587 5607 2758 5652 autem
2779 5597 3005 5667 qua'ritis
3033 5595 3095 5649 de
3120 5595 3312 5666 pusillo
3333 5609 3579 5660 crescere,

1987 5708 2034 5753 et
2077 5689 2140 5752 de
2177 5697 2374 5768 majore
2399 5693 2620 5748 minores
2662 5707 2788 5747 esse.
2842 5689 3104 5745 latrantes
3153 5698 3342 5756 autem,
3391 5695 3438 5743 et
3495 5705 3584 5742 ro-

1988 5791 2096 5860 gati
2136 5789 2204 5842 ad
2233 5803 2425 5842 (tenam
2457 5828 2472 5854 ,
2503 5803 2537 5840 η
2659 5783 2893 5840 recumbe
3007 5783 3059 5837 in
3087 5782 3215 5836 locis
3245 5797 3270 5835 e
3391 5781 3592 5836 nentia-
