3976 6338
374 337 447 397 85
1732 334 2271 395 PROLEGOMENA.

3608 335 3689 396 84

373 440 477 515 bus
503 458 705 515 veteris
734 444 1193 532 interpreL'ttionis
1211 499 1225 525 ,
1255 471 1375 529 quae
1401 455 1621 529 quidem
1647 454 1961 513 desideran-
1988 466 2046 527 Α
2065 456 2145 512 rib
2165 494 2254 525 ...,
2285 472 2350 512 ne
2399 456 2532 529 forte
2582 457 2775 519 clarior
2800 467 2849 517 te
2889 476 2953 516 su
2977 497 3071 545 ...,
3088 458 3259 518 veniat
3274 478 3296 528 ;
3413 458 3539 527 cede
3652 476 3686 517 s

375 558 464 607 tur
494 551 545 606 in
584 552 805 624 Vulgata
841 552 1099 608 hodierna
1136 549 1414 620 Evangelii
1439 551 1595 620 juxta
1620 548 1967 605 Matthazum:

380 648 487 704 Vos
512 660 680 705 autem
707 651 936 722 quieritis
969 650 1053 729 de.
1074 649 1267 720 pusillo
1294 662 1540 713 crescere,
1582 655 1632 703 et
1674 645 1739 701 de
1784 644 1975 719 majori

373 743 544 798 minor
565 744 627 815 ll.
653 741 892 813 minores)
934 759 1061 798 esse.
1115 740 1377 797 latrantes
1402 749 1592 806 autem,
1624 749 1672 794 et
1710 738 1879 813 rogati
1902 738 1973 792 ad

374 854 590 905 scenam,
642 839 796 893 nolite
820 836 1113 892 recumbere
1142 835 1195 890 in
1225 836 1351 891 locis
1402 834 1824 890 eminentioribus
1849 875 1864 899 ,
1911 848 1975 888 ne

377 933 509 1002 forte
531 931 718 986 clarior
742 941 789 986 lc
811 930 1173 1002 superveniat;
1214 938 1261 983 et
1288 928 1530 983 accedens
1559 928 1647 999 qui
1676 925 1744 980 ad
1778 940 1974 981 cmnam

372 1022 565 1076 vocavit
592 1032 660 1088 te,
690 1023 828 1075 dicat
856 1021 949 1075 tibi
973 1036 987 1073 :
1013 1020 1197 1074 Adhuc
1239 1021 1479 1075 deorsum
1520 1018 1705 1074 accede
1729 1035 1746 1073 :
1766 1028 1814 1074 ct
1844 1034 1970 1072 con-

374 1113 630 1181 fandaris.
669 1113 732 1169 Si
755 1124 923 1167 autem
952 1111 1245 1166 recubueris
1272 1112 1326 1166 in
1353 1111 1467 1167 loco
1510 1111 1771 1184 inferiori,
1814 1118 1861 1165 et
1886 1125 1975 1164 su-

371 1206 653 1276 pervenerit
676 1204 923 1259 humilior
950 1213 1018 1273 te,
1051 1205 1184 1260 dicet
1214 1204 1303 1259 tibi
1331 1205 1420 1276 qui
1461 1213 1509 1259 te
1554 1203 1624 1258 ad
1649 1220 1846 1259 caenam
1884 1218 1974 1257 vo-

371 1286 504 1353 cavit
543 1298 798 1355 :Accede
841 1296 1013 1353 adhuc
1065 1299 1319 1371 superius.
1372 1297 1444 1353 Et
1487 1298 1584 1353 erit
1636 1298 1729 1353 tibi
1772 1296 1970 1352 utilius.

370 1391 644 1446 Iuvencus
672 1401 871 1459 autem,
905 1407 1026 1447 cum
1052 1433 1067 1457 ,
1121 1391 1187 1447 ad
1232 1391 1677 1449 conscribendam
1728 1390 1975 1448 versibus

372 1484 651 1540 historiam
686 1485 1082 1557 Evangelicam,
1117 1485 1358 1542 codicem
1400 1487 1635 1542 Mattlnei
1661 1486 1964 1541 secundum

372 1589 614 1635 veterem
638 1579 1144 1651 interpretationem
1173 1579 1395 1637 haberet
1421 1622 1437 1647 ,
1469 1580 1610 1636 hunc
1638 1589 1855 1635 secutus
1884 1592 1976 1634 co-

376 1670 573 1737 dicem,
605 1671 865 1743 quidquid
899 1673 953 1728 in
982 1672 1154 1729 veteri
1193 1674 1638 1745 interpretatione
1667 1672 1971 1745 legebatur,

376 1764 705 1821 carminibus
732 1766 935 1821 Latinis
959 1766 1038 1823 sic
1082 1766 1320 1823 reddidit
1348 1784 1361 1822 :

712 1904 935 1956 Hominis
956 1915 1099 1955 natus
1118 1905 1191 1956 sic
1214 1910 1387 1956 cuneta
1411 1905 1673 1963 ministrat,

469 1966 719 2032 9bsequio
737 1968 872 2018 solus
896 1970 1089 2031 proprio
1104 1970 1182 2032 pia
1207 1982 1411 2018 munera
1437 1975 1657 2032 gestans,

466 2030 565 2093 Pro
587 2029 852 2093 multisque
876 2029 1084 2080 animam
1106 2029 1326 2093 'pretiom
1342 2031 1589 2091 Sanguine
1615 2029 1770 2093 ponit.

465 2092 538 2141 Ad
565 2106 649 2141 vos
674 2107 734 2141 ex
761 2092 974 2142 minimis
996 2092 1170 2155 apibus
1188 2093 1539 2143 transcendere
1564 2092 1727 2155 vultis,

465 2155 529 2206 Et
549 2156 622 2203 sic
642 2168 671 2205 e
694 2157 897 2204 summis
921 2155 1068 2218 lapsi,
1096 2157 1446 2217 eomprenditis
1468 2157 1609 2205 imos.

465 2218 517 2280 Si
545 2230 630 2267 vos
651 2219 859 2280 quisque
887 2224 1025 2277 vocat
1048 2229 1201 2268 ccenze
1223 2218 1443 2267 convivia
1468 2229 1675 2280 ponens,

465 2278 707 2343 Cornibus
729 2278 1003 2331 insummis
1023 2280 1217 2343 devitet
1240 2290 1429 2343 ponere
1450 2278 1694 2343 membra,

466 2341 683 2404 Quisque
709 2343 867 2404 sapit:
889 2343 1060 2392 veniet
1081 2338 1253 2404 forsan
1266 2343 1306 2390 si
1330 2341 1507 2391 nobilis
1527 2338 1674 2402 alter,

464 2403 700 2467 Turpiter
721 2402 908 2454 enimio
925 2410 1135 2467 cogetur
1158 2403 1344 2453 cedere
1368 2414 1540 2467 cornu.

466 2464 625 2524 Quem
650 2472 810 2519 tumor
829 2464 1165 2517 inﬂati’cordis
1186 2478 1277 2527 per
1299 2478 1485 2515 summa
1510 2464 1711 2517 locarat.

464 2527 549 2592 Sin
572 2536 836 2592 contentus
861 2530 957 2592 erit
978 2527 1247 2592 mediocria
1272 2527 1720 2592 prenderaegenae,

467 2589 775 2654 Inferiorque
800 2586 980 2641 dehinc
999 2589 1040 2640 si
1064 2603 1176 2654 mox
1202 2586 1402 2640 conviva
1427 2588 1634 2654 subibit,

468 2653 541 2702 Ad
566 2651 751 2716 potiora
775 2653 966 2716 pudens
986 2653 1215 2705 transibit
1236 2660 1385 2703 strata
1406 2651 1673 2704 thororum.

448 2801 576 2858 "(PC
614 2802 859 2879 proiecto
877 2801 1103 2861 iuvenci
1141 2801 1378 2859 carmina
1408 2800 1695 2858 manifesto
1727 2814 1849 2857 esse
1889 2815 1976 2857 ar-

369 2892 625 2967 gumento
649 2896 872 2964 debent,
900 2904 1114 2967 poetam
1159 2897 1214 2953 in
1239 2894 1631 2953 conscribenda
1663 2894 1975 2965 evangelica

372 2989 593 3046 historia
644 3007 801 3048 usum
845 2992 1009 3048 fuisse
1034 2991 1224 3048 codice
1249 2992 1464 3057 Latino,
1498 2991 1659 3062 plane
1690 2999 1878 3065 nostro
1902 2990 1977 3046 si-

372 3083 510 3151 mili,
525 3083 723 3161 quique
746 3093 983 3140 veterem
1006 3084 1508 3154 interpretationem
1530 3090 1973 3154 reprresentaret.

447 3178 610 3233 Marci
642 3192 761 3248 cap.
789 3194 873 3244 ιιι,
896 3178 949 3233 5.
983 3176 1333 3234 Observanda
1359 3178 1413 3232 in
1455 3176 1541 3231 bis
1583 3176 1750 3231 Marci
1798 3176 1977 3232 Evan-

2074 549 2163 622 qui
2187 550 2259 605 ad
2282 567 2476 606 caenam
2502 552 2699 608 vocavit
2729 562 2799 620 te,
2824 553 2964 609 dicat
2991 555 3082 610 tibi
3106 571 3126 611 :
3159 554 3341 611 Adhuc
3365 544 3612 610 deorsum
3636 593 3683 610 ..

2076 643 2196 698 cede
2218 660 2236 698 :
2264 653 2313 699 et
2335 643 2598 716 conlauda
2616 681 2737 702 ...η
2764 656 2867 701 tem
2888 648 2944 701 in
2964 646 3079 715 loco
3099 648 3155 713 in
3266 647 3398 723 riori
3417 647 3615 707 recubu
3637 684 3683 703 ..

2075 737 2168 802 ris,
2196 747 2243 805 et
2271 740 2620 811 supervenerit
2640 739 2887 796 humilior
2921 751 2989 810 te,
3020 742 3154 797 dicet
3184 740 3295 809 tibi,
3320 741 3409 814 qui
3428 741 3560 797 lead
3580 756 3686 797 cte-

2082 847 2205 885 nam
2234 834 2431 889 vocavit
2456 848 2475 887 :
2501 833 2698 890 Accede
2725 833 2897 889 adhuc
2939 837 3195 907 superius.
3227 835 3297 892 Et
3325 837 3421 893 erit
3464 835 3562 891 hoc
3589 822 3685 891 tibi

2075 927 2275 983 utilius.
2308 927 2509 985 Veron.
2546 928 2652 987 Vos
2677 937 2848 985 autem
2870 930 3103 1002 queritis
3122 930 3189 985 de
3210 930 3404 1011 piisillo
3427 945 3681 995 crescere,

2077 1021 2208 1077 etde
2228 1023 2425 1078 minore
2445 1027 2671 1098 majores
2695 1040 2823 1079 esse.
2846 1023 3110 1081 latrantes
3130 1032 3321 1094 autem,
3349 1036 3397 1083 et
3421 1025 3591 1098 rogati
3609 1024 3681 1080 ad

2079 1131 2275 1171 caenam
2298 1156 2313 1182 ,
2365 1116 2525 1172 nolite
2566 1118 2858 1173 recumbere
2880 1119 2936 1174 in
2966 1118 3095 1173 locis
3121 1118 3537 1173 eminentioribus
3567 1159 3584 1184 ,
3613 1135 3682 1175 ne

2076 1211 2209 1280 forte
2234 1209 2423 1264 clarior
2451 1218 2498 1265 te
2523 1211 2881 1285 superveniat;
2904 1220 2950 1267 et
2975 1211 3243 1279 accedens,
3274 1210 3363 1283 qui
3385 1210 3456 1289 ad
3476 1226 3672 1287 egenam

2075 1304 2273 1358 vocavit
2302 1313 2369 1369 te,
2414 1304 2553 1369 dicat
2584 1305 2721 1360 tibi:
2748 1304 2929 1362 Adhuc
2956 1305 3197 1363 deorsum
3224 1304 3410 1360 accede
3433 1320 3452 1359 :
3475 1313 3524 1360 et
3550 1320 3678 1379 coa-

2077 1386 2336 1467 fundaris.
2376 1396 2438 1453 Si
2463 1407 2633 1451 autem
2658 1398 2713 1452 in
2735 1398 2847 1453 loco
2875 1399 3109 1470 inferiori
3148 1398 3462 1467 recubueris,
3498 1408 3546 1453 et
3586 1415 3677 1455 su-

2077 1490 2360 1561 pervenerit
2389 1491 2633 1545 humilior
2662 1472 2731 1558 te,
2758 1492 2889 1547 dicet
2919 1492 3010 1546 tibi
3049 1492 3137 1563 qui
3162 1491 3230 1553 ad
3255 1508 3453 1548 canam
3488 1493 3681 1553 vocavit

2078 1591 2126 1661 te
2147 1600 2167 1637 :
2196 1580 2392 1638 Accede
2419 1584 2589 1639 adhuc
2616 1600 2842 1639 sursum.
2877 1583 2943 1639 Et
2973 1586 3068 1641 erit
3098 1584 3194 1643 hoc
3215 1584 3305 1639 tibi
3336 1585 3538 1642 utilius.
3580 1586 3681 1647 Pa-

2078 1675 2156 1731 ria
2184 1676 2386 1732 habent
2402 1676 2950 1744 CodicesCorbeien.,
2964 1677 3438 1741 San-Germancn.
3462 1690 3518 1736 et
3539 1681 3681 1741 alius

2080 1767 2390 1829 Monasterii
2420 1771 2603 1827 Sancti
2633 1770 2866 1829 Andreae
2900 1785 3061 1829 secus
3097 1773 3458 1829 Avenionem.
3493 1773 3681 1828 Exstat

1996 1860 2043 1919 B
2072 1876 2285 1935 quoque
2308 1862 2451 1920 idem
2477 1874 2844 1921 assumentum
2873 1865 2926 1921 in
2956 1865 2990 1921 9
3042 1865 3250 1933 Latinis
3275 1865 3440 1922 codd.
3473 1866 3674 1925 biblio-

2080 1955 2251 2011 theca:
2280 1944 2613 2025 Bodleianze,
2642 1966 2699 2014 et
2728 1956 2783 2017 in
2828 1957 3154 2031 quibusdam
3204 1958 3485 2015 veteribus
3529 1959 3682 2017 libris

2083 2049 2356 2106 Versionis
2378 2050 2657 2109 Saxonica:
2680 2053 2823 2124 apud
2844 2051 2974 2109 Var.
3006 2052 3161 2111 Lect.
3179 2052 3363 2111 Millii:
3388 2054 3518 2119 item
3540 2052 3679 2125 apud

2080 2142 2140 2198 S.
2173 2143 2431 2199 Hilarium
2480 2145 2598 2213 hic,
2632 2161 2783 2201 num.
2829 2145 2922 2211 12,
2954 2154 3010 2201 et
3038 2145 3180 2216 apud
3212 2144 3271 2203 S.
3304 2145 3544 2203 Leonem
3573 2146 3681 2203 Ila-

2078 2251 2244 2307 gntun
2271 2237 2322 2292 in
2352 2235 2511 2309 epist.
2539 2237 2608 2295 ad
2631 2236 2977 2297 Pulcheriam
3008 2239 3332 2315 Augustam.

2152 3172 2315 3230 Marci
2343 3185 2464 3245 cap.
2500 3187 2581 3238 ιιι,
2614 3171 2669 3227 5.
2698 3169 2884 3231 Codex
2919 3170 3316 3239 Vercellensis,
3347 3170 3418 3229 Et
3458 3174 3683 3233 circum-

374 3270 499 3338 gelii
523 3246 948 3341 verbisiantiqua
970 3268 1157 3325 Latina
1178 3268 1306 3337 Itala
1346 3267 1755 3338 interpretatio:
1786 3265 1857 3321 Et
1876 3267 1981 3325 cir-
2004 3246 2049 3309 Ο
2083 3267 2308 3336 spiciens
2349 3281 2435 3319 eos
2463 3281 2580 3319 cum
2623 3264 2918 3330 iracundia,
2971 3265 3152 3320 dolens
3197 3281 3355 3336 super
3402 3266 3686 3327 eccitatem

374 3361 711 3429 cumspicicns
733 3377 816 3416 eos
829 3378 941 3415 cum
966 3360 1317 3434 indignatione
1336 3376 1491 3431 super
1510 3367 1740 3417 emortua
1771 3358 1982 3413 illorum

376 3451 558 3516 corda,
574 3452 705 3523 dixit
719 3451 947 3508 homini:
972 3451 1208 3507 Extende
1227 3468 1436 3506 manum
1465 3460 1623 3506 tuam.
1648 3449 1714 3506 Et
1730 3450 1978 3518 extendit,

375 3553 423 3597 et
473 3546 708 3605 restituta
734 3556 808 3600 est
832 3562 1015 3600 manus
1042 3545 1112 3612 ei,
1133 3545 1265 3601 sicut
1288 3556 1337 3602 et
1361 3545 1525 3601 altera
1557 3560 1654 3613 pro
1686 3545 1881 3614 quibus
1927 3545 1979 3600 in

380 3622 609 3711 Vulgata
641 3640 906 3711 legimus:
942 3639 1006 3694 Et
1038 3640 1455 3712 circumspiciens
1481 3656 1566 3696 eos
1595 3655 1709 3694 cum
1729 3640 1826 3703 ira,
1853 3654 1982 3694 con-

381 3736 612 3809 tristatus
642 3750 798 3805 super
827 3735 1054 3790 eiecitate
1079 3735 1252 3789 cordis
1300 3750 1497 3799 eorum,
1529 3733 1655 3788 dicit
1686 3732 1976 3788 homini...

382 3836 430 3881 et
455 3826 689 3881 restituta
728 3835 802 3881 est
833 3843 1017 3881 manus
1042 3826 1124 3882 illi
1147 3841 1166 3880 :
1193 3840 1314 3896 quae
1339 3825 1513 3896 magis
1537 3818 1831 3880 concinam
1852 3837 1976 3879 cum

378 3906 590 3983 Graeco,
622 3917 710 3974 ubi
753 3919 836 3975 sic
878 3908 1108 3974 habetur
1149 3936 1164 3974 :
1198 3921 1291 3974 Καὶ
1320 3916 1759 3996 περιϐλεψάμενος
1787 3917 1979 3979 αὐτοὺς

379 4014 490 4087 μετ’
517 4016 694 4091 ὀργῆς,
725 4012 1143 4087 συλλυπούμενος
1171 4013 1255 4068 ἐπὶ
1281 4019 1343 4087 τῇ
1372 4014 1616 4088 πωρώσει
1649 4019 1742 4072 τῆς
1762 4008 1980 4087 καρδίας

378 4107 568 4169 αὐτῶν,
597 4105 729 4177 λέγει
751 4111 825 4161 τῶ
855 4106 1228 4180 ἁνθρὼπῳ.....
1260 4105 1349 4159 καὶ
1372 4102 1771 4160 ἀποκατεστάθη
1795 4102 1826 4158 ἡ
1856 4102 1979 4175 χεὶρ

377 4198 536 4254 αὐτοῦ
565 4198 634 4258 ὥς
663 4198 694 4256 ἡ
723 4193 869 4255 ἄλλη.

451 4464 617 4529 Marci
660 4486 781 4543 cap.
812 4484 867 4537 Χ,
898 4470 989 4527 17.
1025 4467 1253 4539 Quidam
1281 4464 1651 4539 adgeniculans
1671 4505 1686 4530 ,
1738 4461 1936 4517 dicebat
1964 4479 1978 4519 :

378 4581 500 4634 qua:
530 4566 615 4621 his
646 4565 948 4621 redduntur
967 4565 1149 4620 verbis
1176 4562 1228 4617 in
1259 4561 1487 4633 Vulgata
1516 4567 1723 4626 nostra,
1752 4554 1985 4614 Procur-

382 4676 499 4716 rens
524 4659 757 4732 quidam,
788 4675 921 4732 genu
942 4660 1080 4730 flexo
1109 4667 1230 4712 ante
1254 4673 1390 4724 eum,
1421 4655 1635 4727 rogabat
1663 4670 1798 4710 eum.

446 4842 617 4899 Marci
636 4856 755 4913 cap.
785 4857 841 4908 ι,
867 4840 957 4897 58.
988 4839 1110 4896 Vin‘
1130 4847 1187 4896 et
1213 4837 1359 4896 aliud
1385 4853 1418 4894 e
1456 4837 1607 4894 Novo
1628 4836 1980 4894 Testamento

381 4937 716 5007 exemplum,
744 4950 853 5007 quo
880 4933 1101 5005 planum
1153 4932 1288 4999 liat,
1344 4930 1536 4987 lrenrei
1589 4930 1976 5002 interpretem,

381 5028 677 5100 Scriptum
707 5026 1010 5084 versiculos
1038 5040 1107 5081 ex
1148 5024 1345 5080 Latino
1370 5023 1558 5080 codice
1586 5024 1788 5080 veteris
1813 5022 1986 5081 Inter-

383 5120 707 5193 pretatiouis
731 5118 1129 5189 descripsisse?
1178 5114 1416 5172 Irenteus
1460 5115 1553 5172 lib.
1584 5132 1623 5185 ι,
1650 5131 1770 5187 cap.
1799 5116 1893 5185 21,
1923 5133 1979 5173 ιι.

386 5213 423 5268 2
447 5256 462 5280 ,
518 5215 591 5268 ita
640 5228 708 5269 ex
753 5211 1048 5283 Evangelio
1081 5210 1241 5266 Marci
1275 5209 1459 5266 laudat
1495 5210 1748 5267 eumdem
1773 5226 1825 5266 v.
1861 5211 1933 5267 38
1964 5229 1977 5265 :

384 5310 607 5366 Δύνασθέ
632 5329 688 5363 τε
714 5308 991 5380 βάπτισμα
1008 5300 1417 5379 βαπτισθῆναι,δ
1443 5305 1541 5379 ἐγὼ
1560 5305 1721 5380 μέλλω
1734 5306 1983 5379 βαπτίζε-

383 5404 522 5457 σθαι.
547 5400 643 5456 llle
670 5414 804 5455 vero
834 5399 924 5454 his‘
942 5400 1123 5456 verbis
1151 5398 1441 5466 translert,
1479 5398 1704 5455 Potestis
1724 5398 1982 5470 baptisma

386 5494 483 5569 (al.
510 5489 845 5565 baptismum)
874 5492 1148 5565 baptizari,
1183 5491 1322 5565 quod
1354 5508 1446 5568 ego
1491 5491 1652 5553 habeo
1682 5492 1936 5563 baptizari
1956 5493 1983 5547 .9

384 5601 507 5665 quia
536 5586 737 5658 pariter
756 5585 827 5663 ab
846 5585 1136 5660 antiquiori
1164 5585 1418 5659 versione
1452 5584 1722 5657 prodiisse
1755 5582 1981 5643 Colber-

386 5676 530 5733 tinus
572 5676 747 5755 codex
792 5677 1010 5757 indicat,
1065 5675 1287 5753 Potestis
1338 5677 1650 5749 baptismum
1686 5674 2005 5748 baptizari,

383 5785 534 5837 quem
563 5786 653 5842 ego
683 5770 934 5841 baptizari
960 5770 1142 5827 habeo.

450 5863 608 5919 Marci
624 5877 743 5935 cap.
771 5878 865 5933 Ml,
881 5862 950 5919 24
968 5861 1059 5919 ubi
1078 5861 1301 5933 Vulgata
1325 5857 1511 5928 habet,
1534 5857 1711 5915 Vidua
1726 5874 1830 5915 una
1850 5874 1979 5931 pau-

2084 3358 2255 3413 cordis
2292 3373 2487 3422 eorum,
2514 3357 2586 3412 ait
2615 3356 2858 3413 homini:
2890 3356 3123 3413 Extende
3161 3374 3371 3413 manum
3409 3368 3571 3414 tuam.
3612 3359 3687 3415 Et

2084 3450 2306 3505 extendit
2328 3467 2348 3515 ;
2376 3458 2424 3504 et
2449 3448 2687 3503 restituta
2715 3458 2789 3503 est
2820 3465 3004 3504 manus
3032 3451 3167 3521 ejus,
3189 3449 3321 3503 sicut
3346 3459 3395 3505 et
3427 3451 3553 3505 alia.
3579 3450 3689 3507 Ve-

2085 3557 2206 3598 ron.
2241 3539 2311 3597 Et
2336 3541 2749 3611 circumspiciens
2770 3557 2857 3595 eos
2878 3557 2994 3601 eum
3016 3542 3114 3607 ira,
3129 3540 3242 3607 indi
3340 3582 3354 3597 .
3377 3541 3434 3599 in
3457 3544 3691 3603 ciuitate

2086 3634 2258 3690 cordis
2281 3628 2480 3699 eorum,
2506 3634 2578 3687 ait
2622 3633 2816 3691 homini
2840 3649 2859 3690 :
2890 3633 3119 3699 Extende
3145 3651 3356 3697 manum
3405 3645 3568 3695 tuam.
3617 3634 3689 3692 Et

2086 3725 2353 3791 extendit;
2384 3735 2432 3781 et
2459 3726 2699 3781 restituta
2720 3734 2794 3781 est
2822 3741 3008 3783 manus
3031 3728 3147 3799 ejus
3166 3767 3182 3792 ,
3213 3726 3351 3783 sicut
3377 3728 3506 3785 alia.
3532 3726 3687 3799 Brix.

2086 3819 2153 3879 Et
2183 3820 2597 3893 circumspiciens
2626 3835 2711 3874 eos
2739 3835 2855 3874 cum
2876 3819 2977 3885 ira,
3009 3820 3344 3881 contristatus
3363 3817 3482 3892 (est)
3506 3821 3561 3883 in
3584 3837 3691 3878 cte-

2083 3915 2288 3977 citatem
2323 3914 2493 3969 cordis
2547 3928 2746 3978 eorum,
2775 3912 2907 3969 dixit
2935 3912 3173 3977 homini:
3195 3913 3432 3971 Extende
3474 3930 3690 3975 manuus

2084 4017 2242 4063 tuam.
2290 4005 2359 4062 Et
2388 4006 2657 4071 extendit;
2688 4016 2737 4062 et
2778 4007 3016 4067 restituta
3054 4015 3131 4069 est
3171 4023 3356 4067 atauus
3385 4008 3519 4080 ejus.
3548 4008 3691 4068 Vin-

2088 4097 2200 4163 dnb
2323 4114 2441 4170 cum
2469 4098 2841 4170 indignatione,
2869 4100 3201 4163 contristatus
3235 4109 3312 4159 est
3337 4116 3491 4173 aper
3519 4117 3692 4163 ornar-

2085 4200 2177 4244 tua
2217 4189 2375 4245 corda
2423 4206 2678 4248 eorum...
2703 4192 2940 4251 restituta
2983 4201 3059 4262 est
3102 4209 3287 4251 manus
3334 4198 3452 4263 eius
3474 4196 3676 4257 statim.

2083 4282 2250 4340 Corb.
2280 4298 2493 4355 quoque
2520 4283 2706 4353 habet,
2730 4296 2779 4342 et
2797 4272 3035 4353 restituta
3054 4295 3128 4351 est
3152 4304 3337 4345 manus
3353 4291 3471 4362 ejus
3487 4290 3686 4351 statim.

2090 4373 2216 4433 Cat.
2250 4385 2300 4432 et
2328 4376 2564 4433 restituta
2582 4386 2657 4433 est
2675 4395 2859 4441 manus
2887 4378 3030 4445 illius
3072 4380 3305 4447 sanitati,
3336 4382 3473 4437 sicut
3495 4382 3687 4439 altera.

2153 4466 2313 4527 Marci
2343 4482 2464 4543 cap.
2493 4486 2549 4538 ι,
2570 4469 2856 4527 t7.Codex
2882 4471 3262 4539 Vercellensis,
3285 4489 3421 4535 una
3443 4476 3668 4547 genibus

2088 4570 2379 4628 prostratus
2405 4561 2615 4638 rogabat
2640 4579 2780 4632 eum,
2810 4563 3007 4620 dicens.
3055 4564 3259 4627 Veron.
3289 4566 3502 4637 quidam
3527 4567 3690 4639 adge-

2003 4649 2061 4711 D
2083 4655 2341 4724 niculans,
2366 4673 2558 4729 rogans
2577 4674 2713 4724 eum,
2745 4667 2792 4713 et
2837 4657 3035 4717 dicens.
3079 4658 3213 4716 Vide
3247 4660 3519 4719 variantes
3559 4660 3680 4718 lec-

2080 4748 2256 4823 tiones
2282 4750 2456 4811 Grtcci
2482 4759 2662 4821 textus
2705 4751 2849 4822 apud
2878 4752 3123 4811 Millium.

2152 4845 2317 4911 Marci
2343 4860 2463 4917 cap.
2487 4860 2546 4910 ι,
2570 4845 2659 4913 58.
2689 4844 2869 4913 Codex
2896 4846 3124 4907 Vercell.
3152 4848 3365 4917 potestis
3478 4849 3683 4919 baptis-

2084 4952 2249 5017 mum,
2298 4936 2437 5009 quod
2485 4953 2578 5008 ego
2628 4936 2880 5010 baptizor,
2913 4940 3191 5009 baptizari.
3241 4941 3308 4998 Et
3353 4924 3425 5001 ita
3482 4942 3682 5003 Veron.

2088 5027 2530 5111 Vindobonensis
2566 5038 2750 5101 autem
2804 5040 2863 5093 et
2894 5032 3042 5091 Brix.
3072 5035 3283 5107 potestis
3424 5036 3692 5110 baptizare

2087 5120 2417 5195 baptismum,
2448 5139 2548 5195 quo
2574 5139 2667 5197 ego,
2691 5124 2946 5198 baptizor.

2154 5854 2320 5915 Marci
2346 5867 2468 5928 cap.
2500 5868 2605 5926 xu,
2634 5852 2731 5911 2L.
2759 5850 2945 5913 Codex
2972 5851 3361 5926 Vercellensis,
3386 5872 3495 5914 una
3518 5857 3684 5919 vidua
