3976 6338
235 343 312 402 85
1303 343 1639 402 EPISTOLA
1677 343 2016 403 RUGGERII
2051 343 2530 406 NOVARIENSIS.
3487 341 3562 408 86

227 477 328 538 per
349 462 498 516 misit
541 463 658 518 duo
689 464 908 532 minuta,
940 459 1150 520 ferebat
1185 471 1342 518 vetus
1369 461 1572 530 versio,
1603 499 1690 518 ....
1721 463 1856 516 misit
1891 478 1936 536 Α
1961 463 2100 516 misit
2129 463 2324 516 minuta
2351 463 2472 518 duo.
2509 463 2744 520 Vindob.
2792 481 2897 518 una
2925 465 3078 520 vidua
3105 466 3244 522 misit
3285 483 3391 522 a’ra
3435 467 3564 524 duo.

307 571 340 610 a
367 553 501 612 duo.

307 571 340 610 a
367 569 501 612 auo.

225 569 480 704 “Marci
512 663 642 722 cap.
683 665 798 722 sui,
831 648 920 714 15.
945 647 1046 718 Qui
1089 647 1142 704 in
1177 647 1546 720 superioribus,
1600 665 1700 703 non
1740 649 1856 702 des-

225 742 418 806 cendat
443 757 463 796 :
492 758 626 822 quae
682 743 753 800 ita
787 743 838 798 in
894 743 1124 812 Vulgata
1169 753 1354 800 nostra
1381 745 1780 816 exprimuntur,
1807 753 1856 798 et

223 833 318 906 qui
341 849 507 904 super
539 843 757 902 tectum,
791 851 854 891 ne
873 834 1165 890 descendat.

305 1019 380 1076 Ut
423 1019 552 1092 plus
603 1019 814 1076 inesset
860 1018 1113 1090 ponderis
1142 1017 1268 1076 huic
1309 1017 1432 1076 rudi
1471 1017 1681 1074 Iudicio
1719 1033 1862 1082 meo,

223 1122 400 1188 atque
445 1113 832 1180 innotesceret
875 1112 1018 1168 Italae
1062 1111 1324 1168 versionis
1365 1126 1533 1184 genus
1573 1110 1858 1166 sacer-rimi

229 1205 444 1266 codicis
477 1204 862 1268 Vercellarum
887 1246 902 1272 ,
938 1205 990 1260 in
1022 1205 1254 1260 medium
1284 1205 1482 1274 protuli
1511 1203 1608 1258 hos
1639 1203 1858 1258 univer-

225 1314 324 1368 sos
349 1299 788 1370 Evangeliorum
813 1299 983 1366 locos,
1008 1315 1143 1370 quos
1162 1297 1609 1368 Sapientissimus
1627 1298 1860 1358 domnus

225 1379 427 1456 Petrus
457 1390 718 1446 Sabatier
753 1391 806 1445 in
835 1389 992 1468 Pra-t‘.
1028 1391 1266 1462 generali
1297 1391 1550 1461 allegavit
1585 1405 1648 1445 ex
1679 1390 1856 1446 Patri-

227 1471 332 1540 bus
375 1484 703 1553 primitivis,
746 1497 908 1554 atque
951 1500 1016 1538 ex
1053 1483 1330 1540 codicibus
1359 1499 1493 1540 mss.
1533 1483 1858 1540 venerandae

229 1577 601 1646 antiquitatis,
628 1577 694 1631 ad
721 1577 1132 1648 exprimendam
1167 1579 1454 1648 imaginem
1483 1577 1721 1648 antiqua:
1751 1576 1856 1632 La-

231 1669 362 1725 tina:
393 1663 546 1724 Itala:
581 1669 981 1744 translationis.
1011 1669 1152 1726 Nihil
1181 1672 1248 1726 ah
1271 1685 1334 1725 eo
1365 1671 1614 1741 praestari
1641 1679 1858 1740 poterat

235 1762 292 1848 in
313 1761 418 1817 hoc
447 1777 661 1833 genere
691 1751 902 1817 doctius
950 1771 1112 1834 atque
1171 1763 1435 1828 lucidius;
1465 1763 1716 1834 quoniam
1741 1761 1856 1836 ipse

1963 554 2163 609 Veron.
2201 571 2303 608 una
2330 556 2482 609 vidua
2508 555 2642 612 misit
2663 573 2773 632 [tera
2799 557 3044 630 (minuta)
3077 560 3204 614 duo.

2039 647 2198 702 Marci
2225 663 2344 718 cap.
2379 665 2501 713 xui,
2537 650 2624 714 15,
2654 648 2834 704 Codex
2859 645 3244 732 Vercellensis,
3278 653 3366 724 qui
3409 670 3566 726 super

1967 751 2152 796 tectum
2176 741 2351 814 fuerit,
2379 758 2477 796 non
2495 741 2787 796 descendat.
2808 741 2969 796 Corh.
2995 745 3083 814 qui
3110 744 3162 799 in
3181 745 3565 817 superioribus,

1970 850 2070 888 non
2101 832 2432 886 descendant.
2461 831 2663 888 Veron.
2693 842 2748 887 et
2772 831 3042 890 Brix......

2035 1013 2222 1069 Matth.
2255 1029 2371 1086 cap.
2413 1030 2488 1078 vi,
2547 1013 2633 1070 l8.
2681 1013 2738 1069 In
2767 1013 3096 1082 Vercellen.,
3121 1015 3321 1076 Veron.
3349 1027 3402 1075 et
3423 1021 3562 1076 San-

1951 1107 2288 1164 ‘Gertnanen.
2322 1107 2556 1174 additur,
2586 1109 2638 1161 in
2665 1107 2858 1180 palam,
2885 1117 2942 1164 ut
2973 1110 3024 1163 in
3051 1107 3240 1166 Graeco
3273 1121 3448 1168 textu.

2035 1203 2220 1258 Matth.
2253 1217 2371 1271 cap.
2391 1219 2449 1268 x,
2475 1201 2564 1256 25.
2589 1202 3212 1270 Vercellen.,Corbeien.
3241 1215 3294 1259 et
3317 1207 3558 1262 Brixian.

1964 1293 2256 1350 Beelubul.
2293 1295 2468 1352 Graeci
2503 1309 2717 1367 quouue
2747 1297 2962 1353 codices
2989 1301 3194 1368 legunt,
3229 1301 3560 1366 Βεελζεϐτιὺλ,

1962 1371 2104 1458 quin]
2127 1387 2414 1444 Cltaldaice
2439 1397 2544 1454 est,
2575 1389 2977 1444 Deussordium.
3475 1449 3478 1454 ,

2033 1481 2222 1536 Matth.
2265 1495 2385 1552 cap.
2437 1497 2548 1546 xxt,
2591 1497 2645 1536 v.
2689 1483 2779 1538 31.
2829 1481 3161 1552 Vercellen.,
3209 1483 3476 1540 Vcronen.
3505 1495 3564 1540 et

1959 1573 2245 1628 Cet-beien.
2277 1571 2470 1626 Dicunt
2505 1577 2587 1628 ei:
2617 1575 2948 1630 novissimus.
2985 1577 3047 1630 Et
3077 1577 3146 1630 ita
3173 1587 3383 1632 veteres
3415 1595 3556 1633 tton-

1953 1667 2094 1721 ‘nulli
2137 1667 2351 1722 codices
2401 1667 2574 1722 Grarci
2625 1679 2680 1722 et
2723 1665 2901 1722 Latini
2971 1669 3075 1724 hoc
3117 1670 3236 1724 loco
3281 1669 3561 1736 ferebant,

1963 1769 2116 1828 prout
2135 1757 2442 1829 Cantabrig.
2466 1759 2802 1814 Graeco—Lat.
2825 1759 3018 1832 Coplit.
3041 1761 3263 1817 Armen.
3285 1761 3560 1817 Leichest;

233 1855 456 1922 ‘Omnia,
489 1871 616 1925 qua:
640 1853 832 1920 aﬂ'ert,
867 1855 978 1908 loca
1009 1854 1303 1922 variantia,
1337 1869 1443 1908 non
1467 1853 1663 1910 leviter
1693 1855 1856 1908 attin-
1885 1853 1931 1914 B
1962 1865 2014 1906 et
2060 1852 2231 1906 ναι-ᾗς.
2281 1851 2334 1918 6,
2383 1853 2524 1924 apud
2565 1853 2812 1908 Millium.
2868 1858 2936 1908 At
2982 1865 3168 1910 nostra
3221 1865 3381 1910 actate
3427 1857 3553 1912 libri

239 1949 336 2020 git,
375 1947 549 2002 multo
580 1947 762 2001 minus
797 1957 1020 2014 temere,
1055 1957 1146 2002 aut
1172 1961 1240 2002 ex
1279 1946 1647 2018 prmjudieatis
1677 1947 1856 2000 notio-

237 2021 443 2106 nibns;
477 2041 576 2097 sed
613 2042 874 2111 inspectis
913 2041 1234 2112 collatisque
1267 2041 1473 2097 Gneeis
1527 2040 1860 2110 exemplari-

247 2133 370 2199 bus,
401 2135 686 2204 explorata
712 2133 874 2188 etiam
903 2133 1221 2188 Latinorum
1253 2133 1459 2198 indole,
1489 2133 1542 2186 in
1571 2134 1856 2188 consilium

245 2223 471 2295 insuper
495 2225 762 2280 adhibitis
791 2225 1050 2294 operibus
1075 2225 1174 2280 SS.
1207 2223 1423 2279 Patrum
1454 2225 1854 2295 antiquiorum,

245 2318 474 2388 singulis
519 2315 760 2386 denique
807 2333 1016 2371 summa
1062 2333 1184 2372 eum
1227 2317 1502 2388 diligentia
1551 2318 1854 2388 pensitatis,

259 2427 378 2482 quae
401 2413 458 2466 in
487 2411 799 2482 hujusmodi
833 2413 1182 2483 inquisitione
1213 2413 1348 2470 lucis
1379 2413 1654 2485 quidpiam
1687 2412 1860 2470 frene-

255 2505 368 2559 “rari
415 2519 576 2575 posse
615 2507 954 2561 videbantur.
997 2505 1136 2562 Cum
1175 2510 1318 2563 enim
1363 2507 1418 2562 in
1461 2507 1720 2562 Palarstra
1759 2508 1859 2564 hac

263 2599 488 2652 inultum
505 2609 646 2654 esset
665 2607 936 2668 versatus,
965 2607 1020 2654 et
1042 2599 1321 2670 explorate
1348 2601 1575 2656 subinde
1597 2601 1699 2670 ipsi
1723 2615 1856 2656 con-

257 2697 426 2746 staret
469 2691 534 2746 de
580 2691 869 2747 luculentis
913 2691 1239 2747 testimoniis
1287 2705 1318 2746 a
1365 2707 1424 2750 se
1463 2691 1730 2762 prolatis,
1780 2691 1856 2744 nil
1891 2693 1898 2698 ’

251 2781 532 2850 mirum,si
561 2785 616 2840 in
643 2785 834 2841 iisdem
861 2785 1163 2856 allegandis
1191 2793 1483 2856 numquam
1511 2783 1858 2855 ceSpitaverit

252 2875 334 2930 vir
363 2875 662 2932 maximus.
699 2877 806 2934 Sed
836 2879 1088 2948 quoniam
1121 2893 1188 2934 ex
1219 2878 1402 2932 multis
1431 2877 1711 2942 labeculis,
1739 2875 1858 2946 qui-

249 2967 352 3026 bus
379 2969 508 3026 itala
531 2973 596 3026 in
625 2972 906 3026 codicibus
933 2971 1095 3027 modo
1113 2985 1364 3040 respersa
1387 2981 1492 3036 est,
1517 2971 1586 3025 ita
1611 2979 1854 3024 veterem

251 3067 402 3138 quasi
431 3065 672 3122 formam
705 3067 973 3138 aliquibus
999 3065 1216 3123 videtur
1244 3065 1518 3132 amisisse,
1549 3065 1636 3120 vix
1655 3065 1766 3134 jam
1797 3070 1858 3118 ut

247 3157 364 3230 ipsa
385 3159 653 3231 cognosci
673 3169 872 3230 queat;
895 3169 950 3214 et
969 3159 1318 3216 simulacrum
1337 3159 1615 3214 dumtaxat
1637 3157 1856 3230 aliquod

1961 1945 2157 2010 Gnaei,
2191 1957 2245 2001 et
2273 1947 2446 2002 Latini
2485 1947 2625 2020 typis
2657 1947 2859 2018 vulgati
2887 1949 3092 2020 legunt,
3125 1951 3346 2022 primus.
3373 1949 3560 2006 Oritur

1957 2041 2013 2094 id
2048 2057 2106 2094 ex
2149 2041 2566 2110 tranSpositione
2596 2041 2986 2096 versiculorum
3014 2043 3084 2098 29
3115 2053 3166 2098 et
3193 2043 3281 2110 50,
3323 2043 3378 2098 in
3411 2043 3556 2098 hunc

1963 2133 2180 2186 nti-dum
2211 2150 2222 2186 :
2259 2133 2417 2186 Pater
2441 2133 2688 2189 accedens
2715 2135 2782 2188 ad
2814 2136 3060 2206 primum,
3085 2135 3246 2188 dixit:
3278 2133 3392 2206 (εἶθ)
3425 2131 3560 2200 Fili,

1962 2227 2086 2278 vade
2113 2225 2282 2294 hodie,
2314 2242 2524 2296 aperare
2555 2226 2608 2280 in
2635 2227 2780 2281 vinea
2817 2243 2951 2280 mea.
2993 2225 3059 2279 At
3097 2227 3185 2280 ille
3215 2225 3558 2294 respondens,

1961 2318 2032 2370 ait
2060 2333 2077 2372 :
2109 2317 2204 2384 Eo,
2235 2316 2488 2383 Domine;
2511 2331 2554 2373 et
2587 2336 2686 2373 non
2713 2320 2822 2374 ivit.
2857 2317 2973 2391 (50)
3003 2317 3260 2374 Accedens
3289 2327 3460 2372 autem
3489 2319 3560 2372 ad

1961 2411 2200 2472 alterum,
2243 2411 2372 2465 dixit
2411 2411 2666 2467 similiter.
2707 2412 2810 2466 Ille
2851 2423 3022 2466 autem
3063 2413 3398 2480 respondens,
3441 2413 3556 2467 ait:

1963 2506 2100 2558 nolo.
2139 2503 2328 2558 Postea
2359 2507 2652 2576 poenitentia
2687 2515 2876 2572 motus,
2906 2505 3053 2560 abiit.
3091 2504 3222 2570 Quis
3261 2521 3323 2558 ea:
3351 2503 3560 2560 duobus

1963 2597 2080 2666 fecit
2117 2599 2426 2650 voluntatem
2473 2596 2687 2650 Patris?
2716 2597 2906 2651 Dicunt
2935 2597 3019 2652 ei:
3053 2596 3395 2651 Nouissimas.
3430 2595 3558 2650 "(BC

1962 2697 2109 2744 certe
2141 2691 2405 2744 orationis
2436 2691 2898 2747 distributiohanc
2929 2691 3338 2762 responsionem
3373 2699 3564 2760 postu-

1959 2779 2064 2846 lat;
2103 2782 2316 2836 eodices
2348 2781 2560 2852 quidam
2589 2781 2728 2852 apud
2761 2783 3074 2854 llieronytn.
3111 2781 3262 2838 Vers.
3299 2783 3461 2840 Arab.
3495 2797 3562 2838 ac

1959 2873 2085 2928 Sax.
2119 2873 2287 2929 Hilar.
2315 2875 2453 2946 Aug.
2483 2873 2615 2930 Cod.
2651 2871 2838 2928 Const.
2871 2879 2977 2944 quo
3007 2888 3137 2928 usus
3157 2883 3242 2928 est
3275 2873 3559 2940 Erasmus,

1961 2979 2047 3022 etc
2113 2957 2354 3039 Vulgata:
2399 2967 2644 3024 ordinem
2685 2977 2938 3036 servant,
2989 2975 3044 3023 et
3095 2977 3274 3023 tamen
3320 2965 3500 3022 ferunt
3535 2985 3584 3035 ,'

1961 3063 2289 3130 novissimus,
2337 3075 2464 3126 non,
2508 3062 2742 3134 primus:
2783 3061 2946 3132 idque
2975 3076 3043 3116 ex
3077 3075 3142 3114 eo
3178 3061 3369 3128 oritur,
3413 3049 3559 3130 quod

1960 3157 2453 3211 animadvertentcs
2498 3155 2696 3226 aliqui,
2751 3155 2805 3210 in
2843 3153 3203 3226 explicatione
3247 3155 3554 3226 parabolae,

241 3251 300 3307 in
321 3253 704 3323 superioribus
723 3253 866 3310 locis
889 3252 1292 3318 adumbratam,
1317 3252 1584 3322 nobisque
1605 3251 1854 3306 relictum
1881 3249 1928 3314 C
1961 3251 2281 3322 puliliranos
2329 3259 2384 3306 et
2436 3252 2750 3306 meretrices
2777 3266 2897 3322 qum
2925 3250 3201 3304 hominum
3227 3265 3422 3320 genera
3455 3265 3556 3304 no—

247 3351 476 3416 pu’tsnt:
511 3361 620 3417 ego
659 3345 1016 3402 excellentem
1047 3345 1290 3416 ejusdem
1319 3344 1470 3400 Italic
1501 3342 1858 3415 pulchritudi-

243 3453 372 3492 nem
403 3437 610 3494 iterum
643 3438 694 3492 in
725 3437 975 3494 Patribus
1003 3453 1242 3509 quaram
1269 3453 1284 3502 ;
1316 3447 1478 3508 atque
1507 3437 1744 3492 nativam
1773 3436 1858 3492 ef-

247 3531 462 3601 ﬁgiem,
507 3537 640 3602 post
683 3539 892 3586 tantum
937 3531 1154 3600 virum,
1207 3531 1260 3586 in
1305 3530 1626 3601 primigenio
1669 3529 1859 3586 Graico

249 3632 395 3678 textu
421 3624 700 3679 curiOsius
725 3623 1158 3693 contemplabor,
1187 3631 1248 3678 ut
1277 3621 1478 3676 nullam
1511 3637 1539 3674 a
1573 3637 1660 3678 me
1685 3623 1860 3692 patiar

237 3715 554 3790 diligentiae
579 3725 786 3787 partam
815 3715 1114 3788 desiderari
1141 3715 1211 3774 ad
1237 3715 1598 3772 Vercellensis
1624 3731 1861 3786 evange-

241 3808 378 3890 liarii
401 3809 624 3872 codicis
655 3811 1094 3870 illustrationeut.
1125 3811 1202 3872 En
1231 3823 1362 3882 ergo
1394 3809 1602 3884 sylvam
1631 3809 1856 3864 aliarum

239 3889 639 3978 parallelarum
671 3903 970 3970 lectionum
997 3945 1012 3972 ,
1053 3918 1192 3976 quas
1223 3917 1324 3974 ego
1351 3902 1546 3972 collegi
1572 3917 1638 3956 ex
1671 3901 1776 3956 PP.
1807 3911 1861 3958 et

241 3997 567 4058 .Comment.
599 4013 852 4070 quasque
871 3997 960 4052 hic
989 3997 1164 4054 libens
1195 3997 1248 4052 in
1275 3995 1510 4052 medium
1542 3994 1730 4052 atl‘ero.

313 4093 478 4148 .loan.
547 4107 668 4164 cap.
745 4107 867 4158 XIX,
921 4091 986 4146 51
1033 4091 1336 4148 Vercellen.
1387 4099 1444 4145 et
1483 4088 1685 4146 Veron.
1718 4105 1860 4144 coena

241 4203 394 4258 pura.
433 4187 538 4244 Sic
578 4200 766 4256 vocem
812 4188 1120 4262 παρασκεύη
1161 4185 1344 4240 reddit
1373 4193 1526 4238 vetus
1567 4184 1856 4260 interpres,

245 4288 302 4336 et
321 4280 537 4351 optime
557 4278 808 4352 quidem:
833 4293 956 4332 nam
979 4293 1307 4348 parascevcn,
1335 4277 1509 4346 inquit
1529 4275 1859 4346 Augustinus

247 4372 300 4428 in
330 4383 500 4430 tract.
539 4371 642 4425 120
673 4370 726 4425 in
765 4369 962 4426 Joann.
1009 4387 1204 4426 cmnam
1235 4385 1416 4440 puram
1445 4367 1640 4432 Judtei,
1675 4366 1860 4421 Latine

245 4467 498 4522 usitatius
529 4463 671 4538 apud
697 4481 820 4532 nos,
853 4473 1052 4518 vocant.
1091 4465 1256 4534 llujus
1283 4463 1518 4520 nominis
1548 4463 1751 4518 mentio
1775 4470 1862 4517 est

243 4555 411 4614 etiam
436 4557 590 4630 apud
621 4555 1041 4624 Tertullianum,
1070 4557 1167 4614 lib.
1192 4575 1220 4610 ν
1241 4557 1505 4638 ptlversus
1532 4557 1856 4614 Marcionem

247 4649 372 4725 Cap.
401 4653 460 4708 4.

326 4745 462 4802 Luc.
501 4759 622 4815 cap.
663 4759 702 4810 ι,
759 4741 852 4799 29.
895 4743 1199 4800 Vercellen.
1229 4785 1244 4802 .
1279 4785 1291 4798 .
1329 4785 1342 4800 .
1401 4761 1456 4798 sa
1504 4761 1591 4802 au.
1623 4787 1636 4800 .
1675 4787 1687 4800 .
1725 4786 1740 4814 ,
1806 4755 1862 4800 ut

252 4839 397 4914 sidit.
427 4881 442 4895 .
485 4878 498 4890 .
524 4849 574 4892 ta
598 4829 688 4894 est.
719 4827 919 4908 supple
945 4837 1192 4894 lacunam
1217 4855 1280 4894 ex
1309 4839 1504 4894 Veron.
1542 4848 1592 4893 et
1617 4839 1854 4894 Brixian.

255 4931 381 5014 ipsa
409 4942 609 4996 autent,
649 4915 706 4986 ut
739 4931 862 4986 uidit
899 4949 1036 4996 eum,
1069 4944 1206 4987 mota
1243 4943 1316 4987 est
1364 4933 1623 5007 (Brixian.
1659 4935 1860 5008 turbata

253 5026 373 5100 est).
409 5027 638 5104 Grmcus
675 5025 857 5090 habet,
886 5023 1001 5080 Ἠδε
1035 5023 1224 5082 ἰδοῦσα
1248 5025 1580 5104 διεταράχθη,
1615 5025 1717 5080 hoc
1756 5035 1860 5093 est,

253 5119 348 5172 illa
384 5127 559 5174 autem
590 5117 788 5182 videns,
822 5115 1024 5192 ιιιιὺιιῐίι
1050 5127 1140 5194 est.

330 5212 466 5268 Luc.
501 5225 618 5298 cap.
649 5228 722 5275 ιι,
751 5207 804 5266 4.
841 5209 1142 5266 Vercellen.
1189 5223 1237 5265 et
1281 5213 1403 5267 inde
1446 5213 1612 5282 exite,
1649 5211 1864 5268 confor-

261 5307 425 5362 milet‘
475 5305 698 5386 Graeco,
727 5307 816 5370 καὶ
853 5307 1038 5360 ἐκεῖθεν
1093 5305 1366 5388 ἐξέρχεσθε
1390 5350 1404 5372 ,
1433 5307 1482 5361 ιιι
1521 5317 1602 5372 est
1623 5351 1636 5378 ,
1669 5318 1714 5362 et
1745 5307 1864 5388 inde

262 5401 422 5470 exite,
449 5399 655 5456 Veron.
685 5409 734 5456 et
760 5397 881 5454 inde
907 5399 1316 5470 proﬁciscimini,
1351 5409 1405 5454 ut
1428 5401 1592 5456 codex
1625 5397 1786 5460 Corb.

336 5491 472 5548 Luc.
518 5489 641 5564 cap.
694 5507 850 5558 xnv,
899 5489 1068 5546 v.45.
1113 5491 1168 5548 In
1217 5491 1862 5560 Vercellen.,Veronen.,

265 5567 558 5656 Co't'beieu.
589 5571 645 5644 ei
680 5573 918 5644 Brixian.
947 5583 1134 5650 deest,
1177 5600 1382 5638 sumens
1412 5584 1686 5652 reliquias,
1725 5585 1864 5640 dedit

269 5677 374 5732 eis:
405 5693 503 5733 nec
531 5671 762 5734 habetur
791 5675 844 5731 in
878 5659 1027 5732 textu
1056 5691 1256 5746 graeco.

279 5769 534 5864 adﬂigit
556 5747 1868 5864 κίῗέἓτάῗῖιιιῇᾒςαεῖιῗῖδὲτηᾞίῖἷίθξξ,ίίθξὲτῗςιξίλᾷᾲξιίήἠ

283 5815 312 5850 ι,
341 5769 534 5921 ψιμιιῐ
725 5769 1394 5873 νιημλνεξὺιιίᾶζφιᾲ,
1421 5769 1618 5850 statim,

283 5835 348 5920 lu)
404 5831 1280 5921 agentibucVefrdiii,lirtxiiiitlei
1309 5839 1454 5921 textu

261 5835 1212 5928 ΐιῗφὲῗὲἓιιὲιῖἷτ,“νξξὲἓζὶίἶ³ῗῖἲτῖχιῖνῖἑι;
1227 5835 1290 5922 ἑὶ⁸
1309 5839 1454 5921 t‘e‘iitli
1471 5838 1684 5920 (ii-£66.

1963 3347 2106 3400 mine
2133 3346 2352 3400 alterius
2385 3345 2474 3398 lilii
2503 3345 2820 3412 innituntur,
2858 3343 3098 3414 pratierri
3126 3343 3342 3399 creteris
3366 3386 3380 3412 ,
3419 3359 3558 3416 quos

1963 3438 2134 3510 major
2159 3449 2282 3494 natu
2309 3437 2451 3492 ﬁlius
2469 3437 2690 3504 indicat,
2711 3437 2877 3492 veluti
2901 3436 3216 3504 Pharisatis,
3240 3437 3554 3492 censuerint

1961 3531 2218 3588 mendum
2268 3548 2392 3588 esse
2438 3531 2490 3586 in
2527 3539 2698 3600 textu,
2744 3531 3172 3604 legendumque,
3217 3531 3554 3597 novissimus,

1961 3627 2168 3683 scilicet
2197 3627 2334 3681 alter
2357 3627 2520 3692 illius,
2557 3641 2695 3689 non,
2730 3625 2948 3696 primus,
2981 3641 3174 3696 nempe
3207 3625 3378 3694 major
3401 3633 3553 3680 natu.

1961 3719 2030 3776 At
2061 3720 2280 3776 minime
2311 3719 2507 3775 dicitur
2531 3735 2653 3776 esse
2695 3727 2826 3776 natu
2863 3719 3036 3790 major
3067 3719 3111 3773 is
3160 3733 3322 3790 quem
3375 3717 3553 3790 primo

1963 3811 2084 3866 loco
2110 3813 2222 3868 adit
2245 3813 2425 3880 Pater,
2451 3829 2624 3884 neque
2653 3821 2778 3867 natu
2803 3812 2980 3866 minor
3001 3801 3111 3878 ille,
3136 3827 3294 3884 queat
3317 3811 3560 3868 secundo

1962 3906 2230 3960 convenit.
2276 3903 2474 3960 Contra
2505 3905 2686 3974 potius
2711 3905 2983 3976 paraboltn
3019 3905 3154 3958 ordo
3193 3905 3464 3974 postulat,
3500 3915 3561 3960 ut

1963 4007 2118 4068 pater
2164 3997 2308 4068 prius
2349 3999 2618 4053 vocaverit
2657 4007 2784 4052 natu
2826 3997 3130 4066 minorem,
3170 3996 3560 4070 ﬂagitiosmum

1963 4091 2239 4164 hominum
2267 4091 2514 4164 ﬁguram,
2544 4091 2741 4146 deinde
2765 4105 2892 4146 vero
2919 4092 3200 4160 majorem,
3234 4105 3342 4162 quo
3367 4089 3558 4146 Phari-

1963 4185 2056 4239 saei
2089 4183 2551 4256 signiﬁcabantur.
2597 4183 2674 4240 Ita
2704 4183 2786 4240 Cl.
2817 4185 3028 4241 Calmet
3057 4183 3108 4240 in
3150 4181 3456 4240 Comment.
3488 4185 3561 4242 ad

1963 4275 2103 4330 hunc
2133 4277 2331 4332 locum.

2033 4373 2219 4428 Matth.
2249 4389 2368 4444 cap.
2403 4389 2534 4438 xxtt,
2567 4390 2617 4428 v.
2653 4373 2739 4429 l5.
2768 4373 3074 4430 Vercellen.
3113 4411 3128 4428 .
3165 4414 3178 4428 .
3208 4385 3256 4428 te
3287 4375 3454 4428 illum.
3488 4412 3502 4428 .
3543 4415 3558 4428 .

1964 4464 2056 4518 bus
2079 4507 2092 4526 .
2127 4477 2171 4520 et
2203 4483 2304 4519 ma.
2353 4507 2366 4522 .
2402 4508 2413 4520 .
2447 4465 2536 4520 bus
2561 4509 2575 4530 ,
2618 4476 2660 4520 et
2691 4467 2844 4521 mitti.
2881 4507 2895 4521 .
2931 4505 2946 4520 .
2975 4465 3180 4540 Supple
3213 4465 3459 4524 lacunam
3491 4481 3560 4522 ex

1963 4559 2191 4624 Veron,
2225 4559 2385 4612 tollite
2424 4559 2573 4612 illum
2617 4558 2850 4626 pedibus,
2884 4565 2930 4610 et
2970 4557 3228 4624 manibus,
3271 4565 3317 4611 et
3353 4557 3560 4626 mittite,

1887 4643 1940 4704 D
1967 4661 2074 4708 etc.
2099 4651 2387 4708 Corbeien.
2423 4651 2586 4704 tollite
2609 4667 2743 4717 eum,
2774 4649 2945 4721 ligatis
2971 4649 3207 4720 pedibus,
3232 4657 3278 4702 et
3305 4647 3558 4714 manibus,

1957 4739 2008 4802 tet
2033 4747 2234 4812 mittite,
2269 4755 2375 4802 elc.
2415 4745 2652 4800 Brixian.
2677 4745 2883 4814 alligate
2913 4743 2959 4798 ei
2987 4741 3161 4814 pedes,
3202 4749 3246 4794 et
3285 4755 3487 4805 manus,
3513 4751 3562 4796 et

1963 4839 2129 4894 tollite
2155 4855 2290 4906 eum,
2324 4847 2369 4893 et
2395 4839 2590 4904 mittite,
2617 4847 2724 4896 etc.
2756 4839 2812 4894 S.
2831 4837 3069 4892 lrenmus
3095 4833 3254 4886 tollite
3281 4849 3395 4887 eum
3415 4851 3447 4886 (ι
3473 4851 3564 4906 pe-

1969 4929 2460 4996 dibus,ctmanibus,
2485 4939 2531 4984 et
2553 4929 2758 4996 mittite,
2778 4937 2883 4983 etc.
2925 4925 2992 4982 Et
3017 4925 3088 4980 ita
3117 4923 3328 4979 Lucifer
3352 4921 3566 4982 Calari-

1968 5033 2122 5079 tanus
2147 5024 2198 5076 in
2228 5023 2320 5077 lib.
2373 5039 2407 5076 ιι
2439 5039 2535 5094 pro
2557 5009 2619 5078 S.
2647 5017 2962 5088 Athanasio,
2993 5018 3194 5073 omissa
3224 5027 3400 5076 tamen
3425 5039 3565 5092 prae-

1967 5115 2236 5188 positione
2279 5133 2328 5168 a.
2363 5116 2726 5170 Concinuerat
2763 5101 2809 5166 ei
2852 5115 2907 5166 S.
2953 5111 3270 5168 Ambrosius
3309 5113 3362 5166 in
3397 5113 3560 5184 Apol.

1969 5207 2135 5262 David
2170 5223 2288 5278 cap.
2323 5225 2402 5270 IV,
2442 5223 2559 5278 pag.
2597 5203 2721 5260 (>99.
2771 5203 2843 5257 At
2877 5219 3052 5276 neque
3091 5203 3314 5278 Vulgata
3337 5247 3350 5268 ,
3387 5221 3566 5274 neque

1966 5303 2248 5356 vet-siones
2277 5299 2560 5366 Coplitica,
2595 5297 2839 5370 Syriaca,
2883 5287 3129 5366 Arabica,
3157 5307 3318 5366 atque
3349 5297 3537 5354 {Ethio

1967 5377 2110 5466 pica,
2159 5408 2332 5464 neque
2357 5391 2586 5446 Sanetus
2630 5388 2960 5460 Augustinus
2999 5390 3183 5464 legunt
3222 5383 3338 5446 hrec
3376 5391 3562 5462 verba,

1970 5489 2136 5560 capite
2165 5485 2332 5540 illum.
2373 5483 2555 5556 Codex
2588 5481 3030 5554 Cantabrigensis
3069 5493 3246 5544 tamen
3269 5527 3284 5554 ,
3317 5485 3564 5558 pedibus,

1970 5590 2017 5634 et
2050 5579 2281 5634 manibus
2305 5576 2468 5644 Capite
2495 5591 2629 5630 eum.

2046 5671 2232 5726 Matth.
2278 5685 2397 5738 cap.
2445 5684 2614 5730 xxttt,
2659 5667 2748 5722 25.
2779 5667 3024 5754 Vcrcel.,
3055 5669 3564 5754 pigna'sun'tur'apina

1963 5779 2026 5846 ,ει
2069 5763 2701 5864 ίξιιςιμιιθῖιῑηςῆιξο.μοςςφι
2719 5837 2724 5858 ,
2744 5739 2961 5864 «mea
2979 5741 3141 5864 iis}?
3167 5739 3316 5862 ’έιιέιξά
3333 5739 3566 5850 limbi!

1971 5837 2100 5916 cuni
2397 5831 2876 5914 c‘btiseiiliuniiat
2905 5831 3566 5929 yi'tilga’tijlcgunt,
