3976 6338
412 235 482 291 87
1777 225 2314 286 PROLEGOMENA.
3644 227 3722 285 88

413 351 662 423 Γὲμονσιν
687 351 737 416 ἐξ
761 348 1020 425 ἁρπαγῆς,
1053 350 1134 402 καὶ
1177 348 1430 422 ἀκρασίας
1459 364 1472 398 :
1501 343 1554 401 id
1593 352 1697 410 est,
1727 344 1863 414 pleni
1889 344 2005 399 estis

2118 344 2364 399 invenire.
2393 343 2630 401 Brixian.
2652 344 2774 399 etin
2794 359 2875 399 me
2895 359 2998 399 non
3020 342 3239 400 inveniet
3258 344 3555 414 quicquam.
3577 343 3721 401 Ver-

420 443 482 516 (l.
511 445 652 510 sunt)
686 441 870 512 rapina
913 451 962 495 et
983 439 1396 508 intemperantia,
1425 447 1485 492 ut
1505 436 1711 493 Veron.

487 538 642 594 10am.
675 553 796 607 cap.
831 553 940 603 vn,
984 535 1076 590 25.
1119 534 1453 600 Vercellen.,
1505 533 1717 602 quidam
1762 531 2012 586 Hieroso-

420 632 636 704 lymitw.
717 630 984 686 Veronen.
1063 628 1273 698 quidam
1347 643 1414 681 ea:
1501 625 2008 698 Hierosolymitanis.

418 723 659 779 Brixian.
807 737 872 778 ex
906 721 1312 793 lerosolymitis,
1353 728 1407 775 et
1441 719 1512 774 ita
1545 727 1726 776 textus
1763 718 2010 785 Graecus,

421 817 479 873 ἱκ
503 825 605 872 τῶν
630 814 1069 891 Ἱεροσολυμιτῶν.

489 909 649 965 Joan.
703 926 824 979 cap.
889 924 994 976 vn,
1061 909 1153 964 55.
1255 907 1561 964 Vercellen.
1621 915 1677 962 et
1735 905 2011 965 Veronen.

410 1001 662 1072 numquid
683 1003 736 1057 in
758 1002 1130 1072 dispersionem
1167 999 1468 1055 Graecorum
1491 1002 1657 1055 iturus
1677 1010 1750 1056 est
1773 1000 2008 1074 (Veron.

408 1096 620 1168 incipiet
644 1095 751 1166 ire)
801 1104 848 1148 et
889 1094 1074 1149 docere
1123 1095 1350 1149 (ἔντοσθε.
1395 1095 1600 1151 Textus
1643 1094 1862 1151 Graecus
1914 1095 2012 1150 hac

409 1189 525 1256 bet,
567 1193 650 1251 Εἰς
677 1195 768 1248 τήν
795 1188 1080 1266 διασπορὰν
1108 1197 1207 1246 τῶν
1231 1187 1470 1250 Ἐλλήνων
1490 1190 1656 1262 μέλλει
1681 1190 2010 1266 πορεύεσθαι,

414 1289 500 1342 καὶ
529 1286 788 1342 διδάσκειν
810 1290 934 1350 τοὺς
958 1284 1237 1348 Ἐλληναςε
1271 1285 1538 1356 Numquid
1564 1287 1618 1340 in
1643 1285 2013 1356 dispersionem

415 1380 714 1436 Graecorum
733 1381 899 1435 iturus
920 1390 1017 1446 est,
1040 1392 1087 1437 et
1109 1380 1354 1436 docturus
1379 1379 1608 1446 Graecos,
1633 1379 1685 1435 id
1714 1389 1796 1436 est
1824 1380 2013 1436 Ethni-

413 1487 509 1528 cos
538 1471 815 1527 Gentesve
851 1487 945 1543 per
984 1482 1154 1528 totum
1186 1472 1374 1528 orbem
1418 1471 1695 1543 dispersas
1736 1481 1790 1527 et
1848 1469 2011 1526 ditiu-

413 1580 524 1620 sas.
563 1564 653 1620 Sic
682 1565 824 1620 enim
863 1565 1106 1635 plerique
1139 1565 1567 1636 interpretantur
1596 1564 1964 1633 dispersionem
1990 1579 2010 1618 :

414 1666 542 1711 sunt
581 1667 761 1712 tamen
807 1658 896 1728 qui
951 1666 1172 1728 putant,
1208 1659 1354 1728 ipsos
1383 1656 2010 1727 Judaeos'intelligendos

2117 437 2298 492 siones
2333 436 2456 512 Syr.
2489 437 2654 493 Gotb.
2685 436 2835 493 IEtb.
2878 428 3103 493 Armen.
3155 447 3210 493 et
3249 437 3350 494 SS.
3383 437 3549 508 Greg.
3580 437 3721 510 Nys-

2115 544 2232 585 sen.
2277 529 2476 584 Alban.
2525 529 2691 586 Basil.
2736 529 2936 600 aliique
2978 528 3153 586 Graeci
3196 529 3414 597 Patres,
3446 540 3501 586 et
3539 529 3715 586 Codd.

2118 623 2321 692 legunt,
2352 626 2444 678 Καὶ
2466 624 2514 678 ἐν
2535 624 2646 697 ἐμοὶ
2667 625 2770 695 οὐχ
2791 624 2999 699 εὑρήσει
3020 620 3181 678 οὐδέν.
3208 621 3278 676 Ει
3297 621 3516 692 quidam
3536 621 3718 676 Latini

2114 714 2328 781 Patres,
2360 731 2555 786 nempe
2581 716 2642 772 S.
2670 715 2991 771 Ambrosius
3021 715 3114 770 lib.
3161 731 3198 770 ιι
3241 714 3311 769 de
3337 713 3483 786 Fuga
3512 713 3715 770 Saeculi

2115 823 2235 878 cap.
2255 808 2310 875 4,
2335 818 2390 864 et
2411 808 2470 866 8.
2497 807 2791 881 Gregorius
2814 807 3035 878 Magnus
3058 806 3289 862 Homilia
3316 806 3409 872 59,
3442 808 3497 862 in
3528 805 3715 861 Evan-

2115 899 2253 972 gelia
2282 900 2502 965 habent,
2532 912 2578 955 et
2615 901 2670 955 in
2696 917 2777 955 me
2803 917 2906 955 non
2937 901 3155 956 inveniet
3179 901 3480 970 quidquam.
3511 899 3716 956 Verum

2117 995 2260 1052 idem
2311 993 2368 1052 S.
2419 995 2738 1051 Ambrosius
2790 995 2846 1050 in
2902 995 3042 1050 libro
3095 996 3164 1050 de
3211 993 3417 1061 Tobia,
3480 1004 3612 1049 tom.
3662 1008 3710 1061 I,

2118 1103 2240 1160 pag.
2267 1086 2397 1155 601,
2421 1099 2468 1144 et
2491 1090 2543 1142 in
2567 1104 2646 1143 me
2657 1105 2807 1141 suum
2824 1104 2926 1142 non
2947 1087 3134 1141 invenit
3151 1087 3492 1157 uihil:quam
3519 1085 3717 1141 lectio-

2117 1197 2241 1239 nem
2269 1183 2430 1239 etiam
2462 1183 2698 1254 explicat
2733 1182 2786 1238 in
2839 1181 3056 1236 laudato
3079 1179 3176 1236 lib.
3219 1178 3288 1236 de
3314 1179 3460 1251 Fuga
3491 1179 3715 1246 Sacculi,

2116 1289 2238 1347 cap.
2271 1275 2338 1343 ι,
2390 1293 2443 1329 ιι.
2488 1277 2578 1330 24.
2610 1275 2672 1332 8.
2707 1275 3036 1346 Augustinus
3062 1288 3278 1346 quoque
3318 1273 3371 1327 in
3421 1273 3517 1327 lib.
3567 1288 3601 1327 ιι
3644 1271 3718 1328 de

2115 1367 2329 1438 Nuptiis
2375 1376 2432 1424 et
2453 1367 2915 1440 concupiscentia,
2940 1375 3075 1422 tom.
3100 1382 3157 1430 ι,
3184 1373 3324 1437 part.
3357 1366 3414 1432 l,
3439 1380 3561 1438 pag.
3583 1365 3714 1434 507,

2116 1469 2162 1516 et
2185 1461 2236 1515 in
2264 1478 2344 1516 me
2361 1461 2492 1516 nihil
2521 1462 2734 1516 invenit.

2187 1577 2318 1635 Luc.
2347 1594 2468 1650 cap.
2498 1595 2592 1647 ιιι,
2625 1579 2712 1636 15.
2758 1578 3067 1635 Vercellen.
3099 1577 3252 1634 Nihil
3280 1578 3400 1650 plus
3421 1577 3713 1650 exegeritis,

2115 1689 2268 1743 quam
2297 1673 2434 1744 quod
2461 1682 2803 1727 constitutum
2825 1680 2900 1728 est
2924 1672 3087 1726 vobis.
3117 1670 3391 1727 Veronen.
3425 1668 3581 1724 Nihil
3602 1687 3716 1722 am-

416 1764 537 1804 esse
562 1792 575 1814 ,
610 1751 702 1820 qui
740 1761 888 1805 extra
917 1749 1161 1805 Iudaeam
1210 1750 1481 1820 degebant
1541 1760 1596 1806 et
1648 1750 2005 1805 censebantur

2119 1767 2256 1836 plius
2285 1767 2530 1838 exigatis,
2561 1782 2713 1838 quam
2749 1766 2891 1836 quod
2921 1765 3255 1820 constitutum
3295 1773 3369 1819 est
3394 1763 3554 1818 vobis.
3587 1761 3714 1819 Gat.

415 1842 678 1913 dispersi;
704 1843 958 1914 quoaiam
986 1854 1041 1901 et
1068 1845 1343 1915 regiones,
1370 1844 1458 1899 ubi
1487 1844 1564 1899 sic
1584 1843 1815 1914 dispersi
1841 1844 2008 1914 dege-

410 1927 565 2000 bant,
609 1937 926 1992 dicebantur
974 1937 1341 2005 dispersiones.
1399 1936 1473 1991 Ita
1513 1935 1776 2014 διασπορὰ
1824 1936 2009 1992 Πόντου

415 2031 664 2100 dispersio
708 2030 897 2098 Ponti,
931 2031 1306 2100 appellabatur
1361 2032 1512 2099 regio
1571 2031 1754 2096 Ponti,
1803 2028 1858 2084 in
1907 2045 2014 2100 qua

416 2133 572 2178 erant
599 2123 790 2178 Judaei.
819 2124 934 2179 Vox
963 2124 1050 2181 illa
1079 2123 1340 2201 διασπορὰ
1367 2123 1622 2194 dispersio
1643 2163 1656 2185 ,
1681 2122 1734 2176 in
1768 2121 2012 2191 pluribus

420 2217 714 2286 Scriptura:
761 2216 894 2270 locis
937 2224 1230 2285 usurpatur
1284 2232 1380 2286 pro
1436 2212 1792 2286 signiﬁcando
1851 2212 2015 2267 exilio

415 2310 726 2364 .ludaeorum
762 2311 812 2362 in
844 2309 1077 2363 diversis
1107 2308 1257 2362 orbis
1281 2308 1593 2379 regionibus
1618 2349 1633 2373 ,
1675 2322 1704 2360 a
1738 2323 1845 2376 quo
1875 2306 2015 2360 Deus

418 2414 772 2458 revomturus
842 2410 962 2457 erat
1039 2417 1137 2456 eos
1219 2401 1541 2472 aliquando,
1599 2410 1656 2455 ut
1707 2399 2016 2470 praedicitur

418 2495 560 2548 Psal.
577 2509 821 2558 CXLVI,V.
835 2495 871 2548 ‘2
887 2512 899 2546 :
918 2496 1014 2556 τὰς
1031 2493 1318 2572 διασπορὰς
1341 2500 1434 2550 τοῦ
1453 2493 1664 2566 Ἰσμαὴλ
1693 2493 2014 2556 ὲπισκενὰξει

416 2586 756 2655 dispersiones
786 2585 996 2663 Israelis
1025 2587 1372 2659 congregabit.
1406 2587 1588 2656 Itaque
1629 2585 1853 2657 (aiunt)
1899 2584 2014 2638 dis-

417 2678 700 2747 persiones
732 2678 836 2731 illa:
865 2676 1158 2742 Gentium,
1190 2692 1312 2746 qua:
1341 2676 1656 2732 Graecorum
1688 2679 1908 2732 nomine
1933 2677 2015 2730 in-

417 2770 626 2824 terdum
669 2771 1069 2841 signiﬁcantur,
1102 2779 1259 2824 erant
1287 2768 1521 2824 diversae
1549 2767 1697 2824 orbis
1737 2769 2010 2839 regiones,

416 2880 514 2935 per
559 2879 694 2936 quas
751 2865 926 2935 sparsi
967 2874 1126 2920 erant
1169 2862 1369 2928 Judaei,
1421 2872 1478 2917 ut
1524 2862 1762 2932 loquitur
1812 2861 2012 2916 Tobias

415 2973 537 3036 cap.
593 2972 711 3024 xm,
740 2957 795 3022 5,
838 2960 966 3027 quia
1009 2957 1150 3012 Deus
1196 2955 1483 3034 διέσπειρεν
1536 2958 1671 3028 ἡμᾶς
1724 2956 1776 3009 ἓν
1816 2956 2010 3014 αὐτοῖς.

417 3050 560 3119 Ergo
587 3064 656 3103 ex
687 3047 912 3102 istorum
955 3047 1252 3114 sententia,
1283 3049 1542 3103 dicebant
1564 3047 1735 3102 Judaei
1757 3063 1777 3100 τ
1809 3047 1893 3100 Αιι
1919 3045 2015 3100 ibit

415 3140 484 3194 ad
509 3139 727 3195 Judaeos
747 3140 1021 3209 dispersos
1054 3139 1196 3194 inter
1223 3137 1446 3202 Gentes,
1476 3149 1522 3192 et
1544 3138 1789 3192 docturus
1825 3135 2013 3192 Gentes
2039 3153 2084 3216 (ς
2120 3191 2161 3216 ﬂ,

414 3234 682 3299 Ἕλληνας,
714 3248 812 3289 eos
855 3248 1052 3304 nempe
1087 3233 1180 3302 qui
1213 3232 1356 3287 inter
1384 3230 1630 3287 Gentiles
1656 3232 1941 3286 habitant?

487 3328 623 3385 Joan
653 3343 774 3399 cap.
820 3343 877 3393 χ,
903 3326 995 3382 26.
1037 3325 1345 3381 Vercellen.
1383 3324 1652 3380 Veronen.
1685 3333 1740 3379 et
1770 3324 2010 3380 Brixian.

417 3429 539 3491 post
589 3420 734 3485 meis,
799 3419 1022 3486 addunt,
1055 3419 1185 3472 sicut
1216 3416 1326 3471 dixi
1377 3415 1537 3481 vobis,
1595 3415 1747 3485 juxta
1805 3425 2010 3472 textum

417 3512 666 3567 Graecum
701 3526 715 3563 :
840 3513 940 3588 γάρ
967 3513 1083 3567 ἐστε
1118 3511 1170 3565 ἐκ
1197 3517 1298 3566 τῶν
1327 3510 1601 3585 προϐάτων
1620 3518 1721 3564 τῶν
1743 3511 1896 3578 ἐμῶν,
1922 3534 2013 3567 κα-

415 3607 514 3668 θῶς
540 3601 680 3660 εἶπον
707 3605 848 3675 Opta.

486 3695 646 3752 Joan.
671 3711 792 3767 cap.
820 3711 918 3761 xu,
942 3694 1032 3750 20.
1067 3693 1374 3749 Vercellen.
1402 3691 1566 3748 Erant
1588 3692 1795 3764 quidam
1818 3692 2005 3748 Gnaei.

415 3793 482 3848 Et
507 3793 579 3847 ita
613 3791 882 3848 Veronen.
937 3798 993 3846 et
1046 3789 1328 3846 Corbeien.
1359 3787 1606 3844 Gentiles
1635 3789 1744 3853 isti,
1775 3785 2010 3850 Ἐλληνες·

413 3896 569 3943 erant
616 3887 901 3958 l’roselyti,
955 3899 1062 3939 non
1113 3901 1180 3939 ex
1220 3883 1443 3952 iudicis,
1479 3883 1573 3938 sed
1621 3898 1684 3938 ex
1741 3881 2007 3939 Gentibus

413 3985 544 4038 nati.
579 3982 778 4037 Omnes
805 3982 916 4035 fere
946 3979 1177 4050 populos
1222 3978 1291 4034 de
1335 3995 1441 4033 non
1471 3978 1768 4033 Israelitica
1807 3977 2004 4043 Gcnte,

409 4077 617 4135 ἔλληνας
631 4073 838 4127 Graecos
868 4072 1217 4141 appellabant
1232 4071 1432 4136 Judaei;
1454 4071 1806 4135 Ἑλληνιστάς,
1832 4068 2010 4124 Helle-

411 4168 573 4220 nistas
601 4180 758 4227 vero,
791 4162 1011 4218 Judaeos
1031 4202 1047 4228 ,
1078 4161 1170 4231 qui
1201 4160 1388 4216 Graeca
1418 4161 1589 4216 Biblia
1622 4163 1674 4214 in
1703 4159 2007 4232 Synagogis

414 4257 685 4328 legebant.
736 4253 873 4309 Vide
925 4260 1106 4308 tamen
1179 4266 1302 4322 quae
1361 4251 1600 4307 diximus
1662 4251 1824 4322 paulo
1880 4266 2002 4323 sup.

411 4367 535 4422 cap.
561 4365 653 4417 vn,
679 4364 730 4402 v.
761 4349 852 4404 55.

482 4443 640 4499 Joan.
675 4457 798 4513 cap.
827 4457 936 4506 xxv,
968 4440 1056 4496 l0.
1086 4438 1395 4496 Vercellcn.
1419 4437 1526 4494 Sed
1554 4435 1716 4493 Pater
1741 4440 1825 4510 qui
1846 4441 1900 4494 in
1928 4457 2006 4495 me

2120 1868 2177 1915 et
2196 1859 2436 1915 Brixian.
2465 1877 2616 1932 quam
2642 1860 2974 1914 constitutum
2995 1871 3070 1915 est
3092 1859 3232 1914 vobis
3250 1901 3265 1925 ,
3293 1858 3528 1928 exigatis.
3565 1857 3720 1914 Grc-

2116 1966 2213 2007 cus
2263 1951 2404 2019 fert,
2459 1952 2620 2012 Μηδέν
2663 1954 2812 2008 πλέον
2853 1955 2999 2030 παρὰ
3051 1954 3110 2009 τὸ
3155 1950 3548 2025 διατεταγμένον
3595 1952 3718 2023 ὑμῖν

2116 2049 2405 2120 πράσσετε,
2450 2047 2642 2104 Latine
2688 2046 3021 2113 reddendus,
3071 2045 3224 2101 Nihil
3265 2047 3512 2117 amplius,
3561 2062 3714 2115 quam

2117 2139 2252 2209 quod
2288 2141 2618 2194 constitutum
2660 2147 2735 2194 est
2778 2139 2939 2202 vobis,
2991 2139 3232 2208 exigatis.
3277 2137 3526 2194 Graecum
3568 2139 3716 2192 enim

2121 2234 2364 2309 πράσσω,
2389 2231 2704 2302 frequenter
2733 2241 3026 2303 usurpatur
3047 2246 3148 2303 pro
3162 2230 3368 2302 exigere
3400 2247 3419 2286 :
3446 2236 3711 2305 πράσσετε

2121 2326 2172 2380 id
2195 2334 2278 2379 est
2306 2326 2544 2397 exigatis.
2567 2325 2712 2381 llanc
2740 2325 2888 2380 enim
2915 2323 3366 2395 signiﬁcationem
3398 2323 3560 2378 habet
3588 2339 3712 2378 ver-

2121 2417 2246 2472 bum
2281 2417 2563 2485 Graecum,
2591 2433 2622 2472 a
2651 2434 2760 2490 quo
2783 2422 3099 2496 πράκτορες,
3129 2427 3412 2473 exactam.
3441 2416 3612 2473 Graeci
3635 2417 3718 2472 di-

2118 2523 2266 2579 cunt,
2296 2513 2470 2585 inquit
2496 2513 2760 2585 Agellius,
2793 2513 2891 2568 lib.
2923 2529 3018 2580 xv,
3052 2527 3104 2568 c.
3138 2514 3238 2580 14,
3271 2513 3612 2591 εἰσεπράξατό
3649 2535 3714 2585 με

2119 2611 2364 2685 ἀργύριον
2386 2650 2402 2676 ,
2433 2609 2597 2680 exegit
2629 2624 2708 2662 me
2749 2608 3018 2678 pecuniam
3047 2624 3066 2662 :
3096 2607 3192 2663 sed
3219 2616 3275 2664 et
3304 2609 3423 2678 ipse
3459 2606 3716 2677 Vulgatus

2118 2699 2395 2772 [interpres
2486 2705 2799 2780 πράκτορσι,
2875 2700 3113 2757 reddidit
3177 2713 3466 2755 exactorem
3495 2743 3512 2768 ,
3577 2700 3714 2756 Luc.

2117 2809 2239 2861 cap.
2284 2810 2380 2860 xu,
2433 2795 2704 2850 versiculo
2733 2794 2824 2850 58.
2863 2793 3128 2850 Similiter
3154 2809 3255 2864 cap
3285 2809 3404 2858 xxx,
3443 2792 3536 2858 25,
3582 2792 3716 2848 illud

2117 2891 2216 2942 σὺν
2267 2888 2393 2943 τὸκω
2424 2883 2484 2942 ἂν
2514 2886 2713 2964 ἔπραξα
2752 2889 2901 2953 αὐτὸ,
2942 2887 3329 2959 interpretatur
3375 2901 3492 2941 cum
3543 2885 3717 2942 usuris

2119 2979 2296 3050 utique
2324 2979 2600 3049 exegissem
2626 2981 2794 3035 illaut.

2191 3094 2323 3151 Luc.
2351 3110 2472 3167 cap.
2502 3112 2556 3164 v,
2593 3095 2682 3152 ll.
2721 3095 3025 3153 Vercellen.
3057 3112 3181 3152 cum
3206 3097 3265 3154 S.
3298 3097 3607 3154 Ambrosio.
3643 3095 3716 3153 Ut

2116 3191 2182 3245 sit
2208 3191 2261 3244 in
2288 3191 2636 3245 testimonium
2664 3191 2760 3246 hac
2785 3190 2947 3246 vobis.
2981 3189 3182 3248 Veron.
3216 3189 3286 3246 Ut
3314 3192 3380 3246 sit
3401 3193 3456 3246 in
3486 3193 3716 3246 testimo-

2116 3283 2330 3338 nium...
2361 3283 2518 3338 vobis.
2537 3283 2827 3338 Corbcien.
2857 3281 2922 3338 Ut
2940 3284 3006 3336 sit
3030 3283 3085 3337 in
3111 3284 3400 3338 testimonia
3421 3282 3519 3336 hoc
3545 3283 3709 3340 vobis.

2112 3375 2265 3432 Multi
2293 3375 2466 3433 Graeci
2495 3375 2711 3433 codices
2746 3376 2934 3448 legunt
2966 3393 2979 3427 :
3017 3374 3085 3431 Ut
3129 3378 3195 3430 sit
3234 3377 3577 3430 testimonium
3616 3378 3716 3430 hoc

2111 3469 2278 3531 vobis.
2307 3467 2412 3525 Ἰνα
2432 3466 2463 3547 ᾖ
2484 3473 2770 3547 μαρτύριον
2789 3477 2944 3527 τοῦτο
2963 3470 3105 3542 ὑμῖν.
3127 3478 3182 3524 et
3210 3469 3281 3524 ita
3307 3468 3547 3524 Marcion
3570 3467 3714 3541 apud

2111 3562 2170 3618 S.
2206 3561 2570 3633 Epipbanium
2603 3573 2657 3618 et
2685 3563 3008 3620 Tertullian.

2183 3676 2316 3732 Luc.
2341 3691 2460 3747 cap.
2497 3691 2574 3744 Ix,
2618 3678 2705 3733 54.
2741 3675 3042 3733 Vcrcellen.
3076 3675 3350 3734 Veronen.
3375 3685 3430 3732 et
3465 3677 3710 3734 Brisian.

2112 3771 2164 3826 in
2205 3773 2312 3828 line
2343 3771 2587 3840 addunt,
2611 3773 2744 3828 sicut
2773 3772 3050 3844 (Brixian.
3082 3773 3213 3827 sicut
3233 3771 3317 3845 et)
3353 3771 3534 3828 Helias
3564 3773 3709 3844 fecit,

2112 3874 2172 3920 ut
2197 3876 2374 3922 textus
2401 3866 2643 3935 Graecus,
2668 3867 2756 3930 Ὠς
2776 3872 2857 3924 καὶ
2881 3867 3046 3930 ιι⁹λίας
3077 3869 3309 3929 εποίησε.
3328 3866 3380 3922 id
3403 3875 3508 3932 est,
3537 3884 3712 3938 quem-

2111 3959 2389 4013 admodum
2428 3970 2472 4014 et
2507 3957 2652 4014 Elius
2683 3960 2822 4032 fecit.
2855 3957 3217 4015 Consentium.
3243 3959 3540 4015 Vcrsioncs
3575 3961 3714 4014 Ara-

2111 4050 2228 4106 bica
2250 4093 2265 4116 ,
2300 4051 2536 4117 Persica,
2571 4051 2791 4123 Syriaca
2811 4094 2825 4118 ,
2855 4051 3162 4122 Ethiopica
3217 4062 3273 4108 et
3323 4052 3573 4108 GOIbica.
3601 4052 3711 4109 Ve-

2110 4153 2260 4200 retur
2286 4142 2543 4210 Grotius,
2588 4161 2655 4200 ne
2700 4145 2816 4201 haec
2865 4143 3046 4200 ablata
3088 4143 3198 4199 sint
3223 4158 3250 4198 a
3282 4143 3538 4212 librariis,
3563 4144 3708 4215 quod

2110 4252 2175 4295 ea
2197 4237 2529 4293 Marcionitis
2556 4237 2737 4294 lavere
2758 4236 3050 4294 crederent
3074 4253 3088 4290 :
3113 4251 3219 4308 qua
3249 4235 3318 4291 de
3341 4250 3403 4293 re
3425 4235 3547 4293 vide
3567 4234 3707 4293 Ter-

2111 4353 2318 4409 tullian.
2350 4353 2444 4409 lib.
2474 4369 2546 4422 IV,
2572 4368 2694 4426 pag.
2722 4352 2850 4420 540,
2879 4361 3066 4409 contra
3106 4351 3460 4410 Marcionem.

2179 4447 2342 4502 Marc.
2370 4462 2489 4518 cap.
2523 4463 2583 4515 ιι,
2613 4449 2700 4504 14.
2725 4445 3315 4504 Vercellen.Veronen.
3339 4456 3395 4504 et
3409 4446 3701 4505 Corbeicn.

410 4547 603 4603 manu,
650 4539 757 4610 ipse
797 4536 1044 4608 loquitur,
1069 4543 1114 4589 et
1142 4549 1320 4605 opera,
1345 4548 1457 4600 qua:
1485 4548 1576 4604 ego
1600 4533 1758 4604 facio,
1790 4534 1899 4602 ipse
1925 4535 2006 4606 fa-
2032 4541 2086 4602 D
2111 4541 2236 4596 vidit
2283 4539 2536 4596 Iacobum
2573 4541 2798 4614 Alphwi,
2831 4551 2886 4596 et
2930 4541 3001 4596 ita
3056 4541 3230 4598 Graeci
3281 4541 3405 4598 libri
3435 4544 3701 4615 plerique.

408 4637 496 4689 cit.
531 4633 732 4689 Veron.
765 4631 924 4686 Pater
950 4640 1122 4683 autem
1163 4629 1220 4682 in
1256 4643 1337 4682 me
1365 4643 1595 4694 manens,
1623 4627 1733 4698 ipse
1758 4623 1998 4698 loquitur.

410 4738 456 4782 et
485 4743 641 4799 Opera
665 4765 682 4793 ,
712 4740 827 4794 qua:
857 4739 948 4794 ego
979 4724 1118 4795 facio
1143 4762 1158 4787 ,
1191 4721 1301 4793 ipse
1330 4720 1474 4792 facit.
1519 4720 1805 4774 Corbeien.
1843 4718 2002 4774 Pater

409 4832 600 4886 autem,
631 4821 717 4890 qui
744 4820 797 4873 in
825 4834 905 4871 me
929 4824 1129 4882 manet,
1159 4817 1270 4886 ipse
1299 4814 1524 4882 loquitur
1548 4855 1563 4880 ,
1596 4824 1644 4869 et
1680 4830 1856 4887 Opera,
1887 4831 2001 4886 qua:

407 4917 545 4988 facio
567 4955 583 4982 ,
622 4915 732 4983 ipse
761 4914 905 4981 facit.
937 4909 1178 4964 Brixian.
1226 4907 1335 4962 Sed
1383 4905 1561 4972 Pater,
1590 4907 1678 4977 qui
1706 4909 1759 4961 in
1784 4923 1862 4961 me
1891 4925 2002 4963 ma-

406 5017 512 5072 net,
573 5007 682 5075 ipse
721 5005 846 5075 facit
893 5004 1002 5056 haec
1053 5016 1230 5072 opera.
1288 4999 1520 5055 Sanctus
1575 5001 1898 5057 Ambrosius
1945 5003 1998 5059 in

406 5099 502 5154 lib.
533 5112 591 5167 ιιι
623 5096 692 5151 de
724 5094 877 5161 Fide,
902 5107 1023 5163 cap.
1050 5091 1106 5155 2,
1153 5106 1270 5162 pag.
1324 5092 1432 5146 515
1462 5109 1474 5145 :
1508 5090 1666 5146 Pater
1691 5104 1881 5156 autem,
1912 5096 2000 5162 qui

403 5191 457 5244 in
483 5205 564 5243 me
593 5197 783 5252 manet,
807 5187 916 5258 ipse
945 5185 1071 5256 facit
1095 5200 1272 5256 opera,
1302 5193 1347 5238 et
1372 5200 1528 5254 opera
1575 5202 1690 5255 qua:
1716 5203 1808 5258 ego
1837 5187 1993 5256 facio,

401 5285 512 5356 ipse
541 5281 685 5352 facit.
714 5281 846 5336 Item
891 5279 943 5333 in
994 5278 1087 5333 lib.
1118 5294 1203 5345 ιν,
1246 5293 1367 5349 cap.
1400 5276 1434 5332 6
1456 5321 1471 5346 ,
1497 5294 1618 5351 pag.
1653 5280 1760 5338 555
1793 5299 1806 5334 :
1837 5279 1996 5336 Pater

403 5394 544 5432 meus
565 5417 581 5442 ,
611 5376 698 5445 qui
724 5375 776 5428 in
807 5389 888 5428 me
910 5381 1081 5426 manet
1106 5413 1120 5437 ,
1151 5373 1260 5442 ipse
1303 5371 1546 5442 loquitur,
1602 5382 1650 5427 et
1679 5391 1833 5446 opera
1878 5390 1993 5444 qua:

396 5487 492 5542 ego
518 5471 687 5543 facio,
708 5469 817 5540 ipse
838 5468 982 5537 facit,
1005 5476 1059 5521 et
1083 5467 1156 5520 ita
1187 5466 1238 5520 in
1273 5467 1362 5522 lib.
1395 5482 1448 5534 v,
1481 5481 1602 5538 pag.
1638 5467 1765 5531 575,
1791 5467 1995 5523 omisso

400 5574 602 5629 tamen,
635 5578 796 5616 meus.
833 5560 986 5615 Paria
1026 5559 1188 5614 habet
1213 5560 1265 5615 iu
1292 5559 1384 5614 lib.
1419 5559 1488 5615 de
1520 5559 1734 5615 lncarn.
1771 5560 1986 5619 Domin.

389 5659 788 5748 Ι8τιιητιιιμρίιρ.
814 5653 1202 5740 8,,,ιιοςη722πι
1257 5704 1260 5706 ν

415 5724 632 5836 .‘mloap.
659 5725 796 5830 cap.‘
814 5767 925 5828 ξιν,
1082 5723 1398 5824 Υεξξρηιειι.
1421 5745 1554 5836 είὺξ
1585 5725 1663 5830 me
1691 5731 1822 5807 nihil
1846 5721 1991 5842 liabet

2109 4632 2420 4704 Cantabrig.
2453 4647 2582 4689 vero
2608 4632 2950 4689 Graeco-Lat.
2994 4641 3051 4689 et
3086 4632 3320 4689 Leicest.
3349 4646 3404 4690 et
3432 4635 3606 4690 Paris.
3645 4635 3703 4702 6,

2105 4734 2162 4782 et
2199 4727 2290 4782 alii
2320 4725 2491 4782 Codd.
2529 4735 2668 4783 teste
2701 4727 2921 4784 Victore
2969 4726 3307 4783 Antius-bene
3330 4770 3345 4794 ,
3377 4729 3501 4782 vidit
3541 4726 3704 4782 Jaco-

2104 4821 2221 4876 bum
2247 4821 2418 4893 ﬁlium
2458 4820 2682 4891 Alphrei.
2723 4821 2870 4876 Brix.
2902 4820 3026 4878 Gat.
3050 4829 3106 4876 et
3132 4819 3261 4875 Mm.
3285 4819 3447 4875 Levin
3471 4820 3699 4892 Alphwi.

2103 4915 2254 4987 Orig.
2302 4916 2398 4970 lib.
2451 4930 2490 4982 ι,
2521 4925 2708 4970 contra
2762 4914 2978 4971 Celsum
3010 4923 3191 4986 negat,
3220 4915 3364 4970 bunc
3390 4913 3550 4970 Levia
3577 4931 3702 4972 esse

2102 5009 2442 5079 Apostolum.
2502 5005 2611 5062 Alii
2660 5007 2889 5078 legunt,
2935 5008 3062 5063 vidit
3110 5007 3418 5063 Matthcum
3461 5010 3700 5080 publica-

2103 5117 2261 5166 num;
2315 5116 2412 5172 pro
2477 5114 2543 5154 eo
2612 5100 2753 5170 quod
2818 5101 2870 5156 in
2920 5099 3184 5172 Vulgata,
3240 5110 3297 5155 et
3338 5100 3392 5155 in
3425 5101 3699 5172 plerisque

2099 5195 2414 5259 Codicibus.
2449 5207 2556 5252 tam
2583 5211 2718 5252 mss.
2748 5211 2909 5269 quam
2937 5197 3219 5269 impressis
3247 5195 3456 5253 Graecis
3478 5197 3692 5269 legitur.

2097 5287 2222 5342 Levi
2280 5289 2630 5358 publicanum.
2688 5287 2918 5343 Fallitur
2961 5303 3082 5344 cum
3130 5287 3281 5359 Orig.
3313 5287 3567 5355 Grotius,
3601 5291 3695 5360 qui

2098 5393 2251 5455 putat
2297 5382 2421 5438 Levi
2447 5384 2675 5438 fortasse
2698 5382 2872 5453 ipsum
2899 5381 3067 5437 fuisse
3095 5381 3397 5453 mancipem
3427 5383 3696 5451 portorio-

2095 5492 2217 5533 rum
2239 5493 2253 5542 ;
2279 5473 2590 5530 Mattharum
2614 5490 2743 5530 vero
2770 5474 2914 5530 illius
2943 5474 3200 5530 vicarium
3231 5493 3246 5530 :
3278 5482 3334 5529 et
3357 5476 3690 5545 convivium,

2093 5568 2162 5626 de
2189 5584 2296 5638 quo
2323 5569 2381 5624 S.
2414 5567 2720 5633 Mattbaeus,
2765 5581 2874 5623 non
2920 5566 2975 5621 in
3027 5564 3262 5622 Matthaei
3289 5564 3475 5634 domo,
3509 5567 3604 5622 sed
3633 5571 3692 5622 in

2091 5663 2221 5746 Levi
2247 5660 2775 5754 [piss‘e‘instrp'c‘tutm

2165 5755 2245 5812 Ma
2253 5735 2347 5842 ίςς,
2735 5733 2754 5809 .’
2765 5752 2835 5840 ιι
2849 5739 2853 5748 ’
2869 5727 3190 5838 ,Verccllen';
3408 5735 3690 5854 ibcﬁiédic't‘ir
