3968 6332
475 334 540 394 91
1841 327 2391 389 PROLEGOMENA.

3683 334 3795 406 [92

472 451 577 509 nisi
606 448 802 517 Filius,
831 459 879 506 et
924 466 1182 522 que.......
1212 449 1282 504 ait
1312 444 1567 507 Fili......
1613 450 1714 506 nisi
1762 446 1941 519 Pater,
1971 461 2079 507 etc.
2109 461 2161 521 Α
2187 454 2431 524 quoniam
2453 463 2863 537 consummatum
2906 462 3018 508 erat
3061 452 3237 521 vinum
3272 454 3597 526 nuptiarum;
3626 463 3685 513 et
3716 455 3791 517 ita

477 542 714 600 Sanctus
770 543 1007 613 Irentcus
1035 542 1086 619 in
1111 540 1206 598 lib.
1255 558 1296 607 ιι
1343 552 1535 605 contra
1579 542 1829 600 Haereses
1860 553 1993 600 tom.
2038 559 2079 613 ι,

477 649 604 707 pag.
640 634 767 702 122,
810 626 955 693 nemo
982 633 1244 711 cognoscit
1275 632 1517 703 Patrem,
1566 634 1666 691 nisi
1696 634 1894 702 Filius,
1921 653 2082 706 neque

478 724 702 797 Filium,
725 727 847 796 nisi,
872 726 1054 794 Pater,
1076 736 1183 783 etc.
1278 716 1283 721 ’

551 820 737 877 Matth.
768 836 889 891 cap.
922 836 1002 889 ιιι,
1056 820 1111 879 9.
1142 821 1475 893 Vercellen.,
1506 832 1558 878 et
1581 822 1739 879 nolite
1758 825 2077 881 existimare.

482 912 755 970 Veronen.
787 922 843 969 et
874 914 1112 970 Brixian.
1165 922 1215 969 et
1260 915 1419 971 nolite
1457 920 1701 989 praeferre
1741 933 1849 973 vos.
1896 918 2081 975 Codex

480 1024 697 1083 quoque
726 1008 1220 1082 regio-Gallicanos
1253 1010 1311 1068 S.
1344 1009 1535 1067 Hilarii
1567 1012 1723 1069 tract.
1772 1012 1825 1069 in
1876 1013 2078 1070 Psalm.

479 1119 609 1170 ων,
640 1104 842 1183 relatus
870 1104 937 1160 ab
963 1104 1261 1163 editoribus
1286 1104 1345 1163 S.
1372 1105 1542 1163 Mauri
1568 1118 1698 1164 tom.
1732 1123 1771 1177 ι,
1800 1123 1923 1182 pag.
1951 1108 2079 1176 201,

480 1184 669 1283 habet,
705 1197 974 1267 praeferre,
1006 1206 1112 1254 etc.

555 1287 747 1344 Matth.
773 1304 893 1361 cap.
920 1306 975 1357 ν,
1008 1290 1102 1347 11.
1133 1289 1468 1360 Vercellen.,
1503 1309 1622 1348 cum
1644 1310 1732 1349 vos
1752 1294 2080 1364 maledicent,

483 1392 533 1439 et
562 1392 955 1455 persequentur,
988 1395 1034 1439 et
1060 1385 1232 1441 dicent
1272 1402 1639 1444 omne.........
1673 1390 1951 1461 justitiam.
1977 1389 2085 1447 Ve-

2184 545 2243 602 S.
2273 545 2612 631 Gaudentius
2632 536 2692 601 in
2721 536 2974 603 Sermon.
2998 562 3114 609 vni,
3146 562 3203 621 p.
3228 544 3307 603 88
3362 555 3417 633 et.
3446 562 3501 622 p.
3528 544 3623 615 97,
3654 564 3794 627 con-

2183 639 2302 695 sule
2328 639 2411 697 Cl.
2442 636 2694 696 Galeardi
2727 638 3054 697 Editionem.
3090 638 3367 695 Veronen.
3395 649 3443 717 et
3470 641 3649 696 vinum
3688 658 3795 697 non

2185 732 2457 798 habebant,
2488 734 2731 803 quoniam
2761 734 2967 805 [initum
2983 742 3091 799 erat
3114 734 3291 790 vinum
3310 733 3628 806 nuptiarum.
3657 735 3795 792 Cor-

2182 822 2363 883 beien.
2396 867 2413 894 ,
2456 836 2502 882 et
2533 827 2708 881 vinum
2739 844 2841 882 non
2871 825 3121 882 habebant
3147 868 3162 893 ,
3192 828 3437 897 quoniam
3466 844 3796 901 consumma-

2184 927 2294 974 tum
2322 928 2395 974 est
2418 919 2594 975 vinum
2617 919 2945 992 nuptiarum.
3106 950 3119 959 α
3292 988 3295 995 <

2255 1011 2449 1068 Joann.
2483 1028 2603 1083 cap.
2633 1029 2714 1080 ιιι,
2756 1012 2845 1070 56.
2880 1012 3187 1070 Vercellcn.
3217 1012 3306 1084 qui
3332 1012 3386 1068 in
3406 1013 3544 1069 dicto
3575 1012 3797 1093 inobau-

2183 1105 2328 1161 dicas
2359 1116 2430 1162 est
2458 1105 2630 1172 Filio,
2657 1106 2717 1163 S.
2749 1100 3055 1180 Cyprianus
3082 1105 3136 1160 in
3184 1104 3277 1161 lib.
3304 1122 3341 1162 ιι
3388 1098 3655 1183 adversus
3698 1105 3796 1183 Ju-

2184 1197 2333 1253 dzeos
2357 1212 2478 1271 cap.
2505 1197 2575 1253 27
2596 1240 2610 1265 ,
2644 1213 2764 1271 pag.
2799 1192 2899 1253 561
2930 1239 2946 1264 ,
2975 1197 3064 1269 qui
3090 1196 3227 1252 dicto
3263 1213 3367 1252 non
3392 1180 3609 1277 audiens
3632 1180 3711 1273 est
3738 1188 3793 1255 in

2187 1289 2407 1346 Filium.
2438 1291 2665 1365 Quidam
2697 1307 2801 1347 ms.
2834 1290 2955 1347 cod.
2988 1290 3239 1363 ejusdem
3266 1293 3451 1363 operis
3567 1291 3798 1369 Cypria-

2274 1385 2325 1439 in
2365 1384 2484 1441 loco
2514 1385 2684 1440 citato
2710 1382 2896 1454 habet,
2919 1385 3008 1456 qui
3035 1385 3091 1455 in
3119 1383 3258 1443 dicto
3286 1385 3580 1441 inobediens
3605 1396 3681 1449 est
3702 1385 3799 1441 Fi-

484 1494 630 1567 lron.,
664 1496 783 1533 cum
818 1495 906 1534 vos
948 1479 1259 1536 maledi.....
1290 1492 1616 1552 quent.......
1648 1494 1762 1538 cent
1792 1500 1942 1539 omne
1967 1501 2086 1539 nta-
2187 1476 2278 1555 ιιο.
2323 1475 2592 1559 Veroncn.
2628 1476 2919 1533 Corbeien.
2965 1485 3020 1532 et
3059 1475 3301 1532 Brixian.
3344 1479 3431 1549 qui
3474 1487 3646 1533 autem
3693 1495 3801 1532 non

488 1556 595 1626 lum
626 1571 893 1626 adversum
922 1588 1011 1628 vos
1048 1583 1256 1647 propter
1272 1575 1555 1649 justitiam.
1588 1573 2081 1646 San-Germanen.,
2187 1570 2351 1655 gredi!
2380 1556 2540 1625 Filio.
2563 1570 2620 1627 S.
2646 1569 2980 1642 Augustinus
3006 1570 3059 1626 in
3085 1569 3369 1626 Encbirid.
3393 1570 3463 1628 de
3480 1569 3636 1638 Fide,
3662 1571 3799 1655 Spe.

496 1665 821 1740 maledicent,
869 1675 917 1720 et
944 1678 1332 1739 persequentur,
1386 1678 1431 1723 et
1479 1670 1650 1725 dicent
1701 1687 1849 1726 omne
1896 1672 2088 1726 malum
2188 1650 2247 1737 et
2271 1661 2571 1732 Cbaritale,
2608 1674 2739 1719 tom.
2770 1680 2843 1733 vr,
2877 1679 3000 1738 pag.
3025 1661 3156 1733 209,
3184 1664 3273 1735 qui
3299 1672 3469 1723 autem
3509 1682 3614 1721 non
3639 1650 3803 1722 credit

490 1756 759 1812 adversum
789 1774 877 1825 ros
902 1769 1109 1831 propter
1147 1762 1409 1831 justitiam
1431 1804 1445 1830 ,
1474 1771 1530 1820 et
1576 1763 1649 1818 ita
1680 1762 1739 1819 S.
1769 1765 2087 1821 Ambrosius
2190 1757 2247 1813 ίη
2288 1755 2509 1813 Filium.
3550 1749 3555 1753 ’

490 1844 547 1909 in
591 1850 684 1905 lib.
720 1850 833 1907 Ide
862 1851 1019 1909 Ollic.
1062 1852 1297 1911 Ministr.
1349 1871 1471 1927 cap.
1526 1856 1616 1925 16,
1669 1872 1792 1931 pag.
1834 1859 1922 1923 17,
1955 1859 2085 1915 etin

2264 1851 2423 1908 Joan.
2449 1866 2572 1923 cap.
2605 1867 2681 1919 VI,
2712 1850 2803 1909 58.
2837 1850 3143 1919 Vercellen.
3293 1852 3380 1931 qui
3403 1869 3485 1909 me
3507 1853 3669 1922 misit,
3698 1846 3807 1931 Pa-

490 1944 585 2000 lib.
618 1960 677 2012 ιι,
702 1960 822 2017 cap.
860 1946 916 2012 5,
965 1962 1087 2018 pag.
1134 1948 1221 2004 75.
1262 1947 1499 2017 Hilarius
1541 1965 1758 2022 quoque
1799 1950 2081 2020 diaconus,

2218 1944 2305 2001 ris.
2344 1945 2612 2001 Veronen.
2638 1986 2652 2011 ,
2686 1942 2796 2001 Nec
2820 1947 2955 2001 enim
2976 1945 3219 2001 descendi
3239 1946 3301 2000 de
3330 1948 3487 2021 caelo,
3521 1954 3578 2003 ut
3608 1947 3808 2018 faciam

493 2038 596 2123 sub
650 2037 922 2115 Atttbrosii
965 2040 1188 2097 nomine
1233 2042 1518 2113 vulgatus,
1572 2042 1627 2098 in
1683 2052 1977 2099 comment.
2034 2044 2087 2099 in
2191 2040 2505 2125 voluntatem
2536 2022 2724 2107 meant,
2756 2040 2847 2095 sed
2876 2041 3188 2096 voluntatem
3216 2038 3430 2111 Patris,
3467 2030 3558 2112 qui
3597 2055 3681 2093 me
3708 2041 3809 2107 sui.

490 2116 654 2211 epiSI.
679 2132 737 2190 8.
772 2133 922 2191 Pauli
954 2133 1024 2193 ad
1056 2134 1213 2191 Hom.
1248 2150 1369 2205 pag.
1401 2135 1493 2204 52,
1526 2152 1646 2191 cum
1669 2151 1758 2191 vos
1786 2153 2092 2211 persequen-
2192 2122 2280 2189 sit.
2336 2116 2744 2191 Ambrosiastcr
2790 2132 2845 2189 in
2892 2133 3052 2205 epist.
3107 2131 3174 2188 ad
3226 2133 3456 2211 Roman.
3522 2146 3647 2203 cap.
3702 2122 3805 2200 11,

495 2235 599 2311 tur,
627 2238 676 2284 et
702 2228 873 2311 dicent
922 2245 1070 2284 omne
1113 2229 1308 2285 malum
1333 2229 1605 2291 adversum
1629 2246 1717 2287 vos
1740 2243 1952 2305 propter
1970 2235 2092 2305 jus-

493 2304 684 2376 titiam.
712 2304 844 2377 Iiem
876 2321 1143 2385 Brixian..
1175 2333 1559 2396 persequentur.

568 2412 755 2485 Matth.
787 2427 909 2485 cap.
937 2429 992 2482 Χ,
1027 2413 1113 2471 10.
1145 2413 1452 2491 νθιρθιιθιι.
1486 2432 1650 2488 neque
1693 2416 1890 2489 virgas;
1922 2427 1977 2473 et
2021 2417 2092 2472 ita

496 2496 683 2583 legunt
707 2505 895 2578 Steph.
927 2506 1090 2564 codd.
1118 2509 1203 2564 10.
1237 2508 1391 2565 Bodl.
1434 2508 1490 2579 4,
1538 2508 1727 2565 Vesul.
1761 2512 1815 2578 1,
1844 2510 2012 2566 ﬁunt.
2040 2512 2094 2577 1,

501 2584 690 2653 Usser.
717 2599 775 2667 2,
807 2599 978 2655 Laud.
1002 2586 1059 2667 2,
1083 2601 1280 2673 aliique
1306 2602 1689 2673 quamplurimi
1715 2603 2095 2667 vetustissimi,

499 2688 568 2775 de
598 2693 791 2764 quibus
824 2693 931 2751 late
957 2684 1177 2768 Miltius.
1219 2693 1357 2751 Huic
1385 2696 1601 2753 lcetioni
1628 2697 1899 2754 consentit
1929 2697 2093 2753 etiam

502 2785 675 2841 Lucas
704 2801 824 2857 cap.
851 2803 926 2856 ιιι,
959 2788 1012 2853 5.

569 2879 757 2957 Matth.
787 2896 908 2954 cap.
939 2897 1000 2949 χ,
1034 2876 1126 2937 42.
1170 2881 1503 2951 Vercellen.,
1537 2882 1720 2957 peribit
1745 2898 1935 2939 merces
1962 2882 2095 2955 ejus.

502 2961 717 3031 Veron:
737 2976 921 3049 peribit
950 2993 1141 3033 merces
1192 2993 1309 3031 sua.
1340 2976 1575 3049 Vulgata
1615 2977 1802 3034 Italica
1841 2976 1995 3032 initio
2026 2977 2104 3032 le-

500 3068 682 3139 gebat,
709 3069 893 3139 peribit
919 3085 1111 3129 merces
1138 3078 1305 3124 vestra
1324 3111 1339 3137 ,
1370 3069 1543 3140 inquit
1570 3070 1772 3129 Millius
1801 3070 1852 3124 in
1885 3068 2100 3139 Prolcg.

504 3174 626 3230 pag.
669 3160 761 3227 42,
810 3177 931 3216 cum
962 3163 1023 3220 S.
1064 3158 1358 3245 Cypriano.
1409 3162 1681 3235 Hodierna
1706 3162 1906 3236 .lectio,
1937 3160 2104 3218 Marci

504 3266 627 3307 esse
654 3252 888 3337 videtur,
922 3253 1028 3310 huc
1052 3255 1167 3343 jam
1198 3256 1328 3331 olim
1374 3255 1659 3337 translata.

576 3332 764 3400 Matth.
812 3362 931 3418 cap.
977 3332 1092 3416 χιιι,
1148 3332 1233 3406 15.
1268 3332 1578 3409 Vercellen.
1608 3358 1664 3404 ut
1720 3349 1945 3405 videntes
1999 3366 2104 3404 non

502 3430 726 3506 videant,
753 3449 799 3525 et
830 3440 1096 3521 audientes
1124 3458 1225 3497 non
1253 3442 1494 3498 audiant.
1520 3442 1722 3499 Veron.
1745 3448 1801 3496 et
1826 3439 2103 3507 San-Gcr-

506 3546 723 3588 maneu.
756 3518 809 3587 ut
849 3518 1074 3589 videntes
1104 3552 1204 3589 non
1235 3526 1463 3603 videant,
1494 3546 1541 3590 et
1571 3535 1839 3591 audientes
1866 3525 2104 3601 audiant,

502 3633 550 3676 et
582 3638 685 3679 non
715 3626 1027 3699 intelligant.
1055 3626 1370 3695 Corbeien.,
1402 3637 1459 3683 ut
1488 3627 1714 3684 videntes
1745 3645 1849 3697 non
1878 3627 2103 3694 rideant,

505 3723 556 3769 et
577 3714 836 3772 audientes
859 3736 959 3785 non
980 3720 1218 3783 audiant,
1243 3737 1403 3793 neque
1421 3718 1733 3791 intelligant.
1760 3720 1818 3774 S.
1846 3718 2100 3785 lrcnmus,

506 3817 562 3889 ut
593 3809 817 3866 uidentes
842 3830 945 3869 non
971 3798 1175 3869 uideant
1196 3856 1211 3881 ,
1243 3824 1288 3873 et
1318 3814 1583 3870 audientes
1622 3802 1727 3869 non
1755 3808 1993 3881 audiant,
2024 3813 2108 3868 in-

508 3904 792 3984 telligentes
818 3924 917 3962 non
941 3908 1257 3982 intelligant.

600 4001 791 4081 Matth.
847 4020 966 4078 cap.
997 4022 1128 4072 1m,
1156 4005 1253 4062 22.
1319 4004 1630 4063 Vercellen.
1679 4007 1936 4081 propitius
1975 4006 2106 4074 tibi,

513 4076 754 4179 potuine,
787 4112 889 4151 non
920 4097 1012 4151 erit
1063 4097 1251 4164 istud.,
1282 4107 1337 4178 et
1367 4099 1437 4151 ita
1465 4097 1524 4153 S.
1557 4098 1793 4155 Hilarius
1824 4099 1875 4152 in
1911 4099 2006 4153 lib.
2055 4114 2108 4155 vt

514 4184 583 4261 de
606 4185 889 4267 Trinitate.
918 4200 1052 4247 tom.
1075 4206 1134 4259 ιι,
1165 4206 1285 4261 pag.
1312 4190 1437 4246 162.
1463 4191 1664 4265 Veron.
1686 4192 1816 4247 absit
1838 4208 1870 4247 a
1896 4200 1963 4257 te,
1989 4208 2110 4263 pro-

517 4279 676 4350 pitius
696 4291 834 4345 esto,
861 4266 1113 4350 Domine,
1140 4272 1241 4337 non
1269 4284 1363 4337 erit
1393 4283 1539 4337 istut.
1583 4282 1822 4340 Brixian.
1857 4284 2113 4357 prapitius

516 4380 622 4453 esto
652 4372 740 4426 tibi
763 4414 778 4440 ,
821 4370 1063 4440 Domine,
1082 4380 1214 4443 etc,
1259 4384 1313 4440 et
1336 4376 1404 4429 ita
1440 4376 1496 4431 S.
1530 4374 1804 4453 Hilarius,
1832 4375 1955 4439 loco
1992 4378 2110 4431 lau-

517 4450 675 4551 dato,
724 4465 777 4520 in
803 4466 1034 4539 quodam
1057 4467 1242 4551 codice
1268 4467 1527 4553 Vaticano
1555 4485 1569 4534 ;
1612 4450 1846 4545 itemque
1871 4469 1923 4525 in
1951 4469 2109 4529 Com-

518 4573 687 4643 ptent.
723 4563 774 4621 in
800 4566 941 4623 hunc
972 4564 1204 4620 Matthmi
1233 4565 1432 4649 locum.

2197 2240 2320 2296 pag.
2357 2210 2462 2281 104
2492 2244 2505 2280 :
2547 2225 2669 2280 Non
2697 2226 2832 2281 enim
2864 2227 3107 2282 descendi
3135 2225 3202 2281 de
3230 2227 3378 2293 cwlo,
3407 2235 3463 2281 ut
3488 2212 3681 2298 faciam
3716 2243 3809 2282 vo-

2198 2320 2447 2375 luntatem
2490 2336 2655 2375 nteam
2680 2361 2696 2389 ,
2739 2320 2830 2376 sed
2870 2321 3183 2377 voluntatem
3228 2324 3341 2396 ejus
3371 2362 3388 2392 ,
3438 2322 3527 2396 qui
3556 2323 3699 2378 misit
3728 2339 3811 2378 me

2201 2410 2404 2468 Patris.

2271 2508 2429 2567 Joan.
2457 2522 2577 2578 cap.
2607 2522 2703 2573 xu,
2733 2504 2823 2564 55.
2885 2504 3291 2579 Vercellensis,
3335 2502 3669 2564 Veronensis
3692 2548 3711 2575 ,
3754 2517 3812 2575 et

2202 2601 2573 2670 Corbeiensis,
2604 2601 2794 2657 Adhuc
2820 2594 3078 2658 modicum
3099 2610 3318 2674 tempus.
3351 2599 3593 2659 Brixian.
3621 2599 3809 2683 Adhuc

2198 2697 2456 2761 modicum
2471 2693 3173 2769 temporis.TextpsGrtecus
3185 2693 3560 2767 quoqueaddit
3580 2692 3805 2779 χρόνῳ.

2202 2790 2362 2861 idest
2391 2800 2628 2858 tempus;
2663 2804 2783 2861 qum
2810 2803 2913 2845 vox
2943 2788 2996 2845 in
3025 2787 3250 2859 Vulgata
3273 2786 3496 2859 aliisque
3523 2787 3810 2844 codicibus

2207 2866 2482 2944 nonnullis
2511 2882 2873 2939 desideratur.

2275 2964 2433 3034 Joan.
2466 2991 2587 3047 cap.
2612 2992 2725 3044 XIV,
2757 2976 2811 3030 7.
2846 2973 3178 3040 Vercellen.,
3209 2971 3273 3030 Si
3299 2988 3381 3029 me
3407 2968 3738 3045 cognouistis,
3768 2980 3816 3047 et

2206 3068 2418 3135 Patrem
2438 3084 2604 3125 meum
2633 3068 2963 3142 cognovistis.
2999 3060 3199 3122 Veron.
3225 3075 3280 3122 et
3304 3052 3593 3121 Corbeien.
3619 3056 3668 3120 si
3694 3081 3816 3136 c09-
3920 3140 3921 3143 η

2209 3161 2421 3218 novistis
2445 3177 2524 3215 me
2541 3202 2557 3226 ,
2585 3170 2634 3217 et
2661 3158 2876 3243 Patrem
2901 3173 3068 3214 meum
3096 3156 3426 3231 cognovistis.
3467 3155 3525 3213 8.
3559 3156 3817 3228 Augusti-

2132 3265 2178 3329 C
2211 3274 2312 3317 nus
2335 3258 2386 3314 in
2411 3256 2568 3313 Joan.
2602 3240 2860 3329 Evangel.
2888 3270 3008 3327 cap.
3037 3255 3128 3320 14,
3161 3253 3345 3310 Tracl.
3375 3251 3469 3321 7|,
3489 3240 3651 3321 et72,
3678 3259 3812 3327 tom.

2212 3367 2269 3407 ιιι
2297 3393 2311 3418 ,
2339 3366 2455 3422 par.
2482 3349 2518 3409 2
2540 3390 2556 3415 ,
2593 3366 2713 3422 pag.
2737 3350 2844 3406 685
2867 3391 2883 3416 ,
2917 3348 2960 3404 si
2989 3347 3302 3429 cognovistis
3332 3360 3413 3400 me
3440 3384 3457 3410 ,
3501 3352 3550 3421 et
3599 3330 3818 3415 Patrem

2211 3463 2377 3503 meum
2405 3447 2578 3518 utique
2606 3445 2933 3517 cognovistis.
2967 3443 3178 3527 Erasm.
3221 3450 3276 3497 et
3306 3440 3448 3497 Gall.
3491 3436 3624 3503 mss.
3659 3440 3821 3507 item—

2212 3530 2315 3621 (ιιιθ
2361 3544 2420 3602 8.
2450 3544 2691 3623 irenaeus
2738 3543 2789 3598 in
2828 3542 2925 3596 lib.
2957 3556 3008 3597 tv
3034 3582 3049 3607 ,
3079 3546 3271 3601 contra
3304 3537 3547 3594 btereses
3573 3534 3816 3621 habent,

2209 3639 2255 3694 si
2274 3638 2584 3713 eognovistis
2610 3654 2711 3699 me.
2746 3636 2815 3695 Et
2836 3636 2912 3713 ita
2937 3635 2994 3693 8.
3031 3634 3269 3697 Hilarius
3296 3633 3350 3691 in
3377 3632 3474 3715 lib.
3517 3646 3591 3691 νιι
3613 3628 3821 3718 item-

2212 3733 2400 3798 nitate,
2434 3739 2566 3786 tom.
2601 3746 2659 3796 ιι,
2693 3745 2814 3802 pag.
2845 3728 2973 3787 202.

2214 3804 2219 3811 ’
2282 3825 2443 3883 Joan.
2472 3839 2594 3893 cap.
2629 3838 2721 3878 xw
2742 3862 2758 3890 ,
2792 3823 2879 3879 10.
2936 3819 3271 3895 Vercellen.,
3298 3816 3574 3893 Veronen.
3607 3824 3666 3873 et
3693 3812 3816 3872 Bri-

2188 3920 2361 3981 xian.
2386 3960 2400 3984 ,
2435 3934 2537 3974 non
2572 3915 2784 3973 credis?
2818 3923 2874 3971 et
2904 3915 2976 3977 ita
3005 3912 3066 3970 S.
3098 3911 3337 3993 Hilarius
3378 3910 3436 3968 in
3491 3908 3589 3966 lib.
3641 3924 3720 3975 vn
3754 3908 3822 3964 de

2210 4012 2498 4089 Trinitate,
2530 4019 2662 4067 tom.
2690 4024 2751 4076 ιι,
2781 4023 2900 4079 pag.
2933 3994 3066 4073 202,
3092 4015 3147 4067 et
3176 4004 3395 4079 quidam
3422 4017 3554 4077 mss.
3578 4002 3730 4079 cod.,
3754 4002 3817 4063 8.

2212 4107 2467 4163 Ambros.
2510 4105 2564 4161 in
2616 4104 2716 4160 lib.
2757 4120 2777 4159 ι
2820 4100 3067 4174 Exposit.
3108 4099 3367 4171 Evangel.
3416 4112 3527 4155 sec.
3576 4097 3711 4155 Luc.
3757 4112 3816 4177 p.

2217 4200 2356 4256 1267
2384 4242 2397 4255 .
2426 4199 2483 4257 8.
2514 4197 2849 4269 Augustinus
2906 4209 3035 4253 vero
3076 4194 3131 4249 in
3160 4192 3414 4251 Scrnton.
3458 4189 3527 4246 ad
3554 4188 3823 4247 Catechu-

2217 4308 2427 4360 menos,
2456 4303 2586 4347 tom.
2616 4306 2688 4357 Iv,
2724 4305 2848 4361 pag.
2875 4287 3003 4354 559,
3027 4302 3202 4341 annon
3222 4284 3457 4355 agnascis
3484 4282 3512 4338 2’
3548 4296 3557 4303 ‘

2286 4385 2442 4442 Joan.
2477 4400 2597 4455 cap.
2628 4399 2742 4451 xvr,
2771 4382 2857 4437 14.
2905 4372 3215 4436 Vercellen.
3247 4375 3633 4447 honori/ienuit;
3660 4383 3718 4431 et
3749 4372 3821 4429 ita

2216 4480 2275 4538 8.
2313 4480 2548 4557 Hilarius
2569 4479 2622 4533 in
2647 4478 2741 4534 lib.
2798 4492 2857 4555 ιιι
2897 4474 2967 4531 de
2987 4472 3248 4531 'l‘rinitate
3274 4511 3293 4540 ,
3339 4484 3469 4527 tom.
3498 4486 3577 4536 ιι,
3617 4485 3674 4553 p.
3706 4460 3777 4525 47
3805 4508 3821 4535 ,

2220 4568 2483 4640 Brixian.,
2516 4571 2789 4642 clariﬁcat.
3782 4572 3791 4579 ‘

594 4656 782 4731 Matth.
817 4673 937 4735 cap.
970 4675 1114 4727 xvu,
1140 4658 1231 4733 20.
1272 4659 1573 4718 Vercellen.
1597 4699 1613 4725 ,
1649 4674 1806 4737 genus
1835 4657 2112 4715 Dtentonii.
2143 4668 2198 4729 1)
2293 4665 2450 4723 toan.
2480 4680 2602 4732 cap.
2639 4680 2736 4732 xx,
2763 4661 2857 4717 22.
2892 4660 3114 4727 Veron.,
3150 4659 3285 4728 hoc,
3316 4668 3372 4715 et
3398 4658 3473 4714 ita
3502 4655 3562 4715 S.
3594 4656 3824 4714 Ambro-

524 4750 822 4819 Vcronen.,
853 4769 1013 4824 genus
1039 4751 1442 4809 Dtemoniorum.
1474 4750 1533 4807 8.
1563 4751 1880 4808 Ambrosius
1903 4767 2119 4823 quoque

518 4842 571 4896 in
600 4844 759 4913 epist.
791 4826 878 4900 42
907 4844 1070 4917 prim.
1099 4845 1285 4912 class.,
1306 4854 1447 4916 ‘pag.
1477 4842 1583 4900 969
1611 4885 1626 4911 ,
1656 4853 1712 4900 et
1738 4845 1789 4899 in
1816 4828 1978 4917 epist.
2010 4845 2114 4913 65,

520 4946 643 5019 pag.
676 4934 836 5021 1026,
863 4938 1034 5019 addit,
1061 4935 1466 4995 Darmoniorum.

594 5025 778 5101 Matth.
809 5046 930 5109 cap.
959 5048 1094 5109 sxy,
1122 5031 1214 5099 41.
1249 5031 1547 5086 Vcrcellcn.
1569 5070 1585 5098 ,
1615 5029 1755 5102 quod
1775 5032 1977 5103 paravit
2005 5030 2117 5086 Pa-

525 5126 602 5171 ter
628 5135 785 5209 meus.
845 5106 1053 5209 Veron.
1078 5134 1131 5193 et
1162 5120 1451 5195 Corhcien.
1478 5163 1494 5191 ,
1541 5139 1685 5195 quem
1731 5123 1931 5201 paravit
1962 5122 2123 5179 Pater

526 5229 686 5267 meus.
724 5208 781 5271 S.
810 5215 1046 5273 [renatus
1074 5208 1126 5272 in
1155 5218 1248 5274 lib.
1282 5233 1370 5284 ιιι,
1402 5227 1591 5272 contra
1634 5208 1871 5299 lttcrcses
1916 5227 2044 5270 lout.
2069 5232 2120 5283 ι,

528 5320 648 5395 pag.
680 5305 826 5375 221,
859 5320 913 5377 et
941 5311 993 5391 in
1027 5311 1121 5391 lib.
1155 5328 1209 5395 ty
1233 5353 1247 5376 ,
1276 5326 1398 5395 pag.
1427 5302 1537 5391 275
1561 5351 1575 5377 ,
1621 5294 1768 5381 quem
1817 5312 2126 5393 prwparavit

534 5394 690 5485 Pater
729 5418 891 5489 meus,
928 5413 984 5493 et
1024 5406 1094 5490 ita
1156 5392 1312 5481 lectio
1354 5392 1590 5493 antiqptc
1609 5404 1873 5471 versionis
1899 5405 2119 5473 Italicae,

526 5481 686 5575 quam
719 5481 890 5575 edidit
914 5481 996 5550 Cl.
1121 5498 1351 5567 domnus
1378 5481 1744 5566 hlttrt‘ianazus.

544 5572 551 5583 ’
600 5574 788 5644 Matth.
820 5572 941 5661 cap.
974 5582 1105 5659 xxv,
1136 5590 1231 5659 29,
1264 5576 1591 5666 Vercellen.,
1620 5586 1892 5665 Veronen.
1916 5602 1968 5659 et
1994 5590 2128 5650 Cor-

529 5678 741 5759 beien.,
786 5683 925 5773 quod
962 5684 1111 5773 habet
1135 5725 1151 5754 ,
1184 5689 1483 5757 auferetur,
1521 5698 1579 5755 et
1618 5689 1689 5767 ita
1717 5689 1777 5747 S.
1809 5674 2041 5773 Hilarius
2071 5688 2127 5745 in

526 5768 896 5871 gommeut’ar.
930 5768 981 5859 in
1010 5768 1320 5877 Mattlncum
1368 5771 1635 5871 pag,,97.u
1857 5844 1864 5859 ε

594 5840 671 5877 an
717 5840 897 5875 totum
922 5844 1001 5875 nat
1024 5844 1067 5873 ιιι
1124 5823 1350 5877 ἰυιιίιίὀ
1434 5864 1455 5876 ,ς
1488 5843 1539 5874 ιι
1564 5840 1749 5877 ,λιιιιιι
1791 5848 1823 5873 ικ
1862 5844 1883 5871 ις
1913 5844 1953 5877 ,ι

506 5840 602 5875 ,τιτι
644 5846 685 5873 ,ιλ
717 5844 731 5875 1
761 5840 897 5875 διἰαςτ
922 5844 1067 5875 n'at'ttt
1100 5840 1145 5877 ιπ
1199 5840 1317 5876 .2101
1368 5840 1389 5871 1
1434 5840 1539 5876 .‘hi't
1587 5840 1702 5875 antiit
1736 5842 1749 5874 l
1791 5848 1823 5873 εκ
1857 5844 1883 5871 tt
1913 5840 2081 5878 ,‘t'xl'.“t

605 5840 802 5929 103ml.
828 5891 947 5929 can.
969 5893 1030 5929 tl.
1055 5878 1111 5929 5.
1132 5840 1439 5929 Vercelien.
1462 5888 1511 5929 et
1532 5866 1706 5929 minus):
1728 5898 1831 5929 nan
1853 5880 2081 5929 habebas:

709 5823 897 5875 7ὶέτῶἰέ
922 5823 1319 5877 ἦτὲιθιἙἻξ¹¹¹ῗ⁹ιῗᾶἾ
1368 5823 1702 5876 ΪἽίιῒιῖἳκπιιι
1736 5842 1749 5874 ι
1791 5848 1823 5873 ικ
1857 5844 1883 5871 ις
1913 5836 2081 5878 ,‘t'x‘m-‘t

709 5891 802 5933 nn.
828 5891 947 5950 cap.
969 5893 1030 5947 ιι,
1055 5878 1111 5933 5.
1132 5823 1439 5936 Vercclien.
1462 5888 1511 5936 et
1532 5866 1706 5938 vinum
1727 5898 1831 5939 non
1853 5880 2126 5954 habebant,

2221 4761 2335 4817 sius
2360 4761 2411 4816 in
2444 4757 2704 4829 exposit.,
2733 4755 2937 4812 Psalm.
2966 4770 3157 4823 cxvm,
3190 4742 3313 4824 pag.
3334 4751 3495 4809 1092.

2294 4856 2451 4929 Joan.
2483 4869 2604 4923 cap.
2636 4868 2726 4919 xx,
2758 4850 2852 4906 25.
2884 4838 3197 4905 Vercellen.
3225 4889 3242 4917 ,
3269 4844 3314 4902 ii
3344 4847 3492 4921 cujus
3526 4844 3826 4931 remiseritis

2224 4958 2454 5023 peccata,
2480 4947 2694 5003 remissa
2716 4952 2863 4999 erunt
2885 4944 2986 5007 illi,
3015 4942 3059 4995 si
3086 4932 3233 5015 cujus
3256 4938 3519 4997 tenueritis
3538 4981 3553 5006 ,
3582 4939 3827 5025 tenebun-

2223 5051 2327 5097 tur.
2373 5039 2574 5095 Veron.
2613 5049 2658 5093 et
2683 5054 2901 5109 quorum
2924 5034 3244 5089 detinueritis
3269 5076 3285 5101 ,
3317 5034 3520 5088 detenta
3548 5042 3735 5119 erunt,
3774 5040 3825 5089 et

2222 5137 2294 5191 ita
2325 5134 2383 5191 S.
2419 5133 2733 5190 Ambrosius
2761 5132 2815 5186 in
2837 5130 2931 5189 lib.
2961 5129 3028 5185 de
3045 5118 3433 5211 Exhortatione
3454 5127 3673 5211 Virgin.
3699 5118 3819 5198 cap.

2225 5231 2281 5294 5,
2309 5238 2364 5301 et
2385 5229 2479 5285 lib.
2513 5243 2529 5295 ι
2557 5227 2626 5309 de
2678 5226 2874 5282 Prenit.
2907 5238 3027 5296 cap.
3058 5224 3125 5288 2,
3155 5238 3272 5309 pag.
3300 5220 3428 5291 591,
3462 5220 3585 5291 Gat.
3623 5261 3637 5275 .
3660 5260 3674 5275 .
3701 5260 3715 5273 .
3749 5235 3825 5274 re-

2228 5325 2496 5378 mittentur
2545 5321 2619 5375 eis
2645 5363 2659 5385 ,
2712 5327 2759 5375 et
2791 5334 3011 5393 quorum
3040 5310 3402 5393 detinueritis,
3453 5313 3656 5391 detenta
3686 5320 3820 5373 sunt.

2228 5416 2467 5473 Brixian.
2499 5416 2542 5469 si
2566 5414 2650 5468 cui
2691 5396 2984 5471 remiseritis
3010 5402 3217 5480 peccata
3241 5448 3256 5470 ,
3300 5392 3634 5485 remittuntur
3656 5407 3710 5485 ςιὶ
3735 5448 3751 5470 ,
3787 5403 3825 5485 si

2226 5509 2373 5578 cujus
2400 5506 2718 5565 detinueritis
2749 5545 2764 5569 ,
2793 5486 3172 5583 detinebuntur.
3210 5499 3268 5556 S.
3292 5496 3590 5587 Cypriapus
3608 5480 3672 5555 in
3704 5484 3824 5587 Epi-

2228 5602 2368 5657 stola
2399 5600 2470 5657 75
2498 5640 2512 5665 ,
2544 5615 2668 5681 pag.
2699 5594 2807 5681 202
2831 5640 2846 5681 ,
2876 5582 2921 5659 si
2942 5596 3090 5681 cuius
3285 5582 3606 5671 rentitlenlur
3630 5582 3717 5647 illi
3741 5634 3757 5663 ,
3784 5599 3824 5655 et

2228 5695 2274 5751 si
2298 5694 2447 5766 cujus
2475 5676 2756 5759 ten'ueritis,
2780 5676 3099 5765 tenebuntur.

2302 5775 2435 5845 Luc.
2459 5800 2582 5858 cap.
2607 5801 2645 5852 ι,
2678 5784 2769 5841 50.
2803 5781 3105 5839 Vercellen.
3134 5822 3150 5847 ,
3182 5780 3238 5834 in
3271 5776 3820 5927 swculoruggsgcg‘lq.

2302 5897 2459 5927 tmn--
2481 5881 2538 5927 in
2557 5878 2749 5927 uacula
2771 5876 3098 5927 seculorum.
3131 5871 3421 5927 Corbeien.
3451 5880 3510 5927 et
3585 5865 3782 5927 ﬁxiﬁi.
3802 5907 3820 5927 ι

2232 5842 2460 5952 veron.,
2557 5842 2749 5937 «ecula
2771 5876 3098 5934 seculorum.
3131 5842 3421 5931 Corbeien.
3451 5880 3510 5930 et
3530 5842 3822 5939 ’ᾖξ’ἆῖέιῗζί,
