3976 6338
111 341 191 401 95

1189 335 1530 395 EPISTULA
1569 335 1906 396 RUGGERII
1945 337 2428 400 NOVABIENSIS.

3399 343 3472 403 94

105 457 166 514 in
196 459 528 531 progeniem
557 467 608 514 et
638 458 963 530 progeniem,
993 455 1114 512 Gal.
1154 455 1210 511 in
1251 455 1490 528 progenie
1534 463 1582 509 et
1636 471 1754 524 pro-
1785 457 1839 522 Α
1864 459 2042 514 nasio.
2091 457 2222 514 Item
2271 457 2326 514 S.
2363 457 2597 517 [renatus
2640 459 2690 516 in
2740 459 2836 516 lib.
2867 475 2920 516 tv
2973 469 3162 516 contra
3219 457 3470 518 lltercscs

107 553 316 628 genios.
345 551 476 606 Duo
507 549 684 606 Biblia
709 551 823 606 Lat.
845 548 1050 626 regiam
1068 547 1366 606 Succorum
1400 559 1532 601 mss.
1563 547 1616 600 in
1643 563 1758 616 pro.

107 645 296 716 genies
319 655 374 698 et
399 645 706 716 progenies.

183 735 326 793 Luc.
362 752 500 808 cap.
533 753 598 800 ιι,
631 735 720 792 55.
769 733 1030 802 Vercell.,
1059 733 1358 798 Veronen.,
1382 730 1671 788 Corbeien.
1699 743 1755 788 ct

107 825 372 886 Brixian.
413 839 545 899 post
572 829 798 884 verbum
819 837 946 892 erat,
975 823 1172 880 habent
1195 823 1412 895 Ioseph,
1437 840 1554 896 pro,
1589 823 1753 880 Pater

105 925 252 996 ejus,
309 922 374 977 τὸ
403 919 622 993 Ioseph
651 921 868 989 irrepsit
897 933 968 974 ex
997 917 1238 990 margine
1257 959 1272 984 ,
1305 927 1361 972 ut
1387 916 1606 984 conjicit
1635 917 1750 971 Mil-

105 1016 223 1070 lius
256 1016 316 1070 in
339 1014 576 1084 Proleg.
615 1028 732 1084 pag.
760 1011 850 1068 44.

181 1105 326 1164 Luc.
353 1122 486 1180 cap.
513 1123 551 1166 ιι
579 1150 594 1174 ,
623 1107 715 1163 54.
769 1103 1075 1162 Vercellen.
1101 1145 1116 1170 ,
1146 1102 1518 1158 contradicitur
1539 1143 1554 1168 ,
1589 1111 1644 1158 et
1675 1102 1749 1158 ita

103 1201 338 1270 quidam
378 1181 532 1264 mss.
573 1200 790 1255 codices
835 1207 890 1254 et
913 1197 1182 1254 editiones
1226 1195 1290 1252 S.
1335 1196 1652 1268 Hieronymi
1695 1197 1748 1252 in

104 1295 292 1368 Epist.
335 1296 448 1352 120
475 1295 546 1352 ad
577 1295 881 1351 lledibiam.

177 1389 320 1446 Luc.
371 1405 506 1462 cap.
539 1404 636 1452 tv,
682 1391 732 1444 l.
799 1387 1016 1446 Vercel.
1041 1395 1095 1444 et
1121 1386 1326 1444 Veron.
1365 1383 1428 1439 ab
1453 1381 1741 1440 Iordanen.

101 1483 260 1539 Brix.
288 1481 358 1538 ab
379 1465 648 1550 Jordane,
681 1491 734 1536 et
757 1482 830 1538 ita
863 1481 922 1538 S.
949 1479 1204 1535 Ambros.
1235 1479 1288 1534 in
1319 1478 1414 1534 lib.
1455 1494 1472 1534 ι
1503 1477 1570 1533 de
1599 1477 1742 1548 Spir.

103 1565 304 1632 Sanct.
337 1591 472 1648 cap.
508 1575 564 1642 9,
601 1591 720 1646 pag.
755 1573 882 1629 618.

179 1667 318 1723 Luc.
351 1673 486 1738 cap.
519 1683 575 1734 ν,
605 1659 702 1722 20.~
731 1665 968 1730 Verce|.,
999 1665 1204 1720 Veron.
1237 1673 1294 1720 et
1320 1665 1486 1722 Corb.
1527 1667 1742 1722 remissa

107 1769 254 1813 sunt.
279 1747 440 1815 Brix.
474 1759 692 1814 dimissa
713 1767 862 1826 sunt,
892 1765 948 1814 et
987 1759 1060 1814 ita
1091 1758 1152 1814 S.
1179 1757 1371 1814 Ambr.
1427 1759 1524 1814 lib.
1557 1773 1620 1815 ιιι
1673 1761 1740 1816 de

110 1851 276 1918 Fide,
306 1867 436 1922 cap.
461 1839 521 1918 2,
555 1863 679 1922 pag.
713 1851 842 1906 499.

183 1947 322 2004 Luc.
347 1963 476 2018 cap.
507 1963 584 2014 Ix,
621 1945 712 2000 22.
745 1945 1080 2014 Vercellen.,
1108 1955 1156 2002 et
1185 1955 1300 2016 post
1323 1947 1528 2000 tertium
1561 1947 1692 2000 diem
1715 1999 1730 2018 ,

111 2047 168 2098 et
215 2043 294 2098 ita
341 2041 718 2114 Tertulliauus
765 2040 1028 2114 pag.;455
1055 2083 1070 2108 ,
1117 2039 1354 2107 Veron.,
1403 2051 1450 2095 et
1489 2051 1602 2112 post
1629 2041 1736 2097 dies

117 2145 248 2192 tres.

189 2232 364 2288 Marc.
398 2248 518 2304 cap.
551 2248 666 2298 vni,
699 2231 787 2288 58.
813 2229 1357 2296 Vercellcn.,Veron.
1383 2240 1435 2287 et
1457 2231 1730 2298 Brixiau.,

123 2327 406 2400 confundet
449 2343 602 2394 eum;
661 2337 716 2382 et
759 2327 830 2382 ita
916 2323 973 2384 S.
1029 2325 1352 2380 Ambrosius
1399 2325 1451 2379 in
1519 2324 1613 2380 lib.
1673 2341 1732 2381 ιιι

128 2419 198 2490 de
225 2417 386 2486 Fide,
410 2434 526 2490 cap.
561 2419 646 2486 l3,
679 2427 808 2474 tom.
841 2433 899 2484 ιι,
931 2433 1052 2489 pag.
1087 2417 1213 2482 516,
1237 2425 1290 2471 et
1319 2416 1374 2472 S.
1397 2416 1732 2490 Augustinus

133 2511 190 2568 in
221 2511 456 2584 Speculo
475 2511 541 2568 de
562 2513 865 2586 Evangelio,
897 2509 1194 2566 secundum
1221 2509 1480 2578 Marcum,
1504 2522 1632 2568 tom.
1651 2529 1727 2579 tn,

129 2619 280 2682 part.
317 2611 372 2679 1,
397 2625 514 2682 pag.
547 2597 666 2666 764.

197 2703 368 2757 Marc.
398 2719 514 2774 cap.
543 2718 636 2758 xiv
655 2745 670 2770 ,
701 2701 792 2758 56.
837 2701 1164 2766 Vcrcellen.,
1193 2717 1298 2754 non
1339 2709 1486 2754 erant
1511 2701 1731 2768 atqualia

118 2796 415 2872 testimonia
441 2813 636 2852 eorum.
686 2797 928 2864 Graecus,
963 2801 1056 2852 Καὶ
1083 2795 1196 2853 ἴσαι.
1225 2797 1278 2852 αἱ
1313 2799 1599 2874 μαρτυρίαι
1637 2799 1726 2852 οὐκ

118 2887 278 2956 ἦσαν,
311 2890 403 2960 qui
433 2887 503 2945 ad
532 2889 754 2946 verbum
782 2899 962 2958 sonat,
987 2899 1034 2944 et
1055 2887 1278 2958 (equalia
1307 2889 1598 2944 testimonia
1627 2907 1728 2944 non

118 2993 300 3036 erant.

185 3075 320 3132 an.
353 3090 476 3148 cap.
511 3092 572 3140 ιι,
598 3075 688 3132 22.
725 3075 1051 3145 Vercellen.,
1087 3085 1134 3131 et
1160 3093 1276 3132 cum
1304 3075 1492 3149 expleti
1537 3087 1722 3132 essent.

117 3167 176 3226 S.
205 3155 446 3230 ltenzrus
490 3169 542 3224 in
577 3169 672 3226 lib.
730 3185 804 3224 vn
852 3179 1042 3226 contra
1071 3169 1318 3226 Hrcreses
1349 3180 1479 3226 tom.
1513 3186 1566 3234 I,
1599 3183 1720 3240 pag.

1863 559 1996 604 tom.
2019 566 2058 616 I,
2087 565 2212 620 pag.
2253 551 2382 616 277,
2407 561 2460 608 et
2487 553 2542 608 s.
2577 553 2895 608 Ambrosius
2921 555 2976 608 in
3005 553 3100 610 lib.
3133 571 3204 622 ν,
3233 553 3302 611 de
3333 537 3469 611 Fide

1861 653 1982 712 Cap.
2015 645 2066 708 7,
2101 659 2219 714 pag.
2250 643 2378 708 567,
2403 645 2538 698 misit
2566 647 2660 700 eis.

1931 733 2120 790 Matth.
2151 751 2268 808 cap.
2299 753 2438 792 xxxv
2461 779 2476 802 ,
2509 737 2598 794 56.
2651 737 2950 794 Vercellen.
3005 749 3058 794 et
3089 739 3333 795 Brixian.
3367 739 3466 796 ha-

1859 827 2008 894 bent,
2042 845 2202 897 neque
2231 829 2414 902 Angeli
2441 831 2682 884 ca'lorum
2709 873 2722 896 ,
2749 847 2907 901 neque
2931 829 3120 886 Filius.
3171 831 3374 888 Veron.
3407 841 3462 888 et

1856 918 2142 976 Corbeien.
2174 939 2332 988 neque
2357 921 2526 994 angeli
2551 919 2792 976 coriorum
2838 922 2854 994 (
2880 923 3166 980 Corbeien.
3215 925 3306 978 sed
3334 941 3454 992 nec,

1855 1014 1990 1086 etc.)
2021 1031 2110 1070 nec
2149 1013 2440 1071 Filius:ex
2469 1017 2524 1070 S.
2559 1017 2736 1071 Marco
2785 1017 2896 1088 qui,
2945 1031 3063 1086 cap.
3095 1033 3208 1083 xm,
3241 1015 3334 1082 3‘2,
3358 1015 3458 1070 ad-

1855 1105 1970 1174 dit,
2004 1125 2166 1178 neque
2196 1107 2384 1162 Filius.
2433 1108 2558 1164 lites
2599 1109 2758 1164 verba
2802 1107 2943 1178 apud
2972 1109 3278 1164 Matthamm
3329 1107 3458 1164 inde

1855 1200 2116 1255 translata
2149 1201 2400 1272 leguntur
2441 1202 2494 1256 in
2526 1201 2711 1256 codice
2759 1215 2972 1272 quoque
3003 1199 3409 1270 Cantabrigensi
3438 1244 3453 1266 ,

1853 1293 2136 1367 Cltrysost.
2173 1295 2344 1350 Paris.
2377 1295 2498 1350 cod.
2533 1295 2587 1360 6,
2621 1294 2850 1364 aliisque
2879 1293 3158 1349 nonnullis
3185 1293 3372 1348 relatis
3401 1295 3454 1348 in

1855 1387 1981 1444 Var.
2014 1389 2166 1446 Lect.
2192 1407 2220 1444 a
2251 1391 2438 1446 Millio.
2474 1389 2571 1446 SS.
2607 1391 2864 1456 Hilarius,
2893 1390 3245 1456 Ambrosius,
3275 1391 3457 1460 Augu-

1849 1483 2024 1537 SIinus
2049 1526 2064 1550 ,
2113 1481 2554 1556 'l‘heophylactus
2575 1483 2764 1539 cadent
2807 1483 2973 1539 verba
3007 1483 3108 1538 hoc
3138 1483 3258 1539 loco
3287 1485 3456 1539 inter-

1848 1586 2164 1644 pretantur:
2199 1577 2326 1633 hinc
2358 1585 2534 1632 tamen
2568 1593 2676 1632 non
2705 1577 2827 1648 jure
2855 1577 3141 1648 collegeris
3168 1619 3182 1642 ,
3215 1577 3335 1632 illos
3356 1591 3455 1632 ea-

1848 1667 1968 1724 dem
2001 1671 2052 1724 in
2083 1673 2195 1726 suis
2219 1671 2370 1728 libris
2397 1671 2670 1728 habuisse.
2705 1671 2794 1726 Illa
2821 1673 3018 1744 quippe
3048 1689 3113 1728 ex
3139 1671 3318 1728 Marco
3337 1689 3456 1728 mn—

1848 1761 2176 1830 tuabantur,
2222 1773 2280 1840 ut
2327 1765 2541 1820 Arianis
2589 1765 3002 1836 responderent.
3057 1755 3456 1822 Animadvertit

1771 1867 1817 1928 Β
1846 1851 1905 1910 S.
1941 1853 2302 1928 Hieronymus
2323 1899 2338 1924 ,
2385 1857 2498 1912 hare
2524 1873 2630 1912 non
2659 1857 2825 1912 fuisse
2855 1857 2906 1911 in
2941 1855 3092 1912 libris
3119 1855 3452 1928 Origcnisqet

1843 1947 2026 2004 Pierii.
2056 1949 2336 2006 Habentur
2363 1960 2542 2006 tamen
2575 1953 2625 2007 in
2653 1951 2832 2008 Veteri
2867 1953 3094 2020 Vulgata
3129 1953 3448 2008 Martiantei.

1849 2041 2026 2098 Locus
2055 2044 2142 2098 hic
2173 2059 2486 2114 magnarum
2524 2045 2696 2099 litium
2720 2061 2876 2114 seges
2909 2043 3004 2098 fuit
3030 2043 3338 2100 Catholicos
3363 2045 3450 2098 in-

1843 2141 1928 2188 ter
1960 2145 2012 2188 et
2054 2133 2318 2199 Arianos;
2353 2152 2473 2191 cum
2502 2136 2639 2192 liiex
2666 2152 2730 2192 eo
2751 2137 2887 2191 falso
2902 2137 3243 2207 colligerent,
3277 2137 3446 2194 Deum

1839 2241 1946 2280 non
1973 2241 2095 2281 esse
2123 2227 2330 2294 Jesutn,
2364 2245 2484 2282 cum
2518 2229 2717 2300 aliquid
2747 2238 2913 2296 esset,
2948 2229 3090 2299 quod
3123 2229 3270 2284 illius
3301 2230 3446 2284 noti-

1839 2317 1966 2372 tiam
1998 2317 2231 2390 fugeret.
2267 2319 2400 2375 lluie
2423 2321 2714 2392 objectioni
2747 2337 3040 2377 occurrens
3065 2321 3104 2376 S
3123 2319 3447 2376 Ambrosius

1837 2409 1934 2464 lib.
1983 2427 2011 2462 ν
2061 2411 2128 2466 dc
2173 2411 2327 2478 Fide,
2361 2429 2478 2484 cap.
2511 2414 2542 2470 8
2574 2456 2587 2480 ,
2619 2415 2725 2468 ait:
2793 2413 2997 2468 Veteres
3044 2411 3212 2468 Grazci
3241 2416 3448 2469 codices

1843 2501 2054 2573 (Marci)
2073 2520 2175 2558 non
2199 2505 2382 2558 habent
2408 2521 2424 2558 :
2447 2523 2466 2557 ι
2510 2505 2662 2573 Quod
2688 2522 2778 2560 nec
2811 2504 2858 2558 F
2861 2506 2982 2560 ilius
3009 2507 3138 2572 scit;
3167 2525 3186 2560 ι
3222 2507 3313 2560 sed
3339 2523 3446 2560 non

1835 2595 2022 2648 mirum
2043 2605 2139 2662 est,
2183 2597 2228 2651 si
2258 2607 2304 2650 et
2337 2599 2434 2652 hoc
2453 2598 2745 2668 falsarum,
2772 2598 2859 2666 qui
2892 2599 3194 2669 Scripturas
3215 2599 3444 2668 interpo-

1785 2719 1790 2724 -
1835 2687 2000 2740 lavere
2017 2689 2233 2744 divinas.
2267 2689 2532 2744 Cmterunt
2567 2689 2787 2744 codices
2816 2703 3006 2744 omnes
3036 2689 3208 2745 Gra'ci
3263 2699 3318 2744 et
3346 2689 3446 2745 La-

1835 2771 1936 2834 tini
1963 2821 1976 2844 ,
2011 2781 2098 2850 qui
2131 2791 2312 2835 nostra
2344 2789 2502 2836 actate
2540 2793 2869 2852 supersunt,
2913 2799 3072 2836 manu
3123 2784 3328 2838 exarati
3375 2795 3430 2838 ct

1835 2873 1977 2944 typis
2005 2873 2161 2938 editi,
2192 2887 2302 2928 uno
2329 2889 2598 2929 consensu
2627 2873 2740 2929 lucc
2766 2873 2906 2946 apud
2939 2875 3177 2930 Marcum
3219 2877 3434 2945 legunt,

1832 2975 1888 3023 et
1916 2967 2068 3024 multi
2100 2967 2262 3024 etiam
2289 2967 2428 3040 apud
2455 2969 2788 3024 Mattlucum.
2832 2969 3146 3040 Agnoscunt
3175 2975 3436 3038 praetcrea

1831 3061 2012 3116 cancri
2045 3062 2257 3118 Patres.

1901 3153 2060 3212 Joan.
2093 3171 2210 3226 cap.
2244 3173 2326 3222 ιιι,
2358 3155 2412 3214 6.
2455 3154 2766 3213 Vercellen.
2799 3155 2986 3224 addit,
3017 3157 3138 3228 quia
3177 3157 3241 3212 de
3280 3173 3437 3212 carne

116 3261 220 3336 187
245 3305 262 3332 ι
290 3279 414 3318 cum
441 3264 846 3332 impleuessenL
890 3264 946 3320 s_
983 3263 1303 3322 Ambrosius
1327 3263 1382 3318 ίη
1425 3263 1518 3319 ιίι),
1577 3280 1614 3318 ιι
1657 3263 1724 3319 ἀρ
1749 3263 1796 3328 C
1830 3259 2008 3303 natum
2031 3257 2123 3304 est.
2153 3249 2357 3306 Veron.
2389 3249 2630 3318 quoniam
2660 3247 2723 3304 de
2751 3265 2906 3303 carne
2945 3257 3118 3304 natum
3157 3259 3249 3304 est.
3303 3247 3438 3304 Ter-

113 3339 396 3414 Abrabam
439 3365 578 3416 tom.
621 3374 670 3424 ι,
715 3373 836 3432 pag.
879 3357 986 3414 555
1014 3399 1030 3426 ,
1072 3375 1186 3412 cum
1234 3358 1344 3412 dies
1381 3357 1723 3430 quadraginta

113 3450 522 3522 complerentur.

185 3543 384 3597 Matth.
411 3556 534 3613 cap.
563 3557 628 3609 ν,
673 3541 728 3596 4.
783 3541 1088 3598 Vercellen.
1119 3584 1134 3608 ,
1170 3541 1468 3596 hwreditate
1490 3539 1721 3614 posside-

113 3635 236 3692 bunt
273 3647 490 3692 terram.
547 3635 788 3694 Brixian.
840 3623 1214 3694 ha'rcdilabunt
1259 3645 1450 3690 terram
1477 3677 1494 3701 ,
1547 3643 1604 3690 et
1647 3636 1720 3690 ita

119 3728 348 3788 Sanctus
393 3731 630 3796 lrenteus
675 3731 730 3786 in
763 3729 856 3784 lib.
914 3746 972 3785 ιιι
1035 3737 1224 3784 contra
1275 3729 1554 3792 Ηίειθεεβ,
1589 3741 1714 3798 pag.

116 3821 258 3891 2-10,
287 3833 344 3882 et
368 3823 426 3882 S.
455 3823 758 3894 Cyprianus
783 3823 834 3878 in
863 3821 958 3886 lib.
1009 3839 1068 3878 ιιι
1132 3821 1434 3878 Testimon.
1483 3835 1602 3894 cap.
1640 3820 1674 3875 5
1700 3862 1715 3888 ,

113 3928 166 3985 p.
193 3915 319 3972 375.

129 4006 368 4088 d‘Mattb.
399 4022 522 4080 cap.
553 4022 624 4075 ν,
655 4007 706 4062 7.
757 4005 1065 4064 Vercellen.
1094 4048 1109 4062 .
1138 4045 1152 4060 .
1181 4047 1194 4060 .
1220 4044 1235 4060 .
1264 4046 1277 4060 .
1303 4047 1316 4062 .
1341 4045 1355 4060 .
1383 4045 1396 4059 .
1426 4044 1440 4058 .
1469 4045 1482 4058 .
1513 4003 1718 4058 rebitur

105 4079 266 4182 Deus.
302 4079 606 4171 Suppletur
631 4101 820 4184 lacuna
853 4117 916 4156 ex
951 4101 1222 4156 Veronen.
1256 4110 1311 4156 et
1350 4099 1716 4157 San-Germa-

105 4208 260 4262 nen.,
287 4194 382 4266 qui
410 4195 630 4262 habent,
665 4196 791 4268 ipsis
821 4195 1148 4250 miserebitur
1164 4193 1333 4262 Deus,
1368 4207 1420 4250 et
1447 4195 1518 4250 ita
1548 4195 1717 4252 Sanc-

105 4293 188 4342 tus
227 4287 556 4344 Ambrosius
603 4289 656 4344 ir.
705 4287 802 4344 lib.
855 4285 926 4344 de
966 4287 1124 4344 Ollio.
1171 4287 1400 4344 Ministr.
1453 4303 1573 4360 cap.
1609 4287 1710 4352 l6,

147 4423 160 4436 .
195 4383 286 4438 17.

147 4423 160 4436 .
230 4393 286 4438 7.

107 4393 142 4452 Ρ
171 4393 366 4554 hianti.
397 4489 518 4546 cap.
544 4491 584 4532 ι
607 4517 622 4542 ,
647 4475 740 4532 25.
788 4473 1000 4531 Vercel.
1027 4517 1044 4542 ,
1097 4473 1302 4532 Veron.
1335 4485 1390 4530 et
1418 4473 1704 4538 Corbeien.

104 4577 226 4642 post
251 4569 344 4624 illa
371 4568 538 4626 verba
562 4611 578 4636 ,
631 4569 794 4640 fugite
834 4568 886 4624 in
937 4568 1094 4622 aliam
1127 4609 1144 4636 ,
1195 4567 1393 4624 habent
1418 4569 1554 4636 quod
1583 4569 1628 4622 si
1658 4570 1710 4622 in

1829 3343 2088 3398 tullianns
2115 3343 2164 3397 in
2195 3343 2335 3398 libro
2357 3341 2425 3398 de
2453 3339 2630 3397 Carne
2661 3341 2863 3396 Christi
2897 3355 3017 3410 cap.
3055 3341 3121 3398 18
3149 3384 3163 3410 ,
3195 3341 3434 3398 Ambro~

1827 3437 1942 3492 sius
1983 3437 2080 3492 lib.
2141 3453 2198 3492 nt
2225 3478 2240 3502 ,
2281 3453 2400 3507 cap.
2441 3437 2497 3491 ll
2549 3437 2618 3492 dc
2659 3437 2862 3507 Spiritu
2894 3437 3134 3502 Sancto,
3179 3444 3234 3490 ct
3261 3435 3434 3492 codex

1827 3529 2242 3600 Evangeliorum
2285 3529 2684 3586 vetustissimus
2723 3529 2774 3584 in
2819 3529 2956 3584 Bibl.
2993 3527 3147 3584 Bodl.
3179 3528 3436 3584 similiter

1825 3623 2050 3691 addunt,
2081 3625 2202 3696 quia
2223 3625 2286 3679 de
2304 3641 2460 3680 carne
2487 3635 2771 3678 naturnesl.

1894 3715 2052 3771 Joan.
2077 3731 2194 3786 cap.
2225 3731 2304 3780 ιιι,
2335 3715 2386 3769 6.
2413 3715 2470 3770 In
2503 3715 2804 3770 Vercellcn.
2839 3713 3062 3771 additur
3085 3757 3100 3781 ,
3132 3715 3254 3786 quia
3283 3714 3429 3770 Deus

1822 3809 2035 3878 spiritus
2064 3819 2178 3876 est,
2213 3818 2258 3862 et
2288 3825 2350 3863 ex
2376 3805 2485 3862 Deo
2515 3817 2666 3862 natus
2707 3817 2799 3862 est.
2849 3807 2906 3862 ln
2955 3807 3247 3864 Corbeien.
3306 3811 3432 3880 quia

1822 3901 1964 3958 Deus
1989 3903 2222 3974 Spiritus
2244 3913 2335 3956 est.
2369 3903 2429 3956 S.
2461 3901 2781 3957 Ambrosius
2813 3902 2865 3956 in
2899 3901 2992 3956 lib.
3025 3917 3082 3956 ιιι
3109 3901 3175 3958 de
3221 3902 3427 3973 Spiritu

1821 3994 2046 4062 Sancto,
2082 4001 2212 4048 tum.
2239 3981 2304 4060 tt,
2335 4009 2387 4064 p.
2422 3993 2548 4058 677,
2581 3994 2780 4062 habet,
2806 3993 3048 4062 quoniam
3093 3994 3234 4049 Deus
3272 3995 3428 4066 spiri-

1821 4099 1900 4144 tus
1930 4099 2025 4144 est.

1889 4181 2047 4237 Joan.
2091 4195 2210 4252 cap.
2238 4193 2308 4246 tu,
2337 4177 2428 4234 57.
2471 4177 2781 4236 Vercellen.
2810 4177 2864 4234 in
2891 4177 2998 4234 fine
3025 4193 3216 4235 versus
3244 4177 3424 4245 addit,

1828 4273 1875 4330 si
1900 4275 2150 4344 acceperit
2183 4273 2334 4330 homo
2363 4289 2553 4344 corpus
2583 4273 2679 4343 ﬁlii
2707 4273 2928 4328 hominis
2948 4315 2962 4338 ,
2994 4273 3426 4344 quemadmodum

1819 4385 2000 4438 panem
2017 4370 2152 4434 vitta,
2179 4367 2378 4422 habebit
2406 4369 2562 4422 vitam
2587 4367 2638 4420 in
2671 4383 2748 4421 eo.
2793 4367 2957 4422 Vetus
3002 4365 3172 4422 codex
3205 4367 3426 4422 Graeco-

1817 4463 2040 4519 Latinns
2071 4465 2513 4536 Cantabrigensis
2539 4507 2553 4530 ,
2601 4474 2825 4520 octavus
2871 4463 3090 4521 Henrici
3118 4463 3376 4536 Stephani
3405 4509 3422 4532 ,

1817 4557 2122 4614 Victorinus
2175 4557 2461 4614 Africanus
2487 4559 2737 4615 similiter
2761 4601 2776 4627 ,
2821 4560 3022 4630 aliique
3061 4560 3164 4614 PP.
3197 4561 3380 4630 legunt
3403 4601 3421 4626 ,

105 4663 256 4718 aliam
287 4662 619 4738 (Vercellen.
651 4663 704 4718 in
731 4661 970 4731 alterunt)
1001 4673 1370 4733 persequentur
1399 4679 1484 4717 vos
1503 4705 1518 4730 ,
1553 4664 1712 4734 fugite
1739 4659 1793 4720 Ι)
1818 4651 2248 4722 quemadmodum
2279 4653 2330 4706 in
2361 4669 2439 4706 me
2455 4663 2524 4707 est
2543 4651 2724 4717 Pater,
2749 4663 2796 4708 et
2828 4671 2919 4726 ego
2945 4654 2998 4708 in
3027 4651 3206 4707 Patre.
3232 4651 3416 4720 Antea,

103 4754 156 4810 in
179 4756 340 4814 aliam
373 4754 701 4826 (Corbeien.
734 4756 789 4810 in
818 4753 1101 4825 alteram).
1129 4753 1382 4810 Nonnulli
1412 4751 1586 4809 Graeci
1618 4769 1710 4808 co-

105 4847 248 4904 dices
275 4863 442 4904 manu
470 4846 712 4914 exarati,
750 4846 820 4902 de
847 4847 1039 4918 quibus
1071 4847 1270 4902 Millius
1309 4847 1361 4902 in
1393 4845 1522 4902 Var.
1555 4845 1704 4902 Lect.

105 4941 356 4998 similiter
385 4951 506 5016 post
531 4943 618 4998 illa
644 4942 808 4998 verba
842 4941 1005 5014 {agite
1035 4941 1088 4996 iu
1117 4943 1296 5006 aliam,
1329 4940 1446 4998 haec
1476 4939 1706 5009 addunt,

105 5037 238 5106 quod
273 5037 318 5094 si
345 5036 602 5108 persecuti
627 5050 716 5090 vos
743 5034 932 5106 fuerint
959 5035 1012 5090 in
1041 5033 1224 5100 altera,
1258 5035 1418 5106 fugite
1441 5035 1494 5088 in
1524 5035 1705 5089 aliaat.

105 5126 158 5186 S.
181 5127 502 5186 Ambrosius
529 5143 744 5202 quoque
771 5130 826 5184 in
857 5129 996 5190 libro
1023 5127 1090 5184 de
1115 5127 1260 5200 Fuga
1288 5128 1484 5184 Stecul.
1511 5130 1704 5200 capt,

109 5235 222 5292 pag.
253 5223 384 5292 425,
411 5224 549 5296 quod
575 5224 620 5294 si
642 5224 696 5282 in
717 5223 878 5290 aliam
905 5231 1269 5293 persequentur
1299 5239 1387 5278 vos
1418 5264 1433 5291 ,
1462 5223 1623 5296 fug-ite
1650 5223 1704 5280 in

109 5312 286 5380 aliam,
318 5323 374 5370 et
402 5314 477 5370 ita
506 5313 687 5386 versio
720 5311 1012 5370 Saxonica.

176 5405 364 5464 Matth.
395 5421 516 5482 cap.
549 5422 642 5462 xxx
665 5443 680 5472 ,
711 5406 798 5462 57.
863 5403 1168 5460 Vercellen.
1193 5443 1210 5468 ,
1243 5401 1448 5459 Veron.
1481 5411 1536 5458 ct
1564 5401 1700 5458 Cor-

109 5495 284 5568 beien.
311 5539 329 5566 ,
377 5497 424 5554 [ε’
425 5499 574 5554 ilium
612 5515 763 5554 suum
793 5499 1000 5564 unicum
1025 5537 1040 5564 ,
1070 5505 1124 5552 et
1155 5496 1224 5550 ita
1257 5495 1315 5550 S.
1343 5495 1614 5564 Irenaeus,
1643 5493 1700 5552 S.

111 5589 426 5656 Ambrosius
477 5601 534 5648 et
585 5589 800 5654 Lucifer
823 5592 1184 5648 Calaritanus.
1215 5589 1456 5646 Brixian.
1503 5589 1704 5660 pariter

113 5679 290 5748 habet,
322 5683 490 5752 ﬁlium
516 5699 661 5742 suum
688 5683 1026 5755 unigenitum.

180 5771 365 5850 blattis.
395 5787 520 5850 cap.
553 5789 662 5840 xxi,
687 5775 780 5830 57.
829 5775 1136 5846 Vcrcelleu.
1177 5783 1232 5830 ct
1264 5773 1532 5830 Veronen.
1565 5773 1707 5836 misit

113 5863 236 5935 illis,
261 5876 314 5922 et
336 5865 408 5921 ita
432 5863 648 5922 Lucifer
673 5865 1008 5925 Calaritanus
1037 5853 1093 5924 in
1120 5867 1212 5925 lib.
1239 5884 1298 5936 ιι,
1332 5883 1431 5941 pro
1461 5867 1708 5924 S.Atba-

1815 4761 1965 4799 amen
1993 4745 2108 4800 dico
2135 4743 2274 4798 vobis
2297 4761 2313 4798 :
2348 4743 2470 4800 Nisi
2491 4745 2791 4812 acceperitis
2815 4761 3004 4812 corpus
3031 4745 3128 4813 ﬁlii
3155 4744 3378 4797 hominis
3397 4785 3412 4808 ,

1815 4837 1944 4892 sicut
1997 4855 2180 4908 panem
2215 4838 2359 4904 vitaz,
2414 4847 2463 4891 et
2493 4838 2595 4892 nisi
2632 4837 2858 4894 biberilis
2898 4840 3009 4910 ejus
3053 4837 3364 4909 sanguinem
3398 4881 3413 4904 ,

1815 4947 1918 4986 non
1962 4929 2209 4984 habebitis
2246 4931 2399 4983 vitam
2447 4931 2502 4984 in
2549 4931 2710 4985 vobis.
2780 4932 2882 4998 Qui
2926 4930 3206 4984 manducet
3248 4945 3416 4985 meam

1815 5041 2040 5090 carnem,
2068 5035 2115 5078 et
2145 5023 2267 5078 bibit
2296 5040 2462 5078 meum
2517 5025 2819 5096 sanguinem
2847 5064 2862 5087 ,
2905 5025 3050 5076 habet
3084 5023 3236 5078 vitam
3261 5034 3414 5078 teters

1811 5135 1930 5172 nam
1937 5160 1950 5172 .

1882 5211 2045 5266 Marc.
2073 5226 2193 5282 cap.
2225 5227 2298 5278 v1,
2328 5211 2414 5268 ll.
2447 5207 2754 5266 Vercellen.
2787 5207 2955 5274 addit,
2991 5209 3152 5262 Amen
3189 5207 3304 5278 dico
3325 5225 3415 5262 t'o-

1808 5303 1914 5360 bis:
1937 5306 2203 5360 remissius
2231 5307 2326 5358 erit
2356 5303 2628 5366 Sodomis,
2663 5309 2708 5355 et
2741 5299 2979 5354 Gomoris
3010 5301 3062 5355 in
3091 5302 3172 5356 die
3190 5299 3409 5366 Judieii,

1802 5415 1956 5468 quam
1985 5400 2175 5453 civitati
2196 5400 2295 5456 illi.
2348 5397 2586 5453 Brixian.
2622 5395 2780 5448 Amen
2804 5395 2922 5450 dico
2953 5395 3130 5449 vobis:
3173 5395 3412 5450 tolerabi-

1810 5483 1913 5546 lius
1939 5495 2036 5548 erit
2066 5492 2304 5548 Sodomis
2335 5500 2422 5544 aut
2470 5487 2707 5544 Gomoris
2732 5489 2782 5542 in
2813 5488 2896 5544 die
2910 5487 3128 5554 Judicii,
3154 5505 3306 5558 quam
3333 5491 3412 5542 illi

1807 5585 2038 5652 civitati,
2087 5597 2140 5640 et
2185 5589 2256 5636 ita
2298 5582 2351 5635 in
2405 5581 2658 5636 versiculi
2690 5581 2851 5652 hujus
2895 5581 3001 5640 ﬁne
3024 5579 3172 5634 addit
3205 5579 3409 5636 Textns

1808 5678 2048 5744 Graccus,
2077 5677 2234 5732 Amen
2259 5673 2375 5726 dico
2404 5673 2542 5728 vobis
2562 5692 2580 5728 :
2614 5674 2932 5728 tolerabilius
2949 5675 3045 5728 erit
3068 5683 3214 5726 terra:
3237 5671 3410 5726 Sodo-

1807 5787 2007 5826 morum
2035 5779 2080 5823 et
2127 5765 2570 5820 Gomorrhtcorum
2601 5767 2654 5820 in
2681 5766 2764 5822 die
2784 5765 3002 5833 Judicii,
3033 5777 3186 5835 quant
3214 5763 3294 5816 illi
3321 5762 3408 5818 Ci-

1807 5865 1972 5919 vitati.
2002 5863 2133 5929 Qua:
2161 5859 2338 5915 tamen
2367 5874 2432 5915 ex
2465 5859 2704 5915 Matthaci
2727 5875 2846 5929 cap.
2878 5875 2910 5913 x
2941 5900 2954 5926 ,
2983 5849 3052 5912 15
3077 5899 3091 5924 ,
3120 5855 3402 5927 desumpta
