3968 6332
510 310 582 367 93
1873 308 2412 366 PROLEGOMENA.
3749 307 3816 366 96

509 431 638 478 sunt
658 465 673 488 ,
706 437 805 479 nec
833 423 885 480 in
908 422 1128 495 optimis
1159 420 1446 478 codicibus
1471 421 1678 479 Grtecis
1705 423 2114 495 quampluribns
2141 429 2192 488 Α
2221 425 2273 478 in
2307 422 2570 489 Brixiam,
2598 439 2755 494 super
2775 439 2910 478 eum.
2940 422 3004 478 Et
3038 422 3107 478 ita
3142 421 3196 478 in
3225 421 3496 495 aliquibus
3525 436 3659 478 mss.
3688 421 3814 481 Div.

511 514 785 587 leguntur.

584 609 750 664 Marc.
781 623 896 678 cap.
925 609 1083 673 “,5.
1117 607 1420 663 Vercellen.
1449 607 1597 663 addit
1625 608 1678 664 in
1709 609 1815 666 ﬁne
1832 609 2111 677 versiculi,

514 700 638 771 Ipse
664 713 831 756 autem
862 700 990 756 nihil
1015 701 1389 771 respondebat,
1430 712 1483 756 et
1530 702 1602 756 ita
1632 703 1820 770 ingens
1853 703 2112 758 librorum

513 795 823 850 Grzecorum
845 809 1100 849 numerus
1119 794 1222 850 hoc
1242 795 1551 861 Ιοοο,Δύτὸς
1564 794 1617 851 δὲ
1634 795 1772 852 οὐδὲν
1788 799 2112 874 ἀπεκρίνατο,

515 889 618 944 hoc
649 901 727 944 est
755 931 770 955 ,
804 888 926 959 Ipse
951 899 1118 943 autem
1151 890 1280 944 nihil
1309 889 1614 959 respondit:
1646 890 1773 945 item
1801 891 2071 962 Complut.
2095 933 2112 960 ,

514 980 762 1049 Vechel.,
797 982 974 1046 Arm.,
1004 981 1277 1054 IEthiop,
1326 983 1523 1053 aliique
1551 982 1735 1052 plures
1765 983 1907 1038 libri.
1950 983 2117 1038 Addi-

515 1075 662 1131 disse
690 1076 941 1131 videntur
967 1075 1216 1132 Librarii.

587 1167 720 1224 Luc.
753 1183 871 1236 cnp.
907 1184 1052 1234 χειν,
1087 1169 1171 1222 15.
1203 1167 1506 1224 Vercellen.
1530 1169 1615 1222 cui
1642 1186 1824 1224 nomen
1846 1168 2111 1224 Ammaus.

519 1259 722 1316 Veron.
758 1263 963 1315 nomine
991 1261 1244 1333 Chap/ias
1267 1303 1282 1326 ,
1313 1274 1359 1316 et
1385 1261 1651 1316 Ammaus.
1705 1262 1990 1317 Corbeien.
2024 1279 2118 1316 no-

517 1356 656 1408 mine
705 1355 950 1410 Ammaus
995 1367 1042 1410 et
1080 1355 1354 1426 CleOpltas.
1409 1356 1545 1410 Vide
1576 1356 1632 1411 S.
1664 1356 2011 1411 Ambrosium
2061 1356 2114 1412 in

518 1445 822 1501 Comment.
854 1446 906 1500 in
937 1446 1284 1516 Evangelium
1319 1446 1500 1502 Sancti
1531 1446 1687 1502 Luem
1720 1446 1861 1511 hcic,
1887 1447 1976 1517 qui
2009 1456 2114 1501 tam

522 1537 750 1609 insignis
781 1539 1038 1592 variantis
1069 1538 1341 1594 Lectionis
1369 1539 1616 1595 meminit
1643 1582 1657 1608 ,
1688 1554 1750 1595 ac
1792 1541 1992 1596 nostris
2020 1555 2116 1596 co-

521 1629 729 1685 dicibus
751 1630 886 1684 alios
919 1630 1160 1686 faventes
1192 1631 1360 1686 libros
1391 1631 1566 1685 achrI.

592 1725 776 1779 Matth.
808 1739 929 1793 cap.
961 1741 1074 1791 vltt,
1103 1725 1192 1780 20.
1225 1725 1280 1780 In
1338 1724 1640 1780 Vercellen.
1670 1767 1686 1792 ,
1738 1725 2013 1781 Veronen.
2061 1734 2117 1781 ct

2219 516 2356 572 Bibl.
2389 516 2446 572 8.
2480 515 2820 586 Hieronymi.

2287 608 2450 662 Marc.
2483 623 2605 678 cap.
2637 623 2696 673 ιι,
2729 609 2814 662 17.
2849 606 3128 663 Vercellen
3161 617 3215 662 et
3243 623 3371 662 mm.
3404 608 3494 662 sed
3517 617 3812 681 peccatores

2214 699 2269 754 in
2295 701 2661 770 panitentiam.
2687 700 2859 757 Graeci
2893 700 3108 756 codices
3139 701 3292 756 multi
3318 700 3526 757 addunt
3547 702 3651 757 hoc
3673 702 3812 771 loco,

2216 795 2285 849 ad
2323 795 2692 866 paenitentiam.
2741 794 2932 850 Plures
2957 811 3088 850 vero
3121 811 3250 851 non.
3295 795 3428 852 Vide
3455 794 3680 850 Millium
3708 795 3813 851 hic.

2217 887 2602 943 Assumentum
2657 896 2741 942 est
2792 887 2935 958 quod
2966 904 3031 942 ex
3063 888 3300 943 Matthzei
3326 903 3448 960 cap.
3481 904 3531 942 Ix
3556 931 3571 956 ,
3606 888 3674 944 15
3722 888 3816 945 dc-

2217 991 2488 1052 sumptum
2515 991 2617 1036 cst.

2290 1074 2420 1130 Luc.
2449 1091 2568 1144 cap.
2601 1091 2654 1129 ιχ
2680 1118 2693 1140 ,
2719 1074 2809 1131 56.
2857 1075 2982 1129 Post
3011 1077 3212 1131 animos
3235 1118 3250 1143 ,
3281 1075 3496 1132 additur
3527 1070 3815 1145 hominum,

2219 1167 2272 1223 in
2286 1167 2613 1231 Vercellen.,
2645 1166 2848 1224 Veron.
2882 1177 2938 1221 et
2965 1168 3234 1235 Brixian.,
3264 1177 3317 1223 et
3348 1169 3417 1224 ita
3442 1169 3495 1224 in
3519 1169 3577 1226 8.
3601 1171 3821 1241 Cypria-

2219 1277 2290 1315 no
2323 1276 2446 1331 pag.
2475 1261 2604 1326 211,
2632 1262 2760 1317 etin
2793 1261 2850 1318 8.
2875 1260 3166 1318 Ambrosio
3189 1304 3202 1330 ,
3237 1262 3327 1317 lib.
3363 1278 3380 1316 ι
3427 1263 3495 1319 de
3544 1262 3822 1321 Paeniten-

2219 1357 2314 1422 tia,
2349 1371 2468 1424 cap.
2508 1355 2598 1412 16.

2293 1449 2482 1504 Matth.
2517 1465 2635 1520 cap.
2663 1465 2695 1504 v
2717 1492 2732 1517 ,
2763 1451 2852 1506 52.
2908 1451 2963 1505 In
2997 1451 3328 1508 Vercellensi
3357 1495 3372 1519 ,
3420 1461 3476 1508 et
3519 1452 3824 1510 Veronensi

2218 1539 2415 1596 desunt
2443 1527 2602 1597 verba
2627 1559 2640 1595 ε
2665 1552 2711 1596 et
2731 1543 2818 1612 qui
2839 1543 3105 1596 dimissam
3117 1543 3822 1612 duxerit,adulterat.Anim-

2221 1635 2454 1691 advertit
2505 1635 2738 1692 Sanetus
2787 1635 3118 1706 Augustinus
3159 1637 3299 1708 apud
3327 1639 3588 1705 Millium,
3632 1639 3819 1704 verba,

2221 1738 2269 1784 et
2298 1731 2386 1801 qui
2415 1731 2680 1784 dimissam
2706 1730 2932 1796 duxerit,
2963 1732 3219 1786 adulterat
3245 1774 3261 1799 ,
3291 1733 3343 1787 in
3372 1732 3697 1804 quibusdam
3726 1733 3825 1788 La-

520 1815 809 1874 Corbeien.
844 1825 971 1888 post
1010 1819 1233 1873 verbum
1265 1818 1410 1874 nidos
1438 1861 1452 1884 ,
1495 1819 1711 1874 additur
1732 1861 1747 1886 ,
1778 1819 1865 1873 ubi
1892 1821 2115 1890 requies-
2148 1820 2194 1880 Β
2225 1824 2352 1878 tinis
2380 1824 2659 1879 codicibus
2691 1840 2797 1879 non
2829 1825 2952 1895 legi.
2979 1824 3364 1882 Desiderantur
3383 1827 3548 1882 etiam
3571 1827 3625 1882 in
3654 1829 3824 1884 veteri

519 1921 657 1964 rant.
711 1911 777 1966 Et
821 1911 893 1966 ita
941 1911 992 1967 in
1023 1911 1294 1966 Ambrosii
1329 1912 1586 1968 l‘lexaem.
1621 1911 1716 1967 lib.
1745 1929 1798 1967 Vl
1823 1954 1838 1980 ,
1890 1928 2010 1984 cap.
2042 1915 2074 1969 8
2097 1953 2115 1979 ,

521 2021 644 2077 pag.
681 2008 806 2063 151.

594 2100 783 2154 Matth.
813 2115 1062 2171 cap.xvt,
1096 2101 1183 2157 15.
1216 2101 1545 2168 Vercellen.,
1565 2101 2117 2169 Veron.,Corbcien.,

523 2195 989 2252 Sau-Germanen.
1015 2207 1067 2251 et
1088 2196 1328 2251 Brixian.
1363 2196 1523 2263 Quem
1552 2212 1662 2261 me,
1695 2203 1751 2251 et
1780 2195 1848 2249 ita
1880 2195 1937 2251 8.
1975 2195 2122 2250 llila-

523 2288 636 2342 rius
659 2287 842 2342 Tract.
875 2289 927 2342 in
954 2288 1146 2356 psalm.
1175 2303 1298 2342 cxnt
1325 2328 1338 2348 ,
1365 2298 1493 2340 tom.
1530 2303 1581 2352 ι,
1625 2302 1748 2357 pag.
1778 2286 1882 2341 419
1909 2329 1924 2353 ,
1966 2296 2020 2342 et
2058 2287 2119 2344 8.

526 2380 847 2435 Ambrosius
870 2380 925 2435 in
958 2379 1051 2435 lib.
1098 2380 1165 2434 de
1193 2378 1407 2434 lncarn.
1437 2380 1587 2434 Dom.
1618 2378 1860 2434 Sacram.
1893 2395 2011 2451 cap.
2041 2379 2076 2433 4
2101 2423 2116 2447 ,

522 2488 646 2544 pag.
681 2473 805 2528 709.

597 2566 787 2621 Matth.
816 2581 938 2637 cap.
974 2582 1113 2634 χχιι,
1141 2565 1196 2622 4.
1231 2566 1562 2633 Vercellen.,
1619 2567 1893 2622 Veronen.
1925 2576 1979 2622 et
2010 2567 2123 2623 Bri-

526 2660 673 2714 xian.
710 2670 755 2712 et
778 2660 1010 2731 saginata
1039 2663 1206 2716 occisa
1245 2671 1360 2715 sunt
1389 2704 1404 2728 ,
1434 2671 1485 2716 ct
1518 2663 1586 2716 ita
1617 2661 1834 2717 Lucifer
1861 2663 2126 2718 Calarita-

529 2767 630 2806 nus
657 2751 707 2806 in
737 2753 830 2806 lib.
864 2769 932 2816 ll,
979 2770 1074 2824 pro
1119 2755 1176 2810 8.
1209 2754 1530 2810 Athanasio.
1563 2753 2029 2812 Sau-Germanen.
2079 2763 2128 2811 et

525 2845 764 2915 saginata
789 2862 901 2900 mea
924 2848 1114 2912 occisa,
1139 2857 1243 2902 etc.

599 2936 787 2990 Matth.
819 2952 939 3007 cap.
974 2953 1111 3006 χχιι,
1141 2939 1233 2994 45.
1290 2938 1345 2993 ln
1377 2939 1706 3005 Vercellen.,
1744 2939 2041 3001 Veronen.,
2073 2948 2128 2996 et

529 3031 765 3085 Brixian.
796 3072 812 3096 ,
843 3032 1061 3087 additur
1087 3074 1101 3094 .
1149 3034 1201 3086 in
1239 3034 1446 3101 spiritu.
1503 3034 1568 3088 Et
1597 3034 1667 3087 ita
1697 3033 1898 3087 habent
1934 3033 1992 3088 S.
2023 3031 2126 3105 Cy-

529 3125 700 3192 prian.
742 3139 859 3194 pag.
898 3125 1038 3190 202,
1069 3140 1130 3179 ac
1156 3124 1216 3179 S.
1245 3126 1497 3180 Ambros.
1543 3126 1636 3180 lib.
1674 3142 1707 3178 v
1747 3125 1814 3180 de
1840 3125 1973 3181 Fide
2002 3141 2122 3196 cap.

529 3218 584 3282 8,
618 3227 671 3272 et
703 3217 797 3272 lib.
828 3233 883 3271 ιιι
909 3217 978 3272 de
1007 3219 1148 3286 Spir.
1174 3218 1335 3273 Sane.
1369 3234 1488 3288 cap.
1522 3219 1762 3288 15,'pag.
1797 3217 1921 3272 687.

600 3311 788 3366 Matth.
819 3326 937 3381 cap.
971 3328 1116 3376 XXIV,
1147 3311 1202 3377 7,
1222 3311 1521 3369 Vercellen.
1551 3323 1605 3367 ct
1631 3312 1902 3368 Veronen.
1937 3329 2027 3383 per
2053 3313 2129 3367 lo-

529 3418 588 3455 ca
621 3402 812 3456 omnia.
845 3401 902 3458 S.
936 3402 1259 3474 Cyprianus,
1289 3421 1378 3475 per
1407 3405 1609 3475 singula
1643 3404 1771 3459 loca.

602 3495 789 3549 Matth.
820 3511 940 3567 cap.
972 3512 1101 3551 xxvi
1127 3539 1140 3563 ,
1174 3497 1260 3552 70.
1303 3498 1359 3552 In
1391 3498 1688 3552 Vercellen.
1721 3505 1839 3568 post
1867 3497 2088 3553 verbum
2113 3540 2127 3564 ,

531 3587 660 3641 dicis
687 3629 701 3652 ,
743 3588 957 3644 additur
983 3632 996 3656 ,
1023 3607 1112 3644 nec
1141 3592 1294 3658 novi;
1345 3595 1394 3645 in
1429 3591 1635 3646 Veron.
1667 3608 1825 3662 neque
1862 3591 2128 3665 intelligo;

531 3684 585 3738 in
615 3685 672 3739 8.
707 3682 978 3757 Cypriano
1004 3701 1122 3757 pag.
1153 3686 1282 3751 636,
1315 3703 1476 3756 neque
1499 3688 1611 3740 novi
1639 3696 1707 3741 te.

601 3777 787 3831 Matth.
817 3793 932 3848 cap.
962 3794 1124 3842 xxvn,
1156 3778 1250 3833 ‘28.
1289 3778 1590 3834 Vercellen.
1633 3788 1678 3832 et
1704 3778 1981 3832 induerunt
2012 3794 2128 3831 eum

533 3872 758 3925 tunicam
784 3889 1116 3942 purpuream,
1145 3883 1192 3926 et
1219 3873 1504 3944 clamgdem
1529 3874 1815 3927 coccineum
1845 3873 2129 3927 circumde-

531 3963 713 4019 derunt
740 3965 805 4019 ei.
837 3964 1130 4032 Veronen.,
1163 3975 1207 4019 et
1238 3966 1513 4020 induerunt
1538 3967 1760 4019 tunicam
1783 3982 2126 4036 purpuream,

531 4065 577 4108 et
604 4056 889 4126 clnmydem
916 4058 1199 4110 coccineum
1225 4056 1670 4111 circumdederunt
1695 4058 1759 4110 ei.
1808 4057 1865 4112 8.
1896 4056 2127 4112 Ambro-

531 4147 646 4200 sius
672 4150 722 4200 in
755 4149 985 4216 exposit.
1014 4149 1217 4217 Evang.
1251 4148 1476 4202 second.
1504 4147 1636 4202 an.
1668 4148 1757 4202 lib.
1795 4164 1826 4202 x
1851 4190 1865 4213 ,
1903 4157 2034 4202 tom.
2070 4165 2125 4215 ι,

534 4253 654 4307 pag.
687 4237 854 4303 1526,
897 4239 1180 4310 clamydem
1201 4249 1370 4293 autem
1392 4240 1679 4294 coccineum
1704 4241 1939 4293 induitur
1968 4259 1998 4294 n
2029 4243 2128 4295 mi-

535 4331 732 4397 litibus,
763 4341 806 4386 et
826 4349 1137 4402 purpuream
1171 4333 1414 4386 tunicam.

603 4423 759 4480 Joan.
789 4439 908 4494 cap.
941 4440 1019 4492 XI,
1049 4425 1136 4480 59.
1170 4423 1499 4493 Vercellen.,
1533 4441 1679 4480 soror
1701 4424 1888 4480 Lazari
1913 4442 1933 4490 ;
1966 4427 2129 4481 omis-

532 4518 609 4573 sis
635 4518 816 4573 verbis
848 4517 972 4583 illis,
1005 4519 1091 4588 qui
1116 4526 1345 4572 mortuus
1374 4521 1563 4588 fuerat.
1610 4517 1666 4571 In
1696 4517 1965 4572 Veronen.
1997 4534 2130 4585 quo-

2227 1914 2416 1970 codice
2444 1914 2856 1986 Cantabrigensi
2888 1915 3323 1973 GrzccooLatino.

2297 2007 2486 2062 Matth.
2521 2023 2639 2076 cap.
2673 2024 2766 2074 vt,
2800 2008 2886 2063 10.
2926 2008 3162 2064 Deestin
3196 2009 3503 2066 Vercellen.
3538 2019 3594 2066 et
3623 2011 3824 2070 Veron.

2224 2102 2379 2167 sicut,
2426 2110 2480 2156 et
2528 2102 2595 2154 ita
2631 2101 2682 2156 in
2710 2101 2916 2157 Tertul.
2948 2118 3067 2174 pag.
3106 2104 3200 2159 151
3226 2145 3243 2172 ,
3281 2112 3337 2160 et
3365 2107 3418 2159 in
3449 2103 3508 2161 8.
3538 2103 3824 2177 Augustin.

2223 2192 2298 2248 lib
2322 2209 2411 2259 tv,
2455 2202 2643 2249 contra
2688 2193 2822 2248 duas
2855 2195 3026 2266 Epist.
3060 2194 3244 2268 Pelag.
3291 2205 3423 2252 tom.
3456 2212 3529 2264 ι,
3578 2207 3721 2269 part.
3771 2199 3823 2266 1,

2227 2304 2348 2360 pag.
2379 2288 2506 2344 485.

2299 2381 2486 2436 Matth.
2512 2395 2633 2451 cap.
2663 2397 2880 2450 xxm,v.
2901 2382 2986 2437 14.
3020 2381 3080 2437 in
3107 2382 3411 2439 Vercellen.
3435 2392 3490 2440 et
3511 2383 3828 2441 Corbeiensi

2225 2472 2567 2528 desideratur
2598 2488 2784 2528 versus
2815 2472 2899 2539 14,
2937 2475 2989 2528 in
3022 2475 3260 2530 Brixian.
3306 2491 3436 2533 vero
3463 2492 3517 2532 v.
3554 2479 3645 2545 15,
3674 2486 3825 2549 post-

2229 2567 2446 2636 ponitur
2486 2583 2536 2620 v.
2572 2565 2659 2622 14.
2706 2567 2926 2638 Antiqui
2958 2568 3174 2625 codices
3225 2571 3326 2625 hoc
3371 2570 3494 2627 loco
3536 2571 3824 2628 dissident.

2230 2658 2288 2715 S.
2341 2658 2780 2732 Chrysostomus,
2826 2660 3165 2730 Euthymius,
3214 2663 3678 2736 Theopbylactns,
3731 2680 3827 2720 au-

2229 2762 2348 2809 ctor
2389 2756 2571 2825 operis
2600 2755 2897 2824 imperfecti
2929 2756 2979 2809 in
3023 2756 3329 2812 Matthaaum
3352 2801 3366 2824 ,
3403 2759 3575 2814 Graeci
3607 2759 3825 2814 codices

2231 2849 2372 2919 typis
2431 2847 2626 2917 vulgati
2686 2855 2741 2900 ct
2786 2862 2946 2902 manu
2979 2850 3183 2903 exarati
3229 2849 3494 2921 plerique,
3547 2852 3666 2906 loco
3709 2866 3823 2905 mo-

2230 2950 2356 2993 vent
2389 2955 2440 2993 v.
2486 2939 2552 2995 15
2592 2949 2644 2993 et
2677 2947 2796 3008 p0st
2829 2939 2890 2994 14
2919 2939 3270 2997 transferunt.
3340 2943 3443 2998 Alii
3486 2951 3825 3014 prmponunt,

2232 3035 2490 3088 omittunt
2541 3035 2754 3104 penitus
2796 3034 2908 3100 alii,
2955 3043 3010 3088 ut
3055 3034 3370 3106 Cantabrig.
3418 3037 3567 3101 cod..
3614 3036 3829 3093 Gnaeo-

2233 3125 2372 3189 Lat.,
2409 3126 2558 3179 Colb.
2584 3126 2640 3188 ἓ,
2668 3126 2822 3190 Sax.,
2852 3125 3010 3181 codd.
3039 3142 3168 3181 mss.
3202 3126 3375 3182 Arab.
3407 3136 3462 3183 et
3489 3127 3709 3198 quidam
3738 3143 3828 3183 an-

2156 3217 2200 3280 C
2237 3219 2364 3287 tiqui
2413 3217 2571 3274 codd.
2607 3218 2722 3273 Lat.
2756 3217 2896 3288 apud
2946 3218 3191 3272 Martian.
3237 3229 3290 3274 et
3329 3217 3486 3290 Brug.
3524 3219 3667 3275 heic.
3716 3219 3826 3275 Non

2236 3313 2416 3382 legunt
2447 3313 2619 3382 ipsum
2654 3313 2950 3382 Origenes,
2993 3321 3049 3366 ct
3092 3313 3319 3368 Sanctus
3351 3312 3737 3384 Hieronymus,
3769 3323 3821 3368 et

2233 3405 2372 3474 apud
2403 3421 2665 3459 canonem
2700 3405 2915 3460 Eusebii
2946 3405 3202 3460 tribuitur
3221 3420 3342 3476 cap.
3366 3421 3440 3471 xt,
3471 3422 3526 3460 v.
3558 3406 3826 3468 521mm;

2235 3498 2589 3567 quamobrem
2630 3497 2687 3550 lit
2728 3497 3059 3566 conjectura:
3094 3497 3278 3566 locus,
3327 3497 3478 3554 illum
3516 3514 3546 3554 e
3587 3499 3734 3556 Luca
3775 3499 3824 3554 in

2240 3587 2548 3644 Matthzrum
2584 3588 2750 3643 fuisse
2769 3589 3112 3643 translatum.

2310 3682 2495 3736 Matth.
2522 3697 2642 3751 cap.
2667 3699 2816 3746 xxvi,
2845 3698 2898 3736 v.
2931 3683 3020 3737 64.
3048 3682 3107 3737 In
3133 3681 3434 3739 Vercellen.
3471 3682 3672 3739 Veron.
3701 3683 3829 3740 Cor-

2237 3776 2419 3832 bcicn.
2451 3785 2508 3831 et
2540 3776 2776 3830 Brixian.
2825 3774 2978 3830 deest
3007 3791 3130 3842 vox,
3162 3773 3282 3840 Dei,
3315 3785 3369 3831 et
3407 3776 3476 3830 ita
3510 3776 3562 3830 in
3598 3776 3657 3832 S.
3690 3776 3831 3832 Hila-

2237 3873 2299 3927 rii
2330 3871 2421 3926 lib.
2453 3871 2560 3926 tde
2599 3870 2886 3938 Trinitate,
2914 3879 3043 3924 tom.
3076 3885 3135 3936 ιι,
3175 3885 3300 3940 pag.
3343 3867 3434 3936 20,
3470 3879 3524 3924 et
3564 3870 3620 3925 in
3652 3870 3829 3926 Saneti

2239 3964 2509 4018 Ambrosii
2541 3963 2634 4017 lib.
2660 3978 2697 4016 ιι
2720 3961 2786 4016 de
2810 3961 2941 4016 Fide
2965 3977 3086 4030 cap.
3125 3960 3212 4028 12,
3243 3976 3363 4032 pag.
3384 3961 3513 4017 490.

2311 4057 2498 4112 Matth.
2526 4071 2644 4126 cap.
2678 4072 2854 4123 xxvtt,
2885 4073 2936 4111 v.
2964 4057 3017 4122 9,
3051 4056 3104 4110 in
3131 4056 3435 4112 Vercellen.
3466 4067 3520 4113 et
3555 4057 3827 4112 Veronen.

2237 4149 2409 4212 deest.
2442 4149 2777 4205 Hieremiam.
2825 4150 2999 4204 Lucas
3044 4149 3233 4219 Brng.,
3274 4147 3520 4213 Jansen.,
3573 4149 3831 4214 Maldon.,

2239 4243 2437 4297 Baron.
2467 4245 2619 4298 aiunt
2643 4244 2846 4298 nullius
2879 4244 3156 4314 prophetae
3186 4228 3383 4299 nomen
3407 4245 3474 4299 ab
3504 4245 3832 4316 evangelista

2239 4333 2358 4390 huic
2406 4337 2634 4405 positum
2681 4335 2866 4397 fuisse,
2918 4334 3314 4405 suﬂ'ectumque
3359 4334 3564 4389 librarii
3611 4334 3830 4389 arbitrio

2243 4426 2580 4493 Hieremiam,
2631 4427 2880 4482 relictum
2925 4426 3122 4481 deinde
3171 4426 3512 4496 antiquitatis
3553 4426 3828 4496 obsequio.

2240 4520 2378 4575 Sunt
2408 4529 2587 4574 tamen
2621 4519 2791 4575 Οιωοί
2832 4519 3068 4584 codices,
3112 4528 3273 4590 atque
3313 4519 3545 4592 Syriaci,
3597 4517 3828 4580 Arabici,

531 4625 638 4681 que
665 4609 836 4674 deest,
861 4627 1009 4664 soror
1037 4614 1166 4684 ejus,
1192 4611 1279 4681 qui
1309 4620 1539 4664 mortuus
1569 4614 1754 4682 fuerat.
1791 4610 1853 4664 lit
1885 4610 1957 4665 ita
1985 4611 2036 4666 in
2064 4613 2124 4666 S.
2156 4616 2206 4676 D
2233 4623 2287 4669 et
2319 4613 2522 4668 Persici
2546 4612 2685 4681 apud
2711 4611 2838 4667 Var.
2866 4611 3014 4666 Lect.
3046 4611 3215 4676 Millii,
3250 4612 3381 4666 item
3402 4611 3458 4666 S.
3485 4610 3626 4680 Aug.
3660 4609 3749 4664 lib.
3774 4624 3828 4663 tn

534 4702 791 4758 Ambros.
823 4717 1003 4757 enarr.
1030 4702 1082 4756 in
1113 4701 1312 4756 Psalm.
1347 4717 1553 4768 xxxvu,
1588 4717 1707 4773 pag.
1740 4702 1866 4757 841.

604 4797 736 4852 Luc.
771 4813 890 4868 cap.
926 4811 974 4849 vt
1002 4837 1018 4861 ,
1062 4795 1156 4849 21.
1229 4795 1563 4860 Vercellen.,
1595 4795 1740 4850 Beati
1771 4838 1785 4862 ,
1809 4797 1898 4866 qui
1931 4797 2136 4853 esuritis

535 4909 694 4959 nunc,
725 4902 768 4948 et
786 4893 962 4958 sititis,
989 4899 1096 4947 etc.
1144 4888 1348 4944 Veron.
1378 4931 1392 4956 ,
1422 4888 1569 4944 Beati
1594 4891 1682 4957 qui
1714 4907 1849 4943 nunc
1901 4894 2136 4945 esuriunt

535 4993 582 5037 et
604 4985 969 5057 sitiunt;quia
1021 4984 1120 5054 ipsi
1157 4983 1544 5037 saturabuntur.
1599 4981 1921 5048 Corbeien.,
1987 4983 2137 5038 Beati

535 5076 624 5145 qui
649 5091 788 5129 nunc
815 5077 1064 5140 esurimtt,
1093 5084 1139 5130 et
1169 5074 1348 5128 sitiunt
1371 5091 1389 5140 ;
1416 5074 1538 5144 quia
1566 5074 1952 5141 saturabuntur,
1981 5084 2036 5130 et
2059 5075 2131 5130 ita

537 5169 598 5225 S.
629 5166 947 5224 Ambrosius
995 5169 1049 5224 in
1104 5169 1199 5224 lib.
1231 5171 1267 5223 ti
1315 5167 1384 5222 de
1412 5165 1567 5221 Oflic.
1612 5167 1841 5222 Minislr.
1886 5182 2007 5238 cap.
2034 5183 2129 5233 tv,

537 5276 661 5332 pag.
695 5259 764 5315 74
789 5301 802 5324 ,
831 5269 888 5316 et
919 5262 971 5316 in
1002 5261 1096 5317 lib.
1129 5278 1145 5316 ι
1184 5261 1253 5317 de
1306 5258 1439 5316 Cain
1467 5267 1522 5316 et
1547 5258 1682 5314 Abel
1708 5300 1724 5326 ,
1756 5274 1874 5330 cap.
1902 5259 1936 5315 5
1961 5300 1976 5327 ,
2009 5275 2129 5330 pag.

540 5352 665 5410 19:2.

613 5443 743 5499 Luc.
774 5458 896 5512 cap.
932 5459 984 5508 κ,
1009 5444 1061 5498 7.
1102 5443 1408 5500 Vercellen.
1434 5458 1550 5517 qua:
1568 5441 1758 5497 abillis
1779 5453 2133 5514 apponuntur.

539 5537 600 5594 S.
629 5539 959 5607 Augustinus
982 5537 1032 5591 in
1063 5535 1157 5591 lib.
1186 5537 1252 5592 de
1275 5536 1450 5608 Opere
1479 5536 2032 5603 Mouachorum,tom.
2057 5553 2132 5602 vt,

539 5648 660 5705 pag.
684 5631 812 5697 480,
843 5648 958 5700 qua:
978 5630 1041 5684 ab
1067 5631 1198 5701 ipsis
1223 5642 1361 5685 sunt.

611 5729 776 5784 Marc.
805 5741 924 5797 cap.
957 5741 995 5791 ι,
1031 5724 1115 5780 10.
1153 5725 1209 5779 ln
1245 5724 1544 5782 Vercellen.
1575 5735 1695 5796 post
1729 5725 1954 5782 verbum
1980 5767 1994 5790 ,
2023 5725 2138 5780 des-

539 5822 856 5902 gendentem,
879 5820 1115 5887 additur,
1137 5819 1191 5874 in
1208 5835 1356 5885 eum;
1379 5818 1433 5875 in
1460 5817 1749 5877 Corbeien.
1777 5837 1932 5892 super
1956 5821 2136 5886 illum;

2239 4705 2306 4761 dc
2343 4705 2622 4760 Conscnsu
2652 4704 2912 4774 Evangel.
2946 4718 3064 4774 cap.
3098 4703 3153 4769 7,
3187 4711 3242 4758 et
3267 4702 3482 4774 quidam
3529 4703 3647 4758 Lat.
3673 4702 3824 4758 codd.

2240 4799 2292 4853 in
2323 4799 2518 4869 quibus
2550 4799 2770 4852 minime
2803 4797 3018 4868 legitur,
3052 4796 3168 4852 sive
3193 4796 3225 4851 ii
3255 4794 3508 4864 descripti
3542 4794 3736 4850 fuerint
3758 4809 3825 4848 ex

2239 4891 2646 4958 vetustioribus,
2684 4906 2713 4944 a
2740 4890 2934 4962 quibus
2965 4890 3094 4944 illud
3136 4890 3346 4957 aberat,
3376 4890 3494 4944 sive
3520 4904 3734 4945 erasum
3761 4887 3830 4943 ab

2241 4983 2306 5039 iis
2334 4983 2495 5037 fuerit
2519 4982 2620 5038 hoc
2649 4998 2864 5048 nomen,
2892 4982 3090 5053 quippe
3118 4997 3146 5036 a
3177 4982 3299 5037 loco
3321 4981 3583 5038 alienum.

2311 5075 2508 5133 Joann.
2539 5091 2659 5147 cap.
2694 5092 2805 5140 vm,
2836 5092 2890 5131 v.
2935 5077 2986 5130 1.
3033 5075 3088 5130 ln
3117 5075 3304 5130 codice
3338 5073 3546 5130 Verccl.
3597 5083 3654 5130 et
3686 5072 3829 5130 Brix.

2241 5167 2738 5224 desuutduodecim
2764 5169 2972 5236 priores
2985 5181 3176 5222 versus
3200 5165 3360 5235 hujus
3382 5165 3597 5236 capitis.
3624 5165 3831 5220 Haben-

2245 5272 2330 5318 tur
2369 5263 2422 5317 in
2448 5261 2610 5317 Corb.
2641 5261 2763 5316 Gat.
2807 5271 2862 5317 et
2899 5261 3027 5316 Mm.
3075 5259 3132 5314 In
3167 5259 3468 5315 Veronensi
3509 5267 3689 5314 autem
3719 5257 3832 5314 dua:

2245 5353 2486 5426 paginzc,
2547 5354 2742 5425 quibus
2805 5352 3266 5418 continebantur,
3325 5350 3544 5406 fuerunt
3599 5352 3828 5412 abrastc;

2243 5449 2391 5503 limbi
2420 5448 2597 5502 adhuc
2633 5457 2895 5518 apparent
2943 5448 2995 5501 in
3023 5446 3231 5501 codice.
3263 5445 3436 5500 Porro
3471 5445 3524 5500 in
3564 5446 3832 5502 codicibus

2244 5540 2466 5605 Grtccis,
2494 5541 2779 5611 latinisqne
2820 5537 3230 5609 quampluribns
3273 5538 3385 5608 ipsa
3429 5536 3486 5591 8.
3528 5536 3831 5615 Hieronymi

2243 5633 2894 5699 tetatedesiderabautur,
2941 5641 2999 5687 ut
3027 5632 3144 5702 ipse
3186 5639 3417 5686 testatur
3449 5630 3545 5686 lib.
3583 5646 3622 5686 ιι
3651 5640 3832 5687 contra

2242 5725 2431 5797 Pelag.
2463 5742 2583 5797 cap.
2612 5727 2667 5793 6,
2698 5743 2794 5798 per
2825 5727 2941 5782 haec
2971 5726 3132 5781 verba
3168 5741 3182 5779 :
3217 5723 3284 5779 In
3323 5722 3606 5794 Evangelia
3647 5739 3825 5779 secun-

2244 5818 2369 5872 dum
2395 5817 2649 5874 Joannem
2673 5820 2724 5874 in
2750 5820 2924 5874 multis
2948 5826 2997 5873 et
3025 5816 3239 5884 ercis,
3272 5825 3320 5871 et
3350 5814 3553 5870 Latinis
3576 5815 3832 5871 codicibus
