3968 6332
157 301 221 358 97
577 267 580 270 ’
1131 298 1463 358 EPISTOLA
1504 299 1838 359 RUGGERH
1878 301 2359 361 NOVARIENSIS.
3330 307 3402 364 98

156 428 240 466 non
264 410 496 464 invenitur
517 409 575 461 de
599 408 832 464 adultera
861 411 1102 480 muliere,
1136 422 1264 480 etc.,
1300 430 1501 486 eosque
1528 417 1698 472 versi-
1728 427 1782 487 Α
1808 424 1956 473 taxat
1983 419 2348 475 narrationem
2382 419 2522 476 ltattc
2547 436 2652 476 non
2694 422 2920 477 terebat.
2953 422 3156 477 Praesto
3181 421 3259 477 illi
3287 431 3405 478 erat

153 504 280 561 culos
319 517 417 557 non
460 503 638 569 legunt
665 501 837 559 Graeci
872 505 1060 561 Patres
1105 507 1372 577 plerique.
1420 509 1498 564 Ex
1532 509 1700 565 inter-

151 599 357 670 pretibus
391 597 440 652 in
470 595 664 653 Catena
694 597 878 655 Grzeea
909 599 1173 665 collectis,
1209 601 1379 657 tribus
1411 618 1604 673 nempe
1633 611 1690 657 et

153 690 327 762 viginti,
376 705 526 745 nemo
552 689 651 744 hos
676 691 989 762 explicavit.
1037 692 1282 750 Omisere
1319 694 1601 765 Origenes,
1633 694 1693 751 8.

161 781 561 852 Cltrysostomus,
606 781 849 849 Nonnus,
897 785 1208 855 caeteriqttc.
1248 788 1456 841 Asserit
1494 787 1695 842 Maide-

152 884 282 928 natus
307 873 436 928 inter
462 871 646 928 Graeca
678 875 1008 944 exemplaria
1034 918 1048 942 ,
1091 894 1213 948 qua:
1243 878 1358 948 ipse
1388 881 1695 946 consuluit,

150 965 320 1022 ttullum
341 963 522 1032 fuisse,
553 966 604 1020 in
634 982 742 1038 quo
773 967 888 1024 haec
911 971 1150 1026 narratio
1180 971 1468 1043 legeretur,
1504 984 1699 1042 printer

151 1072 285 1112 unum
324 1057 614 1123 dumtaxat,
663 1058 874 1116 Leontii
918 1064 1307 1118 commentaria
1374 1065 1694 1129 continens;

151 1151 236 1205 imo
267 1148 512 1205 Leontius
557 1151 675 1221 ipse
717 1151 770 1206 in
804 1156 1229 1222 commentariis,
1284 1171 1505 1225 prorsus
1553 1157 1698 1211 illam

150 1245 368 1313 praeterit,
395 1243 724 1316 Gnaeusque
757 1254 934 1302 textus
959 1247 1264 1318 ltujusmodi
1294 1250 1700 1305 commentariis

147 1336 342 1403 additus,
368 1337 540 1393 obelis
578 1336 684 1393 hoc
713 1339 834 1394 loco
875 1349 1111 1406 notatur,
1160 1350 1218 1396 ut
1245 1341 1536 1412 intelligas,
1567 1356 1699 1412 apo-

147 1432 362 1501 crypltam
414 1446 534 1486 esse
593 1431 990 1488 narrationem.
1047 1433 1279 1490 Codices
1333 1434 1468 1490 alios
1520 1435 1702 1489 laudat

145 1523 326 1588 Millitts,
358 1524 454 1580 hac
480 1527 796 1582 narratione
826 1535 1098 1584 carentes.
1128 1528 1279 1584 Illam
1308 1530 1531 1585 Arineni
1561 1546 1591 1583 e
1620 1529 1700 1583 hi-

144 1615 239 1670 bliis
261 1616 363 1670 suis
403 1618 620 1686 penitus
665 1618 940 1675 delevere.
986 1620 1206 1691 Syriaca
1236 1622 1413 1676 versio
1452 1622 1503 1676 itt
1543 1621 1699 1692 Puly-

141 1708 290 1778 glattis
332 1709 722 1775 parisiensibus
783 1726 845 1765 ac
919 1711 1392 1779 Londinensibus,
1441 1728 1504 1767 ac
1543 1725 1698 1766 vetus

139 1803 283 1857 versio
305 1801 527 1858 Gothica
554 1803 785 1873 Ulphilac
816 1821 920 1859 nutt
951 1804 1152 1860 l'cruttt.

194 1894 373 1949 Vetusti
402 1895 624 1965 quidam
659 1897 832 1951 Graeci
873 1897 1090 1953 codices
1132 1898 1276 1953 illam
1304 1897 1406 1953 hoc
1434 1899 1553 1953 loco
1586 1915 1693 1953 ιιιιιι

137 1987 325 2055 habent;
349 1990 440 2045 sed
461 1990 562 2045 alii
591 1991 658 2046 ad
688 1992 892 2046 calcem
924 1993 1115 2062 capitis
1143 2010 1234 2048 xxt
1265 1995 1442 2060 Lucae,
1476 2003 1533 2048 ut
1556 1994 1690 2049 Cod.

137 2080 349 2138 Leicestr.
376 2084 525 2153 apud
558 2084 783 2140 Millium
812 2095 866 2141 et
887 2085 1061 2141 Paris.
1088 2086 1141 2152 6,
1173 2089 1313 2157 apud
1337 2087 1576 2153 Kustcr.;
1604 2087 1695 2142 alii

136 2175 185 2229 ad
205 2177 382 2232 calcem
407 2179 714 2248 Evangelii,
735 2189 792 2234 ttt
821 2179 983 2238 codd-
1017 2181 1151 2250 Reg.
1183 2182 1322 2238 1879
1349 2191 1405 2236 et
1438 2182 1606 2245 1883;
1640 2181 1691 2234 itt

133 2272 361 2328 nonnullis
381 2288 408 2325 a
436 2273 656 2343 reliquo
682 2281 830 2328 textu
856 2275 1220 2342 peculiaribus
1246 2275 1387 2328 notis
1415 2273 1698 2344 distingui-

137 2372 226 2427 tur;
263 2364 392 2433 apud
415 2364 562 2420 alios
584 2365 799 2423 codices
820 2366 873 2421 in
903 2383 998 2422 ora
1023 2368 1141 2422 libri
1171 2367 1383 2438 legitur,
1409 2368 1490 2423 vel
1519 2369 1695 2423 mino-

133 2455 248 2510 ribus
269 2455 454 2512 litteris
474 2457 830 2514 describitur.
857 2459 1202 2530 Entltymiue,
1235 2459 1388 2514 initio
1410 2459 1594 2514 szcculi
1620 2475 1695 2514 xu

135 2551 314 2615 ﬂorens,
355 2552 499 2606 illam
553 2553 608 2607 iit
640 2553 1048 2608 commentariis
1088 2553 1509 2623 interpretatur;
1551 2567 1604 2608 at
1643 2556 1694 2610 in

133 2644 252 2700 libris
289 2647 500 2718 optimae
559 2657 702 2701 nota:
738 2645 1032 2702 desiderari
1085 2646 1169 2701 vel
1233 2646 1393 2701 obelo
1439 2646 1697 2718 distingui

135 2738 317 2805 asserit;
359 2749 730 2810 quapropter,
777 2738 971 2809 inquit,
1002 2738 1276 2808 adscripta
1304 2737 1572 2803 videntur,
1608 2738 1698 2792 vel

133 2830 292 2888 addita.
323 2833 378 2890 8.
405 2832 858 2904 Chrysosmtnus,
887 2846 1045 2902 quem
1078 2831 1288 2901 patroni
1319 2831 1478 2899 hujus
1508 2845 1692 2884 narra-

134 2925 262 2978 tionis
299 2925 556 2989 rccitant,
589 2923 643 2977 itt
670 2922 862 2977 Latina
901 2922 1116 2989 quidem
1155 2921 1409 2975 versione
1451 2919 1698 2974 Humilia:

133 3031 184 3072 ιι
207 3019 250 3072 itt
275 3017 542 3074 Joannem
585 3016 828 3071 mulieris
868 3015 1130 3070 adultera:
1163 3014 1446 3079 meminit,
1478 3010 1699 3068 minime

133 3113 344 3167 tamenin
367 3112 591 3178 Graeco,
614 3111 703 3166 ubi
728 3108 860 3164 illud
889 3109 1051 3165 habet
1069 3108 1350 3174 duntaxat,
1390 3107 1534 3177 quod
1560 3106 1699 3161 Pha-

1802 507 2243 581 Cantabrigensis
2268 512 2438 566 codex
2469 513 2857 568 celeberrimus
2910 529 2974 569 ac
3001 513 3404 570 vetustissimus

1800 602 1941 672 apud
1973 619 2131 672 quem
2161 604 2292 657 olim
2325 603 2439 657 ltﬂft‘.
2462 605 2761 673 l--gcbatttr.
2798 606 2942 662 Libri
2969 622 3178 674 omnes,
3207 606 3403 678 quibus

1802 711 1931 750 usus
1955 707 2035 750 est
2080 696 2350 752 “uberius
2395 697 2725 766 Stephanus,
2777 714 2884 754 non
2916 701 3197 770 pauciores
3239 715 3398 770 quam

1802 789 2076 843 sexdecim
2105 829 2121 856 ,
2151 790 2283 843 editi
2313 806 2524 856 omnes,
2558 791 2935 863 innumerique
2965 809 3124 847 manu
3157 794 3360 848 exarati
3387 811 3402 860 ;

1801 880 2048 950 plerique
2100 895 2312 947 eorum,
2358 897 2494 952 quos
2541 883 2678 936 vidit
2723 882 2940 950 Millius,
2992 885 3139 939 illam
3181 885 3406 940 exhibe-

1803 970 1954 1025 bant.
1985 971 2207 1026 Latinos
2247 973 2486 1040 codices,
2521 975 2574 1028 in
2603 973 2800 1042 quibus
2828 989 2892 1029 ea
2920 974 3282 1042 desideratur,
3315 991 3406 1032 so-

1801 1060 1881 1117 los
1907 1061 2116 1117 Vercel.
2147 1074 2201 1118 et
2224 1063 2374 1118 Brix.
2403 1065 2670 1119 novimus.
2706 1065 2861 1133 Quod
2891 1066 2957 1121 ad
2985 1067 3404 1139 Syriacos,Ara-

1801 1153 1974 1221 bicos,
2003 1153 2257 1225 Cupticos
2279 1157 2494 1224 attinet,
2523 1157 2706 1226 plures
2736 1157 2968 1215 fortasse
2991 1170 3116 1216 sunt
3162 1162 3253 1232 qui
3282 1177 3402 1217 eam

1799 1246 2001 1315 ferunt,
2030 1263 2191 1319 quant
2219 1250 2307 1319 qui
2340 1251 2596 1305 omisere.

1875 1340 2045 1396 σι’ωοί
2096 1341 2280 1396 Patres
2310 1341 2573 1398 Joannem
2625 1341 2984 1414 interpretati,
3037 1343 3217 1400 locum
3264 1346 3407 1401 hunc

1803 1436 2137 1505 praeteriere,
2187 1437 2301 1492 sive
2328 1435 2468 1506 quod
2500 1437 2818 1507 perspicuus
2847 1437 3016 1510 magis
3043 1449 3209 1505 esset,
3241 1455 3402 1510 quam

1801 1528 2166 1597 explicatione
2203 1517 2500 1599 indigeret,
2553 1530 2669 1584 sive
2700 1528 2840 1598 quod
2874 1529 3112 1599 ipsorum
3158 1531 3212 1585 itt
3255 1531 3408 1586 libris

1802 1635 1907 1673 non
1939 1618 2246 1676 haberetur.
2280 1621 2571 1685 Tatiantts,
2603 1622 2690 1692 qui
2713 1636 2866 1676 anno
2895 1621 3115 1677 circiter
3145 1622 3248 1678 160
3276 1621 3403 1677 Jesu

1801 1714 1998 1768 Christi
2037 1715 2239 1782 lloruit,
2283 1716 2351 1770 60
2381 1727 2501 1786 post
2533 1715 2757 1770 Joannis
2795 1717 3142 1786 evangelistte
3171 1717 3404 1778 obitum,

1729 1817 1774 1874 Β
1801 1819 1857 1863 et
1882 1809 2202 1863 Ammonius
2251 1824 2392 1863 anno
2434 1809 2606 1864 ferme
2633 1809 2742 1865 220
2770 1809 2898 1866 Jesu
2926 1808 3151 1876 Christi,
3204 1819 3262 1866 et
3300 1811 3405 1864 120

1801 1910 1921 1970 post
1946 1899 2207 1955 Joannem
2241 1902 2506 1966 scribens,
2539 1901 2906 1958 narrationem
2937 1917 3208 1973 agnovere
3238 1917 3407 1958 cano-

1799 1991 1974 2049 nicam
1997 2002 2052 2048 et
2078 1995 2128 2048 itt
2160 1994 2473 2065 Evangelica
2501 1995 2790 2050 concordia
2819 1996 2885 2051 ab
2911 2006 3142 2065 utroque
3173 1997 3390 2051 concin-

1800 2098 1944 2154 nata,
1983 2103 2048 2142 ex
2082 2103 2185 2157 qua
2214 2088 2513 2158 desumpsit
2549 2088 2816 2144 Eusebius
2846 2089 3055 2144 tabulas
3089 2092 3205 2145 suis
3235 2105 3406 2144 cano-

1801 2180 1960 2235 nibus
2001 2180 2337 2246 inserendas,
2388 2180 2714 2236 recitavere.
2759 2181 2909 2236 Illam
2947 2179 3168 2236 omnino
3201 2181 3404 2250 excipit

1801 2273 1859 2330 8.
1915 2273 2276 2346 Hieronymus
2325 2274 2420 2329 lib.
2473 2290 2513 2328 tt
2559 2284 2748 2331 contra
2792 2275 3144 2348 Pelagianos},
3202 2278 3405 2348 quippe

1799 2382 1959 2437 quant
1986 2379 2171 2422 contra
2203 2368 2349 2438 ipsos
2379 2369 2701 2440 Pelagianos
2730 2379 2961 2436 torquet.
2996 2368 3114 2424 Non
3143 2371 3313 2425 semel
3345 2373 3394 2426 itt

1802 2459 1952 2514 libris
1967 2461 2078 2514 sois
2099 2476 2162 2515 ea
2193 2462 2363 2516 utitur
2389 2463 2446 2520 S.
2480 2461 2838 2532 Augustinus,
2870 2478 3065 2534 nempe
3091 2462 3197 2531 hic,
3220 2463 3399 2519 Traet.

1800 2553 1871 2608 '52
1899 2562 1956 2609 et
1998 2553 2073 2608 lib
2118 2571 2153 2608 tt
2187 2556 2254 2610 de
2285 2555 2464 2612 Adult.
2513 2557 2730 2628 conjug.
2779 2571 2900 2625 cap.
2934 2556 2968 2611 6
3002 2568 3054 2612 et
3087 2556 3144 2624 7,
3180 2567 3235 2613 et
3263 2557 3404 2613 libro

1801 2647 1868 2702 de
1901 2662 2024 2702 vera
2074 2657 2128 2701 et
2153 2647 2286 2702 falsa
2312 2649 2580 2706 Poenituit.
2613 2665 2733 2720 cap.
2769 2651 2858 2716 l5,
2883 2659 2938 2705 et
2959 2651 3117 2720 epist.
3148 2651 3277 2706 olim
3309 2650 3400 2717 51,

1803 2754 1945 2794 nunc
2002 2739 2138 2805 155,
2191 2749 2246 2794 et
2298 2740 2392 2795 lib.
2445 2741 2513 2796 de
2566 2741 2851 2796 Conseusu
2903 2741 3400 2812 Evangelismrum,

1800 2849 1920 2906 cap.
1953 2834 2017 2888 10
2042 2845 2094 2888 et
2118 2834 2264 2888 alibi.
2289 2833 2456 2889 Vetus
2486 2835 2920 2904 Apostolicarum
2943 2834 3403 2891 Constitutionutn

1801 2936 1992 2982 auctor
2023 2927 2117 2982 lib.
2163 2945 2219 2994 tt,
2251 2943 2373 2998 cap.
2424 2927 2517 2995 Ἡ,
2549 2927 2794 2998 ejusdem
2841 2928 3110 2995 meminit,
3169 2928 3407 2999 itemque

1804 3019 2067 3090 Synopsis
2109 3020 2308 3075 Sancto
2330 3019 2630 3076 Athanasio
2656 3020 2954 3092 adscripta,
2988 3021 3065 3075 uti
3095 3032 3148 3077 et
3178 3021 3238 3078 S.
3269 3023 3404 3077 Atti-

1803 3111 2018 3168 brositts
2036 3112 2128 3167 lib.
2155 3128 2212 3166 ιιι
2235 3113 2302 3168 de
2329 3113 2530 3182 Spiritu
2555 3114 2776 3182 Sancto,
2799 3129 2920 3184 cap.
2953 3114 3080 3169 item
3102 3125 3157 3169 et
3183 3113 3281 3172 lib.
3310 3130 3406 3180 vtt,

133 3203 245 3260 risui
267 3220 291 3258 a
316 3203 443 3261 Jesu
485 3204 829 3274 quatsivere,
863 3201 1054 3258 liceret
1094 3216 1162 3258 ne
1187 3216 1414 3256 uxorem
1458 3199 1700 3270 qualibet
1724 3208 1768 3270 ί]
1802 3207 1962 3276 epist.
1997 3206 2089 3272 58,
2118 3218 2174 3262 et
2205 3207 2299 3261 lib.
2329 3222 2403 3271 tx,
2438 3208 2597 3278 epist.
2631 3207 2700 3262 76
2721 3247 2736 3273 ,
2767 3206 3062 3278 cazteriqne
3095 3207 3272 3262 Latini
3307 3207 3408 3262 Pa-

132 3311 186 3352 ex
207 3312 350 3353 causa
372 3297 692 3368 repudiare.

183 3389 353 3448 Narrat
392 3390 670 3448 Eusebius
703 3389 837 3446 llist.
873 3389 1020 3446 Eccl.
1061 3388 1157 3445 lib.
1200 3403 1278 3453 ιιι,
1313 3403 1433 3457 cap.
1493 3387 1562 3442 ’59
1605 3401 1703 3442 seu

133 3483 306 3552 ultimo,
349 3484 580 3554 Papiam
602 3480 824 3538 Joannis
846 3482 1193 3552 evangelista:
1221 3480 1543 3550 discipulum
1573 3496 1700 3534 seno

136 3576 296 3631 tentias
354 3577 754 3645 orationesque
821 3575 1170 3645 quamplures
1215 3589 1282 3628 ex
1332 3573 1702 3640 apostolorum

133 3681 205 3723 ore
226 3670 519 3740 collegisse,
563 3683 684 3738 qua:
711 3667 762 3720 in
789 3664 1206 3737 Evangeliorum
1247 3663 1398 3718 libris
1424 3680 1531 3718 non
1561 3664 1704 3734 lege.

134 3760 320 3830 bantur;
350 3765 494 3820 inter
521 3771 761 3818 caeteras
784 3775 914 3816 vero
942 3769 989 3814 et
1021 3758 1168 3814 illaut
1197 3757 1467 3812 historiam
1498 3757 1562 3812 de
1591 3774 1706 3811 ntu-

137 3855 249 3922 liere,
289 3859 575 3913 multorum
601 3856 921 3927 ﬂagitiorum
949 3865 1190 3909 accusata
1225 3855 1368 3923 aputl
1403 3852 1702 3906 Dominum.

138 3949 238 4014 Qui:
252 3950 483 4015 historia,
513 3949 700 4019 inquit
729 3947 1014 4013 Eusebius,
1035 3948 1088 4001 in
1113 3946 1396 4017 Evangelia
1422 3947 1706 4000 secundum

135 4041 342 4101 Henricus
369 4049 690 4102 continetur.
737 4043 864 4099 lltcc
893 4043 1107 4098 Eusebii
1139 4043 1300 4097 verba
1331 4043 1558 4098 eruditis
1585 4044 1708 4112 qui-

132 4133 318 4192 busdam
344 4138 667 4209 serupulum
701 4136 967 4206 iniecere,
1003 4151 1315 4205 prazsensne
1344 4135 1412 4190 de
1462 4134 1707 4190 adultera

132 4232 336 4286 narratio
360 4248 428 4288 ex
456 4230 676 4286 Joanne
701 4228 954 4299 primum,
984 4243 1050 4283 an
1083 4243 1148 4284 ex
1174 4227 1336 4297 Papia
1366 4227 1566 4294 ingenii
1591 4226 1709 4280 ttul-

131 4319 216 4377 lius
256 4323 491 4391 bontinc,
536 4339 610 4378 an
653 4321 886 4391 denique
930 4321 1194 4375 ltabeatur
1245 4334 1310 4374 ex
1357 4319 1707 4373 llebt‘tnurttm

129 4416 398 4485 evangelio,
453 4431 573 4486 quo
627 4415 702 4469 ttti
748 4422 980 4477 constat,
1029 4414 1231 4467 incerta
1280 4411 1596 4482 quamplura
1655 4421 1711 4466 et

131 4507 402 4580 apocrypha
451 4506 899 4562 continebantur.
954 4505 1162 4576 Pugnat
1207 4503 1408 4573 pariter
1460 4503 1511 4556 itt
1569 4502 1709 4556 illius

1806 3309 1916 3355 tres
1941 3318 2038 3370 pro
2061 3301 2487 3371 opportunitate.
2531 3299 2834 3356 Concilium
2867 3301 3103 3372 denique
3131 3300 3408 3356 Tridenti-

1806 3409 1930 3447 ttttttt
1955 3407 2092 3448 sess.
2117 3391 2150 3446 4
2173 3392 2242 3448 de
2269 3393 2472 3463 Seript.
2507 3392 2720 3447 Canon.
2752 3408 2874 3446 cum
2902 3407 3098 3447 omnes
3139 3392 3409 3464 singulas-

1804 3501 1909 3555 que
1940 3501 2026 3541 res
2057 3485 2109 3539 in
2139 3485 2539 3554 exemplaribus
2570 3485 2814 3556 Vulgatae
2840 3493 3147 3549 contentas,
3177 3483 3410 3541 Canoni.

1805 3592 1898 3632 cas
1918 3591 2036 3631 esse
2067 3577 2524 3647 pronuntiaverit,
2573 3577 2749 3631 locum
2783 3578 2924 3632 hunc
2953 3592 3075 3631 cum
3109 3577 3324 3632 cmteris
3355 3578 3410 3632 itt

1805 3668 2080 3725 Canonem
2103 3671 2344 3740 excepit,
2377 3668 2737 3740 eumdetnque
2760 3670 2839 3725 uti
2868 3671 3270 3736 authentieum,
3292 3667 3404 3723 Cri-

1805 3764 1895 3818 tici
1931 3764 2170 3833 plerique
2196 3761 2576 3826 eruditissimi,
2607 3763 2772 3817 etiam
2806 3761 3158 3829 lleterodoxi,
3193 3772 3251 3817 ut
3274 3761 3405 3817 Cal—

1809 3855 1946 3921 vin.,
1979 3854 2226 3918 Guntar.,
2278 3854 2523 3919 Selden.,
2562 3853 2759 3920 Uxor.,
2804 3852 2997 3919 Hehr.,
3033 3853 3130 3910 lib.
3164 3869 3283 3925 cap.
3319 3855 3408 3920 11,

1807 3947 2002 4002 Millins
2033 3948 2084 4002 itt
2113 3947 2237 4002 Not.
2268 3950 2321 4002 in
2344 3946 2407 4002 N.
2435 3947 2500 4002 Τ.
2531 3947 2734 4018 aliique
2765 3948 3188 4017 amplectuntur,
3239 3948 3412 4018 inquit

1807 4040 2020 4098 Calmet
2045 4041 2114 4096 ad
2144 4041 2287 4097 hunc
2309 4043 2509 4097 locum.

1881 4131 2040 4189 Unde
2084 4143 2262 4189 autem
2313 4134 2394 4200 lit,
2421 4146 2476 4188 ut
2508 4132 2656 4190 Libri
2706 4141 2920 4190 veteres
2943 4133 3154 4190 Vercel.
3185 4142 3241 4191 et
3260 4134 3409 4191 Brix.

1811 4226 2030 4297 aliique,
2070 4226 2374 4296 prtesertim
2405 4226 2606 4292 Graeci,
2654 4228 2797 4282 hunc
2839 4227 3018 4282 locum
3061 4243 3168 4283 non
3200 4229 3414 4284 ferant?

1811 4317 1868 4374 S.
1903 4321 2236 4389 Augustinus
2289 4319 2386 4374 lib.
2418 4334 2455 4373 ιι
2499 4318 2568 4373 de
2599 4319 2827 4390 Conjug.
2879 4320 3050 4376 adult.
3083 4335 3205 4391 cap.
3233 4322 3288 4387 '7,
3339 4323 3416 4375 la-

1811 4421 1958 4466 etum
1981 4425 2104 4466 esse
2127 4412 2220 4475 ait,
2252 4421 2308 4463 ut
2329 4411 2564 4464 nonnulli
2591 4411 2808 4466 modica:
2830 4413 2974 4481 ﬁdei,
3008 4414 3086 4468 uel
3116 4415 3286 4484 potius
3311 4414 3415 4468 itii-

1775 4497 1778 4500 ’
1812 4505 1930 4560 mici
1968 4520 2100 4559 uerte
2138 4505 2279 4573 ﬁdei,
2311 4504 2486 4572 credo,
2532 4514 2813 4559 metuentes
2843 4506 3092 4575 peccandi
3130 4507 3414 4578 impunita-

131 4598 464 4655 sinceritatem
526 4599 720 4668 ingens
765 4598 1036 4650 variarum
1083 4595 1376 4650 lectionum
1428 4607 1706 4661 numerus,
1736 4607 1789 4668 ι)
1815 4606 1914 4650 tem
1954 4596 2072 4650 dari
2100 4595 2398 4651 mulieribus
2422 4596 2548 4659 suis,
2591 4596 2748 4663 illud,
2781 4597 2918 4664 quod
2951 4599 3015 4652 de
3051 4599 3308 4655 adultera:
3335 4600 3415 4653 in-

134 4703 229 4760 quae
253 4694 300 4748 itt
331 4692 630 4749 duodecim
673 4692 941 4761 prioribus
976 4689 1167 4761 capitis
1206 4688 1364 4760 hujus
1399 4688 1708 4755 versiculis,

132 4789 334 4853 quamin
361 4788 588 4844 carueris
616 4784 894 4856 Evangelii
928 4784 1088 4855 hujus
1126 4781 1262 4838 locis
1308 4781 1710 4852 frequentiores

133 4876 480 4950 inveniuntur,
538 4889 600 4934 ttt
645 4878 827 4933 videre
876 4876 956 4932 las
993 4884 1079 4932 est
1127 4874 1270 4947 apud
1322 4874 1539 4930 Sixtum
1578 4873 1708 4929 Seu.

132 4968 253 5026 lib.t
301 4972 482 5040 Grot.,
518 4973 679 5038 Bez.,
717 4969 1064 5036 llamtttond.,
1119 4969 1276 5025 Joan.
1309 4966 1532 5033 Cleric.,
1560 4966 1714 5037 Cajc-

137 5069 224 5117 tan.
269 5064 358 5120 llis
401 5066 551 5120 adde
591 5078 890 5135 grzncarum
938 5072 993 5117 et
1043 5061 1392 5118 orientalium
1447 5059 1718 5116 Ecclesia-

134 5170 231 5212 rnm
268 5174 623 5224 consensum,
677 5172 900 5228 quarum
937 5155 1120 5211 multis
1160 5155 1214 5210 in
1252 5155 1405 5211 libris
1432 5152 1716 5210 desidera-

136 5257 222 5314 tur,
248 5260 384 5308 teste
427 5252 659 5309 Selden.
689 5249 858 5307 Uxor.
898 5249 1060 5306 Hebr.
1093 5249 1186 5304 lib.
1221 5263 1311 5315 ιιι,
1342 5262 1462 5316 cap.
1498 5247 1583 5302 11.
1614 5247 1715 5301 Ista

134 5354 256 5410 sunt,
281 5363 398 5417 qum
430 5347 486 5400 in
514 5345 675 5413 hujus
705 5343 954 5398 Historia:
989 5343 1357 5398 sinceritatem
1387 5341 1718 5411 objiciuntur

136 5431 194 5486 ab
211 5433 485 5492 Haereticis
520 5447 720 5490 nostra:
747 5436 942 5490 astatis.

198 5529 280 5586 His
303 5530 730 5603 respondemus,
761 5530 977 5586 codices
1007 5528 1303 5592 codicibus,
1333 5526 1536 5582 Grteeis
1563 5526 1715 5582 Grae-

137 5636 235 5691 cos,
285 5625 512 5681 Latinos
560 5634 614 5681 et
654 5624 975 5691 Orientales,
1011 5623 1213 5678 Lutinis
1255 5630 1310 5677 et
1349 5621 1719 5677 Orientalibus

137 5720 464 5786 opponendo.
500 5719 546 5772 Ε
585 5717 736 5773 libris
765 5716 969 5773 Gratcis
1008 5728 1214 5788 septem
1241 5726 1297 5772 et
1325 5716 1535 5781 decem,
1585 5729 1720 5785 quos

138 5807 350 5870 habebat
375 5809 706 5869 Theodorus
734 5810 870 5868 Bcza
900 5826 1062 5869 manu
1103 5818 1376 5879 exaratos,
1420 5825 1558 5866 unus
1584 5808 1724 5866 dun-

1819 4688 2085 4760 dulgentia
2109 4684 2364 4741 Dominus
2390 4688 2530 4758 fecit,
2573 4690 2836 4758 auferrent
2867 4687 2932 4743 de
2968 4688 3228 4744 codicibus
3266 4690 3414 4755 suis;

1817 4782 1966 4852 quasi
2004 4781 2389 4851 permissionem
2419 4781 2664 4850 peccandi
2693 4780 2946 4848 tribuerit,
2978 4783 3066 4851 qui
3107 4783 3237 4836 dixit
3257 4798 3277 4836 .'
3293 4785 3414 4854 jam

1821 4875 2057 4946 deinceps
2083 4875 2190 4928 noli
2211 4891 2443 4942 peccare.
2481 4875 2580 4929 Alii
2609 4891 2876 4932 censuere
2907 4892 2974 4932 ex
3011 4877 3305 4948 Evangelia
3327 4893 3416 4935 sc-

1819 4971 2053 5026 candum
2085 4969 2344 5024 Hebraeos
2388 4971 2438 5024 itt
2484 4969 2710 5025 Joannis
2752 4970 3100 5040 Evangeliutn
3131 4971 3414 5041 migrasse.

1819 5063 1935 5116 sive
1965 5078 1995 5114 a
2027 5061 2185 5131 l‘apia
2216 5061 2266 5115 itt
2299 5077 2392 5116 ora
2421 5061 2542 5118 libri
2588 5061 2944 5131 descriptum,
2986 5061 3186 5118 deinde
3215 5063 3267 5119 in
3301 5073 3420 5120 tex—

1821 5164 1934 5209 tum
1962 5155 2268 5224 irrepsisse.
2298 5154 2457 5210 Hisce
2480 5154 2805 5224 conjecturis
2835 5153 3012 5208 locum
3044 5154 3222 5212 iecere
3250 5158 3413 5214 verba

1821 5247 2040 5304 Eusebii
2079 5265 2198 5319 quin
2221 5249 2588 5305 recitavimus.
2619 5253 2687 5303 At
2719 5264 2826 5304 non
2849 5248 2980 5305 satis
3008 5251 3179 5322 liquet
3236 5264 3415 5311 utrum

1821 5341 1890 5398 de
1920 5343 2146 5397 muliere
2179 5342 2280 5397 hac
2321 5341 2564 5397 adultera
2607 5356 2674 5396 eo
2721 5342 2843 5396 loco
2874 5353 2992 5414 agat
3032 5345 3319 5413 Eusebius,
3355 5347 3424 5402 il-

1821 5435 1911 5491 lud
1942 5435 2220 5490 dumtaxat
2265 5435 2531 5497 scribens,
2584 5441 2854 5489 narratam
2898 5450 2925 5488 ει
2963 5435 3124 5506 Papia
3154 5439 3427 5493 Itii‘toriattt

1825 5527 1889 5581 tle
1916 5527 2149 5592 muliere,
2193 5525 2469 5580 multarunt
2515 5525 2832 5594 ﬂagitiorum
2877 5537 3121 5582 accusata
3147 5529 3289 5600 apud
3317 5529 3426 5585 Do-

1828 5620 2043 5686 minum,
2074 5635 2189 5688 qua:
2214 5619 2432 5672 historia
2471 5618 2522 5672 in
2551 5616 2834 5691 Evangelia
2865 5622 3144 5675 secundum
3178 5621 3431 5678 Hebrtvas

1825 5715 2193 5768 contineretur.
2250 5711 2367 5766 Nott
2422 5712 2671 5767 meminit
2727 5712 2996 5769 Eusebius
3050 5716 3292 5772 mulieris
3353 5717 3426 5772 dc

1828 5804 2094 5862 adulterio
2134 5803 2398 5861 duntaxat
2447 5804 2682 5874 delatas;
2735 5821 2898 5879 quam
2947 5811 3315 5868 narrationem
3370 5812 3430 5874 in
