3968 6332
528 285 598 344 99

1888 257 2424 322 PROLEGOHENA.

3730 256 3822 315 100

527 397 826 471 Evangelia
849 392 1142 452 secundum
1166 387 1424 447 Hebraeos
1447 383 1730 444 recitatam
1777 381 1947 438 fuisse
1976 379 2125 438 nullo
2152 387 2207 447 Α
2302 377 2433 433 Luc.
2476 389 2597 446 cap.
2659 391 2815 444 xxiv,
2865 374 2975 442 56,
3014 374 3071 430 in
3115 367 3420 429 Vercellen.
3461 377 3523 428 et
3556 369 3818 432 Veronen.

525 499 848 566 argumento
875 488 1159 545 discimus.

601 586 855 650 Grotius,
901 581 991 653 qui
1035 593 1156 636 eam
1191 575 1442 648 primitus
1480 591 1511 629 a
1548 572 1758 630 Joanne
1799 569 2127 640 descriptam

529 689 710 752 negat,
743 678 840 740 ait,
873 673 1123 729 traditam
1174 668 1451 740 discipulis
1491 667 1609 722 viva
1642 680 1777 721 voce
1805 664 1873 719 ab
1903 670 2129 730 aposto-

530 774 631 837 lis;
679 781 736 826 at
763 770 817 824 in
848 764 1156 837 Evangeliis
1187 763 1469 827 omissam,
1507 759 1654 831 quod
1687 757 1846 813 facile
1885 754 2013 811 inde
2043 768 2132 808 ca-

533 862 730 919 luumia
783 860 951 930 arripi
995 865 1184 929 posset
1230 852 1544 910 traducmdi
1601 849 1942 907 Christianos
1990 845 2131 916 apud

531 958 903 1026 magistratus,
952 949 1109 1022 quasi
1139 955 1450 1005 avertentes
1494 945 1707 1016 publica
1733 942 1960 1012 judicia,
2013 940 2134 1009 qui-

530 1049 631 1103 bus
662 1057 809 1102 stare
840 1046 1054 1100 videtur
1084 1041 1403 1113 reipublicae
1434 1038 1604 1093 salus.
1655 1036 1857 1092 Contra
1886 1029 2134 1090 defendit

529 1141 727 1196 Miliius
755 1140 967 1209 Prolog.
995 1137 1091 1203 25,
1122 1135 1254 1200 252,
1279 1133 1388 1190 255
1414 1143 1467 1190 et
1491 1132 1619 1198 892,
1652 1139 1924 1185 narratam
1946 1143 1977 1182 a
1997 1125 2135 1182 scri-

531 1243 689 1304 ptore
720 1232 998 1302 Evangelii
1043 1228 1340 1286 secundum
1383 1227 1644 1283 Hebrzeos
1673 1240 1743 1281 ex
1771 1238 1959 1279 eorum
2003 1219 2130 1288 lide,

529 1329 621 1399 qui
650 1327 719 1382 ab
749 1325 1013 1396 apostolis
1043 1323 1380 1386 didicerant;
1413 1320 1687 1388 variisque
1731 1314 2004 1386 adjunctis
2043 1329 2134 1368 or-

533 1432 736 1488 natam,
759 1423 832 1475 uti
864 1420 1180 1490 plerumque
1209 1418 1262 1470 in
1295 1415 1376 1470 his
1408 1415 1566 1470 rebus
1595 1428 1699 1468 usu
1718 1412 1894 1474 venit;
1919 1406 2130 1464 descri-

531 1525 675 1586 ptam
703 1512 899 1570 deinde
928 1527 958 1566 a
984 1511 1199 1566 Joanne
1226 1508 1281 1563 in
1306 1507 1600 1578 Evangelio
1633 1520 1700 1559 ex
1722 1499 2133 1557 accuratissima

429 1643 432 1646 ~
531 1608 790 1671 veritate,
847 1605 1046 1675 quippe
1076 1603 1230 1672 cujus
1270 1601 1349 1655 rei
1381 1599 1536 1654 testis
1567 1597 1686 1667 ipse
1717 1595 1914 1657 fuerat,
1945 1601 2133 1662 spreto

531 1700 616 1755 vel
661 1701 907 1769 ignorate
940 1711 1162 1768 prorsus
1203 1693 1501 1764 Evangelio
1522 1688 1822 1747 secundum
1851 1685 2128 1741 Hebraeos.

2234 472 2391 526 deest
2435 468 2574 523 Dicit
2623 470 2732 524 eis:
2775 486 2878 541 pax
2920 467 3090 534 vobis;
3133 481 3224 537 ego
3259 481 3399 531 sum,
3444 464 3605 520 nolite
3640 465 3824 522 timere.

2234 564 2407 620 Porro
2451 579 2513 616 ea
2552 563 2739 631 verba,
2791 562 2903 633 Ego
2947 575 3084 625 sum,
3111 559 3267 614 nolite
3313 557 3511 622 timere,
3556 557 3610 612 in
3647 556 3825 616 Greece

2235 673 2452 729 quoquo
2482 657 2881 714 desiderantur.
2933 656 3002 711 At
3047 669 3111 711 ea
3159 653 3348 724 legunt
3389 652 3674 709 versiones
3699 653 3828 725 Cop-

2238 752 2364 818 lica,
2414 750 2671 821 Syriaca,
2724 748 2963 813 Persica,
3016 746 3286 811 Arabica,
3347 743 3679 816 IEthiopica,
3731 745 3826 801 Ar-

2237 857 2418 908 mena,
2443 851 2548 897 etc.
2578 850 2633 896 et
2655 839 2756 897 SS.
2791 837 3114 895 Ambrosius
3143 845 3197 891 et
3227 835 3587 905 Augustinus.

2307 935 2495 990 Matth.
2548 949 2666 1006 cap.
2717 949 2814 999 vu,
2868 949 2918 987 ν.
2971 933 3058 997 15,
3109 929 3414 995 Vercellen.
3458 937 3515 984 et
3563 927 3826 984 Veronen.

2235 1046 2388 1102 quant
2420 1030 2525 1084 luta
2553 1038 2600 1083 ct
2629 1029 2860 1097 spatiosa
2885 1037 2959 1080 est
2999 1025 3101 1080 via.
3133 1023 3191 1078 8.
3234 1021 3601 1092 Hieronymus
3636 1020 3690 1076 in
3717 1020 3824 1091 epi-

2235 1127 2373 1182 stola
2406 1125 2510 1180 MS
2538 1165 2551 1188 ,
2586 1123 2637 1177 in
2667 1136 2774 1176 uno
2813 1133 2917 1176 ms.
2951 1133 3106 1190 quam
3144 1117 3250 1171 lata
3285 1123 3334 1170 et
3360 1115 3592 1184 spatiosa
3629 1114 3713 1168 via
3741 1123 3824 1169 est.

2235 1217 2293 1273 In
2317 1217 2448 1272 edit.
2475 1230 2605 1271 vero
2624 1214 2828 1270 Veron.
2863 1222 2996 1267 tom.
3019 1227 3059 1277 ι,
3094 1225 3218 1280 pag,
3254 1209 3414 1275 1095,
3432 1224 3590 1278 quam
3616 1208 3830 1279 spatiosa

2235 1313 2337 1366 ria.
2368 1311 2427 1366 S.
2457 1310 2708 1365 Ambros.
2735 1309 2787 1363 in
2816 1306 3050 1378 exposit.
3085 1305 3289 1375 Evang.
3329 1317 3444 1358 sec.
3471 1301 3614 1358 Luc.
3646 1301 3738 1356 lib.
3761 1316 3829 1368 tv,

2235 1419 2359 1475 pag.
2387 1401 2547 1467 1544,
2575 1405 2681 1456 tata
2710 1412 2756 1455 et
2783 1400 3038 1471 spatiosa,
3070 1397 3240 1453 relate
3266 1395 3333 1452 ad
3358 1397 3524 1450 viam.
3555 1394 3708 1452 Unus
3735 1410 3827 1450 ms.

2235 1499 2293 1553 S.
2324 1496 2610 1566 Augustini
2639 1495 2706 1549 de
2735 1493 2912 1549 Serm.
2942 1491 3156 1547 Domin.
3180 1505 3334 1560 quam
3355 1488 3463 1542 lata
3485 1496 3664 1558 porta.

2308 1589 2498 1644 Matth.
2537 1605 2657 1658 cap.
2709 1603 2832 1651 vm,
2865 1584 2958 1650 25,
3011 1584 3173 1640 verba
3221 1582 3467 1653 discipuli
3494 1583 3612 1653 ejus
3648 1580 3833 1636 desunt

2237 1685 2289 1740 iu
2313 1683 2617 1740 Vercellen.
2647 1691 2702 1738 et
2731 1679 3046 1745 Corbcien.,
3073 1688 3127 1734 et
3154 1679 3224 1732 ita
3255 1678 3308 1733 in
3337 1676 3615 1733 nonnullis
3643 1676 3832 1748 regina“.

535 1793 760 1858 Deinde,
788 1806 910 1847 cum
939 1790 1142 1845 sciolus
1185 1786 1383 1857 aliquis
1423 1801 1543 1841 eam
1575 1782 1940 1838 narrationem
1969 1778 2134 1835 Joan-
2164 1790 2209 1851 Β
2239 1779 2536 1836 Succorum
2568 1793 2699 1832 mss.
2734 1775 2938 1831 Latinis
2963 1773 3260 1829 Bibliorum
3288 1771 3444 1828 Sacr.

532 1887 616 1940 nis
646 1883 941 1954 Evangelio
979 1898 1046 1937 ex
1079 1879 1375 1951 Evangelio
1405 1877 1704 1933 secundum
1732 1874 1992 1929 Hebraeos
2032 1869 2134 1924 ad-

530 1977 697 2031 ditam
747 1975 1036 2046 putaverit,
1089 1973 1304 2044 adjecto
1352 1986 1484 2026 veru
1527 1978 1768 2033 notasse,
1822 1963 1990 2020 veluti
2035 1962 2137 2018 du-

529 2069 700 2132 biam,
725 2068 794 2122 ab
817 2067 924 2121 alio
954 2066 1174 2121 demum
1205 2063 1500 2119 audaciOre
1523 2066 1868 2132 expunctum.
1904 2055 1981 2110 Ita
2008 2069 2136 2111 scu-

530 2164 632 2219 sim
655 2162 710 2218 in
732 2161 943 2217 Graecis
973 2159 1250 2216 codicibus
1275 2155 1578 2212 desiderari
1611 2152 1935 2222 incmpisse;
1981 2163 2135 2204 cum-

528 2271 633 2326 que
663 2255 880 2310 nonnisi
927 2254 1002 2308 uti
1031 2249 1376 2322 apocryphus
1402 2247 1553 2304 locus
1582 2244 1876 2301 haberetur
1895 2284 1908 2309 ,
1962 2239 2134 2298 eﬂ‘usa

529 2349 731 2417 passim
769 2347 984 2404 licentia
1023 2352 1358 2413 corruptam,
1388 2350 1444 2397 et
1471 2339 1668 2396 minori
1723 2334 1988 2407 obsequio
2017 2343 2135 2390 stu-

527 2442 748 2513 dioque,
797 2457 956 2513 quam
989 2439 1228 2510 reliquas
1271 2435 1552 2507 Evangelii
1599 2443 1783 2505 partes
1823 2431 1994 2488 fuisse
2032 2429 2133 2486 de-

528 2537 812 2608 scriptam.
843 2536 983 2591 Hinc
1012 2548 1142 2590 vero
1170 2540 1320 2587 ortas
1357 2539 1466 2585 tam
1496 2529 1697 2586 multas
1725 2527 1905 2582 varias
1937 2523 2133 2581 lectio-

540 2645 659 2695 nes,
694 2645 812 2700 qua:
837 2631 938 2682 hoc
961 2628 1082 2683 loco
1112 2623 1488 2680 inveniuntur.
1515 2621 1588 2676 lta
1613 2620 1844 2677 Calmet.

599 2725 756 2781 Joau.
791 2739 911 2794 cap.
947 2738 1050 2790 xu,
1106 2721 1197 2788 47,
1249 2717 1404 2777 deest
1424 2716 1600 2788 primo
1621 2715 1766 2781 loco,
1795 2728 1898 2767 non
1925 2710 1978 2766 in
2000 2708 2133 2766 Ver-

526 2823 721 2880 cellen.
757 2821 959 2878 Veron.
983 2827 1040 2874 et
1063 2816 1313 2873 Brixian.
1346 2823 1401 2869 et
1426 2814 1499 2867 ita
1531 2811 1585 2866 in
1617 2811 1676 2866 S.
1707 2806 2021 2866 Ambrosio.

596 2917 756 2974 Joan.
788 2930 909 2985 cap.
937 2910 1185 2978 xttt,52,
1243 2908 1443 2964 desunt
1492 2906 1657 2960 verba
1705 2902 1749 2956 si
1783 2900 1927 2955 Deus
1975 2897 2132 2952 clari-

526 3012 712 3076 [icalus
733 3019 808 3062 est
835 3009 887 3060 in
913 3023 993 3071 eo,
1019 3005 1071 3058 in
1101 3001 1408 3056 Vercellen.
1442 2996 1645 3052 Veron.
1676 3009 1733 3050 et
1752 2991 2044 3048 Corbeien.
2077 2996 2132 3044 et

523 3102 596 3156 ita
629 3101 682 3154 in
713 3101 770 3154 S.
795 3095 1070 3152 Ambrosii
1101 3094 1193 3148 lib.
1223 3108 1274 3146 tv
1296 3090 1365 3146 de
1394 3087 1547 3154 Fide,
1579 3101 1701 3156 cap.
1733 3084 1822 3151 10,
1853 3097 1973 3153 pag.
2000 3081 2128 3148 545,

524 3203 580 3250 et
605 3193 656 3247 in
680 3192 819 3246 libro
843 3207 897 3255 v,
927 3203 1048 3258 pag.
1073 3186 1204 3252 571,
1235 3198 1384 3238 num.
1416 3180 1545 3235 115.

597 3285 760 3340 Joan.
795 3297 917 3353 cap.
955 3295 1075 3347 xtv,
1136 3277 1203 3332 15
1232 3318 1248 3343 ,
1290 3277 1342 3331 iu
1381 3272 1685 3329 Vercellen.
1729 3268 1853 3326 Gat.
1885 3267 2013 3323 Mm.
2071 3274 2127 3322 et

523 3380 766 3436 Brixiau.
818 3377 994 3445 deest,
1045 3372 1275 3427 Patrem.
1315 3369 1514 3424 Veron.
1567 3365 1750 3429 habet,
1791 3362 1852 3416 ab
1879 3377 1938 3415 eo
1970 3361 2127 3427 petie-

522 3477 655 3539 ritis,
700 3483 754 3529 ct
785 3474 857 3528 ita
883 3472 943 3528 S.
983 3466 1302 3525 Ambrosius
1345 3463 1397 3517 in
1430 3462 1527 3516 lib.
1558 3476 1589 3515 v
1626 3460 1696 3516 de
1723 3456 1880 3525 Fide,
1913 3471 2032 3526 Cap.
2065 3453 2124 3523 5,

523 3586 579 3640 ιι.
615 3568 744 3623 565.

593 3661 750 3716 Joan.
789 3671 912 3727 cap.
965 3667 1111 3720 xvn,
1153 3651 1244 3718 18,
1267 3645 1576 3704 Vercellen.
1625 3643 1829 3699 Veron.
1873 3639 2120 3696 Brixian.

523 3756 720 3811 habent
763 3753 942 3824 primo
972 3757 1030 3806 et
1058 3744 1296 3803 secundo
1322 3743 1444 3799 lo¢o
1464 3782 1479 3810 ,
1511 3741 1568 3795 in
1597 3739 1734 3793 hunc
1765 3735 2036 3803 mundum,
2067 3743 2124 3790 et

520 3851 592 3905 ita
621 3849 683 3904 S.
711 3843 1055 3902 Ambrosius.
1264 3885 1268 3890 .

593 3943 723 3998 Luc.
777 3955 898 4011 cap.
928 3953 1019 4004 ιιι,
1067 3933 1162 4001 25,
1210 3931 1264 3988 in
1286 3928 1594 3988 Vercellen.
1641 3935 1699 3983 et
1719 3924 1995 3981 Veronen.
2026 3923 2121 3978 de-

518 4036 812 4100 sideratur,
856 4031 945 4102 qui
985 4029 1081 4100 fuit
1121 4023 1414 4088 Mathatiaz,
1457 4021 1546 4090 qui
1596 4019 1695 4090 fuit
1725 4017 1902 4072 Amos.
1951 4015 2120 4071 Divus

518 4131 755 4185 Irenaeus
783 4135 973 4180 contra
1009 4121 1256 4175 Ilazreses
1281 4130 1401 4184 cap.
1432 4114 1522 4180 55,
1569 4125 1689 4180 pag.
1722 4109 1851 4174 555,
1896 4117 1953 4162 et
1989 4106 2116 4162 cod.

521 4223 722 4278 Veron.
756 4233 863 4272 non
894 4219 1190 4286 agnoscunt
1230 4209 1282 4263 in
1312 4202 1648 4273 Genealogia
1677 4199 1893 4255 Domini
1919 4213 2117 4253 secun-

517 4314 647 4369 dum
697 4309 939 4371 Lucam,
989 4299 1095 4358 nisi
1132 4296 1476 4368 septuaginta
1523 4292 1660 4346 duas
1710 4288 2114 4361 generationes.

517 4405 672 4461 Nunc
700 4398 1042 4470 septuaginta
1069 4403 1123 4448 et
1152 4406 1248 4446 sex
1288 4393 1664 4444 numerantur.
1716 4384 1793 4438 lta
1824 4383 2018 4452 aliqua:
2045 4395 2116 4436 ex

518 4501 601 4556 his
628 4490 1076 4570 generationibus
1106 4485 1370 4541 addititiae
1407 4491 1534 4536 tunc
1562 4475 1825 4547 temporis
1850 4473 2116 4546 putaban-

517 4567 911 4649 tur.'Adeatur
939 4583 1008 4656 .S.
1041 4580 1297 4636 Ambrtis.
1331 4575 1428 4630 lib.
1462 4589 1519 4628 Ill
1550 4571 1794 4642 Exposit.
1838 4567 2114 4638 Evangelii
2141 4575 2195 4636 1)

513 4683 810 4744 secundum
837 4679 1039 4735 Lucam
1060 4713 1075 4740 ,
1107 4685 1335 4727 numero
1364 4668 1430 4723 15
1457 4669 1650 4738 pagina
1682 4664 1843 4731 1518,
1874 4658 2141 4732 itemque'

514 4797 664 4838 num.
713 4777 781 4832 16
809 4769 1064 4831 editionis
1108 4765 1381 4830 Maurinac,
1412 4761 1504 4832 qui
1544 4759 1744 4831 pariter
1773 4757 1976 4813 Veron.
2013 4771 2109 4812 co-

513 4878 618 4934 dici
649 4875 836 4930 favere
859 4867 1091 4924 videtur.

584 4968 718 5022 Luc.
766 4977 889 5033 cap.
921 4973 1022 5031 ,tv,
1080 4953 1136 5020 4,
1162 4950 1346 5015 verba,
1376 4948 1431 5002 in
1461 4955 1684 5002 montem
1723 4944 1999 5008 excelsum,
2021 4942 2111 5000 de-

512 5071 640 5120 sunt
679 5061 732 5114 in
764 5057 966 5113 Veron.
1019 5059 1182 5119 atque
1220 5047 1274 5100 in
1321 5043 1527 5099 Grmcis
1570 5041 1892 5112 quibusdam
1925 5054 2109 5094 exem-

512 5156 776 5230 plaribus,
809 5152 1049 5218 itemque
1077 5145 1130 5199 in
1160 5141 1374 5197 duobus
1402 5135 1606 5205 regina:
1629 5135 1932 5190 Succorum
1967 5148 2102 5188 mss.

511 5225 699 5308 relatis
726 5245 780 5298 in
803 5243 912 5297 div.
939 5239 1078 5294 Bibl.
1101 5238 1158 5293 S.
1193 5231 1525 5303 Hieronymi.
1578 5229 1783 5283 Desunt
1811 5241 2023 5298 quoque
2047 5225 2102 5281 iu

516 5344 816 5404 Vercellen.
845 5336 1049 5393 Verum
1078 5349 1174 5404 pro
1202 5329 1313 5384 illis
1336 5328 1523 5392 habet,
1550 5323 1897 5391 Hierusalem,
1929 5332 1976 5377 et
1997 5332 2102 5376 sta-

509 5442 605 5496 tuit
632 5452 746 5493 eum
774 5447 933 5501 supra
960 5429 1174 5499 pinnam
1202 5422 1397 5492 templi.

578 5531 711 5585 Luc.
743 5540 865 5594 cap.
913 5535 1009 5585 vn,
1042 5517 1134 5582 51,
1187 5514 1350 5570 verba
1373 5511 1445 5566 ait
1473 5518 1641 5564 autem
1671 5506 1946 5575 Dominus,
2002 5505 2097 5561 de-

503 5634 630 5684 sunt
655 5629 708 5677 in
735 5616 1069 5677 Vercellen.,
1100 5609 1327 5673 Verou.,
1359 5603 1672 5670 Corbeien.,
1697 5601 1819 5658 Gat.
1845 5612 1900 5657 et
1939 5600 2090 5668 Mm.,

499 5731 556 5778 et
585 5721 657 5773 ita
694 5716 746 5770 iu
778 5709 984 5768 Grzccis
1031 5701 1308 5760 nonnullis
1345 5696 1752 5767 exemplaribus
1791 5704 1846 5752 et
1881 5694 1934 5750 in
1973 5693 2092 5765 qui-

498 5811 725 5878 busdam
751 5821 881 5864 mss.
912 5801 1022 5860 div.
1056 5796 1196 5856 Bibl.
1228 5795 1285 5852 S.
1321 5789 1658 5864 Hieronymi.

2312 1870 2502 1926 Matth.
2533 1884 2584 1924 c.
2607 1885 2660 1935 x,
2710 1868 2779 1925 19
2806 1909 2820 1934 ,
2865 1867 2918 1922 in
2942 1865 3248 1922 Vercellen.
3281 1873 3336 1918 ct
3365 1862 3648 1919 Veronen.
3683 1861 3834 1917 omit-

2238 1972 2423 2021 tuntur
2451 1965 2612 2020 verba
2642 1961 3074 2033 quomodo,aut.,
3099 1968 3154 2015 et
3183 1959 3251 2014 ita
3284 1957 3338 2014 in
3369 1957 3427 2015 8.
3450 1956 3710 2030 Cypriani
3726 1955 3833 2027 epi-

2237 2059 2374 2115 stola
2407 2057 2479 2114 56
2508 2057 2576 2112 ad
2613 2055 3020 2122 Thibaritanos,
3069 2052 3137 2109 de
3185 2051 3568 2109 exhortatione
3598 2047 3831 2121 Martyrii

2238 2166 2359 2223 pag.
2391 2150 2514 2206 129.
2603 2181 2609 2188 -

2309 2264 2496 2320 Matth.
2555 2278 2675 2335 cap.
2710 2277 2801 2329 xt,
2854 2261 2930 2328 2,
2958 2258 3262 2316 Vercellen.
3303 2257 3508 2314 mittens
3562 2257 3686 2313 di...
3725 2256 3828 2328 ναι.

2235 2375 2262 2413 s
2285 2374 2424 2420 suos,
2451 2357 2642 2427 supple
2667 2356 2912 2410 lacunam
2936 2368 3002 2408 ex
3037 2352 3308 2408 Veronen.
3351 2359 3407 2407 et
3445 2349 3695 2405 ‘Brixian.
3725 2347 3832 2404 mit-

2235 2459 2344 2506 lens
2382 2449 2668 2520 discipulos
2718 2463 2856 2502 suos.
2895 2445 3084 2501 Codex
3126 2442 3574 2512 Cantabrigensis
3621 2440 3832 2496 Graeco-

2233 2543 2457 2599 Latinus
2480 2543 2661 2609 habet,
2674 2541 2878 2594 mittens
2903 2554 2996 2610 per
3011 2535 3292 2607 discipulos
3321 2531 3833 2589 suos.Cousentiutit

2233 2639 2514 2693 versiones
2542 2633 2792 2700 Gothica,
2819 2637 3080 2698 Armena,
3107 2631 3343 2696 Persica,
3371 2628 3618 2700 Syriaca.
3652 2626 3831 2682 Misso-

2234 2746 2354 2786 rmn
2401 2745 2432 2784 a
2474 2729 2681 2785 Joanne
2714 2725 3106 2798 discipulorum
3147 2735 3433 2778 numerum
3471 2736 3580 2778 non
3625 2719 3832 2776 tradunt

2232 2825 2548 2888 Juvcncus,
2599 2820 2954 2886 Ambrosius,
3012 2816 3285 2883 Hilarius,
3338 2815 3409 2872 de
3453 2815 3656 2886 quibhs
3697 2811 3825 2868 Mill.

2234 2921 2452 2989 Proleg.
2481 2918 2608 2973 587.

2305 3009 2492 3064 Matth.
2546 3023 2666 3078 cap.
2706 3021 2821 3071 xvr,
2873 3003 2968 3071 21,
3007 3002 3064 3058 in
3091 3000 3396 3058 Vercellen.
3425 3009 3482 3061 et
3529 2996 3820 3057 Corbeicn.

2232 3104 2406 3168 deest,
2435 3100 2639 3166 scribis,
2671 3108 2726 3154 et
2751 3097 2825 3152 ita
2856 3097 2910 3151 in
2933 3095 2992 3152 8.
3021 3095 3245 3151 Ιιθιιειιο.

2153 3182 2198 3246 C
2301 3194 2489 3249 Matth.
2553 3207 2673 3263 cap.
2727 3203 2905 3258 χχιιι,
2955 3187 3021 3254 4,
3065 3187 3119 3243 in
3178 3186 3482 3243 Vercellen.
3534 3196 3593 3242 et
3629 3185 3826 3242 Veron.

2227 3289 2424 3344 desunt
2471 3287 2656 3350 verba,
2710 3293 2757 3338 et
2805 3281 3176 3352 importabiliu,
3223 3287 3282 3335 et
3311 3280 3380 3334 ita
3415 3279 3467 3334 in
3514 3294 3661 3334 vers.
3709 3277 3825 3349 Syr.

2226 3381 2376 3437 Pers.
2407 3378 2574 3435 Arab.
2603 3375 2851 3447 lEthiop.
2878 3384 3040 3446 atque
3066 3375 3118 3429 in
3149 3372 3252 3430 SS.
3280 3372 3422 3428 lren.
3459 3381 3515 3427 ct
3535 3371 3790 3430 Ambros.

2295 3475 2454 3532 Joan.
2493 3481 2620 3544 ‘cap.
2655 3471 2702 3540 ί,
2737 3488 2790 3526 v.
2817 3471 2910 3538 27,
2963 3472 3019 3526 in
3063 3469 3365 3525 Vercellen.
3397 3467 3574 3535 deest,
3623 3468 3708 3539 qui
3738 3480 3824 3521 se-

2224 3569 2402 3624 cundo
2453 3569 2593 3633 loco,
2637 3574 2692 3621 et
2720 3566 2792 3620 ita
2824 3565 2876 3620 in
2915 3564 2971 3620 S.
3006 3563 3261 3634 Cypriani
3308 3562 3587 3632 operibus.
3637 3561 3694 3616 In
3722 3558 3825 3615 Ve-

2227 3677 2324 3715 ron
2352 3659 2550 3716 desunt
2576 3657 2763 3724 verba,
2809 3655 2898 3727 qui
2941 3663 3059 3710 ante
3086 3671 3189 3732 me.
3214 3655 3382 3724 {actus
3411 3663 3508 3720 est,
3557 3662 3616 3709 et
3659 3652 3731 3707 ita
3771 3648 3822 3704 in

2223 3769 2367 3812 vers.
2403 3753 2650 3823 ίΕιΙιῑοιι.
2679 3750 2837 3822 Copt.
2870 3758 2928 3806 et
2957 3748 3079 3804 aliis
3101 3748 3262 3803 codd.

2295 3848 2452 3904 Joan.
2508 3861 2625 3917 cap.
2672 3860 2723 3912 ν,
2768 3843 2860 3911 56,
2911 3843 2963 3897 in
2997 3841 3309 3897 Vercellen.
3367 3838 3660 3906 omittitur,
3713 3850 3823 3907 qu

2223 3959 2312 4014 ego
2340 3942 2509 4012 facio,
2542 3948 2598 3995 ct
2627 3940 2702 3993 ita
2735 3940 2786 3992 iu
2827 3935 3130 4006 exemplari
3169 3932 3288 3988 Vat.
3340 3933 3399 3988 S.
3434 3931 3623 3988 Hilarii
3654 3932 3748 3986 lib.
3772 3944 3820 3985 vr

2221 4035 2289 4092 de
2315 4035 2600 4089 Trinitate.
2633 4031 2691 4085 lu
2741 4030 2937 4085 Veron.
2980 4028 3136 4083 deest
3172 4035 3404 4092 tantum,
3434 4040 3550 4096 ego,
3579 4033 3636 4079 et
3661 4024 3735 4080 ita
3765 4023 3816 4079 in

2223 4127 2281 4184 S.
2312 4125 2538 4191 Hilario,
2565 4132 2695 4178 tom.
2730 4137 2790 4189 ιι,
2818 4134 2943 4190 pag.
2977 4119 3100 4174 152.

2292 4238 2488 4292 .Ioann.
2519 4250 2569 4290 c.
2616 4250 2693 4301 ιιι,
2750 4234 2844 4300 57,
2877 4231 3039 4287 deest
3067 4231 3120 4286 iu
3174 4227 3504 4295 Vercellen.,
3537 4229 3740 4286 Veron.
3767 4233 3820 4283 et

2221 4333 2502 4396 Brixiam,
2558 4330 2689 4394 nali,
2743 4338 2796 4383 et
2846 4327 2918 4381 ita
2967 4325 3020 4380 in
3069 4324 3343 4395 plerisque
3385 4323 3626 4380 melioris
3680 4318 3816 4378 none

2219 4423 2623 4494 exemplaribus
2666 4420 2892 4485 Graecis,
2935 4433 3038 4474 nec
3067 4432 3176 4473 non
3218 4417 3269 4472 in
3312 4415 3634 4488 quibusdam
3680 4426 3809 4470 mss.

2219 4519 2327 4576 div.
2355 4517 2678 4574 Bihliothec.
2704 4515 2763 4572 S.
2797 4513 3133 4585 Hieronymi.

2289 4637 2484 4694 Joann.
2531 4649 2672 4706 cap.
2749 4648 2913 4700 xvut,
2963 4631 3066 4701 ειν,
3113 4630 3316 4696 deest,
3371 4627 3614 4686 secundo
3669 4627 3809 4690 loco,

2217 4749 2399 4810 unum,
2432 4731 2485 4786 in
2511 4728 2816 4786 Vercellen.
2851 4739 2907 4782 et
2935 4725 3134 4782 Veron.
3166 4725 3407 4795 itemque
3447 4723 3501 4778 in
3537 4721 3596 4778 S.
3627 4714 3810 4777 Hilarii

2217 4843 2348 4882 mss.
2380 4825 2471 4881 lib.
2505 4840 2594 4880 vm
2622 4823 2689 4878 de
2709 4822 2995 4888 Trinitate,
3027 4828 3159 4876 tom.
3195 4835 3252 4886 ιι,
3284 4833 3408 4890 pag.
3439 4815 3566 4870 217.

2287 4940 2419 4995 Luc.
2449 4953 2568 5008 cap.
2602 4953 2678 5006 rx,
2725 4936 2818 5004 25,
2871 4934 3177 4991 Vercellen.
3232 4932 3456 5002 Abneget
3480 4929 3807 4998 semetipsum

2216 5042 2263 5088 et
2291 5040 2532 5103 sequatur
2569 5045 2672 5096 me,
2719 5028 2938 5083 omissis
2979 5027 3089 5082 illis
3121 5024 3304 5080 verbis
3333 5033 3382 5078 et
3417 5021 3565 5076 tollat
3608 5028 3806 5074 crucem

2214 5142 2361 5180 suam
2402 5123 2650 5194 quotidie.
2681 5120 2952 5177 Veronen.
2995 5118 3218 5189 Abneget
3256 5115 3604 5185 semetipsum,
3637 5120 3683 5166 et
3721 5123 3805 5163 su-

2213 5217 2351 5272 blata
2395 5232 2541 5270 cruce
2569 5231 2666 5269 sua
2707 5222 2950 5284 sequatur
2994 5228 3092 5266 me.
3141 5209 3351 5266 Vetusti
3395 5205 3612 5262 codices
3655 5195 3804 5258 multi

2211 5309 2350 5380 apud
2393 5307 2524 5362 Mill.
2561 5305 2690 5362 Var.
2739 5304 2889 5360 Lect.
2939 5319 3046 5358 non
3088 5303 3290 5357 habent
3327 5297 3571 5370 quotidie.
3627 5285 3802 5362 Aliqui

2207 5403 2367 5457 etiam
2432 5409 2596 5455 totam
2646 5399 2785 5454 hanc
2831 5397 3164 5468 pericopam,
3212 5393 3360 5449 tollat
3411 5407 3613 5446 crucem
3659 5397 3800 5444 suam

2202 5493 2451 5565 quotidie,
2479 5492 2756 5548 omittunt.
2788 5491 2861 5546 At
2898 5489 3078 5544 lerunt
3104 5486 3383 5542 versiones
3425 5481 3674 5554 Syriaca,
3696 5476 3800 5532 Go—

2203 5586 2368 5662 thica,
2400 5584 2626 5657 Vulgata
2652 5592 2708 5639 et
2734 5583 2924 5639 Latina
2957 5579 3204 5652 quaedam
3235 5575 3598 5649 exemplaria.

2271 5703 2404 5757 Luc.
2447 5717 2566 5775 cap.
2619 5719 2724 5771 xu,
2783 5701 2888 5768 27,
2942 5701 2996 5755 in
3048 5696 3378 5765 Vercellen.,
3424 5695 3700 5750 Veronen.
3741 5692 3797 5742 et

2200 5795 2582 5854 Vindobonen.
2630 5807 2754 5869 post
2783 5796 2930 5864 lilia,
2966 5792 3204 5859 additur,
3249 5791 3394 5864 agri,
3427 5798 3483 5846 et
3510 5788 3583 5845 ita
3615 5787 3789 5859 legunt
