3976 6338
123 266 234 323 101.

1172 255 1508 317 EPISTOLA
1549 256 1886 317 RUGGERII
1919 255 2402 320 NOVARIENSIS.

3329 274 3440 334 102

118 378 286 452 etiam
319 374 574 448 quaedam
604 374 866 432 editiones
896 373 955 430 S.
995 373 1286 446 Augustini
1317 373 1372 431 in
1402 373 1638 446 Speculo
1663 373 1732 432 de
1758 381 1814 444 Α
1837 375 2160 448 interpretati
2177 387 2296 434 sunt
2324 396 2344 433 :
2371 392 2723 452 quaecumque
2751 379 2918 442 vultis
2953 391 3014 441 ut
3041 385 3243 446 faciant
3282 395 3440 451 vobis

120 451 426 542 Evangelia
454 467 754 526 secundum
783 468 1004 523 Lucam.

190 560 327 615 Luc.
370 575 499 631 cap.
549 576 658 627 xu,
692 559 783 627 51,
827 570 953 616 ante
1001 575 1238 633 regnum,
1279 560 1435 617 deest
1479 561 1727 633 primum,

119 653 172 708 in
205 652 548 716 Vercellen.,
589 650 895 719 Veronen.,
949 649 1269 720 Corbeicn.,
1317 651 1469 720 Μαι,
1521 653 1645 710 Cat.
1676 663 1732 710 et

120 746 388 811 Brixian.,
426 757 484 801 et
545 746 619 800 ita
684 745 740 801 in
792 745 919 810 aliis
975 747 1214 816 antiquis
1287 747 1426 802 Bibl.
1487 745 1618 801 ltem
1673 746 1727 801 in

121 850 268 895 textu
296 839 482 896 Graec.
518 849 572 894 et
594 839 647 895 in
679 837 736 895 8.
766 837 1054 910 Augustini
1076 839 1309 910 Speculo
1335 839 1403 895 de
1435 839 1729 910 Evangelia

120 933 420 992 secundum
455 933 658 990 Lucam
693 941 825 988 tam.
853 949 930 1001 ιιι,
962 944 1102 1004 part.
1137 935 1190 1001 1,
1226 950 1346 1006 pag.
1378 935 1505 990 771.

191 1028 324 1088 Luc.
385 1044 514 1096 cap.
564 1043 658 1098 ιιιι,
715 1027 815 1093 51,
873 1027 1074 1083 desunt
1128 1029 1328 1094 verba,
1377 1042 1426 1083 et
1467 1028 1730 1102 justitiam

122 1119 249 1188 ejus,
284 1107 338 1172 in
375 1116 741 1184 Vercelleus.,
791 1116 1118 1184 Veranens.,
1179 1119 1327 1186 Gat.,
1380 1119 1613 1178 Viudab.
1672 1128 1731 1178 et.

125 1212 392 1278 Brixiam,
425 1222 482 1266 et
509 1211 582 1266 ita
613 1213 668 1266 in
688 1213 928 1284 antiquis
956 1212 1252 1270 Corbeicn.
1286 1213 1426 1270 Bibl.
1461 1215 1514 1269 in
1545 1214 1720 1272 Graec.

123 1307 240 1362 etin
269 1293 328 1362 8.
361 1305 657 1376 Augustini
692 1302 812 1362 loco
837 1305 1076 1361 laudato.

191 1399 322 1454 Luc.
372 1411 496 1470 cap.
551 1407 650 1463 x‘tt,
693 1399 794 1466 55,
827 1397 1154 1467 Vercellen.,
1187 1409 1236 1456 et
1262 1401 1364 1454 sint
1394 1401 1586 1470 lumbi,
1615 1409 1724 1458 etc.

124 1493 343 1560 Veram,
373 1490 708 1561 Corbeicn.,
747 1493 978 1550 Vindub.
1013 1503 1069 1550 et
1115 1495 1356 1551 Bri’sian.
1404 1498 1508 1550 sint
1556 1506 1728 1552 autem

124 1588 297 1653 lumbi,
327 1597 433 1643 etc.
485 1588 548 1644 8.
594 1588 827 1643 ιιειιτειιε
876 1589 929 1643 in
961 1588 1056 1645 lib.
1114 1605 1166 1644 tv
1229 1601 1419 1646 contra
1474 1591 1724 1649 llmreses

124 1690 250 1734 tam.
289 1695 339 1744 ι,
370 1696 496 1756 pag.
529 1681 663 1749 278,
701 1682 805 1736 sint
831 1683 986 1754 igitur
1025 1682 1208 1749 lumbi,
1237 1693 1342 1741 etc.

1836 467 2087 526 homines
2118 470 2281 538 bona,
2313 478 2444 540 etc.,
2470 473 2560 527 sed
2588 476 2641 527 in
2665 473 2845 530 Grazco
2869 475 3156 552 Evangelia
3175 520 3193 550 ,
3215 485 3353 541 unde
3380 487 3439 541 in

1833 560 2083 616 Latinum
2105 562 2417 617 translatum
2447 575 2541 631 est,
2572 582 2674 621 non
2704 567 2911 639 legitur,
2943 570 3104 629 bona.

1903 654 2060 710 Joan.
2093 669 2212 725 cap.
2244 671 2297 720 ι,
2328 656 2382 720 5,
2409 654 2743 722 Vercellen.,
2778 660 3078 732 Veronen.,
3106 665 3432 741 Corbeicn.,

1832 758 1886 803 et
1915 749 2156 805 Brixian.
2187 766 2310 807 cum
2357 752 2458 809 hac
2484 755 2919 824 interpunctione
2967 761 3190 834 legunt,
3239 778 3286 821 et
3324 770 3438 826 sine

1832 841 1925 896 illo
1972 843 2164 912 factum
2207 854 2281 900 est
2314 845 2464 900 nihil.
2503 847 2655 913 Quod
2699 853 2897 921 factum
2943 865 3050 923 est,
3086 864 3234 921 ete.,'
3261 873 3317 916 et
3361 863 3440 918 ita

1833 934 2064 991 Sanctus
2079 937 2314 994 lrenmus
2329 939 2382 994 in
2407 940 2502 996 lib.
2535 950 2796 999 utcontra
2814 945 3062 1005 llwreses
3086 951 3138 1006 in
3157 952 3438 1024 aliquibus

1835 1043 1992 1095 mss.,
2023 1029 2340 1087 Tertullian.
2385 1032 2436 1087 in
2465 1032 2560 1088 lib.
2609 1035 2872 1094 adversus
2909 1038 3340 1118 Hermogenem,
3366 1047 3430 1104 8.

1830 1120 2131 1193 Cyprianus
2172 1123 2227 1178 in
2275 1125 2368 1180 lib.
2404 1142 2438 1180 it
2462 1126 2764 1185 Testimon.
2794 1131 3054 1190 adversus
3104 1135 3320 1194 lutlmos
3364 1142 3435 1196 ad

1831 1213 2116 1282 Quirinum
2141 1232 2262 1288 cap.
2295 1218 2330 1273 5
2355 1259 2370 1285 ,
2402 1236 2522 1292 pag.
2553 1221 2694 1290 552,
2727 1224 2784 1280 8.
2821 1224 3058 1282 Hilarius
3094 1227 3148 1283 in
3191 1231 3282 1286 lib.
3317 1249 3333 1287 ι
3363 1233 3435 1291 de

1832 1307 2120 1377 Trinitate,
2153 1322 2283 1365 tam.
2312 1327 2369 1380 ιι,
2398 1313 2582 1383 pag.7,
2612 1326 2665 1370 et
2692 1315 2785 1370 lib.
2812 1333 2873 1384 ιι,
2896 1321 3191 1390 pag.37,et
3216 1323 3272 1379 8.
3304 1325 3436 1382 Atu-

1829 1403 2046 1458 brasius
2073 1406 2126 1460 iu
2153 1404 2247 1460 lib.
2273 1422 2330 1460 ιιι
2357 1406 2425 1462 de
2457 1406 2613 1477 Fide,
2650 1421 2782 1468 tom.
2817 1429 2875 1480 ιι,
2896 1429 3016 1484 pag.
3046 1416 3175 1472 504.

1899 1494 2098 1552 Jaann.
2156 1513 2278 1569 cap.
2332 1515 2379 1566 ι,
2424 1499 2519 1566 26,
2601 1502 2954 1573 Vercelleus.,
3003 1507 3439 1579 Veronenrs.,"et

1829 1587 2095 1657 Brixiam,
2137 1602 2259 1658 stat,
2291 1602 2346 1649 et
2372 1594 2444 1649 ita
2471 1593 2531 1650 S.
2559 1596 2868 1668 Cyprianus
2891 1601 2944 1655 iu
2977 1601 3073 1659 lib.
3108 1620 3145 1659 ιι
3168 1605 3436 1664 adversus

1827 1679 2069 1751 Judaeos,
2101 1699 2222 1755 cap.
2261 1687 2348 1753 19,
2379 1703 2499 1760 pag.
2529 1688 2655 1746 559.
2688 1693 2746 1748 8.
2778 1693 3099 1753 Ambrosius
3121 1699 3173 1754 in
3197 1700 3337 1757 libra
3365 1703 3438 1761 de

191 1775 320 1831 Luc.
351 1790 475 1864 cap.
528 1791 680 1840 xxiv,
726 1777 832 1864 52,
863 1775 1094 1832 Omissis
1140 1780 1324 1835 verbis
1354 1781 1495 1850 illis,
1550 1784 1711 1854 loque-

1835 1772 1960 1829 Cain
1988 1788 2042 1832 et
2071 1776 2205 1834 Abel
2235 1794 2357 1852 pag.
2393 1779 2494 1838 198
2519 1823 2534 1850 ,
2567 1792 2623 1839 et
2653 1783 2706 1839 in
2735 1788 2897 1856 epist.
2925 1788 2996 1844 53
3048 1789 3211 1860 prim.
3265 1795 3427 1851 class.

124 1879 260 1922 retur
285 1869 338 1922 in
362 1855 466 1935 via,
498 1880 570 1934 et,
608 1869 770 1924 habet
791 1863 1118 1936 Vercellen.,
1139 1888 1255 1926 cum
1280 1873 1607 1944 udaperiebat
1633 1892 1726 1930 na-
1755 1855 1798 1864 -
1832 1883 1952 1939 pag.
1981 1871 2107 1927 921.

126 1961 197 2016 bis
220 1961 548 2036 Scripturas,
583 1962 814 2034 \'crou.,y
834 1979 952 2016 cum
978 1965 1201 2034 aperiret
1229 1968 1375 2021 nobis
1400 1968 1726 2039 Scripturas,

127 2061 178 2108 et
204 2054 274 2108 ita
299 2053 357 2108 8.
401 2041 660 2130 Ambros.
692 2055 747 2110 in
774 2054 869 2110 lib.
905 2054 973 2111 de
1019 2055 1194 2111 lnstit.
1250 2053 1395 2128 Virg.
1445 2073 1566 2130 cap.
1615 2060 1721 2125 11,

129 2162 245 2217 pag.
276 2149 398 2214 266,
429 2148 560 2204 etin
595 2149 787 2206 Euarr.
823 2149 874 2204 in
908 2150 1044 2222 psal.
1074 2165 1313 2218 xxxvm,
1345 2167 1396 2222 p.
1424 2152 1549 2210 819.

199 2239 322 2296 Luc.
362 2253 480 2312 cap.
527 2257 680 2306 xxw,
737 2241 826 2298 46.
883 2221 1088 2298 Desunt
1141 2245 1307 2299 verba
1329 2221 1358 2310 ,ί
1376 2254 1422 2298 et
1452 2247 1528 2298 sic
1568 2262 1722 2317 opor-

136 2334 289 2400 tebat,
316 2336 366 2389 in
396 2333 727 2400 Vercellen.,
757 2332 1031 2391 Veronen.
1052 2377 1066 2402 ,
1097 2335 1221 2394 Gat.
1249 2380 1264 2404 ,
1292 2347 1349 2393 et
1371 2336 1522 2408 Man,
1561 2346 1618 2393 et
1646 2341 1719 2394 ita

141 2425 192 2480 in
215 2425 270 2482 8.
299 2427 438 2483 lren.
470 2429 562 2484 lib.
591 2443 646 2484 ιιι
688 2439 877 2485 contra
909 2429 1158 2486 Haereses
1183 2443 1316 2486 tom.
1344 2448 1396 2500 ι,
1426 2448 1550 2504 pag.
1584 2434 1714 2490 206.

213 2519 374 2576 Marc.
423 2536 536 2602 cap.
597 2537 717 2590 xw,
776 2522 885 2592 62,
932 2524 983 2579 iu
1020 2521 1327 2580 Vercellen.
1360 2535 1414 2580 et
1472 2526 1714 2584 Brixian.

144 2624 256 2682 post
275 2655 290 2680 ,
323 2616 514 2669 virtutis
537 2658 549 2680 ,
574 2615 750 2682 deest,
776 2613 906 2684 Dei,
954 2627 1007 2688 et
1039 2617 1112 2673 ita
1142 2619 1192 2672 iu
1221 2616 1412 2674 Grreco
1445 2629 1593 2674 textu
1617 2662 1632 2686 ,
1661 2622 1715 2676 in

137 2705 362 2776 antiquis
391 2707 804 2766 Carbeiensibus
840 2707 1020 2766 bibliis
1042 2753 1056 2777 ,
1088 2713 1140 2765 in
1177 2711 1421 2780 pluribus
1464 2728 1596 2768 mss.
1635 2713 1716 2768 di-

136 2798 269 2856 vina:
301 2799 648 2860 Bibliotheca:
689 2805 746 2859 8.
804 2802 1118 2875 llierouytni
1163 2815 1218 2859 et
1260 2803 1313 2858 in
1341 2805 1398 2859 8.
1426 2805 1714 2876 Augustini

131 2891 221 2947 ιιι».
270 2908 323 2947 ιιι
357 2892 424 2960 de
451 2893 736 2951 Consensu
765 2894 1238 2968 Evangelistarum
1269 2905 1403 2952 tam.
1431 2911 1528 2964 ιιι,
1568 2907 1711 2968 part.

129 2983 182 3050 2,
218 3001 331 3056 pag.
363 2986 486 3042 H4.

195 3077 375 3140 Matth.
436 3095 555 3150 cap.
624 3095 745 3144 nt,
800 3081 902 3148 5i,
967 3080 1425 3137 Vercellen.......
1487 3081 1709 3150 cedunt,

1901 1961 2091 2017 Matth.
2118 1980 2240 2034 cap.
2272 1981 2344 2032 ix,
2379 1967 2434 2034 2,
2461 1967 2794 2040 Vercellen.,
2828 1967 3126 2048 Veranen.,
3157 1979 3435 2039 San-Ger-

1829 2069 2049 2110 manen.
2083 2064 2140 2112 et
2166 2057 2427 2126 Brixian.,
2461 2073 2699 2118 constans
2721 2076 2849 2132 esto,
2877 2076 2931 2123 et
2957 2069 3028 2124 ita
3060 2070 3120 2126 8.
3155 2073 3388 2130 llilarius
3413 2117 3430 2144 ,

1825 2155 1880 2202 et
1905 2146 2154 2205 Orosius.
2186 2142 2245 2206 8.
2275 2151 2582 2224 Cyprianus
2605 2172 2736 2214 vero
2765 2175 2886 2233 pag.
2921 2159 3050 2230 644,
3081 2162 3248 2221 habet
3297 2142 3430 2224 bona

1825 2259 1997 2298 animo
2019 2254 2147 2300 esto.

1892 2339 2050 2395 Joan.
2080 2356 2198 2412 cap.
2229 2357 2277 2408 ι,
2304 2342 2394 2408 27,
2422 2343 3058 2419 ‘Vereellen.,Veronen.,
3084 2364 3139 2410 et
3161 2354 3432 2427 Brixian.,

1823 2431 1978 2498 venit,
1999 2440 2053 2487 et
2084 2433 2154 2488 ita
2185 2433 2242 2490 8.
2277 2434 2601 2495 Ambrosius
2628 2439 2682 2495 iu
2715 2441 2811 2498 lib.
2841 2459 2874 2498 ν
2897 2444 2964 2499 de
2998 2445 3148 2516 Fide,
3179 2465 3298 2521 cap.
3336 2452 3426 2520 19,

1823 2537 1944 2594 pag.
1975 2525 2082 2580 593
2107 2568 2121 2594 ,
2151 2537 2204 2582 et
2239 2529 2290 2582 in
2324 2527 2419 2584 lib.
2453 2529 2522 2586 de
2549 2531 2855 2590 Patriarch.
2900 2537 3156 2596 Benedic.
3198 2559 3320 2616 cap.
3353 2545 3421 2615 4,

1821 2630 1948 2687 pag.
1983 2617 2110 2680 519,
2142 2619 2199 2675 8.
2231 2622 2535 2692 Cyprianus
2567 2626 2766 2696 habet,
2799 2635 3021 2688 veniens.

1890 2709 2048 2802 Joan.
2076 2727 2194 2782 cap.
2225 2730 2300 2779 γι,
2326 2715 2811 2784 5,Vercelleu.,ait
2840 2721 3423 2802 Pliilippo,Veronen.,

1817 2803 1890 2856 ait
1922 2801 2224 2876 Philippus,
2250 2807 2488 2864 Brixian.
2514 2812 2657 2866 dicit.
2686 2853 2701 2879 ,
2732 2823 2834 2870 etc.
2859 2859 2873 2883 ,
2908 2817 2968 2873 S.
3005 2819 3340 2892 Augustinus
3368 2801 3426 2885 in

1816 2896 2066 2954 Serman.
2099 2899 2134 2952 2
2181 2899 2248 2956 de
2278 2901 2601 2961 Tentatione
2625 2905 2858 2965 Abrahte
2889 2921 3022 2968 tam.
3080 2931 3128 2984 ν,
3168 2929 3306 2988 part.
3366 2921 3421 2990 1,

1815 3005 1940 3062 pag.
1975 2989 2066 3060 65,
2092 2994 2164 3048 ait
2193 2997 2325 3048 enim
2352 2995 2624 3069 Philippo.

1887 3083 2044 3139 Joan.
2073 3101 2194 3158 cap.
2229 3104 2278 3154 ι,
2311 3088 2397 3156 14,
2433 3090 2763 3164 Vercellen.,
2797 3097 3095 3168 Veronen.,
3123 3103 3419 3165 Corbeicn.

125 3171 303 3238 supple
328 3163 572 3227 lacunam
599 3188 668 3228 ex
694 3173 978 3239 Brixiano,
1012 3173 1101 3245 qui
1135 3176 1333 3241 habet,
1376 3176 1672 3262 prwcedunt
1694 3219 1708 3244 ,
1739 3194 1792 3257 ρ
1817 3183 1873 3230 ct
1900 3175 2116 3235 Brixian
2142 3221 2156 3244 ,
2203 3183 2372 3252 gratia
2409 3193 2459 3238 et
2514 3163 2754 3256 veritate,
2805 3200 2862 3245 et
2907 3193 2976 3247 ita
3011 3163 3340 3256 S.'llilarius
3367 3163 3425 3258 in

125 3271 176 3318 et
201 3265 266 3319 ita
305 3264 363 3322 S.
393 3267 631 3322 lrenaaus
673 3267 724 3321 in
757 3265 854 3324 lib.
907 3265 957 3321 tv
999 3277 1188 3323 contra
1217 3267 1463 3323 llalreses
1494 3278 1623 3324 tom.
1656 3285 1709 3338 ι,

124 3372 235 3428 pag.
268 3359 388 3423 257,
425 3370 481 3414 et
509 3360 566 3417 S.
602 3359 752 3416 Zeno
781 3359 1114 3416 Veronensis
1150 3362 1201 3416 in
1236 3361 1330 3417 lib.
1362 3378 1398 3417 ιι
1424 3372 1579 3418 tract.
1608 3361 1708 3429 l4,

123 3451 185 3505 ac
210 3435 358 3515 Iuda;
384 3450 542 3522 j'uxta
574 3451 732 3509 ﬁdem
764 3451 1070 3524 aliquorum
1102 3455 1263 3510 cadd.
1306 3466 1360 3511 et
1383 3455 1706 3512 editionum.

185 3543 362 3599 Matth.
390 3562 516 3617 cap.
548 3563 692 3614 xxvr,
727 3547 822 3616 28,
852 3545 1184 3618 Vercellen.,
1215 3547 1522 3619 effunditur,
1553 3560 1610 3608 et
1635 3552 1708 3609 ita

120 3634 325 3692 Gnaeus
349 3624 554 3694 textus.

183 3727 381 3785 Titulus
413 3729 701 3801 Evangelii
736 3730 794 3788 S.
831 3729 1027 3800 Lucae,
1061 3732 1114 3787 in
1137 3729 1469 3798 Vercellen.,
1495 3744 1550 3791 et
1578 3735 1710 3792 Cor-

120 3819 285 3876 beien.
315 3822 660 3896 Evangelium
702 3829 982 3879 secundum
1019 3824 1284 3881 Lucanum
1313 3871 1326 3895 ,
1373 3829 1704 3886 Veronensis

119 3912 298 3982 habet,
329 3915 687 3988 Evangelium,
718 3917 996 3972 secundum
1029 3917 1255 3987 Lucam,
1294 3921 1417 3978 Gal.
1467 3921 1705 3996 Evange-

115 4007 235 4062 liunt
274 4021 388 4066 cata
439 4011 672 4078 Lucam,
708 4009 996 4068 Brixianus
1042 4013 1244 4087 Evang.
1277 4031 1378 4070 sec.
1408 4011 1611 4070 Lucan.
1646 4015 1706 4072 In

117 4101 248 4158 libro
292 4101 512 4176 qucque
560 4105 803 4182 Quatuor
830 4107 1284 4178 Evangeliorutu,
1325 4108 1492 4180 cujus
1527 4110 1707 4167 varias

117 4193 364 4253 lectiones
393 4195 550 4252 dedit
593 4195 805 4252 Calniet
859 4197 939 4252 ad'
975 4199 1184 4254 calcem
1227 4201 1604 4257 commentarii
1649 4202 1705 4258 in

112 4284 513 4360 Apocalypsim,
541 4289 738 4344 dicitur
765 4287 1029 4345 Lucanus.

177 4377 328 4434 Joan.
361 4396 487 4454 cap.
516 4397 604 4436 xiv
628 4422 643 4448 ,
674 4382 764 4450 19,
810 4377 1170 4452 Vercellens.,
1227 4382 1533 4442 Veranens.
1570 4429 1585 4453 ,
1648 4397 1706 4445 et

111 4467 609 4540 Brixian.,videbitis
631 4482 801 4541 me,ct
827 4474 898 4529 ita
927 4473 1148 4530 Graecus
1175 4477 1700 4554 Geoipsi‘rs,videbitis,

1814 3267 1953 3322 lib.i
1995 3270 2063 3326 de
2093 3271 2378 3342 'l‘rinitate,
2409 3291 2560 3332 num.
2595 3279 2681 3347 10,
2711 3281 2934 3339 Graecus
2985 3301 3202 3359 quoque
3244 3300 3426 3350 textus

1815 3369 1870 3417 et
1925 3362 1983 3418 8.
2039 3363 2274 3422 Ιιριιωυε
2320 3369 2374 3423 in
2405 3369 2498 3426 lib.
2545 3387 2561 3425 ι
2602 3383 2788 3430 contra
2841 3375 3134 3450 llmreses,
3179 3391 3311 3440 tam.
3362 3401 3418 3456 ι,

1814 3469 1934 3525 pag.
1973 3455 2063 3523 42,
2096 3457 2318 3526 habent,
2351 3462 2582 3518 veritate.

1882 3549 2040 3605 Joan.
2071 3568 2191 3623 cap.
2225 3570 2292 3622 ιι,
2325 3556 2412 3622 19,
2450 3556 2750 3617 Vercellen.
2781 3565 2962 3621 solvite
2991 3567 3088 3624 hoc
3129 3574 3376 3644 templum
3398 3617 3418 3644 ,

1811 3644 1934 3697 etin
1958 3645 2128 3699 triduo
2150 3649 2468 3704 resuscitabo
2489 3652 2640 3720 illud,
2668 3655 2942 3715 Veronen.
2969 3663 3149 3720 solvite
3177 3668 3275 3720 hoc
3299 3680 3421 3724 tent-

1811 3736 1957 3806 plunt
1978 3780 1992 3804 ,
2026 3749 2071 3792 et
2106 3740 2160 3793 in
2191 3741 2362 3796 triduo
2394 3743 2528 3797 illud
2555 3748 2809 3802 suscitabo
2836 3792 2850 3817 ,
2884 3752 3152 3823 Brixiam,
3177 3759 3422 3820 destruite

1813 3830 1910 3883 hoc
1938 3832 2182 3898 templum
2204 3874 2217 3898 ,
2249 3842 2354 3889 etc.
2389 3834 2447 3890 S.
2488 3835 2724 3894 Irenaeus
2769 3843 2820 3896 in
2855 3843 2952 3898 lib.
2982 3862 3034 3900 tv
3058 3861 3248 3905 contra
3282 3853 3412 3911 lla:-

1810 3937 1982 3990 reses,
2010 3931 2142 3978 tam.
2175 3941 2222 3991 ι,
2258 3941 2377 3998 pag.
2413 3926 2520 3984 500
2541 3971 2555 3995 ,
2585 3930 2766 3986 solvite
2805 3938 2900 3989 hoc
2944 3941 3227 4010 templum,
3261 3957 3311 4000 et
3361 3949 3420 4003 in

1810 4014 1969 4069 tribus
1996 4016 2173 4071 diebus
2200 4020 2456 4076 suscitabo
2483 4023 2636 4078 illud.
2681 4025 2739 4080 8.
2778 4025 3086 4100 Cyprianus
3129 4034 3182 4090 iu
3216 4037 3311 4094 lib.
3339 4039 3414 4098 de

1810 4107 2082 4166 Montibus
2125 4109 2257 4166 Sina
2292 4123 2346 4197 et
2374 4111 2506 4171 Sion
2536 4115 2801 4175 adversus
2837 4120 3058 4181 Judazas
3087 4141 3210 4200 pag.
3265 4131 3414 4204 494,

1809 4205 2073 4272 destruite,
2105 4216 2211 4264 etc.

1881 4298 2038 4355 Joan.
2060 4316 2180 4372 cap.
2209 4318 2262 4368 ιι,
2292 4318 2345 4369 v,
2369 4303 2458 4371 56,
2478 4303 2784 4365 Vercellen.
2801 4314 3045 4383 quoniam
3059 4317 3418 4394 blaspliemat;

1810 4391 2082 4449 Veronen.
2140 4403 2198 4452 et
2240 4397 2396 4464 Mtn.,
2445 4402 2571 4472 quia
2602 4403 2945 4472 blaspltemat.
2997 4413 3054 4469 S.
3108 4391 3416 4488 Cyprianus

1809 4485 1992 4555 habet,
2023 4491 2291 4559 quoniam,
2321 4504 2425 4548 etc.
2457 4494 2514 4550 ln
2537 4511 2648 4553 uno
2675 4515 2778 4556 ms.
2815 4503 3062 4575 ejusdem
3091 4485 3278 4570 Sancti
3307 4514 3415 4588 Cy-

111 4561 152 4666 si
181 4564 396 4621 verbum
428 4565 562 4621 illud
583 4575 922 4636 supponatur
945 4568 1000 4624 in
1021 4567 1202 4625 futura
1225 4571 1496 4637 secundo,
1531 4573 1700 4644 (quod
1733 4592 1780 4651 ι)
1811 4581 1984 4653 priaui
2016 4583 2211 4655 legitur
2231 4628 2245 4654 ,
2282 4587 2640 4662 blasp/temat;
2672 4596 2724 4650 in
2757 4561 2932 4654 altera
2952 4643 2966 4665 ,

112 4654 274 4713 simile
294 4657 466 4714 habet
499 4660 785 4728 praesenti,
816 4661 938 4730 quia
963 4679 1056 4733 ego
1081 4663 1220 4730 vivo,
1251 4664 1345 4736 ζῶ)
1367 4666 1544 4720 vivam
1567 4707 1582 4732 ,
1613 4683 1701 4723 re-

113 4767 313 4825 surgam
345 4773 372 4810 a
408 4765 608 4814 morte.
645 4755 716 4812 Et
748 4775 836 4813 vos
866 4759 1061 4827 vivetis,
1103 4773 1210 4815 nou
1257 4761 1584 4818 interﬁcient
1606 4779 1703 4819 vos

113 4845 303 4904 inimici
326 4849 530 4906 nostri.

174 4941 301 4999 Luc.
327 4959 451 5016 cap.
482 4943 694 5011 xv,13,
723 4943 1053 5015 vercellen.,
1075 4945 1280 5016 vivens,
1311 4955 1366 5003 et
1397 4947 1468 5003 ita
1500 4948 1559 5005 S.
1589 4943 1701 5006 lre-

112 5051 250 5093 meus
279 5038 334 5120 in
368 5035 465 5096 lib.
496 5023 763 5096 tv'eantra
796 5039 1065 5120 ereses,
1091 5052 1222 5099 tam.
1255 5059 1270 5098 ι
1299 5060 1351 5114 p.
1380 5043 1504 5100 280.

175 5115 360 5190 Matth.
403 5149 526 5203 cap.
572 5123 676 5201 vti,
703 5121 773 5202 2,
804 5115 1138 5203 Vercellen.,
1176 5136 1447 5193 Veronen.
1480 5147 1535 5193 et
1565 5139 1702 5208 Sang-

111 5220 474 5296 Germancn.,
519 5221 843 5300 judicabitur
899 5227 963 5284 de
1011 5227 1154 5286 vobis
1184 5271 1198 5298 ,
1247 5239 1302 5286 et
1351 5231 1423 5286 ita
1455 5231 1694 5292 Tertull;

112 5328 223 5386 pag.
253 5317 382 5374 556.

178 5403 362 5468 Matth.
394 5427 514 5485 cap.
545 5429 648 5480 vn,
685 5414 750 5470 12
773 5456 788 5482 ,
813 5413 1120 5474 Vercellen.
1141 5458 1154 5484 ,
1181 5416 1454 5474 Veronen.
1479 5427 1532 5474 et
1562 5419 1697 5476 San-

111 5501 432 5562 Germanen.
463 5499 689 5574 addunt,
722 5508 873 5577 bona,
897 5519 952 5565 et
973 5510 1045 5565 ita
1072 5510 1131 5566 8.
1158 5509 1460 5582 Cyprianus
1487 5529 1540 5584 p.
1564 5512 1694 5581 424,

111 5593 165 5651 8.
190 5597 518 5671 Augustinus
539 5601 607 5657 de
632 5599 862 5656 Civitate
891 5602 981 5658 Dei
1006 5603 1101 5658 lib.
1126 5619 1236 5672 xxv,
1259 5619 1379 5676 cap.
1403 5604 1459 5672 8,
1488 5621 1539 5677 p.
1565 5605 1694 5674 556,

113 5690 336 5761 omittit,
369 5693 503 5748 bona
533 5711 551 5759 ;
582 5693 767 5751 subdit
790 5702 969 5751 tamen
990 5736 1004 5761 ,
1030 5706 1239 5767 propter
1278 5699 1697 5754 consuetudinem

114 5780 378 5842 locutionis
404 5787 642 5844 nonnulli
663 5787 963 5861 interpretes
988 5788 1300 5848 addiderunt
1339 5792 1515 5861 bona;
1547 5800 1593 5848 et
1623 5792 1696 5848 ita

1879 4673 2038 4730 Joan.
2066 4692 2186 4747 cap.
2219 4694 2274 4744 ιι,
2310 4681 2380 4738 38
2406 4724 2422 4751 ,
2475 4683 2779 4744 Vercellen.
2830 4695 3072 4760 quoniam
3111 4673 3163 4752 in
3208 4717 3288 4754 me
3336 4715 3414 4760 est

1810 4764 1990 4833 Pater,
2020 4779 2125 4823 etc.
2154 4769 2429 4828 Veronen.
2452 4785 2506 4830 et
2535 4776 2852 4848 Corbeicn.,
2872 4787 2993 4856 quia
3020 4788 3071 4842 in
3093 4806 3171 4845 me
3195 4801 3268 4846 est
3298 4791 3412 4849 Pa-

1809 4868 1904 4928 ter,
1931 4871 1976 4914 et
2003 4878 2097 4932 ego
2125 4864 2178 4918 in
2205 4880 2264 4918 eo
2286 4881 2305 4932 ;
2331 4866 2566 4923 Brixian.
2597 4887 2748 4942 vero,
2777 4877 2900 4946 quia
2931 4880 2984 4933 in
3011 4897 3088 4934 me
3111 4892 3185 4936 est
3213 4882 3408 4955 Pater,

1807 4963 1854 5007 et
1882 4970 1973 5024 ego
2003 4959 2055 5009 in
2083 4973 2221 5014 eum.
2253 4956 2313 5014 S.
2337 4955 2658 5034 Cyprianus,
2683 4971 2928 5038 quoniam
2955 4971 3007 5025 in
3031 4989 3110 5027 me
3130 4985 3202 5030 est
3224 4975 3404 5052 Pater,

1807 5056 1854 5101 et
1874 5065 1968 5119 ego
1996 5050 2048 5104 in
2079 5049 2194 5106 illo.

1878 5140 2035 5197 Joan.
2069 5161 2191 5216 cap.
2221 5161 2309 5215 χι,
2340 5148 2426 5218 11,
2462 5148 2794 5221 Vercellen.,
2824 5157 3018 5215 suscita
3039 5201 3054 5227 ,
3090 5163 3364 5228 Veronen.
3385 5214 3406 5244 ,

1806 5229 2095 5301 Corbeicn.
2123 5246 2179 5292 et
2210 5238 2472 5309 Brixian.,
2503 5246 2740 5298 suscitem
2760 5288 2774 5313 ,
2807 5247 2930 5305 Gat.
2951 5293 2965 5318 ,
2998 5261 3321 5331 exsuscitem,
3351 5229 3408 5325 ei

1805 5326 1879 5383 ita
1902 5326 2010 5382 duo
2059 5345 2190 5385 mss.
2240 5331 2410 5389 divin.
2463 5333 2783 5395 Bibliothee.
2813 5340 2874 5398 S.
2902 5343 3239 5422 Hieronymi.
3267 5326 3410 5418 Nota

1806 5428 1987 5477 tamen
2015 5463 2031 5489 ,
2063 5424 2208 5494 quod
2241 5441 2380 5482 unus
2409 5426 2600 5495 habet,
2640 5435 2878 5490 suscitem
2905 5479 2918 5504 ,
2950 5453 3216 5513 expuncta
3257 5465 3403 5520 pra:-

1805 5513 2097 5584 positiuue,
2130 5533 2214 5584 ex,
2246 5518 2498 5574 secundis
2518 5522 2683 5578 euris:

1875 5606 2007 5663 Luc.
2037 5623 2156 5679 cap.
2187 5626 2236 5677 ι,
2271 5611 2361 5678 70,
2396 5610 2699 5672 Vercellen.
2729 5635 2822 5688 per
2848 5639 2904 5678 os
2924 5625 3254 5696 ,Sunctorum
3276 5635 3398 5697 Ρ...

1805 5700 1959 5756 Ιι.....
1992 5716 2107 5755 rum
2135 5719 2317 5758 su.....
2348 5707 2540 5777 supple
2559 5709 2809 5769 lacunam
2835 5733 2902 5772 ex
2929 5717 3194 5793 Brixiam,
3225 5745 3317 5797 per
3341 5748 3400 5789 os

1807 5794 2119 5852 Sanctorum
2164 5795 2546 5869 Prophetarum
2591 5820 2844 5882 suorum,
2886 5811 3157 5878 Veronen.
3337 5844 3398 5890 os
