3968 6332
502 275 607 333 105

1862 267 2401 328 PROLEGOMENA.

3693 276 3794 335 104

503 389 819 446 Sanctorum
847 402 1058 442 suorum
1107 382 1510 453 Prophetarum.
1543 380 1835 438 Cnrhcicn.
1884 399 1974 454 per
2017 398 2074 436 os
2128 386 2181 446 Α
2283 385 2434 454 Quod
2474 400 2592 440 vero
2622 385 2883 457 pollicitus
2929 392 3005 443 est
3033 388 3141 443 illis
3168 386 3452 460 (Christus
3483 388 3794 462 Apostolis)

501 493 795 539 sanctorum
816 480 1201 553 prophetarum.
1234 475 1601 533 Tertullianus
1628 490 1749 547 pag.
1779 473 1882 557 187
1924 482 1982 530 et
2003 473 2100 530 I88

506 596 597 651 per
626 594 683 632 os
708 575 1104 649 PrOphetarum.

573 673 708 729 Luc.
740 687 859 741 cap.
891 684 959 737 11,
992 669 1059 724 14
1080 709 1096 736 ,
1132 666 1434 722 Vercellen.
1488 667 1541 718 in
1588 680 1696 719 exc.
1725 702 1742 720 .
1775 662 1844 716 sis
1866 704 1879 727 ,
1910 659 2102 731 supple

502 767 747 823 lacunam
778 780 845 819 ex
869 762 991 819 Gal.
1023 768 1078 816 et
1106 759 1344 815 Brixian.
1377 758 1466 828 qui
1499 757 1731 824 habent,
1763 757 1817 809 in
1846 754 2059 809 excelsis
2083 793 2097 816 ,

500 870 553 916 et
578 860 648 914 ita
675 858 736 913 8.
772 856 1012 911 lrenaeus
1043 853 1099 908 in
1137 851 1232 907 lib.
1258 867 1316 905 111
1346 859 1533 906 contra
1566 849 1845 914 llierescs,
1872 856 2004 902 tom.
2045 861 2098 910 1,

500 967 623 1025 pag.
658 951 782 1017 186,
810 959 866 1006 et
890 948 950 1005 8.
982 947 1344 1017 Hieronymus
1391 944 1445 999 in
1485 942 1581 998 lib.
1616 959 1633 996 1
1679 939 2101 997 commentario-

498 1062 617 1103 rum
643 1046 695 1100 in
721 1042 915 1100 Isaiam
941 1055 1062 1111 cap.
1091 1038 1150 1105 2,
1191 1045 1326 1092 tom.
1352 1051 1427 1103 IV,
1457 1050 1579 1106 pag.
1614 1034 1705 1091 54.

498 1176 505 1182 -
570 1138 704 1194 Luc.
727 1152 847 1207 cap.
878 1151 946 1203 ιι,
977 1134 1045 1189 li
1067 1174 1082 1198 ,
1124 1130 1430 1188 Vercellen.
1475 1144 1628 1197 super
1662 1136 1852 1181 terram
1878 1166 1893 1192 ,
1938 1133 1994 1181 et
2022 1123 2098 1180 ita

499 1248 638 1290 unus
668 1247 775 1286 ms.
816 1229 876 1287 S.
911 1224 1226 1297 Hieronymi
1274 1225 1370 1280 lib.
1424 1238 1442 1277 1
1482 1220 2010 1278 Commentariorum
2042 1218 2096 1273 in

498 1330 694 1388 Isaiam
720 1342 840 1398 cap.
869 1324 926 1379 2.

1018 1405 1083 1466 Θ
1137 1398 1475 1458 EPISTOLA

498 1514 794 1571 Βιιιιιοιιικι
832 1526 899 1565 ιιι
936 1507 1166 1571 Joseru,
1209 1520 1255 1561 s.
1298 1520 1349 1557 ιι.
1414 1518 1450 1555 ι.
1513 1513 1749 1555 comma
1809 1512 1876 1551 ne
1940 1494 2096 1549 'l'uuu

474 1585 585 1628 ’τ’
718 1608 788 1648 ενι·
828 1590 1169 1653 Ηοιικετιειη,
1203 1598 1493 1641 muscarum
1530 1582 1876 1637 Concessi-zu.

496 1694 735 1765 Josepho
761 1693 819 1749 8.
849 1691 911 1745 ll.
946 1690 988 1745 Ι.
1014 1687 1198 1744 comiti
1225 1686 1292 1742 de
1312 1684 1507 1739 Thunn
1539 1688 1596 1737 et
1620 1678 1915 1736 Hohestein
1943 1676 2094 1748 cpi»-

2202 493 2258 532 se
2286 478 2547 546 facturum
2574 478 2715 549 ipsos
2756 480 3040 549 piscatores
3079 480 3383 548 hominum;
3405 498 3501 537 nec
3542 481 3599 537 id
3638 481 3797 539 verbis

2200 570 2525 625 solummodo
2581 572 2714 627 dixit
2738 615 2753 640 ,
2805 575 2896 629 sed
2960 591 3016 631 re
3061 575 3177 648 ipsa
3222 577 3482 633 cumulate
3520 577 3791 649 praestitit;

2204 672 2500 734 tantamque
2544 665 2615 719 eis
2661 666 2761 719 vim
2821 683 2882 719 ac
2946 668 3225 740 potentiam
3271 668 3457 725 indidit
3484 711 3499 736 ,
3544 679 3600 724 ut
3645 669 3798 727 libros

2203 756 2580 811 conscriberent
2646 767 2798 825 atque
2868 759 3109 828 ederent;
3160 771 3314 833 utque
3342 763 3523 817 horum
3556 761 3799 818 librorum

2204 855 2346 913 tanta
2376 859 2503 902 esset
2524 850 2827 916 auctoritas,
2851 860 2906 905 ut
2931 853 3161 906 omnium
3191 862 3295 907 tam
3322 853 3619 909 Graecorum
3641 870 3794 925 quant

2203 936 2550 993 Barbarorum
2596 941 2789 1011 linguis
2834 945 3101 1011 conversi,
3148 962 3180 998 α
3230 946 3428 1000 cunctis
3454 945 3643 1016 ubique
3679 962 3799 1017 gen-

2200 1029 2333 1085 tibus
2362 1032 2587 1087 studiose
2628 1034 3016 1101 ediscerentur;
3045 1047 3093 1090 et
3135 1053 3195 1091 ea
3223 1053 3338 1106 qua:
3380 1038 3437 1092 in
3478 1037 3588 1092 illis
3626 1039 3787 1092 conti-

2201 1131 2420 1190 nentur,
2451 1122 2641 1179 Divina
2681 1142 2790 1181 esse
2826 1127 3153 1182 crederentur
3186 1129 3430 1195 oracula,
3454 1137 3710 1200 quantum
3745 1128 3797 1185 id

2200 1215 2429 1271 valet-ad
2454 1215 2790 1274 Divinitatem
2817 1220 2927 1291 ejus
2957 1221 3226 1293 perspicue
3250 1222 3642 1278 declarandam.

2199 1351 2347 1409 ldem
2397 1353 2660 1411 Eusebius
2720 1354 2775 1411 in
2837 1354 3175 1428 fragmento,
3242 1371 3275 1413 a
3341 1357 3552 1416 Joanne
3594 1358 3795 1416 Grabio

2269 1448 2458 1505 Grarce
2495 1457 2551 1504 et
2586 1448 2779 1506 Latine
2799 1450 2970 1507 allato
3006 1452 3061 1507 in
3089 1453 3258 1523 ipsius
3286 1452 3444 1512 Notis
3468 1454 3536 1510 ad
3563 1452 3793 1527 Spicile-

2272 1540 2420 1612 gium
2450 1540 2693 1606 Patrum,
2719 1555 2843 1596 smc.
2872 1558 2945 1610 11,
2992 1558 3116 1615 pag.
3142 1543 3272 1600 252.

2269 1673 2343 1730 Οὖ
2378 1678 2466 1731 καί
2488 1677 2595 1732 καθ’
2623 1675 2737 1739 ὅλης
2759 1686 2868 1739 ,τῆς
2905 1680 3202 1752 οἰκουμένης
3241 1679 3487 1751 ἐκλάμπει
3512 1679 3572 1736 τὸ
3600 1675 3762 1752 ὄνομα
3780 1719 3800 1750 ,

566 1804 705 1858 c0po
733 1783 1001 1843 Gurcensi
1049 1781 1255 1853 optimo
1292 1775 1494 1845 Joseph
1545 1774 1875 1830 Blanchinus
1920 1770 2093 1825 Vero-

2213 1774 2288 1827 ιαί
2315 1771 2341 1827 ὁ
2372 1772 2518 1845 λόγος
2543 1774 2637 1834 τὰς
2661 1780 2763 1828 τῶν
2786 1774 3068 1849 ἀνθρώπων
3110 1772 3294 1846 ψυχὰς
3337 1775 3682 1848 καταυγάζει,
3716 1772 3798 1829 διὰ

568 1881 754 1939 nensis
778 1921 793 1947 ,
825 1878 1109 1950 presbyter
1134 1870 1571 1945 congregationis
1591 1866 1827 1926 Oratorii
1860 1863 2093 1921 Romani

567 1979 906 2034 felicitatem.

566 2093 760 2150 Solent
798 2085 1076 2153 nonnulli,
1117 2082 1319 2141 Przcsnl
1352 2077 1754 2151 sapientissime
1776 2117 1790 2141 ,
1823 2072 2091 2129 interdum

500 2188 760 2262 quasdam
800 2185 1121 2240 Sanctarum
1171 2181 1388 2234 l‘atrum
1434 2174 1595 2229 nimis
1637 2186 1831 2242 urgere
1878 2176 2070 2224 senten

500 2282 626 2348 tias,
655 2281 936 2348 aiuntque,
969 2278 1151 2330 statim
1198 2287 1262 2326 ac
1293 2267 1557 2326 Gentibus
1588 2262 1869 2334 Evangelii
1911 2263 2093 2316 lumen

492 2373 709 2438 illuxit,
742 2379 797 2427 et
823 2368 997 2425 Graeci
1057 2364 1258 2436 pariter
1318 2376 1381 2416 ac
1408 2359 1617 2425 Latini,
1653 2354 1982 2425 Barbarique
2030 2352 2097 2406 ab

498 2465 764 2538 apostolis
813 2465 866 2517 in
898 2457 1101 2517 Christi
1158 2454 1400 2511 doctrina
1458 2459 1584 2508 sunt
1633 2445 1902 2512 instituti,
1935 2444 2095 2499 innu-

496 2573 673 2615 meras
714 2571 850 2627 pene
899 2552 1213 2609 Divinarum
1252 2548 1658 2618 Scripturarum
1713 2548 1928 2596 exortus
1976 2550 2099 2593 esse

499 2654 819 2717 versioues,
869 2661 1097 2720 quarum
1141 2644 1341 2706 ductu,
1375 2639 1442 2695 ad
1489 2637 1727 2692 omnium
1775 2632 2096 2705 populorum

496 2746 753 2808 haustus,
809 2741 1074 2795 salutares
1121 2750 1275 2807 aqua:
1335 2731 1694 2788 decurrerent
1750 2724 2094 2796 eloquiorum

499 2838 615 2893 Dei.
657 2831 916 2902 Quamvis
969 2838 1148 2884 autem
1196 2824 1509 2896 apostolicae
1558 2816 1958 2893 praedicationis
2011 2830 2097 2869 se-

506 2930 674 2997 mina,
702 2924 1014 2983 caelestibus
1043 2921 1151 2976 illis
1180 2917 1432 2974 latieibus
1461 2915 1715 2977 irrorata,
1752 2912 1923 2965 instar
1944 2908 2098 2979 grani

494 3020 733 3090 sinapis,
767 3014 1003 3071 aluerint
1035 3012 1110 3082 ,in
1165 3010 1427 3065 unitatem
1470 3004 1631 3070 lidei,
1702 2999 1986 3072 sapientiae
2041 3004 2098 3052 et

497 3113 739 3170 scientiae
766 3107 1146 3183 mysteriorum
1177 3104 1315 3175 ejus,
1346 3115 1469 3157 cum
1495 3101 1729 3170 primum
1755 3096 1807 3149 in
1829 3091 2097 3151 Gentibus

492 3209 638 3279 jacta
667 3212 793 3261 sunt
818 3172 886 3258 ab
915 3201 1026 3256 illis
1056 3172 1322 3254 Dominici
1348 3195 1459 3265 agri
1492 3190 1790 3254 satorilms,
1815 3186 2012 3259 quibus
2038 3184 2092 3239 in
2121 3172 2167 3236 C

495 3299 762 3357 mandatis
786 3306 937 3363 erat,
987 3303 1078 3362 ut,
1109 3300 1300 3348 euntes
1364 3289 1418 3343 in
1468 3286 1726 3342 mundum
1782 3285 2093 3337 universum

499 3393 863 3467 praedicarent
892 3387 1244 3458 Evangelium
1269 3382 1417 3438 omni
1443 3388 1729 3443 creaturae,
1749 3377 1969 3467 jamque
1994 3374 2095 3428 sub

493 3466 725 3545 Neronis
755 3484 984 3555 imperio
1013 3481 1252 3537 divinum
1297 3476 1456 3547 Legis
1502 3470 1830 3544 praeconium
1873 3466 2094 3523 ultimas

494 3585 613 3641 fere
642 3580 824 3637 mundi
870 3577 1120 3649 regiones
1159 3573 1520 3644 pervasisset,
1556 3575 1616 3623 ut
1653 3567 1851 3622 Paulus
1885 3564 1949 3619 ad
1988 3563 2095 3619 Ro-

496 3692 691 3735 manos
732 3677 873 3747 (cap.
908 3688 957 3739 1,
987 3688 1037 3726 v.
1070 3668 1128 3741 8)
1169 3666 1415 3724 scribens
1450 3672 1533 3718 est
1563 3660 1901 3733 gratulatus;
1934 3657 2091 3711 innu-

495 3787 676 3829 meras
722 3780 939 3831 tamen,
993 3767 1161 3820 immo
1208 3762 1485 3817 nationum
1535 3771 1673 3828 pene
1719 3753 2092 3809 universarum

496 3864 819 3923 vernaculas
843 3861 953 3933 jam
992 3868 1104 3914 tum
1151 3857 1424 3914 eXstitisse
1464 3852 1779 3915 versiones,
1814 3847 1944 3902 mihi
1974 3863 2095 3914 per-

492 3958 747 4023 suadere,
778 3954 866 4011 vix
895 3968 959 4009 ac
987 3968 1055 4007 ne
1082 3949 1170 4006 vix
1195 3944 1411 4020 quidem
1454 3959 1694 4015 possum.
1728 3941 1914 4012 Neque
1969 3954 2094 3995 san-

492 4062 707 4107 etorum
733 4049 951 4103 Patrum
1000 4053 1236 4099 mentem
1283 4039 1520 4096 arbitror
1567 4044 1848 4092 assecutos
1904 4048 2095 4088 omnes

494 4143 793 4211 scriptores
831 4139 955 4194 illus
976 4178 991 4203 ,
1020 4136 1143 4206 qui,
1172 4134 1238 4189 ad
1269 4139 1663 4204 praeconceptu:
1700 4126 1970 4197 opinionis
2001 4125 2096 4180 de-

497 4237 836 4300 tensionem,
885 4230 1143 4287 nonnulla
1170 4224 1485 4282 eorumdcm
1527 4223 1835 4278 testimonia
1885 4221 1936 4275 in
1982 4236 2095 4275 me-

492 4329 643 4384 dium
675 4324 971 4397 protulere,
1003 4336 1123 4392 qum
1165 4318 1298 4373 nihil
1340 4315 1540 4371 iaciunt
1568 4313 1633 4368 ad
1668 4328 1815 4378 rem,
1857 4310 1945 4367 vel
1974 4326 2095 4382 qua:

492 4437 631 4491 opus
662 4418 861 4474 habent
890 4416 1065 4486 aliqua
1095 4428 1202 4468 non
1227 4408 1574 4484 hyperbolica
1614 4406 2091 4475 interpretatione.

494 4512 633 4568 Volo
664 4510 782 4575 hic,
824 4509 906 4563 vir
930 4503 1322 4569 eruditissime,
1352 4501 1658 4573 praecipuos
1688 4496 1885 4553 atl'erre
1916 4497 2086 4561 locos,

494 4607 549 4662 in
576 4602 772 4676 quibus
803 4600 902 4672 ipsi
935 4611 1182 4666 magnam
1208 4595 1313 4649 vim
1351 4592 1579 4665 positam
1626 4598 1852 4662 putant,
1885 4588 1978 4645 sed
2009 4598 2090 4643 ta-

494 4713 620 4757 men
642 4696 732 4770 qui
764 4690 1110 4763 meojudicio
1133 4687 1266 4744 nihil
1297 4684 1653 4743 concludunt.

498 4819 766 4878 Eusebius
801 4812 1116 4885 Pamphilus
1145 4811 1197 4866 in
1236 4809 1493 4866 Oratione
1523 4807 1591 4863 de
1632 4778 1905 4863 Laudibus
1948 4804 2093 4861 Con-

569 4899 825 5026 Elaqtini,
858 4896 1003 4952 Edit.
1041 4892 1278 4963 Mogunt.
1337 4904 1613 4958 uncum,
1645 4903 1767 4958 pag.
1826 4886 1964 4952 662,
2008 4886 2088 4940 lit.

570 5067 637 5121 Τὸ
666 5062 720 5119 δέ
751 5061 1166 5138 ἐπαγγείλασθαι,
1206 5059 1289 5111 καὶ
1326 5055 1460 5130 λόγῳ
1502 5056 1593 5126 μέν
1649 5056 1826 5120 εἰπεῖν,
1876 5051 2010 5131 ἔργῳ
2037 5049 2091 5107 δὲ

497 5168 714 5218 ποιῆσαι
743 5158 925 5216 αὐτοὺς
951 5154 1121 5214 ἁλιέας
1163 5152 1442 5228 ἀνθρώπων
1483 5150 1569 5201 καὶ
1614 5147 1875 5203 τοσαύτην
1913 5147 2091 5205 αὐτοῖς

500 5257 686 5333 ἀρετήν
714 5272 769 5308 τε
798 5254 881 5305 καί
907 5248 1117 5321 δύναμιν
1141 5250 1471 5322 παρασχεῖν,
1504 5244 1571 5302 ὡς
1619 5244 1703 5296 καί
1739 5241 1936 5317 γραφὰς
1967 5261 2087 5294 συν-

498 5351 671 5415 τάξαι,
699 5348 787 5401 καὶ
824 5343 1033 5416 βίϐλους
1059 5338 1404 5415 παραδοῦναι,
1436 5338 1524 5390 καί
1550 5337 1747 5394 πάντας
1778 5336 1849 5395 εἰς
1873 5339 2091 5388 τοσοῦτο

502 5447 781 5521 κρατῦναι,
813 5440 881 5498 ὡς
909 5435 1015 5491 καθ’
1050 5431 1166 5494 ὅλης
1190 5441 1282 5492 τῆς
1312 5430 1606 5501 οἰκουῴνης
1634 5430 1855 5501 παντοίᾳ
1882 5427 2094 5500 γλώσσῃ

500 5519 780 5610 Βαρϐάρων
808 5550 862 5609 τε
916 5530 1000 5582 καί
1023 5524 1262 5583 Ἐλλήνων
1287 5521 1749 5596 μεταϐαλλομένας,
1960 5522 2094 5572 πᾶσι

497 5636 606 5690 τοῖς
630 5625 795 5683 ἔθνεσι
822 5620 1148 5696 μελετᾶσθαι.
1184 5620 1266 5673 καὶ
1292 5616 1630 5671 πιστεύεσθαι
1661 5615 1771 5668 θεῖα
1797 5607 1923 5665 εἶναι
1948 5611 2095 5682 λόγια

502 5722 567 5778 τὰ
595 5722 645 5774 ἐν
672 5720 858 5779 αὐταῖς
878 5710 1319 5783 καταϐεϐλημένα,
1359 5707 1478 5762 ὅσον
1513 5709 1584 5768 εἰς
1623 5703 1878 5770 ἀπόδειξιν
1908 5703 2093 5778 ἐναργῆ

502 5822 595 5876 τῆς
625 5815 780 5871 αὐτοῦ
806 5810 1061 5869 θεότητος·

2196 1873 2288 1927 τῆς
2317 1868 2476 1922 αὐτοῦ
2505 1864 2884 1943 παραδοθείσης
2913 1874 3002 1922 τοῦ
3034 1867 3325 1941 εὐαγγελίου
3351 1874 3549 1942 γραφῆς
3578 1868 3800 1941 παντοίᾳ

2195 1958 2398 2032 γλώττῃ
2410 1959 2631 2035 έλληνικῇ
2643 1979 2698 2015 τε
2711 1963 2796 2014 καὶ
2815 1960 2916 2037 βαρ
2923 1960 3065 2037 ϐἁρῳ
3078 1960 3483 2034 μεταϐληθείσης
3496 2001 3509 2025 ,
3520 1960 3775 2025 εἰςέξὰκον
3786 1988 3800 1999 ·

2196 2052 2318 2108 στόν
2328 2073 2384 2110 τε
2405 2058 2538 2110 πᾶσι
2555 2061 2663 2115 τοῖς
2674 2050 2861 2110 ἔθνεσιν
2874 2054 2943 2128 ἐφ’
2962 2054 3184 2116 ἑκάστης
3197 2056 3291 2127 ἡμέ
3294 2075 3391 2131 ρας
3402 2076 3464 2113 κη
3467 2040 3801 2130 ρυττομενης.

2268 2192 2531 2264 Loquitur
2577 2192 2843 2250 Eusebius
2879 2192 2969 2249 hic
2994 2192 3065 2250 de
3092 2192 3302 2250 Joanne
3348 2192 3461 2248 ﬁlio
3511 2192 3799 2260 Zebedmi,
3852 2250 3853 2255 η

2197 2286 2349 2355 cuius
2371 2294 2417 2339 et
2444 2301 2628 2341 nomen
2654 2284 2778 2360 (ait)
2806 2302 2897 2358 per
2925 2288 3226 2342 universum
3288 2285 3463 2341 orbem
3492 2285 3799 2352 celebratur,

2198 2386 2245 2432 et
2282 2377 2519 2433 doctrina
2566 2378 2831 2433 hominum
2861 2380 3063 2434 animos
3090 2379 3361 2434 collustrat
3385 2419 3401 2446 ,
3456 2378 3652 2433 tradita
3681 2378 3804 2446 ipsis

2199 2467 2468 2543 Evangelii
2500 2471 2795 2544 Scriptura,
2824 2487 2939 2543 quae
2965 2471 3021 2526 in
3044 2486 3243 2525 omnem
3270 2470 3524 2542 linguam,
3561 2468 3800 2525 (ii-tecum

2200 2562 2398 2634 pariter
2421 2574 2469 2617 et
2494 2560 2781 2617 Barbarum
2833 2567 3086 2619 translata
3112 2573 3216 2632 est,
3244 2572 3294 2618 et
3317 2572 3371 2618 ut
3409 2579 3586 2618 onmes
3614 2561 3803 2619 Gentes

2197 2656 2476 2712 exaudiant
2501 2698 2517 2723 ,
2544 2656 2770 2728 quotidie
2796 2657 3122 2731 praedicatur.

2200 2800 2261 2858 S.
2291 2800 2530 2857 Joannes
2549 2800 2968 2873 Chrysostomns
3014 2801 3172 2858 Hom.
3204 2817 3379 2870 ωαχ,
3409 2801 3480 2858 al.
3541 2816 3715 2858 qu
3753 2802 3802 2858 in

2271 2892 2610 2959 Mattha'um,
2658 2891 2817 2964 juxta
2864 2894 3010 2951 Edit.
3062 2894 3432 2951 Montfaucon.
3473 2892 3631 2950 Tom.
3697 2910 3803 2963 v11,

2274 3001 2395 3057 pag.
2428 2986 2554 3054 767,
2588 2985 2693 3041 Lit.
2733 2987 2792 3041 li.

2270 3100 2389 3160 Ὀτι
2428 3100 2483 3159 δέ
2524 3102 2685 3179 πόρνη
2734 3108 2862 3179 ’γυνὴ
2911 3102 3083 3160 ἔλαιον
3130 3106 3333 3178 ἐξέχεεν
3362 3106 3412 3160 έν
3440 3106 3573 3181 οἰκίᾳ
3612 3105 3807 3183 λεπροῦ

2198 3218 2355 3264 τινος,
2389 3195 2591 3255 δώδεκα
2641 3196 2836 3275 ἀνδρῶν
2888 3199 3175 3274 παρόντων,
3221 3206 3374 3257 τοῦτο
3402 3201 3591 3261 πάντες
3621 3199 3809 3275 ᾄδουσι

2200 3291 2331 3346 κατὰ
2350 3296 2442 3349 τὴν
2470 3292 2787 3364 οἰκουμένην,
2818 3294 2907 3347 καὶ
2932 3292 3126 3369 χρόνος
3154 3299 3402 3355 τοσοῦτος
3431 3292 3617 3360 διῆλθε,
3660 3297 3752 3349 καί
3777 3297 3807 3355 ἠ

2197 3386 2366 3454 μνήμη
2393 3388 2487 3438 τοῦ
2532 3384 2803 3455 γενομένου
2847 3385 2939 3438 οὐκ
2982 3385 3235 3459 ἐμαράνθη
3257 3402 3269 3415 °
3318 3387 3446 3443 ἀλλὰ
3470 3389 3557 3442 καί
3587 3388 3802 3465 Πέρσαι,

2198 3478 2285 3530 καί
2312 3472 2475 3540 Ἰνδοὶ,
2506 3478 2590 3531 καὶ
2618 3477 2819 3542 Σκῦθαι,
2846 3479 2930 3532 καί
2960 3483 3160 3553 Θρᾶκες
3178 3519 3192 3543 ,
3223 3481 3312 3535 καὶ
3342 3480 3700 3556 Σαυρομάται,
3724 3481 3809 3535 καί

2197 3575 2255 3628 τὸ
2280 3579 2381 3627 τῶν
2410 3574 2631 3648 Μαύρων
2654 3574 2821 3647 γένος,
2863 3577 2952 3629 καί
2982 3575 3027 3629 οἰ
3055 3576 3151 3636 τὰς
3180 3574 3484 3647 Βρετανικάς
3516 3579 3711 3638 νήσους
3736 3577 3807 3630 οἰ-

2197 3670 2420 3732 κοῦντες,
2469 3665 2528 3720 τὸ
2574 3665 2623 3718 ἐν
2668 3662 2887 3741 Ἰουδαίᾳ
2932 3666 3200 3739 γενόμενον
3228 3667 3389 3742 λάθρα
3414 3667 3463 3722 ἐν
3490 3669 3627 3744 οἰκίᾳ
3659 3669 3809 3746 παρὰ

2196 3759 2436 3831 γυναικός
2463 3759 2879 3834 πεπορνευμένης
2904 3761 3258 3838 περιφέρουσι.

2273 3852 2426 3918 Quod
2445 3861 2614 3907 autem
2637 3852 2880 3907 meretrix
2894 3852 3064 3907 oleum
3077 3853 3319 3924 effuderit
3338 3854 3393 3908 in
3414 3854 3566 3911 domo
3586 3855 3805 3926 leprosi,

2199 3944 2470 3999 duodecim
2499 3944 2621 4001 viris
2652 3944 2991 4015 prwscntious
3011 3986 3026 4011 ,
3059 3945 3115 3999 id
3141 3961 3232 4017 per
3259 3945 3431 4001 orbem
3459 3957 3670 4003 cantant
3699 3965 3808 4003 om-

2199 4054 2317 4104 nes,
2359 4055 2419 4091 ac
2448 4048 2565 4108 post
2595 4046 2793 4091 tantum
2824 4039 3071 4109 temporis
3117 4041 3191 4093 rei
3233 4050 3388 4112 gesta:
3416 4043 3663 4103 memoria
3706 4060 3808 4097 non

2198 4129 2447 4183 minuitur
2475 4144 2493 4183 :
2521 4128 2609 4183 sed
2640 4127 2838 4195 Persaz,
2871 4127 3015 4198 Indi,
3047 4130 3292 4202 Scytlue,
3320 4131 3570 4200 Thraces,
3604 4133 3811 4190 Sauro-

2199 4222 2412 4288 mathw,
2446 4220 2657 4287 Mauri,
2686 4223 2772 4289 qui
2800 4221 3129 4279 Britannicas
3153 4225 3350 4279 insulas
3367 4226 3599 4281 incolunt
3626 4269 3644 4294 ,
3667 4225 3808 4298 quod

2197 4316 2252 4370 in
2280 4313 2472 4370 Iudaea
2498 4315 2549 4369 in
2580 4315 2736 4369 domo
2758 4315 3005 4388 quadam,
3030 4334 3119 4373 nec
3141 4319 3314 4390 palam
3339 4336 3371 4373 a
3400 4321 3666 4377 meretrice
3696 4325 3811 4396 fac-

2198 4421 2308 4464 tum
2338 4419 2412 4464 est
2440 4409 2745 4482 praedicant.

2123 4573 2174 4634 D
2197 4547 2255 4605 S.
2307 4549 2546 4606 Joannes
2566 4545 2988 4621 Chrysostomus
3017 4549 3244 4607 Homilia
3290 4566 3329 4607 11
3357 4550 3498 4623 apud
3535 4552 3676 4609 alios
3706 4569 3724 4609 1
3752 4554 3805 4631 in

2271 4639 2608 4698 S..loannem
2634 4641 3220 4713 Evangelistam,iuxta
3248 4644 3384 4701 edit.
3413 4633 3803 4715 Montl‘aucon,

2275 4734 2432 4791 Tom.
2464 4750 2583 4800 vm,
2615 4749 2738 4805 pag.
2774 4734 2864 4801 lt),
2898 4734 2980 4789 lit.
3011 4736 3071 4791 Β.

2270 4869 2387 4949 Ἆρ’
2414 4874 2502 4926 οὐκ
2532 4871 2741 4933 εἰκότως
2766 4873 2939 4928 πάντα
2964 4872 3182 4932 ἐσϐέσθη
3214 4873 3395 4941 ἐκεῖνα,
3438 4876 3529 4931 καὶ
3555 4878 3809 4949 ἠφανίσθη

2200 4965 2400 5029 τέλεον;
2427 4962 2653 5030 εἰκότως,
2680 4968 2768 5019 καί
2795 4967 2932 5021 κατὰ
2952 4965 3096 5041 λόγον
3114 4982 3127 4993 ³
3159 4966 3264 5022 ἀλλ’
3295 4969 3353 5023 οὐ
3376 4969 3442 5024 τὰ
3467 4975 3562 5024 τοῦ
3591 4967 3807 5026 ἰδιώτου

2197 5061 2285 5113 καὶ
2323 5056 2667 5132 ἁγραμμάτου
2707 5056 2839 5118 οὖως
2865 5074 2877 5087 ⁸
2921 5059 3046 5113 ἀλλά
3073 5062 3161 5114 καὶ
3189 5069 3361 5134 Συροι,
3404 5062 3491 5116 καὶ
3518 5058 3679 5128 Ἰνδοὶ,
3723 5065 3810 5117 καί

2198 5150 2411 5226 Πέρσαι,
2436 5151 2521 5204 καί
2539 5149 2792 5215 Αἰθίοπες,
2821 5153 2906 5204 καί
2933 5152 3098 5229 μύρια
3129 5152 3284 5228 ἕτερα
3323 5149 3462 5215 ἔθνη,
3495 5153 3569 5212 εἰς
3592 5157 3685 5212 τήν
3717 5155 3812 5209 αὐ-

2199 5249 2299 5299 τῶν
2345 5242 2716 5315 μεταϐαλόντες
2759 5242 2989 5314 ’γλῶτταν
3027 5245 3096 5299 τὰ
3131 5244 3277 5320 παρὰ
3327 5245 3510 5299 τούτου
3566 5241 3811 5318 δόγματα

2201 5336 2532 5407 εἰσαχθέντα,
2561 5332 2740 5407 ἔμαθον
2767 5329 3023 5407 ἅνθρωποι
3044 5334 3299 5412 βάρϐαροι
3318 5335 3624 5409 φιλοσοφεῖν.

2270 5426 2563 5496 Postquam
2590 5427 2800 5479 locutus
2833 5425 3089 5480 I'uitidem
3120 5426 3601 5483 SanctusJoannes
3631 5425 3812 5499 Chry-

2196 5528 2471 5576 sostomus
2517 5518 2586 5575 de
2628 5516 3002 5590 Pythagoricis
3033 5528 3088 5574 et
3118 5518 3410 5575 Platonieis
3459 5519 3803 5591 disciplinis,

2199 5614 2317 5670 haec
2346 5614 2530 5669 subdit
2556 5630 2569 5667 :
2600 5612 2786 5668 Annon
2821 5614 2942 5684 jure
2972 5612 3065 5667 illa
3091 5615 3341 5669 exstincta
3369 5614 3570 5686 penitus
3610 5615 3810 5669 deleta—

2196 5722 2295 5777 que
2323 5706 2479 5760 sunt?
2511 5704 2659 5759 Certe
2688 5709 2813 5777 jure
2831 5720 2891 5757 ac
2923 5706 3124 5772 merito,
3157 5716 3210 5759 ut
3236 5706 3368 5759 ratio
3398 5705 3710 5775 postulabat.
3739 5705 3810 5760 At

2197 5815 2300 5857 non
2330 5798 2403 5855 sic
2429 5796 2545 5867 illa,
2575 5812 2688 5869 quae
2712 5796 2781 5852 ad
2823 5797 3003 5852 rudem
3024 5796 3171 5852 illum
3194 5808 3244 5853 et
3274 5798 3597 5854 illitteratum
3637 5799 3807 5871 perti-
