3968 6332
235 303 316 359 105

931 292 1267 351 EPISTOLA
1310 289 1676 352 BLANCIIINI
1719 293 1808 348 AD
1851 290 2237 350 EPISCOPUM
2279 283 2724 352 GUllCENSEM.

3366 301 3468 357 106

229 425 324 471 nent
347 429 362 467 :
389 425 543 466 rerum
572 407 716 481 Syri,
751 407 1012 482 Εθῃριὶὶ,
1049 408 1188 472 lndi,
1225 408 1419 475 Persw,
1450 407 1726 480 .EtltiOpes
1753 450 1766 472 ,
1803 461 1807 472 ,

1916 410 2052 470 ἐντος
2081 417 2172 466 τοῦ
2204 411 2493 484 εὐαγγελίου
2523 413 2573 467 ἐν
2603 419 2711 472 τοῖς⁹
2741 413 3010 488 γράμμασι
3041 420 3142 469 τῶν
3169 413 3472 488 ἐϐδομήκον·

227 509 608 572 ἱιιηιιιιιεηιιιεᾳιιε
635 501 756 556 alite
782 501 989 570 Gentes,
1019 502 1262 574 dogmata
1287 503 1348 556 ab
1374 503 1464 556 illo
1493 501 1702 556 inducta
1721 503 1772 556 in

1876 525 1944 559 τα
1969 501 2061 558 δύο
2090 503 2360 576 γλωσσῶν,
2392 507 2479 558 καί
2501 505 2670 571 ἐθνῶν,
2698 503 2950 562 ἀδύνατόν
2975 508 3090 562 ἐστι
3118 507 3468 587 ραδιουργίαν,

227 600 417 671 linguam
441 612 578 652 suam
605 599 989 668 transferentes,
1012 593 1215 648 barbari
1245 594 1362 650 licet
1391 604 1576 660 essent,
1607 594 1778 664 philo-

1934 598 2164 669 μείωσιν,
2197 597 2227 656 ἣ
2257 597 2545 672 προσθήκην
2574 597 2872 670 ὑπομεῖναι,
2893 600 3048 656 αὐτῶ.
3073 596 3171 674 κᾷν
3198 604 3298 678 γὰρ
3329 609 3473 675 μιᾶς.

225 691 400 759 sepltari
425 689 724 743 didicerunt.

1878 686 1908 748 ἣ
1965 693 2050 744 καὶ
2102 688 2348 767 δευτέρας
2386 689 2614 764 γλώττης
2661 691 2976 766 ἐπεχείρησέ
3019 715 3098 753 τις
3140 694 3376 750 νοθεῦσαι
3411 697 3474 750 τὰ

283 785 482 842 Sanetus
508 767 870 855 Hieronymus
916 782 970 837 in
999 783 1374 839 Commentnr.
1419 782 1472 838 in
1507 783 1777 854 psalmum

1919 781 2077 846 ιϐλία,
2127 783 2380 856 ἠλέγχετο
2426 784 2568 844 εὐθὺς
2611 783 2714 838 ὑπο
2769 791 2867 840 τῶν
2923 781 3080 840 ἄλλων
3130 785 3478 862 ἑϐδομήκοντα

225 895 402 936 LXXXVI
429 897 440 932 :
467 877 712 935 Dominus
739 879 967 934 narrabit
1007 879 1060 934 in
1093 879 1380 949 Scripturis
1423 863 1732 952 papulor'um
1761 895 1778 932 :

225 977 268 1028 in
296 973 558 1043 Scripturis
613 972 1002 1048 δαηειὶαριιιε
1029 973 1285 1045 scriptura
1311 971 1522 1044 populis
1547 971 1781 1026 omnibus

224 1065 396 1138 legitur,
422 1065 511 1120 Itoc
539 1075 634 1131 est,
669 1074 726 1120 ut
753 1081 928 1120 omnes
951 1065 1264 1137 intelligant.

281 1159 406 1214 ltlem
435 1157 592 1214 Prtel'.
632 1163 684 1213 in
728 1165 959 1230 quatuor
1009 1159 1299 1230 Evangelia
1345 1158 1410 1214 ad
1445 1159 1730 1214 Damasum
1767 1175 1778 1211 :

225 1251 531 1308 Praetermitto
565 1251 812 1323 (inquit)
843 1267 928 1306 eos
971 1252 1197 1318 codices,
1240 1269 1368 1322 quos
1395 1269 1427 1306 a
1453 1249 1713 1316 Luciano,
1737 1261 1786 1306 et

227 1343 447 1418 Hesychia
475 1355 798 1417 ntmcupatos
821 1361 1104 1415 paucorum
1131 1345 1395 1400 hominum
1439 1344 1621 1399 asserit
1671 1361 1787 1412 per-

224 1457 341 1496 versa
370 1440 617 1494 contentio
640 1480 656 1504 ,
683 1439 1058 1508 quibus'utique
1095 1455 1186 1493 nec
1228 1439 1282 1492 in
1313 1447 1416 1493 toto
1459 1437 1622 1492 Veteri
1663 1436 1786 1491 Ins-

223 1541 440 1588 trumenta
475 1541 594 1606 post
637 1531 782 1587 LXX
819 1533 1118 1603 interpretes
1145 1533 1413 1586 emendare
1451 1531 1578 1603 quid
1607 1531 1782 1598 licuit,

223 1641 297 1680 nec
320 1627 366 1680 in
398 1625 546 1681 Novo
591 1626 785 1698 profuit
813 1625 1108 1680 emendasse
1138 1641 1294 1680 :cum
1333 1623 1616 1679 multarum
1655 1623 1791 1679 Gen-

225 1721 328 1774 tium
349 1720 532 1792 linguis
553 1721 828 1794 Scriptura
847 1731 966 1775 ante
989 1719 1260 1787 translata,
1277 1719 1476 1788 doceat,
1503 1719 1639 1790 falsa
1658 1735 1789 1786 esse,

223 1829 315 1884 qua:
339 1813 512 1868 addita
535 1825 678 1870 sunt.

277 1907 482 1963 Sanctus
519 1909 851 1978 Augustinus
873 1907 966 1962 lib.
1008 1923 1046 1963 ιι
1081 1906 1151 1963 de
1175 1907 1430 1963 Doctrina
1459 1906 1790 1975 Christiana,

223 2013 320 2072 cap.
350 2000 398 2066 5,
428 2001 506 2056 ait
539 2017 552 2054 :
581 1999 666 2056 Ea:
691 2017 790 2073 quo
835 2000 1030 2073 factum
1069 2011 1178 2070 est,
1221 2010 1278 2056 ut
1324 2003 1476 2056 etiam
1525 2003 1797 2076 Scriptura

223 2090 403 2160 Diuina,
428 2109 538 2164 qua
573 2093 728 2148 tantis
753 2093 942 2148 morbis
970 2095 1309 2148 humanarum
1332 2095 1646 2149 voluntatum
1676 2093 1796 2148 sub-

225 2188 392 2242 uenitur
420 2228 436 2254 ,
463 2189 535 2242 ab
565 2204 670 2242 una
693 2187 874 2261 lingua
899 2191 1160 2260 profecta,
1192 2205 1294 2260 qua
1321 2199 1606 2262 Opportune
1635 2189 1800 2260 potuit

226 2298 298 2352 per
316 2281 474 2337 orbem
495 2294 756 2338 terrarum
777 2283 1124 2347 disseminari,
1157 2299 1248 2353 per
1271 2283 1442 2338 uarias
1463 2284 1800 2354 interpretum

225 2377 398 2449 linguas
418 2378 578 2451 longe
603 2377 800 2446 lateque
827 2377 1160 2433 innotesceret
1187 2376 1432 2432 Gentibus
1457 2377 1526 2432 ad
1555 2377 1796 2432 salutent.

225 2489 278 2547 Β.
313 2491 692 2549 Theodoretus
735 2491 1000 2548 Sermone
1061 2507 1092 2548 v
1141 2491 1209 2548 de
1282 2490 1483 2548 Natura
1557 2491 1802 2547 Hominis

347 2601 458 2658 pag.
489 2585 608 2643 555
631 2627 648 2652 ,
679 2584 786 2642 Lit.
812 2585 876 2642 C.
919 2587 1008 2654 D.,
1041 2584 1164 2642 Lut.
1211 2585 1382 2640 Paris.
1413 2601 1658 2644 uncum.

281 2708 408 2768 Τίνες
433 2715 532 2768 τῆς
563 2713 768 2767 Στοίκῆς
799 2705 1044 2783 αἱρέσεως
1067 2703 1520 2780 προστατιύουσι,
1554 2702 1687 2762 τίνες
1710 2705 1804 2756 τοῦ

225 2803 524 2874 Σταγειρίτου
557 2805 646 2860 τήν
667 2795 1002 2856 διδασκαλίαν
1022 2797 1357 2874 κρατύνουσι,
1381 2800 1512 2856 τίνες
1533 2795 1668 2850 κατά
1685 2795 1809 2854 τοὺς

227 2894 462 2958 Πλάτωνος
507 2894 862 2950 πολιτεύονται
902 2893 1090 2966 νόμους
1112 2931 1128 2956 ,
1175 2895 1309 2954 τίνες
1353 2896 1444 2950 τήν
1492 2889 1582 2944 ὑπ’
1619 2889 1807 2944 ἐκείνου

225 2985 587 3064 ξυγγραφιῖσαν
633 2987 892 3044 πολιτείαν
930 2986 1266 3050 ἠσπάσαντοζ
1317 2983 1444 3040 ἀλλά
1484 2983 1680 3038 τούτων
1718 2983 1809 3053 μέν

225 3089 308 3136 τῶν
345 3081 614 3157 δογμάτων
663 3081 838 3140 οὐδένα
876 3079 1186 3138 διδάσκαλον
1233 3081 1356 3153 ἡμῖν
1394 3076 1637 3143 ἐπιδεῖξαι
1657 3075 1807 3135 δυνή-

225 3176 358 3232 σεσθε
382 3191 396 3203 ⁸
454 3180 616 3250 ἡμεῖς
672 3173 726 3232 δὲ
757 3216 772 3242 ,
817 3182 919 3232 τῶν
963 3173 1311 3230 ἀποστολικῶν
1356 3175 1444 3226 καὶ
1491 3177 1808 3248 προφητικῶν

226 3266 469 3344 δογμάτων
491 3273 561 3329 τὸ
584 3271 768 3348 κράτος
793 3271 1018 3347 ὶναργῶς
1065 3265 1412 3339 ἑπιδείκνυμιν
1429 3283 1441 3296 ·
1474 3270 1626 3321 πᾶσα
1651 3265 1750 3340 γὰρ
1779 3265 1810 3322 ἡ

225 3363 406 3436 upilio;
429 3364 594 3422 τῶνδε
615 3373 716 3422 τῶν
741 3365 899 3440 λόγων
926 3365 1188 3424 ἀνάπλεως
1214 3379 1228 3394 ·
1263 3365 1350 3418 καί
1367 3364 1399 3422 ἡ
1415 3359 1666 3437 Ἐϐραίων
1681 3365 1814 3433 φωνή

225 3457 274 3509 οὗ
294 3459 436 3531 μόνον
459 3461 538 3521 εἰς
567 3463 660 3518 τήν
695 3455 939 3518 Ἐλλήνων
986 3456 1292 3528 μετεϐλήθη,
1339 3454 1464 3512 ἀλλὰ
1511 3456 1594 3510 καί
1625 3455 1696 3515 εἰς
1723 3458 1813 3514 τήν

224 3545 458 3623 Ῥωμαίων
491 3553 590 3608 καὶ
609 3552 901 3624 Αἰγυπτίων
938 3553 1023 3606 καὶ
1051 3555 1252 3624 Περσῶν
1280 3550 1368 3602 καὶ
1396 3544 1563 3602 Ἰνδῶν
1590 3548 1678 3602 καὶ
1700 3543 1816 3622 ’Λρ-

223 3647 386 3714 μενίων
404 3649 489 3703 καί
508 3646 711 3703 Σκυθῶν
731 3647 818 3700 καί
837 3649 1199 3722 Σαυροματῶν,
1219 3643 1302 3696 καὶ
1320 3637 1813 3706 συλλήϐδην”ιίπιῖν,

223 3739 286 3800 εἰς
305 3741 478 3804 πάσας
502 3741 604 3800 τὰς
632 3740 866 3814 γλώττας
883 3779 898 3804 ,
928 3732 1010 3798 αἷς
1047 3735 1256 3793 ἅπαντα
1279 3737 1346 3790 τὰ
1369 3731 1486 3792 ἔθνη
1517 3731 1814 3808 κιχρημένα

223 3829 446 3891 διατελεῖ.

287 3927 506 3994 Quinam
534 3924 692 3981 hodie
710 3933 859 3980 secta:
896 3922 1090 3980 Stoicce
1112 3921 1388 3992 prtesident
1412 3959 1426 3984 ,
1453 3917 1663 3988 quinam
1689 3915 1813 3972 Sta-

225 4024 374 4094 girita:
416 4023 717 4081 doctrinam
744 4030 950 4076 tuentur
974 4060 990 4087 ,
1041 4017 1128 4073 ubi
1157 4027 1276 4073 sunt
1305 4015 1392 4088 qui
1429 4015 1498 4070 ad
1524 4015 1660 4086 leges
1687 4011 1818 4067 Pla-

227 4117 344 4172 tonis
381 4118 623 4174 cioitates
651 4114 951 4188 gubernem,
978 4113 1064 4186 qui
1093 4111 1440 4182 conscriptam
1467 4109 1529 4163 ab
1561 4124 1618 4164 eo
1643 4107 1818 4178 reipu-

227 4209 358 4267 blica:
386 4217 620 4284 formam
649 4209 877 4280 amplexi
905 4207 1054 4263 sint?
1092 4207 1158 4260 At
1191 4204 1392 4260 nullam
1421 4206 1651 4276 profecto
1689 4202 1818 4275 dog-

227 4313 404 4359 matum
432 4305 659 4359 istorum
685 4301 942 4356 doctorem
969 4298 1113 4354 nobis
1131 4297 1396 4354 ostendere
1425 4295 1676 4366 poteritis.
1707 4293 1820 4350 Nos

226 4405 384 4450 autem
401 4396 548 4453 uobis
571 4408 915 4452 srosrouca
933 4405 1384 4456 reorue'ncaaoue
1411 4403 1693 4446 uoca-num
1718 4388 1824 4442 vim

225 4497 270 4545 et
285 4490 437 4546 robur
459 4491 738 4562 manifeste
759 4487 1097 4544 ostendimus.
1126 4484 1379 4541 Universa
1403 4486 1560 4550 enim,
1587 4498 1702 4555 qua:
1727 4481 1821 4536 sub

1879 873 2126 946 γλωσσῶν
2155 877 2185 933 ἡ
2210 873 2513 950 ῥαδιουργία
2541 875 2694 936 αὕτη.

1955 965 2127 1039 Igitur
2149 969 2280 1038 ﬁdes
2305 967 2714 1024 Christianarum
2739 980 2810 1025 est
2831 971 3114 1041 incuriosa,
3144 974 3196 1026 in
3225 975 3481 1044 simplici-

1886 1067 2008 1128 tate,
2041 1071 2086 1115 et
2110 1061 2412 1116 rectitudine
2453 1062 2621 1116 cordis
2665 1071 2822 1117 totam
2866 1061 3109 1118 Divinam
3155 1066 3482 1138 Scripturam

1887 1154 2112 1225 recipere
2141 1165 2383 1209 consueta
2415 1197 2429 1222 ,
2455 1155 2673 1210 maxime
2696 1172 2814 1210 vero
2860 1157 3150 1211 doctrinam
3173 1175 3204 1212 a
3237 1157 3482 1215 Patribus

1889 1248 2150 1306 traditam.
2185 1248 2332 1303 Dicta
2371 1249 2504 1304 enim
2537 1249 2850 1322 Erangelica
2889 1263 2933 1306 et
2973 1254 3256 1323 apostulira
3299 1256 3486 1309 scimus

1891 1343 2167 1396 universim
2215 1343 2488 1412 depravari
2514 1360 2614 1397 non
2635 1359 2880 1417 posse....
2911 1361 2968 1398 eo
2989 1345 3126 1416 quod
3155 1343 3491 1418 Euangelium

1892 1437 2220 1505 septuaginta
2247 1435 2467 1490 duarum
2501 1436 2796 1508 linguarum
2819 1446 2865 1490 et
2898 1437 3137 1491 Gentium
3163 1438 3345 1493 litteris
3369 1457 3488 1494 con-

1893 1531 2150 1600 signatum
2173 1531 2258 1584 sit.
2315 1531 2488 1598 Quare
2533 1531 2648 1600 ﬁeri
2693 1531 2900 1602 nequit,
2945 1541 3000 1585 ut
3027 1531 3109 1587 uel
3137 1531 3492 1602 detractione,

1893 1621 1970 1676 vel
2010 1621 2275 1676 additione
2302 1638 2334 1674 a
2363 1622 2628 1678 sceleratis
2669 1633 3046 1696 corrumpatur.
3075 1622 3216 1678 Nam
3239 1626 3356 1680 licet
3381 1627 3494 1695 quis

1893 1715 2050 1770 unius
2072 1717 2150 1771 uel
2176 1715 2387 1770 alterius
2417 1717 2607 1788 linguae
2651 1715 2805 1772 libros
2833 1719 3027 1789 falsare
3053 1729 3363 1786 conaretur;
3397 1721 3494 1776 int-

1823 1825 1871 1884 B
1897 1807 2123 1879 probitas
2142 1817 2310 1862 tamen
2339 1807 2796 1881 istaldetegeretur,
2819 1819 2865 1864 et
2887 1811 3280 1882 redargueretur
3297 1811 3360 1866 ab
3379 1811 3498 1868 aliis

1893 1903 2217 1974 septuaginta
2247 1903 2458 1975 linguis.

1969 1995 2309 2053 Venerabilis
2339 1997 2484 2052 Beda
2531 1996 2628 2052 lib.
2659 2013 2675 2052 ι
2728 1997 2866 2054 Hist.
2901 1999 3222 2071 Anglorum,
3258 2015 3378 2072 cap.
3422 2001 3448 2056 1
3479 2019 3491 2053 :

1901 2091 2176 2146 Britannia
2202 2092 2255 2146 in
2287 2091 2527 2162 prtzsenti
2547 2095 2705 2165 juxta
2735 2108 3005 2147 numerum
3025 2093 3294 2159 librorum,
3317 2093 3499 2166 quibus

1902 2184 2013 2241 Lex
2038 2183 2229 2240 Diuina
2256 2185 2448 2256 scripta
2467 2195 2564 2252 est,
2597 2187 2820 2256 quinque
2856 2185 3094 2240 Gentium
3123 2187 3314 2260 linguis
3343 2203 3499 2242 unum

1901 2277 2227 2350 eamdemque
2246 2294 2458 2334 summa”
2476 2278 2718 2345 ueritatis,
2750 2295 2810 2334 ac
2832 2296 2963 2336 vera:
2982 2279 3312 2336 sublimitatis
3333 2281 3500 2335 scien—

1903 2374 2030 2428 tiam
2071 2381 2368 2440 scrutatur,
2425 2381 2475 2426 et
2527 2371 2847 2441 conﬁtetur:
2895 2372 3179 2444 Anglorum
3229 2372 3500 2438 videlicet,

1905 2463 2177 2520 Britonum
2201 2506 2216 2530 ,
2245 2463 2518 2521 Scotorum
2544 2505 2558 2530 ,
2592 2462 2869 2520 Pictonum
2922 2474 2967 2518 et
3017 2462 3324 2519 Latinorum
3349 2505 3363 2532 ,
3388 2479 3502 2536 qua:

1904 2559 2235 2614 meditatione
2279 2559 2670 2626 Scripturarum
2719 2560 2914 2614 steteris
2962 2559 3198 2614 onmibus
3245 2568 3318 2614 est
3365 2560 3504 2630 facta

1905 2651 2209 2706 communis.
2242 2649 2400 2704 Nullo
2433 2649 2486 2704 i'l
2517 2649 2744 2705 artiﬁcio
2776 2649 3097 2722 (conversam
3128 2650 3326 2705 scilicet
3349 2653 3506 2722 fuisse

1909 2743 2130 2800 Sacram
2152 2741 2498 2816 Scripturam)
2524 2759 2590 2799 ex
2623 2743 2783 2799 Beda:
2823 2743 3007 2801 verbis
3036 2745 3218 2802 citatis
3257 2762 3345 2801 me
3394 2748 3506 2802 col-

1910 2836 2082 2908 ligere
2129 2850 2286 2907 posse
2316 2834 2490 2892 fateor
2515 2877 2528 2900 ,
2559 2835 2730 2904 inquit
2760 2835 3026 2892 .lleuricus
3067 2836 3332 2893 Wartbon
3381 2855 3503 2910 pag.

1910 2928 2020 2986 466
2043 2930 2276 2986 Auctarii
2307 2929 2376 2985 de
2404 2927 2586 2984 Sacris
2609 2929 2810 3000 Script.
2845 2931 3172 2986 vernaculis.

1985 3022 2086 3090 Eu,
2123 3022 2318 3092 prmsul
2348 3021 2681 3090 doctissime,
2728 3022 2998 3092 prarcipua
3029 3010 3356 3093 testimonia,
3389 3042 3510 3098 quae

1915 3127 2198 3185 perperam
2224 3115 2497 3170 intellecta
2521 3157 2536 3182 ,
2569 3115 2648 3170 vel
2683 3115 2908 3170 nimium
2933 3126 3146 3182 vexata,
3183 3133 3210 3170 a
3243 3119 3514 3175 nonnullis

1836 3217 1881 3281 ρ
1916 3207 2204 3262 neotericis
2233 3205 2535 3262 afferuntur
2563 3249 2577 3274 ,
2610 3205 2676 3262 ad
2711 3208 3058 3263 asserendain
3111 3206 3258 3264 illam
3308 3211 3516 3266 versio—

1918 3315 2045 3355 num
2077 3300 2521 3356 numerositatem
2563 3301 2618 3355 in
2655 3299 2948 3368 Gentibus,
2980 3317 3101 3372 qua:
3133 3317 3234 3360 nec
3259 3299 3511 3372 suffragio

1918 3392 2106 3447 nititur
2156 3392 2537 3463 antiquarum,
2585 3407 2687 3447 nec
2737 3393 3224 3464 munuscriplorum
3267 3396 3515 3452 codicum

1919 3485 2274 3556 inspectione.
2301 3485 2564 3554 Quoniam
2587 3500 2716 3541 vero
2745 3485 2969 3557 triplicis
2992 3489 3205 3558 generis
3227 3489 3516 3550 suntdicta

1917 3577 2139 3634 Patrum
2165 3623 2179 3649 ,
2232 3595 2352 3649 qua:
2381 3578 2604 3635 recitavi
2632 3621 2647 3648 ,
2677 3577 2744 3634 ad
2776 3579 3008 3650 primum
3041 3595 3240 3637 revoco
3281 3598 3402 3638 cum
3431 3581 3513 3637 Cl.

1919 3673 2080 3729 Patre
2107 3672 2184 3729 Le
2214 3672 2367 3745 Long
2411 3673 2534 3728 bina
2568 3689 2634 3729 ex
2661 3672 2718 3728 S.
2744 3672 2952 3729 Joanne
2973 3673 3388 3746 Chrysostomo,
3412 3685 3518 3732 ter-

1919 3765 2053 3822 tium
2077 3782 2144 3822 ex
2173 3765 2520 3822 Theodoreto
2540 3807 2554 3829 ,
2583 3775 2831 3836 quartum
2876 3783 2941 3822 ex
2985 3761 3290 3824 Venerabili
3333 3769 3475 3825 Beda
3501 3811 3517 3839 ,

1919 3874 2040 3930 qua:
2067 3875 2136 3915 ne
2165 3859 2428 3916 versionis
2449 3858 2670 3930 quidem
2697 3859 2970 3930 p0pularis
2993 3861 3326 3917 mentionem
3356 3863 3516 3919 ullam

1920 3949 2145 4007 faciunt.
2179 3950 2260 4006 Ad
2309 3953 2637 4015 secundum,
2668 3951 2772 4006 alia
2802 3951 2910 4007 duo
2935 3967 3002 4008 ex
3051 3950 3110 4010 S.
3143 3954 3476 4028 Hieronymo
3501 3998 3517 4024 ,

1920 4053 1978 4104 et
2015 4046 2232 4102 tertium
2273 4061 2340 4102 ex
2380 4043 2702 4118 Augustino.
2754 4044 2948 4100 Multas
2988 4046 3204 4116 quidem
3247 4045 3372 4104 inde
3399 4064 3522 4104 vcr-

1922 4141 2106 4195 siones
2135 4137 2379 4193 nonnulli
2406 4137 2688 4209 colligunt.
2714 4135 2845 4193 Esto
2871 4136 2979 4194 illis
3002 4139 3335 4212 temporibus
3357 4142 3527 4197 casti-

1925 4231 2092 4288 terint
2136 4231 2383 4301 plurima:
2411 4231 2527 4288 sive
2557 4229 2782 4296 Gruactn,
2816 4231 2928 4286 sive
2958 4231 3191 4301 Latinae,
3222 4243 3330 4290 tum
3361 4237 3524 4292 etiam

1925 4323 2144 4398 Syriaca
2169 4366 2184 4392 ,
2232 4335 2339 4380 etc.
2367 4340 2554 4380 verum
2598 4323 2767 4380 multo
2809 4324 3020 4382 minore
3065 4343 3325 4397 numero,
3357 4344 3519 4400 quam

1925 4425 2058 4488 quot.
2086 4432 2150 4473 ex
2180 4416 2263 4473 bis
2293 4416 2426 4473 locis
2457 4416 2650 4473 volunt
2676 4416 2884 4474 inferri.
2933 4417 3015 4474 Ad
3063 4429 3395 4492 postremum
3427 4424 3522 4478 de-

1925 4511 2089 4582 nique
2139 4510 2447 4566 testimonia
2479 4509 2763 4580 desumpta
2789 4525 2858 4566 ex
2888 4508 3125 4567 Eusebio
3154 4509 3484 4569 Caesareensi
3503 4555 3518 4581 ,

227 4585 324 4639 sole
359 4595 432 4640 est
471 4595 614 4640 terra
645 4582 726 4636 his
753 4580 1071 4636 sermonibus
1109 4578 1303 4649 referta
1339 4586 1430 4632 est.
1457 4573 1526 4630 Et
1566 4574 1807 4630 Hebraict

1928 4611 1984 4660 et
2004 4573 2298 4659 'AIIaSIaSiO
2327 4603 2534 4660 Sinaita
2571 4619 2584 4657 :
2608 4573 2702 4658 sed
2737 4619 2842 4658 non
2875 4602 3002 4660 inde
3025 4605 3310 4660 coniicitur
3333 4647 3347 4672 ,
3377 4573 3520 4676 quod

226 4677 412 4751 lingua,
431 4664 550 4752 (καῖ
568 4680 600 4737 ἡ
617 4677 835 4754 ἐϐραίων
844 4673 1027 4750 φωνή),
1041 4688 1144 4727 non
1164 4673 1219 4726 in
1239 4670 1534 4726 Grecorum
1545 4667 1697 4722 modo
1717 4667 1822 4722 lin-

227 4787 367 4842 guam
381 4789 532 4828 versa
542 4779 641 4837 est,
657 4767 748 4824 sed
759 4768 974 4822 etiamin
987 4765 1358 4830 Romanorum,
1373 4758 1819 4833 ethgyptiorum,

227 4860 626 4935 Persarumque,
650 4871 697 4915 et
719 4859 994 4922 Indorum,
1026 4866 1072 4912 et
1098 4857 1434 4911 Aratenorum
1459 4895 1475 4924 ,
1504 4861 1552 4908 et
1593 4852 1821 4924 Scytha-

225 4972 334 5012 rum
381 4976 442 5013 ac
472 4957 872 5018 Sarmatarum,
918 4962 1069 5024 atque
1093 4961 1150 5006 ut
1178 4951 1336 5006 semel
1373 4949 1544 5004 dicam
1569 4990 1585 5017 ,
1633 4949 1688 5003 in
1722 4948 1824 5002 lin-

225 5063 348 5120 guas
398 5066 580 5105 omnes
605 5089 620 5118 ,
667 5045 850 5120 quibus
893 5045 961 5100 ad
1010 5045 1143 5100 hanc
1188 5031 1324 5098 diem
1371 5039 1622 5098 Nationes
1665 5049 1822 5096 utun-

231 5149 328 5199 tur.

229 5250 280 5312 S.
307 5255 638 5314 Anastasius
667 5253 870 5312 Sinaita
899 5253 952 5308 in
984 5251 1126 5308 libro
1151 5289 1166 5316 ,
1197 5247 1289 5321 qui
1321 5246 1636 5304 inscribitur
1662 5290 1675 5317 ,
1705 5245 1825 5307 ὁδη-

661 5348 778 5423 γός,
819 5345 924 5402 Vite
948 5345 1074 5410 dum,
1105 5358 1230 5415 cap.
1259 5357 1393 5398 χιιι.

295 5465 496 5520 Οὐκοῦν
523 5465 697 5523 πίστις
727 5459 1032 5538 ἀπερίεργός
1059 5459 1198 5515 ἐστιν
1227 5456 1253 5514 ὃ
1285 5454 1708 5535 χριστιανισμὸς,
1741 5453 1826 5510 καί

227 5551 354 5623 δίον,
385 5559 440 5612 ἐν
470 5554 716 5615 ἁπλότητι
769 5557 856 5610 καί
892 5553 1124 5612 εὐθύτητι
1171 5549 1381 5627 καρδίας
1426 5549 1695 5623 δέχεσθαι.
1739 5551 1827 5604 καί

226 5651 422 5706 ἀκούειν
467 5653 652 5706 πᾶσαν
692 5653 908 5724 γραφήν,
939 5651 1028 5705 καί
1051 5647 1278 5720 μάλιστα
1301 5649 1397 5708 τὰς
1423 5643 1784 5706 διδασκαλικοὶς
1809 5661 1824 5678 ⁸

228 5744 280 5799 αἱ
309 5747 403 5816 μὲν
449 5745 560 5818 γὰρ
606 5742 944 5817 εὐαγγελικαί,
993 5744 1082 5798 καί
1124 5740 1456 5797 ἀποστολικαί
1505 5736 1711 5811 οἴδαμεν
1750 5733 1830 5792 ὅτι

227 5836 496 5896 ἀνόθευτοί
523 5840 638 5894 εἰσὶ.
684 5873 700 5889 .
743 5873 758 5887 .
803 5875 816 5888 .
860 5877 873 5889 .
923 5878 936 5890 .
982 5875 994 5888 .
1041 5875 1053 5886 .
1100 5873 1112 5888 .
1156 5833 1236 5892 ὅτι
1254 5831 1564 5897 διαδοθέντος
1590 5835 1833 5920 καίγραῖ

681 5930 956 5994 Ρηιιοι.
1009 5927 1151 5991 ΧΠ.

1927 4694 2069 4751 velle
2108 4695 2361 4752 videntur
2389 4695 2466 4750 illi
2495 4697 2822 4766 scriptores,
2857 4694 3110 4766 quodque
3135 4697 3272 4753 ratio
3293 4699 3519 4756 credere

1927 4803 2035 4844 nou
2067 4787 2196 4842 sinit
2223 4830 2238 4856 ,
2293 4787 2495 4843 nullam
2527 4787 2652 4858 tingi
2687 4802 2845 4858 posse
2894 4788 3168 4844 nationem
3198 4787 3520 4850 Christianis

1924 4877 2184 4939 imbutam
2210 4881 2494 4949 doctrinis,
2527 4882 2578 4937 in
2607 4881 2761 4952 cujus
2791 4881 2990 4937 idioma
3023 4891 3199 4938 textus
3227 4897 3380 4940 sacer
3411 4901 3518 4942 non

1925 4976 2091 5034 fuerit
2115 4976 2428 5033 translatus.
2451 4975 2656 5032 Auctor
2679 4975 3011 5046 praefationis
3031 4974 3326 5033 Bibliorum
3356 4978 3519 5052 l’oly-

1930 5071 2222 5144 glottorum
2271 5069 2658 5126 Parisiensium
2687 5108 2706 5138 ,
2754 5077 2996 5124 autumat
3041 5072 3313 5130 exstitisse
3363 5074 3448 5130 vel
3489 5091 3522 5132 a

1930 5163 2264 5236 temporibus
2294 5162 2350 5220 S.
2382 5161 2700 5236 Hieronymi
2729 5161 3018 5218 Arabicam
3047 5163 3284 5236 aliquam
3318 5169 3528 5224 versio-

1931 5273 2058 5315 nem
2089 5257 2347 5313 librorum
2377 5255 2733 5328 quorumdam
2757 5255 2936 5311 Sacra:
2966 5255 3261 5330 Scriptum
3286 5303 3300 5328 ,
3330 5261 3383 5317 iu
3415 5265 3528 5333 pri-

1933 5351 2036 5409 mis
2085 5350 2208 5407 libri
2238 5349 2359 5407 Job.
2391 5347 2588 5406 Scribit
2613 5347 2756 5404 enim
2789 5365 2802 5402 :
2834 5346 2975 5403 Hinc
3000 5353 3278 5408 maximam
3315 5365 3526 5411 mutuu-

1932 5454 2016 5501 tur
2038 5442 2532 5500 commendationem
2562 5482 2576 5506 ,
2615 5439 2754 5507 quod
2792 5442 2958 5497 sancti
3001 5442 3307 5517 Hieronymi
3335 5452 3528 5506 steculo

1931 5537 2142 5613 quidam
2168 5555 2195 5592 e
2224 5535 2404 5592 Sacris
2433 5533 2640 5588 Litteris
2679 5534 2775 5588 hac
2805 5534 2982 5608 lingua
3012 5536 3320 5611 (Arabica)
3347 5544 3528 5615 scripti

1931 5633 2296 5702 reperirentur,
2319 5644 2534 5700 quarunt
2561 5629 2757 5682 auxilio
2778 5627 2962 5683 librum
2987 5627 3088 5684 Job
3119 5631 3171 5684 in
3200 5634 3532 5706 septingentis

1933 5729 2114 5802 ferme,
2145 5737 2192 5782 et
2220 5725 2518 5796 octingentis
2540 5726 2784 5792 versibus,
2819 5735 2875 5780 ut
2905 5742 2968 5782 ea:
2995 5729 3212 5798 prmﬁxa
3253 5732 3370 5786 huic
3401 5733 3531 5792 libro

1933 5821 2235 5898 praefatione
2266 5820 2602 5894 manifestum
2622 5828 2716 5890 est,
2749 5819 2988 5876 restituit.
3017 5820 3098 5876 En
3123 5819 3180 5877 S.
3217 5821 3527 5902 Hieronymi

3010 5907 3048 5970 lt
