3976 6338
452 315 554 371 107

1838 299 2208 360 PROLEGOM
2218 299 2344 356 ENA
2359 342 2371 354 .

3568 261 3751 356 ’που

449 432 615 489 verba
657 447 670 484 :
701 428 828 484 Htec
854 434 1023 482 autem
1046 426 1264 498 (nostra
1290 421 1310 496 )
1338 419 1609 477 translatio
1639 420 1837 475 nultunt
1868 420 1931 473 de
1960 435 2044 474 ve—
2071 422 2122 480 Α
2152 417 2392 473 tissimus
2413 415 2490 472 Le
2505 414 2654 487 Long
2675 412 2850 484 ρυλε
2879 413 3017 471 Bibl.
3047 414 3231 472 Sacrae
3253 428 3373 487 pag.
3410 413 3537 487 137)
3557 414 3750 485 hujus-

456 523 643 581 toribus
685 523 911 594 sequitur
952 521 1317 588 interpretem;
1363 515 1452 570 sed
1498 530 1560 569 eo:
1598 514 1710 584 ipso
1753 511 2044 581 Hebraico,

458 616 801 686 Arabicoque,
832 622 877 668 et
905 610 1163 667 interdum
1195 609 1352 680 Syro,
1387 624 1521 662 nunc
1569 605 1738 673 verba,
1768 622 1902 660 nunc
1932 622 2048 659 sen-

460 725 566 777 sus,
602 721 737 762 nunc
756 705 907 760 simul
942 711 1213 771 utrumque
1233 699 1510 754 resonabit.
1540 698 1646 752 Sed
1676 698 1808 752 scito
1832 695 2049 751 Walto-

460 814 561 855 nus
610 797 905 874 prologum.
957 795 1045 855 14,
1080 794 1109 866 §
1140 793 1203 848 17
1240 811 1253 846 ε
1315 790 1435 847 Νοη
1467 791 1713 862 loquitur,
1741 790 1935 860 inquit,
1967 789 2052 844 hic

464 893 682 947 Sanctus
710 889 802 944 illo
828 888 939 942 loco
969 886 1033 940 de
1061 884 1288 939 versione
1317 885 1492 953 aliqua
1516 881 1760 948 Arabica,
1794 881 1909 936 licet
1939 883 2051 955 ejus

459 982 606 1039 verba
637 983 801 1051 primo
826 988 1038 1049 aspectu
1064 978 1165 1032 tale
1187 976 1312 1049 quid
1346 977 1557 1030 innuere
1582 975 1817 1031 videntur
1845 991 1864 1029 :
1886 974 2053 1043 loqui-

406 1130 416 1137 .
458 1088 539 1132 tur
561 1077 719 1142 enim,
744 1084 798 1129 ut
826 1074 974 1129 verba
995 1075 1103 1147 ejus
1128 1072 1352 1144 penitius
1368 1071 1583 1125 intuenti
1601 1071 1778 1141 liquet,
1803 1070 1864 1125 de
1886 1077 2054 1124 trans-

461 1171 652 1226 latione
670 1186 764 1225 sua
779 1167 990 1234 Latina,
1020 1183 1172 1238 quam
1201 1183 1264 1221 ea;
1294 1163 1341 1220 Η
1350 1165 1510 1220 ebrteo
1536 1169 1857 1231 traduxerat,
1887 1174 1933 1219 et
1957 1164 2052 1222 hoc

464 1272 663 1319 tantum
703 1261 903 1324 innuit,
936 1261 989 1315 in
1016 1259 1147 1314 libro
1172 1256 1273 1313 Job
1323 1257 1575 1313 llebraico
1604 1257 1854 1315 vocabula
1891 1257 2054 1312 multa

462 1356 681 1411 Arabica
709 1369 994 1408 occurrere.

536 1446 900 1516 Ethiopicam
929 1458 1143 1517 quoque
1188 1443 1480 1500 Bibliorum
1505 1444 1807 1500 versionem
1833 1444 1922 1516 (ab
1951 1442 2051 1499 ho-

460 1543 647 1599 dierna
696 1540 962 1596 diversam
987 1540 1026 1610 ),
1062 1539 1393 1609 temporibus
1421 1539 1790 1610 apostolorum
1824 1537 2055 1593 adorna-

465 1645 574 1692 tam
604 1633 772 1690 fuisse
804 1633 1045 1705 plerique
1076 1631 1366 1702 scriptores
1393 1642 1763 1686 asseruerunt.
1789 1631 1894 1686 Eos
1916 1631 2057 1686 inter

461 1729 653 1785 Petrus
682 1727 868 1783 Victor
894 1724 1185 1797 Cajetauus
1208 1767 1221 1790 ,
1248 1723 1500 1797 Paradig.
1534 1723 1599 1778 de
1625 1724 1802 1795 lingua
1843 1721 2056 1779 Ait/tio-

2153 511 2298 567 ntodi
2330 509 2568 578 auctori,
2614 508 2703 581 qui
2752 508 3002 566 ducentis
3043 519 3097 566 et
3137 509 3371 579 amplius
3422 509 3581 564 annis
3626 517 3751 579 post

2152 603 2523 676 Chrysostomi
2554 602 2760 659 obitum
2807 617 2894 657 res
2934 603 3003 659 ab
3033 603 3150 673 ipso
3190 611 3374 673 gestas
3395 602 3602 673 absque
3636 601 3750 657 ullo

2153 706 2396 752 veterum
2419 704 2768 750 monumento
2793 695 3103 767 descripsit,
3139 695 3271 752 lides
3298 704 3383 751 est
3409 694 3656 750 habenda
3678 694 3707 747 τ
3723 713 3745 747 s

2152 790 2417 857 Quoniam
2444 805 2575 851 vero
2620 788 2712 845 alii
2760 789 2949 845 volunt
2983 831 2998 857 ,
3057 789 3226 847 Biblia
3268 788 3483 845 Veteris
3520 797 3574 843 et
3612 787 3752 845 Novi

2156 881 2485 938 Testameuti
2514 897 2583 937 ex
2618 880 2809 938 Grmco
2832 881 3086 938 idiomate
3108 882 3161 937 in
3189 880 3485 938 Armenium
3510 896 3541 936 a
3567 883 3754 954 Moyse

2153 974 2545 1042 Grammatico,
2582 973 2787 1030 Davide
2823 974 3148 1046 philosOpho
3172 1016 3187 1041 ,
3228 982 3285 1030 et
3313 975 3605 1043 Μίδωνι-πο
3646 976 3753 1029 Ar-

2156 1069 2329 1123 mcnis
2356 1068 2499 1122 circa
2521 1076 2761 1139 tempora
2780 1066 3000 1129 Arcadii
3028 1067 3370 1138 imperatoris
3390 1067 3553 1123 luisse
3578 1076 3757 1123 trans-

2157 1160 2286 1227 lata,
2315 1160 2598 1215 audiamus
2628 1160 2913 1216 sententiae
2941 1160 3099 1232 hujus
3129 1168 3404 1227 auctores,
3434 1176 3571 1231 quos
3607 1161 3754 1217 idem

2156 1252 2231 1308 Le
2256 1251 2404 1325 Long
2433 1252 2630 1324 allegat
2663 1271 2675 1306 :
2708 1252 2821 1307 Hac
2872 1254 3050 1309 eadem
3073 1264 3368 1326 tempestate
3396 1253 3624 1326 (scilicet
3649 1255 3758 1310 Ar-

2157 1347 2294 1404 cadii
2331 1343 2718 1419 imperatoris)
2746 1348 2923 1419 floruit
2973 1350 3125 1404 etiam
3179 1349 3236 1405 in
3277 1349 3524 1405 Armenia
3563 1350 3761 1409 celeber

2157 1442 2367 1513 quidam
2409 1440 2678 1497 Heremita
2701 1483 2715 1505 ,
2752 1442 2918 1497 dictus
2948 1440 3217 1499 Mesrobus
3241 1485 3256 1510 ,
3300 1444 3380 1497 rir
3407 1444 3559 1513 plane
3586 1446 3765 1499 erudi-

2158 1536 2401 1605 tissimus,
2426 1537 2695 1608 etingenio
2713 1538 3001 1609 perspicax,
3028 1539 3247 1609 quicum
3273 1539 3634 1608 Armenes-unt,
3651 1551 3766 1596 tum

2162 1627 2437 1686 Iberarum
2482 1647 2683 1702 quoque
2710 1632 2996 1687 litterarum
3024 1630 3343 1688 characteres
3379 1634 3766 1690 accuratissime

2161 1723 2357 1793 primus
2387 1725 2656 1795 expressit,
2687 1741 2747 1779 ac
2778 1726 2998 1793 posteris
3028 1725 3295 1797 singulare
3322 1728 3421 1780 Itac
3437 1727 3763 1796 beneﬁcium,

461 1828 581 1899 pica
606 1868 620 1891 ,
647 1840 766 1897 pag.
803 1824 929 1890 I60,
960 1824 1049 1878 ubi
1076 1823 1181 1878 ait:
1214 1824 1448 1878 Primum
1474 1822 1681 1894 quidem
1706 1820 1769 1874 de
1794 1820 1936 1874 illius
1965 1835 2063 1873 an-
2094 1824 2141 1884 B
2170 1830 2267 1885 quo
2287 1824 2358 1869 tot
2392 1817 2665 1870 transactis
2693 1816 2894 1871 steculis
2922 1834 3096 1871 eorum
3146 1821 3370 1892 majores
3391 1829 3625 1888 expertes
3646 1825 3768 1891 frte-

460 1921 690 1992 thuitate
733 1936 833 1974 non
866 1930 936 1974 est
981 1918 1116 1990 quod
1144 1916 1468 1983 dubitemus;
1506 1917 1715 1989 quando
1745 1956 1759 1982 ,
1781 1916 1897 1986 jam
1941 1912 2061 1968 inde

461 2029 622 2084 usque
673 2030 705 2066 a
756 2011 946 2067 Christi
1018 2009 1346 2081 temporibus,
1399 2020 1444 2064 et
1507 2009 1888 2082 apostolorum,
1952 2017 2062 2062 erat

458 2121 603 2160 sacer
656 2103 1039 2178 prapltetiarnm
1075 2112 1337 2158 contextus
1367 2103 1464 2158 isto
1487 2103 1730 2157 idiomate
1762 2100 2063 2171 1Etlti0pico

461 2198 516 2252 in
545 2199 776 2253 manibus
817 2197 1059 2251 Eunuchi
1086 2195 1226 2251 illius
1260 2196 1415 2268 regia:
1438 2194 1692 2249 Candacis
1721 2194 2058 2261 conscriptus.

464 2291 544 2346 Ad
579 2290 681 2346 hoc
707 2306 835 2345 vero
870 2288 1277 2355 Stabilieudum,
1310 2288 1497 2343 Victor
1524 2288 1723 2342 Palmm
1770 2272 2061 2342 auctorita-

465 2393 573 2440 tem
602 2383 748 2439 mille
773 2393 826 2439 et
864 2383 1281 2455 quingentorum
1310 2398 1573 2437 annorum
1593 2425 1606 2447 ,
1641 2390 1921 2454 postquam
1945 2380 2061 2436 haec

468 2490 618 2552 gesta
653 2479 924 2552 tinguntur
949 2520 963 2543 ,
995 2479 1049 2535 in
1082 2479 1317 2533 tncdium
1348 2476 1502 2533 ail‘ert
1528 2495 1541 2530 :
1572 2477 1713 2549 quod
1761 2476 1943 2548 quanti
1972 2490 2063 2532 va-

466 2573 593 2639 lcat,
627 2572 767 2644 aequi
794 2573 1027 2644 bonique
1067 2570 1285 2626 lectoris
1322 2568 1585 2642 judicium
1614 2578 1749 2624 esto.
1788 2566 2063 2623 Adcantur

465 2664 550 2722 lo.
612 2664 809 2721 Millius
855 2664 907 2719 in
975 2663 1188 2735 Prolcg.
1246 2678 1363 2734 pag.
1424 2662 1560 2727 19.1,
1609 2671 1664 2716 et
1694 2658 2063 2716 Reuaudotius

460 2775 583 2831 cap.
615 2760 673 2815 1l
698 2801 713 2828 ,
746 2757 809 2813 de
835 2767 1079 2831 perpetuo
1103 2754 1354 2811 Ecclesia:
1379 2771 1650 2822 consensu,
1683 2764 1787 2809 etc.
1819 2767 1941 2827 pag.
1967 2751 2057 2807 92.

536 2856 771 2909 Armeua
802 2853 1004 2925 pariter
1033 2851 1329 2906 Bibliorum
1358 2849 1536 2904 versio
1578 2848 1812 2920 jactatur
1840 2848 2061 2902 conciu-

464 2955 589 3004 nata
614 2946 717 3003 sub
743 2946 1001 3002 Ecclesim
1048 2944 1318 2999 nascentis
1347 2942 1590 3008 exordio,
1624 2957 1689 2997 ex
1728 2940 1943 3006 Graeca,
1973 2940 2062 2995 vel

464 3057 529 3097 ex
554 3036 1165 3112 Syraiuterpretatioue.
1191 3054 1209 3087 ‹
1234 3033 1362 3090 Illud
1389 3035 1699 3104 neutiquam
1725 3040 1809 3087 est
1836 3042 2058 3102 printer-

464 3132 698 3189 cundum
731 3131 827 3204 (ait
862 3129 947 3186 Jo.
982 3128 1176 3184 Millius
1209 3142 1330 3198 pag.
1362 3127 1464 3180 15?.
1506 3125 1719 3195 Proleg.
1746 3123 1800 3178 iu
1852 3122 2061 3178 Novum

2166 1917 2306 1973 rant,
2337 1909 2625 1976 dereliquit.
2656 1908 2716 1964 Is
2740 1911 2896 1982 igitur
2915 1952 2931 1977 ,
2981 1923 3028 1967 et
3068 1910 3223 1967 Isaac
3253 1916 3617 1969 Armeniorum
3650 1913 3769 1968 Pa-

2168 2004 2397 2057 triarclta
2419 2004 2592 2075 plures
2614 2004 2667 2058 in
2690 2005 2936 2060 Armenia
2964 2007 3261 2063 erudierunt
3290 2007 3612 2081 discipulos;
3638 2026 3771 2081 quos

2165 2106 2211 2151 et
2246 2096 2471 2153 Athenas
2513 2096 2584 2152 ad
2625 2097 2861 2154 Grazcam
2889 2100 3123 2173 linguam
3149 2142 3164 2168 ,
3218 2103 3448 2171 aliasque
3497 2104 3772 2172 facultates

2165 2192 2251 2246 adi
2257 2193 2525 2262 piscendas
2542 2193 2808 2250 miserunt.
2837 2195 2980 2252 Inter
2998 2214 3085 2254 eos
3104 2207 3277 2254 autem
3297 2202 3523 2256 maxime
3540 2204 3773 2259 omrtium

2165 2290 2492 2359 profecerunt
2517 2299 2638 2356 tres,
2670 2290 2901 2349 videlicet
2931 2291 3144 2351 Herses
3169 2296 3557 2367 cognominatus
3587 2296 3774 2351 Gram-

2166 2383 2406 2448 maticus,
2445 2382 2621 2440 Dum
2642 2384 3003 2455 philosapluts,
3032 2397 3079 2442 et
3105 2387 3448 2455 Ila-passos,
3473 2392 3561 2461 qui
3601 2400 3778 2460 postea

2174 2477 2442 2547 plerosque
2484 2477 2661 2545 libros,
2714 2496 2777 2535 ac
2823 2481 3106 2551 prtcset‘tim
3143 2481 3433 2541 Bibliorum
3490 2483 3678 2542 Veteris
3727 2493 3777 2541 et

2173 2566 2310 2622 Novi
2335 2565 2642 2625 Testamenti
2664 2587 2726 2626 ex
2745 2570 2927 2629 Graeco
2948 2574 3194 2632 idiomate
3216 2577 3270 2632 in
3290 2578 3570 2635 Armenum
3597 2588 3776 2635 trans-

2171 2662 2407 2729 ferendo,
2438 2680 2588 2717 suam
2622 2664 2850 2735 ipsorum
2885 2666 3116 2737 linguam
3159 2671 3346 2724 mirum
3370 2673 3425 2726 in
3453 2673 3661 2727 modum
3691 2672 3775 2726 lo-

2167 2756 2514 2828 cuptetarunt.
2536 2756 2660 2811 llaec
2682 2773 2752 2817 ex
2777 2756 3037 2815 historico
3062 2759 3315 2820 Carmine
3334 2764 3606 2821 Niersesis
3628 2765 3773 2823 Ghel

2167 2846 2237 2902 de
2266 2849 2483 2917 regibus
2529 2847 2803 2905 Armenia:
2855 2868 3006 2909 num.
3061 2852 3206 2924 490,
3252 2857 3395 2929 apud
3438 2860 3773 2917 Clementem

2167 2940 2458 3007 Galanum,
2488 2954 2627 3014 part.
2664 2944 2856 3002 histor.
2889 2945 3298 3006 Conciliationis
3328 2953 3479 3010 Eccl.
3513 2955 3771 3013 Armenes

2167 3048 2290 3088 cum
2336 3034 2599 3103 Romana,
2630 3053 2750 3107 cap.
2777 3038 2832 3104 7,
2866 3054 2921 3095 n.
2953 3039 3041 3103 12.

2239 3129 2375 3183 [lem
2402 3129 2559 3183 aliter
2599 3138 2784 3187 narrat
2809 3131 2947 3189 Viue
2979 3133 3041 3190 Β.
3074 3134 3346 3208 Mesropa:
3382 3139 3650 3209 scriptor,
3679 3140 3775 3213 qui

466 3224 615 3281 Test.
642 3221 910 3293 Graecum)
933 3262 948 3287 ,
979 3219 1123 3292 quod
1148 3234 1246 3273 nos
1278 3233 1374 3289 per
1395 3217 1602 3274 litteras
1624 3216 1852 3283 monuit,
1882 3216 1935 3271 in
1962 3217 2064 3271 Δι’-
2091 3226 2136 3290 C
2171 3222 2227 3277 in
2254 3224 2409 3278 titulo
2434 3224 2676 3294 ejusdem
2712 3224 2845 3282 Vitas
2871 3239 3098 3285 vocatur
3123 3229 3351 3293 Comen.
3378 3231 3603 3305 Legitur
3627 3235 3775 3290 circa

467 3315 679 3373 mettica
707 3358 719 3379 ,
753 3321 1058 3383 cmteraque
1100 3310 1245 3366 muni
1279 3310 1580 3364 litteratura
1631 3308 1879 3364 orientali
1904 3308 2063 3380 longe

466 3410 870 3468 versatissimus
897 3406 1201 3463 Ludovicus
1228 3402 1447 3459 Pickius
1475 3403 1667 3458 doctor
1694 3402 2061 3459 Sorbouicus:

474 3505 677 3570 Versio,
701 3503 894 3573 inquit,
928 3500 1199 3555 Armenica
1228 3508 1300 3553 est
1328 3498 1683 3568 antiquissima
1716 3540 1731 3563 ,
1761 3507 1806 3551 et
1834 3512 1896 3551 επ
1915 3493 2063 3569 genio

464 3614 561 3652 suo
588 3596 660 3649 ita
689 3595 943 3659 ἑλληνίζει,
978 3602 1033 3647 ut
1061 3592 1123 3646 de
1152 3589 1297 3645 verbo
1320 3591 1387 3643 ad
1411 3590 1620 3646 verbum
1647 3588 1828 3645 Graeca
1850 3592 2064 3661 referat;

466 3687 603 3745 unde
647 3703 710 3742 ea:
758 3687 868 3757 ipsa
915 3686 1008 3754 jus
1047 3693 1119 3738 est
1160 3681 1457 3738 restituendi
1507 3682 1758 3754 originale
1788 3681 2062 3749 (irtecum,

468 3782 605 3836 unde
658 3778 925 3850 profluxit.
977 3796 995 3829 ι
1043 3774 1149 3833 Sed
1183 3792 1269 3830 res
1300 3785 1426 3830 nota
1453 3782 1537 3830 est
1563 3773 2064 3847 (iuquitGregorius

466 3873 799 3941 Scholiastes
819 3871 991 3943 Syrus
1015 3869 1156 3945 apud
1177 3866 1510 3933 Waltonum,
1534 3868 1738 3940 proleg.
1774 3869 1859 3936 15,
1889 3868 1917 3940 §
1972 3866 2060 3939 15)

462 3967 628 4040 quod,
652 3967 817 4023 etiam
846 3965 887 4020 si
917 3964 1132 4019 codices
1158 3978 1222 4017 ex
1248 3961 1440 4017 Grmco
1469 3960 1843 4019 transtulerint
1870 3965 2063 4018 Arme—

454 4063 559 4130 ui,
593 4071 769 4117 tamen
814 4074 936 4114 cum
991 4056 1217 4129 Syriaco
1272 4066 1456 4125 postea
1508 4057 1854 4111 contulerunt
1903 4068 2061 4109 suum

462 4154 741 4224 exemplar
761 4193 776 4218 ,
809 4163 863 4207 et
890 4150 1017 4205 illud
1050 4150 1274 4220 singulis
1302 4149 1354 4203 in
1383 4148 1516 4202 locis
1559 4147 1895 4203 concordare
1922 4146 2067 4202 fece-

461 4256 607 4302 runt.
642 4263 660 4297 s
689 4244 815 4299 Sive
839 4252 1017 4296 autem
1048 4256 1115 4295 ex
1148 4238 1360 4305 Graeco,
1388 4238 1501 4293 sive
1526 4254 1591 4294 ex
1622 4239 1849 4309 Syriaco
1875 4253 2064 4294 exem-

462 4339 600 4412 p'lari
636 4339 750 4408 ipsa
802 4333 1158 4406 proﬂuxerit,
1191 4332 1380 4402 procul
1433 4331 1600 4386 dubio
1646 4347 1752 4388 non
1786 4338 1870 4386 est
1901 4342 2064 4387 tantae

469 4427 825 4501 antiquitatis.
860 4439 912 4480 ut
941 4424 1102 4495 aliqui
1138 4432 1346 4494 putant.
1388 4422 1578 4477 Sixtus
1606 4422 1862 4478 Senensis
1895 4424 1985 4479 lib.
2012 4439 2066 4480 γι

461 4522 810 4583 Bibliotheca:
833 4520 1046 4575 Sancta:
1078 4524 1319 4571 annotat.
1347 4516 1470 4581 152,
1493 4516 1700 4579 scribit,
1725 4515 1786 4571 S.
1805 4513 2065 4571 Joannem

2170 3315 2384 3371 initium
2416 3333 2428 3370 :
2461 3317 2761 3388 Mesropam
2791 3322 2935 3391 apud
2959 3339 3013 3377 se
3038 3325 3277 3381 statuisse
3318 3325 3503 3399 viginti
3546 3327 3675 3382 duos
3709 3328 3773 3393 li-

2169 3407 2286 3462 bros
2320 3407 2517 3464 Veteris
2547 3408 2858 3467 Testamenti
2886 3418 3166 3486 transferre
3190 3418 3246 3472 in
3292 3417 3622 3474 Armenicum
3664 3436 3775 3487 ser-

2167 3516 2408 3567 monem,
2450 3505 2537 3558 cui
2585 3505 2835 3577 discipuli
2879 3512 2961 3564 sui
2982 3508 3235 3579 Joannes,
3283 3520 3332 3571 et
3365 3513 3563 3585 Joseplt
3610 3515 3663 3569 in
3714 3532 3771 3571 ea

2169 3596 2423 3650 auxilium
2472 3597 2755 3653 dabant....
2809 3599 2929 3656 Illis
2968 3605 3286 3675 temporibus
3326 3607 3573 3679 regnabat
3606 3607 3775 3675 Theo-

2170 3685 2348 3741 dosius
2362 3690 2569 3759 junior.
2594 3690 2788 3747 Narrat
2831 3703 3019 3765 postea
3042 3740 3057 3763 ,
3086 3696 3232 3767 quod
3260 3700 3593 3771 cogitaverint
3621 3702 3772 3768 ambo

2168 3778 2340 3846 beati,
2390 3781 2537 3837 Isaac
2589 3786 2945 3841 Armenorum
3004 3789 3343 3861 patriarcha,
3373 3803 3429 3848 et
3476 3792 3765 3869 Mesropa,

2168 3887 2277 3926 sua:
2314 3876 2628 3929 narrationis
2656 3878 2969 3947 scripturam
2996 3882 3267 3937 extendere
3290 3928 3303 3948 ,
3335 3894 3381 3940 et
3404 3902 3588 3958 augere
3613 3887 3775 3945 inter-

2180 3967 2488 4035 pretationes
2531 3977 2581 4022 et
2633 3970 2823 4042 scripta
2850 4012 2865 4036 ,
2914 3974 3196 4029 secundum
3249 3977 3580 4047 efﬁcientiam
3627 3977 3774 4047 Dei;

2170 4067 2441 4127 propterea
2463 4061 2709 4117 miserunt
2739 4063 2869 4119 duos
2899 4082 2962 4120 ea:
2987 4068 3260 4138 discipulis
3286 4071 3339 4125 in
3360 4072 3536 4129 urbem
3562 4071 3773 4131 Edesitc

2172 4151 2364 4217 Eznac,
2395 4164 2441 4209 et
2470 4154 2687 4226 Ioseph,
2715 4169 2771 4212 ut
2797 4175 2861 4214 ea:
2889 4159 3141 4232 Syrorum
3165 4162 3342 4236 lingua
3369 4164 3587 4222 Sanctus
3623 4166 3776 4225 Scri-

2170 4255 2351 4313 pturas
2378 4247 2772 4319 interpretantes
2815 4252 2869 4306 in
2912 4253 3147 4325 tinguant
3180 4256 3531 4328 Armenicat'n,
3574 4260 3773 4316 litteras

2176 4343 2587 4395 commendarent
2614 4359 2724 4398 sum
2747 4345 2988 4416 regioni:
3013 4347 3092 4403 illi
3121 4361 3291 4405 autem
3321 4362 3517 4419 euntes,
3546 4353 3777 4424 perfece-

2169 4438 2290 4484 runt
2320 4431 2470 4500 jussu
2494 4474 2508 4498 ,
2540 4442 2646 4489 etc.
2707 4434 2833 4490 llmc
2861 4438 3131 4509 exscripta
3164 4451 3293 4497 sunt
3330 4458 3399 4497 ex
3444 4443 3627 4501 codice
3668 4445 3776 4501 Ar-

2172 4534 2334 4577 meuo
2363 4522 2705 4581 bibliothecae
2734 4529 2897 4599 regim
2920 4570 2936 4597 ,
2967 4532 3056 4601 qui
3087 4531 3477 4606 Sanctotagium
3525 4535 3777 4593 inscribi-

463 4619 884 4690 Chrysostomum
918 4610 1123 4666 Novum
1147 4608 1548 4672 Testamentum,
1576 4618 1622 4662 et
1644 4608 1883 4703 Psglmos
1906 4609 2065 4664 Davi-
2091 4630 2142 4690 ι)
2174 4623 2278 4682 tur,
2309 4615 2465 4685 juxta
2497 4621 2806 4677 versionem
2833 4619 3021 4679 Oskan~
3050 4624 3362 4697 Vartabied,
3393 4629 3431 4684 i.
3454 4644 3503 4685 e.
3531 4629 3773 4703 episcopi

467 4712 610 4766 dicos
633 4711 687 4764 in
726 4702 953 4778 tinguant
995 4703 1318 4756 Armenicum
1345 4702 1685 4756 transtulisse.
1710 4700 1779 4756 Et
1823 4713 1999 4759 tatueu
2028 4718 2060 4761 e

461 4803 734 4861 veteribus
764 4800 814 4855 id
844 4797 1008 4854 refert
1036 4810 1215 4862 nemo,
1248 4804 1371 4849 ante
1394 4792 1681 4866 Georgium
1714 4793 2058 4852 Alexandriae

458 4893 825 4953 Patriarcham
854 4892 871 4962 (
897 4891 983 4962 qui
1014 4889 1207 4945 claruit
1238 4904 1327 4943 an.
1370 4887 1475 4943 620
1496 4888 1537 4958 ),
1570 4888 1623 4943 in
1659 4889 1774 4943 Vita
1812 4889 2057 4960 ejusdem

464 4988 792 5048 Sanctissitui
829 4985 1082 5041 doctoris.
1137 4982 1557 5054 Cluysostomus
1584 5025 1598 5049 ,
1650 4999 1770 5038 cum
1804 4985 1855 5039 iu
1883 4985 2061 5042 Cucu-

465 5102 584 5142 sum
645 5082 911 5138 Armenia:
961 5078 1216 5149 oppidum
1257 5077 1531 5132 exsularet
1585 5078 1785 5150 (inquit
1812 5079 2061 5138 laudatus

463 5175 749 5248 Georgius)
796 5174 1003 5235 invenit,
1039 5171 1284 5242 largiente
1309 5168 1438 5235 Deo,
1467 5170 1714 5238 quosdam
1737 5190 1801 5235 ea:
1826 5174 1889 5227 iis
1914 5173 2059 5231 Grca-

463 5288 519 5326 ce
540 5272 915 5336 scientes;qnos
936 5264 1137 5317 Novum
1154 5262 1552 5327 Testamentum,
1570 5273 1617 5319 et
1650 5263 1961 5322 Psalterium
2005 5269 2058 5323 in

460 5362 784 5418 vernaculam
814 5360 1042 5429 ipsorum
1076 5357 1301 5427 linguam
1330 5365 1617 5419 convertere
1644 5358 1815 5431 effecit
1839 5402 1853 5426 ,
1885 5370 1937 5414 ut
1966 5378 2057 5415 no-

457 5458 621 5511 titiam
650 5453 829 5510 Sacrtv
858 5450 1144 5518 Scriptnrte
1167 5449 1463 5504 obtinerent.
1485 5449 1656 5505 Porro
1679 5453 1907 5522 scriptor
1928 5454 2051 5522 iste,

456 5551 604 5618 juxta
636 5545 884 5600 Pltotiutn
904 5585 917 5607 ,
954 5554 1145 5611 praeter
1175 5542 1411 5596 ltistorim
1437 5542 1593 5597 ﬁdem
1625 5559 1875 5599 narrasse
1905 5561 2054 5618 qum-

456 5644 578 5699 dam
600 5640 749 5696 visus
779 5647 882 5694 est.
916 5634 977 5691 Et
1010 5645 1223 5692 Constat
1266 5654 1334 5691 ex
1357 5636 1583 5692 Palladii
1614 5637 1827 5708 dialogo
1852 5638 1918 5693 de
1947 5641 2055 5695 vita

454 5732 851 5810 Chrysostomi,
899 5729 1175 5801 Georgium
1204 5746 1321 5794 sua,
1350 5740 1403 5782 ut
1426 5729 1728 5801 plurimum,
1752 5731 1943 5797 fabulis
1973 5732 2055 5787 itt-

460 5831 703 5893 tcrttxtis,
739 5824 1090 5896 descripsisse.
1131 5841 1149 5874 ‹
1189 5824 1445 5891 Quaenam
1494 5823 1653 5893 igitur
1682 5822 1889 5896 (inquit
1925 5825 2052 5883 doc-

2171 4708 2415 4776 Armeni,
2443 4727 2586 4767 anno
2618 4713 2779 4781 1669,
2810 4715 3029 4772 factam.

2243 4799 2447 4858 Eadem
2499 4818 2637 4874 pene
2681 4807 2849 4862 refert
2892 4808 3071 4866 Moses
3098 4810 3466 4871 Chorenensis
3492 4858 3507 4882 ,
3550 4816 3643 4872 lib.
3675 4832 3771 4885 ut,

2170 4907 2290 4963 cap.
2325 4894 2415 4959 55,
2447 4910 2568 4967 pag.
2604 4898 2731 4962 430,
2766 4899 2905 4956 Hist.
2934 4904 3207 4973 Armenta,
3247 4908 3634 4966 Amstelodami
3665 4925 3771 4966 au-

2170 5002 2241 5041 no
2278 4987 2419 5043 1695
2441 5032 2454 5056 ,
2502 4988 2662 5045 editas
2700 5007 2765 5047 ex
2813 4997 3064 5053 versione
3088 4998 3367 5057 Sehroteri
3398 5020 3413 5056 :
3443 5001 3771 5074 Miesropus,

2171 5081 2422 5150 disposito
2449 5082 2674 5139 Armeno
2703 5087 2978 5156 alphabelo
2996 5091 3155 5159 juxta
3198 5094 3578 5153 illubricitatem
3605 5101 3774 5172 sylla-

2174 5175 2375 5241 barum,
2418 5192 2534 5246 qute
2566 5189 2640 5233 est
2685 5182 2737 5235 in
2776 5180 2957 5238 Grteco
2980 5228 2994 5253 ,
3027 5187 3244 5243 ulterius
3290 5207 3501 5246 manum
3543 5193 3775 5251 admovit

2162 5269 2232 5329 ad
2260 5268 2751 5339 interpretationem,
2777 5278 3009 5333 consulto
3028 5280 3237 5335 initium
3267 5284 3460 5351 faciens
3482 5303 3515 5341 a
3539 5283 3771 5343 Prover-

2162 5361 2275 5422 biis.
2310 5364 2575 5433 complevit
2601 5367 2737 5434 illos,
2768 5379 2816 5422 et
2842 5372 3024 5442 viginti
3053 5373 3180 5430 duos
3206 5378 3458 5434 revolutos
3484 5381 3650 5437 libros
3674 5424 3691 5447 ,
3722 5393 3775 5438 et

2167 5452 2372 5515 Novum
2403 5454 2795 5528 Testamentum,
2826 5465 3193 5535 transfundere
3218 5470 3274 5524 in
3306 5470 3604 5528 Haisanum
3630 5475 3692 5546 (ί.
3720 5493 3770 5531 e.

2163 5556 2376 5645 ueterem
2438 5550 2754 5626 Armenum)
2784 5572 3068 5623 sermonem
3098 5563 3238 5631 ipse,
3269 5575 3321 5619 et
3653 5574 3777 5645 ἠν

2160 5639 2388 5697 Joannes
2407 5643 2699 5714 Ekelensis,
2743 5660 2791 5705 et
2810 5652 3075 5731 Iosephus
3102 5655 3395 5721 Balnensis.
3425 5639 3518 5715 His
3542 5639 3775 5720 omnino

2162 5740 2531 5803 accenseudus
2580 5754 2663 5799 est
2717 5742 2940 5819 (pergit
3004 5750 3373 5824 Sebroterus)
3416 5755 3535 5825 ipse
3590 5756 3775 5815 Moses

2162 5828 2529 5897 Choreneusis
2562 5836 2817 5913 Micstopi
2837 5857 3052 5915 quoque
3079 5845 3379 5918 discipulus
3405 5850 3539 5905 nulli
3568 5867 3782 5908 secuss-
