3976 6338
135 301 244 358 109

907 303 1234 364 EPISTOLA
1271 301 1640 364 BLANCHINI
1681 303 1774 360 AD
1813 305 2198 370 EPISCOPUM
2237 315 2678 376 GURCENSEM.

3345 323 3450 380 H0

127 415 274 508 dus.
305 415 400 486 qui
427 415 606 473 citato
647 419 788 486 loco.
819 419 1092 476 modesﬁre
1133 437 1301 492 ergo.
1333 437 1530 478 nomen
1581 435 1736 476 ωιιιιι
1765 419 2534 505 AallegabantAttgustinum,
2569 437 2658 508 qui
2699 409 2792 492 lib.
2817 451 2852 491 ιι
2879 436 2948 492 de
2991 435 3240 492 Doctrina
3263 433 3454 494 Chris-

129 507 392 572 reticuit;
455 510 558 566 sed
611 511 680 566 ad
745 512 976 568 lsaacum
1043 513 1380 584 Bagratidem
1453 513 1698 568 scribens
1730 555 1744 582 ,

127 615 188 652 se
219 613 448 654 excusat
479 602 710 672 (ibidem
736 619 854 676 cap.
881 605 970 670 65,
999 623 1046 674 p.
1071 604 1220 672 446),
1249 604 1386 674 quod
1411 605 1747 674 prolixiorem

133 692 395 748 "uicatim
441 697 622 766 gentis
673 698 938 752 historiam
971 697 1016 752 ei
1065 697 1298 752 exhibere
1351 715 1450 752 non
1487 699 1746 768 potuerit;

127 787 248 856 quia
277 803 470 854 senex,
500 797 548 840 et
577 789 1002 854 valetudinarius,
1033 799 1081 844 et
1123 789 1328 844 minime
1353 789 1550 842 otiosus
1577 791 1638 842 ab
1669 791 1748 844 in-

129 878 616 946 terpretationibus,
637 889 684 934 et
713 881 1045 936 sanctioribus
1071 881 1250 936 verbis.
1277 879 1332 934 Id
1355 879 1496 952 quod
1527 881 1748 936 ineunte

130 973 334 1026 sacculo
367 989 420 1040 ν,
459 986 686 1029 mortuo
711 975 1102 1047 Cbrysostomo
1127 1017 1140 1040 ,
1189 975 1332 1030 circa
1377 991 1576 1030 annum
1609 975 1746 1042 410,

131 1065 338 1120 creuit.
379 1065 538 1120 lianc
567 1069 894 1122 sententiam
922 1069 1204 1124 conlirmat
1234 1067 1634 1136 Theodoretus,
1655 1068 1746 1140 qui

137 1159 452 1212 versionem
489 1163 786 1216 Armeniam
817 1203 830 1224 ,
860 1177 958 1214 suo
987 1171 1230 1232 tempore
1259 1161 1576 1216 adornatam
1601 1177 1750 1218 asse-

139 1249 280 1314 ruit;
313 1259 507 1320 utpote
535 1253 626 1321 qui
675 1267 822 1306 anno
849 1253 1054 1308 Christi
1081 1253 1188 1310 425
1219 1253 1498 1310 ordinatus
1525 1267 1608 1312 est
1635 1255 1749 1326 epi-

131 1359 352 1414 scopus,
381 1355 438 1400 et
471 1347 706 1416 proinde
733 1347 914 1404 versio
945 1347 1034 1402 illa
1059 1347 1236 1402 adhuc
1265 1357 1542 1418 superstes
1569 1349 1746 1418 attigit

131 1451 276 1490 nuitc
297 1445 522 1492 aetatem
559 1437 696 1496 l300
737 1453 1000 1492 annorum
1027 1455 1038 1490 :
1077 1440 1150 1492 ita
1180 1439 1524 1494 SeltrOterus.
1555 1438 1748 1496 Nullus

131 1541 210 1586 est
241 1545 376 1586 sane
403 1529 742 1586 Theodoreti
773 1531 922 1586 locus
951 1573 964 1596 ,
995 1530 1044 1584 si
1093 1529 1210 1586 haec
1233 1530 1486 1586 dicuntur
1527 1531 1594 1586 de
1639 1531 1702 1586 iis
1727 1572 1743 1600 ,

131 1637 248 1694 quin
291 1623 516 1694 scripsit
545 1637 800 1678 sermone
827 1623 883 1688 5,
914 1637 1038 1694 pag.
1071 1623 1196 1688 555,
1221 1623 1516 1678 Curationis
1538 1619 1748 1678 Greece-

133 1731 250 1770 rum
269 1715 618 1788 affectionum
641 1757 656 1782 ,
682 1715 770 1772 ubi
793 1725 980 1788 agatur
1003 1717 1068 1772 de
1095 1715 1275 1772 Sacra:
1305 1714 1602 1786 Scriptura:
1627 1733 1748 1772 ver-

141 1919 250 1958 IIIS.

213 1995 418 2052 Punica
449 1997 584 2053 item
611 1997 844 2068 jactatur
872 1999 1074 2064 versio,
1099 1999 1208 2070 jam
1239 2016 1336 2056 usu
1359 2010 1578 2070 recepta
1615 2009 1752 2056 tem-

139 2089 361 2160 poribus
389 2089 448 2146 S.
477 2089 765 2162 Augustini
787 2091 928 2162 apud
961 2091 1750 2148 nonnullasAl‘ricaenationes:

147 2181 370 2252 ejusque
421 2185 798 2256 antiquitatem
853 2186 1066 2256 plurimi
1109 2187 1240 2242 satis
1271 2195 1532 2242 assertam
1563 2186 1754 2240 volunt

147 2289 210 2330 es
255 2276 488 2346 quodam
535 2277 778 2348 ejusdem
825 2279 880 2334 S.
933 2279 1294 2350 Hipponensis
1343 2281 1584 2350 episcopi
1629 2281 1750 2336 loco

151 2370 287 2424 circa
315 2373 476 2426 linem
509 2372 858 2442 t'prsiliOIIiS
891 2373 946 2428 in
999 2375 1262 2444 psalmum
1289 2391 1476 2440 cxvnt,
1509 2376 1597 2430 ubi
1629 2377 1704 2430 ait
1733 2394 1746 2430 :

161 2463 344 2520 Untnes
385 2477 586 2520 octonos
627 2484 796 2522 versus
835 2469 888 2522 in
937 2467 1202 2524 Hebraicis
1243 2469 1500 2526 codicibus
1546 2471 1608 2524 ab
1661 2487 1742 2538 ea,

159 2573 272 2622 qua:
301 2559 404 2610 illis
429 2561 739 2630 proponitur,
761 2561 928 2614 littera
949 2562 1190 2632 incipere,
1213 2561 1274 2614 ab
1303 2563 1394 2628 eis,
1411 2563 1492 2632 qui
1515 2561 1630 2616 illas
1657 2579 1752 2616 no-

158 2660 334 2704 verunt
365 2651 578 2718 litteras,
609 2653 748 2706 nobis
771 2653 1052 2706 indicatum
1077 2663 1170 2718 est,
1203 2654 1338 2724 quod
1365 2655 1524 2708 nostri
1547 2655 1620 2708 vel
1648 2653 1752 2710 La-

150 2743 270 2804 tine,
325 2743 404 2798 vel
454 2742 666 2808 Punice.
709 2761 836 2810 quos
881 2761 1240 2802 ABECEDARIOS
1283 2755 1478 2814 vocant,
1527 2747 1750 2816 psalmos

147 2837 316 2904 [acere
341 2849 726 2892 consueverunt.
755 2837 952 2894 Verum
987 2840 1058 2892 ibi
1093 2855 1200 2894 non
1255 2840 1488 2910 loquitur
1517 2838 1574 2894 S.
1609 2839 1749 2894 Doc-

149 2941 231 2984 tor
257 2929 326 2984 de
365 2931 593 2986 Psalmis
621 2931 912 3000 Davidicis,
937 2933 1030 2988 sed
1053 2933 1124 2988 de
1147 2933 1402 2998 Cauneis,
1437 2949 1534 2988 seu
1566 2931 1752 2990 Canti-

143 3023 282 3080 lenis
311 3025 682 3082 Abecedariis.
735 3027 1008 3084 Psalmum
1043 3029 1306 3098 ejusmodi
1337 3038 1524 3084 contra
1576 3030 1751 3084 Dona—

145 3119 296 3172 tistas
321 3135 352 3172 a
381 3133 444 3174 se
473 3121 840 3189 conscriptum
863 3129 1128 3176 memorat
1157 3122 1272 3192 ipse
1303 3125 1534 3178 Sanctus
1589 3123 1680 3178 lib.
1715 3141 1750 3178 ιι

1851 525 1994 582 tiana
2015 543 2134 596 cap.
2155 543 2214 590 ll,
2235 527 2538 584 Latinorum
2571 531 2902 599 interpretum
2921 531 2978 584 in
3006 530 3205 600 ﬁnitam
3229 533 3450 584 varieta-

1851 629 1948 672 tem
1974 631 2242 674 memorat.
2275 621 2341 676 Et
2379 625 2538 690 paulo
2583 621 2750 690 infra,
2779 639 2926 678 num.
2973 622 3062 686 16,
3089 624 3262 694 inquit
3297 643 3308 680 :
3343 625 3448 693 Qui

1851 713 2148 785 Scriptura:
2169 731 2234 770 eo:
2261 715 2480 772 Hebrtea
2507 717 2686 788 lingua
2712 719 2764 770 in
2793 715 3030 772 Ct'cecam
3049 727 3324 784 verterunt,
3353 735 3452 772 nu-

1851 813 2038 864 merari
2083 821 2331 879 possunt;
2361 810 2532 866 Latini
2557 823 2728 866 autem
2771 812 3069 882 interpretes
3099 811 3244 866 nullo
3272 811 3448 866 modo.

1855 899 1922 954 Ut
1947 901 2078 954 enim
2105 903 2286 972 cuique
2313 903 2490 972 primis
2519 902 2639 970 fidei
2677 903 2986 974 temporibus
3015 904 3068 956 in
3097 919 3278 958 manus
3317 903 3456 958 uenit

1850 996 2010 1050 codex
2027 995 2260 1064 Griecus,
2289 1007 2334 1052 et
2359 997 2738 1067 aliquantulum
2759 999 3017 1068 facultatis
3037 997 3132 1052 sibi
3161 998 3450 1068 utriusque,

1851 1088 2042 1158 lingua:
2065 1089 2250 1144 habere
2285 1089 2570 1150 videbatur,
2601 1105 2756 1144 ausus
2780 1100 2856 1144 est
2889 1089 3223 1158 interpretari.
3261 1087 3454 1144 Varias

1849 1181 2068 1250 quidem
2091 1181 2230 1242 .olim
2275 1181 2440 1236 fuisse
2469 1181 2690 1236 Latinas
2722 1181 3010 1238 Sacrorum
3041 1181 3332 1236 Bibliorum
3365 1181 3451 1234 in-

1853 1273 2272 1344 terpretationes
2319 1289 2420 1344 ego
2469 1289 2686 1344 quoque
2731 1273 2840 1336 aio,
2897 1283 3060 1342 atque
3111 1273 3342 1328 dolendo
3397 1275 3454 1327 in

1851 1365 2082 1436 epistola
2102 1365 2166 1420 ad
2185 1365 2562 1422 doctissimum
2589 1367 2758 1422 virum
2781 1365 3076 1422 Antonium
3101 1365 3452 1420 Frauciscum

1851 1457 2098 1514 Gorium.
2125 1460 2516 1516 Vehementius
2545 1470 2724 1516 tamen
2753 1475 2860 1516 non
2883 1469 3012 1516 sunt
3033 1459 3268 1530 urgenda
3291 1459 3460 1514 allata

1853 1551 1950 1608 SS.
1989 1553 2308 1626 Hieronymi
2335 1561 2390 1610 et
2409 1553 2696 1620 Augustini
2731 1555 3068 1618 testimonia,
3101 1567 3274 1622 neque
3313 1551 3462 1606 exiso

1853 1648 2175 1716 timaudmn,
2223 1649 2422 1714 varios,
2465 1649 2556 1720 qui
2587 1657 2712 1704 tunc
2739 1649 3002 1718 temporis
3045 1648 3328 1704 exstabant
3359 1647 3463 1702 Sa-

1851 1755 1958 1796 crae
1979 1741 2275 1812 Scriptura:
2303 1741 2541 1806 codices,
2585 1741 2752 1798 fuisse
2783 1755 2974 1800 omnes
3015 1756 3044 1794 a
3075 1741 3240 1796 variis
3269 1740 3454 1794 diver-

135 1809 410 1876 sionibus,
487 1809 588 1866 sed
633 1808 700 1866 de
746 1807 1090 1882 dogmatibus
1147 1811 1458 1866 cliristiamc
1531 1812 1747 1884 religio—

1855 1833 2038 1906 sis-que
2067 1807 2454 1904 interpretibus
2479 1845 2750 1892 exaratos.
2799 1833 3092 1890 Diversitas
3123 1833 3234 1898 illa,
3259 1833 3326 1890 de
3353 1849 3460 1904 qua

1859 1925 1962 1980 PP.
1991 1926 2154 1980 locuti
2187 1935 2334 1994 sunt,
2365 1937 2484 1982 orla
2513 1927 2744 1994 videtur,
2785 1937 2842 1982 ut
2874 1927 3188 1997 plurimum,
3221 1941 3288 1982 ex
3317 1925 3462 1982 anti-

1857 2017 2084 2088 quariis,
2125 2017 2490 2089 librariisque,
2525 2019 2614 2090 qui
2663 2018 2803 2074 inter
2827 2019 3246 2078 describendum
3293 2033 3458 2072 unam

1857 2111 2212 2182 eamdemque
2226 2112 2552 2176 versionem,
2585 2127 2684 2166 suo
2705 2111 2900 2182 singuli
2927 2111 3189 2168 arbitratur
3214 2111 3462 2182 quaedam

1855 2203 2082 2270 addere,
2137 2213 2230 2260 aut
2285 2204 2596 2272 dett-abere,
2655 2207 2736 2261 vel
2785 2218 2992 2262 mutare
3042 2215 3170 2262 sunt
3211 2206 3348 2260 ausi.
3403 2205 3464 2260 Si

1857 2297 2072 2368 quando
2101 2297 2244 2354 enim
2277 2299 2516 2368 ignotum
2546 2299 2794 2366 verbum,
2841 2308 2934 2356 aut
2981 2299 3210 2354 obscura
3259 2299 3462 2354 locutio

1857 2389 2106 2446 codicum
2159 2391 2446 2448 latinorum
2480 2391 2910 2462 exscriptoribus
2960 2392 3298 2456 occurrebat,
3347 2391 3458 2462 ipsi

1857 2481 2104 2538 Griecum
2137 2483 2188 2538 in
2211 2483 2358 2538 Novo
2389 2483 2618 2540 Fredere
2647 2483 3184 2555 adibantexemplar,
3215 2485 3463 2555 quamvis

1859 2589 2140 2647 utramque
2193 2580 2430 2650 linguam
2485 2595 2670 2650 parum
2714 2581 3006 2646 callerent,
3059 2595 3156 2636 nec
3203 2579 3460 2636 idoneum

1859 2671 2120 2728 baberent
2143 2671 2440 2741 ingenium.
2464 2675 2503 2728 Α
2531 2673 2766 2728 testibus
2795 2672 3150 2744 originalibus
3173 2673 3464 2744 diligenter

1858 2763 2070 2818 collatis
2117 2763 2436 2830 haurienda,
2468 2781 2530 2820 ac
2561 2765 2856 2836 repetenda
2887 2775 3005 2822 erat
3043 2765 3276 2836 genuina
3305 2765 3462 2822 vitia-

1859 2863 1926 2908 ta:
1959 2856 2264 2920 ldcutionis,
2299 2859 2555 2926 Verbique
2595 2859 2810 2913 obscuri
2839 2860 3131 2925 sententia,
3168 2871 3224 2914 ιιι
3271 2859 3464 2914 Patres

1857 2947 2112 3004 docuere.
2157 2951 2418 3004 Audiatur
2451 2950 2612 3006 Divus
2655 2951 3010 3021 Augustinus,
3044 2951 3134 3022 qui
3177 2950 3228 3004 in
3285 2949 3378 3004 lib.
3419 2963 3462 3004 tt

1857 3040 1926 3098 de
1955 3041 2212 3098 Doctrina
2239 3043 2568 3106 Christiana,
2600 3057 2720 3112 cap.
2759 3043 2846 3106 11,
2897 3043 2994 3098 bas
3035 3043 3242 3100 Latinis
3285 3042 3462 3098 homi-

1861 3135 2016 3190 nibus
2061 3135 2274 3206 regulas
2328 3135 2486 3190 tradit
2531 3151 2544 3188 :
2599 3133 2790 3190 Contra
2829 3137 3008 3206 ignota
3049 3138 3198 3208 signa
3249 3137 3464 3210 propria

141 3212 386 3268 lletract.
417 3231 538 3284 cap.
589 3215 680 3270 20.
719 3217 1010 3276 PaL-terea.
1059 3219 1100 3272 si
1145 3225 1368 3286 tempore
1414 3217 1552 3272 illius
1595 3219 1747 3272 versio

1863 3243 2104 3298 nutgnum
2145 3227 2422 3282 remedium
2449 3237 2541 3290 est,
2569 3227 2764 3298 inquit,
2791 3229 3082 3300 linguarum
3117 3231 3360 3302 cognitio.
3393 3229 3466 3284 lt‘t

147 3306 346 3362 Punica
385 3309 530 3380 Afris
557 3311 742 3364 usitata
769 3313 968 3380 fuisset.
1001 3312 1304 3366 mentionem
1337 3313 1448 3382 ejus
1475 3315 1640 3384 facere
1661 3313 1750 3368 ille

141 3418 240 3456 non
269 3403 672 3469 intermisisset;
700 3421 816 3458 cum
843 3407 892 3458 in
917 3405 1059 3460 libris
1088 3407 1150 3460 de
1179 3405 1428 3462 Doctrina
1457 3407 1750 3464 Christiana

137 3511 202 3550 cx
219 3499 460 3568 professo
481 3498 682 3565 doceat,
707 3515 818 3566 quin
840 3499 1080 3568 prtesidia
1105 3501 1200 3554 sibi
1220 3517 1522 3572 comparare
1545 3502 1744 3570 debeat,

137 3589 222 3658 qui
263 3589 556 3645 Sacrorum
583 3590 896 3646 Litterarum
931 3593 1316 3664 intelligentiam
1345 3596 1584 3664 consequi
1605 3595 1742 3650 velit.

139 3683 214 3738 Ita
238 3685 534 3740 Gretserus
564 3686 660 3740 lib.
697 3701 734 3742 ιι
795 3685 1132 3742 llclensionis
1161 3691 1508 3744 tlontrovers.
1543 3689 1748 3744 Bellar-

141 3778 296 3846 tttiui,
331 3793 456 3849 cap.
493 3779 583 3844 15,
617 3798 668 3850 p.
701 3777 828 3836 8H.

212 3873 472 3944 Explosis
491 3889 624 3944 ergo
657 3883 734 3930 tot
757 3875 996 3930 omnium
1031 3873 1224 3946 linguis
1257 3891 1529 3944 nunquam
1571 3874 1748 3932 enatis

139 3968 490 4024 versionibus
514 3977 758 4038 tempore
781 3969 1174 4040 apostolorum,
1205 3969 1506 4034 videmnus,
1551 3967 1744 4038 praesul

135 4062 484 4130 doctissime,
516 4078 584 4118 an
631 4064 684 4118 in
727 4063 978 4118 eunidcm
1027 4062 1328 4134 impingunt
1367 4063 1618 4134 lapidein,
1655 4066 1744 4130 qui

135 4159 408 4214 Ecclesia:
433 4157 702 4214 nascentis
731 4157 954 4212 exordio
985 4157 1298 4212 innumeras
1318 4167 1504 4226 putant
1527 4157 1746 4212 Latinas

135 4253 424 4308 exstitisse
471 4252 750 4321 utriusque
796 4251 1041 4306 Fiederis
1073 4253 1479 4318 translationes,
1513 4267 1630 4306 ualli
1667 4251 1746 4304 lu-

137 4357 290 4402 turas
335 4345 596 4402 Ecclesia:
639 4345 894 4402 Gentiuut
937 4347 988 4400 in
1023 4345 1252 4414 imperio
1283 4344 1526 4398 Ιὶυιιιιιιιο
1571 4343 1748 4398 domi-

133 4421 370 4496 naturaz.
415 4439 672 4506 Quamvis
721 4449 920 4500 autem,
953 4447 1012 4492 ut
1037 4439 1208 4509 inquit
1259 4439 1467 4494 Plini-is
1521 4439 1614 4494 lib.
1663 4453 1742 4502 ur,

131 4544 272 4590 sect.
311 4549 388 4596 v1,
415 4531 592 4598 Italia,
617 4533 820 4588 numine
859 4531 1010 4586 deum
1031 4531 1186 4598 elata,
1217 4549 1396 4602 sparsa
1417 4539 1748 4602 congregaret

1857 3321 2060 3378 Latina:
2082 3323 2286 3390 quidem
2317 3323 2508 3394 lingua:
2533 3321 2786 3388 homines,
2821 3340 2946 3394 quos
2973 3341 3105 3378 nunc
3137 3326 3468 3382 instruendos

1857 3415 2194 3486 suscepimus,
2235 3415 2434 3468 duabus
2459 3415 2576 3470 aliis
2607 3417 2674 3468 ad
2723 3418 3112 3484 Scripturarum
3153 3416 3464 3474 Divinarum

1855 3509 2216 3578 cognitionem,
2267 3525 2394 3578 opus
2425 3509 2630 3574 habent,
2665 3507 2884 3564 Hebraea
2923 3511 3134 3578 scilicet,
3165 3521 3212 3566 et
3257 3511 3462 3578 (ἔπεσα,

1855 3615 1910 3656 ut
1935 3603 2004 3656 ad
2043 3603 2358 3674 exemplaria
2389 3603 2730 3672 prrecedentiu
2761 3615 3078 3670 recurratur,
3109 3605 3154 3658 si
3179 3621 3334 3674 quam
3361 3605 3464 3658 du-

1855 3698 2148 3752 bitationem
2183 3697 2410 3752 attulerit
2441 3697 2744 3752 Latinorum
2767 3699 3094 3768 interpretum
3147 3699 3350 3768 inﬁnita
3377 3715 3466 3754 va-

1855 3792 2100 3846 rietas....
2151 3801 2367 3862 propter
2402 3791 2714 3846 diversitates
2749 3806 2978 3861 namque
3001 3833 3014 3858 ,
3051 3799 3106 3844 ut
3139 3791 3332 3844 dictum
3361 3803 3460 3860 est,

1853 3885 2208 3954 interpretum,
2243 3883 2452 3936 illarum
2477 3884 2772 3954 linguarum
2799 3893 2870 3938 est
2897 3883 3122 3954 cognitio
3149 3885 3458 3940 necessaria.

1855 3975 1922 4028 Et
1947 3991 2068 4044 cap.
2105 3975 2168 4030 l’t
2199 3975 2442 4044 ejusdem
2483 3975 2628 4040 libri,
2671 3975 2780 4028 ait:
2823 3973 3057 4042 Namque
3095 3985 3182 4028 aut
3223 3975 3460 4046 ignotum

1853 4067 2058 4122 verbum
2083 4067 2206 4138 facit
2234 4067 2424 4120 horrere
2451 4067 2708 4130 lectorem,
2731 4075 2818 4120 aut
2849 4067 3024 4136 ignota
3045 4067 3253 4122 locutio.
3303 4067 3456 4136 Quce,

1851 4161 1897 4214 si
1919 4175 1984 4214 ea:
2004 4159 2186 4214 alienis
2231 4159 2418 4230 linguis
2461 4159 2686 4226 veniunt,
2709 4169 2796 4212 aut
2823 4158 3096 4228 qtuerenda
3128 4169 3245 4214 sunt
3275 4159 3338 4212 ab
3368 4175 3462 4214 ea-

1855 4269 1970 4306 rum
2013 4253 2310 4324 linguarum
2338 4251 2648 4314 hominibus,
2689 4261 2778 4304 aut
2821 4251 3010 4306 eatdent
3053 4253 3264 4324 lingute,
3314 4252 3358 4306 si
3411 4263 3462 4308 et

1853 4349 2016 4402 otium
2041 4357 2138 4413 est,
2187 4359 2234 4400 et
2263 4348 2544 4418 ingenium,
2577 4347 2886 4414 ediscendw,
2920 4357 3006 4400 aut
3033 4347 3261 4418 plurium
3303 4347 3466 4402 inter-

1853 4452 2054 4514 pretum
2077 4443 2390 4496 consulendo
2411 4443 2616 4496 collatio
2642 4451 2735 4506 est,
2767 4452 2872 4496 etc.
2903 4439 3192 4496 Plurimum
3219 4441 3300 4494 hic
3327 4457 3464 4512 quo-

1854 4554 1952 4607 que
1979 4541 2130 4610 juvat
2175 4539 2508 4606 interpretum
2551 4537 2914 4602 numerositas,
2953 4537 3156 4590 collatis
3198 4534 3464 4590 codicibus

133 4627 382 4694 imperia,
411 4627 638 4692 ritusque
659 4626 984 4690 molliret;et
1013 4633 1084 4680 tot
1103 4627 1408 4694 populorum
1435 4625 1744 4690 discvrdias,
1775 4625 1832 4686 Β
1855 4629 2102 4700 inspecta,
2135 4639 2286 4696 atque
2322 4629 2570 4682 discussa.
2609 4629 2762 4692 Item,
2809 4627 2900 4682 ubi
2945 4641 3130 4696 supra,
3171 4641 3292 4696 cap.
3339 4625 3406 4680 15
3443 4642 3458 4678 :

133 4725 379 4790 ferasque
399 4721 620 4790 linguas,
642 4717 890 4776 sermonis
911 4719 1214 4774 commercio
1237 4717 1586 4781 contraheret;
1611 4715 1742 4770 mihi

135 4825 328 4868 tamen
359 4829 454 4882 pro
484 4823 636 4870 certo
663 4823 767 4878 est,
815 4827 922 4866 non
963 4813 1102 4868 adeo
1137 4813 1410 4880 ingentem
1454 4809 1616 4864 luisse
1645 4809 1742 4866 Sa-

131 4921 360 4962 crarum
389 4907 788 4976 Scripturarum
837 4905 1028 4962 Latine
1055 4919 1354 4968 versarunt,
1403 4921 1520 4974 qua:
1553 4902 1744 4958 Eccle-

131 4999 234 5056 siis
289 5001 678 5066 inserviebam,
737 4999 1200 5054 numerositatem.
1253 4997 1426 5052 Fuere
1469 4997 1740 5064 nonnulli,

133 5093 256 5162 qui,
314 5102 374 5150 ut
417 5093 486 5150 de
531 5094 860 5150 conterenda
909 5091 1226 5162 edendaque
1276 5089 1494 5161 antiqua.
1551 5091 1744 5146 Latina

133 5187 276 5242 Itala
319 5186 754 5242 Viudobonvnsis
781 5187 986 5242 codicis
1029 5185 1384 5240 translatione
1415 5185 1591 5240 omnis
1625 5193 1748 5238 tuus

135 5293 376 5338 conatus
408 5283 590 5336 irritus
611 5281 948 5346 crederetur,
977 5279 1238 5350 quasdam
1271 5279 1370 5336 SS.
1407 5279 1746 5350 lliuronyttti,

137 5385 196 5428 et
221 5373 502 5444 Augustini
521 5373 792 5442 pro=ulere
819 5375 1141 5438 sententias,
1165 5387 1232 5426 ex
1255 5370 1450 5440 quibus
1475 5371 1542 5424 de
1565 5371 1750 5424 lDUIliS

139 5469 370 5536 privatis
429 5465 724 5530 codicibus,
777 5465 854 5520 tui
908 5465 1196 5528 similibus,
1247 5461 1560 5532 conjectura
1631 5463 1748 5518 ﬁeri

139 5569 364 5630 posset:
397 5559 746 5628 aieliantque,
778 5558 1056 5614 doctorem
1087 5556 1376 5612 Maximum
1419 5557 1469 5610 in
1499 5555 1658 5610 Prarl.
1695 5556 1750 5610 in

141 5667 196 5706 tv
229 5653 518 5722 Evangelia
555 5653 794 5708 scribere
823 5652 888 5706 ad
917 5652 1204 5706 D.unasum
1247 5649 1526 5719 P.1pam,si
1547 5647 1752 5704 Latinis

143 5747 526 5817 exemplaribus
539 5747 666 5814 ﬁdes
679 5755 748 5800 est
761 5745 1070 5810 adhibenda,
1089 5743 1430 5814 respondeant
1442 5743 1662 5808 quibus?
1681 5751 1754 5796 tot

145 5842 282 5896 enim
294 5849 412 5895 sum
425 5841 738 5910 excinplaria
753 5855 896 5908 pene,
911 5847 1032 5909 quot
1047 5838 1266 5894 codices.
1281 5837 1538 5894 Sanctum
1555 5835 1757 5906 pariter

1857 4723 1962 4776 Sed
1997 4721 2256 4792 quoniam,
2297 4729 2344 4776 et
2373 4737 2486 4788 qute
2535 4721 2598 4774 sit
2639 4723 2750 4792 ipsa
2797 4721 3066 4782 sententia,
3101 4735 3252 4788 quam
3284 4717 3462 4787 plures

1857 4815 2155 4886 interpretes
2185 4831 2278 4882 pro
2305 4830 2397 4866 sua
2425 4814 2632 4882 quisque
2659 4813 2922 4882 facultate,
2955 4823 3106 4882 atque
3123 4811 3324 4884 judicio
3365 4827 3460 4864 co-

1857 4915 2048 4958 nantur
2077 4903 2268 4976 eloqui,
2315 4921 2418 4958 non
2447 4915 2680 4974 apparet,
2723 4905 2822 4958 nisi
2849 4907 2900 4960 in
2926 4923 2983 4958 ca
3011 4905 3188 4974 lingua
3217 4903 3464 4974 inspicia—

1859 5011 1962 5064 tur,
1985 5015 2140 5070 quam
2171 5001 2592 5070 interpretantur,
2617 5009 2662 5053 et
2679 5001 2978 5070 plerumque
2999 5015 3030 5050 a
3060 5015 3210 5052 sensu
3234 4999 3464 5054 auctoris

1855 5091 2030 5145 devius
2071 5091 2272 5146 aberrat
2311 5091 2576 5162 interpres,
2623 5091 2665 5144 si
2695 5108 2798 5144 non
2843 5093 2906 5146 sit
2963 5089 3319 5158 doctissimus;
3367 5101 3460 5148 aut

1855 5184 2150 5254 linguarum
2191 5183 2418 5250 illarum,
2462 5201 2524 5238 ex
2567 5185 2748 5254 quibus
2799 5185 2850 5238 in
2897 5181 3134 5240 Latinam
3187 5187 3462 5256 Scriptura

1857 5276 2104 5344 pervenit,
2133 5277 2348 5345 petenda
2375 5275 2597 5344 cognitio
2620 5283 2729 5336 est;
2759 5288 2842 5328 aut
2885 5275 3128 5330 habenda:
3163 5277 3468 5347 interpreta-
3493 5257 3504 5266 ’

1859 5369 2020 5422 tiones
2050 5385 2246 5432 eorum,
2288 5369 2374 5437 qui
2405 5385 2457 5420 se
2495 5365 2658 5420 verbis
2695 5367 2852 5420 nimis
2905 5369 3280 5422 obstrinxerunt
3301 5383 3320 5432 ;
3359 5386 3462 5424 non

1857 5463 1978 5532 quia
2005 5463 2294 5534 sufﬁciunt,
2328 5461 2415 5514 sed
2455 5469 2508 5512 ut
2537 5475 2598 5512 ex
2625 5459 2698 5512 eis
2743 5463 2946 5528 veritas,
2978 5463 3054 5517 vel
3083 5479 3227 5516 error
3255 5461 3468 5533 detega-

1859 5567 1946 5610 tur
1974 5559 2216 5618 alterunt,
2239 5554 2327 5624 qui
2357 5570 2456 5606 non
2489 5554 2652 5624 magis
2683 5555 2850 5622 verba,
2883 5573 3034 5628 quam
3069 5558 3342 5612 sententias
3387 5557 3471 5612 itt-

1861 5646 2188 5716 terpretando
2237 5645 2378 5714 sequi
2443 5645 2752 5702 maluerunt.
2821 5649 3002 5720 Itaque
3072 5651 3460 5706 rccurrendum

1863 5741 2068 5796 eratad
2091 5747 2296 5792 textum
2315 5737 2720 5806 primigenmm,
2741 5741 2958 5812 quando
2985 5742 3465 5812 interpretationes

1869 5836 1990 5904 (seu
2045 5827 2399 5900 esetnplaria)
2445 5831 2581 5886 inter
2629 5847 2690 5888 se
2731 5833 3112 5890 dissidebant:
3171 5835 3264 5890 sed
3313 5833 3466 5892 luere
