3976 6338
547 319 647 373 lli

1945 309 2479 370 PROLEGOMENA.
3562 307 3610 339 ⁸

3748 314 3850 370 “2

539 434 909 504 quamplures,
968 431 1075 500 qui,
1129 428 1408 498 utriusque
1466 427 1662 498 lingure
1722 427 1834 483 fere
1915 433 2212 498 prorsusA
2243 430 2441 486 licavit.
2495 431 2630 486 Hinc
2673 429 2893 486 demum
2941 431 3263 502 Augustino,
3305 430 3397 500 qui
3451 428 3587 484 nihil
3638 429 3850 498 inepte,

539 526 738 597 ignari,
787 525 1037 593 nulloque
1078 521 1260 574 habito
1303 521 1681 589 interpretum.
1727 536 1822 574 seu
1855 523 2134 590 exempla-

539 619 678 674 rium
708 618 938 677 delcctu,
968 613 1269 668 difliciliora
1301 621 1356 666 et
1380 613 1695 667 obscuriora
1741 611 1886 666 Italae
1933 613 2137 667 versit)-

538 713 624 768 nis
657 712 770 765 loca
805 707 918 763 ausi
959 715 1080 760 sunt
1123 705 1418 774 corrigere,
1472 719 1800 775 expungere,
1846 705 1930 759 vel
1978 720 2132 758 assu-

537 803 732 859 mcntis
759 814 956 870 augere
983 816 996 851 :
1038 807 1094 853 et
1120 813 1240 868 qua:
1273 797 1459 852 lectori
1491 811 1698 852 moram
1729 795 1926 852 all‘erre
1979 805 2132 865 pote-

531 891 1062 961 rantinEvangeliis,
1093 905 1177 953 ea,
1212 888 1348 943 facta
1372 887 1535 942 veluti
1561 888 1791 959 quadam
1818 886 2131 954 Harmonia,

529 988 750 1042 alterius
807 983 1171 1054 Evangelistaa
1228 981 1404 1047 stylo,
1477 981 1766 1052 verbisque
1836 981 2128 1037 illustrare.

527 1080 665 1135 Hinc
693 1079 882 1143 variae,
921 1076 1402 1145 discrepantesque
1432 1074 1591 1129 unius
1616 1088 1680 1130 ac
1719 1073 1963 1143 ejusdem
1989 1073 2131 1127 anti-

526 1175 618 1244 qui
649 1169 960 1241 interpretis
988 1179 1113 1223 sunt
1157 1177 1358 1222 exorta:
1385 1166 1678 1230 lectiones;
1723 1181 1843 1236 quae
1871 1165 1971 1222 SS.
2008 1165 2134 1220 Hie-

525 1279 758 1336 ronymo
785 1274 839 1318 et
864 1261 1162 1331 Augustino
1197 1260 1249 1314 in
1285 1273 1445 1314 causa
1488 1257 1659 1326 fuere,
1687 1267 1743 1313 ut
1773 1268 2134 1328 quererentur

525 1360 746 1430 utrique
766 1357 833 1412 de
853 1366 996 1410 tanta
1021 1355 1328 1410 Latinorum
1347 1354 1702 1422 interpretum
1719 1354 2128 1408 numerositate.

527 1453 788 1524 Quamvis
812 1452 978 1514 enim,
1023 1450 1195 1520 inquit
1224 1447 1570 1502 doctissimus
1598 1447 1840 1502 Sabatier
1873 1447 1926 1501 in
1970 1445 2128 1500 Prml’.

527 1545 780 1604 Gcnerali
810 1543 912 1616 (De
938 1541 1220 1596 Bibliorum
1254 1541 1536 1596 Sacrorum
1578 1537 1774 1592 Latinis
1818 1538 2132 1593 versionibus

525 1641 782 1712 antiquis,
817 1637 844 1710 §
873 1638 956 1708 ἓ),
999 1646 1177 1693 textus
1209 1635 1510 1707 primigenii
1555 1635 1864 1704 discrepent
1905 1635 2044 1690 inter
2070 1649 2130 1690 se

525 1734 817 1806 aliquando
845 1732 1125 1797 lectiones,
1157 1731 1427 1801 variisque
1467 1730 1764 1786 dissideant
1801 1731 2004 1797 verbis,
2048 1741 2130 1784 at-

2239 525 2373 580 nihil
2401 527 2500 581 nisi
2534 537 2684 581 recte
2712 525 2941 590 scribit,
2985 525 3228 580 scribere
3274 525 3500 579 forsitan
3533 523 3710 587 licuit,
3747 523 3850 577 Lar.

2238 619 2372 672 tinos
2399 619 2698 690 interpretes
2726 620 2983 673 numerari
3013 636 3114 673 non
3146 633 3312 689 posse.
3349 615 3427 671 Ita
3463 616 3717 671 laudatus
3767 618 3846 669 CI.

2239 711 2506 776 Sabatier,
2536 712 2690 782 cuius
2711 713 3078 781 conjecturam
3098 728 3198 782 ego
3217 711 3596 767 vehementius
3620 711 3848 782 urgebo.

2237 803 2424 860 Varias
2454 805 2728 860 exstitisse
2755 805 2855 862 SS.
2905 805 3216 877 Hieronymi
3266 814 3321 861 et
3347 804 3635 875 Augustini
3685 815 3846 859 rotate

2237 897 2519 954 versiones
2555 913 2654 970 ego
2683 914 2896 970 quoque
2925 915 3031 955 non
3081 900 3252 955 semel
3297 899 3509 954 asserui
3541 901 3595 954 in
3654 908 3850 954 tonsor

2244 991 2600 1046 Vindiciarum
2630 991 3006 1048 Canonicarum
3037 993 3449 1064 Scripturarum,
3475 1002 3640 1065 atque
3665 992 3723 1048 in
3753 995 3851 1050 hoc

2236 1080 2598 1156 Evangeliario
2647 1085 3013 1156 Quadruplici,
3045 1087 3191 1141 nisus
3218 1087 3540 1142 auctoritate
3571 1085 3672 1142 SS.
3719 1085 3848 1146 PP..

2234 1184 2289 1233 et
2334 1179 2632 1247 praesertim
2681 1177 2889 1244 Hilarii,
2938 1178 3276 1250 Hieronymi,
3317 1186 3372 1235 et
3401 1178 3725 1247 Augustini,
3759 1181 3848 1248 qui

2233 1268 2374 1324 libro
2403 1285 2438 1323 ιι
2471 1268 2540 1324 de
2598 1269 2850 1325 Doctrina
2886 1269 3193 1325 Christiana
3224 1285 3348 1341 cap.
3383 1271 3470 1336 Η,
3506 1269 3636 1325 dum
3669 1272 3850 1325 varias

2235 1375 2332 1431 pro
2363 1360 2553 1416 iisdem
2579 1361 2930 1418 emendandis
2961 1363 3178 1433 regulas
3210 1362 3394 1429 tradit,
3425 1364 3730 1419 maximum
3761 1364 3851 1418 ba-

2233 1451 2470 1508 bendum
2500 1467 2620 1508 esse
2662 1453 2906 1510 codicum
2953 1454 3022 1509 ab
3051 1454 3247 1510 eodem
3296 1456 3599 1526 interprete
3629 1456 3851 1512 deriva.

2234 1553 2408 1606 torum
2431 1545 2702 1602 delectum
2733 1546 2922 1602 docet:
2953 1546 3114 1612 Nam,
3143 1549 3353 1618 inquit,
3385 1548 3652 1604 codicibus
3673 1567 3848 1605 emcno

2234 1637 2420 1693 dandis
2464 1640 2701 1711 primitus
2749 1640 2892 1694 debet
2934 1642 3202 1712 invigilare
3249 1641 3460 1696 solertia
3509 1658 3719 1711 eorum,
3764 1647 3847 1714 qui

2235 1731 2534 1800 Scripturas
2562 1733 2779 1788 Divinas
2811 1751 2961 1790 nosse
2988 1735 3297 1802 desiderant,
3345 1745 3395 1788 ut
3426 1737 3718 1791 emendatis
3750 1754 3846 1790 non

524 1847 631 1903 que
659 1830 820 1885 etiam
851 1827 1153 1892 sententiis,
1195 1841 1361 1880 unum
1395 1834 1577 1880 tamen
1606 1824 1964 1895 eumdemque
2015 1825 2122 1894 pri-
2157 1825 2205 1886 B
2231 1826 2487 1880 emendati
2521 1827 2726 1893 cedant,
2757 1845 2820 1883 ea:
2866 1843 2972 1883 uno
3012 1829 3283 1883 dumtaxat
3323 1844 3846 1886 lunaratnnosts

525 1922 818 1995 migenium
890 1935 1013 1976 esse
1085 1929 1286 1974 textum
1367 1926 1641 1973 constat:
1725 1917 1908 1988 quidni
1965 1917 2125 1986 igitur

522 2019 725 2090 pariter
775 2031 936 2072 unam
1007 2014 1360 2084 eamdemque
1417 2014 1650 2083 primum
1708 2011 1874 2066 fuisse
1942 2010 2123 2082 Scrip-

523 2119 766 2166 turarum
831 2107 1331 2179 interpretationem
1390 2105 1706 2171 dixerimus,
1757 2103 1999 2174 quamvis
2026 2119 2121 2158 va-

519 2204 618 2259 riae
696 2205 750 2257 in
814 2201 1092 2257 codicibus
1178 2207 1467 2254 occurrant
1538 2197 1938 2267 discrepantia,
2003 2212 2122 2268 quae

515 2296 696 2350 varias
743 2291 1235 2364 interpretationes,
1284 2306 1314 2344 a
1379 2290 1542 2345 variis
1585 2289 1887 2345 elaboratas
1946 2289 2118 2344 inter-

521 2390 790 2462 pretibus,
829 2387 1134 2457 signiﬁcare
1161 2385 1487 2441 videantur?
1512 2384 1771 2439 Nimirum
1818 2383 1983 2438 variae
2015 2383 2122 2438 illa:

516 2480 1164 2550 forsitandiscrepantizn,
1198 2487 1290 2533 attt
1323 2478 1390 2532 ab
1424 2475 1768 2534 oseitantium
1796 2475 2120 2547 negligentia

515 2578 888 2639 librariorum,
942 2584 1035 2628 aut
1064 2573 1132 2627 ab
1162 2571 1441 2627 audacium
1481 2571 1783 2644 temeritate
1829 2569 2123 2626 eruditulo-

513 2687 636 2726 rum
666 2679 790 2724 sunt
823 2667 1108 2738 profectze;
1140 2681 1370 2736 quorum
1403 2665 1490 2719 alii
1519 2664 1882 2720 somniculose
1916 2663 2121 2719 descri-

511 2763 691 2820 bentlo
739 2761 879 2816 lianc
937 2759 1458 2829 interpretationem,
1517 2759 1679 2813 verba
1724 2768 1778 2812 et
1823 2757 2120 2813 sententias

510 2856 808 2918 vitiarunt;
879 2853 969 2908 alii
1019 2868 1168 2919 vero,
1236 2868 1355 2922 qua:
1411 2851 1590 2906 minus
1639 2851 1976 2919 intellexere,
2029 2859 2121 2904 aut

509 2949 771 3004 mendosa
818 2955 1097 3017 putarunt,
1150 2952 1243 2998 aut
1287 2943 1553 2998 arbitratu
1596 2958 1696 2997 suo
1746 2950 2115 2997 mutaverunt.

511 3039 694 3105 Certe,
726 3039 769 3093 si
811 3038 861 3092 id
905 3037 1047 3092 inter
1076 3035 1494 3092 exscribendttm
1527 3035 1906 3105 primigenium
1937 3034 2122 3104 Scrip-

511 3140 652 3185 tura:
683 3140 910 3196 textum,
943 3128 1097 3198 cujus
1121 3127 1204 3182 vel
1237 3127 1530 3182 litterulam
1568 3136 1778 3182 mutare
1823 3125 1973 3182 nefas
2001 3141 2124 3181 esse

2227 1934 2408 1988 genere
2437 1919 2709 1973 uenientes.
2744 1918 2810 1974 Et
2847 1920 2898 1974 in
2933 1919 3124 1975 eodem
3168 1919 3326 1985 libro,
3373 1935 3500 1990 cap.
3533 1921 3630 1984 l5,
3685 1937 3835 1976 num.

2225 2010 2318 2075 22,
2352 2009 2416 2064 In
2462 2011 2588 2082 ipsis
2619 2027 3219 2076 mreapaanrtoxteus,
3250 2011 3378 2066 Itala
3408 2014 3608 2067 caeteris
3649 2018 3843 2086 prafe-

2227 2112 2408 2170 ratur;
2453 2121 2574 2157 nam
2616 2114 2690 2159 est
2719 2104 2987 2159 verborum
3035 2107 3285 2172 tenacior,
3330 2121 3443 2160 cum
3474 2108 3844 2178 perspicuitate

2225 2197 2508 2252 sententiis.
2559 2197 2648 2262 At,
2696 2198 2787 2254 ubi
2821 2198 2877 2252 S.
2931 2198 3292 2270 Hieronymus
3335 2198 3529 2253 arbiter
3569 2201 3736 2265 sedit,
3781 2199 3839 2254 Β.

2228 2289 2445 2348 Damasi
2471 2291 2646 2361 jussu,
2678 2302 2732 2346 ut
2773 2293 2908 2367 (post
2941 2293 3256 2365 exemplaria
3285 2293 3674 2363 Scripturarum
3709 2293 3841 2348 Novi

2227 2385 2561 2442 Testamenti
2592 2398 2696 2442 toto
2727 2388 2847 2442 orbe
2874 2387 3089 2454 diffusa,
3141 2405 3255 2458 quae
3301 2390 3436 2442 inter
3465 2406 3521 2444 se
3547 2389 3842 2459 variabant)

2228 2497 2345 2550 qua:
2373 2490 2538 2536 essent
2560 2481 2673 2546 illa,
2703 2497 2819 2552 qua:
2847 2498 2962 2536 cum
2989 2480 3170 2536 (ἔντερα
3201 2483 3585 2538 consentiebant
3607 2484 3842 2549 ueritate,

2226 2573 2552 2638 decerneret;
2579 2591 2642 2628 ne
2674 2575 2912 2640 multum,
2945 2574 3142 2644 inquit,
3173 2593 3202 2628 α
3226 2575 3460 2629 lectionis
3485 2575 3691 2630 Latinae
3717 2594 3840 2630 con-

2223 2667 2492 2721 suetudine
2531 2668 2902 2738 discreparent,
2947 2668 3021 2721 ita
3070 2667 3272 2721 calamo
3320 2669 3737 2741 temperavimus,
3789 2680 3838 2723 ut

2223 2759 2304 2814 Itis
2331 2770 2549 2826 tantum,
2577 2777 2692 2830 quia
2728 2777 2932 2816 sensum
2973 2761 3274 2816 videbantur
3315 2774 3534 2827 mutare,
3568 2764 3835 2828 correctis,

2223 2854 2418 2923 reliqua
2443 2870 2648 2908 manere
2676 2863 3064 2922 pateremur,ut
3086 2856 3308 2925 fuerant.
3341 2853 3524 2924 Itaque
3549 2856 3636 2910 illa
3658 2873 3832 2910 eum-

2237 2947 2427 3009 plaria,
2456 2962 2578 3016 qua:
2609 2945 2735 3000 dicit
2768 2956 2839 3001 tot
2869 2964 2996 3018 pene
3020 2947 3197 3018 fuisse,
3230 2957 3351 3018 quot
3381 2948 3601 3014 codices,
3633 2964 3695 3003 ex
3730 2965 3834 3003 uno

2233 3038 2512 3093 dumtaxat
2541 3038 3004 3108 interpretationis
3020 3056 3220 3111 genere
3245 3041 3565 3107 veniebant;
3589 3042 3831 3113 quando-

2225 3133 2444 3204 quidem
2474 3142 2550 3189 tot
2571 3135 2972 3205 exemplaribus
2994 3135 3140 3191 Italae
3164 3136 3302 3192 mire
3315 3138 3606 3207 corruptis,
3633 3138 3824 3208 quibus

514 3223 800 3287 debuerat,
845 3221 1101 3290 contigit;
1152 3230 1352 3292 quanto
1382 3221 1552 3291 magis
1581 3219 1898 3290 contingere
1947 3220 2121 3290 potuit
2146 3223 2191 3288 C
2227 3226 2426 3282 mederi
2461 3227 2696 3293 volebat,
2727 3227 2948 3284 minime
2977 3229 3357 3293 consuluisset,
3385 3232 3430 3284 si
3458 3247 3520 3286 ea
3553 3231 3683 3286 varii
3719 3232 3830 3287 ela-

509 3317 566 3372 in
590 3315 944 3372 exscribenda
983 3314 1450 3383 interpretatione,
1481 3313 1661 3382 cujus,
1689 3328 1810 3368 cum
1838 3329 1945 3370 non
1970 3322 2118 3369 tanta

508 3419 654 3465 esset
705 3406 1026 3473 auctoritas,
1073 3417 1278 3476 quanta
1309 3417 1494 3460 textus
1539 3406 1866 3477 primigenii,
1920 3406 2117 3461 minori

512 3503 692 3559 adhuc
719 3518 870 3566 cura,
895 3501 1206 3572 minorique
1228 3500 1492 3571 religione
1509 3511 1591 3555 est
1615 3499 1886 3570 descripta
1906 3516 1933 3554 a
1955 3501 2119 3556 libra-

508 3595 628 3662 riis,
679 3602 735 3650 et
779 3593 1086 3660 eruditulis,
1119 3593 1209 3663 qui
1257 3601 1490 3659 mutare,
1538 3591 1759 3658 addere,
1805 3591 2114 3660 detrahere,

510 3687 779 3760 glossulas
802 3687 1065 3752 inserere,
1100 3685 1344 3756 religioni
1370 3699 1474 3740 non
1506 3684 1847 3741 habuerunt?

581 3783 851 3838 Praeterea
881 3780 1150 3836 variarum
1196 3787 1366 3850 potest
1392 3794 1513 3834 esse
1544 3779 1646 3833 alia
1681 3779 1974 3834 lcetionum
1999 3779 2114 3836 ori-

508 3892 598 3948 go,
629 3892 798 3948 eaque
824 3875 1006 3946 purior
1026 3882 1190 3944 atque
1224 3873 1427 3928 utilior.
1459 3872 1608 3929 Sicut
1629 3871 1774 3928 enim
1803 3872 2028 3940 librarii,
2058 3883 2115 3930 et

506 3969 786 4034 erudituli,
810 3967 1122 4031 oscitantia,
1149 3976 1198 4021 et
1216 3965 1522 4022 temeritate
1541 3965 1914 4036 primigeniam
1937 3975 2114 4022 trans-

503 4066 763 4123 lationem
794 4079 1178 4134 nonnunquam
1209 4061 1576 4127 vitiarunt;ita
1591 4061 1811 4128 eruditi,
1836 4062 2111 4131 siquando

505 4157 744 4226 primum
789 4155 1114 4209 dormitasse
1162 4161 1498 4224 agnoverunt
1542 4153 1917 4221 interpretem,
1968 4153 2109 4224 quod

502 4248 707 4304 nemini
735 4263 841 4301 non
865 4247 1149 4315 contingit,
1175 4260 1295 4298 cum
1321 4259 1529 4309 errare,
1560 4255 1612 4298 et
1641 4242 1754 4298 falli
1785 4243 2103 4310 humanum,

506 4351 562 4396 et
610 4357 638 4394 a
695 4342 910 4397 nemine
956 4341 1192 4396 alienum
1235 4341 1325 4407 sit,
1376 4353 1497 4410 qua:
1543 4339 1723 4394 minus
1775 4347 1921 4394 recte
1952 4354 2108 4395 versa

507 4445 683 4502 erant,
715 4435 1068 4505 castigarunt.
1111 4443 1164 4489 et
1211 4432 1416 4499 verbis,
1442 4431 1822 4487 'senteutiisve
1859 4432 2108 4488 obscuris

504 4531 682 4588 lucem
709 4530 930 4587 dedere.
963 4529 1101 4584 Hinc
1135 4528 1333 4602 factum
1365 4534 1466 4593 est,
1502 4535 1562 4581 ut
1587 4542 1705 4597 qua:
1737 4527 1898 4581 variae
1917 4527 2105 4582 viden-

2223 3320 2507 3376 boras;:ent
2561 3320 2910 3391 interpretes.
2963 3322 3230 3378 Praeterea
3283 3312 3658 3394 discrepantes
3719 3325 3828 3381 lec-

2223 3415 2402 3470 tiones
2446 3415 2884 3487 Evangeliorum,
2928 3431 3062 3486 quas
3101 3417 3214 3486 ipse
3263 3416 3643 3490 Hieronymus,
3692 3434 3826 3489 prm-

2219 3507 2405 3562 sertim
2451 3508 2502 3562 in
2534 3509 2926 3564 commentario
2974 3509 3026 3563 in
3077 3509 3408 3574 Mattbaeutn,
3459 3511 3668 3576 recitat,
3719 3527 3823 3566 non

2219 3598 2462 3654 diversos
2493 3599 2816 3670 interpretes
2844 3609 3096 3670 arguunt,
3123 3599 3217 3655 sed
3241 3601 3573 3671 exemplaria
3606 3601 3816 3657 diversa

2219 3691 2463 3762 ejusdem
2509 3693 2850 3763 interpretis.
2903 3693 3149 3761 Demum,
3196 3709 3320 3749 cum
3362 3709 3533 3764 usque
3568 3693 3636 3748 ad
3677 3693 3816 3751 hanc

2215 3785 2359 3842 diem
2412 3787 2742 3858 insigniores
2801 3787 3146 3845 bibliotheca:
3214 3790 3820 3862 singulari,diligentia

2217 3880 2512 3950 pervoluta:
2562 3881 2898 3936 servaverint
2947 3883 3266 3952 quamplura
3318 3883 3617 3954 fragmenta
3674 3885 3818 3942 illius

2214 3973 2605 4044 antiquissima:
2652 3974 3135 4045 interpretationis,
3178 3991 3340 4048 quam
3367 3987 3517 4033 tanto
3546 3979 3596 4034 in
3647 3980 3820 4050 pretio

2215 4061 2403 4118 babuit
2430 4066 2783 4136 Augustinus,
2812 4069 3006 4139 cuique
3035 4079 3260 4124 caeteras
3285 4086 3405 4126 esse
3423 4072 3818 4141 postliabendas

2215 4161 2601 4230 pronuntiavit,
2635 4177 2732 4218 cur
2760 4163 2982 4218 aliarum
3011 4164 3252 4220 omnium
3293 4165 3506 4223 fortuna
3544 4167 3682 4224 adeo
3707 4169 3820 4225 dis-

2215 4266 2310 4322 par
2353 4253 2470 4316 fuit,
2521 4263 2683 4325 atque
2725 4255 3049 4313 dissimilis?
3101 4259 3354 4328 Privatis,
3403 4261 3549 4318 dicet
3600 4264 3818 4334 aliquis,

2213 4344 2399 4400 usibus
2457 4347 2842 4404 inserviebant.
2891 4352 2961 4406 At
2999 4365 3105 4407 non
3134 4368 3344 4409 omnes.
3400 4353 3551 4410 Italae
3595 4355 3816 4425 quidem

2211 4438 2352 4508 apud
2385 4439 2604 4494 Latinos
2645 4442 2952 4500 excellebat
2991 4445 3320 4512 auctoritas;
3363 4447 3460 4502 sed
3487 4458 3662 4504 tamen
3694 4449 3815 4505 alite

2211 4532 2457 4604 quaedam
2498 4532 2712 4619 fuerunt
2756 4537 3069 4606 versiones,
3118 4539 3313 4610 quibus
3353 4540 3538 4595 Italam
3593 4541 3819 4611 postha-

504 4635 596 4681 lur
617 4639 738 4682 esse
763 4640 789 4676 a
817 4623 980 4677 variis
1008 4622 1301 4678 elaboratre
1327 4620 1682 4690 scriptoribus
1704 4618 2104 4690 Scripturarum
2134 4625 2186 4686 D
2211 4625 2378 4682 buere
2406 4627 2651 4683 nonnulli
2673 4618 2902 4686 Patres.
2949 4630 3212 4698 Quoniam
3244 4648 3373 4689 vero
3413 4648 3596 4704 paucae
3636 4645 3812 4705 erant,

503 4718 1000 4791 interpretationes,
1027 4714 1171 4770 aliud
1206 4714 1426 4769 forsitan
1453 4713 1584 4768 nihil
1609 4713 1737 4780 sint,
1767 4729 1924 4783 quam
1959 4715 2102 4770 varia

501 4813 745 4882 ejusdem
797 4807 1262 4878 interpretationis
1300 4805 1565 4874 exempla,
1611 4821 1706 4875 pro
1760 4805 2101 4862 librariorum

501 4905 851 4975 negligentia,
893 4901 1218 4974 ignorantia,
1243 4915 1306 4954 ac
1336 4899 1661 4966 temeritate,
1692 4897 1788 4952 sed
1821 4907 1873 4953 et
1914 4899 2099 4954 erudi-

496 5007 677 5053 torum
707 4996 1058 5068 castigatione
1087 4993 1472 5063 discrepantia.
1515 4990 1652 5046 Hinc
1692 4990 1870 5045 forsan
1912 4991 2100 5047 Hiero-

498 5104 716 5161 nymus,
764 5098 835 5141 tot
880 5086 1194 5158 exemplaria
1238 5099 1385 5155 pene,
1426 5093 1548 5154 quot
1587 5083 1807 5152 codices,
1846 5085 2095 5154 scripsit;

499 5197 620 5252 qua:
670 5189 847 5234 tatnen
897 5179 1058 5248 paulo
1102 5175 1336 5230 inflatius
1376 5174 1574 5242 scripta
1607 5183 1771 5228 sunt:
1821 5173 1946 5230 hinc
1973 5188 2096 5229 cum

492 5273 637 5329 idem
671 5272 1028 5341 Hieronymus
1053 5283 1244 5323 novam
1263 5267 1582 5322 adornasset
1602 5266 1742 5322 Novi
1764 5267 2096 5323 Testamenti

492 5363 1023 5435 interpretationem,
1055 5360 1216 5431 idque
1245 5375 1274 5414 a
1307 5359 1549 5429 pltlribus
1578 5359 2087 5431 reprehenderetur,

491 5466 711 5512 sanctus
754 5457 952 5510 Doctor
982 5453 1283 5516 malevolis,
1309 5454 1398 5524 qui
1429 5468 1507 5517 se,
1542 5468 1803 5523 suamque
1831 5454 2091 5509 rodebant

490 5561 547 5608 et
581 5551 874 5622 carpebant
903 5548 1232 5614 versionem,
1265 5548 1328 5602 iis
1356 5547 1637 5616 respondit
1664 5548 1866 5615 verbis,
1899 5549 2091 5618 quibus

488 5661 598 5703 non
625 5657 731 5701 tam
755 5661 782 5700 a
825 5659 883 5700 se
905 5659 1099 5698 novam
1131 5641 1425 5712 Scriptura:
1449 5642 1949 5714 interpretationem
1971 5645 2086 5700 ela-

487 5738 754 5804 boratam,
787 5752 947 5810 quam
989 5747 1227 5792 veterem
1271 5734 1635 5802 emendatam,
1685 5747 1738 5791 et
1777 5752 1809 5792 a
1841 5737 2084 5805 maculis,

486 5833 761 5906 vitiisque,
790 5833 984 5908 quibus
1013 5831 1314 5903 laborabat,
1339 5841 1689 5904 expttrgatam
1722 5831 1891 5891 fuisse
1917 5833 2087 5906 signi-

2212 4721 2443 4791 primum
2469 4723 2726 4793 neglectre
2746 4732 2873 4778 sunt
2895 4724 2947 4779 in
2971 4724 3162 4781 forulis
3181 4725 3590 4796 tabulariorum,
3616 4728 3817 4786 deinde

2211 4812 2486 4868 interitum
2541 4831 2734 4885 passae.
2777 4816 2832 4872 Si
2878 4833 3015 4888 pene
3070 4819 3366 4875 innumera:
3405 4821 3552 4878 credi
3602 4822 3816 4891 volunt,

2209 4906 2333 4975 quei
2379 4906 2491 4961 ﬁeri
2525 4909 2716 4977 potuit,
2766 4918 2825 4964 ut
2871 4925 3058 4966 omnes
3103 4911 3400 4982 deperditze
3438 4913 3712 4979 dicantur,
3759 4924 3818 4972 et

2208 4999 2336 5053 sint.
2368 4998 2484 5053 Non
2529 5000 2660 5055 levis
2680 5013 2762 5056 est
2788 5001 2904 5058 haec
2940 5003 3257 5073 difficultas,
3285 5021 3385 5062 nec
3412 5006 3587 5064 facilis
3616 5009 3684 5064 ad
3713 5024 3814 5066 ex-

2203 5090 2528 5160 pediendum
2561 5103 2643 5146 est
2686 5093 2857 5149 nodus
2905 5095 3034 5160 illis,
3065 5097 3155 5168 qui
3184 5099 3374 5154 volunt
3417 5101 3582 5155 nimis
3615 5116 3816 5174 urgere

2201 5183 2301 5239 SS.
2333 5183 2642 5256 Hieronymi
2683 5198 2738 5243 et
2778 5186 3064 5259 Augustini
3108 5193 3429 5259 sententias,
3483 5211 3621 5264 quas
3659 5198 3807 5252 reci-

2204 5277 2328 5331 tavi.
2365 5277 2683 5347 Hujusmodi
2715 5289 2890 5337 tamen
2923 5283 3097 5339 nodus
3116 5285 3266 5341 nullo
3295 5286 3512 5358 negotio
3539 5288 3808 5358 solvetur,

2199 5369 2243 5424 si
2281 5378 2359 5423 tot
2390 5369 2608 5426 Latinos
2665 5372 2988 5446 interpretes
3029 5377 3252 5434 minime
3295 5377 3570 5436 exstitisse
3611 5381 3808 5439 creda-

2197 5478 2337 5520 mus.
2380 5464 2487 5520 Setl
2533 5465 2601 5523 de
2631 5466 2734 5523 ltoc
2758 5469 2907 5524 alibi.
2941 5470 3022 5527 Ne
3062 5482 3242 5528 autem
3263 5474 3506 5544 amplius
3553 5476 3713 5532 alicui
3738 5493 3809 5533 ea

2196 5556 2448 5627 cogitatio
2494 5559 2674 5614 veniat
2720 5561 2770 5615 in
2809 5575 3045 5620 mentem
3076 5570 3224 5634 (post
3252 5575 3332 5622 tot
3376 5567 3807 5628 litteratissimos

2196 5649 2466 5718 homines,
2489 5655 2579 5723 qui
2604 5654 2671 5710 de
2694 5654 2923 5713 Vindob.
2953 5659 3100 5727 cod.,
3131 5661 3354 5735 ejusque
3381 5662 3515 5718 Itala
3544 5669 3804 5726 versione

2191 5744 2326 5799 mihi
2357 5746 2715 5819 scripserunt)
2752 5750 2926 5820 ipsum
2953 5756 3231 5825 exemplar
3275 5760 3493 5813 incerta:
3521 5761 3803 5819 versionis

2189 5850 2334 5905 esse,
2366 5847 2422 5894 et
2447 5837 2642 5898 frustra
2671 5858 2758 5900 me
2784 5843 2913 5903 illud
2943 5845 3234 5919 edendum,
3267 5858 3317 5908 te
3349 5851 3634 5922 collatore,
3672 5871 3800 5913 sus-
