3968 6332
183 309 272 363 113
847 305 1180 365 EPISTOLA
1223 305 1589 364 BLANCHINI
1630 307 1722 364 AD
1765 305 2148 365 EPISCOPUM
2187 307 2634 366 GURCENSEM.
3325 313 3428 370 111

176 425 376 495 cepisse;
421 420 658 476 omnibus
690 420 966 477 industriae
999 437 1133 478 mea:
1162 423 1298 478 ratio
1334 430 1611 493 comperta
1639 422 1712 478 sit
1737 425 1788 485 Α
1816 421 1993 479 Graec.
2025 425 2113 478 ini
2153 429 2244 484 τὴν
2285 421 2516 498 stipam;
2551 423 2694 496 quod
2727 426 2948 497 proprie
2975 440 3231 497 sponsam
3261 428 3428 498 signi-

173 539 226 580 ex
267 519 586 588 consequenti
641 519 879 574 locorum
941 521 1317 591 parallelorum
1372 519 1710 590 prolatione:
1824 515 1972 572 fleat.

171 633 266 687 qua:
290 617 411 679 loca,
445 614 530 686 qui
555 618 812 668 attentius
837 615 1206 685 perpenderit,
1243 629 1364 669 cum
1405 623 1523 670 tuos
1567 615 1717 670 labo-
1889 608 2022 665 Luc.
2053 625 2172 679 cap.
2206 627 2357 677 xvut,
2385 612 2438 666 7.
2471 611 2870 681 Vindobonen.,
2897 613 3229 683 Vercellen.,
3258 615 3436 670 Vero.

169 726 239 767 res
260 709 428 763 merita
452 707 733 764 cumulabit
760 709 1090 779 gloria,tttm
1123 723 1256 764 mea:
1278 709 1522 772 editioni,
1552 723 1712 777 quam
1817 714 1944 755 nen.
1988 703 2287 771 patientiam
2331 703 2540 757 habens.
2587 703 2644 758 lu
2693 703 2959 760 hodierno
2995 707 3186 762 codice
3231 708 3426 764 Graeco

169 801 328 856 mereri
373 800 552 870 possit,
597 799 809 854 tandem
862 799 1000 855 tituli
1049 816 1152 854 non
1212 799 1492 854 invidebit.
1549 798 1714 853 Multa

1851 802 1901 848 st
1927 835 1944 862 ,
1977 799 2062 850 καὶ
2085 799 2421 874 μακροθυμῶν
2449 797 2525 851 ἐπ’
2549 797 2750 862 αὐτοῖς,
2797 805 2844 850 et
2893 799 3188 869 patientiam
3207 799 3416 856 habens.

167 892 423 962 quidemet
466 890 690 946 maxima
739 891 913 947 debeo
957 893 1037 947 Cl.
1090 892 1150 946 V.
1188 891 1404 947 Nicolao
1454 890 1714 946 Furiosire

1856 889 1954 942 llim
1987 888 2197 957 legi-bat
2223 892 2490 960 interpres
2523 889 2768 958 Latinus,
2797 894 3423 970 μακροθυμήσει,ραιὶειι-

166 984 274 1053 Aug.
303 983 626 1038 bibliotheca:
648 983 857 1038 custodi
887 985 1274 1054 primario,qui
1306 982 1713 1054 incomparabili
1821 983 1943 1036 tiam
1976 983 2179 1037 habebit
2212 985 2262 1036 in
2294 984 2420 1038 illis.

164 1075 397 1145 diligentia
425 1072 642 1128 Latinos
673 1091 780 1130 non
810 1076 986 1130 solum
1017 1075 1234 1131 codices
1264 1090 1450 1131 sacros
1477 1091 1542 1131 ex
1587 1075 1711 1129 Vin-
1885 1077 2017 1133 Luc.
2064 1093 2183 1147 cap.
2239 1095 2329 1143 xx,
2362 1080 2450 1134 55.
2487 1079 2858 1135 Vindobonen.
2908 1089 2962 1134 et
2997 1080 3284 1137 Corbeien.
3336 1098 3428 1137 ne-

162 1165 419 1221 dobonensi
441 1165 692 1221 thesauro
718 1166 953 1238 collegit,
994 1168 1361 1238 collectosque
1393 1168 1444 1222 in
1478 1167 1708 1223 indicem
1813 1186 1910 1241 que
1950 1173 2144 1225 ducunt
2188 1187 2409 1234 uxores,
2464 1171 2704 1226 Brixian.
2757 1189 2916 1244 neque
2963 1190 3149 1229 uxores
3205 1176 3424 1232 ducunt.

160 1260 312 1316 ordine
337 1275 430 1314 suo
453 1259 750 1326 distribuit,
777 1271 940 1333 atque
966 1261 1031 1316 ad
1070 1278 1154 1317 nte
1187 1262 1364 1330 misit;
1406 1262 1502 1319 scd
1545 1277 1707 1318 evan-
1814 1263 2039 1330 Quidam
2092 1265 2254 1319 etiam
2303 1280 2434 1318 mss.
2489 1265 2599 1320 div.
2645 1265 2787 1321 Bibl.
2833 1265 2889 1322 8.
2945 1266 3167 1322 Hieron.
3217 1268 3424 1324 habent

157 1354 394 1424 geliarium
431 1354 619 1420 etiam,
665 1354 732 1411 de
761 1371 869 1426 quo
898 1357 1189 1427 loquimur,
1234 1358 1516 1428 explicuit,
1547 1368 1711 1430 atque
1807 1354 1965 1426 juxta
1997 1355 2242 1412 Graecum
2262 1399 2276 1423 ,
2307 1374 2465 1426 neque
2493 1357 2684 1412 ducunt
2710 1375 2920 1412 uxores.

157 1445 641 1516 descripsit;critico
680 1446 901 1518 insuper
939 1459 992 1504 et
1020 1450 1279 1505 historico
1311 1450 1525 1521 adjecto
1562 1450 1708 1520 judi-
1885 1447 2050 1502 Marc.
2098 1462 2214 1517 cap.
2271 1464 2349 1514 ιι,
2407 1449 2494 1503 19.
2551 1447 2965 1518 Vindobonen.,
3012 1449 3322 1507 Vercellen.
3364 1461 3420 1508 et

156 1539 236 1592 cio.
281 1539 477 1594 Utinam
536 1548 684 1595 totus
729 1541 820 1597 ille
859 1543 1054 1610 codex,
1105 1543 1258 1612 cujus
1297 1559 1398 1614 ego
1439 1544 1710 1600 variantes
1813 1539 2059 1595 Brixiau.
2094 1539 2224 1595 Filii
2249 1543 2448 1610 sponsi.
2481 1541 2703 1597 Graecus
2741 1551 2942 1610 textus,
2986 1550 3077 1599 τοῦ
3134 1553 3418 1618 νυμφῶνος.

157 1631 371 1687 lectiones
417 1633 633 1704 evulgo,
688 1649 719 1688 a
763 1645 836 1702 te,
885 1635 1285 1706 sapientissime
1339 1635 1558 1714 prmsul,
1610 1636 1710 1692 ali-
1811 1633 1883 1688 Et
1908 1635 1978 1688 ita
2012 1633 2240 1690 habetur
2270 1633 2459 1690 Matth.
2496 1651 2615 1706 cap.
2647 1651 2722 1701 ιχ,
2747 1652 2799 1691 v.
2835 1637 2925 1702 l5,
2953 1647 3008 1692 et
3031 1637 3161 1692 Luc.
3193 1652 3313 1709 cap.
3366 1655 3419 1706 v,

154 1725 331 1794 quando
355 1725 402 1780 in
437 1727 612 1782 lucem
645 1727 857 1783 edatur.
903 1727 1051 1800 Opus
1080 1744 1210 1784 sane
1255 1727 1703 1799 incomparabile,
1813 1741 1865 1780 v.
1891 1725 1983 1780 54.

153 1830 194 1874 ct
233 1822 611 1878 immortalitate
652 1823 909 1894 dignum;
954 1825 1047 1879 sed
1097 1825 1371 1879 hominum
1400 1824 1698 1891 dumtaxat,
1730 1806 1778 1866 Β
1881 1817 2043 1872 Marc.
2095 1833 2214 1890 cap.
2271 1835 2383 1886 vit,
2461 1821 2514 1875 5.
2580 1819 2957 1876 Vindoboneu.
3019 1831 3073 1876 et
3127 1819 3419 1877 Corbeien.

152 1914 217 1982 qui
244 1914 442 1968 multum
493 1917 892 1986 progressionis
914 1916 1150 1976 fecerint
1179 1916 1232 1971 in
1284 1916 1516 1972 lectione
1563 1915 1706 1970 Lati-
1812 1910 2031 1978 habent,
2057 1912 2156 1966 nisi
2182 1913 2380 1984 pugillo
2411 1914 2646 1968 laverint.
2691 1914 2912 1969 Graecus
2942 1929 3059 1985 pro,
3114 1915 3213 1971 nisi
3244 1917 3419 1972 crebro

154 2021 303 2060 uorum
322 2005 534 2062 Patrum
575 2008 996 2077 primitivorum,
1032 2011 1138 2064 imo
1169 2017 1384 2065 aetatem
1412 2024 1705 2078 consump-

1848 2007 2022 2060 tverinl
2041 2024 2244 2074 manus,
2264 2007 2386 2072 fert,
2410 2009 2517 2064 Ἐὰν
2539 2015 2609 2082 μὴ
2627 2020 2806 2086 πυγμῇ
2822 2011 3072 2084 νίψωνται
3091 2015 3186 2073 τὰς
3205 2019 3415 2090 χεῖρας,

151 2103 301 2168 serint,
337 2103 582 2158 manibus
601 2105 1072 2160 contrectandum.
1095 2104 1172 2158 En
1203 2103 1400 2159 indolis
1433 2102 1705 2158 Vindobo-
1809 2102 1898 2154 οὐκ
1947 2102 2202 2167 ἐσθίουσι,
2238 2101 2289 2155 id
2313 2113 2413 2164 eSI,
2447 2103 2546 2155 nisi
2571 2103 2825 2174 pugillum
2855 2103 3090 2158 laverint.

152 2193 294 2247 nensis
318 2195 512 2250 codicis
543 2196 854 2250 testimonia
882 2195 1133 2251 clariora.
1883 2193 2048 2249 Marc.
2090 2209 2211 2264 cap.
2247 2212 2275 2249 κ
2311 2237 2326 2263 ,
2365 2196 2456 2254 40,
2487 2195 2543 2250 1η
2586 2196 2966 2251 Viudohonen.
3003 2239 3017 2264 ,
3054 2196 3359 2252 Vercellen.
3395 2239 3411 2265 ,

202 2286 334 2342 Marc.
377 2303 497 2357 cap.
535 2304 657 2352 vut,
717 2288 808 2344 10.
871 2289 1276 2356 Vindobunen.,
1324 2288 1595 2344 Vcronen.
1653 2295 1707 2342 et
1809 2285 2096 2340 Corbeien.
2124 2294 2178 2340 et
2207 2285 2477 2343 Veronen.
2508 2287 2778 2353 deestna
2833 2288 2992 2341 vobis.
3047 2288 3109 2342 Et
3139 2289 3208 2343 ita
3240 2330 3254 2353 ,
3287 2288 3417 2344 illttd

150 2392 189 2434 et
209 2380 462 2438 COrbeicu.
496 2383 800 2454 Magedam.
835 2382 1065 2454 Vulgata
1097 2383 1154 2441 8.
1186 2384 1349 2439 Marci
1382 2384 1470 2438 hic
1498 2391 1702 2449 narrat,
1808 2379 1964 2441 vobis,
1999 2377 2152 2434 abest
2177 2393 2206 2432 a
2239 2379 2398 2450 Syro,
2423 2389 2479 2434 et
2503 2395 2530 2432 a
2554 2379 2832 2435 codicibus
2860 2379 3084 2436 Graecis.

149 2470 370 2529 Christum
403 2490 495 2543 per
527 2491 680 2531 mare
719 2475 1020 2532 Tiberiadis
1075 2479 1356 2548 navigasse
1416 2475 1708 2531 Dalmanu-
1882 2469 2013 2525 Luc.
2044 2484 2165 2541 cap.
2198 2484 2308 2538 xit,
2339 2472 2429 2528 58.
2478 2471 2781 2528 Vindobon.
2813 2473 2874 2528 Si
2901 2474 3089 2529 venerit
3120 2475 3411 2545 vespertina

147 2566 276 2618 tltam.
305 2565 357 2622 S.
382 2567 674 2623 Matthaeus
699 2585 830 2624 vero
861 2583 981 2639 cap.
1013 2584 1106 2634 xv,
1135 2568 1224 2634 59,
1261 2579 1314 2624 et
1342 2569 1495 2639 plura
1517 2569 1702 2624 Latina
1810 2566 1938 2619 liora
1967 2566 2164 2636 vigilia,
2194 2566 2420 2630 Veron.,
2455 2567 2742 2623 Corbeien.
2774 2577 2830 2623 et
2857 2568 2985 2623 Mm.
3020 2571 3063 2622 si
3086 2569 3277 2623 venerit
3303 2585 3411 2622 ves-

147 2658 188 2711 S.
229 2658 370 2714 Marci
418 2677 561 2715 mss.
605 2660 806 2718 habent
851 2662 1067 2718 venisse
1112 2661 1393 2733 Magedan.
1443 2662 1703 2734 Syriacus
1808 2659 2008 2729 pertina
2034 2659 2230 2730 vigilia.
2266 2657 2474 2713 Vetusti
2498 2659 2717 2714 codices
2752 2660 2997 2715 nonnulli
3022 2661 3162 2731 apud
3185 2659 3410 2715 Milliqu

147 2764 332 2820 quoque,
355 2768 414 2808 ac
443 2753 737 2821 Arabicus,
771 2762 825 2808 et
855 2755 1042 2810 Graeca
1074 2753 1320 2825 quaedam
1340 2755 1701 2811 vetustissima
1810 2751 1898 2806 hic
1931 2752 2107 2807 ferunt
2130 2793 2144 2817 ,
2175 2751 2442 2828 Ἐσπερινῇ
2474 2753 2667 2826 φυλακῇ
2698 2793 2711 2816 ,
2745 2752 2850 2808 hoc
2879 2763 2959 2807 est
2983 2793 2998 2820 ,
3027 2755 3310 2822 vespertina
3339 2754 3416 2806 vi-

147 2846 421 2915 cxcmplaria
452 2849 671 2919 legunt,
706 2847 990 2920 Magedan.
1807 2845 1966 2916 gilia,
2005 2859 2138 2915 pro,
2180 2845 2406 2900 secunda
2454 2846 2654 2916 vigilia.
2695 2845 2762 2900 Et
2788 2845 2863 2900 ita
2911 2847 3124 2917 legebat
3149 2845 3410 2912 Marcion,

197 2936 307 2994 Luc.
331 2955 443 3012 cap.
474 2957 580 3007 xu,
605 2941 695 2998 55.
723 2942 927 2997 Desunt
951 2942 1134 3006 verba,
1160 2943 1214 2995 in
1240 2941 1476 2998 manibus
1501 2943 1704 3009 vestris,
1810 2947 1950 2994 teste
1981 2938 2301 3008 Epiphanio.

145 3028 586 3100 iuViudobonen.,
619 3033 947 3100 Vercellen.,
977 3034 1099 3089 Gai.
1130 3043 1186 3090 et
1207 3034 1441 3089 Brixiau.
1466 3045 1519 3090 et
1550 3035 1620 3090 ita
1651 3035 1703 3090 in
1880 3032 2011 3088 Luc.
2043 3047 2163 3102 cap.
2201 3049 2279 3099 ιιι,
2311 3033 2398 3088 15.
2431 3032 2810 3089 Viudoboneu.
2839 3074 2856 3100 ,
2894 3033 3167 3090 Veronen.
3195 3043 3248 3087 et
3271 3032 3408 3088 Cor-

144 3121 291 3180 Grarco
319 3138 478 3194 textu,
525 3128 580 3184 in
609 3128 844 3198 antiquis
871 3127 1296 3184 Corbeiensibus
1329 3127 1540 3195 Bibliis,
1569 3135 1625 3184 et
1649 3129 1700 3184 in
1747 3196 1773 3199 ὰ
1810 3128 2016 3195 beieu.,
2041 3131 2225 3183 bonum
2260 3128 2457 3182 datum.
2507 3138 2561 3184 et
2606 3127 2844 3184 ita‘cod.
2889 3126 3292 3199 Cantabrigien.
3347 3127 3406 3184 S.

143 3221 408 3287 quihusdam
473 3223 606 3277 aliis
649 3196 853 3278 Latinis
886 3236 1017 3277 mss.
1077 3222 1126 3274 in
1169 3221 1228 3277 S.
1281 3221 1470 3276 frenari
1512 3221 1603 3277 lib.
1650 3238 1702 3276 tv
1730 3196 1776 3260 (ἶ
1809 3223 2126 3278 Ambrosius
2173 3224 2230 3279 in
2261 3223 2354 3278 lib.
2402 3239 2419 3278 ι
2490 3222 2560 3278 de
2584 3222 2726 3293 Spir.
2787 3224 2972 3278 Sanct.
3015 3196 3237 3292 cap._5,
3283 3236 3406 3292 pag.

142 3322 288 3368 contra
316 3315 555 3372 haereses
583 3324 716 3372 tom.
745 3333 783 3384 ι,
821 3331 942 3386 pag.
975 3314 1103 3379 278;
1134 3315 1186 3370 itt
1219 3315 1276 3371 S.
1310 3315 1566 3387 Cypriani
1607 3315 1698 3371 lib.
1804 3317 1932 3384 614,
1965 3325 2021 3372 et
2040 3317 2282 3372 nonnulli
2309 3316 2525 3372 codices
2558 3317 2831 3387 Evangelii
2857 3318 3153 3372 secundum
3177 3317 3404 3384 Lucam,

142 3403 190 3458 dc
211 3404 396 3463 Uuitate
428 3407 700 3464 Ecclesiae
722 3407 1035 3472 Catholicae,
1070 3422 1190 3478 pag.
1217 3406 1324 3462 260
1349 3417 1402 3463 et
1427 3406 1557 3463 266.
1805 3421 1864 3467 ut
1886 3412 2053 3467 refert
2090 3411 2229 3467 idem
2255 3411 2311 3467 S.
2355 3410 2678 3466 Ambrosius
2711 3411 2762 3465 in
2803 3410 2946 3466 dicto
2989 3413 3106 3467 loco
3141 3453 3154 3477 ,
3193 3421 3246 3466 et
3275 3411 3403 3466 Mm.

193 3498 330 3556 Marc.
357 3516 474 3572 cap.
539 3517 658 3566 vut,
702 3502 790 3557 15.
823 3501 1258 3556 Vindubonensis
1288 3518 1406 3572 pro,
1451 3501 1700 3569 Herodis,
1807 3505 2064 3576 Spiritum
2083 3503 2272 3558 bonum
2301 3504 2498 3558 datum.
2554 3502 2793 3558 Brixian.
2826 3503 3082 3573 Spiritum
3127 3502 3401 3568 Sanctum,

140 3588 285 3659 habet,
324 3592 766 3649 Herodianorum.
820 3594 990 3649 Grtnci
1044 3594 1259 3650 codices
1310 3595 1578 3660 nonnulli,
1625 3595 1704 3649 vi-
1805 3598 1952 3652 etita
1987 3597 2165 3653 versio
2186 3596 2421 3652 Persica.
2480 3596 2738 3668 Didymus
2768 3639 2784 3664 ,
2818 3605 2874 3652 et
2917 3597 3094 3652 versio
3135 3596 3354 3667 Syriaca
3384 3638 3400 3662 ,

139 3680 265 3738 dendi
305 3687 437 3753 apud
484 3673 716 3742 Militum
759 3685 845 3740 ltic
884 3701 1004 3756 pro,
1053 3688 1300 3758 fermento
1335 3685 1579 3752 Herodis,
1630 3687 1704 3741 fe-
1805 3688 2063 3761 Spiritum
2108 3689 2412 3744 sanctitatis.
2443 3686 2753 3759 Ethiopica
2804 3703 2933 3743 vero
2959 3687 3117 3744 habet
3145 3729 3160 3755 ,
3219 3687 3407 3742 bonum

139 3788 249 3843 ruut,
295 3784 381 3838 Καὶ
406 3791 505 3844 τῆς
541 3779 704 3854 ζύμης
747 3778 1083 3858 Ἠρωδιανῶν,
1124 3779 1224 3834 huc
1252 3788 1356 3843 est,
1401 3783 1703 3849 fermentum

892 3778 1083 3845 ἲιανῶν,
1124 3779 1224 3834 huc
1252 3788 1356 3843 est,
1401 3783 1703 3849 fermentum
1805 3781 1988 3835 datum
2013 3781 2240 3852 Spiritus
2260 3780 2459 3836 Sancti.

143 3866 549 3938 llerodianorum;
576 3889 753 3944 neque
783 3871 1171 3942 spernendum.
1879 3876 2008 3931 Luc.
2035 3892 2153 3946 cap.
2178 3891 2252 3940 ιι,
2285 3875 2379 3930 50.
2417 3873 2792 3929 Vindobonen.
2846 3884 2899 3928 et
2921 3873 3194 3929 Veronen.
3247 3889 3408 3942 usque

188 3963 323 4033 Luc.,
366 3983 488 4040 cap.
541 3967 722 4034 x,15.
760 3965 1139 4021 Viudobuneu.
1182 3974 1238 4020 et
1277 3964 1550 4021 Vcroueu.
1579 3966 1704 4037 quid
1805 3971 1874 4025 ad
1894 3970 2272 4042 generationem
2322 3970 2496 4022 istaut.
2542 3976 2595 4022 et
2653 3968 2724 4020 ita
2773 3966 2988 4022 Lucifer
3041 3965 3401 4022 Calaritanus.

136 4071 259 4125 usque
296 4061 348 4114 in
389 4061 604 4125 caelum,
648 4059 885 4114 Brixian.
917 4074 1030 4129 qua:
1084 4075 1240 4128 usque
1290 4059 1344 4112 in
1396 4058 1597 4112 caelum.
1643 4059 1700 4114 ln
1806 4062 2111 4118 Vercelleu.
2143 4077 2298 4132 usque
2325 4062 2376 4114 in
2404 4070 2552 4134 gente
2579 4059 2695 4113 hac.

133 4146 288 4206 Greco
310 4153 499 4209 codice
534 4151 798 4208 hodierno
827 4150 1110 4205 Maltinuus
1140 4163 1192 4205 et
1237 4151 1409 4206 Lucas
1465 4169 1569 4205 non
1603 4151 1704 4206 dif-
1878 4155 2008 4210 Luc.
2035 4170 2154 4226 cap.
2186 4170 2336 4221 xvtu,
2380 4154 2468 4208 11.
2497 4152 2902 4218 Vindoboneu.,
2937 4153 3210 4209 Veronen.
3237 4193 3254 4219 ,
3285 4152 3407 4208 Bri-

135 4242 280 4301 fcrunt
308 4267 320 4301 :
361 4250 529 4320 igitur
557 4247 805 4317 \ngatus
839 4247 1106 4315 interpres
1155 4247 1206 4300 iu
1240 4247 1429 4301 Graeca
1464 4247 1704 4302 Mzttthtei
1807 4251 1976 4315 xian.,
2001 4248 2294 4305 Corbeien.
2335 4258 2389 4303 et
2411 4247 2533 4306 Gai.
2567 4248 2749 4319 magis.
2775 4263 2929 4314 quant
2955 4247 3042 4301 ille
3083 4246 3403 4312 Pharistcus;

131 4341 348 4396 versione
392 4341 631 4412 legebat,
681 4345 750 4411 μή
781 4340 874 4400 ἕως
905 4341 1141 4416 οὐρανοῦ,
1170 4339 1420 4407 numquid
1463 4355 1623 4408 usque
1650 4341 1704 4393 in
1807 4353 1862 4397 et
1894 4344 1964 4396 ita
1995 4343 2174 4397 versio
2199 4341 2322 4410 Syr.
2357 4348 2414 4396 et
2461 4340 2520 4395 8.
2555 4339 2859 4410 Cyprianus
2913 4339 2964 4392 iu
2994 4339 3086 4393 lib.
3140 4338 3209 4394 de
3253 4337 3404 4392 Orat.

131 4433 297 4497 (trium,
329 4434 610 4505 quomodo
655 4449 714 4490 se
765 4435 817 4488 in
875 4433 1108 4503 quodam
1155 4432 1455 4503 exemplari
1509 4433 1703 4504 legisse
1808 4435 2024 4490 Domin.
2058 4450 2180 4505 pag.
2214 4433 2443 4489 265:8.
2479 4431 2732 4488 Ambros.
2781 4446 2994 4502 quoque
3038 4431 3091 4486 in
3119 4430 3212 4485 lib.
3276 4446 3293 4484 ι
3341 4430 3410 4485 de

131 4534 324 4588 testatur
356 4530 520 4585 [ιι-ιιι.
635 4592 640 4598 ,
1728 4597 1759 4598 ί
1808 4527 1940 4582 Cain
1969 4538 2023 4582 et
2050 4526 2206 4590 Abel,
2241 4541 2362 4597 cap.
2387 4543 2463 4592 ιιι,
2495 4541 2615 4596 pag.
2650 4523 2777 4592 199,
2801 4525 2991 4595 magis,
3024 4540 3181 4595 quam
3211 4522 3407 4576 Phari-

189 4618 299 4675 Luc.
332 4638 452 4694 cap.
505 4638 601 4687 sit,
648 4622 702 4676 8.
740 4619 1138 4686 Vindobouett.,
1171 4620 1457 4676 Corbeien.
1488 4627 1542 4676 et
1570 4619 1695 4674 Mm.
1726 4597 1781 4657 Ῑ)
1806 4637 1960 4676 smus.
1992 4619 2119 4675 Mm.
2160 4621 2324 4692 magis
2351 4619 2412 4672 ab
2439 4620 2551 4673 illo.

130 4716 419 4783 conﬁtebitur
448 4719 502 4770 in
533 4717 647 4780 illo,
677 4727 729 4770 et
761 4717 853 4781 ita,
882 4716 1032 4785 juxta
1072 4716 1250 4772 Graec.
1275 4717 1334 4770 S.
1367 4717 1700 4786 Augustinus
1879 4716 2042 4771 Marc.
2068 4730 2190 4785 cap.
2221 4731 2292 4780 Vl,
2315 4715 2369 4768 5.
2399 4713 2774 4770 \‘iudoboncn.
2795 4755 2808 4775 ,
2841 4711 3147 4768 Vercellen.
3183 4754 3197 4778 ,
3231 4711 3402 4765 Vero-

133 4805 172 4856 in
195 4807 411 4876 Speculo
439 4809 511 4864 de
550 4809 844 4879 Evangelio
873 4807 1170 4863 secundum
1205 4807 1405 4862 Lucam
1454 4819 1584 4862 tom.
1619 4823 1697 4874 ιιι,
1806 4827 1956 4876 nctt.,
1987 4810 2111 4866 Gat.
2139 4818 2188 4865 et
2234 4809 2358 4864 Mm.
2399 4807 2587 4863 Nonne.
2615 4809 2697 4864 hic
2727 4807 2899 4880 (Gat.,
2942 4806 3092 4865 Mm..
3123 4815 3178 4860 et
3203 4805 3408 4860 Vindo-

130 4908 244 4965 rart.
285 4919 323 4968 ι,
357 4920 481 4973 pag.
506 4905 632 4969 770,
662 4915 718 4958 ct
744 4904 802 4958 itt
824 4903 1084 4960 Sermone
1112 4905 1198 4966 71,
1228 4904 1294 4958 de
1325 4902 1502 4959 verbis
1526 4903 1704 4959 Evan—
1806 4904 2008 4959 bonen.
2042 4902 2156 4972 iste)
2185 4910 2260 4955 est
2293 4900 2428 4971 fabri
2460 4900 2598 4968 filius
2624 4903 2646 4952 ’ἐ
2676 4898 2849 4954 Graeci
2889 4898 3107 4953 codices
3157 4897 3404 4951 nonnulli

131 4993 231 5056 gelii
253 4994 436 5050 Matth.
470 4997 562 5062 12,
597 5007 725 5052 tom.
754 5013 807 5061 v,
839 5008 976 5065 part.
1012 5012 1049 5062 l,
1086 5012 1136 5066 p.
1169 4995 1301 5052 401.

1838 4996 2033 5060 tabent,
2066 4998 2182 5068 Οὐχ
2208 4991 2358 5057 οὗτὸς
2379 4997 2493 5052 ἐστι
2519 5000 2612 5051 τοῦ
2633 4997 2884 5055 τέκτονος.
2933 4993 3008 5046 Ita
3050 4991 3208 5046 codd.
3239 4992 3405 5060 aliqui

189 5087 307 5144 Luc.
346 5104 470 5161 cap.
524 5106 620 5155 xu,
650 5091 738 5146 45.
773 5089 1146 5145 Viudobunen.
1178 5100 1231 5144 et
1280 5089 1550 5145 Veronen.
1596 5088 1706 5144 Do-
1809 5100 2044 5156 veteres,
2074 5098 2211 5145 teste
2242 5089 2490 5156 Erasmo,
2520 5088 2675 5144 Culb.
2709 5089 2762 5153 8,
2802 5086 2974 5142 Paris.
3007 5086 3060 5154 6,
3090 5086 3254 5142 Arab.
3307 5085 3404 5141 ΑΞ-

135 5179 274 5234 utinus
301 5186 435 5254 ejus.
464 5183 694 5250 Quidam
743 5197 874 5237 mss.
915 5183 1034 5237 libri
1076 5183 1193 5237 Div.
1239 5183 1377 5239 Bibl.
1413 5183 1471 5239 S.
1518 5182 1708 5238 Ilieru-
1811 5183 2009 5252 thiop.,
2043 5191 2150 5236 etc.
2174 5197 2297 5253 qua:
2318 5182 2478 5238 verba
2512 5180 2664 5236 reddi
2695 5188 2920 5248 possunt
2949 5179 3142 5235 Latine
3165 5222 3182 5248 ,
3219 5179 3406 5236 Nonne

138 5275 281 5340 nymi,
302 5274 456 5343 juxta
487 5275 751 5339 Cra-cum,
779 5277 996 5341 habent,
1035 5275 1279 5329 Dominus
1307 5293 1449 5330 suus.
1810 5275 1894 5331 hic
1919 5285 1989 5331 est
2015 5276 2155 5345 ﬁlius
2179 5275 2333 5346 fabri,
2361 5275 2447 5330 vel
2484 5272 2744 5328 artificis?
2771 5271 2962 5329 Graeca
3004 5273 3147 5328 enim
3180 5287 3279 5328 vox
3312 5289 3408 5342 ge-

194 5363 311 5420 Luc.
356 5362 478 5438 cap.
517 5384 610 5431 xu,
661 5368 754 5424 45.
792 5367 1188 5428 Vittdobuneu.,
1222 5368 1518 5437 Veronen.,
1574 5369 1707 5427 Cor-
1813 5371 1994 5426 nerica
2019 5377 2136 5435 est,
2193 5378 2248 5424 et
2271 5367 2547 5439 quodlibet
2602 5365 2866 5420 artificum
2895 5380 3066 5436 genus
3117 5364 3406 5435 significat.

137 5455 312 5528 beieu.,
343 5461 470 5518 Gat.
502 5472 556 5517 et
596 5463 720 5516 Mitt.
757 5478 874 5530 pro,
905 5478 1094 5525 servos,
1147 5462 1364 5526 habent,
1413 5479 1619 5534 pueros,
1651 5471 1709 5520 et
1812 5463 1998 5520 Certat
2025 5463 2286 5534 Origenes
2314 5461 2408 5516 lib.
2435 5465 2701 5513 vtcontra
2730 5456 2978 5523 Celsum,
3024 5458 3174 5513 nullo
3228 5457 3408 5512 Evan-

137 5548 217 5614 ita,
237 5554 455 5621 propius
488 5555 676 5611 Graeco
706 5556 893 5620 verbo,
925 5555 1119 5609 habent
1143 5553 1362 5624 quidam
1381 5570 1510 5609 mss.
1543 5555 1702 5630 codd.
1814 5559 2078 5628 geliorum
2110 5558 2229 5612 loco
2259 5555 2465 5617 doceri,
2495 5563 2662 5608 artem
2679 5543 2848 5607 ullam
2867 5552 3176 5608 exercuisse
3196 5552 3406 5619 losum,

145 5640 247 5698 Div.
272 5646 525 5702 Biblioth.
559 5648 619 5704 S.
653 5649 984 5720 llicrunytui.
1816 5667 2140 5723 quamquam
2203 5649 2472 5720 Joscphus
2526 5648 2674 5703 faber
2715 5648 2841 5713 fuit;
2888 5647 3074 5704 dicens
3099 5689 3113 5712 ,
3170 5647 3409 5720 οὐδαμοῦ

203 5736 322 5794 Luc.
369 5757 488 5811 cap.
524 5759 616 5805 xu,
655 5743 742 5796 55.
778 5741 1080 5796 Vindobou.
1110 5751 1157 5794 ct
1196 5741 1391 5796 Veron.
1435 5759 1610 5797 socrus
1654 5745 1708 5798 in

1843 5754 1918 5799 ’ὧν
1950 5748 1999 5800 ἐν
2027 5752 2144 5805 ταῖς
2196 5744 2488 5806 ἐκκλησίαις
2537 5744 2820 5817 φερομένων
2856 5742 3164 5814 Ebur/s3.in
3220 5743 3410 5796 τέκτων

149 5843 386 5900 sponsam,
417 5845 520 5890 etc.
548 5836 705 5890 Cant.
729 5835 902 5891 Graec.
935 5833 1411 5912 διαμερισθήσονται
1450 5837 1552 5891 hic.
1584 5836 1706 5891 cod.

1844 5841 1977 5897 εὖτὸς
2009 5838 2034 5892 ὁ
2061 5837 2250 5898 Ἰησοῦς
2273 5840 2678 5913 ἀναγέγραπται.
2714 5837 2964 5905 Plerique
2994 5847 3168 5892 lumen
3198 5833 3411 5889 codices
