3968 6332
537 284 639 343 115

1923 276 2461 335 pnomaonens.
2938 348 2945 355 ,
3709 285 3788 342 no

540 417 704 458 manu
733 399 963 466 exarati,
992 409 1288 467 «niuesque
1338 395 1479 468 typis
1524 395 1730 465 vulgati
1758 432 1774 460 ,
1828 395 2014 449 Patres
2038 434 2053 460 ,
2080 400 2136 449 et
2159 395 2215 456 Α
2239 393 2681 449 circumstantibus
2729 409 2970 459 mecum,
3007 392 3296 449 Corbeien.
3351 404 3467 449 sunt
3502 395 3692 466 quidam
3727 402 3792 455 tu;

534 497 884 565 interpretes,
912 508 1016 546 uno
1042 505 1268 545 assensu
1299 531 1314 555 ,
1356 487 1542 544 Jesum
1575 487 1738 543 fuisse
1780 487 1988 542 fabrum
2030 486 2134 541 do-

538 599 685 645 cent.
728 585 1007 643 Matthazus
1034 596 1156 654 cap.
1182 598 1298 651 xm,
1332 582 1425 651 55,
1455 581 1588 639 fert:
1619 580 1809 637 Nonne
1837 582 1919 636 hic
1957 589 2031 636 est
2056 580 2139 648 {a-

545 683 622 737 bri
649 680 830 750 ﬁlius?

616 773 746 828 Luc.
777 786 896 842 cap.
928 784 1025 838 ιιι,
1057 770 1148 826 59.
1178 769 1508 837 Vindobon.,
1566 768 1716 835 GL,
1747 768 1873 824 Mm.
1912 776 1968 824 et
2021 768 2140 824 Brio

540 868 687 924 xian.
720 866 1051 921 novissimum
1073 865 1409 935 quadrantem
1436 865 1644 929 reddas,
1680 864 1947 921 Veronen.
1979 863 2139 919 donec

540 961 693 1016 etiam
720 957 911 1013 reddas
933 958 1262 1012 novissimum
1309 957 1647 1026 quadrantem
1673 998 1688 1024 ,
1719 956 2009 1012 Corbeien.
2048 973 2140 1011 no-

532 1052 806 1106 vissimum
822 1049 1188 1121 quadrantem.
1211 1049 1268 1105 S.
1290 1048 1530 1104 lrenaeus
1560 1048 1614 1103 in
1648 1048 1740 1103 lib.
1762 1057 1989 1103 [contra
2027 1047 2141 1104 H3!-

537 1158 692 1201 reses
714 1152 844 1199 tom.
873 1158 911 1208 I,
937 1157 1059 1213 pag.
1090 1142 1217 1210 104,
1249 1142 1413 1197 donec
1446 1141 1637 1198 reddas
1664 1143 1996 1198 novissimum
2015 1159 2143 1215 qua-

539 1238 799 1292 drantem.

610 1327 744 1383 Luc.
775 1342 895 1397 cap.
924 1342 1019 1382 xm
1043 1368 1058 1392 ,
1090 1326 1146 1383 8.
1182 1325 1560 1384 Vindohonen.
1608 1328 1961 1398 permitte..."
2018 1328 2142 1383 mito

542 1432 648 1476 tam
678 1419 960 1489 cophinum
979 1420 1238 1486 stercoris,
1279 1418 1593 1475 Vercellen.
1613 1428 1670 1475 et
1700 1420 2139 1477 Brixian.........

539 1525 589 1571 ct
624 1515 821 1569 mittam
843 1511 1124 1585 copltimmt
1157 1514 1398 1569 stercoris
1423 1555 1437 1580 ,
1474 1514 1740 1570 Veronen.
1772 1524 1826 1571 et
1848 1515 2138 1573 Corbeien.

538 1608 979 1663 remitte..........
1023 1615 1068 1660 et
1096 1608 1295 1660 mittam
1315 1607 1593 1677 caphinum
1626 1608 1886 1674 stercoris,
1911 1618 1964 1662 et
1987 1608 2057 1662 ita
2080 1608 2140 1665 S.

544 1699 823 1765 Paulinus,
856 1699 914 1754 8.
944 1698 1265 1753 Ambrosius
1287 1699 1341 1752 in
1366 1698 1458 1754 lib.
1492 1713 1566 1765 ιι,
1596 1698 1665 1754 de
1694 1699 1891 1755 Pinnit.
1916 1714 2036 1769 cap.
2070 1700 2096 1756 1
2123 1736 2141 1762 .

2236 489 2675 543 circumstantium
2705 504 2808 542 me.
2850 485 2905 543 S.
2935 484 3192 541 Ambros.
3237 484 3293 540 in
3347 485 3441 541 lib.
3486 502 3544 542 ιιι
3578 488 3642 544 de
3688 489 3793 549 Fide

2239 588 2369 636 ιοιιι.
2399 595 2459 647 ιι,
2490 595 2614 651 cap.
2643 579 2732 645 12,
2757 595 2877 650 pag.
2907 578 3035 646 514,
3067 578 3204 648 quod
3228 586 3345 633 sunt
3385 579 3588 649 quidam
3610 582 3791 638 circum-

2237 672 2501 728 stantium.
3644 672 3650 679 ‘

2310 766 2441 821 Luc.
2474 780 2593 836 cap.
2618 781 2696 835 xl,
2723 764 2779 819 2.
2809 764 3190 821 Vindobonen.
3231 773 3285 820 et
3314 763 3549 820 Brixian.
3590 765 3698 821 Fiat
3720 784 3791 823 υοι

2246 859 2419 914 luntas
2449 858 2782 932 (Vindobon.
2816 860 3128 929 volumptas)
3155 869 3263 924 tua,
3291 859 3421 914 sicut
3456 859 3508 914 in
3536 863 3671 928 caelo,
3692 865 3794 918 etin
3906 886 3907 897 π

2241 958 2398 1016 terra,
2447 951 2752 1008 Vercellen.
2784 950 2907 1007 Fiat
2951 951 3188 1008 voluntas
3224 962 3312 1006 tua
3338 993 3354 1020 ,
3398 952 3653 1009 Veronen.
3696 954 3795 1010 Fiat

2246 1044 2483 1099 voluntas
2510 1054 2599 1099 tua
2621 1046 2677 1100 in
2712 1045 2873 1111 coelo,
2915 1046 3047 1100 etin
3083 1055 3241 1100 terra.
3277 1044 3452 1100 (ἕνεεοί
3492 1047 3795 1117 illlamplures
3877 1030 3880 1035 ἢ

2242 1148 2358 1194 tum
2385 1138 2538 1205 editi,
2565 1149 2675 1195 tum
2720 1155 2879 1194 manu
2929 1140 3178 1205 exarati,
3206 1138 3425 1209 legunt,
3461 1137 3576 1192 Fiat
3600 1141 3798 1195 voluntas

2246 1246 2355 1302 tua,
2386 1237 2517 1290 sicut
2543 1237 2597 1290 in
2623 1236 2750 1290 ctelo
2774 1276 2790 1302 ,
2821 1245 2867 1290 et
2912 1235 2967 1290 in
3008 1243 3165 1291 terra.
3222 1233 3443 1304 Vulgata
3471 1272 3486 1301 ,
3516 1235 3799 1307 plurimique

2245 1327 2465 1383 codices
2487 1327 2706 1397 optima:
2752 1336 2895 1381 nota:
2926 1327 3044 1381 hac
3072 1325 3233 1381 verba
3259 1326 3516 1381 omittunt
3542 1367 3558 1394 ,
3586 1328 3801 1398 quemad-
3906 1346 3907 1351 π

2246 1420 2467 1477 modum
2492 1421 2712 1490 Origen.
2748 1420 2845 1474 lib.
2876 1418 2944 1475 de
2997 1418 3188 1487 Prece,
3212 1435 3317 1491 qua
3363 1419 3435 1476 de
3477 1435 3538 1476 re
3580 1420 3801 1475 videndus

2245 1512 2401 1580 Mill.,
2437 1512 2590 1577 Var.,
2622 1512 2797 1576 Lect.,
2827 1510 2937 1580 hic,
2970 1521 3025 1566 et
3046 1513 3105 1567 S.
3152 1512 3504 1582 Augustinus.
3530 1512 3800 1568 Postremus
3906 1512 3907 1582 ξ

2249 1609 2304 1665 in
2332 1574 2683 1664 Encltiridion
2707 1574 3063 1662 adVLaurcnt.
3093 1620 3215 1676 cap.
3238 1574 3369 1674 116,
3404 1606 3636 1661 advertit
3658 1647 3670 1674 ,
3691 1604 3799 1661 Ora-
3906 1574 3907 1637 Ῑ

2249 1702 2400 1758 tione
2420 1700 2699 1758 Dominica
2727 1700 2869 1771 apud
2896 1700 3097 1756 Lucam
3140 1701 3382 1772 quinque
3427 1700 3691 1756 dumtaxat
3733 1717 3804 1771 pe-

538 1809 663 1865 pag.
695 1794 823 1861 415,
855 1803 911 1848 et
936 1793 990 1847 in
1015 1792 1108 1849 lib.
1142 1808 1161 1846 1
1189 1791 1258 1847 de
1272 1790 1459 1857 Jacob,
1484 1801 1539 1847 et
1557 1791 1679 1847 Vita
1703 1792 1889 1860 Beata,
1922 1807 2043 1864 cap.
2083 1793 2137 1858 1,
2171 1790 2221 1855 Β
2249 1794 2467 1851 titiones
2494 1794 2767 1849 contineri
2795 1812 2809 1857 ;
2842 1804 3052 1864 septem
3082 1810 3213 1850 vero
3242 1794 3384 1865 apud
3410 1794 3719 1850 Mattlncum.

538 1900 661 1958 pag.
687 1887 813 1953 445,
850 1901 1058 1942 necnon
1092 1886 1149 1943 S.
1178 1884 1537 1955 Augustinus.

610 1979 747 2039 Luc.
783 1995 905 2050 cap.
954 1992 1065 2034 xvn
1089 2018 1105 2046 ,
1130 1976 1183 2034 9.
1217 1977 1595 2033 Vindobonen.
1625 1986 1681 2033 et
1710 1976 1985 2033 Veronen.
2029 1992 2144 2049 qua

543 2072 638 2126 sibi
666 2072 919 2142 imperata
938 2081 1078 2135 sunt,
1113 2069 1414 2125 Vercelleu.
1460 2077 1516 2124 et
1554 2069 1797 2125 Brixian.
1853 2085 1970 2140 qua
2009 2086 2145 2141 pra:-

543 2177 687 2235 cepta
713 2174 832 2221 sunt
853 2166 920 2230 el,
942 2164 1230 2222 Corbeien.
1266 2164 1384 2219 sibi.
1417 2171 1475 2219 et
1504 2164 1577 2219 ita
1611 2163 1833 2235 quidam
1863 2178 1993 2220 mss.
2028 2165 2139 2221 div.

540 2261 682 2323 Bibl.
738 2262 796 2316 S.
855 2260 1218 2332 Hieronymi,
1269 2260 1329 2315 8.
1374 2257 1629 2314 Ambros.
1681 2260 1735 2314 in
1788 2250 2036 2329 Exposit.
2089 2261 2145 2315 in

540 2356 735 2427 psalm.
765 2370 950 2422 cxvm,
983 2364 1114 2409 tom.
1140 2369 1181 2423 ι,
1208 2370 1327 2425 pag.
1364 2352 1505 2410 1179
1535 2394 1549 2417 ,
1583 2352 1745 2409 liabet
1768 2393 1781 2420 ,
1820 2352 1958 2419 quod
1984 2354 2147 2423 impec

543 2460 713 2505 ratum
732 2459 807 2505 est
831 2451 900 2504 ei.

619 2546 751 2602 Luc.
782 2560 906 2617 cap.
933 2561 1074 2612 xvn,
1106 2544 1194 2601 18.
1232 2543 1612 2601 Vindobonen.
1676 2556 1778 2599 non
1807 2545 1959 2600 estin
1994 2544 2102 2600 iltis
2130 2584 2147 2612 ,

545 2644 635 2714 qui
664 2642 872 2705 rediret,
894 2651 947 2697 et
975 2642 1174 2713 gratias
1215 2649 1390 2714 ageret
1438 2636 1549 2694 Deo
1578 2682 1592 2707 ,
1628 2638 1930 2696 Vercellen.
1977 2657 2039 2696 ea
2070 2640 2149 2695 his

545 2726 649 2793 non
675 2743 749 2790 est
778 2736 1044 2802 inventus,
1078 2743 1186 2791 etc.
1223 2733 1493 2788 Veronen.
1537 2749 1601 2787 ea:
1642 2730 1749 2786 illis
1794 2748 1896 2787 non
1923 2740 2031 2800 est,
2062 2733 2151 2802 qui

544 2831 757 2897 rediret,
785 2840 831 2885 et
853 2831 1047 2902 gratias
1068 2837 1240 2902 ageret
1269 2827 1375 2882 Deo
1402 2869 1417 2896 ,
1446 2824 1738 2883 Corboien.
1789 2843 1852 2881 ex
1878 2828 1986 2882 illis
2045 2844 2148 2883 non

547 2937 680 2993 erat,
709 2926 797 2996 qui
817 2924 1025 2991 rediret,
1046 2932 1093 2979 et
1123 2924 1318 2995 gratias
1344 2932 1516 2992 ageret
1557 2918 1689 2975 Deo.
1721 2919 1780 2977 S.
1805 2918 2058 2977 Ambros.
2094 2923 2147 2976 in

546 3019 641 3074 lib.
695 3018 801 3074 ide
829 3016 958 3073 Cain
986 3028 1041 3071 et
1069 3016 1201 3072 Abel
1229 3030 1351 3086 cap.
1369 3014 1415 3070 .9
1440 3054 1455 3081 ,
1497 3029 1621 3084 pag.
1676 3014 1800 3080 199,
1834 3028 1936 3068 non
1962 3015 2062 3085 [ait
2089 3030 2152 3068 ea:

546 3113 673 3177 illis,
707 3115 791 3184 qui
815 3112 1022 3176 rediret,
1054 3122 1101 3164 et
1131 3109 1325 3181 gratias
1346 3118 1518 3180 ageret
1536 3106 1672 3162 Deo.

2318 1890 2450 1944 Luc.
2481 1902 2602 1959 cap.
2635 1903 2711 1954 xi,
2738 1887 2792 1942 2.
2830 1887 2885 1942 In
2916 1887 3297 1943 Vindobonen.
3335 1897 3458 1958 post
3479 1929 3495 1956 ,
3530 1886 3803 1955 Pater,ad-

2245 1984 2410 2049 ditur,
2433 1995 2608 2038 sancte
2636 2024 2651 2050 ,
2684 1983 2771 2055 qui
2794 1972 2851 2036 in
2881 1983 3021 2037 ctelis
3049 2000 3102 2037 es
3130 2023 3146 2047 ,
3181 1983 3232 2037 in
3282 1982 3586 2040 Vercellen.
3610 1992 3659 2039 et
3698 1982 3803 2038 Cor-
3906 2010 3907 2015 η

2245 2076 2426 2132 beien.
2451 2084 2647 2142 sancte,
2666 2075 2755 2145 qui
2783 2090 2837 2128 es
2880 2075 2933 2128 in
2950 2075 3108 2141 uelis,
3141 2074 3196 2129 in
3233 2073 3501 2130 Veronen.
3523 2083 3578 2130 et
3605 2074 3802 2129 lirixian.

2246 2178 2439 2236 noster,
2463 2170 2549 2240 qui
2573 2186 2624 2223 es
2651 2169 2706 2223 in
2721 2170 2861 2224 ctelis
2892 2167 2968 2241 (in
2990 2168 3115 2225 Gat.
3139 2166 3353 2240 noster),
3384 2178 3441 2224 et
3470 2169 3540 2224 ita
3569 2170 3619 2224 in
3644 2168 3805 2226 Sancto

2248 2262 2565 2319 Ambrosio.
2596 2261 2654 2316 In
2683 2262 2810 2317 Mm.
2842 2272 3039 2316 sancte.
3071 2261 3249 2317 Verba
3299 2261 3416 2326 illa,
3450 2271 3642 2327 noster,
3670 2262 3805 2333 quies

2250 2358 2305 2413 in
2325 2356 2484 2423 caelis,
2505 2358 2618 2427 jam
2643 2363 2773 2412 ante
2809 2354 3060 2427 Origenis
3103 2364 3354 2426 tempora
3396 2359 3699 2430 irrepsisse,
3734 2370 3807 2427 ap-
3906 2420 3907 2435 χ

2250 2461 2413 2523 paret
2429 2466 2498 2507 ex
2527 2450 2774 2522 ejusdem
2805 2450 2963 2515 libro,
2993 2454 3115 2529 περὶ
3142 2453 3324 2525 εὐχῆς
3354 2467 3477 2523 pag.
3506 2453 3591 2509 57.
3638 2492 3649 2498 -

2322 2542 2457 2599 Luc.
2491 2557 2612 2613 cap.
2645 2558 2743 2609 xit,
2789 2543 2877 2599 11.
2922 2541 2979 2597 ιιι
3005 2543 3394 2599 Vindobonen.
3427 2586 3443 2609 ,
3492 2543 3762 2600 Vercellen.
3793 2584 3805 2609 ,

2253 2638 2554 2704 Veronam,
2579 2646 2634 2693 et
2659 2635 2949 2692 Corbeicn.
2976 2636 3194 2693 additur
3213 2679 3227 2704 ,
3258 2648 3309 2693 et
3337 2637 3567 2695 Hierico.
3613 2648 3665 2695 et
3688 2638 3747 2694 ita
3767 2638 3805 2692 in

2253 2732 2410 2792 Colb.
2441 2733 2497 2799 9,
2529 2732 2671 2801 apud
2714 2731 2845 2787 Mill.
2869 2736 2962 2792 τήν
2989 2733 3180 2807 ἱεραώ.

2328 2825 2458 2880 Luc.
2492 2838 2612 2893 cap.
2646 2840 2681 2878 x
2702 2866 2715 2882 .
2748 2823 2839 2878 20.
2870 2823 3173 2879 Vindobon.
3195 2866 3212 2893 ,
3244 2825 3389 2880 vobis
3432 2826 3633 2899 subjecti
3673 2835 3799 2889 sunt,

2261 2919 2554 2983 Veronen.,
2575 2918 2789 2989 spiritus
2805 2918 3019 2989 maligni
3033 2918 3171 2973 vobis
3193 2920 3412 2989 subiecti
3431 2932 3568 2988 sunt,
3586 2920 3808 2983 Brixiam,
3906 2956 3907 2991 ι

2256 3012 2529 3068 Dtenionia
2558 3011 2698 3067 vobis
2726 3013 2934 3068 subdita
2961 3023 3100 3068 sunt.
3147 3013 3547 3071 Ambrosiaster
3589 3016 3635 3070 in
3666 3014 3805 3085 Epist.

2256 3106 2321 3160 ad
2350 3104 2660 3160 Corinthios
2686 3107 2726 3170 Ι,
2756 3120 2878 3177 cap.
2923 3106 3011 3172 12,
3047 3124 3167 3179 pag.
3204 3108 3333 3163 154.
3380 3104 3663 3164 ,υαηιιοηία
3703 3107 3810 3161 vobis
3906 3086 3907 3135 ἶ

621 3206 753 3261 Luc.
777 3220 897 3274 cap.
925 3216 1037 3271 xix,
1071 3204 1125 3258 8.
1163 3200 1542 3257 Vindobonen.
1570 3201 1615 3254 si
1635 3200 1761 3271 quid
1785 3200 1940 3255 alicui
1968 3199 2152 3271 fraude
2180 3186 2226 3252 C
2258 3198 2492 3269 subjecta
2518 3208 2657 3253 sunt.

546 3298 777 3361 abstuli,
835 3296 1120 3352 Corbeien.
1186 3303 1243 3350 et
1300 3293 1538 3349 Brixian.
1601 3293 1862 3365 fraudavi.
1920 3294 2149 3351 Sanctus

546 3390 784 3446 Irenaeus
808 3389 971 3443 habet
1000 3430 1014 3453 ,
1051 3396 1097 3444 et
1133 3389 1180 3443 si
1228 3389 1380 3459 cujus
1420 3385 1546 3454 quid
1598 3385 1857 3457 fraudavi.
1918 3386 2150 3443 Sanctus

548 3484 865 3540 Ambrosius
888 3485 939 3539 in
962 3484 1056 3538 lib.
1084 3488 1120 3538 ιι
1143 3482 1210 3537 de
1234 3480 1366 3536 Cain
1389 3490 1442 3535 et
1473 3479 1610 3535 Abel
1636 3495 1756 3550 cap.
1793 3480 1853 3539 4,
1880 3494 1996 3550 pag.
2018 3481 2147 3548 214,

548 3579 593 3632 si
614 3578 696 3632 cui
725 3577 920 3644 aliquid
948 3578 1133 3648 fraude
1153 3576 1364 3639 abstuli;
1393 3581 1446 3629 et
1476 3575 1545 3627 ita
1572 3572 1965 3645 Cbrysologus.

622 3670 753 3725 Luc.
786 3684 905 3739 cap.
931 3684 1067 3735 xxn,
1097 3669 1187 3732 51,
1222 3664 1448 3722 Viudob.
1482 3666 1760 3735 expetivit,
1794 3676 1848 3720 ut
1881 3683 1967 3721 vos
1993 3666 2154 3721 venti-

553 3764 641 3831 let,
671 3762 959 3829 Corbeien.
993 3770 1048 3818 et
1077 3762 1317 3817 Brixian.
1348 3802 1363 3827 ,
1396 3761 1637 3832 expetivit
1657 3802 1671 3824 ,
1703 3771 1757 3814 ut
1784 3775 1871 3815 vos
1909 3762 2149 3827 ventilet,

552 3862 659 3910 etc.
690 3853 1039 3911 Veron.......
1072 3854 1180 3915 ivit.
1208 3864 1431 3908 ut.......
1465 3851 1549 3906 let.
1580 3852 1639 3908 8.
1668 3851 1900 3906 llilarius
1949 3852 2002 3906 in
2055 3851 2149 3907 lib.

554 3967 589 4006 x
620 3950 689 4006 de
716 3948 1002 4006 Trinitate.
1050 3957 1182 4003 tom.
1213 3962 1249 4002 ιι
1278 3989 1292 4014 ,
1326 3962 1447 4017 pag.
1476 3947 1581 4003 518
1600 3987 1619 4015 ,
1649 3946 1889 4018 expetivit
1923 3987 1936 4013 ,
1965 3956 2020 4001 ut
2068 3963 2156 4001 vos

552 4055 806 4109 cerneret;
834 4043 1076 4115 ejusdem
1106 4057 1236 4097 vero
1259 4042 1316 4096 8.
1343 4040 1534 4095 Hilarii
1574 4040 1744 4095 codex
1782 4038 2153 4106 Culbertinus,

554 4149 610 4195 et
637 4139 730 4193 alii
750 4152 856 4193 non
893 4135 1185 4191 deterioris
1216 4142 1382 4197 nota',
1412 4133 1617 4188 ventilet
1648 4147 1666 4197 ;
1714 4141 1772 4187 et
1814 4133 1884 4187 ita
1909 4132 1968 4188 S.
2026 4131 2157 4187 Am-

557 4232 707 4287 bros.
750 4230 805 4284 in
833 4226 927 4283 lib.
977 4242 1035 4282 ιιι
1064 4226 1133 4283 de
1163 4226 1437 4296 Interpell.
1475 4224 1578 4281 Job
1606 4239 1725 4294 cap.
1761 4223 1816 4291 li,
1850 4238 1970 4294 pag.
2000 4224 2107 4281 659
2139 4266 2155 4291 ,

559 4337 663 4389 nec
690 4336 797 4378 non
824 4319 1225 4377 Ambrosiaster
1253 4318 1305 4373 in
1337 4317 1511 4387 Epist.
1539 4317 1607 4371 ad
1648 4317 1877 4371 Roman.
1911 4331 2030 4387 pag.
2064 4316 2155 4386 77,

557 4421 617 4477 8.
645 4416 809 4490 Cypr.
839 4417 893 4471 in
916 4415 1012 4471 lib.
1043 4414 1112 4470 de
1135 4412 1290 4470 Orat.
1334 4412 1548 4467 Domin.
1582 4425 1702 4482 pag.
1731 4410 1862 4477 271,
1893 4411 2157 4482 expetivit,

557 4521 616 4569 ut
646 4526 732 4568 vos
762 4519 987 4577 vexaret,
1017 4518 1126 4564 etc.

2331 3292 2462 3347 Luc.
2512 3308 2631 3361 cap.
2690 3306 2823 3363 xm,
2865 3294 2957 3350 25.
3006 3294 3432 3361 Vindobonen.,
3482 3295 3729 3352 Veronen.
3770 3300 3812 3348 et

2260 3384 2497 3439 Brixian.
2534 3384 2768 3447 Domine.
2805 3386 3037 3443 Domine.
3082 3387 3432 3444 Geminatum
3458 3430 3474 3456 ,
3499 3385 3722 3453 Domine,
3749 3395 3811 3441 est
3906 3424 3907 3433 η

2259 3477 2518 3532 Matthmi.

2331 3571 2463 3628 Luc.
2500 3586 2620 3641 cap.
2659 3586 2779 3639 xxi,
2807 3571 2895 3628 17.
2930 3572 3306 3629 Vindobonen.
3332 3614 3350 3643 ,
3384 3574 3505 3631 Gal.
3534 3584 3587 3632 et
3608 3573 3809 3629 Brixinn.

2261 3668 2498 3721 omnibus
2525 3667 2839 3722 hominibus.
2871 3678 2927 3723 et
2948 3668 3018 3722 ita
3048 3669 3107 3724 8.
3155 3668 3478 3726 Ambroslus
3501 3716 3513 3740 ,
3540 3682 3629 3727 seu
3654 3670 3814 3724 Beren-

2260 3760 2468 3830 gaudus
2495 3760 2553 3816 in
2603 3760 2955 3830 Expositione
3002 3762 3055 3816 in
3086 3761 3452 3834 Apocalypsin
3483 3783 3507 3832 ,ο
3526 3763 3593 3819 de
3634 3757 3814 3816 Vislnne

2262 3869 2334 3918 ιν,
2369 3863 2498 3908 tom.
2532 3868 2592 3918 ιι,
2626 3868 2743 3923 pag.
2776 3853 2901 3908 557.

2335 3946 2464 4003 an.
2494 3961 2615 4018 cap.
2660 3961 2696 4002 x
2727 3986 2743 4012 ,
2784 3948 2876 4002 41.
2908 3947 2966 4002 lu
3015 3942 3399 4006 Vindobonen.
3431 3992 3445 4017 ,
3507 3946 3812 4005 Vercellen..
3906 3996 3907 4018 ξ

2263 4037 2537 4095 Verouen.
2561 4012 2637 4095 vet
2673 4038 2965 4096 Corbeien.
3013 4042 3208 4097 desunt
3250 4012 3452 4112 verba,
3507 4043 3711 4099 sollicita
3750 4054 3813 4099 es,
3906 4012 3907 4089 ξ

2264 4141 2309 4186 et
2357 4132 2581 4187 turbaris
2626 4148 2747 4204 erga
2790 4133 3038 4205 plurima.
3098 4144 3152 4190 et
3207 4137 3278 4189 ita
3326 4135 3387 4192 S.
3436 4135 3733 4191 Ambrosius
3773 4128 3814 4182 in
3906 4184 3907 4189 η

2262 4223 2458 4279 Euarr.
2492 4226 2547 4280 in
2579 4225 2714 4296 psal.
2738 4242 2754 4281 ι
2781 4268 2796 4293 ,
2836 4240 2955 4297 pag.
2982 4226 3085 4282 157
3107 4269 3122 4295 ,
3151 4228 3202 4281 in
3236 4228 3482 4299 Exposit.
3510 4227 3636 4297 psal.
3665 4236 3812 4287 cxnn,

2263 4333 2387 4390 pag.
2416 4319 2590 4387 1107,
2618 4319 2754 4376 etin
2797 4320 2891 4377 lib.
2924 4335 2962 4376 ι.
3015 4321 3264 4392 Exposit.
3319 4323 3525 4396 Evang.
3564 4335 3669 4378 sec.
3709 4318 3814 4373 Luc.

2263 4411 2508 4482 p.1268.
2650 4429 2655 4435 ι

2335 4506 2468 4562 Luc.
2517 4522 2636 4578 cap.
2685 4523 2753 4575 κ,
2803 4506 2894 4562 42.
2952 4507 3051 4563 Hic
3103 4523 3297 4564 versus
3340 4508 3495 4566 deest
3554 4510 3605 4565 in
3647 4502 3815 4563 Vindo-

627 4604 760 4661 Luc.
792 4617 912 4673 Cap.
946 4617 1061 4669 XIII,
1085 4600 1179 4655 27.
1219 4598 1600 4656 Vindobonen-
1634 4598 1804 4653 nescio
1833 4597 1970 4652 unde
1995 4598 2107 4653 silis
2139 4639 2153 4664 ,
2182 4582 2239 4645 Ῑ)
2264 4603 2465 4660 bonen.
2495 4643 2510 4669 ,
2553 4601 2860 4659 Vercellen.
2901 4610 2959 4661 et
3009 4598 3289 4661 Veronen.
3325 4616 3488 4679 atque
3526 4605 3578 4661 in
3615 4605 3668 4660 S.
3716 4600 3818 4655 Am-

557 4697 832 4754 Veronen.
861 4736 876 4761 ,
908 4694 1080 4749 nescio
1102 4692 1239 4747 unde
1264 4692 1402 4747 estis.
1452 4699 1509 4746 et
1534 4690 1605 4746 ita
1634 4690 1695 4746 8.
1725 4688 2049 4746 Ambrosius
2105 4693 2158 4748 in

560 4791 655 4846 lib.
684 4806 701 4844 ι
729 4789 798 4845 de
823 4786 956 4843 Cain
988 4793 1044 4841 et
1065 4783 1203 4840 Abel
1224 4798 1346 4853 cap.
1379 4783 1433 4848 5,
1483 4797 1604 4853 pag.
1632 4781 1759 4838 192.

632 4882 760 4937 an.
790 4896 911 4951 cap.
942 4892 1035 4933 xxv
1056 4914 1071 4944 ,
1097 4877 1185 4933 i2.
1218 4874 1595 4931 Vindobonen.
1645 4885 1698 4930 et
1724 4872 2014 4930 Corbeien.
2070 4892 2160 4930 ne-

559 4991 658 5046 que
703 4975 894 5028 vicinos
925 5015 940 5038 ,
982 4986 1140 5042 neque
1164 4970 1389 5035 divites;
1416 4967 1716 5031 Vercellen,
1760 4983 1920 5038 neque
1969 4968 2156 5037 fratres

563 5080 700 5131 tuos,
730 5065 820 5119 sed
846 5080 936 5119 nec
962 5064 1177 5129 vicinos,
1200 5077 1292 5116 nec
1319 5060 1533 5125 divites;
1564 5076 1628 5113 ne
1657 5062 1788 5129 forte
1814 5069 1858 5113 et
1881 5060 1979 5128 ipsi
1998 5069 2046 5113 te
2076 5061 2155 5113 in-

560 5160 738 5222 vitent;
759 5157 1030 5213 Veronen.
1055 5171 1217 5226 neque
1246 5159 1432 5226 fratres
1454 5192 1467 5217 ,
1497 5154 1969 5223 aequetcognatosg
2001 5167 2160 5219 neque

558 5252 775 5318 vicinos,
807 5264 967 5320 neque
1013 5251 1191 5305 divites
1214 5264 1232 5316 ;
1257 5264 1319 5302 ne
1356 5250 1488 5319 forte
1533 5256 1582 5299 et
1632 5246 1733 5318 ipsi
1770 5255 1819 5300 te
1846 5247 2109 5301 reinvitent
2141 5286 2158 5315 ,

564 5345 807 5401 Brixian.
838 5358 901 5398 ne
925 5342 1059 5412 forte
1086 5353 1134 5398 et
1164 5343 1262 5411 ipsi
1291 5342 1563 5397 reinvitent
1587 5350 1654 5394 te.
1701 5339 1757 5395 S.
1782 5339 2083 5411 Cyprianus
2108 5341 2160 5395 in

563 5440 659 5493 lib.
690 5446 747 5493 ιιι
777 5436 1235 5491 Testimoniorum
1286 5434 1353 5489 ad
1409 5433 1692 5500 Quirinum
1742 5445 1863 5501 cap.
1910 5431 1986 5499 2,
2034 5447 2158 5502 pag.

561 5529 690 5593 572,
724 5540 884 5598 neque
910 5526 1098 5596 fratres
1127 5564 1142 5589 ,
1172 5540 1334 5596 neque
1354 5526 1549 5580 vicinos
1582 5564 1598 5592 ,
1650 5540 1809 5596 neque
1840 5522 2071 5589 'divites;
2099 5540 2163 5579 ne

568 5632 698 5699 forte
727 5632 774 5677 et
797 5622 875 5676 illi
907 5621 1176 5675 reinvitent
1195 5628 1263 5674 te.

639 5718 802 5772 Marc.
828 5729 947 5784 cap.
978 5726 1094 5779 vm,
1136 5711 1228 5767 59.
1265 5708 1651 5767 ‘Vindobonen.
1702 5709 1842 5782 quod
1892 5716 2009 5763 sunt
2043 5708 2161 5777 qui-

583 5812 699 5866 dant
728 5810 1144 5872 circumstantes,
1184 5803 1457 5861 Veronen.
1503 5803 1642 5881 quod
1692 5810 1809 5857 sunt
1855 5800 2065 5875 quidam
2099 5798 2164 5856 de

2268 4696 2473 4753 brosio.

2343 4791 2471 4846 Luc.
2506 4806 2626 4860 cap.
2660 4804 2784 4858 χιιι,
2813 4791 2905 4847 55.
2937 4791 3316 4848 Vindobonen.
3364 4791 3599 4859 omittit,
3632 4789 3817 4843 deserta.

2267 4883 2440 4938 Porro
2487 4882 2663 4938 (ἔτεεί
2714 4882 2934 4939 codices
2983 4884 3136 4939 multi
3196 4900 3303 4939 non
3356 4884 3573 4949 lerunt,
3605 4883 3815 4938 deserta.

2261 4979 2489 5055 ἔρημος;
2522 4992 2698 5046 neque
2741 4974 2798 5032 8.
2849 4976 3200 5049 Cyprianus,
3253 4994 3431 5049 neque
3480 4979 3597 5033 libri
3644 4981 3818 5029 venre!

2264 5069 2462 5134 Latini,
2487 5084 2661 5140 neque
2687 5070 2863 5125 versio
2906 5064 3127 5141 Coptica
3148 5114 3162 5137 ,
3195 5083 3248 5127 et
3275 5071 3529 5130 Armena.
3569 5069 3675 5139 Qua
3697 5064 3754 5120 de
3774 5075 3817 5114 re

2268 5162 2392 5218 vide
2417 5162 2568 5219 Grot.
2602 5160 2764 5233 Brug.
2800 5162 2928 5218 Mill.
2984 5163 3238 5219 Additum
3292 5165 3503 5221 videtur
3529 5178 3597 5219 ex
3630 5175 3679 5214 v.
3721 5154 3778 5212 53
3801 5189 3814 5215 ο

2266 5253 2458 5325 capitis
2483 5269 2613 5309 xxtn
2644 5255 2924 5325 Evangelii
2957 5256 3142 5311 Sancti
3172 5256 3431 5311 Mattlnei.

2341 5349 2472 5405 Luc.
2505 5363 2624 5418 cap.
2655 5364 2764 5414 xvr,
2792 5347 2883 5403 2|.
2917 5348 2972 5402 In
2995 5348 3299 5404 Vindobon.
3323 5390 3337 5414 ,
3373 5347 3686 5409 Vercellen.,
3735 5334 3817 5391 Ve.

2270 5460 2492 5512 ronen.,
2523 5444 2673 5510 Gat.,
2700 5442 2825 5499 Mm.
2855 5452 2910 5499 et
2941 5444 3181 5499 Brixian.
3213 5444 3413 5500 desunt
3439 5443 3592 5498 verba
3622 5438 3701 5494 illa
3731 5474 3745 5498 .
3778 5436 3816 5484 ει

2270 5553 2418 5592 nemo
2440 5538 2519 5593 illi
2534 5536 2710 5591 dabat.
2742 5547 2796 5593 et
2822 5537 2893 5592 ita
2943 5536 2996 5591 in
3024 5536 3343 5607 quibusdam
3395 5548 3525 5590 mss.
3558 5528 3661 5587 div.
3701 5521 3813 5582 Bibl.

2270 5630 2329 5686 S.
2390 5629 2609 5686 Hieron.
2659 5641 2714 5687 et
2765 5631 2815 5686 in
2867 5629 3087 5685 Prmiat.
3147 5630 3209 5686 S.
3278 5629 3543 5686 Gaudent.
3609 5621 3814 5694 ρρίεϐοΡ·

2276 5720 2512 5776 Brixian.
2543 5724 2609 5777 ad
2644 5722 2883 5778 Beuivol.
2915 5732 2971 5777 nt
2998 5723 3374 5779 animadvertit
3420 5723 3503 5777 Cl.
3534 5718 3713 5776 Paulus
3730 5710 3817 5766 Ga-

2279 5813 2494 5875 leardus
2534 5828 2650 5894 pag.
2687 5816 2753 5876 l0
2778 5857 2795 5887 ,
2828 5830 2979 5877 num.
3006 5816 3088 5893 2,
3133 5832 3293 5894 quem
3346 5814 3594 5878 consule:
3637 5804 3815 5865 codices
