3968 6332
403 220 510 278 H9

1779 212 2311 294 PROLEGOMENA.

3498 186 3511 193 ”
3604 216 3705 272 120

408 334 714 407 Descriptio
753 334 997 407 ejusdem
1053 331 1260 390 codicis
1306 330 1739 389 \‘indobonensis
1792 333 1932 386 tacta
1974 345 2003 384 τι
2035 333 2085 391 Α
2110 333 2209 402 fuit
2233 333 2494 403 appellata
2527 339 2717 404 :atque
2744 330 2798 385 id
2828 330 2896 387 rid
2923 347 3071 400 eum,
3100 329 3188 404 qui
3220 330 3452 402 sequitur
3479 332 3703 387 modum.

477 424 725 486 (ΖΙ.Ὓίνο
761 429 983 487 Nicolao
1025 426 1268 485 Furlusia
1300 427 1438 500 Aug.
1486 423 1828 483 bibliothecm
1878 439 2004 480 cns-

480 522 604 580 tode
635 523 908 595 primario.

480 658 657 714 Codex
682 659 777 714 iste
814 674 910 713 ms.
941 656 1289 729 theologicus,
1315 654 1509 710 latinus
1556 664 1660 719 est,
1688 653 2010 710 membrana-

407 770 527 808 ceus
547 795 560 817 ,
578 768 864 823 purpureus
879 793 895 817 ,
924 752 1108 806 litteris
1126 749 1392 821 quadratis
1411 765 1475 805 ex
1498 758 1711 821 argento
1732 792 1747 816 ,
1767 748 2006 805 in-lolio.

412 844 623 901 Constat
658 846 714 899 in
739 844 1013 917 praesentia
1043 842 1185 914 foliis
1213 853 1418 898 centum
1441 842 1788 915 quadraginta
1806 852 1855 898 et
1881 842 2012 896 duo-

409 940 523 994 bus.
582 937 709 1008 Ejus
736 936 1023 1006 amplitudo
1070 945 1146 990 est
1172 936 1336 991 instar
1356 938 1502 1010 ejus,
1554 935 1692 1005 quod
1720 935 2012 988 curavimus

413 1048 507 1101 pro
573 1030 930 1085 characterum
968 1029 1277 1100 specimine,
1329 1029 1654 1101 emptoris.
1697 1028 2016 1085 Membrana:

413 1125 568 1179 rubro
587 1125 794 1196 infecta:
814 1133 933 1177 sunt
956 1124 1126 1178 colore
1156 1165 1170 1190 ,
1204 1138 1307 1177 non
1337 1132 1505 1177 tamen
1542 1139 1605 1178 ex
1626 1138 1773 1192 (equo
1797 1138 1972 1177 omnes
1997 1164 2012 1189 ,

412 1219 504 1273 sed
527 1234 619 1288 pro
641 1221 893 1293 cujusque
913 1218 1104 1273 duritie
1120 1257 1135 1283 ,
1158 1227 1248 1272 aut
1269 1217 1546 1273 tenuitate:
1572 1233 1746 1273 eorum
1764 1217 2020 1288 pleneque

414 1312 544 1367 adeo
572 1322 688 1367 sunt
717 1312 926 1366 subtiles
944 1355 958 1377 ,
981 1320 1035 1366 ut
1057 1327 1144 1367 eos
1170 1327 1275 1366 non
1295 1310 1510 1382 agninos
1540 1310 1697 1381 pelles
1716 1352 1732 1376 ,
1763 1310 1854 1365 sed
1890 1310 2021 1366 vesi-

418 1422 597 1459 carum
612 1421 736 1478 ,βεδε
782 1414 929 1475 putes
963 1405 1305 1460 membranas.
1328 1403 1483 1460 Folia
1512 1422 1574 1460 ex
1592 1415 1811 1476 utraque
1830 1406 2022 1475 scripta

419 1507 538 1553 sunt
598 1508 785 1568 parte:
834 1496 1068 1568 qurelibet
1113 1498 1307 1570 pagina
1362 1497 1751 1568 quotuordecim
1802 1498 2024 1551 continet

422 1591 626 1645 lineas:
679 1591 816 1645 lineo
868 1605 986 1645 vero
1013 1590 1209 1644 litteras
1235 1591 1304 1643 ad
1330 1588 1508 1661 viginti
1555 1598 1740 1659 praeter
1791 1597 2020 1659 propter.

423 1680 619 1736 Forma
644 1681 934 1737 litterarum
979 1681 1272 1753 quadrata:
1305 1696 1473 1752 neque
1516 1696 1691 1735 omnes
1726 1697 1789 1736 cx
1818 1691 2025 1753 argento

426 1777 704 1847 liquefacto
722 1818 735 1842 ,
765 1778 995 1847 exceptis
1026 1776 1112 1841 iis,
1135 1776 1320 1847 quibus
1347 1771 1449 1829 Dei
1467 1773 1706 1842 ,Domini
1728 1786 1851 1842 ,aut
1874 1774 2027 1831 Jesus

424 1885 610 1924 nomen
664 1869 911 1934 scriptum
938 1878 1040 1936 est,
1068 1883 1181 1940 quo:
1207 1876 1329 1923 sunt
1352 1884 1417 1922 ex
1436 1883 1564 1922 auro
1595 1883 1614 1922 :
1668 1876 1820 1938 prout
1864 1882 2030 1922 mem-

426 1962 588 2017 brana
614 1963 841 2018 tenacior
860 2003 876 2031 ,
909 1972 1000 2018 out
1024 1963 1286 2034 paratior,
1319 1963 1393 2017 ita
1414 1960 1630 2017 vividius
1668 1961 1920 2027 colorem,
1944 1970 2032 2015 aut

427 2057 715 2112 litterarum
730 2056 1059 2130 splendorem
1073 2066 1259 2112 servat.
1280 2055 1481 2112 Prteter
1492 2056 1642 2111 hosce
1651 2054 2033 2127 quotuordecint

423 2166 627 2219 versus,
650 2152 706 2205 in
752 2168 953 2207 suntnta
980 2152 1170 2224 pagina
1197 2150 1501 2226 (quadratis
1520 2151 1674 2206 etiam
1700 2191 1715 2216 ,
1737 2159 1795 2205 ut
1818 2150 2032 2218 dicitur,

432 2244 617 2297 litteris
635 2286 648 2308 ,
703 2243 794 2297 sed
819 2243 1105 2299 minoribus
1142 2242 1161 2317 )
1188 2260 1221 2297 a
1242 2254 1387 2316 parte
1416 2243 1626 2299 sinistra
1651 2244 1897 2317 scriptum
1921 2252 2030 2311 est,

428 2338 727 2391 secundum
745 2380 760 2404 ,
784 2353 814 2389 o
830 2336 1041 2391 dextero
1061 2345 1262 2403 autent,
1291 2353 1318 2391 e
1336 2336 1545 2407 regione
1566 2333 2031 2408 Et'angelistorum,

431 2449 615 2488 nomen
648 2416 924 2488 Lucanum
948 2475 963 2500 ,
1017 2443 1106 2488 aut
1144 2431 1379 2487 Marcum
1402 2475 1417 2499 ,
1450 2432 1587 2487 circa
1638 2431 1777 2503 quod
1834 2431 2035 2486 lineola:

430 2529 626 2600 aliquot
648 2527 1018 2582 inscribuntur.
1056 2526 1208 2596 Quod
1235 2535 1407 2581 autem
1432 2524 1588 2581 Luco:
1612 2541 1794 2581 nomen
1814 2523 1884 2578 od
1929 2523 2036 2579 Lo-

434 2621 529 2677 tini
556 2622 885 2695 patronimici
923 2625 1148 2695 formam
1173 2622 1227 2675 in
1261 2619 1533 2676 Lucanum
1565 2634 1833 2690 perperam
1871 2628 2036 2673 verte-

432 2718 548 2784 rit,
604 2717 661 2772 id
713 2717 1036 2800 calligrapho
1090 2718 1506 2773 condonandum.
1558 2715 1627 2771 In
1674 2717 2034 2787 quaterniones

433 2812 691 2885 digestum
735 2814 898 2886 fuisse
949 2812 1176 2889 codicem
1203 2822 1420 2883 apparet
1465 2826 1529 2866 ex
1555 2810 1856 2884 hujusmodi
1902 2810 2035 2865 notis

433 2903 501 2973 Q.
523 2903 713 2973 XLIII,
737 2915 842 2961 etc.
876 2922 991 2977 qua:
1018 2915 1154 2961 noue
1168 2905 1236 2959 ad
1250 2905 1403 2975 finem
1420 2903 1669 2974 cujusque
1688 2901 2035 2973 quoternionis

430 2999 486 3054 in
506 3000 610 3054 ima
631 3001 822 3072 pagina
847 3000 1099 3055 visuntur.

2179 424 2224 479 Α
2251 423 2381 495 folio
2404 423 2570 493 primo
2587 424 2656 477 ad
2683 423 2778 494 fol.
2802 427 3233 499 septuagesimum
3253 427 3514 495 quintum,
3543 422 3711 480 Evan-

2107 518 2299 591 gelium
2328 517 2627 576 secundum
2660 518 2857 574 Lucam
2899 559 2914 585 ,
2939 534 3088 588 quem
3114 535 3312 590 semper
3338 518 3396 573 in
3441 518 3710 575 Lucanum

2108 628 2306 668 versum
2319 612 2553 685 legimus.
2581 611 2696 667 Hoc
2706 621 2874 667 autem
2886 612 3069 683 incipit
3089 612 3143 668 in
3163 611 3335 668 codice
3353 610 3420 666 ob
3441 611 3549 666 illis
3561 614 3714 667 verbis

2111 712 2295 783 capitis
2323 710 2542 776 decimi,
2574 709 2937 780 vers.'septimi
2955 750 2972 776 ,
3006 709 3090 766 sin
3115 718 3293 763 autem
3316 708 3384 762 ad
3417 723 3515 763 vos
3536 722 3713 764 rever-

2113 814 2287 871 tetur,
2332 813 2439 861 etc.
2474 801 2627 869 Quod
2669 803 2911 865 initium,
2937 805 3068 872 forte
3113 800 3251 869 quod
3278 810 3406 856 esset
3451 800 3670 855 deletum
3698 841 3715 867 ,

2113 897 2355 952 mendose
2406 896 2472 951 ab
2527 896 2764 967 imperito
2815 895 2999 949 deinde
3048 894 3338 966 suppletum
3380 902 3457 948 est
3485 894 3555 946 od
3591 895 3719 948 hunc

2116 989 2357 1057 modum,
2382 989 2798 1045 Sinsutemavos
2817 1030 2831 1054 ,
2854 997 2960 1043 etc.
2984 985 3184 1043 Desinit
3202 987 3271 1041 od
3295 986 3487 1057 capitis
3500 987 3719 1058 vigesimi

2119 1085 2276 1151 tertii,
2305 1100 2509 1139 versum
2557 1083 2811 1139 decintunt
2839 1083 2893 1137 in
2922 1098 2982 1136 ea
3013 1080 3162 1137 verba
3182 1122 3197 1147 ,
3224 1090 3547 1137 constanter
3571 1095 3721 1137 accu-

2119 1190 2305 1237 santes
2326 1195 2473 1239 eum.

2196 1296 2239 1350 Α
2297 1296 2426 1367 folio
2468 1296 2844 1369 septuagesimo
2880 1304 3021 1350 sexto
3065 1294 3134 1348 ad
3162 1293 3405 1349 ultimum
3465 1293 3721 1363 sequitur,

2126 1390 2464 1463 Evangelium
2494 1390 2791 1447 secundum
2840 1389 3076 1446 Marcum
3096 1432 3111 1455 ,
3162 1407 3193 1441 a
3218 1387 3381 1443 verbis
3413 1388 3602 1461 capitis
3650 1404 3724 1442 se-

2126 1483 2283 1538 cundi
2301 1525 2317 1551 ,
2346 1499 2479 1539 vers.
2511 1483 2713 1556 septimi
2740 1483 2962 1549 decimi,
2996 1482 3123 1540 Sani
3154 1482 3424 1538 medicum
3445 1523 3462 1548 ,
3492 1479 3587 1535 sed
3642 1481 3724 1550 qui

2130 1576 2270 1633 male
2315 1576 2513 1645 habet,
2559 1587 2663 1633 etc.
2708 1573 2774 1629 In
2811 1584 2987 1630 nostra
3053 1573 3276 1646 Vulgata
3314 1573 3570 1638 habetur,
3620 1573 3725 1627 sani

2133 1666 2361 1725 medico.
2393 1666 2597 1723 Desinit
2637 1667 2689 1721 in
2719 1683 2778 1723 ea
2802 1666 2988 1739 capitis
3011 1666 3195 1722 decimi
3219 1666 3426 1736 quarti,
3460 1680 3596 1721 vers.
3642 1664 3728 1717 tri-

2131 1764 2310 1838 gesimi
2336 1764 2463 1819 sexti
2493 1762 2673 1829 rerba,
2718 1761 2868 1817 Abba
2898 1760 3086 1826 Pater,
3119 1759 3398 1832 possibilia
3429 1758 3608 1813 omnis
3643 1756 3727 1813 tibi

2132 1890 2276 1937 sunt.

2205 1974 2286 2029 Ad
2310 1972 2625 2028 educendum
2647 1973 2932 2027 litterarum
2958 1973 3181 2044 [oratam
3212 1985 3369 2024 unum
3400 1977 3557 2039 atque
3607 1967 3727 2021 alte-

2132 2083 2246 2123 runt
2272 2064 2485 2121 adhibui
2511 2065 2905 2131 delineatorem;
2943 2072 2997 2119 at
3017 2079 3133 2118 cum
3163 2063 3217 2117 id
3239 2078 3300 2117 ex
3352 2078 3470 2116 meo
3497 2062 3727 2115 sententia

2134 2162 2343 2216 minime
2374 2169 2707 2231 proastarent,
2754 2175 2811 2213 eo
2862 2157 2999 2226 quod
3025 2157 3299 2227 comptiori
3342 2171 3549 2224 semper
3572 2155 3727 2223 [arma

2134 2274 2221 2313 eos
2249 2255 2547 2321 redderent,
2570 2255 2680 2327 ipse
2706 2255 2952 2326 improba:
2977 2252 3096 2307 huic
3119 2268 3290 2323 operte
3320 2266 3533 2305 manum
3557 2248 3726 2304 admo-

2135 2367 2249 2406 vere
2295 2366 2397 2405 non
2437 2349 2636 2420 refugi,
2675 2358 2721 2403 et
2758 2345 3015 2418 pellucida
3061 2348 3237 2400 charta
3266 2344 3369 2398 'ita
3428 2342 3632 2412 excepi,
3679 2351 3726 2394 ut

2134 2445 2423 2518 exemplum
2470 2445 2639 2516 ipsum
2676 2442 2889 2517 propius
2934 2440 3162 2513 attigisse
3186 2439 3398 2509 videar.
3451 2435 3726 2493 Crassiores

2136 2537 2317 2592 etenim
2338 2536 2622 2592 litterarum
2653 2534 2837 2589 ductus
2862 2544 3011 2597 sunt,
3063 2532 3152 2588 sed
3199 2531 3253 2586 id
3279 2531 3531 2586 accidisse
3555 2529 3727 2599 opinor

2136 2630 2198 2686 ob
2220 2631 2373 2686 soluti
2401 2629 2602 2701 argenti
2636 2627 3061 2693 crassitudinem,
3092 2640 3207 2696 quae
3233 2640 3333 2679 non
3361 2624 3557 2695 patitur
3596 2619 3722 2685 duci,

2137 2725 2565 2800 quemadmodum
2588 2722 2852 2794 scriptoris
2879 2721 2990 2776 vult
3008 2738 3187 2775 manus
3215 2728 3303 2773 aut
3329 2735 3496 2774 meus.

2210 2819 2433 2875 Exhibet
2479 2817 2739 2888 exemplar
2769 2815 2961 2871 codicis
2989 2814 3323 2885 manuscripti
3372 2813 3616 2884 paginam
3654 2809 3724 2864 al-

2138 2925 2298 2969 terunt
2325 2912 2439 2984 folii
2464 2911 2722 2968 centesimi
2749 2926 2813 2966 ex
2862 2908 3144 2981 Evongelio
3174 2906 3474 2965 secundum
3504 2906 3723 2963 Marcum

2137 3022 2252 3076 cap.
2281 3021 2353 3061 vn
2374 3046 2388 3071 ,
2428 3021 2559 3061 vers.
2584 3004 2639 3059 4.

805 3092 971 3191 and“:
992 3090 1339 3191 Neap°u_huc
1354 3099 1648 3191 afﬁrmas
1670 3106 1689 3154 ί
1710 3104 1772 3191 ἕο
1786 3088 2032 3191 Ρῗηὺωξί
2060 3116 2107 3181 C
2215 3119 2366 3189 Quod
2396 3160 2412 3188 ,
2458 3120 2504 3174 si
2534 3119 2632 3175 hoc
2661 3127 2809 3191 pacto
2831 3116 2913 3173 Cl.
2942 3115 3069 3171 Viro
3094 3114 3410 3171 Blouchinio
3434 3113 3559 3169 satis
3581 3110 3724 3185 fuerit

432 3182 502 3237 ad
544 3181 904 3237 bibliothecam
930 3183 1147 3237 Patrum
1192 3181 1683 3254 Augustinianorum
1709 3179 1771 3236 S.
1812 3178 2034 3235 Joannis

432 3277 502 3334 de
531 3278 880 3334 Carbonarin.
912 3277 1228 3338 Monasterio
1252 3293 1311 3332 ea
1332 3276 1509 3331 relicta
1526 3278 1693 3348 fuerat
1729 3293 1762 3330 a
1782 3274 2036 3329 cordinali

437 3372 734 3443 Seripondo
759 3413 773 3440 ,
795 3373 883 3445 qui
912 3371 966 3427 in
993 3373 1211 3427 concilio
1235 3370 1539 3426 Tridentino
1565 3380 1756 3426 sonch
1783 3370 2035 3426 Romanae

436 3466 688 3522 Ecclesia:
712 3467 869 3539 legati
894 3484 1081 3522 ntunus
1106 3467 1282 3522 obivit.
1328 3463 1385 3521 Is
1405 3465 1594 3521 multos
1623 3465 1836 3519 maximi
1883 3464 2034 3533 pretii

433 3560 634 3615 codices
680 3576 745 3615 ex
770 3560 936 3631 legato
980 3561 1315 3629 acquisiverat
1363 3576 1393 3612 a
1447 3556 1587 3613 Iano
1622 3556 1923 3612 Parrhasio.
1967 3554 2035 3609 In

432 3655 604 3724 fronte
634 3654 836 3727 pagina:
864 3655 1045 3728 primo!
1064 3697 1077 3720 ,
1112 3653 1425 3724 Seripandi,
1466 3653 1542 3708 vel
1574 3651 1849 3707 Parrhasii
1880 3667 2034 3705 manu

434 3746 587 3820 (qua:
624 3748 677 3803 in
701 3748 821 3803 aliis
859 3748 1009 3803 etiam
1036 3750 1291 3821 apparet)
1336 3747 1459 3801 olint
1511 3747 1760 3817 scriptunt
1805 3744 1990 3816 legitur
2014 3785 2031 3811 ,

430 3856 700 3897 annorum
726 3842 946 3898 circiter
976 3841 1160 3908 mille;
1184 3841 1311 3895 adeo
1339 3850 1393 3894 ut
1422 3856 1483 3894 ea
1506 3838 1707 3894 ratione
1733 3837 1900 3909 quinti
1922 3878 1937 3903 ,
1957 3836 2035 3891 vel

430 3937 560 3993 sexti
581 3936 759 3993 soaculi
785 3936 986 3992 habitus
1000 3938 1117 4010 jam
1145 3944 1250 3989 tum
1278 3935 1453 4007 fuerit.

507 4029 667 4086 Initio
695 4032 945 4103 cujusque
973 4031 1177 4102 paginis
1202 4028 1417 4100 majoris
1442 4030 1624 4099 forma:
1652 4026 1850 4089 littera,
1878 4038 2037 4091 eaque

434 4126 657 4179 exterius
682 4166 695 4185 ,
734 4125 870 4196 picto
921 4132 1033 4189 est;
1071 4123 1300 4192 quamvis
1352 4138 1414 4175 ex
1447 4118 1763 4174 intermediis
1802 4117 2039 4171 dictionis

430 4232 541 4271 esse
559 4217 848 4285 contigerit.
877 4215 967 4271 Sic
993 4216 1146 4270 etiam
1174 4214 1396 4269 initiates
1418 4214 1598 4268 littera:
1635 4212 1882 4282 cujusque
1920 4226 2037 4265 ver-

430 4310 584 4365 siculi
604 4308 927 4382 grandiores.

508 4423 575 4478 In
603 4424 708 4494 [ine
745 4424 1121 4492 membrorum,
1150 4433 1241 4478 aut
1269 4423 1597 4494 periodorum
1632 4421 1777 4477 nulla
1823 4421 2037 4475 distinc-

2139 3214 2331 3284 factum
2353 3256 2368 3283 ,
2393 3214 2488 3269 erit
2517 3212 2571 3268 id
2600 3213 2724 3267 mihi
2754 3221 2857 3266 tant
2885 3219 3088 3284 gratum
3119 3251 3135 3278 ,
3163 3225 3319 3281 quam
3339 3208 3480 3281 quod
3504 3203 3722 3280 gratissi-

2138 3325 2186 3363 ηι
2193 3325 2297 3364 um.

2135 3508 2282 3565 Cels.
2313 3508 2371 3565 S.
2401 3508 2468 3565 R.
2495 3507 2534 3564 l.
2569 3507 2795 3580 principi
2823 3506 3062 3580 Josepho
3079 3506 3276 3564 Comiti
3298 3506 3515 3564 Tbunio
3528 3506 3723 3564 Sancta:

2207 3604 2501 3662 Gnrcensis
2556 3603 2810 3660 Ecclesite
2856 3603 3144 3674 episcopo.
3200 3601 3454 3659 Nicotaus
3498 3595 3721 3657 Forlosia

2209 3699 2704 3771 obsequentissime
2731 3713 2801 3756 ex
2832 3698 3015 3754 animo
3040 3697 3099 3753 S.
3132 3696 3195 3754 P.

2211 3886 2437 3961 Benigne
2484 3893 2539 3939 tu
2579 3884 2817 3954 quidem,
2870 3894 2927 3938 ut
2965 3883 3118 3949 soles,
3184 3883 3380 3938 celsiss.
3460 3880 3718 3954 princeps,

2136 3981 2274 4052 quod
2303 3977 2600 4050 Evongelici
2618 3975 2813 4032 codicis
2829 3973 3224 4045 descriptionem
3244 3989 3346 4028 non
3370 3973 3626 4046 ingratam
3646 3966 3716 4022 Cl.

2138 4075 2245 4128 viro
2293 4070 2602 4126 Blauchiuio
2625 4070 2802 4143 fuisse,
2848 4068 3108 4140 signiﬁces
3137 4081 3157 4121 :
3183 4066 3420 4137 apprime
3447 4077 3656 4132 namque
3673 4057 3721 4113 id

2141 4177 2343 4238 gratunt
2369 4206 2384 4232 ,
2435 4176 2480 4220 et
2503 4181 2628 4236 quas
2656 4181 2751 4237 par
2802 4173 2920 4229 est,
2964 4162 3124 4217 habeo
3168 4162 3402 4233 gratias;
3455 4160 3545 4216 sed
3578 4156 3719 4212 nolim

2143 4261 2324 4332 gratia:
2376 4258 2431 4313 id
2465 4257 2657 4331 apponi
2700 4256 2864 4322 mihi,
2916 4255 3053 4327 quod
3098 4257 3278 4311 merito
3330 4256 3433 4309 tuis
3466 4248 3718 4327 'porucrim

2129 4354 2333 4428 jussis.
2365 4364 2411 4407 et
2460 4352 2540 4406 illi
2578 4352 2763 4422 fuerim
2791 4349 3055 4404 commode
3084 4348 3372 4404 obsecutus.
3427 4347 3585 4412 Jam,
3637 4355 3719 4396 nec
3779 4342 3785 4353 ‘

2142 4446 2328 4501 minori
2347 4454 2477 4500 certe
2496 4444 2656 4499 animi
2686 4443 2952 4499 alacritate
2983 4442 3195 4498 studebo
3219 4486 3235 4510 ,
3283 4444 3337 4497 in
3362 4436 3715 4515 perquirendis,

431 4521 631 4574 tionum
655 4518 835 4591 signa,
872 4527 1057 4590 praeter
1078 4517 1457 4587 aliquantulum
1482 4517 1639 4588 spatii
1674 4516 1918 4587 majoris,
1972 4531 2035 4569 ac
2059 4512 2115 4575 D
2141 4540 2215 4594 ωε
2273 4538 2488 4592 mandas
2521 4578 2536 4602 ο
2584 4535 2805 4603 [latim-8’
2842 4538 2887 4591 ,ί
2933 4537 3021 4607 qm-
3044 4546 3160 4591 δυη,
3183 4577 3199 4603 ν
3243 4512 3422 4592 δασέα,
3449 4512 3717 4600 ἐσήμηνα,

429 4628 494 4667 ne
523 4612 578 4665 id
597 4611 803 4683 quidem
832 4626 1052 4681 semper.
1076 4608 1286 4665 Litteras
1314 4626 1488 4665 omnes
1517 4626 1660 4682 teque
1686 4611 1820 4665 inter
1845 4626 1899 4664 se
1924 4608 2034 4663 dis-

428 4714 574 4772 tant,
599 4704 744 4760 nulla
764 4704 939 4759 habita
966 4704 1119 4759 unius
1139 4703 1381 4759 dictionis
1407 4701 1470 4757 ab
1494 4704 1657 4757 altera
1685 4703 2030 4767 distinctione,

430 4797 533 4851 nisi
555 4813 697 4853 raro.
723 4797 803 4851 Ad
824 4797 977 4867 ﬁnem
1006 4795 1235 4867 periodi,
1254 4804 1342 4849 aut
1367 4794 1602 4850 versiculi
1623 4836 1638 4861 ,
1656 4794 1854 4848 nullunt
1871 4810 2036 4863 appo-

428 4889 583 4944 situm
624 4898 699 4943 est
731 4901 1009 4959 punctunt,
1057 4890 1148 4944 sed
1198 4897 1394 4943 tantuut
1427 4897 1538 4958 post
1582 4887 2033 4958 interrogationem
2074 4926 2081 4931 κ

429 4980 640 5034 unicum
668 4982 997 5054 oppingitur,
1031 4998 1192 5054 neque
1219 4981 1274 5035 id
1300 4996 1498 5053 semper
1519 4997 1538 5035 :
1563 4996 1676 5049 qua:
1702 4995 1781 5033 res
1808 4978 1876 5033 od
1898 4978 2035 5031 anti-

428 5071 675 5143 quitatem
715 5075 881 5143 facere
909 5076 1161 5130 videntur.
1192 5073 1294 5129 Ubi
1314 5071 1504 5127 Divina
1534 5073 1744 5127 nomina
1762 5072 1954 5142 scripto
1970 5086 2034 5125 ex

428 5181 560 5221 auro
588 5175 736 5232 sunt,
771 5166 839 5221 ad
877 5169 1011 5223 latus
1045 5179 1315 5236 postrema:
1342 5167 1522 5223 litterw
1550 5177 1794 5237 punctum
1821 5181 1883 5220 ex
1903 5181 2031 5220 auro

427 5260 782 5328 adscriptum,
835 5272 1045 5317 ornatus
1088 5265 1282 5334 gratia.
1332 5261 1659 5327 Dolendum,
1688 5260 1825 5331 quod
1841 5260 1988 5313 initio
2011 5299 2029 5325 ,

428 5353 532 5425 (ine
549 5395 564 5420 ,
588 5363 634 5409 et
654 5354 967 5408 intermediis
1003 5372 1201 5426 quoque
1220 5358 1362 5429 foliis
1388 5357 1452 5410 sit
1480 5370 1678 5429 quoque
1705 5353 1868 5408 codex
1913 5369 2027 5406 ntu-

427 5444 577 5501 tilus.

498 5556 732 5613 Continet
755 5566 922 5612 autem
948 5599 963 5626 ,
986 5558 1123 5628 quod
1147 5559 1258 5629 ejus
1297 5574 1556 5633 superest,
1590 5560 1870 5633 Evangelia
1895 5558 2025 5629 duo,

424 5662 541 5717 qua:
590 5658 886 5703 sanctorum
911 5648 1065 5704 Luco:
1115 5659 1162 5705 et
1208 5650 1374 5706 Marci
1427 5654 1706 5709 dicuntur:
1734 5664 1781 5709 et
1808 5652 2020 5725 quidem

419 5740 570 5808 juxta
596 5757 705 5794 eum
749 5741 1184 5813 editiourm,qute
1204 5742 1434 5816 Antilua
1474 5745 1655 5803 Italica
1706 5763 1738 5801 a
1782 5743 2025 5801 Potribns

2136 4632 2425 4695 codicibus,
2454 4630 2759 4703 quicumque
2786 4628 2958 4684 decem
2981 4627 3241 4701 prioribus
3269 4627 3573 4683 Christiana:
3605 4619 3717 4676 reli-

2138 4725 2309 4796 gionis
2337 4724 2542 4778 saeculis
2569 4723 2748 4792 scripti
2783 4764 2798 4789 ,
2822 4723 2876 4776 in
2898 4721 3035 4794 Aug.
3086 4722 3183 4776 hoc
3208 4721 3508 4776 bibliotheca
3535 4729 3717 4772 senten-

2137 4826 2240 4871 tur.
2296 4816 2463 4871 Unam
2510 4815 2832 4870 solummodo
2871 4813 2997 4869 mihi
3044 4815 3241 4871 veniam
3282 4824 3485 4889 petere,
3530 4820 3716 4866 necesse

2140 4920 2213 4964 est
2241 4927 2253 4963 :
2288 4926 2353 4963 ne
2378 4909 2572 4962 scilicet
2604 4950 2618 4973 ,
2653 4917 2754 4962 tam
2784 4925 3000 4981 propere
3043 4906 3101 4961 id
3141 4926 3173 4961 a
3194 4924 3272 4962 me
3304 4906 3538 4981 prtestari
3579 4913 3714 4976 posse

2138 5010 2278 5072 putet
2301 4998 2663 5055 Blanchinius.
2718 4996 2819 5053 Ille
2844 4998 3026 5052 etenim
3053 5014 3252 5052 amomo
3292 4999 3465 5056 Italia:
3492 4995 3612 5051 caelo
3635 5006 3712 5046 os-

2133 5105 2306 5151 suetus
2332 5137 2346 5162 ,
2374 5091 2584 5164 [rigoris
2605 5090 2828 5164 regionis
2850 5091 3006 5163 hujus
3027 5092 3259 5162 ignarus,
3302 5100 3350 5148 et
3378 5091 3512 5163 quod
3560 5084 3708 5159 potis-

2135 5189 2316 5244 simum
2345 5197 2451 5253 est,
2500 5183 2815 5241 bibliotheca:
2834 5196 3021 5239 nostra:
3045 5185 3239 5238 inscius
3263 5227 3278 5252 ,
3312 5187 3399 5240 vix
3442 5178 3707 5252 intelliget,

2133 5291 2239 5337 tam
2267 5297 2375 5337 esse
2400 5296 2489 5351 per
2504 5277 2722 5333 hiemem
2746 5277 3048 5333 adeuntibus
3077 5278 3334 5350 ingratout
3362 5320 3377 5343 ,
3408 5288 3455 5333 et
3497 5268 3709 5341 inhospi-

2132 5383 2239 5427 tam
2263 5414 2275 5436 ,
2307 5388 2459 5444 quam
2496 5380 2675 5428 testate
2704 5369 3011 5442 jucundam.
3037 5368 3167 5425 Cum
3214 5372 3439 5443 primum
3470 5368 3620 5440 igitur
3658 5356 3707 5411 id

2133 5466 2244 5528 fieri
2274 5467 2456 5538 poterit
2485 5507 2501 5532 ,
2526 5465 2580 5520 id
2626 5482 2704 5519 me
2750 5474 3046 5523 curaturum
3071 5465 3262 5538 recipio
3290 5508 3305 5532 ,
3335 5481 3396 5519 ac
3422 5464 3467 5520 si
3511 5456 3625 5529 quid
3645 5449 3706 5507 ad

2131 5561 2242 5632 ejus
2268 5576 2377 5616 rem
2400 5560 2557 5629 ,quod
2572 5560 2753 5632 faciat,
2775 5560 3140 5629 reperero,erit
3162 5553 3705 5624 mihivobis,obtempe-

2129 5668 2273 5708 rasse
2294 5662 2399 5708 tam
2429 5663 2631 5723 gratum
2649 5668 2800 5722 quam
2821 5651 2959 5721 quod
2980 5651 3351 5724 gratissimum.
3380 5650 3468 5708 Sic
3496 5657 3560 5714 te,
3591 5636 3699 5696 Cel-

2130 5746 2248 5801 siss.
2287 5747 2538 5816 princeps,
2564 5761 2656 5816 pro
2692 5738 2931 5801 Ecclesia:
2978 5755 3080 5800 tuae
3104 5744 3417 5801 incremento
3429 5741 3560 5799 Deus
3577 5729 3699 5805 θριδ-
