3968 6332
195 287 272 341 ﬁl
889 281 1226 344 EPISTOLA
1261 280 1624 340 BLANCl-IINI
1656 282 1748 339 AD
1787 279 2174 339 EPISCOPUM
2219 280 2658 340 GURCENSEM.

3331 284 3434 341 ιρι

187 423 282 458 mus
299 413 442 458 seri-et
462 445 476 470 ,
501 418 555 456 ac
568 410 742 472 optata
763 409 850 458 tua
868 406 1124 459 secundet.
1161 403 1302 459 l'ale.
1339 401 1669 470 Vindobomc,
1683 418 1734 456 a.

1856 420 2195 478 llolteudorll‘.
2245 422 2466 478 Membr.
2500 437 2624 479 saec.
2666 439 2759 490 xu,
2803 423 3040 480 continet
3073 421 3189 480 Vel.
3221 432 3274 482 et
3299 423 3432 480 Nov.

187 502 232 553 tl.
261 515 306 554 ι.
337 497 430 553 cal.
449 499 632 568 Aprilis
657 540 671 564 ,
700 497 860 554 1746.

190 611 381 667 Celsiss.
413 612 466 667 S.
513 611 573 680 Β.
609 610 648 664 1.
684 611 907 684 principi
958 612 1198 684 Joscplto
1243 615 1452 671 Thunio
1501 617 1736 674 Gurceu.

213 705 443 778 episcopo
468 703 714 760 Nicolaus
747 705 990 762 Forlosia
1015 707 1074 764 S.
1105 708 1164 762 D.
1191 708 1698 775 obsequentissime.

241 866 394 922 Simul
431 883 491 920 ac
527 868 658 922 acris
701 869 862 923 hiems
885 870 1237 941 prtecipiture,
1279 883 1326 926 et
1373 887 1460 926 uer
1501 883 1741 945 appetere

183 959 328 1030 cupit,
357 957 482 1012 nihil
509 957 636 1013 mihi
679 960 774 1031 fuit
805 961 970 1030 prius,
1015 977 1168 1032 quam
1211 973 1264 1017 ιιι
1305 963 1562 1018 ntandatis
1610 966 1736 1030 tuis,

183 1047 360 1104 Celsiss.
407 1049 664 1119 princeps,
717 1069 969 1122 parerem.
1013 1051 1227 1109 Latinos
1269 1055 1440 1125 itaque
1477 1072 1740 1112 sacrorum

182 1143 396 1196 librorum
423 1144 645 1210 codices,
689 1146 779 1217 qui
808 1147 862 1201 in
887 1148 1038 1221 .Aug.
1066 1146 1166 1202 hac
1191 1149 1495 1205 bibliotheca
1533 1167 1740 1207 seruan-

181 1245 264 1298 tur,
289 1235 609 1306 perlustrari,
653 1254 876 1308 quosque
905 1239 972 1294 ad
999 1240 1077 1296 Cl.
1125 1239 1422 1296 Blancltinii
1450 1253 1625 1315 aptata
1653 1247 1738 1314 fa-

179 1346 270 1386 cere
295 1331 474 1400 reperi,
505 1348 592 1387 eos
632 1319 972 1398 adnotavi,-et
1004 1335 1138 1400 ,Ituic
1166 1337 1396 1408 epistola:
1424 1355 1516 1408 pro
1547 1341 1740 1396 indicio

179 1423 452 1494 adscriptas,
479 1425 549 1478 ad
579 1435 626 1480 te
655 1427 822 1481 mitto.
857 1427 1009 1494 Quod
1037 1430 1082 1483 si
1109 1430 1234 1500 quid
1255 1448 1321 1486 ea:
1359 1435 1470 1505 ejus
1505 1450 1600 1487 usu
1630 1437 1742 1504 fue-

179 1515 250 1580 rit,
292 1517 377 1570 crit
423 1518 550 1570 mihi
598 1520 982 1590 gratissimum;
1013 1535 1090 1588 ut,
1119 1525 1304 1594 siqua:
1333 1525 1444 1580 loca
1469 1543 1585 1580 cum
1626 1527 1742 1583 Cle-

179 1609 370 1661 mentina
399 1607 630 1664 editione
651 1611 839 1666 collata
864 1613 1098 1681 coluerit,
1126 1615 1181 1668 id
1202 1633 1292 1686 per
1315 1619 1473 1672 otium
1499 1629 1742 1691 praestare

179 1717 258 1756 non
283 1703 556 1774 defugiam.
589 1701 724 1777 Ejus
751 1705 910 1776 igitur
955 1708 1224 1780 explorare
1251 1711 1316 1764 sit
1361 1711 1528 1778 labor,
1574 1729 1634 1766 ac
1665 1714 1740 1768 tui

1917 515 2064 571 Test.

1897 631 2063 703 Neap.
2091 631 2622 703 Membr.s:cc.xt).]
2661 636 2936 691 continent
2977 636 3139 692 Vetus
3200 647 3254 692 et
3297 636 3434 692 Nov.

1897 635 2063 703 Neap.
2091 635 2316 689 Membr.
2338 647 2465 688 stcc.
2483 635 2581 702 xt).
2661 636 2803 690 conti

1843 649 1873 797 ξ
1899 727 2303 798 Neap.Membr.
2319 635 2630 800 stcc.xtv).i
2659 728 2808 785 Tcst.

1843 844 2071 902 Codices
2099 848 2457 918 posteriorum
2481 847 2828 914 saeculorum,
2857 846 2948 918 qui
2982 855 3108 904 sunt
3139 847 3274 904 bene
3302 847 3440 904 mul-

1922 940 1983 1006 li,
2015 941 2144 996 nulli
2175 941 2262 998 hic
2290 942 2638 998 adnotantur.

1843 1102 2063 1160 Celsiss.
2092 1105 2148 1161 S.
2201 1105 2263 1160 ll.
2301 1105 2338 1160 Ι.
2396 1103 2622 1176 principi
2669 1103 2905 1175 Joscpbo
2946 1103 3156 1158 Thunio
3177 1103 3440 1160 Gurccnsi
3527 1130 3530 1134 ί

1926 1199 2222 1270 episcOpo,
2302 1197 2556 1254 Nicolaus
2633 1197 2873 1254 Forlosia
2958 1195 3442 1269 obsequentissime

1916 1291 1974 1349 S.
2010 1295 2069 1349 Ι).

1921 1432 2040 1489 Mea
2079 1434 2190 1502 tibi,
2223 1433 2430 1490 Celsiss.
2482 1435 2738 1506 princeps,
2783 1434 3000 1508 parendi
3046 1433 3238 1500 studia,
3264 1442 3312 1487 et
3359 1447 3444 1503 ge-

1845 1528 1992 1582 nium
2051 1528 2106 1581 in
2156 1529 2476 1602 hujusmodi,
2527 1546 2655 1598 quos
2703 1531 2783 1585 Cl.
2831 1527 3172 1583 Blanchinius
3233 1529 3442 1597 expetit,

1844 1619 2124 1686 laboribus,
2159 1622 2257 1674 nisi
2289 1622 2414 1674 satis
2454 1621 2665 1693 probata
2695 1619 2943 1676 hactenus
2986 1621 3125 1674 vobis
3174 1635 3279 1674 esse
3321 1635 3444 1674 con-

1845 1712 2085 1781 ﬁderem,
2115 1729 2172 1765 ea
2203 1714 2356 1784 facile
2385 1713 2654 1767 suaderent
2684 1723 2955 1784 postrema:
2976 1713 3042 1767 ad
3063 1722 3130 1774 te,
3160 1727 3288 1782 quas
3303 1710 3445 1776 dedi,

171 1795 342 1866 jubere.
374 1795 460 1852 Sic
493 1809 544 1851 te
589 1796 730 1853 Deus
773 1817 866 1871 pro
913 1797 1160 1856 Ecclesia:
1200 1811 1302 1858 tute
1344 1803 1495 1873 bono,
1541 1816 1588 1859 et
1635 1823 1744 1861 meo
1775 1810 1823 1870 B
1853 1805 2050 1858 (illene.
2099 1803 2164 1859 In
2187 1805 2250 1860 iis
2293 1807 2474 1860 ctenim
2519 1823 2622 1861 non
2651 1807 2842 1876 frustra
2885 1807 3052 1872 innui,
3101 1805 3144 1859 si
3186 1821 3299 1876 quae
3339 1821 3448 1858 ma-

179 1890 386 1957 prtesidio
409 1903 572 1946 servet
602 1891 930 1946 incolumem.
963 1893 1460 1964 l'aleJ’indobome,
1489 1915 1540 1951 a.
1578 1899 1631 1951 ιι.
1663 1915 1736 1954 ut.

178 1981 262 2036 kal.
283 1983 416 2050 mali,
451 1983 620 2040 1746.

181 2095 242 2149 Ex
279 2099 408 2168 Aug.
455 2095 785 2154 bibliodieca
834 2099 1078 2156 Caesarea
1127 2101 1523 2159 Vindobonensi
1567 2119 1748 2160 sacro-

236 2202 338 2242 rum
375 2189 675 2246 Bibliorum
706 2191 922 2248 Codices
945 2191 1098 2262 juxta
1125 2193 1370 2250 ordinem
1401 2195 1462 2252 V.
1499 2196 1560 2251 C.
1595 2196 1742 2253 Geu-

235 2282 397 2336 tilotii.

181 2393 230 2450 L.
257 2395 738 2470 Quinquagesimns
761 2401 932 2457 codex
965 2403 1156 2459 'l'hcol.
1193 2403 1412 2460 Latinus
1451 2415 1552 2470 εει,
1580 2423 1750 2461 mem-

233 2492 554 2560 branaceus,
598 2496 1030 2566 antiquissumis,
1078 2500 1177 2553 sub
1223 2499 1381 2553 linem
1415 2501 1593 2556 δειλαιιί
1657 2519 1748 2558 vtu

233 2595 313 2640 aut
358 2588 575 2643 initium
625 2606 700 2654 ix,
733 2589 928 2647 litteris
974 2590 1217 2646 rotundis
1249 2591 1481 2662 scriptus
1525 2595 1751 2664 sumpti-

234 2677 322 2734 bus
345 2680 590 2736 Radonis
631 2681 856 2738 Abbatis
887 2683 943 2739 S.
995 2683 1212 2738 Vedasti
1261 2685 1632 2742 Atrebatensis
1682 2687 1782 2740 ab.

233 2773 288 2827 Α.
311 2771 431 2827 Chr.
465 2774 604 2840 ⁸795,
643 2791 810 2847 usque
831 2776 896 2832 ad
921 2775 986 2831 Α.
1017 2777 1144 2832 815.
1170 2777 1266 2831 llic
1291 2793 1417 2832 vero
1446 2779 1749 2847 descriptus

233 2883 256 2920 ιι
287 2868 574 2926 Lambecio
609 2869 703 2926 lib.
736 2887 772 2926 ιι
831 2870 1288 2928 Commentarior.
1320 2888 1347 2927 a
1379 2889 1496 2943 pag.
1531 2873 1649 2939 402,
1683 2891 1750 2931 ex

234 2977 328 3032 quo
352 2975 615 3038 excerpta
647 2965 830 3021 retulit
853 2965 1088 3021 Iacobus
1116 2965 1190 3021 Le
1218 2965 1388 3036 Long,
1419 2966 1558 3022 Bibl.
1593 2968 1745 3024 Sacr.

175 3077 182 3082 ·
233 3055 370 3112 Tom.
399 3074 436 3125 ι,
474 3073 606 3130 pag.
653 3059 780 3120 556,
809 3059 1048 3113 continet
1078 3057 1246 3113 Biblia
1278 3058 1440 3113 Sacra
1473 3060 1751 3130 utriusque

233 3148 575 3206 Testamenli.
621 3150 872 3206 Codicem
903 3161 1061 3204 totum
1093 3151 1358 3204 ruinosam
1389 3149 1522 3205 falso
1564 3154 1748 3222 appoi—

231 3243 334 3310 lat-i,
365 3245 437 3299 ait
461 3245 821 3310 Gotttilotius,
867 3259 964 3298 nec
1002 3241 1138 3298 adeo
1185 3241 1235 3296 id
1268 3258 1455 3297 verum
1498 3257 1621 3298 esse
1653 3259 1745 3297 ue-

230 3345 308 3403 εει
335 3353 347 3389 :
387 3353 510 3390 nan:
545 3337 798 3410 fugientes
829 3335 1014 3389 alicubi
1041 3335 1258 3402 litteras,
1291 3334 1334 3387 si
1369 3333 1545 3388 oculos
1583 3335 1748 3389 inten-

230 3429 329 3498 das,
355 3431 662 3502 plerumque
688 3445 979 3500 asscquare.

1259 3520 1544 3576 cot'itinent
1576 3520 1744 3576 lliblia

1262 3619 1469 3676 Veteris
1515 3629 1566 3675 el
1611 3619 1746 3675 Novi

1260 3714 1613 3770 Testamenti.

173 3807 308 3864 XCV.
348 3808 802 3865 Membranaceus
853 3823 981 3864 sa-c.
1046 3825 1098 3862 ς.
1133 3808 1301 3864 codex
1351 3809 1572 3862 mutilus
1620 3821 1748 3860 eon-

230 3905 350 3959 tinet
375 3903 722 3982 prophetas.

187 3535 376 3644 iLXlV.
401 3569 853 3625 Membrauaceus
880 3567 1006 3622 anui
1036 3567 1198 3624 1541.

183 3648 376 3780 ξιιειιτ.
418 3685 872 3742 Membrauaccus
899 3701 1028 3740 saec.
1065 3683 1196 3753 xiv).

171 4016 258 4073 CL.
295 4019 738 4076 Membranaceus
771 4033 898 4074 smc.
935 4035 988 4085 x,
1023 4017 1260 4073 continet
1295 4027 1526 4088 quatuor
1573 4013 1749 4070 Evan-

227 4109 350 4183 sella
361 4155 373 4167 .

171 4225 367 4284 CCLIX.
409 4229 717 4286 Membra".
749 4245 876 4284 srec.
906 4245 962 4295 x,
993 4228 1241 4284 continet
1271 4228 1403 4282 Acta
1451 4227 1745 4299 Apostolo-

229 4337 356 4386 rum,
388 4323 688 4393 Epistolam
719 4321 926 4387 Jacobi,
958 4332 1012 4376 et
1045 4322 1142 4390 lip.
1177 4320 1320 4376 Petri
1353 4321 1598 4390 primatu.

167 4411 450 4471 CCLXXX.
493 4415 727 4471 Membr.
761 4429 888 4469 saec.
921 4413 1250 4480 xt,mutilus
1315 4413 1554 4468 continet
1595 4413 1750 4468 Salo-

229 4511 394 4564 monis
429 4509 754 4570 Proverbia,
777 4519 832 4562 et
860 4509 1053 4562 librum
1086 4507 1396 4577 Sapientitc.

165 4596 458 4657 CCCXLIII.
533 4601 832 4656 Membran.
885 4615 1011 4656 smc.
1073 4615 1158 4667 ιι,
1204 4600 1448 4656 continet
1509 4598 1820 4670 quatuorD

227 4689 530 4764 Evangelia.

163 4804 494 4864 CCCLXXXI
543 4819 598 4864 et
647 4807 918 4864 CDLVIII.
961 4808 1354 4864 Membrauacei
1425 4823 1552 4864 szec.
1613 4825 1739 4876 xw,

223 4903 376 4956 ambo
403 4905 692 4958 continent
718 4901 890 4956 Biblia
919 4903 1200 4972 utriusque
1231 4901 1584 4958 Testameuti.

181 4994 506 5052 ῖθωιχιιν.
551 4995 854 5050 Membran.
902 5010 1029 5052 sa-c.
1079 5011 1192 5060 xu,
1251 4997 1491 5050 continet
1537 4995 1744 5051 Psalte-

223 5089 354 5144 rium
391 5088 715 5144 Davidicum
747 5101 868 5142 cum
901 5086 1140 5143 Canticis
1169 5088 1340 5155 Isaiae,
1363 5096 1420 5142 et
1443 5089 1677 5144 caneris.

197 5173 303 5236 KC.
347 5183 654 5238 Membra".
695 5195 824 5235 saec.
871 5195 950 5235 xn
988 5181 1230 5234 continet
1281 5181 1484 5251 aliquot
1529 5179 1744 5236 Veteris

231 5275 362 5332 l‘est.
401 5277 590 5344 libros,
621 5286 676 5331 et
704 5283 932 5344 quatuor
963 5273 1277 5344 Evangelia.

199 5359 551 5425 “LXXXVII.
585 5367 813 5424 Membr.
857 5365 922 5422 Λ.
976 5365 1138 5433 1247,
1183 5367 1427 5424 continet
1475 5365 1643 5424 Vetus
1689 5377 1744 5423 et

261 5473 350 5516 av.
381 5460 536 5516 Test.

203 5545 420 5613 DCLIX.
464 5557 692 5614 Membr.
723 5571 852 5613 sate.
899 5543 1022 5619 xm;
1061 5555 1304 5613 continet
1337 5555 1458 5612 Vet.
1505 5563 1560 5611 et
1605 5553 1739 5610 Nov.

266 5640 366 5706 Τιι.

209 5731 526 5800 DCCXXV].
567 5745 861 5803 Membran.
892 5761 1018 5802 saec.
1053 5761 1163 5815 xiv,
1189 5746 1432 5802 continet
1473 5744 1607 5802 Nov.
1641 5744 1744 5801 Te-

274 5835 376 5894 ειειι,

1851 1899 2230 1968 nuscriptarum
2273 1900 2386 1953 loca
2430 1901 2650 1970 canferri
2692 1917 2808 1954 cum
2871 1898 3092 1970 Vulgata
3127 1899 3349 1954 editione
3391 1914 3448 1951 o-

1851 2004 2094 2060 perteret,
2146 2009 2226 2048 me
2273 1994 2326 2048 id
2377 1995 2744 2064 praeliturum.
2801 1993 2878 2048 Ea
2920 2010 3042 2049 sane
3081 1995 3298 2058 ratione,
3344 2008 3448 2064 qua

1853 2104 2084 2156 possum,
2129 2106 2208 2142 me
2239 2089 2327 2142 tibi
2371 2089 2550 2142 obtuli.
2588 2088 2764 2142 Talem
2795 2097 2960 2142 autem
3007 2087 3266 2157 inceptare
3307 2085 3450 2140 labo-

1852 2197 1980 2246 rent,
2027 2181 2320 2249 diutiusque
2383 2181 2689 2254 perdurare,
2735 2182 2786 2234 in
2817 2195 2918 2252 quo
2960 2179 3203 2233 incubare
3248 2178 3445 2242 oculos,

1853 2276 2065 2344 prOpius
2112 2275 2435 2340 admonendi,
2484 2285 2530 2330 et
2560 2275 2753 2346 figendi
2800 2289 2976 2340 causa,
3021 2289 3150 2343 opus
3194 2273 3278 2338 sit,
3325 2269 3450 2324 milli

1854 2373 1962 2438 fere
2008 2373 2208 2443 μύωπι,
2242 2387 2344 2424 non
2376 2371 2510 2434 licet,
2544 2386 2633 2442 per
2672 2370 2909 2439 pectoris,
2943 2385 3094 2439 quam
3126 2365 3313 2438 patior,
3352 2366 3450 2418 im-

1855 2462 2203 2518 becillitatem.
2261 2463 2450 2518 Sari-os
2499 2465 2671 2533 itaque
2717 2463 2917 2516 codices
2979 2460 3274 2531 conferendi
3322 2475 3450 2514 onus

1853 2556 2173 2626 suscipienti,
2206 2556 2390 2628 fallere
2419 2571 2622 2610 necesse
2669 2565 2820 2620 esset,
2869 2571 3021 2626 quam
3060 2553 3316 2608 exsolvere
3361 2569 3450 2607 ne-

1853 2665 2004 2718 queo,
2055 2649 2232 2717 ﬁdem.
2267 2650 2330 2702 At
2360 2649 2403 2702 si
2436 2652 2568 2718 forte
2596 2648 2706 2702 Iteic
2751 2647 3071 2718 reperiantur
3116 2655 3216 2700 tua:
3265 2644 3450 2699 diluce-

1853 2759 1964 2797 seos
1997 2745 2329 2798 ecclesiastici
2357 2744 2480 2806 duo,
2511 2760 2724 2813 quorum
2757 2743 3039 2814 diligentia!
3066 2742 3120 2796 id
3140 2741 3449 2796 committere

1855 2837 2042 2906 possis,
2071 2838 2146 2890 eis
2167 2853 2250 2891 me
2277 2837 2512 2902 libenter,
2548 2838 2598 2890 in
2625 2837 2896 2909 captandis
2921 2835 3234 2907 fugientibus
3268 2835 3448 2890 litteris

1853 2939 2041 3001 priesto
2090 2930 2324 3000 futurum
2389 2931 2653 3000 promitto.
2707 2928 2973 2995 Pluribus,
3025 2928 3304 2983 excusandi
3349 2927 3449 2982 mei

1854 3026 2045 3093 gratia,
2098 3022 2346 3090 abstineo,
2394 3040 2456 3076 ne
2491 3024 2555 3078 de
2602 3035 2689 3078 tua
2713 3039 2833 3094 erga
2860 3039 2937 3078 me
2969 3023 3329 3087 benevolentia,
3360 3030 3450 3076 aut

1855 3113 1918 3166 de
1947 3129 2030 3178 ea,
2059 3130 2160 3184 qua
2189 3117 2330 3187 apud
2366 3113 2732 3169 Blanclrinium
2777 3115 2936 3174 uales.
2987 3117 3054 3165 ad
3100 3113 3198 3184 ipsi
3241 3127 3452 3182 persua-

1775 3207 1820 3270 C
1854 3207 2078 3262 dendum
2106 3210 2433 3274 auctoritate,
2463 3207 2691 3280 diﬁidere
2719 3209 2910 3262 videar.
2955 3205 3204 3277 Equidem
3229 3215 3276 3260 te
3297 3206 3451 3260 etiam

1851 3318 1996 3374 rogo,
2027 3313 2078 3356 ut
2107 3303 2186 3356 illi
2233 3302 2543 3374 persuadeas
2569 3302 2644 3364 id,
2671 3301 2810 3370 quod
2836 3301 3056 3354 proxime
3082 3315 3144 3354 ea:
3167 3299 3328 3352 animi
3352 3299 3450 3353 mei

1850 3397 2099 3450 sententia
2125 3407 2378 3468 optarem,
2411 3405 2656 3468 prtestare
2679 3411 2781 3449 non.
2809 3410 2973 3463 posse,
3008 3403 3053 3446 et
3085 3392 3290 3446 dividite
3315 3407 3443 3446 esse.

1853 3489 1944 3546 Sic
1990 3500 2060 3560 te,
2108 3489 2315 3547 Celsiss.
2369 3492 2640 3562 princeps,
2695 3489 2762 3543 ι).
2816 3488 2880 3544 υ.
2919 3488 2995 3543 Μ.
3030 3489 3118 3542 diu
3147 3488 3448 3542 incolumem

1849 3593 2031 3637 seruet.
2061 3581 2209 3639 Vale.
2249 3583 2586 3648 Vindobona',
2633 3599 2684 3636 a.
2716 3583 2770 3636 d.
2803 3598 2889 3648 γι,
2921 3599 3044 3636 non.
3073 3580 3245 3644 Junii,
3284 3579 3444 3636 1746.

1925 3695 2052 3750 llaec
2100 3705 2244 3758 ειιιιι,
2293 3711 2412 3767 qua:
2454 3712 2518 3750 ex
2569 3697 2795 3765 Optimo,
2826 3704 2879 3749 et
2914 3695 3074 3765 lorgo
3119 3709 3298 3748 rerum
3346 3709 3445 3748 usu

1851 3787 2308 3844 exercitatissimo
2339 3788 2748 3843 bibliodteCario
2787 3803 3020 3852 mecum,
3064 3786 3448 3842 humanissime

1851 3879 2128 3951 princeps,
2172 3881 2606 3946 communicasti,
2653 3890 2706 3934 ut
2759 3879 3139 3950 intelligerent,
3187 3894 3277 3935 me
3315 3880 3446 3934 tanti

1853 3973 1954 4027 viri
1980 3973 2246 4028 amicitias
2275 3982 2367 4028 tuo
2397 3989 2621 4028 munere
2651 3971 2816 4027 fuisse
2864 3981 3206 4042 aucupatum.
3253 3971 3446 4026 Audivi

1851 4082 1880 4120 a
1913 4067 2164 4122 maximis
2197 4067 2346 4133 viris,
2381 4068 2578 4138 quique
2605 4067 2657 4122 id
2703 4067 2952 4122 iaeillime
2983 4082 3144 4122 nosse
3174 4074 3444 4136 poterant,

1855 4161 1907 4215 in
1945 4159 2350 4216 Vindobonensi
2399 4160 2652 4215 tlu-sanro
2683 4158 2842 4215 codd.
2893 4175 3024 4213 mss.
3067 4159 3269 4213 nullum
3299 4157 3444 4216 aliud

1852 4255 2156 4323 exemplum
2207 4267 2494 4324 superesse
2543 4253 2687 4307 illius
2741 4251 3006 4306 versiculis
3055 4251 3272 4318 Italicis,
3325 4266 3446 4322 quae

1853 4353 2170 4414 propagata,
2201 4346 2460 4415 (μιιιεὶιιιιε
2494 4360 2587 4412 per
2615 4359 2802 4398 manus
2835 4344 3022 4398 tradita
3055 4344 3174 4410 fuit,
3203 4355 3256 4399 et
3298 4359 3446 4398 sum-

1853 4453 1942 4492 mo
1973 4437 2154 4492 smdio
2184 4447 2386 4493 retenta
2435 4437 2486 4492 in
2523 4438 2788 4508 plerisque
2824 4436 3029 4490 Latinis
3060 4437 3323 4502 ccclesiis,
3355 4452 3447 4492 us-

1853 4545 1956 4600 que
1985 4531 2051 4585 ad
2085 4539 2326 4600 tempora
2355 4530 2413 4586 S.
2450 4529 2692 4601 Gregorii
2736 4530 2931 4598 Magni.
2965 4529 3306 4584 Sacerrimus
3355 4529 3444 4584 ille

1852 4625 2024 4680 codex
2056 4625 2107 4680 iu
2141 4625 2336 4695 pluteis
2365 4627 2626 4681 latitabal.
2659 4625 2736 4681 Τιι
2767 4641 2896 4680 vero
2922 4627 2973 4680 ill
3001 4641 3067 4680 co
3114 4625 3444 4681 conferendo

1857 4721 2060 4790 primus
2113 4721 2352 4775 otunium
2399 4722 2603 4775 uavasli
2652 4735 2904 4791 operam;
2955 4731 3008 4772 ιιι
3064 4735 3163 4790 ego
3220 4719 3444 4774 collatos

1853 4813 2006 4867 locos
2057 4812 2110 4866 in
2157 4813 2324 4868 hocce
2356 4812 2780 4883 Evangeliarintu
2810 4810 3152 4880 Quadruplex
3184 4810 3443 4877 inferens,

1850 4917 1972 4957 eum
2031 4901 2335 4958 Christiana
2381 4919 2495 4974 rep.
2543 4904 3012 4957 communicaret“.
3051 4901 3218 4956 Velim
3267 4909 3444 4953 tamen
3496 4969 3508 4982 .

1850 5011 1916 5053 ex
1950 5009 2002 5052 te
2051 4999 2233 5053 audiat
2260 4999 2341 5054 Cl.
2392 4998 2660 5065 Forlosia,
2707 5005 2963 5068 quantum
3009 5010 3109 5066 ego
3153 4994 3281 5048 mihi
3311 5010 3444 5048 con-

1853 5092 1996 5146 scius
2024 5091 2150 5158 sim,
2179 5101 2233 5147 et
2263 5095 2516 5163 proﬁtear
2541 5107 2626 5147 me
2653 5091 2751 5146 sibi
2775 5104 2990 5160 queque
3003 5088 3204 5144 debere
3225 5105 3239 5154 ;
3261 5104 3447 5159 quam-

1849 5201 1960 5258 que
1987 5186 2203 5241 bcatnm
2239 5203 2324 5242 me
2357 5187 2592 5241 inlurum
2625 5194 2828 5255 putem,
2871 5185 2915 5237 si
2969 5183 3098 5238 mihi
3150 5183 3446 5239 referenda:

1848 5279 2035 5350 gratia:
2085 5287 2327 5348 potestas
2357 5279 2532 5333 detur.
2568 5278 2798 5333 Litteras
2834 5285 2954 5331 tuas
2998 5277 3152 5332 valde
3198 5287 3442 5346 expecto,

1848 5371 1934 5426 vir
1967 5372 2406 5443 sapientissime;
2440 5386 2538 5428 nec
2571 5373 2700 5426 mihi
2731 5372 3020 5441 quidquam
3064 5373 3270 5442 gratius
3300 5371 3449 5426 acci-

1813 5479 1818 5484 '
1849 5463 1982 5520 dere
2011 5465 2229 5535 poterit,
2262 5481 2421 5535 quam
2467 5465 2511 5519 si
2557 5480 2644 5520 me
2679 5465 2771 5519 tibi
2815 5465 3015 5536 aliquid
3064 5475 3149 5518 tua
3183 5478 3341 5518 causa
3375 5463 3450 5517 la-

1852 5574 1976 5614 cere
1997 5559 2208 5630 jubeas.
2243 5558 2378 5614 N0vi
2412 5569 2486 5626 te,
2510 5559 2616 5615 mei
2647 5573 2772 5616 esse
2797 5560 3248 5615 ainatnissimum.
3298 5559 3449 5615 Nune

1851 5669 1986 5711 vero
2013 5663 2069 5710 et
2095 5655 2185 5709 alii
2214 5671 2279 5710 ex
2321 5654 2537 5725 scriptis
2582 5648 2700 5710 isﬁs
2733 5655 3049 5726 intelligent,
3081 5663 3277 5725 quanta
3309 5654 3452 5708 inter

1855 5763 1955 5803 nos
1980 5747 2340 5812 voluntatum,
2373 5761 2436 5803 ac
2478 5749 2782 5804 studiorum
2833 5747 3143 5818 conjunctio
3193 5747 3282 5801 sit.
3319 5744 3452 5801 Vive

1847 5841 1963 5902 ditt,
2009 5839 2204 5910 praesul
2256 5839 2680 5906 lnnuanissime;
2722 5841 2868 5907 vive,
2919 5849 2974 5894 et.
3019 5851 3350 5894 consenesco
3397 5837 3449 5893 in
