3968 6332
479 285 583 345 H3

1856 282 2392 344 PROLEGOMENA.

3650 286 3737 345 lii

478 401 673 459 studiis
725 402 851 456 tuis.
881 400 1265 473 Contempsisti
1295 400 1469 457 adhuc
1508 400 1723 472 juvenis
1763 415 1827 459 ea
1865 401 2067 469 omnia,
2095 401 2396 472 Aprtestiti
2438 401 2491 456 in
2547 410 2697 472 parte
2753 416 2823 469 ιι,
2882 416 3035 457 versa
3091 400 3251 472 hujus
3301 401 3569 458 editionis.
3623 404 3736 460 Pos-

480 511 600 566 quae
630 493 791 565 vulgo
816 494 977 549 etiam
1019 509 1047 548 a
1076 492 1295 549 senibus
1342 492 1557 548 maximi
1590 492 1742 547 fittnt.
1776 492 1965 559 Deum,
2016 501 2074 549 et

481 588 781 645 Ecclesiam
816 599 958 644 luam
991 588 1145 643 unice
1171 589 1395 658 cogitas.
1439 584 1560 642 Alia
1603 587 1786 641 omnia
1827 596 2067 642 contem-

483 685 595 750 nis,
625 684 876 754 quoniam
907 680 1076 749 ﬂuxa,
1104 690 1158 737 et
1179 680 1379 737 caduca
1407 690 1551 735 sunt.
1579 677 1760 735 Nostri
1787 694 1975 736 omnes
2022 688 2075 736 te

482 777 737 833 salutant.
791 777 973 832 Saluta
1019 775 1150 831 mihi
1201 784 1256 830 tu
1304 772 1462 829 isthic
1512 773 1577 830 D.
1625 773 1946 829 Forlosiam.
1992 771 2075 829 Ad

484 884 608 927 eum
639 871 880 928 scribere
913 885 1060 926 nunc
1088 885 1192 925 non
1226 869 1352 923 licet
1382 882 1475 939 per
1495 868 1877 938 occupationes
1906 886 1921 920 :
1953 868 2078 922 scri-

486 964 608 1020 bam
649 975 827 1019 autem
872 963 1208 1036 prepediem.
1252 962 1403 1028 Vale,
1434 972 1488 1018 et
1514 962 1581 1017 de
1627 961 1810 1018 Sacris
1858 961 2077 1018 Litteris

487 1060 688 1131 optime
716 1059 934 1126 mereri,
965 1057 1180 1130 quando
1211 1057 1261 1112 id
1291 1057 1373 1113 vel
1404 1057 1498 1111 nui
1530 1056 1625 1111 tibi
1658 1056 1896 1112 maxime
1923 1058 2072 1120 licet,

484 1168 554 1207 ne
597 1152 848 1207 desistas.
898 1151 993 1206 liis
1021 1160 1279 1222 quantum
1324 1148 1506 1215 studii,
1540 1148 1940 1221 diligentiaeque
1985 1150 2079 1205 ad-

486 1241 748 1307 hibueris,
784 1252 986 1298 tantum
1020 1253 1071 1298 te
1097 1241 1359 1299 Gurcensi
1410 1240 1689 1308 Ecclesiae,
1743 1242 2081 1314 publicazque

490 1337 729 1405 utilitati,
774 1339 858 1394 cui
909 1352 1126 1409 semper
1155 1336 1442 1393 consulere
1482 1336 1757 1402 studuisti,
1791 1337 2077 1407 elargitum

487 1446 609 1488 es»e
660 1447 988 1503 cognovero.
1060 1433 1137 1487 Ex
1187 1430 1413 1486 {Edibus
1468 1428 1866 1498 Vallicellanis,
1923 1431 2081 1488 nonis

486 1524 618 1597 Apr.
651 1524 810 1583 1747.

1117 1688 1449 1747 EPISTULA

916 1841 1195 1884 BLANCHINI
1232 1842 1301 1883 AD
1329 1841 1650 1884 Ιιιεειιιιιιι.

487 1966 805 2023 Clarissima
831 1976 887 2022 et
937 1966 1477 2023 benemerentissimo
1516 1966 1633 2022 viro
1674 1965 1869 2022 Joanni
1919 1963 2087 2020 Fran—

560 2060 705 2116 cisco
728 2059 973 2116 Musellio
1020 2068 1223 2114 sanctae
1254 2059 1581 2115 Veronensis
1624 2059 1881 2114 Ecclesiae
1919 2074 2087 2115 cano-

564 2158 685 2208 nico
721 2151 1193 2224 archipresbytero
1224 2150 1427 2222 Joseph
1456 2151 1783 2206 Blanchinus
1815 2150 2091 2207 Veronen-

562 2248 639 2303 sis
696 2247 978 2319 presbyter
1003 2248 1438 2318 congregationis
1478 2246 1713 2302 Oratorii
1764 2246 1822 2302 S.
1858 2247 2089 2319 Philippi

562 2341 708 2399 Nerii
735 2341 803 2398 de
830 2342 964 2398 urbe
989 2342 1222 2398 Salutem
1250 2354 1303 2399 et
1335 2344 1519 2398 vitam.

568 2464 754 2518 Annus
783 2464 887 2529 iam
917 2461 1093 2531 agitur
1116 2477 1203 2526 xv,
1234 2476 1302 2516 ex
1331 2476 1459 2532 quo,
1495 2476 1594 2532 pro
1624 2460 1880 2533 singulari
1914 2469 2005 2516 tuo
2027 2460 2094 2517 de

495 2556 679 2615 Sacris
731 2555 950 2612 Litteris
1000 2555 1383 2611 benemerendi
1436 2554 1652 2623 studio,
1708 2565 1897 2610 auctor
1961 2553 2094 2609 milii

495 2648 665 2712 fuisti,
700 2658 757 2702 ut
796 2648 1039 2705 codicem
1084 2649 1231 2703 illum
1262 2662 1587 2718 purpureum
1618 2647 1986 2704 celeberrima:
2018 2647 2097 2702 hi-

499 2742 786 2798 bliothecte
817 2742 923 2798 DD.
958 2743 1340 2798 canonieorum
1392 2743 1706 2813 amplissimi
1748 2743 1968 2813 capituli
1992 2742 2099 2800 Ve-

496 2836 767 2903 ronensis,
798 2837 955 2907 cujus
998 2837 1108 2906 jam
1158 2851 1259 2907 ego
1288 2853 1411 2906 pars
1442 2838 1544 2892 ima
1575 2837 1672 2904 lui,
1720 2847 1774 2892 ιιι
1818 2851 1978 2903 vero,
2011 2852 2101 2890 ar-

497 2928 874 3002 chipresbyter
906 2930 1376 3000 prtestaut'issime,
1416 2945 1689 2986 summum
1734 2946 1794 2986 es
1836 2941 2019 3001 caput,
2045 2938 2102 2986 et

500 3023 686 3088 decus,
737 3024 877 3095 typis
924 3024 1164 3088 ederem,
1216 3034 1377 3095 atque
1427 3023 1792 3090 illustrarem;
1843 3024 2100 3094 quoniam

501 3114 723 3172 exhibet
754 3115 1026 3185 antiquam
1056 3115 1298 3171 Latinam
1325 3115 1509 3170 Italam
1539 3116 1968 3183 translationem,
1989 3117 2099 3187 jam

2178 496 2406 552 teritatis
2451 497 2629 568 potius
2700 496 3017 568 adjuvandte
3094 496 3311 561 studio,
3369 506 3428 551 ιιι
3469 512 3553 552 me
3589 501 3735 553 vehe-

2174 597 2406 656 menter,
2438 600 2489 645 et
2514 590 2710 659 saepius
2732 605 2795 646 es
2823 590 3163 658 cohortatus,
3193 590 3444 659 efficiam,
3467 602 3529 647 ut
3547 592 3598 646 in
3625 609 3742 663 pra-

2176 683 2361 753 cipuas
2374 682 2618 754 ejusdem
2644 683 3001 755 Evangeliarii
3016 685 3277 739 lectiones
3299 685 3619 752 incumbam,
3639 702 3743 758 quas

2178 776 2380 833 abeunt
2408 793 2437 832 a
2467 788 2650 832 nostra
2678 778 2915 833 editione
2945 778 3169 851 Vulgata
3204 797 3217 833 :
3249 780 3403 850 sique
3451 796 3515 836 ac
3558 782 3745 837 ratione

2182 870 2464 926 catholicae
2507 870 2762 926 Ecclesia:
2802 871 2977 940 juvari
3019 886 3181 927 causa
3240 873 3470 941 poterit,
3522 882 3579 927 ut
3620 884 3748 930 certe

2181 974 2381 1036 potest,
2415 980 2745 1036 magnopere
2774 980 2936 1037 spero
2964 965 3099 1032 fore,
3128 977 3186 1021 ut
3216 979 3390 1037 neque
3414 976 3466 1021 te
3505 965 3659 1021 officii
3685 966 3748 1021 tui

2182 1062 2233 1117 in
2262 1077 2348 1117 me
2376 1061 2729 1123 cohortando,
2755 1076 2932 1133 neque
2959 1062 3392 1132 incomparabilis
3439 1061 3751 1117 liberalitatis

2180 1155 2398 1213 10mins
2429 1155 2468 1208 ν
2495 1197 2509 1221 ,
2544 1155 2885 1227 Portugallite
2916 1166 2969 1212 et
3003 1156 3380 1228 Algarbiorum
3413 1156 3557 1228 regis
3595 1159 3644 1213 in
3673 1157 3754 1212 ad~

2179 1248 2418 1320 juvando
2449 1248 2729 1318 poeniteat.
2792 1248 2870 1305 En
2914 1265 3045 1321 ergo
3089 1251 3482 1322 prtecipuornm
3537 1252 3751 1306 locorum

2184 1342 2554 1414 Florilegium,
2578 1340 2721 1414 quod
2744 1358 2815 1399 ex
2843 1340 2940 1400 SS.
2961 1344 3178 1399 Patrum
3202 1344 3758 1417 Antehieronymiano-

2185 1451 2302 1491 rum
2333 1436 2581 1507 operibus
2604 1436 2889 1507 diligenter
2914 1448 3249 1508 excerptum.
3269 1453 3409 1495 nunc
3438 1438 3503 1493 ad
3531 1447 3580 1494 te
3601 1440 3754 1493 mitto.

2184 1529 2485 1599 Antequam
2515 1544 2643 1584 vero
2669 1530 2849 1595 ordiar
2873 1539 2955 1585 tes
2966 1545 3059 1586 ere
3083 1533 3397 1587 eorumdem
3421 1531 3757 1596 collationem,

2185 1623 2325 1677 scire
2351 1630 2403 1675 te
2432 1620 2573 1686 volo,
2604 1620 2771 1676 fuisse
2799 1621 3110 1689 nonnullos,
3142 1623 3256 1692 qui,
3288 1624 3339 1677 in
3372 1623 3659 1680 Veronensi
3683 1639 3764 1679 co-

2186 1714 2307 1770 dice
2326 1714 2546 1770 Joannis
2574 1715 2752 1784 capite
2775 1728 2812 1780 t,
2845 1729 3003 1770 versu
3035 1716 3123 1785 15,
3155 1716 3248 1771 ubi
3278 1718 3502 1787 legitur:
3541 1718 3640 1785 Qui
3674 1733 3762 1773 non

2113 1811 2161 1872 B
2188 1825 2251 1865 ex
2269 1810 2539 1880 sanguine,
2563 1824 2725 1879 neque
2748 1822 2816 1865 ea:
2845 1809 3107 1863 voluntate
3124 1810 3316 1876 cernis,
3342 1826 3505 1881 neque
3519 1825 3583 1865 ex
3601 1810 3762 1864 volun-

2192 1912 2295 1958 tate
2314 1904 2431 1969 tn'ri,
2455 1903 2544 1957 sed
2571 1919 2634 1957 ea:
2657 1901 2763 1957 Dee
2793 1912 2944 1957 natus
2972 1912 3069 1967 est,
3095 1912 3319 1958 vetusta:
3345 1902 3505 1973 hujus
3535 1902 3761 1959 lectionis

2190 1998 2547 2067 ignoratione,
2580 2005 2706 2051 sunt
2735 1996 3002 2061 arbitrati,
3034 1997 3283 2055 codicem
3309 2006 3553 2053 nostrum
3580 1998 3643 2053 ab
3671 1996 3767 2051 hrc—

2191 2093 2373 2149 reticis
2399 2092 2562 2148 fuisse
2589 2103 2928 2161 corruptum.
2982 2091 3268 2146 Lubricam
3300 2093 3434 2147 mihi
3459 2091 3627 2147 fateor
3650 2095 3767 2146 hanc

2191 2202 2314 2243 esse
2345 2186 2740 2241 defensionem.
2773 2185 2904 2247 Nam
2933 2201 3030 2241 eos
3063 2202 3163 2257 ego
3201 2187 3385 2256 quanti
3432 2185 3641 2253 faciam,
3687 2201 3768 2239 no-

2194 2290 2341 2347 runt,
2364 2281 2688 2351 quicumque
2719 2294 2805 2335 me
2828 2288 3046 2334 norunt.
3076 2279 3180 2334 Res
3214 2290 3390 2334 tamen
3440 2279 3555 2348 ipsa
3596 2278 3770 2347 subigit

2194 2389 2302 2440 me,
2329 2381 2387 2428 ut
2415 2372 2586 2427 dicam
2623 2387 2718 2428 eos
2764 2371 3193 2441 reprehendendi
3225 2371 3506 2425 sacerrimi
3569 2370 3766 2433 codicis,

2198 2468 2356 2539 paulo
2377 2482 2535 2536 quam
2562 2482 2656 2537 par
2682 2475 2820 2532 erat,
2846 2465 3155 2537 cupidiores
3184 2465 3367 2520 fuisse.
3398 2464 3456 2521 Si
3498 2465 3654 2530 enim,
3687 2479 3768 2517 na-

2198 2569 2277 2613 tus
2299 2568 2392 2623 est,
2419 2558 2522 2629 ipsi
2556 2573 2817 2630 nusquam
2856 2556 2993 2613 forte
3019 2558 3142 2612 alibi
3177 2557 3442 2627 legerant,
3476 2572 3582 2611 non
3612 2554 3769 2609 statim

2198 2651 2615 2724 confugiendum
2639 2653 2718 2707 eis
2745 2661 2862 2707 erat
2889 2652 2956 2706 ad
2984 2651 3113 2706 illud
3138 2659 3195 2705 ut
3221 2650 3469 2707 dicerent
3494 2692 3510 2717 ,
3539 2650 3592 2706 in
3621 2648 3773 2702 omni-

2202 2745 2299 2800 bus
2334 2744 2581 2800 Patribns
2610 2744 2895 2813 scriptum,
2929 2744 3034 2797 nati
3063 2752 3206 2799 sunt.
3237 2741 3388 2811 Quod
3420 2742 3468 2796 si
3498 2741 3699 2801 Volunt,
3729 2746 3775 2791 ut

2201 2853 2301 2910 ego
2326 2836 2553 2907 alicujus
2576 2835 2770 2892 veteris
2791 2835 3074 2905 scriptoris
3107 2834 3373 2904 proferam
3400 2831 3770 2893 testimonium,

2202 2948 2235 2992 ιι
2260 2947 2366 3002 quo
2396 2930 2534 2984 illius
2565 2929 2813 2984 lectionis
2845 2930 3046 2984 mentio
3077 2927 3187 2994 fiat,
3215 2928 3339 2998 jure
3370 2928 3588 2998 quidem
3619 2926 3665 2980 id
3693 2940 3771 2993 po-

2203 3025 2423 3080 sntlant.
2455 3023 2585 3078 Nam
2617 3021 2920 3078 Veronensi
2951 3021 3121 3077 codici
3149 3037 3250 3092 ego
3271 3020 3489 3092 quidem
3516 3021 3777 3090 plurimum

2204 3119 2403 3183 tribuo,
2437 3132 2541 3171 non
2570 3123 2773 3170 tantum
2799 3124 2998 3181 tamen,
3025 3123 3083 3168 ut
3109 3116 3238 3168 satis
3266 3114 3547 3179 δίι,,αυτὸς
3572 3110 3677 3185 ἔφα.
3700 3109 3782 3162 Pa-

504 3212 629 3268 inde
656 3211 726 3266 ab
746 3212 1111 3283 apostolorum
1146 3210 1480 3281 temporibus
1528 3227 1625 3267 usu
1671 3202 1965 3282 receptam,
1994 3196 2098 3266 ml
2127 3203 2173 3269 C
2207 3222 2313 3268 tres
2339 3213 2481 3268 illius
2505 3210 2754 3268 lectionis
2777 3218 2942 3266 testes
2971 3209 3146 3266 habeo
3172 3208 3493 3289 locupletes,
3521 3207 3780 3268 lrcna'ttm,

508 3305 746 3375 terisque
795 3303 1072 3374 praelatatn
1123 3303 1216 3375 (ob
1257 3304 1548 3367 verborum
1582 3306 1946 3373 tenacitatem,
1978 3319 2101 3361 cum

508 3395 890 3469 perspicuitate
944 3396 1271 3468 sententiae)
1325 3396 1440 3452 fere
1505 3411 1676 3469 usque
1741 3396 1810 3454 ad
1886 3406 2104 3454 aetatem

510 3489 692 3546 Sancti
744 3488 991 3558 Gregorii
1037 3488 1234 3559 Magni.
1290 3490 1490 3556 Quare.
1542 3505 1665 3546 cum
1718 3504 1809 3546 tua
1861 3492 2108 3548 voluntas

512 3580 761 3637 maxima:
787 3583 920 3653 legis
943 3581 1072 3648 vim,
1100 3598 1197 3653 pro
1224 3598 1433 3639 summa
1465 3594 1551 3639 tua
1597 3599 1702 3639 non
1737 3584 1901 3641 modo
1927 3596 2111 3640 aucto-

514 3675 694 3742 ritate,
729 3689 913 3729 verum
946 3673 1109 3728 etiam
1138 3674 1423 3745 sapientia,
1456 3674 1703 3732 obtinere
1732 3676 1873 3747 apud
1896 3692 1983 3732 me
2014 3676 2112 3732 de-

513 3768 673 3835 beat;
700 3769 840 3825 scias
869 3768 1048 3835 velim,
1072 3787 1157 3827 me
1179 3771 1249 3826 ita
1273 3771 1593 3839 animatum,
1622 3773 1692 3828 ita
1722 3781 1969 3845 paratum
1994 3790 2116 3831 esse

517 3862 610 3917 tibi
645 3861 827 3918 hacin
857 3878 938 3932 re,
983 3872 1039 3919 ut
1067 3864 1122 3920 in
1145 3865 1397 3922 omnibus
1438 3867 1558 3921 aliis
1607 3866 1837 3925 libenter
1866 3868 2114 3940 obsequi,

517 3968 576 4014 ut
625 3974 733 4014 non
781 3958 1080 4016 detrectent
1134 3961 1428 4018 editionem
1474 3964 1790 4035 suscipere,
1841 3979 2025 4035 agere,
2064 3973 2122 4020 et

521 4062 801 4123 praestare,
855 4068 1073 4125 quoquo
1120 4054 1282 4110 modo
1331 4072 1572 4127 possunt.
1627 4058 1778 4112 Nosti
1827 4058 2123 4113 observan-

523 4149 649 4202 tiam
682 4163 881 4216 meam,
912 4157 1197 4222 postquam
1229 4152 1388 4205 etiam
1420 4150 1632 4208 Verona
1678 4151 1903 4207 discessi
1931 4193 1945 4218 ,
1981 4160 2039 4206 ut
2068 4152 2121 4207 in

526 4240 665 4297 hanc
693 4239 1174 4313 Congregationem
1208 4243 1392 4300 Sancti
1424 4244 1656 4317 Philippi
1701 4245 1849 4302 Nerii
1883 4261 1970 4303 me
1996 4261 2128 4303 con-

524 4332 725 4389 ferrem
756 4350 772 4391 :
816 4348 1031 4405 semper
1071 4336 1219 4392 enim
1250 4336 1349 4391 tibi
1379 4339 1749 4409 optemperavi
1778 4380 1793 4406 ,
1828 4349 1991 4410 atque
2022 4355 2126 4395 una

528 4426 632 4495 fui,
662 4428 853 4483 saltem
882 4430 1211 4486 commercio
1234 4430 1558 4498 litterarum;
1589 4433 1639 4489 itt
1665 4432 1861 4504 quibus
1886 4449 1991 4489 non
2030 4449 2130 4506 ego

536 4521 753 4592 quidem
786 4531 929 4578 tuam
958 4539 1146 4582 vocem
1173 4525 1356 4592 audio,
1390 4541 1563 4597 neque
1591 4536 1645 4583 tu
1669 4543 1869 4598 meam,
1898 4528 1993 4585 sed
2012 4544 2132 4601 qum

2209 3306 2633 3372 Tertullianum,
2707 3304 2791 3360 Jo.
2857 3302 3346 3375 Chrysostomutn,
3423 3299 3782 3371 Augustinum,

2211 3397 2467 3470 Vigiliqu
2522 3396 2851 3467 Tapsensent
2887 3434 2902 3461 ,
2954 3406 3006 3449 et
3074 3394 3334 3451 Joannem
3391 3393 3783 3449 Damascenunt.

2213 3493 2369 3549 Libet
2387 3492 2722 3562 singulorum
2755 3492 2918 3545 verba
2949 3488 3210 3560 proferre.
3238 3489 3296 3546 S.
3328 3488 3601 3555 lrenmus,
3633 3487 3717 3541 lib.
3738 3499 3787 3540 ιιι

2215 3599 2401 3644 contra
2450 3590 2693 3642 lltet'eses
2738 3584 3038 3641 luculenter
3066 3584 3463 3650 demonstrans,
3537 3594 3694 3637 unum
3745 3580 3792 3633 cl

2218 3683 2464 3739 eumdem
2479 3697 2598 3737 esse
2610 3680 2793 3738 Jesum
2811 3680 3108 3747 Christum,
3125 3678 3468 3750 Unigenitum
3488 3678 3579 3733 Dei
3595 3675 3791 3739 Filium,

2220 3792 2408 3833 verum
2460 3776 2689 3849 ,Deum,
2744 3789 2807 3829 ac
2865 3790 3050 3830 verum
3116 3772 3424 3840 hominem,
3482 3773 3655 3844 capite
3721 3782 3796 3824 xw

2222 3871 2408 3946 (Pag.
2481 3868 2620 3935 204,
2669 3869 2768 3925 cat.
2825 3869 2895 3937 ‘2,
2952 3885 3093 3923 num.
3140 3868 3220 3935 2,
3291 3870 3369 3923 lit.
3426 3870 3537 3939 ο),
3608 3868 3676 3923 ita
3724 3864 3794 3920 itt-

2223 3968 2337 4039 quit
2369 3984 2382 4020 :
2422 3983 2439 4016 t
2478 3964 2735 4020 Potuerat
2755 3962 2937 4018 dicere
2960 3962 3261 4027 Matthaens,
3293 3961 3421 4015 Jesu
3454 3977 3574 4017 vero
3613 3974 3801 4032 genera-

2230 4076 2250 4110 t
2298 4059 2369 4112 tio
2396 4059 2468 4111 sic
2497 4065 2643 4111 erat:
2687 4054 2779 4110 sed
2826 4056 3133 4125 prmvidens
3182 4052 3415 4126 Spiritus
3454 4053 3684 4109 Sanctus
3720 4051 3804 4104 tle-

2235 4170 2253 4204 t
2301 4162 2649 4222 pravatorcs,
2680 4156 2736 4203 et
2765 4146 3127 4216 prmmuniens
3171 4155 3359 4200 contra
3404 4142 3803 4200 fraudulentiam

2237 4262 2256 4297 t
2300 4258 2488 4299 eorum
2509 4285 2524 4310 ,
2556 4256 2651 4313 per
2675 4236 2983 4294 Matthteum
3011 4240 3084 4293 ait
3110 4256 3123 4293 :
3156 4236 3350 4293 Christi
3369 4248 3542 4292 autem
3569 4232 3806 4308 generatio

2238 4355 2257 4389 ι
2305 4338 2378 4390 sic
2412 4346 2561 4405 erat;
2607 4346 2660 4392 et
2691 4336 2945 4408 quoniam
2973 4332 3063 4388 hic
3079 4341 3164 4388 est
3188 4330 3497 4386 Emmanuel
3528 4348 3548 4386 :
3592 4344 3657 4385 ne
3684 4327 3810 4384 forte

2241 4448 2260 4482 ι
2309 4438 2511 4485 tantum
2565 4445 2688 4485 eum
2735 4427 3007 4483 hominem
3053 4433 3404 4495 putaremus,
3436 4424 3563 4499 (non
3594 4421 3814 4478 enimn

2243 4542 2261 4576 t
2310 4524 2570 4579 voluntate
2606 4522 2801 4588 carnis,
2830 4531 2994 4590 neque
3020 4534 3082 4574 ex
3112 4517 3371 4573 uoluntate
3395 4517 3513 4584 viri,
3548 4517 3635 4570 sed
3655 4529 3714 4568 ex
3736 4527 3815 4566 tte-

531 4615 651 4672 voci
680 4615 868 4671 subest
894 4631 1005 4684 res,
1050 4633 1171 4673 eam
1223 4617 1574 4675 nihilominus
1639 4621 1901 4691 percipio,
1969 4637 2129 4691 quam
2156 4615 2210 4677 D
2243 4637 2262 4671 ι
2311 4618 2506 4672 (untnte
2538 4615 2652 4683 Dei,
2697 4615 2917 4672 Verbum
2936 4630 3056 4669 caro
3079 4615 3273 4686 factum
3301 4612 3437 4683 est);
3471 4625 3646 4681 neque
3666 4609 3814 4663 alium

533 4725 657 4767 cum
707 4710 828 4766 istic
856 4711 1173 4767 canonicum
1202 4726 1442 4783 agerem.
1474 4712 1576 4770 Tot
1604 4729 1869 4770 annorum
1922 4714 2128 4785 lapsus,

534 4812 790 4874 tantaque
821 4803 1063 4859 locorum
1113 4804 1483 4876 intercapedo,
1532 4806 1852 4877 obsequium
1901 4821 2033 4877 erga
2080 4818 2133 4864 te

539 4910 718 4953 meum
750 4897 1061 4955 nullatenus
1091 4898 1449 4955 immutarunt
1480 4916 1494 4953 :
1522 4901 1690 4956 immo
1712 4901 1887 4971 ipsum
1904 4908 2134 4970 augetur

538 4990 593 5044 in
624 4990 763 5056 dies,
814 4992 880 5047 ad
924 5009 1303 5065 summumque
1332 4993 1667 5064 perducitur,
1695 4993 2136 5068 archipresbyter

540 5091 623 5138 ter
649 5084 896 5142 colende.
928 5088 1061 5143 Cum
1093 5088 1275 5158 itaque
1320 5086 1453 5143 nihil
1501 5086 1782 5142 habuerim
1841 5087 2137 5158 antiquius,

541 5178 785 5250 nihilque
815 5184 1240 5252 exspectaverim
1270 5182 1463 5253 magis,
1492 5192 1549 5237 et
1584 5181 1985 5236 observaverim
2013 5182 2141 5237 dili-

540 5274 777 5344 gentius,
807 5288 964 5342 quam
995 5283 1051 5329 ιιι
1081 5276 1233 5332 firma
1282 5275 1349 5331 ad
1396 5284 1448 5331 te
1473 5274 1761 5331 colendum
1818 5274 1989 5329 animi
2035 5276 2143 5330 mei

544 5365 835 5437 projiensio
860 5365 1040 5435 aliquo
1067 5368 1285 5437 publico
1310 5368 1405 5423 tibi
1433 5377 1640 5438 pateret
1665 5366 1874 5434 officio,
1926 5384 1994 5424 en
2039 5377 2143 5424 tute

545 5462 722 5516 libens
746 5474 893 5514 nunc
930 5460 1201 5530 obsequor
1228 5463 1525 5529 voluntati;
1565 5477 1726 5532 quam
1778 5476 1880 5531 ego
1928 5477 2145 5530 semper

545 5556 680 5611 tanti
709 5554 887 5611 facere
910 5555 1080 5619 soleo,
1114 5566 1170 5609 ut
1195 5557 1382 5613 eadem
1425 5556 1554 5613 mihi
1602 5558 1724 5611 loco
1761 5554 2022 5626 jussionis
2052 5555 2147 5609 ha-

545 5648 756 5704 beatur.
826 5646 1252 5718 Descriptionem
1308 5657 1486 5703 tamen
1531 5648 1737 5704 codicis
1789 5646 2149 5715 Evangeliarii

567 5741 896 5798 Veronensis
933 5783 949 5807 ,
990 5757 1024 5796 ν
1047 5741 1132 5795 vel
1162 5756 1217 5795 vi
1254 5743 1456 5796 saeculo
1508 5743 1717 5798 exarati
1743 5783 1758 5809 ,
1788 5741 1908 5797 heic
1939 5757 2045 5795 non
2075 5751 2157 5794 at-

561 5847 780 5904 texam,
813 5837 1067 5912 quoniam
1092 5837 1230 5895 liber
1257 5851 1424 5911 penes
1460 5851 1559 5894 vos
1596 5846 1700 5907 est,
1745 5849 1905 5915 atque
1953 5836 2006 5894 id
2051 5835 2187 5911 jam

2249 4732 2267 4765 ι
2315 4712 2531 4784 quidem
2556 4712 2764 4777 Jcsutn,
2798 4708 3025 4766 alterum
3050 4718 3227 4762 autem
3270 4706 3539 4761 Christum
3589 4701 3818 4774 suspica-

2250 4830 2268 4865 t
2317 4827 2499 4867 remur
2524 4809 2709 4876 fuisse,
2730 4808 2825 4864 sed
2854 4822 3020 4863 unum
3035 4815 3089 4861 et
3108 4804 3358 4861 eutndem
3380 4804 3643 4859 sciremus
3655 4816 3813 4856 8558.!

2246 4903 2311 4959 Et
2334 4918 2455 4973 cap.
2482 4918 2575 4957 xu
2598 4899 2691 4972 (P.
2720 4900 2849 4967 212,
2880 4901 2981 4955 col.
3010 4899 3066 4965 2,
3098 4914 3242 4951 nunt.
3265 4896 3323 4963 2,
3351 4898 3430 4952 lit.
3461 4896 3559 4966 ut),
3591 4893 3801 4966 ejusdeu

2245 4998 2388 5064 libri,
2459 5005 2516 5051 ut
2583 4995 2775 5066 probet
2830 5009 2897 5050 ex
2965 4992 3279 5062 Scripturis,
3354 4990 3604 5046 eumdem
3653 4989 3796 5045 .lesut

2245 5090 2520 5148 Christum
2574 5104 2760 5145 verum
2811 5103 2935 5144 esse
2989 5087 3085 5143 Del
3143 5086 3337 5142 Filium
3389 5100 3453 5141 ex
3516 5085 3626 5139 Deo
3683 5084 3795 5137 l’ate

2245 5184 2504 5257 genitum,
2566 5192 2620 5238 et
2692 5195 2878 5237 verum
2952 5179 3224 5235 hominem
3290 5177 3460 5233 filium
3507 5194 3571 5233 ex
3621 5175 3794 5246 Virgic

2249 5287 2452 5341 natum,
2484 5275 2660 5330 Esaiae,
2689 5273 2830 5346 (cap.
2862 5288 2975 5339 LIII,
2997 5271 3079 5343 8),
3100 5287 3163 5327 ac
3185 5272 3321 5344 (cap.
3350 5287 3480 5337 xvtt,
3508 5272 3566 5340 9)
3592 5263 3792 5326 Jeretite

2250 5371 2494 5439 geminos
2527 5368 2729 5439 profert
2758 5366 2927 5431 locos,
2958 5372 3016 5421 et
3043 5366 3117 5421 ait
3142 5383 3154 5418 :
3191 5383 3209 5416 t
3250 5365 3472 5433 Propter
3503 5364 3603 5418 hoc
3632 5368 3794 5434 germ-

2261 5481 2279 5515 ι
2328 5464 2517 5516 tionem
2547 5462 2659 5533 ejus
2684 5460 2800 5531 quis
2830 5457 3124 5514 enarra‘bit?
3151 5456 3404 5528 quoniam
3455 5456 3603 5510 homo
3648 5471 3703 5512 ea
3750 5453 3794 5499 εί

2263 5574 2282 5608 ι
2331 5558 2446 5627 quis
2470 5566 2711 5628 agnoscet
2741 5554 2900 5609 eum?
2930 5552 3219 5625 Cognoscit
3243 5563 3423 5608 autem
3455 5551 3601 5606 illttm
3644 5550 3672 5607 ἰ
3714 5537 3793 5595 cui

2267 5667 2286 5701 ι
2335 5649 2510 5713 Pater,
2547 5651 2635 5719 qui
2666 5658 2751 5704 est
2782 5648 2832 5702 in
2864 5646 3037 5711 caelis,
3089 5644 3349 5700 revelavit
3394 5661 3407 5697 :
3454 5656 3513 5698 ut
3559 5634 3788 5703 int-iisab

2268 5760 2288 5796 t
2333 5744 2585 5813 quoniam
2618 5743 2681 5808 is,
2717 5743 2805 5812 qui
2835 5758 2938 5797 non
2966 5757 3030 5796 ea:
3061 5740 3321 5795 uoluntate
3349 5738 3538 5805 carnis,
3581 5742 3696 5800 ιιμιο
3736 5736 3794 5780 (ε

2277 5855 2296 5893 ι
2348 5836 2606 5895 uoluntate
2647 5835 2741 5892 viri
2791 5844 2941 5892 natus
2987 5845 3059 5892 est
3115 5832 3255 5897 filius
3318 5821 3673 5900 hominis,JiC
3717 5826 3795 5878 εει
