3968 6332
260 305 344 362 iﬁlli

957 293 1294 353 EPISTULA
1333 289 1702 348 BLANCIIINI
1751 287 1842 346 AD
1883 281 2268 344 EPISCOPUM
2311 285 2756 342 GURCENSEM.

3418 281 3514 338 PG

257 441 272 472 ι
313 415 534 472 Christus
563 413 730 468 Filius
757 413 848 468 Dei
871 411 1000 468 vivi.
1035 411 1202 467 vllem
1225 425 1344 482 cap.
1375 423 1464 464 nt
1493 407 1650 479 (Pag.
1673 407 1804 474 2H,
1834 409 1888 470 Α
1913 415 2018 462 tam
2041 413 2398 476 exageranter
2439 403 2728 460 inculcavit
2775 417 2878 456 non
2925 415 2986 456 ea:
3024 400 3303 474 sanguine,
3333 415 3424 452 nec
3448 415 3514 452 ea:

251 511 336 563 col.
369 511 412 573 l,
441 525 492 561 ιι.
524 505 598 578 5),
630 515 968 570 ostensurus,
999 505 1258 574 Spiritum
1288 503 1382 558 Dei
1415 517 1512 572 per
1537 501 1812 568 apostolos

248 603 586 666 annuntiasse,
619 617 688 655 ex
721 599 938 670 Virgine
959 609 1142 654 natum
1163 613 1285 653 esse
1307 596 1644 660 Emmanuel,
1676 595 1812 650 insi-

247 711 384 767 gnem
411 693 574 748 Esaitc
601 693 796 748 recitat
827 692 1205 762 prophetiam},
1239 705 1587 760 pravamque,
1615 697 1670 743 et
1699 687 1812 743 hcc-

245 790 446 846 reticam
491 787 922 844 adversariorum
971 787 1476 858 interpretationem
1533 782 1811 850 confutet,

244 883 452 938 dicens:
491 901 510 934 ι
540 881 770 951 Propter
818 882 921 936 hoc
973 881 1150 946 enim,
1185 890 1238 935 et
1283 879 1352 934 de
1399 877 1578 932 fructu
1613 877 1816 932 ventris

251 999 266 1032 ι
307 979 412 1047 ejus
444 993 620 1048 regem
669 977 938 1047 promisit,
964 973 1103 1044 quod
1133 983 1253 1030 erat
1283 973 1558 1044 proprium
1587 971 1816 1042 Virginis

249 1091 266 1126 ι
305 1071 652 1144 praegnantis;
683 1077 736 1124 et
763 1087 870 1124 non
903 1069 970 1126 de
1001 1069 1176 1124 fructu
1209 1067 1516 1122 lumborum
1543 1065 1681 1136 ejus,
1714 1078 1816 1119 nec

247 1182 264 1218 ι
303 1167 365 1220 de
385 1166 554 1218 fructu
581 1179 774 1218 renum
801 1163 941 1234 ejus,
973 1161 1114 1232 quod
1142 1171 1224 1216 est
1245 1161 1524 1232 proprium
1567 1158 1669 1213 viri
1719 1173 1814 1228 ge-

244 1277 262 1312 t
303 1259 550 1323 nerantis,
583 1267 636 1314 et
662 1257 904 1312 mulieris
928 1272 992 1311 ex
1025 1257 1144 1309 viro‘
1167 1255 1578 1324 conceptionem
1607 1251 1814 1308 facien-

245 1373 260 1413 ι
305 1354 382 1406 tis.
407 1352 848 1421 Circnntscripsit
893 1351 1052 1422 igitur
1087 1349 1340 1420 genitalia
1369 1349 1468 1403 viri
1501 1347 1556 1402 in
1589 1345 1817 1417 promis-

245 1466 260 1498 ι
301 1449 442 1502 sione
467 1445 746 1515 Scriptura
779 1461 793 1497 :
829 1445 994 1498 immo
1017 1459 1146 1498 vero
1179 1457 1280 1498 nec
1323 1450 1815 1507 commemoratur;

245 1560 262 1593 ι
302 1539 542 1611 quoniam
586 1554 688 1593 non
725 1555 789 1594 ex
817 1541 1096 1594 voluntate
1125 1538 1224 1592 tiri
1255 1547 1392 1602 erat,
1423 1535 1512 1606 qui
1555 1535 1816 1591 nasceba-

243 1652 260 1684 ι
301 1643 397 1686 tur.
437 1651 454 1684 ›
493 1631 628 1686 Dein
658 1646 842 1686 veram
882 1631 1124 1699 ejusdem
1175 1633 1452 1700 prophetae
1491 1627 1816 1682 sententiam

239 1727 468 1794 explicat,
495 1733 554 1780 et
578 1723 866 1778 conﬁrmat
891 1723 1012 1778 aliis
1053 1733 1162 1777 tum
1196 1719 1455 1784 Danielis,
1501 1731 1612 1774 tum
1649 1717 1818 1772 Esaim

1915 501 2088 554 carnis
2119 497 2398 563 voluntate,
2423 498 2630 552 anteiri
2661 505 2880 560 uotum;
2914 495 3012 549 nisi
3039 493 3168 564 quia
3190 509 3253 548 ex
3297 509 3358 546 ea
3401 499 3519 546 erat

1915 605 2044 648 caro
2067 605 2225 662 quam
2247 607 2312 646 ex
2339 589 2626 644 concubitu
2653 597 2830 642 natam
2859 601 3018 641 nemo
3037 583 3344 640 dubitaret?
3371 593 3511 638 etc.)

1917 687 2072 744 Paria
2129 688 2289 743 habet
2335 686 2476 740 idem
2523 683 2886 738 'l‘ertullianus
2939 682 2992 736 in
3040 680 3228 734 eodem
3279 677 3416 732 libro
3447 678 3515 731 de

1917 781 2094 838 Carne
2113 781 2314 836 Christi
2343 793 2463 850 cap.
2492 777 2586 844 24,
2621 776 2706 832 tibi
2741 777 2942 843 locmn,
2973 775 3042 830 de
3067 789 3171 845 quo
3191 771 3394 838 scribo,
3425 767 3522 824 atl-

1917 891 2108 932 versus
2143 875 2406 931 Ebionem
2445 873 2602 927 affert
2639 889 2650 926 :
2686 890 2704 923 ι
2737 869 2861 926 ldeo
2893 889 2911 922 ι
2941 869 3112 938 inquit
3139 887 3156 920 ι
3188 867 3349 922 etiam
3379 863 3518 918 Mar-

1917 975 2127 1030 cionem
2161 970 2492 1042 prospiciens
2519 965 2774 1040 (Spiritus
2797 963 3074 1034 Sanctus):
3111 961 3225 1032 Ego
3255 977 3400 1026 sum,
3437 959 3519 1013 itt-

1917 1069 2054 1138 quit,
2089 1067 2252 1132 Deus,
2275 1073 2331 1120 et
2357 1064 2494 1118 alius
2526 1061 2732 1128 absque
2763 1075 2849 1114 me
2879 1073 2984 1112 non
3010 1065 3112 1112 est.
3151 1056 3215 1111 Et
3243 1069 3362 1110 cum
3387 1053 3521 1109 alias

1919 1162 2150 1233 idipsum
2181 1157 2376 1215 eodem
2408 1155 2566 1211 modo
2597 1155 2756 1220 dicit,
2789 1152 2971 1207 nescio
3009 1165 3142 1221 quas
3173 1149 3290 1203 illas
3317 1147 3522 1202 Valen-

1921 1254 2246 1310 tinianorum
2303 1265 2517 1306 (conum
2567 1245 2913 1317 genealogias
2957 1243 3158 1312 pulsat.
3191 1241 3278 1302 Et,
3314 1255 3418 1294 non
3458 1253 3522 1292 ex

1919 1347 2201 1417 sanguine,
2237 1357 2413 1412 neque
2437 1357 2504 1396 ex
2531 1339 2736 1404 carnis,
2770 1345 2825 1390 et
2855 1335 2954 1389 viri
2988 1335 3286 1398 voluntate,
3325 1329 3416 1385 sed
3459 1343 3524 1384 ex

1923 1442 2034 1496 Deo
2063 1450 2219 1494 natus
2249 1446 2352 1492 est.
2389 1453 2410 1488 ι
2447 1435 2676 1492 Sanctus
2697 1443 2913 1502 quoque
2935 1427 3174 1482 Joannes
3199 1423 3526 1496 Chrysosto-

1921 1549 2040 1591 mus
2067 1533 2132 1588 ad
2170 1530 2416 1588 eamdem
2463 1527 2748 1583 lectionem
2799 1521 2968 1578 nostri
3017 1516 3378 1588 Evangeliarii
3417 1513 3524 1570 Ve-

1919 1626 2172 1684 ronensis
2213 1625 2291 1698 (in
2333 1622 2516 1692 aliquo
2563 1617 2790 1690 proinde
2831 1614 3026 1672 Grieco
3065 1609 3365 1680 exemplari
3407 1624 3436 1662 a
3467 1621 3530 1662 se

1922 1729 2214 1791 repertm,
2267 1711 2596 1784 lectamque)
2639 1709 2852 1765 videtur
2905 1707 3232 1778 respexisse,
3278 1717 3400 1758 cum
3445 1699 3530 1754 in-

239 1817 536 1887 prophetiis,
571 1825 732 1886 atque
763 1817 832 1870 ita
856 1815 1132 1870 concludit
1163 1812 1256 1884 (P.
1300 1813 1429 1877 217,
1459 1828 1504 1864 c.
1536 1810 1592 1877 2,
1623 1828 1677 1864 ιι.
1711 1810 1766 1880 7)
1793 1828 1806 1864 τ

1933 1817 2033 1886 ιιιίι
2065 1830 2078 1868 :
2107 1815 2198 1868 Διά
2231 1817 2386 1867 τοῦτο
2407 1807 2560 1865 διπλῆ
2601 1807 2799 1880 ’γέγονεν
2843 1805 2874 1860 ἡ
2917 1802 3184 1875 γέννησις,
3225 1799 3310 1851 καὶ
3339 1795 3528 1849 ἐοικυῖα

246 1930 262 1964 ι
289 1910 505 1981 Propter
533 1909 640 1964 hoc
668 1919 845 1964 autem
869 1919 922 1963 et
949 1908 1134 1962 Daniel
1155 1905 1456 1978 praevidens
1479 1904 1594 1970 ejus
1617 1903 1818 1957 adven-

249 2015 264 2049 ι
307 2007 428 2064 ιιιιιι,
473 1997 712 2065 lapidem
745 1995 862 2050 sine
891 1993 1138 2050 manibus
1187 1993 1486 2058 abscissum
1533 1989 1818 2044 advenisse

247 2109 262 2142 ι
304 2091 348 2144 in
377 2089 514 2144 hunc
547 2089 807 2143 mundmn
852 2089 984 2158 (hoc
1021 2097 1104 2142 est
1145 2088 1312 2154 enim,
1344 2085 1486 2154 quod
1517 2085 1624 2138 sine
1649 2085 1820 2137 moni-

246 2203 262 2238 ι
303 2184 406 2255 bus)
435 2183 782 2255 signiﬁcabat
806 2181 956 2254 (cap.
989 2197 1172 2244 xxvnt,
1223 2179 1360 2234 Dan.
1403 2195 1462 2242 ιι,
1493 2176 1620 2249 54);
1650 2177 1817 2248 quod,

246 2296 262 2330 t
303 2293 398 2332 non
427 2277 787 2347 operantibus
812 2274 1058 2329 humanis
1085 2273 1355 2336 manibus,
1407 2272 1511 2326 hoc
1545 2281 1648 2332 est,
1680 2271 1822 2322 viro-

247 2387 260 2418 ι
303 2385 410 2424 rum
439 2369 684 2430 illorum,
717 2368 806 2438 qui
849 2369 1024 2422 solent
1057 2361 1262 2436 lapides
1289 2365 1522 2430 czedere,
1577 2364 1627 2418 in
1679 2362 1821 2418 hunc

247 2479 263 2514 ι
302 2463 556 2516 mundum
586 2459 705 2531 ejus
729 2459 994 2516 adventus
1029 2470 1177 2524 erat;
1207 2459 1256 2511 id
1287 2467 1390 2522 est,
1423 2473 1528 2510 non
1563 2463 1824 2526 operante

245 2573 261 2606 t
301 2556 348 2609 in
370 2572 486 2610 eum
531 2555 752 2624 Joseph,
783 2554 876 2609 sed
905 2553 1022 2608 sola
1049 2553 1214 2608 Maria
1238 2557 1566 2619 c0operante
1593 2550 1824 2618 disposi-

244 2668 260 2702 ι
301 2650 444 2705 tioni.
467 2649 578 2704 Hic
605 2648 751 2702 enim
786 2647 918 2717 lapis
949 2663 974 2698 ιι
1003 2655 1143 2702 terra
1172 2659 1234 2700 ex
1267 2644 1462 2698 virtute
1483 2653 1536 2696 ct
1560 2651 1674 2696 arte
1695 2655 1824 2696 con-

247 2763 262 2796 ι
301 2752 398 2798 stat
429 2743 552 2798 Dei.
587 2741 814 2812 Propter
847 2741 946 2796 hoc
975 2751 1151 2796 autem
1187 2747 1236 2792 et
1269 2737 1456 2793 Esaias
1484 2737 1555 2792 ait
1583 2754 1596 2788 :
1627 2735 1716 2790 Sic
1739 2736 1822 2788 di-

248 2856 263 2890 t
303 2839 364 2892 cit
407 2836 708 2892 Dominus:
743 2835 874 2890 Ecce
915 2849 1008 2904 ego
1045 2833 1190 2886 mitto
1225 2832 1278 2884 in
1325 2830 1662 2900 fundamenta
1699 2827 1826 2882 Sion

249 2951 264 2985 ι
307 2933 528 3002 lapidem
553 2931 856 2999 pretiosum,
889 2929 1127 2991 electum,
1181 2941 1456 2990 summum,
1507 2923 1824 2996 angularem,

249 3047 264 3081 ι
305 3027 682 3096 honoriﬁcum;
711 3024 786 3078 uti
819 3038 924 3078 non
969 3035 1032 3076 ex
1065 3021 1339 3074 voluntate
1373 3017 1490 3082 viri,
1521 3015 1614 3071 sed
1645 3031 1708 3070 ex
1735 3031 1830 3066 vo-

251 3141 266 3174 ι
307 3123 510 3178 luntate
545 3121 660 3184 Dei,
689 3118 975 3172 adventum
1001 3115 1142 3180 ejus,
1175 3113 1264 3184 qui
1309 3109 1604 3166 secundmn
1655 3109 1830 3164 homi-

1921 1911 2056 1980 ἡμῖν,
2079 1909 2163 1961 καὶ
2181 1901 2561 1981 ὑπερϐαίνουσα
2587 1903 2678 1958 τήν
2699 1896 2972 1972 ἡμετέραν·
3006 1893 3068 1948 τὸ
3102 1893 3190 1963 μὲν
3223 1889 3276 1942 ἐκ
3293 1887 3528 1963 ’γυναικὸς

1920 2001 2232 2077 γεννηθῆναι,
2267 1979 2384 2067 duo:
2421 1993 2716 2050 συνέϐαινε·
2773 1991 2826 2044 τὸ
2871 1987 2922 2044 δί
2970 1991 3038 2060 μή
3077 1983 3368 2055 ieiunitas.
3400 1979 3530 2053 μηδέ

1922 2074 1973 2148 ἔκ
1997 2095 2275 2164 θελήματος
2295 2087 2476 2161 ἀνδρὸς
2500 2085 2530 2146 ἧ
2561 2085 2776 2164 σαρκὸς,
2811 2080 2912 2138 ἀλλ’
2935 2081 2987 2134 ἐκ
3015 2079 3300 2150 “ardua-ro;
3327 2074 3524 2148 Ἀγίου,

1921 2194 2011 2248 τὴν
2041 2185 2460 2263 ὑπιρϐαἰνουσαν
2485 2181 2622 2252 ἡμᾶς
2649 2179 2737 2232 καὶ
2765 2180 2856 2234 τήν
2885 2173 3166 2246 μέλλουσαν
3177 2171 3528 2246 προαναφανεῖ

1921 2259 2170 2356 γέννησιν,
2195 2280 2254 2338 ἣν
2273 2279 2390 2350 ἡμῖν
2415 2273 2614 2348 ἔμελλεν
2633 2274 2686 2326 ἐκ
2704 2271 2990 2342 Desuper-ro;
3013 2263 3338 2343 χαρίζεσθαι.
3369 2259 3526 2314 Μεσ-

1923 2351 2020 2444 que
2063 2371 2256 2440 duplex
2303 2364 2556 2441 (Chiisti)
2606 2363 2862 2434 generatio
2911 2361 3046 2432 fuit;
3093 2368 3138 2411 et
3187 2369 3302 2427 quit:
3345 2351 3531 2407 similis

1927 2475 2112 2520 ποσίν-ω
2139 2471 2286 2528 esset,
2339 2471 2384 2514 et
2429 2473 2544 2528 qua
2589 2466 2814 2512 nostram
2845 2459 3196 2522 exsuperant.
3231 2445 3431 2501 Etenim
3459 2459 3524 2498 ea:

1931 2557 2146 2610 muliere
2167 2554 2311 2610 niuei
2337 2552 2478 2608 nobis
2499 2548 2771 2619 competit;
2797 2545 2938 2600 nasci
2965 2553 3132 2598 autem
3167 2557 3268 2594 non
3309 2555 3370 2593 ea:
3408 2553 3530 2592 sau-

1926 2650 2102 2720 guiue,
2135 2665 2236 2702 non
2263 2662 2326 2700 ea:
2353 2647 2610 2700 uoluntate
2657 2642 2751 2694 m'ri
2767 2682 2782 2706 ,
2815 2649 2861 2694 et
2891 2638 3061 2692 carnis
3082 2677 3095 2702 ,
3130 2635 3218 2688 sed
3240 2649 3302 2687 ea:
3328 2631 3532 2704 Spiritu

1931 2741 2142 2806 Sancto,
2187 2740 2566 2810 generationem
2615 2752 2706 2790 nos
2745 2741 3150 2801 exsitperantem,
3205 2738 3252 2782 et
3302 2731 3530 2800 futurum

1931 2836 2263 2910 prtcmmtiat,
2295 2849 2407 2902 qua:
2436 2847 2500 2886 ea:
2529 2831 2716 2899 spiritu
2761 2827 2904 2880 nobis
2933 2821 3259 2878 concedenda
3304 2827 3431 2873 erat.
3467 2817 3533 2871 Et.

1931 2940 1989 2985 ut
2020 2928 2356 2984 hat-cleriora
2387 2926 2517 2988 sint,
2549 2923 2804 2992 quoniam
2851 2936 2956 2973 non
3000 2915 3304 2979 manifesta,
3355 2913 3532 2967 locum

1931 3033 2098 3087 certe,
2129 3037 2290 3090 quem
2313 3017 2622 3090 subjiciam,
2651 3013 2946 3070 conciliare
2983 3011 3216 3080 aliquam
3261 3007 3388 3061 huic
3423 3005 3540 3076 cpi-

1931 3117 2084 3172 stola?
2121 3115 2376 3184 gratiam,
2406 3125 2468 3166 ac
2501 3109 2708 3180 pondus
2753 3117 3118 3163 controversa:
3165 3100 3403 3167 lectioni,
3452 3097 3540 3152 Vel

249 3233 266 3266 ί
305 3230 420 3270 "em
462 3225 578 3280 es"
619 3211 1002 3276 ἱιιιθυίιιθῖηυε-
1041 3225 1060 3260 δ
1101 3207 1322 3260 "enim"
1355 3203 1446 3258 ml-
1499 3219 1552 3268 νς
1597 3217 1717 3270 παρ·
1772 3201 1822 3266 ί.
1855 3211 1901 3276 C
1931 3211 2070 3281 apud
2115 3209 2427 3263 fastidiosos
2475 3205 2854 3266 aestimatores,
2889 3208 3086 3272 potest.
3120 3196 3311 3264 itaque
3339 3193 3394 3246 S.
3420 3193 3536 3247 Au-

245 3307 532 3364 lucuh-nter
551 3303 810 3368 ostendit,
842 3301 1203 3364 Valentinum,
1227 3314 1290 3352 ac
1311 3299 1596 3358 Ebioncm,
1627 3297 1716 3365 qui
1747 3295 1832 3350 ln-

245 3403 606 3455 carnationcm
657 3397 776 3452 Filii
829 3394 922 3450 Dei
975 3409 1039 3448 ex
1089 3392 1256 3446 Maria
1313 3389 1576 3461 Virgine,
1627 3388 1830 3458 Spiritu

247 3491 424 3548 Sancto
449 3498 720 3561 operante
747 3487 936 3542 factam
963 3483 1314 3554 respuebant,
1341 3497 1559 3536 manere
1583 3479 1634 3534 in
1663 3479 1828 3534 veteri

245 3587 358 3641 Αιιςι·
378 3583 754 3646 damnatione,
785 3587 944 3648 atque
995 3579 1066 3632 ita
1105 3575 1384 3632 concludit
1417 3593 1430 3628 :
1471 3593 1488 3628 ι
1525 3574 1640 3630 Non
1687 3575 1830 3628 enim

251 3697 266 3730 ι
308 3677 482 3749 eli'ngit
513 3673 806 3746 aliquando
835 3672 1006 3726 Adam
1039 3685 1231 3726 manus
1259 3671 1376 3736 Dei,
1410 3669 1474 3724 ad
1499 3685 1634 3738 quas
1677 3669 1836 3724 Pater

250 3793 266 3826 ι
309 3774 552 3844 loquens,
583 3770 752 3824 dicit:
785 3766 1068 3822 Faciamus
1117 3765 1374 3820 hominem
1422 3765 1490 3818 ad
1537 3765 1832 3832 imaginem,

254 3883 270 3916 ι
313 3877 354 3919 et
381 3863 774 3920 similitudinem
807 3872 1056 3916 nostram.
1115 3858 1185 3914 Et
1225 3868 1446 3929 propter
1495 3859 1596 3912 hoc
1638 3857 1691 3912 in
1731 3859 1838 3914 line

253 3977 268 4010 ι
311 3975 408 4013 non
439 3974 510 4014 ex
547 3955 826 4010 voluntate
856 3955 1056 4018 carnis,
1087 3969 1262 4024 neque
1308 3968 1372 4007 ex
1400 3951 1674 4006 voluntate
1714 3951 1836 4018 viri,

253 4069 268 4100 ι
309 4051 397 4122 sed
427 4065 492 4106 ex
530 4049 728 4119 placito
760 4047 933 4102 Patris
981 4061 1172 4101 manus
1223 4044 1339 4114 ejus
1385 4044 1562 4098 vivum
1596 4043 1836 4111 perfece-

254 4161 269 4194 ι
311 4151 430 4196 runt
461 4141 766 4204 hominem,
801 4139 873 4194 uti
905 4137 998 4192 ﬁat
1026 4137 1195 4192 Adam
1223 4137 1518 4192 secundum
1551 4135 1840 4207 imaginem

255 4252 271 4286 ι
313 4247 360 4290 et
381 4232 796 4290 similitudinem
847 4231 962 4286 Dei.
1001 4247 1020 4283 ι
1057 4229 1191 4284 Vide
1221 4245 1374 4299 ergo,
1409 4229 1490 4284 vir
1513 4225 1621 4294 CL,
1667 4244 1734 4286 an
1779 4227 1840 4294 ii,

250 4330 330 4400 qui
357 4339 542 4399 putant
579 4325 868 4382 lectionem
915 4323 1246 4380 Veronensis
1299 4321 1660 4394 Evangeliarii
1693 4321 1844 4376 nullo

249 4424 402 4478 veteri
447 4421 766 4478 testimonio
815 4419 999 4474 fultam
1047 4434 1190 4482 esse,
1241 4417 1450 4472 veritati
1509 4417 1684 4472 Iitent.
1735 4415 1844 4472 Sed

250 4516 412 4584 placet
439 4516 546 4570 alia
575 4529 790 4585 quoque
811 4512 1114 4568 testimonia
1141 4525 1462 4582 proponere,
1487 4526 1550 4566 ac
1571 4511 1624 4568 in
1650 4508 1844 4581 primis

1932 3305 2179 3376 gnstintts
2220 3303 2269 3357 in
2301 3302 2439 3356 libro
2463 3297 2876 3354 Confessionutn
2905 3309 3004 3358 vn,
3031 3307 3150 3360 cap.
3179 3291 3234 3350 9,
3266 3287 3340 3341 ait
3370 3305 3381 3339 :
3412 3303 3430 3337 ι
3467 3284 3537 3339 Ει

1935 3399 2112 3470 primo
2141 3397 2335 3452 volens
2367 3392 2658 3448 ostendere
2699 3388 2852 3452 mihi,
2891 3399 3058 3456 quam
3093 3383 3318 3438 resistas
3347 3393 3538 3448 supcr-

1937 3493 2040 3556 bis,
2069 3489 2360 3545 lntmilibus
2387 3497 2566 3542 autem
2595 3485 2692 3538 des
2717 3483 2964 3552 gratiam,
2996 3487 3052 3534 et
3076 3487 3270 3549 quanta
3323 3471 3538 3527 miseri-

1937 3585 2122 3642 cordia
2147 3595 2232 3638 tua
2256 3583 2626 3636 demonstrata
2655 3577 2726 3630 sit
2747 3573 3054 3630 hominibus
3075 3572 3156 3624 via
3187 3566 3524 3630 humilitatis,

1937 3679 2080 3749 quod
2119 3676 2352 3731 Verbum
2407 3685 2556 3728 tuum
2587 3686 2713 3727 caro
2765 3671 2962 3724 factum
3021 3671 3125 3728 est,
3177 3672 3234 3718 et
3286 3658 3542 3716 habitavit

1939 3771 2082 3826 inter
2107 3770 2388 3834 homines;
2453 3764 2752 3835 procurasti
2785 3763 2915 3816 mihi
2967 3775 3065 3831 per
3111 3755 3400 3828 quemdam
3445 3753 3544 3807 bo-

1938 3858 2582 3924 minem,‘immanissimo
2611 3855 2774 3926 typho
2806 3852 3095 3922 turgidum,
3117 3847 3382 3918 quosdam
3415 3843 3536 3898 Plao

1941 3955 2238 4010 tonicorum
2294 3951 2460 4006 libros
2505 3964 2572 4004 ex
2623 3947 2810 4004 Grmca
2845 3945 3021 4014 lingua
3051 3942 3103 3995 in
3135 3938 3384 3996 Latinam
3423 3953 3538 3990 vcr-

1887 4053 1895 4058 ’
1939 4065 2070 4116 sos;
2097 4057 2152 4104 et
2183 4047 2252 4103 ibi
2279 4047 2404 4117 legi,
2437 4060 2542 4100 non
2567 4041 2784 4114 quidem
2811 4039 2894 4092 bis
2916 4036 3116 4099 verbis,
3143 4033 3236 4088 sed
3267 4032 3367 4085 hoc
3400 4029 3540 4083 idem

1942 4141 2163 4198 omnino
2197 4133 2892 4203 multis,etmultiplicibus
2947 4127 3163 4184 suaderi
3221 4123 3542 4187 rationibus,

1943 4235 2166 4306 quodin
2189 4231 2444 4304 principio
2475 4239 2582 4284 erat
2617 4226 2855 4292 Verbum,
2889 4226 2936 4279 el
2991 4221 3206 4275 Verbum
3249 4228 3362 4272 erat
3405 4214 3548 4287 apud

1945 4329 2130 4394 Deum,
2165 4337 2211 4381 et
2263 4325 2403 4382 Deus
2445 4333 2554 4377 erat
2607 4319 2846 4376 Verbum.
2885 4315 2997 4372 lico
3049 4325 3155 4368 erat
3205 4313 3256 4366 in
3293 4307 3548 4383 principio

1944 4423 2085 4493 apud
2117 4420 2318 4474 Deum:
2341 4416 2514 4472 omnia
2544 4430 2633 4484 per
2661 4414 2830 4482 ipsum
2861 4414 2998 4482 facta
3037 4415 3171 4470 sunt,
3205 4414 3254 4458 et
3293 4403 3406 4457 sine
3433 4402 3547 4470 ipso

1947 4520 2140 4587 factum
2161 4523 2232 4568 est
2257 4511 2410 4568 nihil.
2441 4507 2594 4576 Quod
2623 4507 2816 4575 factum
2838 4513 2910 4558 est
2935 4503 2990 4557 in
3013 4517 3096 4565 eo,
3125 4500 3228 4553 vita
3245 4505 3347 4560 est,
3375 4507 3422 4548 et
3445 4495 3550 4546 vita

252 4607 500 4679 insignem
526 4605 814 4678 quemdam
842 4603 1160 4660 Tertulliani
1191 4605 1388 4668 locum,
1421 4603 1472 4658 in
1497 4618 1604 4674 quo
1629 4611 1829 4667 tamen,

1941 4621 2050 4665 erat
2080 4607 2170 4662 luat
2191 4606 2473 4666 hominum,
2507 4611 2554 4657 el
2583 4602 2675 4656 lua:
2709 4601 2763 4654 in
2811 4597 3028 4654 tenebris
3065 4597 3217 4661 lucet,
3248 4600 3292 4645 et
3328 4587 3548 4642 tenebrw

251 4701 330 4772 qui
355 4717 412 4756 se
444 4713 688 4756 veterum
721 4699 1048 4768 scriptorum
1091 4696 1246 4767 quasi
1297 4696 1540 4752 medicos
1567 4711 1688 4752 esse
1713 4695 1831 4766 glo-

251 4792 704 4862 riantur,latentia
731 4793 912 4848 ulcera
933 4793 1228 4864 (inoptimis
1251 4791 1550 4860 quibusque
1563 4789 1838 4844 codicibus

253 4905 350 4944 non
371 4887 707 4960 apparentia)
725 4887 1156 4960 deprehendunt.
1173 4885 1392 4956 Legitur
1413 4887 1588 4955 itaque
1611 4884 1676 4938 ad
1699 4883 1841 4938 hunc

253 4989 462 5037 modum
490 4983 540 5037 in
569 4981 708 5036 libro
736 4980 804 5035 de
829 4978 1002 5034 Carne
1031 4977 1254 5034 Christi.
1276 4992 1394 5048 cap.
1415 4977 1502 5042 19,
1527 4977 1615 5032 ubi
1629 4975 1846 5032 disserit

253 5075 506 5130 adversus
535 5075 942 5130 Valentinianos
977 5091 990 5127 :
1030 5091 1048 5126 ι
1096 5072 1234 5142 Quid
1275 5081 1360 5128 est
1401 5088 1534 5143 ergo
1565 5089 1580 5128 :
1611 5072 1728 5128 Non
1775 5088 1844 5128 ex

265 5176 528 5242 unguine,
565 5185 740 5241 neque
801 5185 866 5224 ex
909 5169 1182 5224 voluntate
1223 5168 1422 5234 carnis,
1447 5183 1622 5238 neque
1650 5184 1714 5222 ex
1745 5183 1842 5224 vo-

287 5276 452 5320 mtatc
475 5264 592 5326 viri.
620 5263 714 5318 sed
743 5279 808 5318 ex
837 5263 944 5316 Deo
976 5268 1132 5314 natus
1157 5259 1280 5315 est?
1311 5260 1421 5314 Hoc
1453 5260 1670 5330 quidem
1696 5263 1838 5330 capi-

299 5357 478 5426 tloego
497 5357 820 5426 potiusntar,
845 5369 1008 5425 quum
1039 5353 1434 5408 adulteratores
1455 5354 1572 5422 ejus
1603 5353 1846 5409 obduxe-

303 5457 323 5496 Γ
357 5449 448 5505 Sic
477 5451 618 5504 enim
641 5449 902 5518 scriptum
935 5461 1055 5502 esse
1081 5447 1407 5502 Contendunt
1447 5467 1459 5500 :
1494 5445 1615 5502 Non
1641 5463 1704 5500 ex
1725 5463 1848 5502 sano

243 5569 248 5574 ι
302 5549 425 5604 gite,
457 5556 545 5594 nec
565 5556 628 5595 ea:
648 5539 820 5594 carnis
841 5539 1120 5596 voluntate.
1147 5553 1239 5591 nec
1279 5553 1344 5592 ea;
1369 5536 1498 5610 uiri,
1531 5536 1620 5590 sed
1649 5553 1711 5591 ea:
1735 5535 1846 5591 Deo

305 5641 404 5686 nos
427 5631 540 5686 est?
579 5631 1046 5700 .....lntelligimus
1073 5645 1204 5700 ergo
1232 5644 1301 5684 ex
1331 5629 1619 5684 concubitu
1649 5631 1844 5684 nativi-

312 5727 426 5782 mn
463 5727 670 5782 Domini
700 5735 968 5798 negatam,
1017 5726 1160 5795 quod
1201 5724 1344 5794 sapit
1369 5724 1616 5780 voluntas
1649 5725 1766 5790 viri,
1797 5733 1854 5780 et

327 5825 474 5892 Cattis,
513 5839 614 5882 non
645 5839 710 5880 (ιχ
738 5821 912 5878 vulva?
943 5821 1370 5896 participatione.
1405 5821 1472 5882 Et
1517 5821 1644 5894 quid
1671 5822 1855 5894 utique

1946 4717 2060 4758 eam
2103 4717 2205 4754 non
2249 4695 2768 4767 comprehenderunt.
2817 4692 2884 4746 Et
2911 4690 3034 4760 quia
3076 4684 3309 4740 hominis
3341 4681 3544 4743 anima,

1948 4793 2196 4866 quamvis
2225 4790 2590 4847 testimonium
2635 4785 2914 4857 perhibeat
2955 4782 3022 4836 de
3073 4779 3296 4838 lumine,
3330 4791 3434 4829 non
3465 4783 3552 4827 est

1953 4901 2130 4944 tamen
2185 4889 2298 4958 ipsa
2347 4886 2552 4948 lumen,
2607 4882 2702 4938 sed
2751 4879 2982 4934 Verbum
3009 4874 3127 4940 Dei,
3160 4873 3320 4937 Dens,
3353 4880 3436 4924 est
3469 4869 3553 4923 ltt-

1949 4999 2074 5039 men
2101 4997 2308 5046 verum,
2333 4977 2474 5050 quod
2509 4976 2778 5032 illuminat
2795 4985 3009 5028 omnem
3035 4967 3306 5022 hominem
3331 4963 3554 5018 venien-

1951 5087 2058 5133 tem
2109 5077 2158 5130 in
2209 5074 2354 5130 hunc
2396 5071 2678 5128 mundum.
2713 5068 2778 5123 Et
2801 5065 2924 5136 quia
2957 5065 3007 5118 in
3041 5061 3142 5116 hoc
3173 5057 3376 5114 mundo
3408 5066 3549 5122 erat,

1949 5179 2004 5225 et
2037 5167 2272 5223 mundus
2293 5182 2386 5236 per
2413 5165 2588 5236 ipsum
2621 5161 2792 5217 factus
2813 5168 2919 5222 est,
2949 5163 3004 5209 et
3031 5153 3264 5209 mundus
3291 5165 3413 5206 eum
3445 5163 3552 5204 non

1947 5261 2220 5334 cognovit.
2275 5259 2407 5326 Quia
2463 5271 2592 5312 vero
2637 5256 2690 5310 in
2729 5267 2824 5308 sua
2874 5251 3088 5321 propria
3139 5247 3308 5310 venit,
3363 5255 3418 5300 et
3469 5243 3556 5298 sui

1950 5373 2072 5413 eum
2116 5371 2224 5411 non
2271 5363 2629 5422 receperunt,
2682 5353 2946 5417 qumqttot
2999 5350 3178 5397 autem
3231 5343 3559 5405 receperunt

1953 5468 2100 5518 eum,
2132 5449 2279 5506 dedit
2303 5447 2381 5502 eis
2403 5449 2725 5517 potestatem
2755 5438 2896 5493 ﬁlios
2919 5435 3010 5492 Dei
3040 5433 3180 5498 ﬁeri,
3213 5429 3557 5486 credentibus

1956 5545 2008 5600 in
2057 5542 2278 5600 nomine
2319 5538 2458 5609 ejus,
2513 5549 2618 5590 non
2673 5532 2742 5588 ibi
2789 5529 2916 5600 legi.
2951 5526 3084 5582 Item
3125 5524 3194 5578 ibi
3257 5523 3371 5591 .egi,
3429 5519 3554 5590 quia

1958 5637 2099 5692 Deus
2133 5633 2388 5698 Verbum,
2424 5645 2528 5684 non
2577 5644 2642 5690 ex
2687 5640 2873 5686 carne,
2907 5636 3016 5676 non
3043 5633 3106 5674 ex
3135 5614 3417 5686 sanguine,
3451 5627 3558 5665 non

1959 5747 2026 5786 ex
2057 5727 2334 5782 voluntate
2365 5723 2484 5788 viri,
2516 5736 2692 5792 neque
2717 5735 2784 5776 cx
2811 5715 3084 5771 voluntate
3123 5707 3303 5764 carnis
3329 5747 3343 5768 ,
3373 5704 3466 5759 sed
3495 5719 3562 5758 ex

1971 5825 2096 5884 Deo
2125 5831 2278 5882 natus
2305 5825 2390 5878 est
2427 5835 2440 5874 :
2481 5815 2576 5874 sed
2603 5815 2726 5892 quia
2757 5809 2993 5880 Verbum
3046 5819 3172 5876 caro
3217 5799 3415 5865 factum
3463 5807 3568 5864 εει,
