3968 6332
392 295 493 352 127

1753 297 2264 356 PROLEGOMEN.-\
2279 343 2292 358 .

3585 305 3691 361 1:28

384 423 441 468 et
477 409 737 467 habitavit
764 411 818 467 in
847 411 1021 476 nobis,
1053 428 1158 468 non
1189 413 1261 470 ibi
1285 413 1408 485 legi.
1462 433 1481 468 ι
1526 415 1727 472 Auctor
1768 432 1984 488 quoque
2010 420 2060 481 Α
2090 426 2178 489 pta
2222 427 2365 474 sunt.
2402 417 2572 474 Porro
2616 433 2811 491 magno
2848 435 3074 478 numero
3104 422 3322 480 codices
3369 422 3511 480 hanc
3543 423 3699 480 addi-

390 504 736 577 Dialogorum
765 504 835 562 de
864 505 963 562 SS.
995 505 1276 573 Trinitate,
1308 507 1398 577 qui
1431 507 1656 579 Vigilius
1697 509 1988 579 Tapsensis

385 597 628 654 creditur
651 598 734 667 (ut
750 597 961 654 ostendi
983 599 1034 652 in
1048 597 1389 655 Enarratioue
1400 598 1989 657 Pseudo-Atltauasiana

385 692 442 746 in
473 691 806 763 Symbolum,
838 707 996 761 quam
1029 691 1259 749 Veronm
1298 694 1492 764 edidi),
1541 695 1605 749 ad
1654 696 1987 766 probandum

388 799 583 840 nomen
615 786 800 839 aeterni
823 783 998 840 Patris
1025 801 1145 842 esse
1171 787 1222 842 itt
1253 787 1411 856 Filio,
1443 803 1506 842 ac
1535 787 1736 858 Spiritu
1766 789 1987 858 Sancto,

387 879 619 935 alterum
666 893 877 947 eorum,
928 881 1018 950 qui
1073 881 1479 953 colloquuntur,
1513 883 1760 940 videlicet
1789 883 1987 940 Ortho-

389 971 611 1036 doxum,
656 971 728 1027 ita
777 972 1045 1030 dicentem
1091 975 1142 1030 in
1182 977 1487 1044 pztlmslrant
1519 976 1721 1036 inducit
1759 993 1775 1032 :
1819 998 1838 1030 ‹
1884 979 1991 1035 Sed

389 1085 454 1126 cx
486 1069 596 1125 Deo
624 1079 810 1124 natum
852 1085 976 1128 esse
1002 1070 1327 1144 (Christum)
1356 1073 1591 1129 Joannes
1620 1083 1847 1129 testatur
1875 1092 1888 1128 :
1924 1073 1990 1130 In

387 1179 480 1216 sua
505 1164 662 1228 venit,
687 1173 736 1217 et
758 1165 839 1218 sui
865 1181 978 1219 eunt
1010 1182 1111 1220 non
1156 1177 1453 1236 receperunt
1485 1183 1502 1220 :
1532 1175 1781 1237 quotquot
1821 1177 1993 1224 autent

387 1267 687 1327 receperunt
731 1274 872 1324 eum,
916 1258 1054 1314 dedit
1080 1259 1152 1314 eis
1181 1270 1481 1331 potestatem
1526 1261 1666 1330 ﬁlios
1711 1261 1810 1318 Dei
1850 1264 1987 1332 ﬁeri,

387 1351 712 1406 credentibus
738 1353 790 1407 iu
817 1354 1020 1408 nomine
1047 1358 1179 1425 ejus,
1209 1356 1296 1425 qui
1322 1372 1422 1409 non
1449 1371 1511 1410 ea:
1537 1357 1806 1428 sanguine,
1835 1373 1994 1428 neque

388 1460 452 1498 ex
479 1445 686 1499 uolunte
712 1447 905 1513 carnis,
939 1464 1100 1518 neque
1119 1438 1184 1502 ei
1214 1450 1472 1504 voluntate
1498 1451 1616 1515 viri,
1647 1450 1736 1504 sed
1777 1467 1840 1505 ea:
1887 1449 1992 1505 Deo

389 1545 541 1591 natus
565 1549 659 1592 est.
694 1538 828 1594 Huic
859 1541 1072 1596 tandem
1103 1543 1311 1598 accedit
1339 1543 1503 1598 etiam
1535 1543 1592 1598 S.
1624 1543 1860 1600 Joannes
1891 1544 1991 1598 Da-

391 1644 701 1697 ntascenus,
731 1632 822 1702 qui
853 1641 985 1688 tom.
1019 1650 1058 1700 ι,
1102 1633 1198 1690 lib.
1244 1651 1341 1701 ιιι,
1372 1635 1442 1691 de
1481 1635 1612 1692 Fide
1651 1635 1989 1704 Ortltodoxa,

389 1736 509 1794 cap.
544 1725 596 1790 7,
633 1740 754 1796 pag.
780 1725 906 1790 204,
939 1726 1072 1783 edit.
1109 1728 1436 1785 Parisiensis
1477 1729 1539 1784 P.
1581 1730 1856 1787 Michaelis
1885 1731 1992 1787 Le-

2094 513 2295 568 tionem
2323 528 2428 568 non
2459 512 2678 570 habent.

2162 604 2293 660 an.
2334 621 2450 678 cap.
2479 623 2554 671 Vl,
2580 609 2671 677 55,
2705 609 3001 673 Veronen.,
3036 628 3189 683 super
3207 622 3402 685 gratos,
3433 622 3481 666 et
3511 614 3697 670 malos.

2097 699 2222 755 llaec
2244 701 2402 756 lectio
2425 701 2615 757 referri
2645 702 2863 759 videtur
2886 704 2950 758 ad
2978 705 3217 770 codices,
3240 707 3435 776 quibus
3462 720 3592 761 usus
3613 714 3704 761 est

2092 794 2455 852 Tertnllianus
2489 798 2540 851 in
2573 797 2665 852 lib.
2700 814 2749 852 tv
2780 807 2967 853 contra
2999 799 3163 853 Marc.
3193 815 3315 866 cap.
3345 801 3432 862 l7,
3468 800 3520 854 itt
3579 801 3704 869 qui-

2093 886 2190 941 bus
2218 898 2338 957 post
2366 903 2578 944 versum
2604 890 2694 953 36,
2720 890 2824 946 hoc
2851 900 3223 946 assmnentum
3255 891 3580 959 habebatur,
3609 891 3701 963 qui

2095 981 2228 1050 pluit
2271 973 2424 1054 super
2465 981 2643 1049 bonos,
2677 993 2722 1037 et
2751 985 2934 1049 malos,
2964 980 3012 1038 et
3051 986 3209 1040 solem
3241 1003 3387 1040 suum
3417 987 3542 1040 oriri
3573 987 3704 1057 facit

2091 1090 2246 1144 super
2257 1078 2451 1147 justas,
2477 1085 2525 1130 et
2544 1076 2800 1144 injustas;
2823 1077 3094 1148 quomodo
3116 1086 3171 1133 et
3190 1077 3422 1134 habebat
3445 1079 3702 1135 Graecum

2092 1169 2388 1236 exetnpiar,
2413 1170 2553 1239 quod
2579 1169 2824 1226 adhibuit
2845 1182 3033 1227 auctor
3069 1171 3410 1228 homiliarum
3437 1173 3704 1230 Clemen-

2095 1260 2326 1316 tinarum
2356 1261 2554 1317 llontil.
2586 1263 2640 1330 5,
2674 1263 2702 1335 §
2735 1264 2822 1319 57.

2168 1352 2295 1407 Luc.
2348 1369 2467 1425 cap.
2515 1371 2567 1417 χ,
2605 1356 2695 1421 15,
2725 1355 3027 1422 Veronen.,
3063 1373 3221 1428 usque
3246 1359 3299 1412 in
3325 1359 3611 1427 infernum.
3645 1360 3703 1416 In

2093 1442 2285 1501 Graeco
2324 1445 2471 1502 fonte
2501 1447 2688 1503 eadem
2735 1449 2899 1504 verba
2931 1459 3262 1519 occurrunt,
3311 1453 3409 1516 ἕως
3440 1451 3568 1525 ᾆδον
3603 1476 3704 1508 κα-

2094 1545 2441 1618 ταϐιϐαθήσῃ,
2465 1561 2622 1615 usque
2650 1547 2702 1600 in
2731 1547 3010 1618 infernum.

2167 1637 2298 1693 Luc.
2331 1653 2447 1706 cap.
2482 1654 2580 1703 xu,
2616 1639 2707 1705 55,
2729 1639 3029 1707 Veronen.,
3060 1651 3109 1696 et
3134 1643 3208 1696 ita
3231 1643 3340 1712 ﬁet.
3369 1641 3518 1711 Gat.,
3545 1641 3704 1708 Mm.,

2094 1729 2476 1786 Vindobonen.
2526 1740 2581 1785 et
2627 1731 2891 1796 Brixian.,
2939 1745 2986 1788 et
3028 1735 3100 1787 ita
3139 1734 3216 1804 lit.
3248 1735 3322 1792 ῗτὸ
3369 1736 3459 1801 ita,
3492 1735 3707 1790 addunt

388 1817 549 1887 quieo
579 1818 702 1873 0rd.
727 1817 831 1874 FF.
861 1820 1150 1876 Praedicat.
1184 1822 1320 1877 1712
1345 1825 1456 1878 ait:
1489 1828 1583 1878 Καὶ
1618 1824 1644 1880 ὁ
1671 1826 1833 1900 Λόγος
1857 1827 1990 1901 σὰρξ

2115 1824 2259 1879 etiam
2285 1825 2531 1879 nonnulli
2558 1825 2716 1880 codd.
2749 1826 2945 1893 Grieci,
2980 1837 3034 1882 et
3066 1828 3245 1883 versio
3271 1827 3515 1896 Ethiop.

387 1912 657 1987 ἀτρέπτως
679 1915 890 1988 ἐγένετο,
931 1919 984 1971 ἐκ
1013 1923 1299 1990 ιΙνεὺματος
1321 1919 1493 1992 ἁγίου,
1540 1923 1623 1975 καὶ
1652 1921 1857 1996 Μαρίας
1895 1929 1988 1980 τῆς

387 2007 533 2084 ἁγίας
559 2012 910 2089 ἁειπαροένου,
950 2018 1030 2069 καὶ
1071 2016 1343 2071 Θεοτόκου·
1377 2021 1463 2072 καὶ
1501 2018 1714 2088 μεσίτης
1745 2021 1871 2070 Θεοῦ
1910 2017 1991 2070 καὶ

388 2103 666 2181 ἀνθρώπων
722 2111 1060 2182 χρηματίζει,
1111 2109 1135 2164 ὁ
1181 2109 1329 2182 μόνος
1372 2111 1717 2189 Φιλάνθρωπος
1748 2151 1763 2177 ,
1805 2112 1890 2165 οὐκ
1937 2111 1990 2164 ἐκ

387 2197 686 2270 θελήματος,
711 2199 741 2259 ἢ
758 2202 1050 2273 ἐπιθυμίας,
1072 2202 1103 2263 ἦ
1128 2209 1402 2279 συναφείας
1424 2205 1626 2284 ἀνδρὸς,
1656 2205 1686 2266 ἦ
1712 2211 1991 2280 γεννήσεως

389 2289 644 2356 ἕνηδόνου,
669 2294 721 2348 ἐν
828 2296 1076 2372 ἀχράντῳ
1098 2303 1269 2374 μήτρᾳ
1284 2309 1375 2360 τῆς
1403 2303 1650 2378 Παρθένου
1672 2301 1989 2374 συλληφθεὶς,

389 2383 495 2440 ἀλλ’
541 2387 597 2438 ἑκ
644 2388 941 2461 Πνεύματος
995 2389 1166 2466 ἁγίου,
1215 2397 1300 2448 καὶ
1348 2401 1439 2455 τῆς
1472 2399 1681 2473 πρώτης
1713 2403 1802 2451 τοῦ
1843 2394 1992 2468 Λδάμ

389 2480 659 2549 γενέσεως,
711 2497 830 2548 qua:
888 2481 1073 2537 Grieca
1126 2483 1289 2540 verba
1343 2486 1590 2542 laudatus
1643 2489 1993 2544 doctissimus

391 2570 569 2625 editor
599 2571 890 2645 Latincjita
915 2575 1150 2631 reddidit
1185 2596 1198 2631 :
1246 2595 1266 2629 ι
1312 2577 1572 2646 Quocirca
1603 2579 1836 2636 Verbum
1865 2597 1993 2638 caro

397 2681 416 2715 ι
464 2665 668 2734 absque
692 2667 796 2721 ulla
830 2669 1128 2726 mutatione
1150 2671 1216 2726 de
1237 2672 1442 2740 Spiritu
1472 2673 1692 2741 Sancto,
1714 2683 1768 2730 et
1791 2675 1990 2731 Sancta

397 2774 416 2808 ι
463 2757 626 2813 Maria
661 2773 880 2831 semper
911 2760 1156 2833 Virgine,
1207 2764 1411 2836 Deique
1463 2765 1739 2822 Genitrice
1790 2767 1989 2823 laetum

397 2869 416 2904 ι
465 2863 541 2907 est
578 2871 589 2905 :
623 2853 815 2924 deique
838 2865 891 2910 et
921 2857 1194 2912 hominum
1224 2860 1488 2915 mediator
1516 2862 1700 2918 existit
1727 2864 1874 2918 solus
1902 2864 1994 2920 illc

400 2963 418 2997 ι
467 2947 518 3000 itt
546 2948 794 3004 homines
833 2949 1282 3021 benignissimus,
1317 2969 1421 3008 non
1457 2971 1523 3010 ex
1555 2957 1831 3011 voluntate
1856 2999 1869 3020 ,
1903 2966 1994 3012 aut

351 3026 358 3032 ’
401 3055 419 3090 ι
466 3041 932 3110 concupiscentia,
959 3055 1048 3098 aut
1072 3061 1370 3116 congressu
1395 3049 1616 3114 viri,aut
1641 3050 1993 3120 generatione

402 3151 420 3184 ι
467 3148 589 3188 cutn
623 3135 895 3204 voluptate
939 3138 1246 3207 conjuncta,
1305 3141 1354 3194 itt
1413 3141 1732 3198 intemerato
1759 3143 1994 3213 Virginis

2167 1917 2460 1987 Marc.cap.
2483 1934 2518 1984 ι,
2539 1919 2563 1971 1
2581 1916 2858 1983 l,Veron.,
2877 1919 2930 1973 in
2946 1935 3045 1990 quo
3059 1919 3178 1974 bene
3199 1921 3386 1989 placuit
3406 1921 3550 1987 nti/ti,
3577 1920 3708 1976 Bri-

2095 2009 2216 2062 xian
2227 2009 2333 2080 .qui
2350 2009 2472 2062 mihi
2486 2010 2606 2063 bene
2619 2025 2728 2064 cont
2735 2011 2994 2080 placuisti.
3009 2011 3179 2065 Graeci
3196 2011 3408 2066 codices
3423 2012 3704 2081 impressi,

2099 2108 2155 2155 ιιι
2195 2115 2355 2155 manu
2387 2103 2592 2155 eXarati
2621 2102 2988 2172 quatnplures,
3021 2117 3143 2156 cum
3183 2102 3431 2158 Mattlueo
3454 2117 3702 2158 consen-

2097 2195 2318 2262 tientes,
2347 2195 2566 2259 habent,
2590 2196 2644 2249 in
2667 2213 2764 2264 quo
2785 2196 3096 2266 complacui.
3123 2195 3364 2267 Vulgatze
3388 2194 3566 2252 lavent
3599 2197 3710 2251 Lu-

2096 2303 2210 2354 cas,
2233 2297 2288 2342 et
2317 2289 2489 2358 major
2522 2289 2783 2344 librorum
2817 2305 3096 2344 numerus.

2169 2379 2335 2436 Marc.
2383 2396 2502 2451 cap.
2560 2397 2651 2448 vt,
2701 2382 2808 2445 55,
2873 2381 3189 2449 Veronen.,
3250 2390 3298 2437 et
3357 2392 3708 2438 convenerunt

2097 2473 2243 2528 illuc.
2276 2472 2498 2529 Grtecus
2523 2490 2735 2545 quoque
2768 2483 2947 2530 textus
2975 2475 3146 2540 addit,
3178 2484 3225 2531 et
3255 2488 3602 2531 convenerunt
3635 2476 3706 2531 ad
3763 2524 3766 2526 ν

2097 2568 2268 2624 illum.

2172 2662 2364 2717 Matth.
2393 2676 2514 2732 cap.
2557 2679 2654 2729 χιι,
2687 2664 2776 2719 ³51.
2812 2664 3108 2731 Veronen.,
3137 2666 3225 2736 qui
3253 2674 3422 2719 autent
3450 2665 3504 2720 iu
3530 2664 3711 2738 Spiri-

2100 2763 2206 2807 tum
2229 2753 2476 2810 Sanctum
2497 2754 2946 2825 blasphemaverit,
2976 2773 3076 2811 non
3107 2758 3389 2811 remittetur
3413 2758 3492 2813 illi
3520 2775 3711 2830 pecca-

2099 2857 2224 2912 tum,
2253 2845 2540 2903 Corbeien.
2574 2851 2661 2921 qui
2684 2859 2853 2904 autem
2884 2853 2936 2904 in
2971 2850 3226 2921 Spiritum
3255 2850 3349 2906 Dei
3373 2851 3711 2923 blasphema-

2098 2943 2244 3007 verit,
2276 2959 2376 2996 non
2413 2944 2698 2997 remittetur
2737 2945 2804 3010 ei,
2834 2944 3073 3000 Brixian.
3109 2944 3340 3016 Spiritus
3375 2956 3544 3000 autem
3566 2947 3714 3001 blas-

2101 3036 2304 3104 phemia
2332 3053 2431 3090 non
2463 3040 2744 3093 remittetur
2769 3039 3084 3093 hominibus.
3113 3038 3171 3096 S.
3206 3039 3407 3096 Athan.
3431 3041 3481 3094 in
3509 3041 3609 3096 lib.
3639 3041 3711 3096 de

2100 3129 2299 3184 Trinit.
2319 3129 2476 3186 Tom.
2499 3147 2672 3204 ηυδε.
2702 3132 2832 3197 981,
2859 3133 2946 3202 qui
2977 3143 3144 3187 autent
3183 3133 3613 3203 blasphentaeerit
3656 3137 3710 3190 in

403 3245 420 3278 s
471 3237 624 3282 utero
654 3239 969 3298 conceptus.
999 3232 1092 3286 sed
1118 3231 1186 3287 dc
1217 3231 1420 3304 Spiritu
1461 3233 1658 3290 Sancto
1683 3277 1698 3302 ν
1729 3252 1790 3291 εκ-
1821 3237 1990 3308 prima
2017 3221 2063 3285 Ο
2098 3223 2300 3294 δρίνὶιιι
2329 3223 2523 3279 Sancto
2553 3241 2653 3278 non
2697 3225 2984 3279 remittetur
3007 3225 3071 3291 ei,
3117 3237 3174 3280 et
3202 3227 3252 3280 in
3279 3224 3468 3296 fragm.
3503 3241 3711 3281 secun-

405 3339 424 3374 ι
474 3322 559 3376 illa
590 3321 779 3377 Adami
808 3324 1177 3393 productione.
1217 3344 1236 3378 ι

470 3415 656 3471 Matth.
683 3432 801 3489 cap.
832 3434 885 3483 v,
914 3419 965 3483 l,
994 3419 1168 3486 deest,
1196 3418 1372 3485 Iesus,
1395 3420 1446 3476 in
1467 3421 1663 3476 Veron.
1689 3421 1994 3476 etBrixian.

399 3519 453 3565 et
482 3510 550 3564 ita
599 3510 650 3565 in
691 3520 841 3566 textu
881 3511 1104 3577 Graeco,
1149 3528 1358 3568 necnon
1403 3515 1455 3568 itt
1490 3514 1760 3586 plerisque
1791 3514 1998 3571 Latinis

403 3616 533 3656 mss.
563 3605 946 3660 vetuStioribus
978 3604 1244 3660 Vaticana:
1277 3606 1645 3662 Bibliothecte.

475 3694 660 3751 Matth.
705 3713 824 3766 cap.
868 3713 942 3764 ιιι,
972 3697 1065 3762 28,
1113 3699 1163 3752 in
1198 3696 1395 3752 Veron.
1431 3697 1603 3753 deest.
1646 3698 1802 3763 vobis,
1839 3709 1892 3754 et
1927 3701 1999 3756 ita

407 3787 458 3842 in
489 3787 678 3844 Gnaeo
708 3791 1024 3862 exemplari,
1058 3807 1122 3847 ac
1145 3791 1196 3846 itt
1229 3791 1502 3847 ncttnttllis
1525 3793 1910 3848 vetustioribus
1939 3795 2002 3848 li-

403 3880 517 3935 bris
549 3881 989 3950 Evangeliorum.

475 3973 660 4029 Mattlt.
709 3990 830 4046 cap.
865 3993 974 4043 ut,
1009 3981 1060 4044 4,
1099 3979 1151 4033 in
1187 3978 1454 4035 Veronen.
1484 3979 1771 4037 Corbeien.
1805 3990 1860 4036 et
1887 3981 2002 4036 Bri;

406 4071 556 4125 xian.
601 4070 777 4136 deest,
820 4082 1002 4126 totum.
1044 4085 1094 4127 et
1135 4074 1205 4126 ita
1236 4074 1288 4128 in
1321 4075 1524 4131 Grmcis
1564 4076 1807 4131 melioris
1837 4086 1999 4143 notae,

405 4173 460 4218 et
489 4163 539 4218 in
572 4163 776 4218 Latinis
800 4167 999 4234 reginae
1021 4166 1317 4220 Succorum
1346 4183 1475 4222 mss.
1512 4169 1685 4222 libris.

475 4253 630 4309 Joan.
655 4271 775 4325 cap.
804 4272 842 4324 ι,
879 4257 964 4321 12,
1002 4255 1299 4324 Veronen.,
1328 4260 1671 4329 credentibus,
1695 4260 1851 4331 juxta
1881 4269 2001 4317 tex-

407 4355 518 4402 tum
545 4347 817 4415 Grzecum,
847 4359 957 4413 τοῖς
988 4355 1348 4410 πιστεύουσιν.

475 4441 634 4496 Joan.
692 4456 811 4512 cap.
867 4459 949 4510 vr,
1006 4444 1097 4511 58,
1150 4445 1422 4501 Veronen.
1471 4445 1582 4501 vivo
1633 4464 1723 4517 per
1762 4445 2004 4516 Patrem;

403 4544 452 4588 et
478 4535 584 4607 ipse
620 4534 739 4589 vivit
759 4553 854 4607 per
878 4553 976 4591 me.
1019 4538 1263 4608 Gmcus,
1297 4538 1381 4595 διὰ
1401 4540 1487 4596 τὸν
1514 4541 1736 4616 πατέρα,
1771 4557 1862 4612 per
1897 4540 2003 4596 Pa-

405 4638 551 4684 trem.

474 4724 630 4779 .loan.
665 4737 786 4795 cap.
817 4740 905 4788 xv.
939 4725 992 4790 6,
1028 4725 1298 4782 Veronen.
1333 4737 1386 4783 et
1414 4725 1736 4794 Corbeien.,
1769 4737 1816 4783 et
1843 4729 2005 4795 aruit,

405 4819 627 4886 pr0pius
651 4817 843 4875 Graeco
868 4822 1058 4877 textui.

479 4911 608 4970 Luc.
653 4929 773 4982 cap.
824 4932 882 4982 tt,
921 4915 1012 4983 54,
1051 4915 1350 4981 Veronen.,
1386 4914 1486 4970 Hic
1512 4917 1708 4987 positus
1732 4918 1889 4972 estin
1920 4933 2010 4971 ca-

407 5022 539 5059 sum.
574 5017 629 5060 et
669 5007 738 5060 ita
772 5019 952 5064 textus
983 5008 1206 5064 Grmeus
1236 5011 1307 5070 εἰς
1337 5017 1555 5076 πτῶσιν,
1605 5008 1654 5062 id
1700 5017 1804 5074 est,
1836 5011 1890 5062 in
1919 5025 2007 5063 ca-

407 5113 540 5150 sum.
572 5096 731 5154 Casus
756 5110 934 5154 autem
968 5101 1040 5156 iiii
1077 5101 1290 5170 ponitur
1327 5115 1426 5170 pro
1455 5101 1630 5164 exitio,
1658 5102 1780 5170 quia
1816 5103 1882 5165 is,
1916 5101 2007 5171 qui

407 5189 622 5253 cecidit,
658 5192 811 5246 lacile
840 5194 907 5246 alt
941 5194 1093 5249 hoste
1121 5195 1464 5266 opprimitur,
1511 5202 1563 5248 et
1594 5205 1848 5248 censetur
1882 5209 2001 5264 per.

409 5284 552 5339 ditus
582 5302 594 5337 :
625 5286 719 5352 ita,
754 5291 1078 5353 resurrectio,
1113 5305 1227 5358 pro,
1257 5289 1451 5354 salute;
1485 5287 1649 5358 quod,
1681 5288 1774 5359 qui
1795 5297 2009 5345 erectus

409 5381 644 5448 steterit,
674 5380 851 5435 salvus
885 5382 1147 5438 videatur.

486 5470 614 5526 Luc.
648 5487 769 5542 cap.
802 5488 871 5539 tv,
902 5472 955 5538 8,
986 5473 1282 5542 Veronen.,
1318 5474 1458 5531 Vade
1477 5485 1594 5548 post
1617 5491 1715 5539 me,
1748 5473 2010 5541 Satanas;

409 5571 656 5643 scriptum
685 5581 760 5625 est
787 5571 924 5625 euint
966 5586 985 5625 :
1026 5569 1303 5626 Dominum
1349 5573 1516 5628 Deum
1563 5583 1706 5627 tuum
1748 5571 2008 5627 adorabis.

412 5665 637 5722 Grmcus
682 5665 834 5736 legit,
882 5665 1080 5742 ’Υπαγε
1133 5669 1298 5724 ὀπίσω
1329 5690 1446 5741 μου,
1478 5675 1697 5726 Σατανᾶ⁹
1725 5669 2016 5743 ’γέγραπται

418 5761 539 5838 γὰρ,
572 5768 678 5816 etc.
711 5761 812 5816 hoc
840 5773 942 5830 eSI,
984 5763 1163 5818 recede
1191 5780 1222 5815 a
1249 5778 1346 5830 me,
1373 5763 1634 5828 Satanas;
1666 5763 1915 5834 scriptum
1946 5767 2018 5813 est

415 5853 570 5921 enim,
596 5867 701 5910 etc.
737 5872 858 5927 quae
889 5856 1051 5911 verba
1084 5849 1415 5912 ex‘Matlhati
1442 5870 1562 5927 cap.
1583 5871 1652 5923 tv,
1683 5855 1770 5922 10,
1801 5854 2020 5908 desum-

2108 3317 2236 3373 dum
2267 3318 2578 3374 Matthtcutn
2607 3318 2766 3375 Tom.
2794 3337 2832 3384 t,
2864 3319 3012 3375 Part.
3047 3335 3102 3383 ιι,
3129 3335 3250 3392 pag.
3277 3319 3436 3386 1169,
3467 3320 3712 3392 blasphe-

2105 3413 2209 3464 mia
2231 3421 2402 3466 autem
2430 3412 2484 3466 in
2516 3412 2773 3483 Spiritum
2803 3429 2904 3467 non
2935 3413 3220 3468 remittetur
3244 3414 3369 3467 illis.

2176 3505 2306 3561 Luc.
2338 3521 2460 3577 cap.
2490 3522 2584 3571 xu,
2615 3508 2704 3574 58,
2735 3507 3036 3573 Veronen.,
3059 3517 3110 3562 et
3132 3507 3175 3560 si
3205 3507 3394 3562 venerit
3418 3507 3714 3574 vespertina

2103 3601 2301 3673 uigilia,
2335 3610 2382 3654 et
2408 3601 2479 3654 ita
2505 3599 2774 3665 invenerit,
2811 3600 2944 3653 beati
2975 3608 3094 3652 sunt
3114 3614 3133 3664 ;
3158 3599 3403 3670 quoniam
3419 3599 3624 3668 jubebit
3649 3601 3716 3654 il-

2106 3696 2182 3750 los
2210 3694 2550 3756 discumbere.
2593 3705 2638 3748 et
2665 3693 2974 3748 ministrabit
3003 3693 3135 3759 illis,
3165 3691 3455 3748 Corbeicn.
3487 3695 3533 3747 si
3557 3710 3716 3749 vene-

2102 3790 2170 3844 rit
2201 3789 2487 3862 vespertina
2516 3789 2710 3859 vigilia,
2748 3798 2796 3843 et
2827 3788 2898 3842 ita
2924 3788 3202 3852 invenerit,
3236 3786 3365 3841 beati
3389 3798 3507 3840 sunt
3534 3803 3553 3852 ;
3587 3789 3714 3857 quia

2095 3884 2296 3956 jubebit
2325 3885 2447 3938 illos
2478 3883 2812 3950 discumbere,
2847 3891 2892 3936 et
2922 3883 3150 3947 transiet,
3183 3891 3229 3935 et
3255 3881 3562 3936 ministrabit
3589 3883 3669 3937 eis
3697 3901 3716 3938 :

2105 3979 2150 4031 si
2176 3977 2423 4043 secunda,
2465 3987 2510 4030 et
2540 3976 2584 4030 si
2615 3977 2784 4040 tertia,
2814 3976 2949 4030 beati
2978 3983 3116 4042 sunt,
3147 3974 3300 4041 Μαι,
3347 3985 3392 4030 et
3435 3975 3478 4029 si
3517 3978 3716 4030 venerit

2106 4069 2393 4142 vespertina
2419 4069 2616 4139 vigilia,
2647 4079 2693 4123 et
2731 4069 2802 4121 ita
2824 4067 3091 4130 invenerit,
3125 4067 3254 4122 beati
3291 4076 3407 4122 sunt
3432 4068 3564 4122 servi
3590 4067 3716 4133 illi;

2107 4163 2226 4231 quia
2243 4161 2445 4235 jubebit
2483 4162 2602 4215 illos
2631 4160 2964 4226 discumbere,
3011 4171 3056 4213 et
3105 4160 3359 4214 transiens
3395 4161 3714 4216 ministrabit

2109 4255 2216 4310 illis
2249 4271 2268 4309 :
2295 4265 2342 4308 et
2375 4255 2417 4307 si
2446 4255 2635 4308 venerit
2680 4256 2731 4307 iu
2761 4251 2986 4308 secunda
3015 4251 3214 4323 vigilia,
3237 4262 3285 4308 et
3313 4253 3359 4307 si
3387 4253 3439 4307 iu
3470 4254 3643 4318 tertia,
3667 4263 3719 4311 et

2105 4353 2178 4406 ita
2194 4352 2460 4416 invenerit,
2484 4349 2610 4403 beati
2621 4389 2634 4414 ,
2654 4357 2761 4404 etc.
2772 4346 3070 4402 Vindobon.
3081 4355 3148 4412 ,et
3161 4348 3208 4401 si
3220 4348 3407 4402 venerit
3423 4350 3718 4418 vespertina

2109 4446 2240 4500 hora
2265 4447 2459 4518 vigilia,
2488 4453 2537 4499 et
2569 4445 2640 4498 ita
2669 4443 2934 4508 invenerit,
2963 4442 3096 4498 beati
3131 4452 3319 4498 sunt...
3349 4443 3470 4512 quia
3501 4443 3710 4517 jubebit

2111 4542 2239 4596 illos
2268 4538 2603 4605 discumbere,
2655 4547 2700 4592 et
2731 4538 2964 4604 transiet,
2996 4545 3041 4591 et
3070 4535 3379 4590 ministrabit
3417 4536 3523 4591 illis
3549 4552 3568 4590 :
3593 4547 3644 4591 et
3674 4539 3722 4592 si

2033 4635 2089 4696 D
2113 4632 2357 4697 secunda,
2401 4640 2445 4686 et
2481 4631 2525 4686 si
2567 4631 2738 4697 tertia,
2771 4630 2901 4684 beati
2926 4640 3066 4683 sunt.
3111 4629 3284 4684 Etiam
3317 4629 3369 4683 in
3397 4627 3583 4684 codice
3612 4629 3721 4685 Ca-

2113 4727 2336 4794 tholico,
2384 4740 2489 4797 quo
2521 4725 2610 4780 hic
2648 4739 2776 4780 usus
2799 4733 2882 4780 est
2910 4722 3173 4790 Marcion,
3217 4732 3343 4778 ante
3371 4737 3588 4777 versum
3621 4724 3716 4787 58,

2111 4825 2183 4880 ita
2215 4823 2514 4894 legebatur,
2551 4825 2636 4876 καὶ
2662 4823 2744 4876 ἐὰν
2774 4820 2888 4896 ἔλθῃ
2931 4822 2980 4874 ἐν
3099 4821 3341 4896 ἐσπερινῇ
3382 4820 3578 4894 φυλακῇ
3629 4823 3721 4875 καὶ
3809 4873 3813 4877 ,

2114 4921 2240 4996 εὕρῃ
2287 4919 2441 4979 οὕτω,
2499 4917 2741 4995 μακάριοί
2797 4918 2926 4971 εἰσιν
2955 4915 3033 4972 ὅτι
3070 4915 3324 4971 ἀνακλινεί
3368 4917 3578 4980 αὐτοὺς,
3628 4919 3722 4970 καὶ

2115 5014 2265 5068 ἐλθὼν
2291 5016 2396 5065 πᾶν
2434 5007 2723 5068 διακονήσει
2751 5009 2950 5069 αὐτοῖς.
2998 5011 3172 5077 Atque
3207 5007 3310 5061 hoc
3339 5015 3720 5062 assuntentum

2120 5119 2224 5158 non
2254 5118 2400 5168 esse,
2429 5109 2578 5171 putat
2602 5100 2800 5155 Millius
2822 5142 2835 5162 ,
2878 5099 2972 5154 sed
3007 5100 3293 5170 genuinam
3330 5099 3392 5151 D.
3421 5098 3582 5153 Lucae
3611 5101 3713 5156 lcc~

2119 5195 2317 5250 tionetn
2348 5209 2398 5264 p.
2428 5193 2517 5258 3‘5,
2550 5192 2601 5247 in
2627 5192 2840 5262 Proleg.
2872 5205 2989 5245 eam
3021 5204 3254 5261 namque
3285 5189 3504 5245 ﬁrmant
3529 5189 3694 5246 lectio

2122 5306 2243 5347 nem
2291 5288 2572 5358 exemplar
2605 5287 2847 5356 Vulgata:
2878 5285 3025 5356 (ante
3058 5282 3468 5354 Hieronymum)
3522 5283 3682 5339 [rens

2118 5382 2716 5454 interpretis,Ambros.
2736 5398 2786 5435 tn
2804 5379 2959 5435 Com.
2985 5379 3036 5432 in
3058 5377 3190 5432 Luc.
3220 5378 3410 5442 lib.vtt,
3435 5390 3558 5446 cap.
3579 5375 3673 5437 ΞΛ

2121 5477 2426 5535 Metltodius
2455 5476 2605 5532 Orat.
2653 5475 2716 5539 5,
2767 5473 2831 5527 de
2857 5471 3101 5526 Couvirio
3157 5469 3445 5542 Virginum.
3492 5468 3676 5527 Ven".

2120 5585 2242 5627 cum
2277 5570 2498 5625 initialia
2530 5566 2782 5625 versiculi
2809 5565 2967 5635 hujus
2995 5563 3184 5619 eadem
3217 5563 3345 5628 sint,
3379 5578 3500 5634 qua:
3530 5570 3678 5618 vetus

2122 5664 2370 5735 proxime
2415 5660 2826 5730 subsequentis;
2887 5667 3048 5729 atque
3093 5658 3220 5712 item
3276 5665 3547 5727 postrema
3594 5648 3677 5720 ius

2125 5756 2309 5821 verba,
2342 5755 2450 5810 sint
2479 5753 2670 5809 eadem
2711 5753 2848 5823 ipsa,
2880 5766 2998 5822 quae
3021 5763 3210 5805 versus
3240 5747 3555 5804 immediate
3579 5757 3676 5796 rm-

2123 5850 2404 5916 cedentis;
2434 5863 2619 5904 errore
2639 5845 2926 5902 admodum
2953 5843 3091 5899 [acili
3117 5842 3314 5898 factum
3338 5857 3459 5898 esse
3485 5843 3668 5903 viclllr.
