  <div class='ocr_page' id='page_1' title='image "/cluster/home/n/w/nwhite01/storage/ocr_20150623/12/hvd.32044015471980/070.png"; bbox 0 0 3976 6338; ppageno 0'>
   <div class='ocr_carea' id='block_1_1' title="bbox 253 329 357 385">
    <p class='ocr_par' dir='ltr' id='par_1_1' title="bbox 253 329 357 385">
     <span class='ocr_line' id='line_1_1' title="bbox 253 329 357 385; baseline 0.038 -4"><span class='ocrx_word' id='word_1_1' title='bbox 253 329 357 385; x_wconf 81' lang='lat'><strong>129</strong></span> 
     </span>
    </p>
   </div>
   <div class='ocr_carea' id='block_1_2' title="bbox 251 537 1846 614">
    <p class='ocr_par' dir='ltr' id='par_1_2' title="bbox 251 537 1846 614">
     <span class='ocr_line' id='line_1_2' title="bbox 251 537 1846 614; baseline 0.003 -22"><span class='ocrx_word' id='word_1_2' title='bbox 251 537 480 602; x_wconf 76' lang='lat' dir='ltr'><strong>Graecis,</strong></span> <span class='ocrx_word' id='word_1_3' title='bbox 511 554 675 609; x_wconf 90' lang='lat' dir='ltr'><strong>quam</strong></span> <span class='ocrx_word' id='word_1_4' title='bbox 707 539 762 594; x_wconf 90' lang='lat' dir='ltr'><strong>in</strong></span> <span class='ocrx_word' id='word_1_5' title='bbox 795 541 996 597; x_wconf 89' lang='lat' dir='ltr'><strong>Latinis</strong></span> <span class='ocrx_word' id='word_1_6' title='bbox 1021 544 1418 614; x_wconf 84' lang='lat' dir='ltr'><strong>exemplaribus</strong></span> <span class='ocrx_word' id='word_1_7' title='bbox 1450 545 1846 611; x_wconf 87' lang='lat' dir='ltr'><strong>manuscriptis,</strong></span> 
     </span>
    </p>
   </div>
   <div class='ocr_carea' id='block_1_3' title="bbox 248 629 1850 710">
    <p class='ocr_par' dir='ltr' id='par_1_3' title="bbox 248 629 1850 710">
     <span class='ocr_line' id='line_1_3' title="bbox 248 629 1850 710; baseline 0.004 -25"><span class='ocrx_word' id='word_1_8' title='bbox 248 629 302 686; x_wconf 91' lang='lat' dir='ltr'><strong>in</strong></span> <span class='ocrx_word' id='word_1_9' title='bbox 331 631 526 702; x_wconf 87' lang='lat' dir='ltr'><strong>quibus</strong></span> <span class='ocrx_word' id='word_1_10' title='bbox 569 642 716 688; x_wconf 88' lang='lat' dir='ltr'><strong>totus</strong></span> <span class='ocrx_word' id='word_1_11' title='bbox 749 651 936 692; x_wconf 84' lang='lat' dir='ltr'><strong>versus</strong></span> <span class='ocrx_word' id='word_1_12' title='bbox 967 638 1053 705; x_wconf 85' lang='grc'>58,</span> <span class='ocrx_word' id='word_1_13' title='bbox 1093 639 1334 710; x_wconf 72' lang='lat' dir='ltr'><strong>Vulgata:</strong></span> <span class='ocrx_word' id='word_1_14' title='bbox 1364 637 1614 693; x_wconf 72' lang='lat' dir='ltr'><strong>editionis</strong></span> <span class='ocrx_word' id='word_1_15' title='bbox 1643 638 1711 692; x_wconf 90' lang='lat' dir='ltr'><strong>ab</strong></span> <span class='ocrx_word' id='word_1_16' title='bbox 1737 637 1850 692; x_wconf 83' lang='lat' dir='ltr'><strong>Au-</strong></span> 
     </span>
    </p>
   </div>
   <div class='ocr_carea' id='block_1_4' title="bbox 249 719 1840 800">
    <p class='ocr_par' dir='ltr' id='par_1_4' title="bbox 249 719 1840 800">
     <span class='ocr_line' id='line_1_4' title="bbox 249 719 1840 800; baseline 0.004 -19"><span class='ocrx_word' id='word_1_17' title='bbox 249 727 482 798; x_wconf 82' lang='lat' dir='ltr'><strong>tiquario</strong></span> <span class='ocrx_word' id='word_1_18' title='bbox 503 730 904 800; x_wconf 60' lang='lat' dir='ltr'><strong>praetermissus</strong></span> <span class='ocrx_word' id='word_1_19' title='bbox 927 740 1032 787; x_wconf 91' lang='lat' dir='ltr'><strong>est.</strong></span> <span class='ocrx_word' id='word_1_20' title='bbox 1061 731 1187 787; x_wconf 67' lang='lat' dir='ltr'><strong>Haec</strong></span> <span class='ocrx_word' id='word_1_21' title='bbox 1218 732 1432 788; x_wconf 90' lang='lat' dir='ltr'><strong>Millius.</strong></span> <span class='ocrx_word' id='word_1_22' title='bbox 1825 719 1840 730; x_wconf 69' lang='grc'><strong>’</strong></span> 
     </span>
    </p>
   </div>
   <div class='ocr_carea' id='block_1_5' title="bbox 322 820 1848 893">
    <p class='ocr_par' dir='ltr' id='par_1_5' title="bbox 322 820 1848 893">
     <span class='ocr_line' id='line_1_5' title="bbox 322 820 1848 893; baseline 0.002 -18"><span class='ocrx_word' id='word_1_23' title='bbox 322 820 514 876; x_wconf 84' lang='lat' dir='ltr'><strong>Matth.</strong></span> <span class='ocrx_word' id='word_1_24' title='bbox 542 837 666 893; x_wconf 88' lang='lat' dir='ltr'><strong>eap.</strong></span> <span class='ocrx_word' id='word_1_25' title='bbox 711 839 748 886; x_wconf 85' lang='grc' dir='ltr'><strong>ι,</strong></span> <span class='ocrx_word' id='word_1_26' title='bbox 779 823 875 887; x_wconf 85' lang='grc'>25,</span> <span class='ocrx_word' id='word_1_27' title='bbox 908 823 1181 880; x_wconf 89' lang='lat' dir='ltr'><strong>Veronen.</strong></span> <span class='ocrx_word' id='word_1_28' title='bbox 1212 822 1500 880; x_wconf 88' lang='lat' dir='ltr'><strong>Corbeien.</strong></span> <span class='ocrx_word' id='word_1_29' title='bbox 1527 833 1584 880; x_wconf 89' lang='lat' dir='ltr'><strong>et</strong></span> <span class='ocrx_word' id='word_1_30' title='bbox 1611 823 1848 878; x_wconf 83' lang='lat' dir='ltr'><strong>Brixian.</strong></span> 
     </span>
    </p>
   </div>
   <div class='ocr_carea' id='block_1_6' title="bbox 245 916 1852 988">
    <p class='ocr_par' dir='ltr' id='par_1_6' title="bbox 245 916 1852 988">
     <span class='ocr_line' id='line_1_6' title="bbox 245 916 1852 988; baseline 0.002 -20"><span class='ocrx_word' id='word_1_31' title='bbox 245 923 294 968; x_wconf 86' lang='lat' dir='ltr'><strong>et</strong></span> <span class='ocrx_word' id='word_1_32' title='bbox 326 930 427 968; x_wconf 87' lang='lat' dir='ltr'><strong>non</strong></span> <span class='ocrx_word' id='word_1_33' title='bbox 457 916 693 988; x_wconf 76' lang='lat' dir='ltr'><strong>coqnovit</strong></span> <span class='ocrx_word' id='word_1_34' title='bbox 723 932 854 972; x_wconf 90' lang='lat' dir='ltr'><strong>eam.</strong></span> <span class='ocrx_word' id='word_1_35' title='bbox 882 925 938 972; x_wconf 91' lang='lat' dir='ltr'><strong>et</strong></span> <span class='ocrx_word' id='word_1_36' title='bbox 966 916 1036 971; x_wconf 90' lang='lat' dir='ltr'><strong>ita</strong></span> <span class='ocrx_word' id='word_1_37' title='bbox 1070 917 1128 972; x_wconf 92' lang='lat' dir='ltr'><strong>S.</strong></span> <span class='ocrx_word' id='word_1_38' title='bbox 1176 918 1426 973; x_wconf 82' lang='lat' dir='ltr'><strong>Ambros.</strong></span> <span class='ocrx_word' id='word_1_39' title='bbox 1466 917 1519 973; x_wconf 89' lang='lat' dir='ltr'><strong>in</strong></span> <span class='ocrx_word' id='word_1_40' title='bbox 1547 917 1642 974; x_wconf 87' lang='lat' dir='ltr'><strong>lib.</strong></span> <span class='ocrx_word' id='word_1_41' title='bbox 1673 918 1741 973; x_wconf 85' lang='lat' dir='ltr'><strong>de</strong></span> <span class='ocrx_word' id='word_1_42' title='bbox 1765 917 1852 972; x_wconf 85' lang='lat' dir='ltr'><strong>ln-</strong></span> 
     </span>
    </p>
   </div>
   <div class='ocr_carea' id='block_1_7' title="bbox 249 1007 1854 1082">
    <p class='ocr_par' dir='ltr' id='par_1_7' title="bbox 249 1007 1854 1082">
     <span class='ocr_line' id='line_1_7' title="bbox 249 1007 1854 1082; baseline 0.002 -20"><span class='ocrx_word' id='word_1_43' title='bbox 249 1009 365 1062; x_wconf 90' lang='lat' dir='ltr'><strong>stit.</strong></span> <span class='ocrx_word' id='word_1_44' title='bbox 397 1007 545 1078; x_wconf 86' lang='lat' dir='ltr'><strong>Virg.</strong></span> <span class='ocrx_word' id='word_1_45' title='bbox 580 1023 702 1078; x_wconf 88' lang='lat' dir='ltr'><strong>cap.</strong></span> <span class='ocrx_word' id='word_1_46' title='bbox 745 1010 800 1075; x_wconf 83' lang='lat'><strong>5,</strong></span> <span class='ocrx_word' id='word_1_47' title='bbox 851 1025 968 1082; x_wconf 85' lang='lat' dir='ltr'><strong>pag.</strong></span> <span class='ocrx_word' id='word_1_48' title='bbox 993 1011 1098 1066; x_wconf 78' lang='grc'><strong>257</strong></span> <span class='ocrx_word' id='word_1_49' title='bbox 1127 1021 1181 1066; x_wconf 89' lang='lat' dir='ltr'><strong>et</strong></span> <span class='ocrx_word' id='word_1_50' title='bbox 1203 1012 1336 1075; x_wconf 88' lang='lat'><strong>258,</strong></span> <span class='ocrx_word' id='word_1_51' title='bbox 1379 1027 1478 1067; x_wconf 91' lang='lat' dir='ltr'><strong>nec</strong></span> <span class='ocrx_word' id='word_1_52' title='bbox 1523 1027 1629 1067; x_wconf 89' lang='lat' dir='ltr'><strong>non</strong></span> <span class='ocrx_word' id='word_1_53' title='bbox 1662 1013 1713 1066; x_wconf 92' lang='lat' dir='ltr'><strong>in</strong></span> <span class='ocrx_word' id='word_1_54' title='bbox 1747 1011 1854 1066; x_wconf 82' lang='lat' dir='ltr'><strong>Ex-</strong></span> 
     </span>
    </p>
   </div>
   <div class='ocr_carea' id='block_1_8' title="bbox 253 1099 1852 1174">
    <p class='ocr_par' dir='ltr' id='par_1_8' title="bbox 253 1099 1852 1174">
     <span class='ocr_line' id='line_1_8' title="bbox 253 1099 1852 1174; baseline 0.004 -21"><span class='ocrx_word' id='word_1_55' title='bbox 253 1099 417 1170; x_wconf 90' lang='lat' dir='ltr'><strong>posit.</strong></span> <span class='ocrx_word' id='word_1_56' title='bbox 448 1099 730 1172; x_wconf 73' lang='lat' dir='ltr'><strong>Evangelii</strong></span> <span class='ocrx_word' id='word_1_57' title='bbox 760 1102 984 1157; x_wconf 87' lang='lat' dir='ltr'><strong>secund.</strong></span> <span class='ocrx_word' id='word_1_58' title='bbox 1020 1102 1150 1159; x_wconf 88' lang='lat' dir='ltr'><strong>Luc.</strong></span> <span class='ocrx_word' id='word_1_59' title='bbox 1194 1119 1313 1174; x_wconf 93' lang='lat' dir='ltr'><strong>pag.</strong></span> <span class='ocrx_word' id='word_1_60' title='bbox 1343 1105 1503 1171; x_wconf 77' lang='grc'>1281,</span> <span class='ocrx_word' id='word_1_61' title='bbox 1537 1114 1593 1160; x_wconf 90' lang='lat' dir='ltr'><strong>et</strong></span> <span class='ocrx_word' id='word_1_62' title='bbox 1622 1104 1679 1160; x_wconf 98' lang='grc'><strong>8.</strong></span> <span class='ocrx_word' id='word_1_63' title='bbox 1714 1104 1852 1160; x_wconf 85' lang='lat' dir='ltr'><strong>Gre-</strong></span> 
     </span>
    </p>
   </div>
   <div class='ocr_carea' id='block_1_9' title="bbox 247 1191 1854 1270">
    <p class='ocr_par' dir='ltr' id='par_1_9' title="bbox 247 1191 1854 1270">
     <span class='ocr_line' id='line_1_9' title="bbox 247 1191 1854 1270; baseline 0.003 -23"><span class='ocrx_word' id='word_1_64' title='bbox 247 1207 374 1264; x_wconf 88' lang='lat' dir='ltr'><strong>gor.</strong></span> <span class='ocrx_word' id='word_1_65' title='bbox 405 1191 580 1264; x_wconf 87' lang='lat' dir='ltr'><strong>Magn.</strong></span> <span class='ocrx_word' id='word_1_66' title='bbox 617 1194 669 1248; x_wconf 91' lang='lat' dir='ltr'><strong>in</strong></span> <span class='ocrx_word' id='word_1_67' title='bbox 700 1194 792 1249; x_wconf 91' lang='lat' dir='ltr'><strong>lib.</strong></span> <span class='ocrx_word' id='word_1_68' title='bbox 827 1211 941 1261; x_wconf 87' lang='lat' dir='ltr'><strong>vttt,</strong></span> <span class='ocrx_word' id='word_1_69' title='bbox 976 1211 1094 1266; x_wconf 88' lang='lat' dir='ltr'><strong>cap.</strong></span> <span class='ocrx_word' id='word_1_70' title='bbox 1146 1199 1200 1264; x_wconf 93' lang='lat'><strong>7,</strong></span> <span class='ocrx_word' id='word_1_71' title='bbox 1235 1197 1383 1253; x_wconf 87' lang='lat' dir='ltr'><strong>Beati</strong></span> <span class='ocrx_word' id='word_1_72' title='bbox 1416 1199 1534 1254; x_wconf 82' lang='lat' dir='ltr'><strong>Job.</strong></span> <span class='ocrx_word' id='word_1_73' title='bbox 1578 1214 1699 1270; x_wconf 91' lang='lat' dir='ltr'><strong>pag.</strong></span> <span class='ocrx_word' id='word_1_74' title='bbox 1726 1198 1854 1254; x_wconf 92' lang='lat'><strong>286.</strong></span> 
     </span>
    </p>
   </div>
   <div class='ocr_carea' id='block_1_10' title="bbox 331 1287 1856 1358">
    <p class='ocr_par' dir='ltr' id='par_1_10' title="bbox 331 1287 1856 1358">
     <span class='ocr_line' id='line_1_10' title="bbox 331 1287 1856 1358; baseline 0.004 -15"><span class='ocrx_word' id='word_1_75' title='bbox 331 1287 525 1345; x_wconf 89' lang='lat' dir='ltr'><strong>Matth.</strong></span> <span class='ocrx_word' id='word_1_76' title='bbox 553 1303 675 1358; x_wconf 89' lang='lat' dir='ltr'><strong>cap.</strong></span> <span class='ocrx_word' id='word_1_77' title='bbox 712 1305 792 1356; x_wconf 90' lang='grc' dir='ltr'>ιιι,</span> <span class='ocrx_word' id='word_1_78' title='bbox 824 1290 881 1357; x_wconf 88' lang='grc'><strong>5,</strong></span> <span class='ocrx_word' id='word_1_79' title='bbox 907 1289 1133 1358; x_wconf 91' lang='lat' dir='ltr'><strong>Veron.,</strong></span> <span class='ocrx_word' id='word_1_80' title='bbox 1159 1293 1365 1346; x_wconf 84' lang='lat' dir='ltr'><strong>semitas</strong></span> <span class='ocrx_word' id='word_1_81' title='bbox 1397 1291 1493 1348; x_wconf 89' lang='lat' dir='ltr'><strong>Dei</strong></span> <span class='ocrx_word' id='word_1_82' title='bbox 1517 1294 1678 1348; x_wconf 79' lang='lat' dir='ltr'><strong>nostri</strong></span> <span class='ocrx_word' id='word_1_83' title='bbox 1700 1304 1755 1349; x_wconf 91' lang='lat' dir='ltr'><strong>et</strong></span> <span class='ocrx_word' id='word_1_84' title='bbox 1783 1293 1856 1349; x_wconf 86' lang='lat' dir='ltr'><strong>ita</strong></span> 
     </span>
    </p>
   </div>
   <div class='ocr_carea' id='block_1_11' title="bbox 245 1379 1389 1446">
    <p class='ocr_par' dir='ltr' id='par_1_11' title="bbox 245 1379 1389 1446">
     <span class='ocr_line' id='line_1_11' title="bbox 245 1379 1389 1446; baseline 0 -10"><span class='ocrx_word' id='word_1_85' title='bbox 245 1379 305 1436; x_wconf 91' lang='grc'><strong>8.</strong></span> <span class='ocrx_word' id='word_1_86' title='bbox 341 1380 579 1436; x_wconf 79' lang='lat' dir='ltr'><strong>[remeas</strong></span> <span class='ocrx_word' id='word_1_87' title='bbox 603 1381 654 1435; x_wconf 92' lang='lat' dir='ltr'><strong>in</strong></span> <span class='ocrx_word' id='word_1_88' title='bbox 687 1381 779 1438; x_wconf 90' lang='lat' dir='ltr'><strong>lib.</strong></span> <span class='ocrx_word' id='word_1_89' title='bbox 807 1399 889 1446; x_wconf 87' lang='grc' dir='ltr'><strong>ιιι,</strong></span> <span class='ocrx_word' id='word_1_90' title='bbox 913 1392 1100 1439; x_wconf 89' lang='lat' dir='ltr'><strong>contra</strong></span> <span class='ocrx_word' id='word_1_91' title='bbox 1137 1385 1389 1441; x_wconf 90' lang='lat' dir='ltr'><strong>llereses.</strong></span> 
     </span>
    </p>
   </div>
   <div class='ocr_carea' id='block_1_12' title="bbox 323 1475 1859 1549">
    <p class='ocr_par' dir='ltr' id='par_1_12' title="bbox 323 1475 1859 1549">
     <span class='ocr_line' id='line_1_12' title="bbox 323 1475 1859 1549; baseline 0.004 -21"><span class='ocrx_word' id='word_1_92' title='bbox 323 1475 513 1529; x_wconf 84' lang='lat' dir='ltr'><strong>Matth.</strong></span> <span class='ocrx_word' id='word_1_93' title='bbox 545 1491 665 1547; x_wconf 90' lang='lat' dir='ltr'><strong>cap.</strong></span> <span class='ocrx_word' id='word_1_94' title='bbox 697 1492 772 1543; x_wconf 92' lang='lat' dir='ltr'><strong>tv,</strong></span> <span class='ocrx_word' id='word_1_95' title='bbox 809 1479 898 1541; x_wconf 85' lang='grc'><strong>15.</strong></span> <span class='ocrx_word' id='word_1_96' title='bbox 928 1479 1124 1534; x_wconf 84' lang='lat' dir='ltr'><strong>Veron.</strong></span> <span class='ocrx_word' id='word_1_97' title='bbox 1175 1489 1230 1534; x_wconf 92' lang='lat' dir='ltr'><strong>et</strong></span> <span class='ocrx_word' id='word_1_98' title='bbox 1261 1480 1500 1535; x_wconf 76' lang='lat' dir='ltr'><strong>Brixian.</strong></span> <span class='ocrx_word' id='word_1_99' title='bbox 1543 1482 1597 1535; x_wconf 89' lang='lat' dir='ltr'><strong>in</strong></span> <span class='ocrx_word' id='word_1_100' title='bbox 1624 1480 1859 1549; x_wconf 81' lang='lat' dir='ltr'><strong>Caphar-</strong></span> 
     </span>
    </p>
   </div>
   <div class='ocr_carea' id='block_1_13' title="bbox 248 1570 1858 1641">
    <p class='ocr_par' dir='ltr' id='par_1_13' title="bbox 248 1570 1858 1641">
     <span class='ocr_line' id='line_1_13' title="bbox 248 1570 1858 1641; baseline 0.006 -19"><span class='ocrx_word' id='word_1_101' title='bbox 248 1586 406 1623; x_wconf 85' lang='lat' dir='ltr'><strong>naum</strong></span> <span class='ocrx_word' id='word_1_102' title='bbox 435 1570 766 1626; x_wconf 85' lang='lat' dir='ltr'><strong>maritimam.</strong></span> <span class='ocrx_word' id='word_1_103' title='bbox 812 1583 862 1627; x_wconf 92' lang='lat' dir='ltr'><strong>et</strong></span> <span class='ocrx_word' id='word_1_104' title='bbox 908 1573 978 1628; x_wconf 89' lang='lat' dir='ltr'><strong>ita</strong></span> <span class='ocrx_word' id='word_1_105' title='bbox 1009 1573 1137 1628; x_wconf 85' lang='lat' dir='ltr'><strong>Itala</strong></span> <span class='ocrx_word' id='word_1_106' title='bbox 1181 1577 1382 1641; x_wconf 87' lang='lat' dir='ltr'><strong>versio,</strong></span> <span class='ocrx_word' id='word_1_107' title='bbox 1424 1585 1561 1632; x_wconf 85' lang='lat' dir='ltr'><strong>teste</strong></span> <span class='ocrx_word' id='word_1_108' title='bbox 1597 1575 1765 1632; x_wconf 87' lang='lat' dir='ltr'><strong>Millio</strong></span> <span class='ocrx_word' id='word_1_109' title='bbox 1805 1577 1858 1632; x_wconf 89' lang='lat' dir='ltr'><strong>in</strong></span> 
     </span>
    </p>
   </div>
   <div class='ocr_carea' id='block_1_14' title="bbox 247 1660 1254 1736">
    <p class='ocr_par' dir='ltr' id='par_1_14' title="bbox 247 1660 1254 1736">
     <span class='ocr_line' id='line_1_14' title="bbox 247 1660 1254 1736; baseline 0.004 -19"><span class='ocrx_word' id='word_1_110' title='bbox 247 1660 464 1732; x_wconf 86' lang='lat' dir='ltr'><strong>Proleg.</strong></span> <span class='ocrx_word' id='word_1_111' title='bbox 493 1661 626 1717; x_wconf 74' lang='lat' dir='ltr'><strong>Novi</strong></span> <span class='ocrx_word' id='word_1_112' title='bbox 651 1662 985 1719; x_wconf 89' lang='lat' dir='ltr'><strong>Testamenti</strong></span> <span class='ocrx_word' id='word_1_113' title='bbox 1011 1681 1133 1736; x_wconf 87' lang='lat' dir='ltr'><strong>pag.</strong></span> <span class='ocrx_word' id='word_1_114' title='bbox 1161 1665 1254 1721; x_wconf 80' lang='grc'><strong>51.</strong></span> 
     </span>
    </p>
   </div>
   <div class='ocr_carea' id='block_1_15' title="bbox 321 1755 1855 1828">
    <p class='ocr_par' dir='ltr' id='par_1_15' title="bbox 321 1755 1855 1828">
     <span class='ocr_line' id='line_1_15' title="bbox 321 1755 1855 1828; baseline 0.005 -19"><span class='ocrx_word' id='word_1_115' title='bbox 321 1755 511 1810; x_wconf 90' lang='lat' dir='ltr'><strong>Mattb.</strong></span> <span class='ocrx_word' id='word_1_116' title='bbox 545 1772 668 1826; x_wconf 91' lang='lat' dir='ltr'><strong>cap.</strong></span> <span class='ocrx_word' id='word_1_117' title='bbox 719 1773 890 1825; x_wconf 79' lang='lat' dir='ltr'><strong>xxvii,</strong></span> <span class='ocrx_word' id='word_1_118' title='bbox 938 1758 987 1822; x_wconf 90' lang='lat'><strong>6,</strong></span> <span class='ocrx_word' id='word_1_119' title='bbox 1022 1759 1248 1828; x_wconf 91' lang='lat' dir='ltr'><strong>Veron.,</strong></span> <span class='ocrx_word' id='word_1_120' title='bbox 1292 1762 1345 1815; x_wconf 87' lang='lat' dir='ltr'><strong>in</strong></span> <span class='ocrx_word' id='word_1_121' title='bbox 1388 1761 1641 1816; x_wconf 84' lang='lat' dir='ltr'><strong>loculum.</strong></span> <span class='ocrx_word' id='word_1_122' title='bbox 1693 1772 1748 1819; x_wconf 89' lang='lat' dir='ltr'><strong>et</strong></span> <span class='ocrx_word' id='word_1_123' title='bbox 1785 1764 1855 1818; x_wconf 90' lang='lat' dir='ltr'><strong>ita</strong></span> 
     </span>
    </p>
   </div>
   <div class='ocr_carea' id='block_1_16' title="bbox 247 1847 1428 1920">
    <p class='ocr_par' dir='ltr' id='par_1_16' title="bbox 247 1847 1428 1920">
     <span class='ocr_line' id='line_1_16' title="bbox 247 1847 1428 1920; baseline 0.003 -16"><span class='ocrx_word' id='word_1_124' title='bbox 247 1847 306 1905; x_wconf 92' lang='lat' dir='ltr'><strong>S.</strong></span> <span class='ocrx_word' id='word_1_125' title='bbox 342 1848 664 1905; x_wconf 85' lang='lat' dir='ltr'><strong>Ambrosius</strong></span> <span class='ocrx_word' id='word_1_126' title='bbox 695 1851 746 1904; x_wconf 90' lang='lat' dir='ltr'><strong>in</strong></span> <span class='ocrx_word' id='word_1_127' title='bbox 780 1851 976 1920; x_wconf 90' lang='lat' dir='ltr'><strong>psalm.</strong></span> <span class='ocrx_word' id='word_1_128' title='bbox 1010 1867 1120 1919; x_wconf 81' lang='lat' dir='ltr'><strong>ut,</strong></span> <span class='ocrx_word' id='word_1_129' title='bbox 1151 1870 1300 1908; x_wconf 92' lang='lat' dir='ltr'><strong>num.</strong></span> <span class='ocrx_word' id='word_1_130' title='bbox 1342 1854 1428 1909; x_wconf 87' lang='grc'><strong>15.</strong></span> 
     </span>
    </p>
   </div>
   <div class='ocr_carea' id='block_1_17' title="bbox 316 1943 1855 2023">
    <p class='ocr_par' dir='ltr' id='par_1_17' title="bbox 316 1943 1855 2023">
     <span class='ocr_line' id='line_1_17' title="bbox 316 1943 1855 2023; baseline 0.004 -23"><span class='ocrx_word' id='word_1_131' title='bbox 316 1943 477 2000; x_wconf 82' lang='lat' dir='ltr'><strong>Joau.</strong></span> <span class='ocrx_word' id='word_1_132' title='bbox 524 1959 651 2016; x_wconf 90' lang='lat' dir='ltr'><strong>cap.</strong></span> <span class='ocrx_word' id='word_1_133' title='bbox 701 1961 814 2010; x_wconf 80' lang='lat' dir='ltr'><strong>xu,</strong></span> <span class='ocrx_word' id='word_1_134' title='bbox 875 1947 938 2012; x_wconf 88' lang='lat'><strong>1,</strong></span> <span class='ocrx_word' id='word_1_135' title='bbox 985 1947 1284 2015; x_wconf 88' lang='lat' dir='ltr'><strong>Veronen.,</strong></span> <span class='ocrx_word' id='word_1_136' title='bbox 1318 1959 1424 2004; x_wconf 88' lang='lat' dir='ltr'><strong>erat</strong></span> <span class='ocrx_word' id='word_1_137' title='bbox 1471 1949 1727 2018; x_wconf 78' lang='lat' dir='ltr'><strong>Lazarus,</strong></span> <span class='ocrx_word' id='word_1_138' title='bbox 1768 1952 1855 2023; x_wconf 86' lang='lat' dir='ltr'><strong>qui</strong></span> 
     </span>
    </p>
   </div>
   <div class='ocr_carea' id='block_1_18' title="bbox 243 2039 1856 2117">
    <p class='ocr_par' dir='ltr' id='par_1_18' title="bbox 243 2039 1856 2117">
     <span class='ocr_line' id='line_1_18' title="bbox 243 2039 1856 2117; baseline 0.005 -25"><span class='ocrx_word' id='word_1_139' title='bbox 243 2039 344 2107; x_wconf 73' lang='lat' dir='ltr'><strong>fuit</strong></span> <span class='ocrx_word' id='word_1_140' title='bbox 391 2049 646 2094; x_wconf 82' lang='lat' dir='ltr'><strong>mortuus.</strong></span> <span class='ocrx_word' id='word_1_141' title='bbox 692 2039 934 2095; x_wconf 82' lang='lat' dir='ltr'><strong>Brixiau.</strong></span> <span class='ocrx_word' id='word_1_142' title='bbox 979 2052 1087 2096; x_wconf 85' lang='lat' dir='ltr'><strong>erat</strong></span> <span class='ocrx_word' id='word_1_143' title='bbox 1117 2041 1366 2111; x_wconf 80' lang='lat' dir='ltr'><strong>Lazarus,</strong></span> <span class='ocrx_word' id='word_1_144' title='bbox 1408 2046 1493 2114; x_wconf 90' lang='lat' dir='ltr'><strong>qui</strong></span> <span class='ocrx_word' id='word_1_145' title='bbox 1523 2049 1692 2117; x_wconf 79' lang='lat' dir='ltr'><strong>fuerat</strong></span> <span class='ocrx_word' id='word_1_146' title='bbox 1719 2061 1856 2100; x_wconf 88' lang='lat' dir='ltr'><strong>mor-</strong></span> 
     </span>
    </p>
   </div>
   <div class='ocr_carea' id='block_1_19' title="bbox 244 2132 1854 2211">
    <p class='ocr_par' dir='ltr' id='par_1_19' title="bbox 244 2132 1854 2211">
     <span class='ocr_line' id='line_1_19' title="bbox 244 2132 1854 2211; baseline 0.004 -23"><span class='ocrx_word' id='word_1_147' title='bbox 244 2143 386 2188; x_wconf 89' lang='lat' dir='ltr'><strong>tuus.</strong></span> <span class='ocrx_word' id='word_1_148' title='bbox 421 2132 666 2201; x_wconf 66' lang='lat' dir='ltr'><strong>Graecus,</strong></span> <span class='ocrx_word' id='word_1_149' title='bbox 694 2133 911 2210; x_wconf 81' lang='grc' dir='ltr'><strong>λάςαρος</strong></span> <span class='ocrx_word' id='word_1_150' title='bbox 935 2135 960 2191; x_wconf 87' lang='grc' dir='ltr'>ὁ</span> <span class='ocrx_word' id='word_1_151' title='bbox 989 2137 1262 2205; x_wconf 78' lang='grc' dir='ltr'><strong>τεθνηκὼς,</strong></span> <span class='ocrx_word' id='word_1_152' title='bbox 1293 2136 1545 2204; x_wconf 78' lang='lat' dir='ltr'><strong>Lazarus,</strong></span> <span class='ocrx_word' id='word_1_153' title='bbox 1570 2141 1660 2204; x_wconf 85' lang='lat' dir='ltr'><strong>qui</strong></span> <span class='ocrx_word' id='word_1_154' title='bbox 1682 2143 1854 2211; x_wconf 79' lang='lat' dir='ltr'><strong>fuerat</strong></span> 
     </span>
    </p>
   </div>
   <div class='ocr_carea' id='block_1_20' title="bbox 248 2236 505 2283">
    <p class='ocr_par' dir='ltr' id='par_1_20' title="bbox 248 2236 505 2283">
     <span class='ocr_line' id='line_1_20' title="bbox 248 2236 505 2283; baseline 0.016 -4"><span class='ocrx_word' id='word_1_155' title='bbox 248 2236 505 2283; x_wconf 83' lang='lat' dir='ltr'><strong>mortuus.</strong></span> 
     </span>
    </p>
   </div>
   <div class='ocr_carea' id='block_1_21' title="bbox 320 2319 1849 2395">
    <p class='ocr_par' dir='ltr' id='par_1_21' title="bbox 320 2319 1849 2395">
     <span class='ocr_line' id='line_1_21' title="bbox 320 2319 1849 2395; baseline 0.008 -21"><span class='ocrx_word' id='word_1_156' title='bbox 320 2319 452 2375; x_wconf 91' lang='lat' dir='ltr'><strong>Luc.</strong></span> <span class='ocrx_word' id='word_1_157' title='bbox 487 2336 607 2390; x_wconf 88' lang='lat' dir='ltr'><strong>cap.</strong></span> <span class='ocrx_word' id='word_1_158' title='bbox 642 2337 699 2389; x_wconf 93' lang='grc' dir='ltr'><strong>ιι,</strong></span> <span class='ocrx_word' id='word_1_159' title='bbox 727 2322 782 2390; x_wconf 89' lang='grc'>2,</span> <span class='ocrx_word' id='word_1_160' title='bbox 829 2321 1096 2380; x_wconf 87' lang='lat' dir='ltr'><strong>Veronen.</strong></span> <span class='ocrx_word' id='word_1_161' title='bbox 1119 2367 1133 2392; x_wconf 94' lang='lat'><strong>,</strong></span> <span class='ocrx_word' id='word_1_162' title='bbox 1171 2325 1475 2383; x_wconf 87' lang='lat' dir='ltr'><strong>Vercellen.</strong></span> <span class='ocrx_word' id='word_1_163' title='bbox 1503 2370 1518 2395; x_wconf 94' lang='lat'><strong>,</strong></span> <span class='ocrx_word' id='word_1_164' title='bbox 1561 2327 1849 2386; x_wconf 89' lang='lat' dir='ltr'><strong>Corbeien.</strong></span> 
     </span>
    </p>
   </div>
   <div class='ocr_carea' id='block_1_22' title="bbox 251 2414 1847 2496">
    <p class='ocr_par' dir='ltr' id='par_1_22' title="bbox 251 2414 1847 2496">
     <span class='ocr_line' id='line_1_22' title="bbox 251 2414 1847 2496; baseline 0.005 -26"><span class='ocrx_word' id='word_1_165' title='bbox 251 2425 304 2470; x_wconf 93' lang='lat' dir='ltr'><strong>et</strong></span> <span class='ocrx_word' id='word_1_166' title='bbox 335 2414 456 2471; x_wconf 83' lang='lat' dir='ltr'><strong>Gal.</strong></span> <span class='ocrx_word' id='word_1_167' title='bbox 487 2417 740 2472; x_wconf 86' lang='lat' dir='ltr'><strong>secundis</strong></span> <span class='ocrx_word' id='word_1_168' title='bbox 780 2418 945 2486; x_wconf 89' lang='lat' dir='ltr'><strong>curis,</strong></span> <span class='ocrx_word' id='word_1_169' title='bbox 991 2422 1262 2489; x_wconf 77' lang='lat' dir='ltr'><strong>professio.</strong></span> <span class='ocrx_word' id='word_1_170' title='bbox 1298 2421 1497 2477; x_wconf 89' lang='lat' dir='ltr'><strong>Millius</strong></span> <span class='ocrx_word' id='word_1_171' title='bbox 1546 2423 1599 2478; x_wconf 92' lang='lat' dir='ltr'><strong>in</strong></span> <span class='ocrx_word' id='word_1_172' title='bbox 1635 2423 1847 2496; x_wconf 88' lang='lat' dir='ltr'><strong>Proleg.</strong></span> 
     </span>
    </p>
   </div>
   <div class='ocr_carea' id='block_1_23' title="bbox 256 2507 1854 2580">
    <p class='ocr_par' dir='ltr' id='par_1_23' title="bbox 256 2507 1854 2580">
     <span class='ocr_line' id='line_1_23' title="bbox 256 2507 1854 2580; baseline 0.01 -24"><span class='ocrx_word' id='word_1_173' title='bbox 256 2521 378 2577; x_wconf 84' lang='lat' dir='ltr'><strong>pag.</strong></span> <span class='ocrx_word' id='word_1_174' title='bbox 420 2507 512 2572; x_wconf 78' lang='lat'><strong>52,</strong></span> <span class='ocrx_word' id='word_1_175' title='bbox 555 2509 648 2575; x_wconf 89' lang='lat' dir='ltr'><strong>ait,</strong></span> <span class='ocrx_word' id='word_1_176' title='bbox 682 2510 949 2580; x_wconf 80' lang='lat' dir='ltr'><strong>proﬁteri,</strong></span> <span class='ocrx_word' id='word_1_177' title='bbox 981 2527 1109 2576; x_wconf 74' lang='lat' dir='ltr'><strong>non,</strong></span> <span class='ocrx_word' id='word_1_178' title='bbox 1153 2513 1396 2580; x_wconf 83' lang='lat' dir='ltr'><strong>describi,</strong></span> <span class='ocrx_word' id='word_1_179' title='bbox 1428 2515 1590 2569; x_wconf 78' lang='lat' dir='ltr'><strong>vertit</strong></span> <span class='ocrx_word' id='word_1_180' title='bbox 1628 2515 1854 2572; x_wconf 86' lang='lat' dir='ltr'><strong>Latinus</strong></span> 
     </span>
    </p>
   </div>
   <div class='ocr_carea' id='block_1_24' title="bbox 255 2600 1850 2680">
    <p class='ocr_par' dir='ltr' id='par_1_24' title="bbox 255 2600 1850 2680">
     <span class='ocr_line' id='line_1_24' title="bbox 255 2600 1850 2680; baseline 0.004 -24"><span class='ocrx_word' id='word_1_181' title='bbox 255 2600 526 2671; x_wconf 88' lang='lat' dir='ltr'><strong>interpres</strong></span> <span class='ocrx_word' id='word_1_182' title='bbox 575 2618 636 2658; x_wconf 82' lang='lat' dir='ltr'><strong>ex</strong></span> <span class='ocrx_word' id='word_1_183' title='bbox 687 2603 912 2668; x_wconf 80' lang='lat' dir='ltr'><strong>Graeco,</strong></span> <span class='ocrx_word' id='word_1_184' title='bbox 956 2605 1345 2680; x_wconf 61' lang='grc' dir='ltr'><strong>ἀπογράφεσθαι</strong></span> <span class='ocrx_word' id='word_1_185' title='bbox 1387 2625 1399 2658; x_wconf 89' lang='lat'>:</span> <span class='ocrx_word' id='word_1_186' title='bbox 1468 2618 1516 2662; x_wconf 87' lang='lat' dir='ltr'><strong>et</strong></span> <span class='ocrx_word' id='word_1_187' title='bbox 1579 2610 1850 2679; x_wconf 81' lang='lat' dir='ltr'><strong>professio,</strong></span> 
     </span>
    </p>
   </div>
   <div class='ocr_carea' id='block_1_25' title="bbox 251 2696 1852 2772">
    <p class='ocr_par' dir='ltr' id='par_1_25' title="bbox 251 2696 1852 2772">
     <span class='ocr_line' id='line_1_25' title="bbox 251 2696 1852 2772; baseline 0.004 -23"><span class='ocrx_word' id='word_1_188' title='bbox 251 2696 524 2772; x_wconf 74' lang='grc' dir='ltr'><strong>ἀπογραφή</strong></span> <span class='ocrx_word' id='word_1_189' title='bbox 553 2711 665 2752; x_wconf 85' lang='lat' dir='ltr'><strong>ver.</strong></span> <span class='ocrx_word' id='word_1_190' title='bbox 713 2697 771 2762; x_wconf 84' lang='grc'>2,</span> <span class='ocrx_word' id='word_1_191' title='bbox 807 2711 970 2752; x_wconf 87' lang='lat' dir='ltr'><strong>voces</strong></span> <span class='ocrx_word' id='word_1_192' title='bbox 996 2696 1138 2751; x_wconf 87' lang='lat' dir='ltr'><strong>haud</strong></span> <span class='ocrx_word' id='word_1_193' title='bbox 1179 2698 1377 2768; x_wconf 82' lang='lat' dir='ltr'><strong>vulgati</strong></span> <span class='ocrx_word' id='word_1_194' title='bbox 1416 2697 1526 2768; x_wconf 89' lang='lat' dir='ltr'><strong>jam</strong></span> <span class='ocrx_word' id='word_1_195' title='bbox 1559 2714 1712 2763; x_wconf 90' lang='lat' dir='ltr'><strong>usus,</strong></span> <span class='ocrx_word' id='word_1_196' title='bbox 1756 2699 1852 2756; x_wconf 88' lang='lat' dir='ltr'><strong>sed</strong></span> 
     </span>
    </p>
   </div>
   <div class='ocr_carea' id='block_1_26' title="bbox 248 2789 1853 2864">
    <p class='ocr_par' dir='ltr' id='par_1_26' title="bbox 248 2789 1853 2864">
     <span class='ocr_line' id='line_1_26' title="bbox 248 2789 1853 2864; baseline 0.004 -21"><span class='ocrx_word' id='word_1_197' title='bbox 248 2803 439 2843; x_wconf 89' lang='lat' dir='ltr'><strong>revera</strong></span> <span class='ocrx_word' id='word_1_198' title='bbox 489 2791 794 2856; x_wconf 87' lang='lat' dir='ltr'><strong>censuales,</strong></span> <span class='ocrx_word' id='word_1_199' title='bbox 852 2800 908 2846; x_wconf 89' lang='lat' dir='ltr'><strong>ut</strong></span> <span class='ocrx_word' id='word_1_200' title='bbox 949 2789 1017 2844; x_wconf 89' lang='lat' dir='ltr'><strong>ab</strong></span> <span class='ocrx_word' id='word_1_201' title='bbox 1063 2789 1288 2846; x_wconf 88' lang='lat' dir='ltr'><strong>eruditis</strong></span> <span class='ocrx_word' id='word_1_202' title='bbox 1320 2801 1586 2859; x_wconf 84' lang='lat' dir='ltr'><strong>notatum,</strong></span> <span class='ocrx_word' id='word_1_203' title='bbox 1619 2803 1673 2849; x_wconf 90' lang='lat' dir='ltr'><strong>et</strong></span> <span class='ocrx_word' id='word_1_204' title='bbox 1698 2793 1853 2864; x_wconf 91' lang='lat' dir='ltr'><strong>quasi</strong></span> 
     </span>
    </p>
   </div>
   <div class='ocr_carea' id='block_1_27' title="bbox 250 2879 1854 2957">
    <p class='ocr_par' dir='ltr' id='par_1_27' title="bbox 250 2879 1854 2957">
     <span class='ocr_line' id='line_1_27' title="bbox 250 2879 1854 2957; baseline 0.003 -21"><span class='ocrx_word' id='word_1_205' title='bbox 250 2879 539 2938; x_wconf 68' lang='lat' dir='ltr'><strong>technicze.</strong></span> <span class='ocrx_word' id='word_1_206' title='bbox 574 2883 643 2937; x_wconf 87' lang='lat' dir='ltr'><strong>Et</strong></span> <span class='ocrx_word' id='word_1_207' title='bbox 667 2881 884 2954; x_wconf 79' lang='lat' dir='ltr'><strong>quidem</strong></span> <span class='ocrx_word' id='word_1_208' title='bbox 915 2883 1229 2952; x_wconf 81' lang='lat' dir='ltr'><strong>elegantius,</strong></span> <span class='ocrx_word' id='word_1_209' title='bbox 1286 2883 1458 2956; x_wconf 88' lang='lat' dir='ltr'><strong>inquit</strong></span> <span class='ocrx_word' id='word_1_210' title='bbox 1499 2886 1746 2957; x_wconf 84' lang='lat' dir='ltr'><strong>Boysius,</strong></span> <span class='ocrx_word' id='word_1_211' title='bbox 1798 2898 1854 2942; x_wconf 87' lang='lat' dir='ltr'><strong>ut</strong></span> 
     </span>
    </p>
   </div>
   <div class='ocr_carea' id='block_1_28' title="bbox 247 2975 1852 3050">
    <p class='ocr_par' dir='ltr' id='par_1_28' title="bbox 247 2975 1852 3050">
     <span class='ocr_line' id='line_1_28' title="bbox 247 2975 1852 3050; baseline 0.004 -21"><span class='ocrx_word' id='word_1_212' title='bbox 247 2975 632 3046; x_wconf 78' lang='lat' dir='ltr'><strong>proﬁterentur,</strong></span> <span class='ocrx_word' id='word_1_213' title='bbox 659 2991 840 3046; x_wconf 88' lang='lat' dir='ltr'><strong>quam,</strong></span> <span class='ocrx_word' id='word_1_214' title='bbox 883 2986 938 3030; x_wconf 85' lang='lat' dir='ltr'><strong>ut</strong></span> <span class='ocrx_word' id='word_1_215' title='bbox 974 2976 1395 3042; x_wconf 79' lang='lat' dir='ltr'><strong>describerentur,</strong></span> <span class='ocrx_word' id='word_1_216' title='bbox 1423 2978 1525 3034; x_wconf 86' lang='lat' dir='ltr'><strong>hoc</strong></span> <span class='ocrx_word' id='word_1_217' title='bbox 1555 2981 1852 3050; x_wconf 65' lang='lat' dir='ltr'><strong>praesertim</strong></span> 
     </span>
    </p>
   </div>
   <div class='ocr_carea' id='block_1_29' title="bbox 246 3068 1852 3147">
    <p class='ocr_par' dir='ltr' id='par_1_29' title="bbox 246 3068 1852 3147">
     <span class='ocr_line' id='line_1_29' title="bbox 246 3068 1852 3147; baseline 0.002 -24"><span class='ocrx_word' id='word_1_218' title='bbox 246 3068 301 3123; x_wconf 89' lang='lat' dir='ltr'><strong>in</strong></span> <span class='ocrx_word' id='word_1_219' title='bbox 337 3070 478 3134; x_wconf 89' lang='lat' dir='ltr'><strong>loco,</strong></span> <span class='ocrx_word' id='word_1_220' title='bbox 513 3069 626 3135; x_wconf 92' lang='lat' dir='ltr'><strong>ubi,</strong></span> <span class='ocrx_word' id='word_1_221' title='bbox 654 3072 715 3126; x_wconf 86' lang='grc' dir='ltr'><strong>τὸ</strong></span> <span class='ocrx_word' id='word_1_222' title='bbox 753 3072 1167 3147; x_wconf 74' lang='grc' dir='ltr'><strong>ἀπογράφεσθαι,</strong></span> <span class='ocrx_word' id='word_1_223' title='bbox 1195 3087 1302 3125; x_wconf 90' lang='lat' dir='ltr'><strong>non</strong></span> <span class='ocrx_word' id='word_1_224' title='bbox 1336 3071 1400 3125; x_wconf 90' lang='lat' dir='ltr'><strong>ad</strong></span> <span class='ocrx_word' id='word_1_225' title='bbox 1432 3087 1656 3128; x_wconf 89' lang='lat' dir='ltr'><strong>censum</strong></span> <span class='ocrx_word' id='word_1_226' title='bbox 1687 3088 1852 3143; x_wconf 78' lang='lat' dir='ltr'><strong>agen-</strong></span> 
     </span>
    </p>
   </div>
   <div class='ocr_carea' id='block_1_30' title="bbox 249 3159 1853 3233">
    <p class='ocr_par' dir='ltr' id='par_1_30' title="bbox 249 3159 1853 3233">
     <span class='ocr_line' id='line_1_30' title="bbox 249 3159 1853 3233; baseline 0.006 -19"><span class='ocrx_word' id='word_1_227' title='bbox 249 3167 350 3225; x_wconf 59' lang='lat' dir='ltr'><strong>tes,</strong></span> <span class='ocrx_word' id='word_1_228' title='bbox 385 3159 483 3216; x_wconf 90' lang='lat' dir='ltr'><strong>scd</strong></span> <span class='ocrx_word' id='word_1_229' title='bbox 511 3161 579 3216; x_wconf 91' lang='lat' dir='ltr'><strong>ad</strong></span> <span class='ocrx_word' id='word_1_230' title='bbox 625 3177 756 3231; x_wconf 90' lang='lat' dir='ltr'><strong>eos,</strong></span> <span class='ocrx_word' id='word_1_231' title='bbox 810 3164 900 3233; x_wconf 87' lang='lat' dir='ltr'><strong>qui</strong></span> <span class='ocrx_word' id='word_1_232' title='bbox 929 3172 1242 3228; x_wconf 84' lang='lat' dir='ltr'><strong>censentur,</strong></span> <span class='ocrx_word' id='word_1_233' title='bbox 1285 3163 1538 3219; x_wconf 80' lang='lat' dir='ltr'><strong>refertur.</strong></span> <span class='ocrx_word' id='word_1_234' title='bbox 1579 3167 1687 3232; x_wconf 93' lang='lat' dir='ltr'><strong>Sic,</strong></span> <span class='ocrx_word' id='word_1_235' title='bbox 1719 3169 1853 3222; x_wconf 80' lang='grc' dir='ltr'><strong>ἀπο-</strong></span> 
     </span>
    </p>
   </div>
   <div class='ocr_carea' id='block_1_31' title="bbox 997 325 2801 401">
    <p class='ocr_par' dir='ltr' id='par_1_31' title="bbox 997 325 2801 401">
     <span class='ocr_line' id='line_1_31' title="bbox 997 325 2801 401; baseline 0.003 -11"><span class='ocrx_word' id='word_1_236' title='bbox 997 331 1335 393; x_wconf 76' lang='lat' dir='ltr'><strong>EPISTOLA</strong></span> <span class='ocrx_word' id='word_1_237' title='bbox 1380 330 1750 392; x_wconf 81' lang='lat' dir='ltr'><strong>BLANCHIN!</strong></span> <span class='ocrx_word' id='word_1_238' title='bbox 1791 337 1881 391; x_wconf 78' lang='lat' dir='ltr'><strong>Al)</strong></span> <span class='ocrx_word' id='word_1_239' title='bbox 1921 325 2310 395; x_wconf 74' lang='lat' dir='ltr'><strong>EPISCOPUM</strong></span> <span class='ocrx_word' id='word_1_240' title='bbox 2351 338 2801 401; x_wconf 77' lang='lat' dir='ltr'><strong>GURCENSEM.</strong></span> 
     </span>
    </p>
   </div>
   <div class='ocr_carea' id='block_1_32' title="bbox 247 446 1929 521">
    <p class='ocr_par' dir='ltr' id='par_1_32' title="bbox 247 446 1929 521">
     <span class='ocr_line' id='line_1_32' title="bbox 247 446 1929 521; baseline 0.005 -24"><span class='ocrx_word' id='word_1_241' title='bbox 247 454 306 498; x_wconf 88' lang='lat' dir='ltr'><strong>ut</strong></span> <span class='ocrx_word' id='word_1_242' title='bbox 335 446 434 497; x_wconf 77' lang='lat' dir='ltr'><strong>is&#39;a</strong></span> <span class='ocrx_word' id='word_1_243' title='bbox 466 460 496 500; x_wconf 92' lang='lat' dir='ltr'><strong>e</strong></span> <span class='ocrx_word' id='word_1_244' title='bbox 533 459 767 516; x_wconf 80' lang='lat' dir='ltr'><strong>corpore</strong></span> <span class='ocrx_word' id='word_1_245' title='bbox 798 456 971 505; x_wconf 80' lang='lat' dir='ltr'><strong>textus</strong></span> <span class='ocrx_word' id='word_1_246' title='bbox 994 448 1106 521; x_wconf 89' lang='lat' dir='ltr'><strong>jatn</strong></span> <span class='ocrx_word' id='word_1_247' title='bbox 1137 451 1265 506; x_wconf 90' lang='lat' dir='ltr'><strong>olim</strong></span> <span class='ocrx_word' id='word_1_248' title='bbox 1299 451 1616 516; x_wconf 77' lang='lat' dir='ltr'><strong>exciderint,</strong></span> <span class='ocrx_word' id='word_1_249' title='bbox 1655 461 1759 505; x_wconf 89' lang='lat' dir='ltr'><strong>tam</strong></span> <span class='ocrx_word' id='word_1_250' title='bbox 1801 452 1851 505; x_wconf 90' lang='lat' dir='ltr'><strong>in</strong></span> <span class='ocrx_word' id='word_1_251' title='bbox 1881 456 1929 514; x_wconf 81' lang='grc' dir='ltr'>Α</span> 
     </span>
    </p>
   </div>
   <div class='ocr_carea' id='block_1_33' title="bbox 3453 351 3556 406">
    <p class='ocr_par' dir='ltr' id='par_1_33' title="bbox 3453 351 3556 406">
     <span class='ocr_line' id='line_1_33' title="bbox 3453 351 3556 406; baseline 0.01 -1"><span class='ocrx_word' id='word_1_252' title='bbox 3453 351 3556 406; x_wconf 83' lang='grc'><strong>150</strong></span> 
     </span>
    </p>
   </div>
   <div class='ocr_carea' id='block_1_34' title="bbox 2028 454 3558 531">
    <p class='ocr_par' dir='ltr' id='par_1_34' title="bbox 2028 454 3558 531">
     <span class='ocr_line' id='line_1_34' title="bbox 2028 454 3558 531; baseline 0.01 -23"><span class='ocrx_word' id='word_1_253' title='bbox 2028 454 2214 509; x_wconf 83' lang='lat' dir='ltr'><strong>Matth.</strong></span> <span class='ocrx_word' id='word_1_254' title='bbox 2246 471 2364 526; x_wconf 92' lang='lat' dir='ltr'><strong>cap.</strong></span> <span class='ocrx_word' id='word_1_255' title='bbox 2416 474 2528 523; x_wconf 75' lang='lat' dir='ltr'><strong>xw,</strong></span> <span class='ocrx_word' id='word_1_256' title='bbox 2566 461 2652 526; x_wconf 86' lang='lat'><strong>19,</strong></span> <span class='ocrx_word' id='word_1_257' title='bbox 2702 460 3002 531; x_wconf 88' lang='lat' dir='ltr'><strong>Veronen.,</strong></span> <span class='ocrx_word' id='word_1_258' title='bbox 3033 463 3322 521; x_wconf 87' lang='lat' dir='ltr'><strong>Corbeien.</strong></span> <span class='ocrx_word' id='word_1_259' title='bbox 3355 477 3408 524; x_wconf 90' lang='lat' dir='ltr'><strong>et</strong></span> <span class='ocrx_word' id='word_1_260' title='bbox 3438 469 3558 524; x_wconf 85' lang='lat' dir='ltr'><strong>Bri-</strong></span> 
     </span>
    </p>
   </div>
   <div class='ocr_carea' id='block_1_35' title="bbox 1956 549 3554 635">
    <p class='ocr_par' dir='ltr' id='par_1_35' title="bbox 1956 549 3554 635">
     <span class='ocr_line' id='line_1_35' title="bbox 1956 549 3554 635; baseline 0.01 -32"><span class='ocrx_word' id='word_1_261' title='bbox 1956 549 2124 615; x_wconf 82' lang='lat' dir='ltr'><strong>xian.,</strong></span> <span class='ocrx_word' id='word_1_262' title='bbox 2159 558 2206 603; x_wconf 80' lang='lat' dir='ltr'><strong>et</strong></span> <span class='ocrx_word' id='word_1_263' title='bbox 2231 567 2627 624; x_wconf 62' lang='lat' dir='ltr'><strong>quaeruntque...</strong></span> <span class='ocrx_word' id='word_1_264' title='bbox 2657 567 2803 610; x_wconf 87' lang='lat' dir='ltr'><strong>erunt</strong></span> <span class='ocrx_word' id='word_1_265' title='bbox 2833 558 3061 630; x_wconf 85' lang='lat' dir='ltr'><strong>ligata...</strong></span> <span class='ocrx_word' id='word_1_266' title='bbox 3089 571 3134 615; x_wconf 84' lang='lat' dir='ltr'><strong>et</strong></span> <span class='ocrx_word' id='word_1_267' title='bbox 3154 578 3554 635; x_wconf 70' lang='lat' dir='ltr'><strong>qua’cunu/ue...</strong></span> 
     </span>
    </p>
   </div>
   <div class='ocr_carea' id='block_1_36' title="bbox 1957 645 3552 723">
    <p class='ocr_par' dir='ltr' id='par_1_36' title="bbox 1957 645 3552 723">
     <span class='ocr_line' id='line_1_36' title="bbox 1957 645 3552 723; baseline 0.011 -25"><span class='ocrx_word' id='word_1_268' title='bbox 1957 654 2104 698; x_wconf 86' lang='lat' dir='ltr'><strong>erunt</strong></span> <span class='ocrx_word' id='word_1_269' title='bbox 2130 645 2321 712; x_wconf 83' lang='lat' dir='ltr'><strong>soluta,</strong></span> <span class='ocrx_word' id='word_1_270' title='bbox 2345 657 2451 702; x_wconf 91' lang='lat' dir='ltr'><strong>etc.</strong></span> <span class='ocrx_word' id='word_1_271' title='bbox 2474 657 2528 704; x_wconf 90' lang='lat' dir='ltr'><strong>et</strong></span> <span class='ocrx_word' id='word_1_272' title='bbox 2550 649 2620 703; x_wconf 90' lang='lat' dir='ltr'><strong>ita</strong></span> <span class='ocrx_word' id='word_1_273' title='bbox 2649 650 2709 706; x_wconf 93' lang='lat' dir='ltr'><strong>S.</strong></span> <span class='ocrx_word' id='word_1_274' title='bbox 2735 653 3050 710; x_wconf 79' lang='lat' dir='ltr'><strong>Ambrosius</strong></span> <span class='ocrx_word' id='word_1_275' title='bbox 3078 656 3130 710; x_wconf 91' lang='lat' dir='ltr'><strong>in</strong></span> <span class='ocrx_word' id='word_1_276' title='bbox 3151 656 3244 712; x_wconf 90' lang='lat' dir='ltr'><strong>lib.</strong></span> <span class='ocrx_word' id='word_1_277' title='bbox 3269 675 3304 723; x_wconf 93' lang='lat' dir='ltr'><strong>t,</strong></span> <span class='ocrx_word' id='word_1_278' title='bbox 3332 659 3398 715; x_wconf 82' lang='lat' dir='ltr'><strong>de</strong></span> <span class='ocrx_word' id='word_1_279' title='bbox 3425 659 3552 715; x_wconf 76' lang='grc' dir='ltr'><strong>Ρω-</strong></span> 
     </span>
    </p>
   </div>
   <div class='ocr_carea' id='block_1_37' title="bbox 1959 736 3553 811">
    <p class='ocr_par' dir='ltr' id='par_1_37' title="bbox 1959 736 3553 811">
     <span class='ocr_line' id='line_1_37' title="bbox 1959 736 3553 811; baseline 0.011 -21"><span class='ocrx_word' id='word_1_280' title='bbox 1959 737 2150 793; x_wconf 86' lang='lat' dir='ltr'><strong>ttilettt.</strong></span> <span class='ocrx_word' id='word_1_281' title='bbox 2183 754 2298 809; x_wconf 91' lang='lat' dir='ltr'><strong>cap.</strong></span> <span class='ocrx_word' id='word_1_282' title='bbox 2351 740 2402 806; x_wconf 88' lang='lat'><strong>7,</strong></span> <span class='ocrx_word' id='word_1_283' title='bbox 2441 756 2562 811; x_wconf 86' lang='lat' dir='ltr'><strong>pag.</strong></span> <span class='ocrx_word' id='word_1_284' title='bbox 2607 742 2731 800; x_wconf 83' lang='grc'>599.</span> <span class='ocrx_word' id='word_1_285' title='bbox 2763 744 2986 804; x_wconf 88' lang='lat' dir='ltr'><strong>Tertull.</strong></span> <span class='ocrx_word' id='word_1_286' title='bbox 3032 751 3083 803; x_wconf 93' lang='lat' dir='ltr'><strong>in</strong></span> <span class='ocrx_word' id='word_1_287' title='bbox 3131 748 3224 804; x_wconf 89' lang='lat' dir='ltr'><strong>lib.</strong></span> <span class='ocrx_word' id='word_1_288' title='bbox 3256 750 3324 807; x_wconf 91' lang='lat' dir='ltr'><strong>de</strong></span> <span class='ocrx_word' id='word_1_289' title='bbox 3363 736 3553 809; x_wconf 47' lang='lat' dir='ltr'><strong>Iittdic.</strong></span> 
     </span>
    </p>
   </div>
   <div class='ocr_carea' id='block_1_38' title="bbox 1957 830 3559 913">
    <p class='ocr_par' dir='ltr' id='par_1_38' title="bbox 1957 830 3559 913">
     <span class='ocr_line' id='line_1_38' title="bbox 1957 830 3559 913; baseline 0.011 -30"><span class='ocrx_word' id='word_1_290' title='bbox 1957 844 2076 900; x_wconf 85' lang='lat' dir='ltr'><strong>cap.</strong></span> <span class='ocrx_word' id='word_1_291' title='bbox 2109 830 2201 896; x_wconf 90' lang='lat'><strong>21,</strong></span> <span class='ocrx_word' id='word_1_292' title='bbox 2236 831 2382 901; x_wconf 86' lang='lat' dir='ltr'><strong>legit,</strong></span> <span class='ocrx_word' id='word_1_293' title='bbox 2436 833 2626 889; x_wconf 84' lang='lat' dir='ltr'><strong>soluta.</strong></span> <span class='ocrx_word' id='word_1_294' title='bbox 2659 835 2718 892; x_wconf 97' lang='grc'><strong>8.</strong></span> <span class='ocrx_word' id='word_1_295' title='bbox 2751 836 3003 910; x_wconf 87' lang='lat' dir='ltr'><strong>Cyprian.</strong></span> <span class='ocrx_word' id='word_1_296' title='bbox 3029 851 3074 896; x_wconf 85' lang='lat' dir='ltr'><strong>et</strong></span> <span class='ocrx_word' id='word_1_297' title='bbox 3099 859 3280 913; x_wconf 67' lang='lat' dir='ltr'><strong>quia...</strong></span> <span class='ocrx_word' id='word_1_298' title='bbox 3312 855 3460 900; x_wconf 84' lang='lat' dir='ltr'><strong>erunt</strong></span> <span class='ocrx_word' id='word_1_299' title='bbox 3491 847 3559 901; x_wconf 83' lang='lat' dir='ltr'><strong>li-</strong></span> 
     </span>
    </p>
   </div>
   <div class='ocr_carea' id='block_1_39' title="bbox 1957 931 3557 999">
    <p class='ocr_par' dir='ltr' id='par_1_39' title="bbox 1957 931 3557 999">
     <span class='ocr_line' id='line_1_39' title="bbox 1957 931 3557 999; baseline 0.014 -27"><span class='ocrx_word' id='word_1_300' title='bbox 1957 931 2144 992; x_wconf 79' lang='lat' dir='ltr'><strong>gata...</strong></span> <span class='ocrx_word' id='word_1_301' title='bbox 2190 933 2234 977; x_wconf 90' lang='lat' dir='ltr'><strong>et</strong></span> <span class='ocrx_word' id='word_1_302' title='bbox 2264 940 2661 997; x_wconf 59' lang='lat' dir='ltr'><strong>quacumque...</strong></span> <span class='ocrx_word' id='word_1_303' title='bbox 2713 941 2862 983; x_wconf 88' lang='lat' dir='ltr'><strong>erunt</strong></span> <span class='ocrx_word' id='word_1_304' title='bbox 2893 934 3080 999; x_wconf 82' lang='lat' dir='ltr'><strong>soluta,</strong></span> <span class='ocrx_word' id='word_1_305' title='bbox 3129 947 3234 991; x_wconf 88' lang='lat' dir='ltr'><strong>etc.</strong></span> <span class='ocrx_word' id='word_1_306' title='bbox 3289 937 3557 995; x_wconf 86' lang='lat' dir='ltr'><strong>Paciauus</strong></span> 
     </span>
    </p>
   </div>
   <div class='ocr_carea' id='block_1_40' title="bbox 1959 1017 3555 1101">
    <p class='ocr_par' dir='ltr' id='par_1_40' title="bbox 1959 1017 3555 1101">
     <span class='ocr_line' id='line_1_40' title="bbox 1959 1017 3555 1101; baseline 0.014 -36"><span class='ocrx_word' id='word_1_307' title='bbox 1959 1030 2171 1084; x_wconf 85' lang='lat' dir='ltr'><strong>quoque</strong></span> <span class='ocrx_word' id='word_1_308' title='bbox 2211 1025 2396 1071; x_wconf 84' lang='lat' dir='ltr'><strong>contra</strong></span> <span class='ocrx_word' id='word_1_309' title='bbox 2432 1017 2717 1076; x_wconf 90' lang='lat' dir='ltr'><strong>Tractatus</strong></span> <span class='ocrx_word' id='word_1_310' title='bbox 2742 1020 3161 1082; x_wconf 81' lang='lat' dir='ltr'><strong>Novatiauorum</strong></span> <span class='ocrx_word' id='word_1_311' title='bbox 3206 1030 3256 1084; x_wconf 91' lang='lat' dir='ltr'><strong>in</strong></span> <span class='ocrx_word' id='word_1_312' title='bbox 3303 1031 3463 1101; x_wconf 86' lang='lat' dir='ltr'><strong>epist.</strong></span> <span class='ocrx_word' id='word_1_313' title='bbox 3495 1033 3555 1098; x_wconf 92' lang='lat'><strong>2,</strong></span> 
     </span>
    </p>
   </div>
   <div class='ocr_carea' id='block_1_41' title="bbox 1959 1105 2532 1173">
    <p class='ocr_par' dir='ltr' id='par_1_41' title="bbox 1959 1105 2532 1173">
     <span class='ocr_line' id='line_1_41' title="bbox 1959 1105 2532 1173; baseline 0.01 -13"><span class='ocrx_word' id='word_1_314' title='bbox 1959 1105 2141 1173; x_wconf 85' lang='lat' dir='ltr'><strong>habet,</strong></span> <span class='ocrx_word' id='word_1_315' title='bbox 2175 1108 2343 1163; x_wconf 81' lang='lat' dir='ltr'><strong>soluta</strong></span> <span class='ocrx_word' id='word_1_316' title='bbox 2367 1121 2532 1167; x_wconf 89' lang='lat' dir='ltr'><strong>erunt.</strong></span> 
     </span>
    </p>
   </div>
   <div class='ocr_carea' id='block_1_42' title="bbox 2031 1197 3554 1272">
    <p class='ocr_par' dir='ltr' id='par_1_42' title="bbox 2031 1197 3554 1272">
     <span class='ocr_line' id='line_1_42' title="bbox 2031 1197 3554 1272; baseline 0.012 -19"><span class='ocrx_word' id='word_1_317' title='bbox 2031 1197 2224 1254; x_wconf 83' lang='lat' dir='ltr'><strong>Matth.</strong></span> <span class='ocrx_word' id='word_1_318' title='bbox 2259 1216 2377 1272; x_wconf 92' lang='lat' dir='ltr'><strong>cap.</strong></span> <span class='ocrx_word' id='word_1_319' title='bbox 2424 1219 2534 1271; x_wconf 75' lang='lat' dir='ltr'><strong>xvi,</strong></span> <span class='ocrx_word' id='word_1_320' title='bbox 2567 1205 2660 1272; x_wconf 66' lang='lat'><strong>24,</strong></span> <span class='ocrx_word' id='word_1_321' title='bbox 2694 1207 2965 1266; x_wconf 90' lang='lat' dir='ltr'><strong>Veronen.</strong></span> <span class='ocrx_word' id='word_1_322' title='bbox 3002 1219 3054 1267; x_wconf 88' lang='lat' dir='ltr'><strong>et</strong></span> <span class='ocrx_word' id='word_1_323' title='bbox 3085 1213 3554 1272; x_wconf 80' lang='lat' dir='ltr'><strong>San-Germancn.</strong></span> 
     </span>
    </p>
   </div>
   <div class='ocr_carea' id='block_1_43' title="bbox 1959 1291 3559 1371">
    <p class='ocr_par' dir='ltr' id='par_1_43' title="bbox 1959 1291 3559 1371">
     <span class='ocr_line' id='line_1_43' title="bbox 1959 1291 3559 1371; baseline 0.014 -27"><span class='ocrx_word' id='word_1_324' title='bbox 1959 1291 2170 1366; x_wconf 85' lang='lat' dir='ltr'><strong>abneget</strong></span> <span class='ocrx_word' id='word_1_325' title='bbox 2197 1312 2251 1350; x_wconf 88' lang='lat' dir='ltr'><strong>se</strong></span> <span class='ocrx_word' id='word_1_326' title='bbox 2277 1295 2392 1350; x_wconf 83' lang='lat' dir='ltr'><strong>sibi.</strong></span> <span class='ocrx_word' id='word_1_327' title='bbox 2416 1297 2472 1353; x_wconf 89' lang='grc'><strong>8.</strong></span> <span class='ocrx_word' id='word_1_328' title='bbox 2509 1297 2743 1356; x_wconf 58' lang='lat' dir='ltr'><strong>[renatus</strong></span> <span class='ocrx_word' id='word_1_329' title='bbox 2776 1301 2828 1357; x_wconf 85' lang='lat' dir='ltr'><strong>iit</strong></span> <span class='ocrx_word' id='word_1_330' title='bbox 2860 1303 2953 1359; x_wconf 90' lang='lat' dir='ltr'><strong>lib.</strong></span> <span class='ocrx_word' id='word_1_331' title='bbox 2984 1320 3065 1371; x_wconf 88' lang='grc' dir='ltr'>ιιι,</span> <span class='ocrx_word' id='word_1_332' title='bbox 3098 1316 3282 1362; x_wconf 87' lang='lat' dir='ltr'><strong>contra</strong></span> <span class='ocrx_word' id='word_1_333' title='bbox 3311 1308 3559 1366; x_wconf 69' lang='lat' dir='ltr'><strong>llwreses</strong></span> 
     </span>
    </p>
   </div>
   <div class='ocr_carea' id='block_1_44' title="bbox 1963 1389 3561 1464">
    <p class='ocr_par' dir='ltr' id='par_1_44' title="bbox 1963 1389 3561 1464">
     <span class='ocr_line' id='line_1_44' title="bbox 1963 1389 3561 1464; baseline 0.011 -24"><span class='ocrx_word' id='word_1_334' title='bbox 1963 1393 2093 1440; x_wconf 89' lang='lat' dir='ltr'><strong>tom.</strong></span> <span class='ocrx_word' id='word_1_335' title='bbox 2151 1403 2190 1455; x_wconf 90' lang='grc' dir='ltr'>ι,</span> <span class='ocrx_word' id='word_1_336' title='bbox 2234 1403 2354 1460; x_wconf 87' lang='lat' dir='ltr'><strong>pag.</strong></span> <span class='ocrx_word' id='word_1_337' title='bbox 2404 1389 2531 1456; x_wconf 91' lang='lat'><strong>210,</strong></span> <span class='ocrx_word' id='word_1_338' title='bbox 2561 1404 2709 1464; x_wconf 86' lang='lat' dir='ltr'><strong>neget</strong></span> <span class='ocrx_word' id='word_1_339' title='bbox 2735 1411 2808 1449; x_wconf 86' lang='lat' dir='ltr'><strong>se.</strong></span> <span class='ocrx_word' id='word_1_340' title='bbox 2841 1395 2898 1451; x_wconf 93' lang='lat' dir='ltr'><strong>S.</strong></span> <span class='ocrx_word' id='word_1_341' title='bbox 2937 1397 3170 1452; x_wconf 88' lang='lat' dir='ltr'><strong>llilarius</strong></span> <span class='ocrx_word' id='word_1_342' title='bbox 3195 1400 3246 1454; x_wconf 90' lang='lat' dir='ltr'><strong>in</strong></span> <span class='ocrx_word' id='word_1_343' title='bbox 3280 1415 3561 1458; x_wconf 90' lang='lat' dir='ltr'><strong>commen-</strong></span> 
     </span>
    </p>
   </div>
   <div class='ocr_carea' id='block_1_45' title="bbox 1960 1481 3555 1564">
    <p class='ocr_par' dir='ltr' id='par_1_45' title="bbox 1960 1481 3555 1564">
     <span class='ocr_line' id='line_1_45' title="bbox 1960 1481 3555 1564; baseline 0.01 -30"><span class='ocrx_word' id='word_1_344' title='bbox 1960 1487 2062 1535; x_wconf 91' lang='lat' dir='ltr'><strong>tar.</strong></span> <span class='ocrx_word' id='word_1_345' title='bbox 2097 1481 2147 1536; x_wconf 91' lang='lat' dir='ltr'><strong>in</strong></span> <span class='ocrx_word' id='word_1_346' title='bbox 2183 1483 2324 1538; x_wconf 90' lang='lat' dir='ltr'><strong>hunc</strong></span> <span class='ocrx_word' id='word_1_347' title='bbox 2371 1485 2605 1541; x_wconf 73' lang='lat' dir='ltr'><strong>Matthrei</strong></span> <span class='ocrx_word' id='word_1_348' title='bbox 2635 1489 2832 1553; x_wconf 87' lang='lat' dir='ltr'><strong>locum,</strong></span> <span class='ocrx_word' id='word_1_349' title='bbox 2861 1491 3011 1561; x_wconf 72' lang='lat' dir='ltr'><strong>juxta</strong></span> <span class='ocrx_word' id='word_1_350' title='bbox 3061 1505 3168 1549; x_wconf 84' lang='lat' dir='ltr'><strong>tres</strong></span> <span class='ocrx_word' id='word_1_351' title='bbox 3196 1510 3325 1549; x_wconf 72' lang='lat' dir='ltr'><strong>mss.</strong></span> <span class='ocrx_word' id='word_1_352' title='bbox 3372 1497 3555 1564; x_wconf 88' lang='lat' dir='ltr'><strong>codd.,</strong></span> 
     </span>
    </p>
   </div>
   <div class='ocr_carea' id='block_1_46' title="bbox 1961 1575 3558 1660">
    <p class='ocr_par' dir='ltr' id='par_1_46' title="bbox 1961 1575 3558 1660">
     <span class='ocr_line' id='line_1_46' title="bbox 1961 1575 3558 1660; baseline 0.014 -35"><span class='ocrx_word' id='word_1_353' title='bbox 1961 1578 2173 1645; x_wconf 79' lang='lat' dir='ltr'><strong>abneget</strong></span> <span class='ocrx_word' id='word_1_354' title='bbox 2201 1575 2426 1648; x_wconf 86' lang='lat' dir='ltr'><strong>seipsum</strong></span> <span class='ocrx_word' id='word_1_355' title='bbox 2456 1578 2573 1644; x_wconf 87' lang='lat' dir='ltr'><strong>sibi,</strong></span> <span class='ocrx_word' id='word_1_356' title='bbox 2618 1592 2672 1634; x_wconf 91' lang='lat' dir='ltr'><strong>et</strong></span> <span class='ocrx_word' id='word_1_357' title='bbox 2723 1582 2793 1637; x_wconf 91' lang='lat' dir='ltr'><strong>ita</strong></span> <span class='ocrx_word' id='word_1_358' title='bbox 2823 1585 2880 1639; x_wconf 91' lang='lat' dir='ltr'><strong>S.</strong></span> <span class='ocrx_word' id='word_1_359' title='bbox 2934 1585 3253 1642; x_wconf 87' lang='lat' dir='ltr'><strong>Ambrosius</strong></span> <span class='ocrx_word' id='word_1_360' title='bbox 3299 1589 3350 1644; x_wconf 90' lang='lat' dir='ltr'><strong>in</strong></span> <span class='ocrx_word' id='word_1_361' title='bbox 3382 1591 3558 1660; x_wconf 86' lang='lat' dir='ltr'><strong>Epist.</strong></span> 
     </span>
    </p>
   </div>
   <div class='ocr_carea' id='block_1_47' title="bbox 1963 1668 3564 1742">
    <p class='ocr_par' dir='ltr' id='par_1_47' title="bbox 1963 1668 3564 1742">
     <span class='ocr_line' id='line_1_47' title="bbox 1963 1668 3564 1742; baseline 0.014 -23"><span class='ocrx_word' id='word_1_362' title='bbox 1963 1681 2110 1731; x_wconf 83' lang='lat' dir='ltr'><strong>Lxut,</strong></span> <span class='ocrx_word' id='word_1_363' title='bbox 2140 1668 2296 1737; x_wconf 88' lang='lat' dir='ltr'><strong>prim.</strong></span> <span class='ocrx_word' id='word_1_364' title='bbox 2323 1670 2482 1725; x_wconf 89' lang='lat' dir='ltr'><strong>class.</strong></span> <span class='ocrx_word' id='word_1_365' title='bbox 2514 1687 2635 1742; x_wconf 90' lang='lat' dir='ltr'><strong>pag.</strong></span> <span class='ocrx_word' id='word_1_366' title='bbox 2675 1674 2831 1730; x_wconf 73' lang='grc'>1040.</span> <span class='ocrx_word' id='word_1_367' title='bbox 2857 1677 2912 1731; x_wconf 92' lang='lat' dir='ltr'><strong>ln</strong></span> <span class='ocrx_word' id='word_1_368' title='bbox 2937 1677 3028 1732; x_wconf 93' lang='lat' dir='ltr'><strong>lib.</strong></span> <span class='ocrx_word' id='word_1_369' title='bbox 3055 1690 3232 1735; x_wconf 91' lang='lat' dir='ltr'><strong>autem</strong></span> <span class='ocrx_word' id='word_1_370' title='bbox 3263 1698 3320 1739; x_wconf 90' lang='lat' dir='ltr'><strong>tt.</strong></span> <span class='ocrx_word' id='word_1_371' title='bbox 3343 1683 3410 1738; x_wconf 77' lang='lat' dir='ltr'><strong>tle</strong></span> <span class='ocrx_word' id='word_1_372' title='bbox 3437 1683 3564 1741; x_wconf 75' lang='lat' dir='ltr'><strong>Pce-</strong></span> 
     </span>
    </p>
   </div>
   <div class='ocr_carea' id='block_1_48' title="bbox 1961 1759 3565 1850">
    <p class='ocr_par' dir='ltr' id='par_1_48' title="bbox 1961 1759 3565 1850">
     <span class='ocr_line' id='line_1_48' title="bbox 1961 1759 3565 1850; baseline 0.013 -37"><span class='ocrx_word' id='word_1_373' title='bbox 1961 1759 2155 1815; x_wconf 89' lang='lat' dir='ltr'><strong>nitent.</strong></span> <span class='ocrx_word' id='word_1_374' title='bbox 2190 1777 2310 1833; x_wconf 88' lang='lat' dir='ltr'><strong>cap.</strong></span> <span class='ocrx_word' id='word_1_375' title='bbox 2361 1780 2418 1832; x_wconf 82' lang='lat' dir='ltr'><strong>x,</strong></span> <span class='ocrx_word' id='word_1_376' title='bbox 2455 1781 2575 1837; x_wconf 88' lang='lat' dir='ltr'><strong>pag.</strong></span> <span class='ocrx_word' id='word_1_377' title='bbox 2606 1767 2733 1836; x_wconf 76' lang='grc'>457,</span> <span class='ocrx_word' id='word_1_378' title='bbox 2781 1769 2963 1840; x_wconf 88' lang='lat' dir='ltr'><strong>habet,</strong></span> <span class='ocrx_word' id='word_1_379' title='bbox 2993 1775 3204 1848; x_wconf 83' lang='lat' dir='ltr'><strong>abneget</strong></span> <span class='ocrx_word' id='word_1_380' title='bbox 3233 1779 3565 1850; x_wconf 84' lang='lat' dir='ltr'><strong>semetipsum</strong></span> 
     </span>
    </p>
   </div>
   <div class='ocr_carea' id='block_1_49' title="bbox 1886 1851 2076 1926">
    <p class='ocr_par' dir='ltr' id='par_1_49' title="bbox 1886 1851 2076 1926">
     <span class='ocr_line' id='line_1_49' title="bbox 1886 1851 2076 1926; baseline 0.021 -24"><span class='ocrx_word' id='word_1_381' title='bbox 1886 1865 1935 1926; x_wconf 78' lang='grc' dir='ltr'><strong>Β</strong></span> <span class='ocrx_word' id='word_1_382' title='bbox 1961 1851 2076 1906; x_wconf 88' lang='lat' dir='ltr'><strong>sibi.</strong></span> 
     </span>
    </p>
   </div>
   <div class='ocr_carea' id='block_1_50' title="bbox 2031 1947 3564 2024">
    <p class='ocr_par' dir='ltr' id='par_1_50' title="bbox 2031 1947 3564 2024">
     <span class='ocr_line' id='line_1_50' title="bbox 2031 1947 3564 2024; baseline 0.016 -24"><span class='ocrx_word' id='word_1_383' title='bbox 2031 1947 2220 2002; x_wconf 88' lang='lat' dir='ltr'><strong>Matth.</strong></span> <span class='ocrx_word' id='word_1_384' title='bbox 2252 1964 2372 2021; x_wconf 90' lang='lat' dir='ltr'><strong>cap.</strong></span> <span class='ocrx_word' id='word_1_385' title='bbox 2424 1969 2533 2019; x_wconf 63' lang='grc' dir='ltr'>χιι,</span> <span class='ocrx_word' id='word_1_386' title='bbox 2584 1954 2640 2024; x_wconf 93' lang='lat'><strong>9,</strong></span> <span class='ocrx_word' id='word_1_387' title='bbox 2675 1956 2976 2016; x_wconf 89' lang='lat' dir='ltr'><strong>Vercellen.</strong></span> <span class='ocrx_word' id='word_1_388' title='bbox 3031 1961 3137 2019; x_wconf 87' lang='lat' dir='ltr'><strong>Fili</strong></span> <span class='ocrx_word' id='word_1_389' title='bbox 3183 1963 3372 2020; x_wconf 86' lang='lat' dir='ltr'><strong>David.</strong></span> <span class='ocrx_word' id='word_1_390' title='bbox 3403 1977 3455 2023; x_wconf 89' lang='lat' dir='ltr'><strong>et</strong></span> <span class='ocrx_word' id='word_1_391' title='bbox 3489 1967 3564 2024; x_wconf 90' lang='lat' dir='ltr'><strong>ita</strong></span> 
     </span>
    </p>
   </div>
   <div class='ocr_carea' id='block_1_51' title="bbox 1962 2036 2306 2098">
    <p class='ocr_par' dir='ltr' id='par_1_51' title="bbox 1962 2036 2306 2098">
     <span class='ocr_line' id='line_1_51' title="bbox 1962 2036 2306 2098; baseline 0.015 -6"><span class='ocrx_word' id='word_1_392' title='bbox 1962 2036 2020 2092; x_wconf 93' lang='lat' dir='ltr'><strong>S.</strong></span> <span class='ocrx_word' id='word_1_393' title='bbox 2047 2038 2306 2098; x_wconf 77' lang='lat' dir='ltr'><strong>Ireuzeus.</strong></span> 
     </span>
    </p>
   </div>
   <div class='ocr_carea' id='block_1_52' title="bbox 2031 2132 3569 2224">
    <p class='ocr_par' dir='ltr' id='par_1_52' title="bbox 2031 2132 3569 2224">
     <span class='ocr_line' id='line_1_52' title="bbox 2031 2132 3569 2224; baseline 0.015 -37"><span class='ocrx_word' id='word_1_394' title='bbox 2031 2132 2220 2188; x_wconf 88' lang='lat' dir='ltr'><strong>Matth.</strong></span> <span class='ocrx_word' id='word_1_395' title='bbox 2253 2151 2374 2208; x_wconf 89' lang='lat' dir='ltr'><strong>cap.</strong></span> <span class='ocrx_word' id='word_1_396' title='bbox 2410 2155 2539 2200; x_wconf 80' lang='lat' dir='ltr'><strong>xxtt.</strong></span> <span class='ocrx_word' id='word_1_397' title='bbox 2575 2142 2664 2209; x_wconf 89' lang='grc'><strong>10,</strong></span> <span class='ocrx_word' id='word_1_398' title='bbox 2699 2143 3005 2202; x_wconf 88' lang='lat' dir='ltr'><strong>Vercellen.</strong></span> <span class='ocrx_word' id='word_1_399' title='bbox 3039 2160 3092 2203; x_wconf 89' lang='lat' dir='ltr'><strong>et</strong></span> <span class='ocrx_word' id='word_1_400' title='bbox 3124 2149 3388 2208; x_wconf 88' lang='lat' dir='ltr'><strong>Veronen.</strong></span> <span class='ocrx_word' id='word_1_401' title='bbox 3414 2163 3569 2224; x_wconf 82' lang='lat' dir='ltr'><strong>quot-</strong></span> 
     </span>
    </p>
   </div>
   <div class='ocr_carea' id='block_1_53' title="bbox 1957 2225 3568 2308">
    <p class='ocr_par' dir='ltr' id='par_1_53' title="bbox 1957 2225 3568 2308">
     <span class='ocr_line' id='line_1_53' title="bbox 1957 2225 3568 2308; baseline 0.016 -30"><span class='ocrx_word' id='word_1_402' title='bbox 1957 2236 2081 2295; x_wconf 84' lang='lat' dir='ltr'><strong>quot</strong></span> <span class='ocrx_word' id='word_1_403' title='bbox 2109 2227 2430 2286; x_wconf 85' lang='lat' dir='ltr'><strong>invenerunt.</strong></span> <span class='ocrx_word' id='word_1_404' title='bbox 2467 2242 2521 2288; x_wconf 91' lang='lat' dir='ltr'><strong>et</strong></span> <span class='ocrx_word' id='word_1_405' title='bbox 2547 2235 2618 2288; x_wconf 91' lang='lat' dir='ltr'><strong>ita</strong></span> <span class='ocrx_word' id='word_1_406' title='bbox 2648 2235 2705 2291; x_wconf 91' lang='lat' dir='ltr'><strong>S.</strong></span> <span class='ocrx_word' id='word_1_407' title='bbox 2740 2237 2997 2308; x_wconf 85' lang='lat' dir='ltr'><strong>Irenacus,</strong></span> <span class='ocrx_word' id='word_1_408' title='bbox 3027 2252 3082 2297; x_wconf 90' lang='lat' dir='ltr'><strong>et</strong></span> <span class='ocrx_word' id='word_1_409' title='bbox 3109 2241 3323 2300; x_wconf 80' lang='lat' dir='ltr'><strong>Lucifer</strong></span> <span class='ocrx_word' id='word_1_410' title='bbox 3351 2225 3568 2303; x_wconf 74' lang='lat' dir='ltr'><strong>Calari-</strong></span> 
     </span>
    </p>
   </div>
   <div class='ocr_carea' id='block_1_54' title="bbox 1961 2323 3564 2412">
    <p class='ocr_par' dir='ltr' id='par_1_54' title="bbox 1961 2323 3564 2412">
     <span class='ocr_line' id='line_1_54' title="bbox 1961 2323 3564 2412; baseline 0.014 -38"><span class='ocrx_word' id='word_1_411' title='bbox 1961 2328 2116 2376; x_wconf 89' lang='lat' dir='ltr'><strong>lanus</strong></span> <span class='ocrx_word' id='word_1_412' title='bbox 2148 2323 2200 2376; x_wconf 92' lang='lat' dir='ltr'><strong>in</strong></span> <span class='ocrx_word' id='word_1_413' title='bbox 2232 2324 2324 2380; x_wconf 91' lang='lat' dir='ltr'><strong>lib.</strong></span> <span class='ocrx_word' id='word_1_414' title='bbox 2368 2342 2423 2392; x_wconf 93' lang='grc' dir='ltr'><strong>ιι,</strong></span> <span class='ocrx_word' id='word_1_415' title='bbox 2454 2344 2552 2398; x_wconf 89' lang='lat' dir='ltr'><strong>pro</strong></span> <span class='ocrx_word' id='word_1_416' title='bbox 2579 2328 2638 2386; x_wconf 92' lang='lat' dir='ltr'><strong>S.</strong></span> <span class='ocrx_word' id='word_1_417' title='bbox 2682 2331 3001 2390; x_wconf 85' lang='lat' dir='ltr'><strong>Athanasio.</strong></span> <span class='ocrx_word' id='word_1_418' title='bbox 3031 2335 3165 2393; x_wconf 90' lang='lat' dir='ltr'><strong>Cod.</strong></span> <span class='ocrx_word' id='word_1_419' title='bbox 3198 2337 3361 2395; x_wconf 88' lang='lat' dir='ltr'><strong>Corb.</strong></span> <span class='ocrx_word' id='word_1_420' title='bbox 3407 2359 3564 2412; x_wconf 86' lang='lat' dir='ltr'><strong>quos-</strong></span> 
     </span>
    </p>
   </div>
   <div class='ocr_carea' id='block_1_55' title="bbox 1958 2420 2506 2488">
    <p class='ocr_par' dir='ltr' id='par_1_55' title="bbox 1958 2420 2506 2488">
     <span class='ocr_line' id='line_1_55' title="bbox 1958 2420 2506 2488; baseline 0.015 -19"><span class='ocrx_word' id='word_1_421' title='bbox 1958 2432 2171 2488; x_wconf 84' lang='lat' dir='ltr'><strong>cumque</strong></span> <span class='ocrx_word' id='word_1_422' title='bbox 2191 2420 2506 2478; x_wconf 78' lang='lat' dir='ltr'><strong>invenerunt.</strong></span> 
     </span>
    </p>
   </div>
   <div class='ocr_carea' id='block_1_56' title="bbox 2035 2513 3568 2592">
    <p class='ocr_par' dir='ltr' id='par_1_56' title="bbox 2035 2513 3568 2592">
     <span class='ocr_line' id='line_1_56' title="bbox 2035 2513 3568 2592; baseline 0.016 -26"><span class='ocrx_word' id='word_1_423' title='bbox 2035 2513 2220 2568; x_wconf 88' lang='lat' dir='ltr'><strong>Matth.</strong></span> <span class='ocrx_word' id='word_1_424' title='bbox 2263 2531 2384 2586; x_wconf 88' lang='lat' dir='ltr'><strong>cap.</strong></span> <span class='ocrx_word' id='word_1_425' title='bbox 2418 2534 2560 2585; x_wconf 82' lang='lat' dir='ltr'><strong>xm,</strong></span> <span class='ocrx_word' id='word_1_426' title='bbox 2606 2522 2695 2589; x_wconf 90' lang='grc'><strong>50,</strong></span> <span class='ocrx_word' id='word_1_427' title='bbox 2741 2523 3046 2592; x_wconf 84' lang='lat' dir='ltr'><strong>Veronen.,</strong></span> <span class='ocrx_word' id='word_1_428' title='bbox 3088 2526 3154 2584; x_wconf 87' lang='lat' dir='ltr'><strong>In</strong></span> <span class='ocrx_word' id='word_1_429' title='bbox 3194 2534 3568 2591; x_wconf 81' lang='lat' dir='ltr'><strong>resurrectione</strong></span> 
     </span>
    </p>
   </div>
   <div class='ocr_carea' id='block_1_57' title="bbox 1957 2614 3566 2700">
    <p class='ocr_par' dir='ltr' id='par_1_57' title="bbox 1957 2614 3566 2700">
     <span class='ocr_line' id='line_1_57' title="bbox 1957 2614 3566 2700; baseline 0.016 -41"><span class='ocrx_word' id='word_1_430' title='bbox 1957 2618 2125 2662; x_wconf 90' lang='lat' dir='ltr'><strong>autem</strong></span> <span class='ocrx_word' id='word_1_431' title='bbox 2154 2626 2315 2680; x_wconf 86' lang='lat' dir='ltr'><strong>neque</strong></span> <span class='ocrx_word' id='word_1_432' title='bbox 2335 2614 2553 2683; x_wconf 85' lang='lat' dir='ltr'><strong>nubunt,</strong></span> <span class='ocrx_word' id='word_1_433' title='bbox 2577 2632 2738 2685; x_wconf 84' lang='lat' dir='ltr'><strong>neque</strong></span> <span class='ocrx_word' id='word_1_434' title='bbox 2760 2635 2946 2675; x_wconf 74' lang='lat' dir='ltr'><strong>uxores</strong></span> <span class='ocrx_word' id='word_1_435' title='bbox 2969 2621 3180 2678; x_wconf 79' lang='lat' dir='ltr'><strong>ducunt.</strong></span> <span class='ocrx_word' id='word_1_436' title='bbox 3212 2626 3444 2682; x_wconf 90' lang='lat' dir='ltr'><strong>Sanctus</strong></span> <span class='ocrx_word' id='word_1_437' title='bbox 3467 2629 3566 2700; x_wconf 82' lang='lat' dir='ltr'><strong>Cy-</strong></span> 
     </span>
    </p>
   </div>
   <div class='ocr_carea' id='block_1_58' title="bbox 1961 2701 3559 2780">
    <p class='ocr_par' dir='ltr' id='par_1_58' title="bbox 1961 2701 3559 2780">
     <span class='ocr_line' id='line_1_58' title="bbox 1961 2701 3559 2780; baseline 0.016 -28"><span class='ocrx_word' id='word_1_438' title='bbox 1961 2701 2179 2768; x_wconf 87' lang='lat' dir='ltr'><strong>prianus</strong></span> <span class='ocrx_word' id='word_1_439' title='bbox 2205 2720 2420 2776; x_wconf 89' lang='lat' dir='ltr'><strong>quoque</strong></span> <span class='ocrx_word' id='word_1_440' title='bbox 2452 2723 2572 2777; x_wconf 84' lang='lat' dir='ltr'><strong>pag.</strong></span> <span class='ocrx_word' id='word_1_441' title='bbox 2605 2709 2734 2777; x_wconf 88' lang='lat'><strong>209,</strong></span> <span class='ocrx_word' id='word_1_442' title='bbox 2769 2712 2946 2780; x_wconf 89' lang='lat' dir='ltr'><strong>habet,</strong></span> <span class='ocrx_word' id='word_1_443' title='bbox 2979 2725 3170 2771; x_wconf 88' lang='lat' dir='ltr'><strong>autem.</strong></span> <span class='ocrx_word' id='word_1_444' title='bbox 3213 2719 3268 2776; x_wconf 93' lang='lat' dir='ltr'><strong>S.</strong></span> <span class='ocrx_word' id='word_1_445' title='bbox 3303 2720 3559 2778; x_wconf 81' lang='lat' dir='ltr'><strong>Ambros.</strong></span> 
     </span>
    </p>
   </div>
   <div class='ocr_carea' id='block_1_59' title="bbox 1957 2790 3564 2878">
    <p class='ocr_par' dir='ltr' id='par_1_59' title="bbox 1957 2790 3564 2878">
     <span class='ocr_line' id='line_1_59' title="bbox 1957 2790 3564 2878; baseline 0.017 -32"><span class='ocrx_word' id='word_1_446' title='bbox 1957 2790 2012 2847; x_wconf 89' lang='lat' dir='ltr'><strong>in</strong></span> <span class='ocrx_word' id='word_1_447' title='bbox 2037 2793 2129 2848; x_wconf 90' lang='lat' dir='ltr'><strong>lib.</strong></span> <span class='ocrx_word' id='word_1_448' title='bbox 2157 2811 2194 2860; x_wconf 93' lang='lat' dir='ltr'><strong>t,</strong></span> <span class='ocrx_word' id='word_1_449' title='bbox 2221 2796 2289 2852; x_wconf 89' lang='lat' dir='ltr'><strong>de</strong></span> <span class='ocrx_word' id='word_1_450' title='bbox 2313 2797 2517 2870; x_wconf 81' lang='lat' dir='ltr'><strong>Virgia.</strong></span> <span class='ocrx_word' id='word_1_451' title='bbox 2554 2817 2672 2872; x_wconf 88' lang='lat' dir='ltr'><strong>cap.</strong></span> <span class='ocrx_word' id='word_1_452' title='bbox 2713 2805 2767 2870; x_wconf 88' lang='lat'><strong>8,</strong></span> <span class='ocrx_word' id='word_1_453' title='bbox 2796 2822 2916 2878; x_wconf 87' lang='lat' dir='ltr'><strong>pag.</strong></span> <span class='ocrx_word' id='word_1_454' title='bbox 2953 2809 3074 2873; x_wconf 67' lang='lat'><strong>15.9,</strong></span> <span class='ocrx_word' id='word_1_455' title='bbox 3109 2812 3162 2864; x_wconf 88' lang='lat' dir='ltr'><strong>in</strong></span> <span class='ocrx_word' id='word_1_456' title='bbox 3189 2817 3564 2873; x_wconf 85' lang='lat' dir='ltr'><strong>resurrectione</strong></span> 
     </span>
    </p>
   </div>
   <div class='ocr_carea' id='block_1_60' title="bbox 1959 2891 3563 2966">
    <p class='ocr_par' dir='ltr' id='par_1_60' title="bbox 1959 2891 3563 2966">
     <span class='ocr_line' id='line_1_60' title="bbox 1959 2891 3563 2966; baseline 0.017 -28"><span class='ocrx_word' id='word_1_457' title='bbox 1959 2894 2127 2940; x_wconf 87' lang='lat' dir='ltr'><strong>autem</strong></span> <span class='ocrx_word' id='word_1_458' title='bbox 2151 2903 2310 2958; x_wconf 83' lang='lat' dir='ltr'><strong>neque</strong></span> <span class='ocrx_word' id='word_1_459' title='bbox 2335 2891 2540 2960; x_wconf 88' lang='lat' dir='ltr'><strong>nubent,</strong></span> <span class='ocrx_word' id='word_1_460' title='bbox 2568 2910 2730 2966; x_wconf 84' lang='lat' dir='ltr'><strong>neque</strong></span> <span class='ocrx_word' id='word_1_461' title='bbox 2757 2913 2940 2954; x_wconf 71' lang='lat' dir='ltr'><strong>uxores</strong></span> <span class='ocrx_word' id='word_1_462' title='bbox 2967 2902 3170 2957; x_wconf 84' lang='lat' dir='ltr'><strong>ducent.</strong></span> <span class='ocrx_word' id='word_1_463' title='bbox 3205 2904 3262 2960; x_wconf 90' lang='grc'><strong>8.</strong></span> <span class='ocrx_word' id='word_1_464' title='bbox 3289 2905 3437 2962; x_wconf 71' lang='grc' dir='ltr'><strong>Ζυηο</strong></span> <span class='ocrx_word' id='word_1_465' title='bbox 3459 2907 3563 2964; x_wconf 83' lang='lat' dir='ltr'><strong>Vc-</strong></span> 
     </span>
    </p>
   </div>
   <div class='ocr_carea' id='block_1_61' title="bbox 1958 2983 3560 3072">
    <p class='ocr_par' dir='ltr' id='par_1_61' title="bbox 1958 2983 3560 3072">
     <span class='ocr_line' id='line_1_61' title="bbox 1958 2983 3560 3072; baseline 0.014 -36"><span class='ocrx_word' id='word_1_466' title='bbox 1958 2983 2207 3037; x_wconf 87' lang='lat' dir='ltr'><strong>rnnensis</strong></span> <span class='ocrx_word' id='word_1_467' title='bbox 2235 2984 2284 3038; x_wconf 92' lang='lat' dir='ltr'><strong>in</strong></span> <span class='ocrx_word' id='word_1_468' title='bbox 2318 2985 2410 3042; x_wconf 89' lang='lat' dir='ltr'><strong>lib.</strong></span> <span class='ocrx_word' id='word_1_469' title='bbox 2446 3003 2459 3040; x_wconf 95' lang='lat' dir='ltr'><strong>I</strong></span> <span class='ocrx_word' id='word_1_470' title='bbox 2491 2986 2674 3046; x_wconf 87' lang='lat' dir='ltr'><strong>Tract.</strong></span> <span class='ocrx_word' id='word_1_471' title='bbox 2730 2992 2764 3048; x_wconf 81' lang='lat'><strong>5</strong></span> <span class='ocrx_word' id='word_1_472' title='bbox 2793 2991 2859 3046; x_wconf 92' lang='lat' dir='ltr'><strong>de</strong></span> <span class='ocrx_word' id='word_1_473' title='bbox 2894 2993 3262 3065; x_wconf 85' lang='lat' dir='ltr'><strong>Cuntinentia,</strong></span> <span class='ocrx_word' id='word_1_474' title='bbox 3313 3015 3434 3072; x_wconf 85' lang='lat' dir='ltr'><strong>pag.</strong></span> <span class='ocrx_word' id='word_1_475' title='bbox 3465 3001 3560 3072; x_wconf 73' lang='lat'><strong>49,</strong></span> 
     </span>
    </p>
   </div>
   <div class='ocr_carea' id='block_1_62' title="bbox 1960 3075 3227 3154">
    <p class='ocr_par' dir='ltr' id='par_1_62' title="bbox 1960 3075 3227 3154">
     <span class='ocr_line' id='line_1_62' title="bbox 1960 3075 3227 3154; baseline 0.017 -28"><span class='ocrx_word' id='word_1_476' title='bbox 1960 3089 2120 3144; x_wconf 87' lang='lat' dir='ltr'><strong>neque</strong></span> <span class='ocrx_word' id='word_1_477' title='bbox 2150 3075 2370 3132; x_wconf 87' lang='lat' dir='ltr'><strong>nubunt.</strong></span> <span class='ocrx_word' id='word_1_478' title='bbox 2398 3078 2617 3135; x_wconf 58' lang='lat' dir='ltr'><strong>Graccus</strong></span> <span class='ocrx_word' id='word_1_479' title='bbox 2649 3093 2846 3154; x_wconf 84' lang='lat' dir='ltr'><strong>textus,</strong></span> <span class='ocrx_word' id='word_1_480' title='bbox 2873 3105 2974 3142; x_wconf 85' lang='lat' dir='ltr'><strong>non</strong></span> <span class='ocrx_word' id='word_1_481' title='bbox 3011 3091 3227 3146; x_wconf 85' lang='lat' dir='ltr'><strong>nubunt.</strong></span> 
     </span>
    </p>
   </div>
   <div class='ocr_carea' id='block_1_63' title="bbox 2031 3165 3564 3259">
    <p class='ocr_par' dir='ltr' id='par_1_63' title="bbox 2031 3165 3564 3259">
     <span class='ocr_line' id='line_1_63' title="bbox 2031 3165 3564 3259; baseline 0.018 -39"><span class='ocrx_word' id='word_1_482' title='bbox 2031 3165 2190 3223; x_wconf 83' lang='lat' dir='ltr'><strong>Joau.</strong></span> <span class='ocrx_word' id='word_1_483' title='bbox 2223 3185 2342 3240; x_wconf 89' lang='lat' dir='ltr'><strong>cap.</strong></span> <span class='ocrx_word' id='word_1_484' title='bbox 2391 3188 2504 3237; x_wconf 81' lang='lat' dir='ltr'><strong>xm,</strong></span> <span class='ocrx_word' id='word_1_485' title='bbox 2543 3175 2630 3241; x_wconf 89' lang='grc'><strong>18,</strong></span> <span class='ocrx_word' id='word_1_486' title='bbox 2660 3176 2859 3234; x_wconf 85' lang='lat' dir='ltr'><strong>Veron.</strong></span> <span class='ocrx_word' id='word_1_487' title='bbox 2895 3192 2949 3236; x_wconf 89' lang='lat' dir='ltr'><strong>et</strong></span> <span class='ocrx_word' id='word_1_488' title='bbox 2980 3183 3245 3255; x_wconf 72' lang='lat' dir='ltr'><strong>Brixiam,</strong></span> <span class='ocrx_word' id='word_1_489' title='bbox 3274 3205 3430 3259; x_wconf 88' lang='lat' dir='ltr'><strong>super</strong></span> <span class='ocrx_word' id='word_1_490' title='bbox 3457 3207 3564 3248; x_wconf 86' lang='lat' dir='ltr'><strong>me.</strong></span> 
     </span>
    </p>
   </div>
   <div class='ocr_carea' id='block_1_64' title="bbox 203 3257 3458 3352">
    <p class='ocr_par' dir='ltr' id='par_1_64' title="bbox 203 3257 3458 3352">
     <span class='ocr_line' id='line_1_64' title="bbox 203 3257 3458 3352; baseline 0.01 -44"><span class='ocrx_word' id='word_1_491' title='bbox 203 3321 216 3330; x_wconf 28' lang='lat'><strong><em>1</em></strong></span> <span class='ocrx_word' id='word_1_492' title='bbox 243 3261 438 3331; x_wconf 70' lang='grc' dir='ltr'><strong>γραφή,</strong></span> <span class='ocrx_word' id='word_1_493' title='bbox 467 3270 585 3324; x_wconf 90' lang='lat' dir='ltr'><strong>eos,</strong></span> <span class='ocrx_word' id='word_1_494' title='bbox 619 3257 709 3327; x_wconf 90' lang='lat' dir='ltr'><strong>qui</strong></span> <span class='ocrx_word' id='word_1_495' title='bbox 763 3265 1076 3325; x_wconf 88' lang='lat' dir='ltr'><strong>censentur,</strong></span> <span class='ocrx_word' id='word_1_496' title='bbox 1126 3258 1454 3329; x_wconf 79' lang='lat' dir='ltr'><strong>reSpiciens,</strong></span> <span class='ocrx_word' id='word_1_497' title='bbox 1500 3267 1584 3314; x_wconf 91' lang='lat' dir='ltr'><strong>est</strong></span> <span class='ocrx_word' id='word_1_498' title='bbox 1611 3261 1850 3331; x_wconf 86' lang='lat' dir='ltr'><strong>proprie,</strong></span> <span class='ocrx_word' id='word_1_499' title='bbox 1881 3266 1926 3329; x_wconf 73' lang='grc' dir='ltr'><strong>ρ</strong></span> <span class='ocrx_word' id='word_1_500' title='bbox 1960 3270 2014 3318; x_wconf 83' lang='lat' dir='ltr'><strong>et</strong></span> <span class='ocrx_word' id='word_1_501' title='bbox 2034 3259 2104 3314; x_wconf 91' lang='lat' dir='ltr'><strong>ita</strong></span> <span class='ocrx_word' id='word_1_502' title='bbox 2129 3263 2186 3317; x_wconf 92' lang='grc'><strong>8.</strong></span> <span class='ocrx_word' id='word_1_503' title='bbox 2221 3263 2539 3323; x_wconf 86' lang='lat' dir='ltr'><strong>Ambrosius</strong></span> <span class='ocrx_word' id='word_1_504' title='bbox 2564 3269 2614 3324; x_wconf 92' lang='lat' dir='ltr'><strong>in</strong></span> <span class='ocrx_word' id='word_1_505' title='bbox 2648 3270 2837 3328; x_wconf 84' lang='lat' dir='ltr'><strong>Enarr.</strong></span> <span class='ocrx_word' id='word_1_506' title='bbox 2872 3275 2924 3330; x_wconf 92' lang='lat' dir='ltr'><strong>in</strong></span> <span class='ocrx_word' id='word_1_507' title='bbox 2959 3279 3095 3346; x_wconf 82' lang='lat' dir='ltr'><strong>psal.</strong></span> <span class='ocrx_word' id='word_1_508' title='bbox 3129 3296 3216 3346; x_wconf 76' lang='grc' dir='ltr'>ιιι..</span> <span class='ocrx_word' id='word_1_509' title='bbox 3249 3298 3303 3352; x_wconf 88' lang='lat' dir='ltr'><strong>p.</strong></span> <span class='ocrx_word' id='word_1_510' title='bbox 3331 3257 3458 3340; x_wconf 87' lang='grc'>876.</span> 
     </span>
    </p>
   </div>
   <div class='ocr_carea' id='block_1_65' title="bbox 247 3351 525 3422">
    <p class='ocr_par' dir='ltr' id='par_1_65' title="bbox 247 3351 525 3422">
     <span class='ocr_line' id='line_1_65' title="bbox 247 3351 525 3422; baseline 0.004 -18"><span class='ocrx_word' id='word_1_511' title='bbox 247 3351 525 3422; x_wconf 77' lang='lat' dir='ltr'><strong>professio.</strong></span> 
     </span>
    </p>
   </div>
   <div class='ocr_carea' id='block_1_66' title="bbox 305 3443 1854 3516">
    <p class='ocr_par' dir='ltr' id='par_1_66' title="bbox 305 3443 1854 3516">
     <span class='ocr_line' id='line_1_66' title="bbox 305 3443 1854 3516; baseline 0.001 -18"><span class='ocrx_word' id='word_1_512' title='bbox 305 3444 457 3500; x_wconf 79' lang='lat' dir='ltr'><strong>Luc.</strong></span> <span class='ocrx_word' id='word_1_513' title='bbox 482 3459 603 3516; x_wconf 92' lang='lat' dir='ltr'><strong>cap.</strong></span> <span class='ocrx_word' id='word_1_514' title='bbox 644 3461 697 3511; x_wconf 89' lang='lat' dir='ltr'><strong>v,</strong></span> <span class='ocrx_word' id='word_1_515' title='bbox 735 3443 836 3508; x_wconf 73' lang='grc'><strong>14,</strong></span> <span class='ocrx_word' id='word_1_516' title='bbox 866 3443 1068 3500; x_wconf 82' lang='lat' dir='ltr'><strong>Veron.</strong></span> <span class='ocrx_word' id='word_1_517' title='bbox 1089 3487 1104 3510; x_wconf 91' lang='lat'><strong>,</strong></span> <span class='ocrx_word' id='word_1_518' title='bbox 1131 3445 1517 3513; x_wconf 75' lang='lat' dir='ltr'><strong>oﬂ‘ers-munus.</strong></span> <span class='ocrx_word' id='word_1_519' title='bbox 1565 3445 1854 3502; x_wconf 83' lang='lat' dir='ltr'><strong>Tertullia-</strong></span> 
     </span>
    </p>
   </div>
   <div class='ocr_carea' id='block_1_67' title="bbox 243 3539 1849 3614">
    <p class='ocr_par' dir='ltr' id='par_1_67' title="bbox 243 3539 1849 3614">
     <span class='ocr_line' id='line_1_67' title="bbox 243 3539 1849 3614; baseline -0.001 -16"><span class='ocrx_word' id='word_1_520' title='bbox 243 3556 352 3598; x_wconf 85' lang='lat' dir='ltr'><strong>nus</strong></span> <span class='ocrx_word' id='word_1_521' title='bbox 391 3557 512 3614; x_wconf 86' lang='lat' dir='ltr'><strong>pag.</strong></span> <span class='ocrx_word' id='word_1_522' title='bbox 560 3540 704 3607; x_wconf 80' lang='grc'>420,</span> <span class='ocrx_word' id='word_1_523' title='bbox 754 3539 884 3609; x_wconf 79' lang='lat' dir='ltr'><strong>olfer</strong></span> <span class='ocrx_word' id='word_1_524' title='bbox 929 3557 1130 3596; x_wconf 86' lang='lat' dir='ltr'><strong>munus.</strong></span> <span class='ocrx_word' id='word_1_525' title='bbox 1179 3542 1238 3598; x_wconf 90' lang='grc'><strong>8.</strong></span> <span class='ocrx_word' id='word_1_526' title='bbox 1290 3542 1619 3612; x_wconf 84' lang='lat' dir='ltr'><strong>Augustinus</strong></span> <span class='ocrx_word' id='word_1_527' title='bbox 1668 3543 1720 3597; x_wconf 89' lang='lat' dir='ltr'><strong>itt</strong></span> <span class='ocrx_word' id='word_1_528' title='bbox 1753 3542 1849 3598; x_wconf 91' lang='lat' dir='ltr'><strong>lib.</strong></span> 
     </span>
    </p>
   </div>
   <div class='ocr_carea' id='block_1_68' title="bbox 245 3634 1854 3707">
    <p class='ocr_par' dir='ltr' id='par_1_68' title="bbox 245 3634 1854 3707">
     <span class='ocr_line' id='line_1_68' title="bbox 245 3634 1854 3707; baseline 0.001 -17"><span class='ocrx_word' id='word_1_529' title='bbox 245 3650 304 3691; x_wconf 72' lang='grc' dir='ltr'>τι</span> <span class='ocrx_word' id='word_1_530' title='bbox 334 3644 521 3690; x_wconf 90' lang='lat' dir='ltr'><strong>contra</strong></span> <span class='ocrx_word' id='word_1_531' title='bbox 551 3634 831 3699; x_wconf 86' lang='lat' dir='ltr'><strong>Faustum,</strong></span> <span class='ocrx_word' id='word_1_532' title='bbox 863 3635 905 3689; x_wconf 83' lang='grc' dir='ltr'>Τ</span> <span class='ocrx_word' id='word_1_533' title='bbox 911 3651 1020 3690; x_wconf 92' lang='lat' dir='ltr'><strong>om.</strong></span> <span class='ocrx_word' id='word_1_534' title='bbox 1050 3651 1166 3704; x_wconf 88' lang='lat' dir='ltr'><strong>vut,</strong></span> <span class='ocrx_word' id='word_1_535' title='bbox 1196 3651 1316 3707; x_wconf 87' lang='lat' dir='ltr'><strong>pag.</strong></span> <span class='ocrx_word' id='word_1_536' title='bbox 1354 3635 1481 3700; x_wconf 91' lang='lat'><strong>206,</strong></span> <span class='ocrx_word' id='word_1_537' title='bbox 1513 3635 1642 3704; x_wconf 74' lang='lat' dir='ltr'><strong>o/Ter</strong></span> <span class='ocrx_word' id='word_1_538' title='bbox 1672 3653 1854 3692; x_wconf 88' lang='lat' dir='ltr'><strong>munus</strong></span> 
     </span>
    </p>
   </div>
   <div class='ocr_carea' id='block_1_69' title="bbox 245 3738 418 3784">
    <p class='ocr_par' dir='ltr' id='par_1_69' title="bbox 245 3738 418 3784">
     <span class='ocr_line' id='line_1_69' title="bbox 245 3738 418 3784; baseline -0.017 0"><span class='ocrx_word' id='word_1_539' title='bbox 245 3738 418 3784; x_wconf 78' lang='lat' dir='ltr'><strong>tuum.</strong></span> 
     </span>
    </p>
   </div>
   <div class='ocr_carea' id='block_1_70' title="bbox 329 3822 1855 3893">
    <p class='ocr_par' dir='ltr' id='par_1_70' title="bbox 329 3822 1855 3893">
     <span class='ocr_line' id='line_1_70' title="bbox 329 3822 1855 3893; baseline 0.003 -17"><span class='ocrx_word' id='word_1_540' title='bbox 329 3822 517 3877; x_wconf 85' lang='lat' dir='ltr'><strong>Matth.</strong></span> <span class='ocrx_word' id='word_1_541' title='bbox 549 3837 670 3893; x_wconf 89' lang='lat' dir='ltr'><strong>cap.</strong></span> <span class='ocrx_word' id='word_1_542' title='bbox 705 3837 739 3876; x_wconf 94' lang='lat' dir='ltr'><strong>v</strong></span> <span class='ocrx_word' id='word_1_543' title='bbox 765 3864 780 3890; x_wconf 91' lang='lat'><strong>,</strong></span> <span class='ocrx_word' id='word_1_544' title='bbox 829 3823 891 3879; x_wconf 86' lang='lat'><strong>11</strong></span> <span class='ocrx_word' id='word_1_545' title='bbox 921 3865 935 3889; x_wconf 93' lang='lat'><strong>,</strong></span> <span class='ocrx_word' id='word_1_546' title='bbox 975 3822 1176 3878; x_wconf 84' lang='lat' dir='ltr'><strong>Veron.</strong></span> <span class='ocrx_word' id='word_1_547' title='bbox 1220 3833 1274 3879; x_wconf 89' lang='lat' dir='ltr'><strong>et</strong></span> <span class='ocrx_word' id='word_1_548' title='bbox 1321 3823 1555 3878; x_wconf 78' lang='lat' dir='ltr'><strong>Brixian.</strong></span> <span class='ocrx_word' id='word_1_549' title='bbox 1604 3824 1766 3879; x_wconf 86' lang='lat' dir='ltr'><strong>eritis.</strong></span> <span class='ocrx_word' id='word_1_550' title='bbox 1800 3834 1855 3880; x_wconf 92' lang='lat' dir='ltr'><strong>ct</strong></span> 
     </span>
    </p>
   </div>
   <div class='ocr_carea' id='block_1_71' title="bbox 246 3911 1849 3986">
    <p class='ocr_par' dir='ltr' id='par_1_71' title="bbox 246 3911 1849 3986">
     <span class='ocr_line' id='line_1_71' title="bbox 246 3911 1849 3986; baseline 0 -18"><span class='ocrx_word' id='word_1_551' title='bbox 246 3913 324 3968; x_wconf 86' lang='lat' dir='ltr'><strong>ita</strong></span> <span class='ocrx_word' id='word_1_552' title='bbox 353 3911 582 3968; x_wconf 83' lang='lat' dir='ltr'><strong>Tertull.</strong></span> <span class='ocrx_word' id='word_1_553' title='bbox 634 3929 753 3984; x_wconf 86' lang='lat' dir='ltr'><strong>pag.</strong></span> <span class='ocrx_word' id='word_1_554' title='bbox 784 3913 886 3970; x_wconf 68' lang='grc'><strong>144</strong></span> <span class='ocrx_word' id='word_1_555' title='bbox 916 3923 970 3969; x_wconf 87' lang='lat' dir='ltr'><strong>et</strong></span> <span class='ocrx_word' id='word_1_556' title='bbox 998 3914 1127 3980; x_wconf 73' lang='grc'><strong>494,</strong></span> <span class='ocrx_word' id='word_1_557' title='bbox 1172 3913 1230 3971; x_wconf 90' lang='grc'><strong>8.</strong></span> <span class='ocrx_word' id='word_1_558' title='bbox 1280 3914 1536 3986; x_wconf 86' lang='lat' dir='ltr'><strong>Cyprian.</strong></span> <span class='ocrx_word' id='word_1_559' title='bbox 1574 3914 1625 3968; x_wconf 88' lang='lat' dir='ltr'><strong>in</strong></span> <span class='ocrx_word' id='word_1_560' title='bbox 1681 3914 1849 3985; x_wconf 80' lang='lat' dir='ltr'><strong>Epist.</strong></span> 
     </span>
    </p>
   </div>
   <div class='ocr_carea' id='block_1_72' title="bbox 241 4005 1855 4077">
    <p class='ocr_par' dir='ltr' id='par_1_72' title="bbox 241 4005 1855 4077">
     <span class='ocr_line' id='line_1_72' title="bbox 241 4005 1855 4077; baseline 0.002 -17"><span class='ocrx_word' id='word_1_561' title='bbox 241 4005 344 4066; x_wconf 88' lang='lat'><strong>26.</strong></span> <span class='ocrx_word' id='word_1_562' title='bbox 373 4021 491 4077; x_wconf 86' lang='lat' dir='ltr'><strong>pag.</strong></span> <span class='ocrx_word' id='word_1_563' title='bbox 526 4005 617 4072; x_wconf 71' lang='grc'><strong>84,</strong></span> <span class='ocrx_word' id='word_1_564' title='bbox 647 4015 702 4063; x_wconf 91' lang='lat' dir='ltr'><strong>et</strong></span> <span class='ocrx_word' id='word_1_565' title='bbox 731 4007 898 4062; x_wconf 91' lang='lat' dir='ltr'><strong>llilar.</strong></span> <span class='ocrx_word' id='word_1_566' title='bbox 929 4009 1078 4064; x_wconf 90' lang='lat' dir='ltr'><strong>Diae.</strong></span> <span class='ocrx_word' id='word_1_567' title='bbox 1111 4009 1164 4063; x_wconf 89' lang='lat' dir='ltr'><strong>in</strong></span> <span class='ocrx_word' id='word_1_568' title='bbox 1199 4007 1606 4064; x_wconf 86' lang='lat' dir='ltr'><strong>commentariis</strong></span> <span class='ocrx_word' id='word_1_569' title='bbox 1635 4009 1687 4063; x_wconf 94' lang='lat' dir='ltr'><strong>in</strong></span> <span class='ocrx_word' id='word_1_570' title='bbox 1719 4007 1855 4064; x_wconf 85' lang='lat' dir='ltr'><strong>Pau-</strong></span> 
     </span>
    </p>
   </div>
   <div class='ocr_carea' id='block_1_73' title="bbox 243 4099 1850 4173">
    <p class='ocr_par' dir='ltr' id='par_1_73' title="bbox 243 4099 1850 4173">
     <span class='ocr_line' id='line_1_73' title="bbox 243 4099 1850 4173; baseline 0.001 -18"><span class='ocrx_word' id='word_1_571' title='bbox 243 4099 390 4166; x_wconf 91' lang='lat' dir='ltr'><strong>lum,</strong></span> <span class='ocrx_word' id='word_1_572' title='bbox 413 4099 513 4155; x_wconf 83' lang='lat' dir='ltr'><strong>sub</strong></span> <span class='ocrx_word' id='word_1_573' title='bbox 537 4099 806 4156; x_wconf 78' lang='lat' dir='ltr'><strong>Ambrosii</strong></span> <span class='ocrx_word' id='word_1_574' title='bbox 833 4101 1050 4158; x_wconf 88' lang='lat' dir='ltr'><strong>nomine</strong></span> <span class='ocrx_word' id='word_1_575' title='bbox 1075 4101 1324 4173; x_wconf 89' lang='lat' dir='ltr'><strong>vulgatis,</strong></span> <span class='ocrx_word' id='word_1_576' title='bbox 1367 4101 1543 4173; x_wconf 85' lang='lat' dir='ltr'><strong>Epist.</strong></span> <span class='ocrx_word' id='word_1_577' title='bbox 1572 4101 1626 4169; x_wconf 78' lang='grc'><strong>5,</strong></span> <span class='ocrx_word' id='word_1_578' title='bbox 1650 4100 1715 4156; x_wconf 88' lang='lat' dir='ltr'><strong>ad</strong></span> <span class='ocrx_word' id='word_1_579' title='bbox 1739 4100 1850 4156; x_wconf 84' lang='lat' dir='ltr'><strong>Ro-</strong></span> 
     </span>
    </p>
   </div>
   <div class='ocr_carea' id='block_1_74' title="bbox 249 4196 677 4266">
    <p class='ocr_par' dir='ltr' id='par_1_74' title="bbox 249 4196 677 4266">
     <span class='ocr_line' id='line_1_74' title="bbox 249 4196 677 4266; baseline -0.009 -14"><span class='ocrx_word' id='word_1_580' title='bbox 249 4210 406 4252; x_wconf 87' lang='lat' dir='ltr'><strong>man.</strong></span> <span class='ocrx_word' id='word_1_581' title='bbox 440 4211 553 4266; x_wconf 87' lang='lat' dir='ltr'><strong>pag.</strong></span> <span class='ocrx_word' id='word_1_582' title='bbox 586 4196 677 4252; x_wconf 82' lang='grc'><strong>52.</strong></span> 
     </span>
    </p>
   </div>
   <div class='ocr_carea' id='block_1_75' title="bbox 331 4285 1856 4363">
    <p class='ocr_par' dir='ltr' id='par_1_75' title="bbox 331 4285 1856 4363">
     <span class='ocr_line' id='line_1_75' title="bbox 331 4285 1856 4363; baseline 0.004 -22"><span class='ocrx_word' id='word_1_583' title='bbox 331 4285 520 4342; x_wconf 85' lang='lat' dir='ltr'><strong>Matth.</strong></span> <span class='ocrx_word' id='word_1_584' title='bbox 552 4303 672 4359; x_wconf 89' lang='lat' dir='ltr'><strong>cap.</strong></span> <span class='ocrx_word' id='word_1_585' title='bbox 706 4303 760 4342; x_wconf 93' lang='lat' dir='ltr'><strong>v.</strong></span> <span class='ocrx_word' id='word_1_586' title='bbox 790 4287 882 4351; x_wconf 88' lang='grc'>25,</span> <span class='ocrx_word' id='word_1_587' title='bbox 914 4287 1181 4344; x_wconf 87' lang='lat' dir='ltr'><strong>Veronen.</strong></span> <span class='ocrx_word' id='word_1_588' title='bbox 1213 4297 1270 4343; x_wconf 89' lang='lat' dir='ltr'><strong>et</strong></span> <span class='ocrx_word' id='word_1_589' title='bbox 1300 4287 1528 4346; x_wconf 86' lang='lat' dir='ltr'><strong>Vercell.</strong></span> <span class='ocrx_word' id='word_1_590' title='bbox 1560 4294 1769 4363; x_wconf 78' lang='lat' dir='ltr'><strong>offeres.</strong></span> <span class='ocrx_word' id='word_1_591' title='bbox 1801 4299 1856 4347; x_wconf 90' lang='lat' dir='ltr'><strong>et</strong></span> 
     </span>
    </p>
   </div>
   <div class='ocr_carea' id='block_1_76' title="bbox 248 4379 1854 4452">
    <p class='ocr_par' dir='ltr' id='par_1_76' title="bbox 248 4379 1854 4452">
     <span class='ocr_line' id='line_1_76' title="bbox 248 4379 1854 4452; baseline 0.003 -17"><span class='ocrx_word' id='word_1_592' title='bbox 248 4379 328 4436; x_wconf 90' lang='lat' dir='ltr'><strong>ita</strong></span> <span class='ocrx_word' id='word_1_593' title='bbox 366 4379 610 4450; x_wconf 91' lang='lat' dir='ltr'><strong>plerique</strong></span> <span class='ocrx_word' id='word_1_594' title='bbox 639 4395 771 4436; x_wconf 86' lang='lat' dir='ltr'><strong>mss.</strong></span> <span class='ocrx_word' id='word_1_595' title='bbox 818 4379 941 4435; x_wconf 92' lang='lat' dir='ltr'><strong>libri</strong></span> <span class='ocrx_word' id='word_1_596' title='bbox 970 4380 1028 4436; x_wconf 92' lang='lat' dir='ltr'><strong>S.</strong></span> <span class='ocrx_word' id='word_1_597' title='bbox 1060 4380 1345 4452; x_wconf 85' lang='lat' dir='ltr'><strong>Augustini</strong></span> <span class='ocrx_word' id='word_1_598' title='bbox 1375 4382 1428 4436; x_wconf 91' lang='lat' dir='ltr'><strong>in</strong></span> <span class='ocrx_word' id='word_1_599' title='bbox 1458 4382 1738 4440; x_wconf 87' lang='lat' dir='ltr'><strong>Encbirid.</strong></span> <span class='ocrx_word' id='word_1_600' title='bbox 1786 4384 1854 4440; x_wconf 91' lang='lat' dir='ltr'><strong>de</strong></span> 
     </span>
    </p>
   </div>
   <div class='ocr_carea' id='block_1_77' title="bbox 246 4473 1856 4546">
    <p class='ocr_par' dir='ltr' id='par_1_77' title="bbox 246 4473 1856 4546">
     <span class='ocr_line' id='line_1_77' title="bbox 246 4473 1856 4546; baseline 0.002 -16"><span class='ocrx_word' id='word_1_601' title='bbox 246 4473 426 4541; x_wconf 87' lang='lat' dir='ltr'><strong>Fide,</strong></span> <span class='ocrx_word' id='word_1_602' title='bbox 451 4473 588 4546; x_wconf 87' lang='lat' dir='ltr'><strong>Spe,</strong></span> <span class='ocrx_word' id='word_1_603' title='bbox 618 4485 672 4531; x_wconf 89' lang='lat' dir='ltr'><strong>et</strong></span> <span class='ocrx_word' id='word_1_604' title='bbox 703 4473 980 4531; x_wconf 88' lang='lat' dir='ltr'><strong>Charitate</strong></span> <span class='ocrx_word' id='word_1_605' title='bbox 1001 4517 1015 4541; x_wconf 93' lang='lat'><strong>,</strong></span> <span class='ocrx_word' id='word_1_606' title='bbox 1050 4485 1103 4532; x_wconf 89' lang='lat' dir='ltr'><strong>et</strong></span> <span class='ocrx_word' id='word_1_607' title='bbox 1135 4476 1187 4531; x_wconf 92' lang='lat' dir='ltr'><strong>in</strong></span> <span class='ocrx_word' id='word_1_608' title='bbox 1218 4475 1312 4532; x_wconf 93' lang='lat' dir='ltr'><strong>lih.</strong></span> <span class='ocrx_word' id='word_1_609' title='bbox 1346 4493 1436 4532; x_wconf 72' lang='lat' dir='ltr'><strong>3m</strong></span> <span class='ocrx_word' id='word_1_610' title='bbox 1493 4477 1562 4533; x_wconf 92' lang='lat' dir='ltr'><strong>de</strong></span> <span class='ocrx_word' id='word_1_611' title='bbox 1626 4477 1856 4535; x_wconf 90' lang='lat' dir='ltr'><strong>Civitate</strong></span> 
     </span>
    </p>
   </div>
   <div class='ocr_carea' id='block_1_78' title="bbox 243 4567 373 4624">
    <p class='ocr_par' dir='ltr' id='par_1_78' title="bbox 243 4567 373 4624">
     <span class='ocr_line' id='line_1_78' title="bbox 243 4567 373 4624; baseline -0.023 -2"><span class='ocrx_word' id='word_1_612' title='bbox 243 4567 373 4624; x_wconf 89' lang='lat' dir='ltr'><strong>Dei.</strong></span> 
     </span>
    </p>
   </div>
   <div class='ocr_carea' id='block_1_79' title="bbox 2027 3353 3566 3442">
    <p class='ocr_par' dir='ltr' id='par_1_79' title="bbox 2027 3353 3566 3442">
     <span class='ocr_line' id='line_1_79' title="bbox 2027 3353 3566 3442; baseline 0.016 -34"><span class='ocrx_word' id='word_1_613' title='bbox 2027 3353 2184 3410; x_wconf 81' lang='lat' dir='ltr'><strong>Joan.</strong></span> <span class='ocrx_word' id='word_1_614' title='bbox 2235 3373 2356 3428; x_wconf 90' lang='lat' dir='ltr'><strong>cap.</strong></span> <span class='ocrx_word' id='word_1_615' title='bbox 2409 3377 2517 3427; x_wconf 80' lang='lat' dir='ltr'><strong>xw,</strong></span> <span class='ocrx_word' id='word_1_616' title='bbox 2557 3362 2612 3428; x_wconf 91' lang='lat'><strong>9,</strong></span> <span class='ocrx_word' id='word_1_617' title='bbox 2648 3363 2843 3421; x_wconf 86' lang='lat' dir='ltr'><strong>Veron.</strong></span> <span class='ocrx_word' id='word_1_618' title='bbox 2893 3377 2946 3424; x_wconf 90' lang='lat' dir='ltr'><strong>et</strong></span> <span class='ocrx_word' id='word_1_619' title='bbox 2973 3369 3289 3442; x_wconf 86' lang='lat' dir='ltr'><strong>Corbeien.,</strong></span> <span class='ocrx_word' id='word_1_620' title='bbox 3320 3393 3420 3431; x_wconf 85' lang='lat' dir='ltr'><strong>non</strong></span> <span class='ocrx_word' id='word_1_621' title='bbox 3451 3393 3566 3434; x_wconf 86' lang='lat' dir='ltr'><strong>cre-</strong></span> 
     </span>
    </p>
   </div>
   <div class='ocr_carea' id='block_1_80' title="bbox 1955 3447 3552 3526">
    <p class='ocr_par' dir='ltr' id='par_1_80' title="bbox 1955 3447 3552 3526">
     <span class='ocr_line' id='line_1_80' title="bbox 1955 3447 3552 3526; baseline 0.018 -27"><span class='ocrx_word' id='word_1_622' title='bbox 1955 3447 2103 3501; x_wconf 89' lang='lat' dir='ltr'><strong>dunt.</strong></span> <span class='ocrx_word' id='word_1_623' title='bbox 2134 3449 2361 3516; x_wconf 86' lang='lat' dir='ltr'><strong>Quidam</strong></span> <span class='ocrx_word' id='word_1_624' title='bbox 2405 3468 2537 3510; x_wconf 90' lang='lat' dir='ltr'><strong>mss.</strong></span> <span class='ocrx_word' id='word_1_625' title='bbox 2573 3455 2693 3512; x_wconf 89' lang='lat' dir='ltr'><strong>libri</strong></span> <span class='ocrx_word' id='word_1_626' title='bbox 2725 3459 2777 3513; x_wconf 92' lang='lat' dir='ltr'><strong>in</strong></span> <span class='ocrx_word' id='word_1_627' title='bbox 2809 3459 2922 3516; x_wconf 88' lang='lat' dir='ltr'><strong>div.</strong></span> <span class='ocrx_word' id='word_1_628' title='bbox 2954 3463 3274 3523; x_wconf 86' lang='lat' dir='ltr'><strong>Bibliothcc.</strong></span> <span class='ocrx_word' id='word_1_629' title='bbox 3327 3466 3386 3525; x_wconf 92' lang='lat' dir='ltr'><strong>S.</strong></span> <span class='ocrx_word' id='word_1_630' title='bbox 3424 3469 3552 3526; x_wconf 88' lang='lat' dir='ltr'><strong>Ilic-</strong></span> 
     </span>
    </p>
   </div>
   <div class='ocr_carea' id='block_1_81' title="bbox 1956 3541 2803 3613">
    <p class='ocr_par' dir='ltr' id='par_1_81' title="bbox 1956 3541 2803 3613">
     <span class='ocr_line' id='line_1_81' title="bbox 1956 3541 2803 3613; baseline 0.008 -16"><span class='ocrx_word' id='word_1_631' title='bbox 1956 3547 2168 3613; x_wconf 86' lang='lat' dir='ltr'><strong>ronyml</strong></span> <span class='ocrx_word' id='word_1_632' title='bbox 2201 3541 2422 3611; x_wconf 89' lang='lat' dir='ltr'><strong>habent,</strong></span> <span class='ocrx_word' id='word_1_633' title='bbox 2448 3563 2549 3602; x_wconf 86' lang='lat' dir='ltr'><strong>non</strong></span> <span class='ocrx_word' id='word_1_634' title='bbox 2578 3550 2803 3606; x_wconf 83' lang='lat' dir='ltr'><strong>credent.</strong></span> 
     </span>
    </p>
   </div>
   <div class='ocr_carea' id='block_1_82' title="bbox 2029 3634 3560 3725">
    <p class='ocr_par' dir='ltr' id='par_1_82' title="bbox 2029 3634 3560 3725">
     <span class='ocr_line' id='line_1_82' title="bbox 2029 3634 3560 3725; baseline 0.014 -36"><span class='ocrx_word' id='word_1_635' title='bbox 2029 3634 2186 3690; x_wconf 83' lang='lat' dir='ltr'><strong>Joan.</strong></span> <span class='ocrx_word' id='word_1_636' title='bbox 2236 3651 2354 3707; x_wconf 91' lang='lat' dir='ltr'><strong>cap.</strong></span> <span class='ocrx_word' id='word_1_637' title='bbox 2406 3655 2514 3707; x_wconf 70' lang='grc' dir='ltr'>χιιι,</span> <span class='ocrx_word' id='word_1_638' title='bbox 2579 3640 2662 3708; x_wconf 88' lang='grc'><strong>12,</strong></span> <span class='ocrx_word' id='word_1_639' title='bbox 2729 3644 2780 3699; x_wconf 93' lang='lat' dir='ltr'><strong>in</strong></span> <span class='ocrx_word' id='word_1_640' title='bbox 2835 3645 3110 3706; x_wconf 90' lang='lat' dir='ltr'><strong>Veronen.</strong></span> <span class='ocrx_word' id='word_1_641' title='bbox 3159 3661 3278 3721; x_wconf 85' lang='lat' dir='ltr'><strong>pnst</strong></span> <span class='ocrx_word' id='word_1_642' title='bbox 3308 3653 3560 3725; x_wconf 88' lang='lat' dir='ltr'><strong>verbum,</strong></span> 
     </span>
    </p>
   </div>
   <div class='ocr_carea' id='block_1_83' title="bbox 1957 3729 3564 3812">
    <p class='ocr_par' dir='ltr' id='par_1_83' title="bbox 1957 3729 3564 3812">
     <span class='ocr_line' id='line_1_83' title="bbox 1957 3729 3564 3812; baseline 0.016 -32"><span class='ocrx_word' id='word_1_643' title='bbox 1957 3730 2186 3798; x_wconf 84' lang='lat' dir='ltr'><strong>potestis,</strong></span> <span class='ocrx_word' id='word_1_644' title='bbox 2219 3729 2454 3796; x_wconf 89' lang='lat' dir='ltr'><strong>additur,</strong></span> <span class='ocrx_word' id='word_1_645' title='bbox 2501 3750 2586 3798; x_wconf 77' lang='lat' dir='ltr'><strong>ea,</strong></span> <span class='ocrx_word' id='word_1_646' title='bbox 2620 3735 2670 3788; x_wconf 88' lang='lat' dir='ltr'><strong>in</strong></span> <span class='ocrx_word' id='word_1_647' title='bbox 2701 3735 3032 3796; x_wconf 87' lang='lat' dir='ltr'><strong>Vercellensi</strong></span> <span class='ocrx_word' id='word_1_648' title='bbox 3087 3754 3286 3812; x_wconf 89' lang='lat' dir='ltr'><strong>autem,</strong></span> <span class='ocrx_word' id='word_1_649' title='bbox 3319 3746 3434 3802; x_wconf 84' lang='lat' dir='ltr'><strong>illa.</strong></span> <span class='ocrx_word' id='word_1_650' title='bbox 3489 3748 3564 3805; x_wconf 85' lang='lat' dir='ltr'><strong>Et</strong></span> 
     </span>
    </p>
   </div>
   <div class='ocr_carea' id='block_1_84' title="bbox 1957 3818 3558 3911">
    <p class='ocr_par' dir='ltr' id='par_1_84' title="bbox 1957 3818 3558 3911">
     <span class='ocr_line' id='line_1_84' title="bbox 1957 3818 3558 3911; baseline 0.016 -40"><span class='ocrx_word' id='word_1_651' title='bbox 1957 3818 2028 3871; x_wconf 89' lang='lat' dir='ltr'><strong>ita</strong></span> <span class='ocrx_word' id='word_1_652' title='bbox 2056 3819 2106 3874; x_wconf 90' lang='lat' dir='ltr'><strong>in</strong></span> <span class='ocrx_word' id='word_1_653' title='bbox 2139 3821 2196 3876; x_wconf 89' lang='lat' dir='ltr'><strong>S.</strong></span> <span class='ocrx_word' id='word_1_654' title='bbox 2250 3824 2521 3880; x_wconf 81' lang='lat' dir='ltr'><strong>Ambrosii</strong></span> <span class='ocrx_word' id='word_1_655' title='bbox 2569 3826 2663 3882; x_wconf 91' lang='lat' dir='ltr'><strong>lib.</strong></span> <span class='ocrx_word' id='word_1_656' title='bbox 2699 3844 2776 3894; x_wconf 89' lang='grc' dir='ltr'>ιιι,</span> <span class='ocrx_word' id='word_1_657' title='bbox 2825 3831 2892 3886; x_wconf 86' lang='lat' dir='ltr'><strong>de</strong></span> <span class='ocrx_word' id='word_1_658' title='bbox 2935 3834 3078 3904; x_wconf 88' lang='lat' dir='ltr'><strong>Spir.</strong></span> <span class='ocrx_word' id='word_1_659' title='bbox 3121 3835 3281 3893; x_wconf 84' lang='lat' dir='ltr'><strong>Sane.</strong></span> <span class='ocrx_word' id='word_1_660' title='bbox 3315 3853 3434 3911; x_wconf 90' lang='lat' dir='ltr'><strong>cap.</strong></span> <span class='ocrx_word' id='word_1_661' title='bbox 3465 3842 3558 3908; x_wconf 85' lang='lat'><strong>11,</strong></span> 
     </span>
    </p>
   </div>
   <div class='ocr_carea' id='block_1_85' title="bbox 1958 3911 2240 3981">
    <p class='ocr_par' dir='ltr' id='par_1_85' title="bbox 1958 3911 2240 3981">
     <span class='ocr_line' id='line_1_85' title="bbox 1958 3911 2240 3981; baseline 0.007 -17"><span class='ocrx_word' id='word_1_662' title='bbox 1958 3924 2082 3981; x_wconf 89' lang='lat' dir='ltr'><strong>pag.</strong></span> <span class='ocrx_word' id='word_1_663' title='bbox 2114 3911 2240 3968; x_wconf 84' lang='lat'><strong>687.</strong></span> 
     </span>
    </p>
   </div>
   <div class='ocr_carea' id='block_1_86' title="bbox 2029 4003 3559 4098">
    <p class='ocr_par' dir='ltr' id='par_1_86' title="bbox 2029 4003 3559 4098">
     <span class='ocr_line' id='line_1_86' title="bbox 2029 4003 3559 4098; baseline 0.015 -39"><span class='ocrx_word' id='word_1_664' title='bbox 2029 4003 2159 4060; x_wconf 88' lang='lat' dir='ltr'><strong>Luc.</strong></span> <span class='ocrx_word' id='word_1_665' title='bbox 2191 4021 2312 4098; x_wconf 89' lang='lat' dir='ltr'><strong>cap.</strong></span> <span class='ocrx_word' id='word_1_666' title='bbox 2343 4023 2379 4074; x_wconf 95' lang='grc' dir='ltr'><strong>ι,</strong></span> <span class='ocrx_word' id='word_1_667' title='bbox 2409 4008 2499 4077; x_wconf 87' lang='grc'><strong>59,</strong></span> <span class='ocrx_word' id='word_1_668' title='bbox 2537 4009 2758 4080; x_wconf 84' lang='lat' dir='ltr'><strong>Veron.,</strong></span> <span class='ocrx_word' id='word_1_669' title='bbox 2811 4012 2973 4071; x_wconf 88' lang='lat' dir='ltr'><strong>Corb.</strong></span> <span class='ocrx_word' id='word_1_670' title='bbox 3006 4027 3060 4074; x_wconf 86' lang='lat' dir='ltr'><strong>et</strong></span> <span class='ocrx_word' id='word_1_671' title='bbox 3106 4019 3278 4089; x_wconf 83' lang='lat' dir='ltr'><strong>Brix.,</strong></span> <span class='ocrx_word' id='word_1_672' title='bbox 3330 4022 3559 4098; x_wconf 74' lang='lat' dir='ltr'><strong>Juda&#39;w,</strong></span> 
     </span>
    </p>
   </div>
   <div class='ocr_carea' id='block_1_87' title="bbox 1957 4097 3560 4191">
    <p class='ocr_par' dir='ltr' id='par_1_87' title="bbox 1957 4097 3560 4191">
     <span class='ocr_line' id='line_1_87' title="bbox 1957 4097 3560 4191; baseline 0.016 -39"><span class='ocrx_word' id='word_1_673' title='bbox 1957 4103 2012 4152; x_wconf 89' lang='lat' dir='ltr'><strong>et</strong></span> <span class='ocrx_word' id='word_1_674' title='bbox 2034 4097 2105 4152; x_wconf 90' lang='lat' dir='ltr'><strong>ita</strong></span> <span class='ocrx_word' id='word_1_675' title='bbox 2134 4098 2193 4153; x_wconf 92' lang='grc'><strong>8.</strong></span> <span class='ocrx_word' id='word_1_676' title='bbox 2223 4097 2543 4157; x_wconf 81' lang='lat' dir='ltr'><strong>Ambrosius</strong></span> <span class='ocrx_word' id='word_1_677' title='bbox 2595 4103 2646 4159; x_wconf 92' lang='lat' dir='ltr'><strong>in</strong></span> <span class='ocrx_word' id='word_1_678' title='bbox 2679 4104 2768 4161; x_wconf 91' lang='lat' dir='ltr'><strong>lib.</strong></span> <span class='ocrx_word' id='word_1_679' title='bbox 2826 4123 2908 4176; x_wconf 87' lang='grc' dir='ltr'>ιιι,</span> <span class='ocrx_word' id='word_1_680' title='bbox 2954 4110 3198 4182; x_wconf 78' lang='lat' dir='ltr'><strong>Exposit.</strong></span> <span class='ocrx_word' id='word_1_681' title='bbox 3233 4115 3436 4191; x_wconf 86' lang='lat' dir='ltr'><strong>Evang.</strong></span> <span class='ocrx_word' id='word_1_682' title='bbox 3467 4097 3560 4179; x_wconf 44' lang='lat' dir='ltr'><strong>se?</strong></span> 
     </span>
    </p>
   </div>
   <div class='ocr_carea' id='block_1_88' title="bbox 1957 4190 2568 4265">
    <p class='ocr_par' dir='ltr' id='par_1_88' title="bbox 1957 4190 2568 4265">
     <span class='ocr_line' id='line_1_88' title="bbox 1957 4190 2568 4265; baseline 0.011 -21"><span class='ocrx_word' id='word_1_683' title='bbox 1957 4190 2119 4245; x_wconf 91' lang='lat' dir='ltr'><strong>cund.</strong></span> <span class='ocrx_word' id='word_1_684' title='bbox 2160 4191 2290 4248; x_wconf 89' lang='lat' dir='ltr'><strong>Luc.</strong></span> <span class='ocrx_word' id='word_1_685' title='bbox 2319 4209 2372 4265; x_wconf 93' lang='lat' dir='ltr'><strong>p.</strong></span> <span class='ocrx_word' id='word_1_686' title='bbox 2405 4194 2568 4253; x_wconf 87' lang='grc'>1515.</span> 
     </span>
    </p>
   </div>
   <div class='ocr_carea' id='block_1_89' title="bbox 2029 4282 3560 4371">
    <p class='ocr_par' dir='ltr' id='par_1_89' title="bbox 2029 4282 3560 4371">
     <span class='ocr_line' id='line_1_89' title="bbox 2029 4282 3560 4371; baseline 0.022 -35"><span class='ocrx_word' id='word_1_687' title='bbox 2029 4282 2163 4338; x_wconf 91' lang='lat' dir='ltr'><strong>Luc.</strong></span> <span class='ocrx_word' id='word_1_688' title='bbox 2187 4300 2307 4356; x_wconf 90' lang='lat' dir='ltr'><strong>cap.</strong></span> <span class='ocrx_word' id='word_1_689' title='bbox 2342 4303 2401 4356; x_wconf 92' lang='grc' dir='ltr'><strong>ιι,</strong></span> <span class='ocrx_word' id='word_1_690' title='bbox 2429 4288 2519 4356; x_wconf 90' lang='grc'><strong>57,</strong></span> <span class='ocrx_word' id='word_1_691' title='bbox 2543 4289 2816 4350; x_wconf 83' lang='lat' dir='ltr'><strong>Veronen.</strong></span> <span class='ocrx_word' id='word_1_692' title='bbox 2847 4306 2898 4352; x_wconf 91' lang='lat' dir='ltr'><strong>et</strong></span> <span class='ocrx_word' id='word_1_693' title='bbox 2926 4297 3255 4371; x_wconf 90' lang='lat' dir='ltr'><strong>Vcrcellen.,</strong></span> <span class='ocrx_word' id='word_1_694' title='bbox 3290 4322 3560 4369; x_wconf 89' lang='lat' dir='ltr'><strong>annorum</strong></span> 
     </span>
    </p>
   </div>
   <div class='ocr_carea' id='block_1_90' title="bbox 1959 4377 3555 4474">
    <p class='ocr_par' dir='ltr' id='par_1_90' title="bbox 1959 4377 3555 4474">
     <span class='ocr_line' id='line_1_90' title="bbox 1959 4377 3555 4474; baseline 0.018 -45"><span class='ocrx_word' id='word_1_695' title='bbox 1959 4389 2172 4442; x_wconf 75' lang='lat' dir='ltr'><strong>Lxxxtv;</strong></span> <span class='ocrx_word' id='word_1_696' title='bbox 2223 4377 2282 4434; x_wconf 92' lang='lat' dir='ltr'><strong>S.</strong></span> <span class='ocrx_word' id='word_1_697' title='bbox 2313 4380 2634 4439; x_wconf 82' lang='lat' dir='ltr'><strong>Ambrosius</strong></span> <span class='ocrx_word' id='word_1_698' title='bbox 2666 4386 2718 4441; x_wconf 92' lang='lat' dir='ltr'><strong>in</strong></span> <span class='ocrx_word' id='word_1_699' title='bbox 2765 4387 2903 4444; x_wconf 92' lang='lat' dir='ltr'><strong>libro</strong></span> <span class='ocrx_word' id='word_1_700' title='bbox 2933 4392 3091 4448; x_wconf 77' lang='lat' dir='ltr'><strong>unico</strong></span> <span class='ocrx_word' id='word_1_701' title='bbox 3121 4394 3190 4452; x_wconf 88' lang='lat' dir='ltr'><strong>de</strong></span> <span class='ocrx_word' id='word_1_702' title='bbox 3220 4397 3402 4456; x_wconf 88' lang='lat' dir='ltr'><strong>Viduis</strong></span> <span class='ocrx_word' id='word_1_703' title='bbox 3433 4417 3555 4474; x_wconf 91' lang='lat' dir='ltr'><strong>cap.</strong></span> 
     </span>
    </p>
   </div>
   <div class='ocr_carea' id='block_1_91' title="bbox 1959 4469 3556 4564">
    <p class='ocr_par' dir='ltr' id='par_1_91' title="bbox 1959 4469 3556 4564">
     <span class='ocr_line' id='line_1_91' title="bbox 1959 4469 3556 4564; baseline 0.016 -39"><span class='ocrx_word' id='word_1_704' title='bbox 1959 4469 2014 4538; x_wconf 75' lang='grc' dir='ltr'><strong>ι,</strong></span> <span class='ocrx_word' id='word_1_705' title='bbox 2047 4486 2098 4540; x_wconf 95' lang='lat' dir='ltr'><strong>p.</strong></span> <span class='ocrx_word' id='word_1_706' title='bbox 2148 4471 2274 4542; x_wconf 87' lang='grc'><strong>191,</strong></span> <span class='ocrx_word' id='word_1_707' title='bbox 2303 4477 2560 4547; x_wconf 85' lang='lat' dir='ltr'><strong>octoginta</strong></span> <span class='ocrx_word' id='word_1_708' title='bbox 2583 4487 2630 4532; x_wconf 87' lang='lat' dir='ltr'><strong>et</strong></span> <span class='ocrx_word' id='word_1_709' title='bbox 2655 4491 2876 4550; x_wconf 89' lang='lat' dir='ltr'><strong>quatuor</strong></span> <span class='ocrx_word' id='word_1_710' title='bbox 2897 4500 3169 4556; x_wconf 85' lang='lat' dir='ltr'><strong>annorum,</strong></span> <span class='ocrx_word' id='word_1_711' title='bbox 3199 4500 3252 4546; x_wconf 92' lang='lat' dir='ltr'><strong>et</strong></span> <span class='ocrx_word' id='word_1_712' title='bbox 3293 4491 3346 4546; x_wconf 91' lang='lat' dir='ltr'><strong>in</strong></span> <span class='ocrx_word' id='word_1_713' title='bbox 3383 4469 3556 4564; x_wconf 78' lang='lat' dir='ltr'><strong>Epist.</strong></span> 
     </span>
    </p>
   </div>
   <div class='ocr_carea' id='block_1_92' title="bbox 1959 4565 3265 4652">
    <p class='ocr_par' dir='ltr' id='par_1_92' title="bbox 1959 4565 3265 4652">
     <span class='ocr_line' id='line_1_92' title="bbox 1959 4565 3265 4652; baseline 0.015 -32"><span class='ocrx_word' id='word_1_714' title='bbox 1959 4565 2118 4621; x_wconf 91' lang='lat' dir='ltr'><strong>class.</strong></span> <span class='ocrx_word' id='word_1_715' title='bbox 2144 4583 2183 4634; x_wconf 91' lang='grc' dir='ltr'><strong>ι,</strong></span> <span class='ocrx_word' id='word_1_716' title='bbox 2218 4584 2270 4637; x_wconf 91' lang='lat' dir='ltr'><strong>p.</strong></span> <span class='ocrx_word' id='word_1_717' title='bbox 2301 4568 2426 4637; x_wconf 89' lang='lat'><strong>968,</strong></span> <span class='ocrx_word' id='word_1_718' title='bbox 2461 4588 2716 4630; x_wconf 83' lang='lat' dir='ltr'><strong>annorum</strong></span> <span class='ocrx_word' id='word_1_719' title='bbox 2742 4581 2999 4651; x_wconf 88' lang='lat' dir='ltr'><strong>octaginta</strong></span> <span class='ocrx_word' id='word_1_720' title='bbox 3025 4593 3265 4652; x_wconf 88' lang='lat' dir='ltr'><strong>quatuor.</strong></span> 
     </span>
    </p>
   </div>
   <div class='ocr_carea' id='block_1_93' title="bbox 329 4658 3557 4746">
    <p class='ocr_par' dir='ltr' id='par_1_93' title="bbox 329 4658 3557 4746">
     <span class='ocr_line' id='line_1_93' title="bbox 329 4658 3557 4746; baseline 0.004 -32"><span class='ocrx_word' id='word_1_721' title='bbox 329 4658 515 4714; x_wconf 88' lang='lat' dir='ltr'><strong>Matth.</strong></span> <span class='ocrx_word' id='word_1_722' title='bbox 566 4675 688 4731; x_wconf 92' lang='lat' dir='ltr'><strong>cap.</strong></span> <span class='ocrx_word' id='word_1_723' title='bbox 739 4675 854 4725; x_wconf 90' lang='lat' dir='ltr'><strong>vut,</strong></span> <span class='ocrx_word' id='word_1_724' title='bbox 906 4659 995 4727; x_wconf 87' lang='lat'><strong>12,</strong></span> <span class='ocrx_word' id='word_1_725' title='bbox 1031 4660 1231 4718; x_wconf 87' lang='lat' dir='ltr'><strong>Veron.</strong></span> <span class='ocrx_word' id='word_1_726' title='bbox 1266 4661 1568 4718; x_wconf 88' lang='lat' dir='ltr'><strong>Vercellen.</strong></span> <span class='ocrx_word' id='word_1_727' title='bbox 1617 4672 1673 4719; x_wconf 92' lang='lat' dir='ltr'><strong>et</strong></span> <span class='ocrx_word' id='word_1_728' title='bbox 1715 4663 1846 4720; x_wconf 83' lang='lat' dir='ltr'><strong>San-</strong></span> <span class='ocrx_word' id='word_1_729' title='bbox 1879 4662 1930 4722; x_wconf 91' lang='lat' dir='ltr'><strong>D</strong></span> <span class='ocrx_word' id='word_1_730' title='bbox 2029 4660 2156 4718; x_wconf 88' lang='lat' dir='ltr'><strong>Luc.</strong></span> <span class='ocrx_word' id='word_1_731' title='bbox 2193 4677 2311 4735; x_wconf 90' lang='lat' dir='ltr'><strong>cap.</strong></span> <span class='ocrx_word' id='word_1_732' title='bbox 2346 4680 2425 4730; x_wconf 90' lang='grc' dir='ltr'>ιιι,</span> <span class='ocrx_word' id='word_1_733' title='bbox 2459 4667 2509 4732; x_wconf 94' lang='lat'><strong>1,</strong></span> <span class='ocrx_word' id='word_1_734' title='bbox 2546 4667 2742 4725; x_wconf 90' lang='lat' dir='ltr'><strong>Veron.</strong></span> <span class='ocrx_word' id='word_1_735' title='bbox 2779 4681 2832 4726; x_wconf 89' lang='lat' dir='ltr'><strong>et</strong></span> <span class='ocrx_word' id='word_1_736' title='bbox 2859 4672 3119 4746; x_wconf 72' lang='lat' dir='ltr'><strong>Vercel|.,</strong></span> <span class='ocrx_word' id='word_1_737' title='bbox 3144 4676 3368 4746; x_wconf 69' lang='lat' dir='ltr'><strong>Judme,</strong></span> <span class='ocrx_word' id='word_1_738' title='bbox 3397 4687 3452 4735; x_wconf 81' lang='lat' dir='ltr'><strong>et</strong></span> <span class='ocrx_word' id='word_1_739' title='bbox 3482 4681 3557 4738; x_wconf 68' lang='lat' dir='ltr'><strong>ita</strong></span> 
     </span>
    </p>
   </div>
   <div class='ocr_carea' id='block_1_94' title="bbox 244 4752 1850 4824">
    <p class='ocr_par' dir='ltr' id='par_1_94' title="bbox 244 4752 1850 4824">
     <span class='ocr_line' id='line_1_94' title="bbox 244 4752 1850 4824; baseline 0.003 -15"><span class='ocrx_word' id='word_1_740' title='bbox 244 4752 602 4818; x_wconf 82' lang='lat' dir='ltr'><strong>Germanen.,</strong></span> <span class='ocrx_word' id='word_1_741' title='bbox 628 4753 792 4808; x_wconf 88' lang='lat' dir='ltr'><strong>ibunt.</strong></span> <span class='ocrx_word' id='word_1_742' title='bbox 822 4763 876 4809; x_wconf 90' lang='lat' dir='ltr'><strong>et</strong></span> <span class='ocrx_word' id='word_1_743' title='bbox 903 4753 973 4809; x_wconf 87' lang='lat' dir='ltr'><strong>ita</strong></span> <span class='ocrx_word' id='word_1_744' title='bbox 1003 4755 1060 4812; x_wconf 94' lang='lat' dir='ltr'><strong>S.</strong></span> <span class='ocrx_word' id='word_1_745' title='bbox 1089 4753 1323 4811; x_wconf 68' lang='lat' dir='ltr'><strong>lrenaaus</strong></span> <span class='ocrx_word' id='word_1_746' title='bbox 1348 4756 1401 4810; x_wconf 92' lang='lat' dir='ltr'><strong>in</strong></span> <span class='ocrx_word' id='word_1_747' title='bbox 1433 4756 1524 4811; x_wconf 93' lang='lat' dir='ltr'><strong>lib.</strong></span> <span class='ocrx_word' id='word_1_748' title='bbox 1555 4772 1628 4824; x_wconf 88' lang='lat' dir='ltr'><strong>tv,</strong></span> <span class='ocrx_word' id='word_1_749' title='bbox 1661 4768 1850 4814; x_wconf 90' lang='lat' dir='ltr'><strong>contra</strong></span> 
     </span>
    </p>
   </div>
   <div class='ocr_carea' id='block_1_95' title="bbox 244 4844 1849 4921">
    <p class='ocr_par' dir='ltr' id='par_1_95' title="bbox 244 4844 1849 4921">
     <span class='ocr_line' id='line_1_95' title="bbox 244 4844 1849 4921; baseline 0.003 -19"><span class='ocrx_word' id='word_1_750' title='bbox 244 4844 504 4902; x_wconf 70' lang='lat' dir='ltr'><strong>llaereses</strong></span> <span class='ocrx_word' id='word_1_751' title='bbox 534 4854 662 4900; x_wconf 90' lang='lat' dir='ltr'><strong>tom.</strong></span> <span class='ocrx_word' id='word_1_752' title='bbox 691 4861 732 4913; x_wconf 90' lang='grc' dir='ltr'><strong>ι,</strong></span> <span class='ocrx_word' id='word_1_753' title='bbox 761 4862 880 4918; x_wconf 89' lang='lat' dir='ltr'><strong>pag.</strong></span> <span class='ocrx_word' id='word_1_754' title='bbox 908 4847 1037 4904; x_wconf 87' lang='lat'><strong>281.</strong></span> <span class='ocrx_word' id='word_1_755' title='bbox 1077 4849 1135 4906; x_wconf 93' lang='grc'><strong>8.</strong></span> <span class='ocrx_word' id='word_1_756' title='bbox 1165 4848 1467 4921; x_wconf 86' lang='lat' dir='ltr'><strong>Cyprianus</strong></span> <span class='ocrx_word' id='word_1_757' title='bbox 1516 4866 1644 4906; x_wconf 85' lang='lat' dir='ltr'><strong>vero</strong></span> <span class='ocrx_word' id='word_1_758' title='bbox 1675 4851 1727 4906; x_wconf 89' lang='lat' dir='ltr'><strong>in</strong></span> <span class='ocrx_word' id='word_1_759' title='bbox 1754 4852 1849 4907; x_wconf 93' lang='lat' dir='ltr'><strong>lib.</strong></span> 
     </span>
    </p>
   </div>
   <div class='ocr_carea' id='block_1_96' title="bbox 245 4938 1850 5018">
    <p class='ocr_par' dir='ltr' id='par_1_96' title="bbox 245 4938 1850 5018">
     <span class='ocr_line' id='line_1_96' title="bbox 245 4938 1850 5018; baseline 0.004 -23"><span class='ocrx_word' id='word_1_760' title='bbox 245 4955 264 4995; x_wconf 90' lang='grc' dir='ltr'><strong>ι</strong></span> <span class='ocrx_word' id='word_1_761' title='bbox 332 4938 590 4994; x_wconf 75' lang='lat' dir='ltr'><strong>adversus</strong></span> <span class='ocrx_word' id='word_1_762' title='bbox 618 4939 836 4996; x_wconf 71' lang='lat' dir='ltr'><strong>Judteos</strong></span> <span class='ocrx_word' id='word_1_763' title='bbox 862 4941 929 4996; x_wconf 86' lang='lat' dir='ltr'><strong>ad</strong></span> <span class='ocrx_word' id='word_1_764' title='bbox 958 4941 1240 5012; x_wconf 85' lang='lat' dir='ltr'><strong>Quirinum</strong></span> <span class='ocrx_word' id='word_1_765' title='bbox 1273 4957 1392 5014; x_wconf 88' lang='lat' dir='ltr'><strong>cap.</strong></span> <span class='ocrx_word' id='word_1_766' title='bbox 1437 4945 1528 5014; x_wconf 83' lang='grc'><strong>25,</strong></span> <span class='ocrx_word' id='word_1_767' title='bbox 1564 4961 1684 5018; x_wconf 90' lang='lat' dir='ltr'><strong>pag.</strong></span> <span class='ocrx_word' id='word_1_768' title='bbox 1713 4946 1850 5014; x_wconf 77' lang='grc'>548,</span> 
     </span>
    </p>
   </div>
   <div class='ocr_carea' id='block_1_97' title="bbox 244 5031 709 5095">
    <p class='ocr_par' dir='ltr' id='par_1_97' title="bbox 244 5031 709 5095">
     <span class='ocr_line' id='line_1_97' title="bbox 244 5031 709 5095; baseline -0.002 -6"><span class='ocrx_word' id='word_1_769' title='bbox 244 5031 439 5095; x_wconf 78' lang='lat' dir='ltr'><strong>habet,</strong></span> <span class='ocrx_word' id='word_1_770' title='bbox 469 5032 709 5088; x_wconf 67' lang='lat' dir='ltr'><strong>exibunt.</strong></span> 
     </span>
    </p>
   </div>
   <div class='ocr_carea' id='block_1_98' title="bbox 328 5123 1855 5202">
    <p class='ocr_par' dir='ltr' id='par_1_98' title="bbox 328 5123 1855 5202">
     <span class='ocr_line' id='line_1_98' title="bbox 328 5123 1855 5202; baseline 0.005 -25"><span class='ocrx_word' id='word_1_771' title='bbox 328 5123 516 5178; x_wconf 84' lang='lat' dir='ltr'><strong>Matth.</strong></span> <span class='ocrx_word' id='word_1_772' title='bbox 541 5139 662 5194; x_wconf 91' lang='lat' dir='ltr'><strong>cap.</strong></span> <span class='ocrx_word' id='word_1_773' title='bbox 691 5140 792 5191; x_wconf 82' lang='lat' dir='ltr'><strong>xu,</strong></span> <span class='ocrx_word' id='word_1_774' title='bbox 823 5125 876 5191; x_wconf 89' lang='lat'><strong>7,</strong></span> <span class='ocrx_word' id='word_1_775' title='bbox 898 5123 1100 5181; x_wconf 89' lang='lat' dir='ltr'><strong>Veron.</strong></span> <span class='ocrx_word' id='word_1_776' title='bbox 1125 5125 1414 5183; x_wconf 90' lang='lat' dir='ltr'><strong>Corbeien.</strong></span> <span class='ocrx_word' id='word_1_777' title='bbox 1443 5137 1498 5183; x_wconf 88' lang='lat' dir='ltr'><strong>et</strong></span> <span class='ocrx_word' id='word_1_778' title='bbox 1526 5127 1674 5185; x_wconf 81' lang='lat' dir='ltr'><strong>Brix.</strong></span> <span class='ocrx_word' id='word_1_779' title='bbox 1701 5147 1855 5202; x_wconf 88' lang='lat' dir='ltr'><strong>quam</strong></span> 
     </span>
    </p>
   </div>
   <div class='ocr_carea' id='block_1_99' title="bbox 246 5217 1853 5291">
    <p class='ocr_par' dir='ltr' id='par_1_99' title="bbox 246 5217 1853 5291">
     <span class='ocr_line' id='line_1_99' title="bbox 246 5217 1853 5291; baseline 0.004 -18"><span class='ocrx_word' id='word_1_780' title='bbox 246 5217 591 5287; x_wconf 83' lang='lat' dir='ltr'><strong>sacri/icium,</strong></span> <span class='ocrx_word' id='word_1_781' title='bbox 623 5227 678 5274; x_wconf 91' lang='lat' dir='ltr'><strong>et</strong></span> <span class='ocrx_word' id='word_1_782' title='bbox 708 5219 779 5274; x_wconf 90' lang='lat' dir='ltr'><strong>ita</strong></span> <span class='ocrx_word' id='word_1_783' title='bbox 805 5217 968 5291; x_wconf 91' lang='lat' dir='ltr'><strong>aliqui</strong></span> <span class='ocrx_word' id='word_1_784' title='bbox 996 5233 1127 5275; x_wconf 91' lang='lat' dir='ltr'><strong>mss.</strong></span> <span class='ocrx_word' id='word_1_785' title='bbox 1173 5219 1297 5276; x_wconf 91' lang='lat' dir='ltr'><strong>libri</strong></span> <span class='ocrx_word' id='word_1_786' title='bbox 1330 5219 1389 5278; x_wconf 90' lang='lat' dir='ltr'><strong>S.</strong></span> <span class='ocrx_word' id='word_1_787' title='bbox 1433 5220 1621 5278; x_wconf 73' lang='lat' dir='ltr'><strong>lrenmi</strong></span> <span class='ocrx_word' id='word_1_788' title='bbox 1654 5223 1747 5280; x_wconf 89' lang='lat' dir='ltr'><strong>lib.</strong></span> <span class='ocrx_word' id='word_1_789' title='bbox 1778 5239 1853 5291; x_wconf 86' lang='lat' dir='ltr'><strong>tv,</strong></span> 
     </span>
    </p>
   </div>
   <div class='ocr_carea' id='block_1_100' title="bbox 245 5310 744 5368">
    <p class='ocr_par' dir='ltr' id='par_1_100' title="bbox 245 5310 744 5368">
     <span class='ocr_line' id='line_1_100' title="bbox 245 5310 744 5368; baseline -0.002 0"><span class='ocrx_word' id='word_1_790' title='bbox 245 5322 440 5368; x_wconf 90' lang='lat' dir='ltr'><strong>contra</strong></span> <span class='ocrx_word' id='word_1_791' title='bbox 476 5310 744 5367; x_wconf 66' lang='lat' dir='ltr'><strong>Haereses.</strong></span> 
     </span>
    </p>
   </div>
   <div class='ocr_carea' id='block_1_101' title="bbox 328 5402 1860 5475">
    <p class='ocr_par' dir='ltr' id='par_1_101' title="bbox 328 5402 1860 5475">
     <span class='ocr_line' id='line_1_101' title="bbox 328 5402 1860 5475; baseline 0.005 -18"><span class='ocrx_word' id='word_1_792' title='bbox 328 5402 518 5458; x_wconf 89' lang='lat' dir='ltr'><strong>Matth.</strong></span> <span class='ocrx_word' id='word_1_793' title='bbox 549 5418 668 5475; x_wconf 89' lang='lat' dir='ltr'><strong>cap.</strong></span> <span class='ocrx_word' id='word_1_794' title='bbox 702 5420 792 5472; x_wconf 83' lang='lat' dir='ltr'><strong>xv,</strong></span> <span class='ocrx_word' id='word_1_795' title='bbox 834 5404 928 5470; x_wconf 90' lang='lat'><strong>26,</strong></span> <span class='ocrx_word' id='word_1_796' title='bbox 958 5404 1162 5461; x_wconf 87' lang='lat' dir='ltr'><strong>Veron.</strong></span> <span class='ocrx_word' id='word_1_797' title='bbox 1209 5415 1267 5461; x_wconf 90' lang='lat' dir='ltr'><strong>et</strong></span> <span class='ocrx_word' id='word_1_798' title='bbox 1308 5406 1610 5464; x_wconf 86' lang='lat' dir='ltr'><strong>Vercellen.</strong></span> <span class='ocrx_word' id='word_1_799' title='bbox 1659 5421 1706 5464; x_wconf 91' lang='lat' dir='ltr'><strong>et</strong></span> <span class='ocrx_word' id='word_1_800' title='bbox 1734 5409 1860 5464; x_wconf 87' lang='lat' dir='ltr'><strong>dare</strong></span> 
     </span>
    </p>
   </div>
   <div class='ocr_carea' id='block_1_102' title="bbox 242 5495 1858 5562">
    <p class='ocr_par' dir='ltr' id='par_1_102' title="bbox 242 5495 1858 5562">
     <span class='ocr_line' id='line_1_102' title="bbox 242 5495 1858 5562; baseline 0.005 -13"><span class='ocrx_word' id='word_1_801' title='bbox 242 5497 500 5562; x_wconf 85' lang='lat' dir='ltr'><strong>canibus,</strong></span> <span class='ocrx_word' id='word_1_802' title='bbox 527 5506 583 5552; x_wconf 92' lang='lat' dir='ltr'><strong>et</strong></span> <span class='ocrx_word' id='word_1_803' title='bbox 611 5497 680 5551; x_wconf 88' lang='lat' dir='ltr'><strong>ita</strong></span> <span class='ocrx_word' id='word_1_804' title='bbox 707 5497 764 5552; x_wconf 89' lang='lat' dir='ltr'><strong>S.</strong></span> <span class='ocrx_word' id='word_1_805' title='bbox 798 5495 966 5553; x_wconf 80' lang='lat' dir='ltr'><strong>llilar.</strong></span> <span class='ocrx_word' id='word_1_806' title='bbox 1001 5497 1055 5552; x_wconf 91' lang='lat' dir='ltr'><strong>in</strong></span> <span class='ocrx_word' id='word_1_807' title='bbox 1084 5507 1380 5555; x_wconf 88' lang='lat' dir='ltr'><strong>comment.</strong></span> <span class='ocrx_word' id='word_1_808' title='bbox 1414 5501 1466 5554; x_wconf 91' lang='lat' dir='ltr'><strong>iu</strong></span> <span class='ocrx_word' id='word_1_809' title='bbox 1498 5501 1641 5556; x_wconf 91' lang='lat' dir='ltr'><strong>hunc</strong></span> <span class='ocrx_word' id='word_1_810' title='bbox 1670 5503 1858 5558; x_wconf 87' lang='lat' dir='ltr'><strong>Matth.</strong></span> 
     </span>
    </p>
   </div>
   <div class='ocr_carea' id='block_1_103' title="bbox 245 5588 1858 5665">
    <p class='ocr_par' dir='ltr' id='par_1_103' title="bbox 245 5588 1858 5665">
     <span class='ocr_line' id='line_1_103' title="bbox 245 5588 1858 5665; baseline 0.001 -16"><span class='ocrx_word' id='word_1_811' title='bbox 245 5592 472 5655; x_wconf 87' lang='lat' dir='ltr'><strong>locum,</strong></span> <span class='ocrx_word' id='word_1_812' title='bbox 524 5599 580 5645; x_wconf 92' lang='lat' dir='ltr'><strong>et</strong></span> <span class='ocrx_word' id='word_1_813' title='bbox 617 5588 826 5648; x_wconf 89' lang='lat' dir='ltr'><strong>Tertul.</strong></span> <span class='ocrx_word' id='word_1_814' title='bbox 868 5591 1130 5649; x_wconf 89' lang='lat' dir='ltr'><strong>adversus</strong></span> <span class='ocrx_word' id='word_1_815' title='bbox 1175 5593 1503 5652; x_wconf 88' lang='lat' dir='ltr'><strong>Marcionem</strong></span> <span class='ocrx_word' id='word_1_816' title='bbox 1545 5597 1598 5652; x_wconf 90' lang='lat' dir='ltr'><strong>in</strong></span> <span class='ocrx_word' id='word_1_817' title='bbox 1641 5597 1734 5652; x_wconf 91' lang='lat' dir='ltr'><strong>lib.</strong></span> <span class='ocrx_word' id='word_1_818' title='bbox 1785 5614 1858 5665; x_wconf 79' lang='lat' dir='ltr'><strong>tv,</strong></span> 
     </span>
    </p>
   </div>
   <div class='ocr_carea' id='block_1_104' title="bbox 241 5685 472 5755">
    <p class='ocr_par' dir='ltr' id='par_1_104' title="bbox 241 5685 472 5755">
     <span class='ocr_line' id='line_1_104' title="bbox 241 5685 472 5755; baseline -0.013 -16"><span class='ocrx_word' id='word_1_819' title='bbox 241 5699 380 5755; x_wconf 86' lang='lat' dir='ltr'><strong>cap.</strong></span> <span class='ocrx_word' id='word_1_820' title='bbox 414 5685 472 5737; x_wconf 85' lang='lat'><strong>7.</strong></span> 
     </span>
    </p>
   </div>
   <div class='ocr_carea' id='block_1_105' title="bbox 327 5778 1862 5854">
    <p class='ocr_par' dir='ltr' id='par_1_105' title="bbox 327 5778 1862 5854">
     <span class='ocr_line' id='line_1_105' title="bbox 327 5778 1862 5854; baseline 0.004 -20"><span class='ocrx_word' id='word_1_821' title='bbox 327 5778 523 5835; x_wconf 75' lang='lat' dir='ltr'><strong>Matth.</strong></span> <span class='ocrx_word' id='word_1_822' title='bbox 577 5793 676 5849; x_wconf 87' lang='lat' dir='ltr'><strong>cap</strong></span> <span class='ocrx_word' id='word_1_823' title='bbox 737 5795 826 5846; x_wconf 86' lang='lat' dir='ltr'><strong>xv,</strong></span> <span class='ocrx_word' id='word_1_824' title='bbox 857 5780 948 5848; x_wconf 81' lang='grc'><strong>52,</strong></span> <span class='ocrx_word' id='word_1_825' title='bbox 983 5781 1254 5839; x_wconf 82' lang='lat' dir='ltr'><strong>Veronen.</strong></span> <span class='ocrx_word' id='word_1_826' title='bbox 1304 5794 1360 5842; x_wconf 91' lang='lat' dir='ltr'><strong>et</strong></span> <span class='ocrx_word' id='word_1_827' title='bbox 1393 5784 1646 5854; x_wconf 83' lang='lat' dir='ltr'><strong>Vercell.,</strong></span> <span class='ocrx_word' id='word_1_828' title='bbox 1680 5796 1726 5841; x_wconf 89' lang='lat' dir='ltr'><strong>et</strong></span> <span class='ocrx_word' id='word_1_829' title='bbox 1763 5803 1862 5842; x_wconf 85' lang='lat' dir='ltr'><strong>non</strong></span> 
     </span>
    </p>
   </div>
   <div class='ocr_carea' id='block_1_106' title="bbox 246 5872 1301 5940">
    <p class='ocr_par' dir='ltr' id='par_1_106' title="bbox 246 5872 1301 5940">
     <span class='ocr_line' id='line_1_106' title="bbox 246 5872 1301 5940; baseline 0.002 -9"><span class='ocrx_word' id='word_1_830' title='bbox 246 5872 443 5931; x_wconf 81' lang='lat' dir='ltr'><strong>habent</strong></span> <span class='ocrx_word' id='word_1_831' title='bbox 469 5887 659 5940; x_wconf 84' lang='lat' dir='ltr'><strong>escam,</strong></span> <span class='ocrx_word' id='word_1_832' title='bbox 692 5880 745 5927; x_wconf 88' lang='lat' dir='ltr'><strong>et</strong></span> <span class='ocrx_word' id='word_1_833' title='bbox 774 5873 845 5929; x_wconf 85' lang='lat' dir='ltr'><strong>ita</strong></span> <span class='ocrx_word' id='word_1_834' title='bbox 869 5875 926 5931; x_wconf 90' lang='lat' dir='ltr'><strong>S.</strong></span> <span class='ocrx_word' id='word_1_835' title='bbox 961 5874 1301 5934; x_wconf 85' lang='lat' dir='ltr'><strong>Ambrosius.</strong></span> 
     </span>
    </p>
   </div>
   <div class='ocr_carea' id='block_1_107' title="bbox 1960 4757 3306 4840">
    <p class='ocr_par' dir='ltr' id='par_1_107' title="bbox 1960 4757 3306 4840">
     <span class='ocr_line' id='line_1_107' title="bbox 1960 4757 3306 4840; baseline 0.01 -28"><span class='ocrx_word' id='word_1_836' title='bbox 1960 4765 2114 4812; x_wconf 80' lang='lat' dir='ltr'><strong>vetus</strong></span> <span class='ocrx_word' id='word_1_837' title='bbox 2134 4757 2422 4830; x_wconf 87' lang='lat' dir='ltr'><strong>interpres,</strong></span> <span class='ocrx_word' id='word_1_838' title='bbox 2453 4768 2590 4818; x_wconf 86' lang='lat' dir='ltr'><strong>teste</strong></span> <span class='ocrx_word' id='word_1_839' title='bbox 2616 4764 2782 4821; x_wconf 89' lang='lat' dir='ltr'><strong>Millio</strong></span> <span class='ocrx_word' id='word_1_840' title='bbox 2805 4766 2856 4821; x_wconf 92' lang='lat' dir='ltr'><strong>in</strong></span> <span class='ocrx_word' id='word_1_841' title='bbox 2881 4767 3116 4839; x_wconf 83' lang='lat' dir='ltr'><strong>Proleg.,</strong></span> <span class='ocrx_word' id='word_1_842' title='bbox 3143 4771 3306 4840; x_wconf 83' lang='lat' dir='ltr'><strong>p.52.</strong></span> 
     </span>
    </p>
   </div>
   <div class='ocr_carea' id='block_1_108' title="bbox 2034 4851 3549 4925">
    <p class='ocr_par' dir='ltr' id='par_1_108' title="bbox 2034 4851 3549 4925">
     <span class='ocr_line' id='line_1_108' title="bbox 2034 4851 3549 4925; baseline 0.013 -20"><span class='ocrx_word' id='word_1_843' title='bbox 2034 4851 2165 4906; x_wconf 83' lang='lat' dir='ltr'><strong>Luc.</strong></span> <span class='ocrx_word' id='word_1_844' title='bbox 2197 4867 2317 4925; x_wconf 90' lang='lat' dir='ltr'><strong>cap.</strong></span> <span class='ocrx_word' id='word_1_845' title='bbox 2352 4871 2405 4922; x_wconf 92' lang='lat' dir='ltr'><strong>v,</strong></span> <span class='ocrx_word' id='word_1_846' title='bbox 2450 4856 2538 4912; x_wconf 89' lang='lat'><strong>10.</strong></span> <span class='ocrx_word' id='word_1_847' title='bbox 2578 4856 2777 4914; x_wconf 88' lang='lat' dir='ltr'><strong>Veron.</strong></span> <span class='ocrx_word' id='word_1_848' title='bbox 2808 4859 3112 4918; x_wconf 88' lang='lat' dir='ltr'><strong>Vercellen.</strong></span> <span class='ocrx_word' id='word_1_849' title='bbox 3163 4873 3218 4919; x_wconf 92' lang='lat' dir='ltr'><strong>et</strong></span> <span class='ocrx_word' id='word_1_850' title='bbox 3261 4862 3549 4925; x_wconf 86' lang='lat' dir='ltr'><strong>Corbeien.</strong></span> 
     </span>
    </p>
   </div>
   <div class='ocr_carea' id='block_1_109' title="bbox 1962 4946 3557 5029">
    <p class='ocr_par' dir='ltr' id='par_1_109' title="bbox 1962 4946 3557 5029">
     <span class='ocr_line' id='line_1_109' title="bbox 1962 4946 3557 5029; baseline 0.014 -30"><span class='ocrx_word' id='word_1_851' title='bbox 1962 4946 2248 5016; x_wconf 76' lang='lat' dir='ltr'><strong>viviﬁcaris,</strong></span> <span class='ocrx_word' id='word_1_852' title='bbox 2295 4956 2350 5004; x_wconf 91' lang='lat' dir='ltr'><strong>et</strong></span> <span class='ocrx_word' id='word_1_853' title='bbox 2389 4947 2460 5004; x_wconf 90' lang='lat' dir='ltr'><strong>ita</strong></span> <span class='ocrx_word' id='word_1_854' title='bbox 2492 4951 2547 5008; x_wconf 89' lang='lat' dir='ltr'><strong>S.</strong></span> <span class='ocrx_word' id='word_1_855' title='bbox 2585 4952 2903 5010; x_wconf 84' lang='lat' dir='ltr'><strong>Ambrosius</strong></span> <span class='ocrx_word' id='word_1_856' title='bbox 2948 4955 3002 5010; x_wconf 92' lang='lat' dir='ltr'><strong>in</strong></span> <span class='ocrx_word' id='word_1_857' title='bbox 3047 4955 3142 5012; x_wconf 90' lang='lat' dir='ltr'><strong>lib.</strong></span> <span class='ocrx_word' id='word_1_858' title='bbox 3191 4974 3261 5029; x_wconf 84' lang='lat' dir='ltr'><strong>vt,</strong></span> <span class='ocrx_word' id='word_1_859' title='bbox 3298 4960 3557 5021; x_wconf 78' lang='lat' dir='ltr'><strong>llexaem.</strong></span> 
     </span>
    </p>
   </div>
   <div class='ocr_carea' id='block_1_110' title="bbox 1962 5041 2406 5112">
    <p class='ocr_par' dir='ltr' id='par_1_110' title="bbox 1962 5041 2406 5112">
     <span class='ocr_line' id='line_1_110' title="bbox 1962 5041 2406 5112; baseline 0 -16"><span class='ocrx_word' id='word_1_860' title='bbox 1962 5055 2086 5111; x_wconf 91' lang='lat' dir='ltr'><strong>cap.</strong></span> <span class='ocrx_word' id='word_1_861' title='bbox 2116 5041 2170 5107; x_wconf 91' lang='lat'><strong>8,</strong></span> <span class='ocrx_word' id='word_1_862' title='bbox 2201 5057 2254 5112; x_wconf 90' lang='lat' dir='ltr'><strong>p.</strong></span> <span class='ocrx_word' id='word_1_863' title='bbox 2285 5042 2406 5097; x_wconf 80' lang='grc'>155.</span> 
     </span>
    </p>
   </div>
   <div class='ocr_carea' id='block_1_111' title="bbox 2038 5133 3561 5221">
    <p class='ocr_par' dir='ltr' id='par_1_111' title="bbox 2038 5133 3561 5221">
     <span class='ocr_line' id='line_1_111' title="bbox 2038 5133 3561 5221; baseline 0.012 -34"><span class='ocrx_word' id='word_1_864' title='bbox 2038 5133 2168 5188; x_wconf 88' lang='lat' dir='ltr'><strong>Luc.</strong></span> <span class='ocrx_word' id='word_1_865' title='bbox 2198 5148 2318 5205; x_wconf 89' lang='lat' dir='ltr'><strong>cap.</strong></span> <span class='ocrx_word' id='word_1_866' title='bbox 2349 5150 2445 5203; x_wconf 84' lang='lat' dir='ltr'><strong>vti,</strong></span> <span class='ocrx_word' id='word_1_867' title='bbox 2484 5135 2576 5204; x_wconf 71' lang='grc'><strong>42,</strong></span> <span class='ocrx_word' id='word_1_868' title='bbox 2617 5136 2843 5204; x_wconf 83' lang='lat' dir='ltr'><strong>Veron.,</strong></span> <span class='ocrx_word' id='word_1_869' title='bbox 2877 5137 3205 5212; x_wconf 87' lang='lat' dir='ltr'><strong>Vercellen.,</strong></span> <span class='ocrx_word' id='word_1_870' title='bbox 3247 5144 3561 5221; x_wconf 89' lang='lat' dir='ltr'><strong>Corbeien.,</strong></span> 
     </span>
    </p>
   </div>
   <div class='ocr_carea' id='block_1_112' title="bbox 1964 5225 3586 5312">
    <p class='ocr_par' dir='ltr' id='par_1_112' title="bbox 1964 5225 3586 5312">
     <span class='ocr_line' id='line_1_112' title="bbox 1964 5225 3586 5312; baseline 0.009 -28"><span class='ocrx_word' id='word_1_871' title='bbox 1964 5225 2110 5292; x_wconf 76' lang='lat' dir='ltr'><strong>GaL,</strong></span> <span class='ocrx_word' id='word_1_872' title='bbox 2143 5226 2271 5284; x_wconf 90' lang='lat' dir='ltr'><strong>Mm.</strong></span> <span class='ocrx_word' id='word_1_873' title='bbox 2300 5237 2356 5284; x_wconf 89' lang='lat' dir='ltr'><strong>et</strong></span> <span class='ocrx_word' id='word_1_874' title='bbox 2383 5227 2646 5297; x_wconf 72' lang='lat' dir='ltr'><strong>Brixiam,</strong></span> <span class='ocrx_word' id='word_1_875' title='bbox 2677 5247 2709 5284; x_wconf 90' lang='lat' dir='ltr'><strong>a</strong></span> <span class='ocrx_word' id='word_1_876' title='bbox 2737 5239 2884 5286; x_wconf 79' lang='lat' dir='ltr'><strong>vento</strong></span> <span class='ocrx_word' id='word_1_877' title='bbox 2911 5236 3142 5290; x_wconf 82' lang='lat' dir='ltr'><strong>moveri?</strong></span> <span class='ocrx_word' id='word_1_878' title='bbox 3166 5236 3319 5296; x_wconf 87' lang='lat' dir='ltr'><strong>Unus</strong></span> <span class='ocrx_word' id='word_1_879' title='bbox 3350 5239 3586 5312; x_wconf 81' lang='lat' dir='ltr'><strong>Vatica-_</strong></span> 
     </span>
    </p>
   </div>
   <div class='ocr_carea' id='block_1_113' title="bbox 1964 5313 3563 5394">
    <p class='ocr_par' dir='ltr' id='par_1_113' title="bbox 1964 5313 3563 5394">
     <span class='ocr_line' id='line_1_113' title="bbox 1964 5313 3563 5394; baseline 0.009 -18"><span class='ocrx_word' id='word_1_880' title='bbox 1964 5313 2089 5387; x_wconf 79' lang='lat' dir='ltr'><strong>tius,</strong></span> <span class='ocrx_word' id='word_1_881' title='bbox 2122 5328 2177 5377; x_wconf 87' lang='lat' dir='ltr'><strong>et</strong></span> <span class='ocrx_word' id='word_1_882' title='bbox 2203 5320 2310 5378; x_wconf 94' lang='lat' dir='ltr'><strong>duo</strong></span> <span class='ocrx_word' id='word_1_883' title='bbox 2350 5323 2552 5394; x_wconf 84' lang='lat' dir='ltr'><strong>reginae</strong></span> <span class='ocrx_word' id='word_1_884' title='bbox 2588 5322 2883 5380; x_wconf 82' lang='lat' dir='ltr'><strong>Succorum</strong></span> <span class='ocrx_word' id='word_1_885' title='bbox 2930 5343 3060 5384; x_wconf 90' lang='lat' dir='ltr'><strong>mss.</strong></span> <span class='ocrx_word' id='word_1_886' title='bbox 3099 5331 3317 5390; x_wconf 88' lang='lat' dir='ltr'><strong>codices</strong></span> <span class='ocrx_word' id='word_1_887' title='bbox 3361 5333 3414 5388; x_wconf 91' lang='lat' dir='ltr'><strong>iu</strong></span> <span class='ocrx_word' id='word_1_888' title='bbox 3445 5333 3563 5390; x_wconf 89' lang='lat' dir='ltr'><strong>div.</strong></span> 
     </span>
    </p>
   </div>
   <div class='ocr_carea' id='block_1_114' title="bbox 1967 5411 2991 5486">
    <p class='ocr_par' dir='ltr' id='par_1_114' title="bbox 1967 5411 2991 5486">
     <span class='ocr_line' id='line_1_114' title="bbox 1967 5411 2991 5486; baseline 0.008 -19"><span class='ocrx_word' id='word_1_889' title='bbox 1967 5411 2106 5468; x_wconf 88' lang='lat' dir='ltr'><strong>Bibl.</strong></span> <span class='ocrx_word' id='word_1_890' title='bbox 2137 5413 2192 5470; x_wconf 92' lang='lat' dir='ltr'><strong>S.</strong></span> <span class='ocrx_word' id='word_1_891' title='bbox 2218 5414 2552 5486; x_wconf 87' lang='lat' dir='ltr'><strong>Hieronymi,</strong></span> <span class='ocrx_word' id='word_1_892' title='bbox 2584 5427 2731 5471; x_wconf 85' lang='lat' dir='ltr'><strong>vento</strong></span> <span class='ocrx_word' id='word_1_893' title='bbox 2756 5420 2991 5476; x_wconf 80' lang='lat' dir='ltr'><strong>moveri?</strong></span> 
     </span>
    </p>
   </div>
   <div class='ocr_carea' id='block_1_115' title="bbox 2041 5505 3569 5586">
    <p class='ocr_par' dir='ltr' id='par_1_115' title="bbox 2041 5505 3569 5586">
     <span class='ocr_line' id='line_1_115' title="bbox 2041 5505 3569 5586; baseline 0.009 -26"><span class='ocrx_word' id='word_1_894' title='bbox 2041 5505 2172 5562; x_wconf 88' lang='lat' dir='ltr'><strong>Luc.</strong></span> <span class='ocrx_word' id='word_1_895' title='bbox 2203 5521 2324 5578; x_wconf 92' lang='lat' dir='ltr'><strong>cap.</strong></span> <span class='ocrx_word' id='word_1_896' title='bbox 2350 5523 2458 5573; x_wconf 78' lang='lat' dir='ltr'><strong>xvr,</strong></span> <span class='ocrx_word' id='word_1_897' title='bbox 2493 5507 2545 5572; x_wconf 89' lang='lat'><strong>6,</strong></span> <span class='ocrx_word' id='word_1_898' title='bbox 2584 5505 2783 5567; x_wconf 88' lang='lat' dir='ltr'><strong>Veron.</strong></span> <span class='ocrx_word' id='word_1_899' title='bbox 2813 5520 2869 5567; x_wconf 91' lang='lat' dir='ltr'><strong>et</strong></span> <span class='ocrx_word' id='word_1_900' title='bbox 2900 5510 3191 5583; x_wconf 89' lang='lat' dir='ltr'><strong>Corbeien,</strong></span> <span class='ocrx_word' id='word_1_901' title='bbox 3228 5518 3404 5586; x_wconf 83' lang='lat' dir='ltr'><strong>accipe</strong></span> <span class='ocrx_word' id='word_1_902' title='bbox 3433 5517 3569 5576; x_wconf 82' lang='lat' dir='ltr'><strong>litte-</strong></span> 
     </span>
    </p>
   </div>
   <div class='ocr_carea' id='block_1_116' title="bbox 1966 5598 3567 5679">
    <p class='ocr_par' dir='ltr' id='par_1_116' title="bbox 1966 5598 3567 5679">
     <span class='ocr_line' id='line_1_116' title="bbox 1966 5598 3567 5679; baseline 0.009 -27"><span class='ocrx_word' id='word_1_903' title='bbox 1966 5614 2055 5652; x_wconf 88' lang='lat' dir='ltr'><strong>ras</strong></span> <span class='ocrx_word' id='word_1_904' title='bbox 2071 5609 2204 5666; x_wconf 88' lang='lat' dir='ltr'><strong>tuas,</strong></span> <span class='ocrx_word' id='word_1_905' title='bbox 2236 5608 2290 5654; x_wconf 90' lang='lat' dir='ltr'><strong>et</strong></span> <span class='ocrx_word' id='word_1_906' title='bbox 2318 5599 2388 5653; x_wconf 87' lang='lat' dir='ltr'><strong>ita</strong></span> <span class='ocrx_word' id='word_1_907' title='bbox 2426 5599 2484 5656; x_wconf 91' lang='grc'><strong>8.</strong></span> <span class='ocrx_word' id='word_1_908' title='bbox 2516 5598 2850 5658; x_wconf 85' lang='lat' dir='ltr'><strong>Gaudentius</strong></span> <span class='ocrx_word' id='word_1_909' title='bbox 2881 5604 2931 5660; x_wconf 92' lang='lat' dir='ltr'><strong>in</strong></span> <span class='ocrx_word' id='word_1_910' title='bbox 2963 5605 3140 5662; x_wconf 85' lang='lat' dir='ltr'><strong>Serm.</strong></span> <span class='ocrx_word' id='word_1_911' title='bbox 3168 5623 3317 5677; x_wconf 83' lang='lat' dir='ltr'><strong>xvttt,</strong></span> <span class='ocrx_word' id='word_1_912' title='bbox 3348 5625 3401 5679; x_wconf 95' lang='lat' dir='ltr'><strong>p.</strong></span> <span class='ocrx_word' id='word_1_913' title='bbox 3437 5610 3567 5667; x_wconf 88' lang='lat'><strong>202.</strong></span> 
     </span>
    </p>
   </div>
   <div class='ocr_carea' id='block_1_117' title="bbox 2043 5689 3571 5764">
    <p class='ocr_par' dir='ltr' id='par_1_117' title="bbox 2043 5689 3571 5764">
     <span class='ocr_line' id='line_1_117' title="bbox 2043 5689 3571 5764; baseline 0.009 -21"><span class='ocrx_word' id='word_1_914' title='bbox 2043 5689 2206 5744; x_wconf 89' lang='lat' dir='ltr'><strong>Marc.</strong></span> <span class='ocrx_word' id='word_1_915' title='bbox 2235 5703 2354 5759; x_wconf 88' lang='lat' dir='ltr'><strong>cap.</strong></span> <span class='ocrx_word' id='word_1_916' title='bbox 2384 5706 2464 5756; x_wconf 91' lang='grc' dir='ltr'>ιιι,</span> <span class='ocrx_word' id='word_1_917' title='bbox 2497 5690 2591 5760; x_wconf 89' lang='grc'><strong>27,</strong></span> <span class='ocrx_word' id='word_1_918' title='bbox 2621 5692 2846 5762; x_wconf 87' lang='lat' dir='ltr'><strong>Veron.,</strong></span> <span class='ocrx_word' id='word_1_919' title='bbox 2882 5696 3004 5752; x_wconf 91' lang='lat' dir='ltr'><strong>Mm.</strong></span> <span class='ocrx_word' id='word_1_920' title='bbox 3050 5707 3102 5752; x_wconf 92' lang='lat' dir='ltr'><strong>ct</strong></span> <span class='ocrx_word' id='word_1_921' title='bbox 3147 5697 3413 5764; x_wconf 83' lang='lat' dir='ltr'><strong>Brixiau.,</strong></span> <span class='ocrx_word' id='word_1_922' title='bbox 3444 5701 3571 5756; x_wconf 83' lang='lat' dir='ltr'><strong>alti-</strong></span> 
     </span>
    </p>
   </div>
   <div class='ocr_carea' id='block_1_118' title="bbox 1971 5783 3568 5867">
    <p class='ocr_par' dir='ltr' id='par_1_118' title="bbox 1971 5783 3568 5867">
     <span class='ocr_line' id='line_1_118' title="bbox 1971 5783 3568 5867; baseline 0.012 -32"><span class='ocrx_word' id='word_1_923' title='bbox 1971 5783 2183 5855; x_wconf 83' lang='lat' dir='ltr'><strong>gaverit,</strong></span> <span class='ocrx_word' id='word_1_924' title='bbox 2224 5791 2277 5838; x_wconf 89' lang='lat' dir='ltr'><strong>et</strong></span> <span class='ocrx_word' id='word_1_925' title='bbox 2319 5784 2387 5837; x_wconf 87' lang='lat' dir='ltr'><strong>ita</strong></span> <span class='ocrx_word' id='word_1_926' title='bbox 2417 5785 2476 5842; x_wconf 91' lang='lat' dir='ltr'><strong>S.</strong></span> <span class='ocrx_word' id='word_1_927' title='bbox 2512 5790 2828 5847; x_wconf 75' lang='lat' dir='ltr'><strong>Ambrosius</strong></span> <span class='ocrx_word' id='word_1_928' title='bbox 2859 5791 2915 5847; x_wconf 90' lang='lat' dir='ltr'><strong>in</strong></span> <span class='ocrx_word' id='word_1_929' title='bbox 2945 5791 3186 5862; x_wconf 78' lang='lat' dir='ltr'><strong>Exposit.</strong></span> <span class='ocrx_word' id='word_1_930' title='bbox 3224 5793 3425 5867; x_wconf 81' lang='lat' dir='ltr'><strong>Evang.</strong></span> <span class='ocrx_word' id='word_1_931' title='bbox 3456 5813 3568 5854; x_wconf 90' lang='lat' dir='ltr'><strong>sec.</strong></span> 
     </span>
    </p>
   </div>
   <div class='ocr_carea' id='block_1_119' title="bbox 1974 5876 2594 5950">
    <p class='ocr_par' dir='ltr' id='par_1_119' title="bbox 1974 5876 2594 5950">
     <span class='ocr_line' id='line_1_119' title="bbox 1974 5876 2594 5950; baseline 0.006 -16"><span class='ocrx_word' id='word_1_932' title='bbox 1974 5876 2106 5934; x_wconf 88' lang='lat' dir='ltr'><strong>Luc.</strong></span> <span class='ocrx_word' id='word_1_933' title='bbox 2134 5877 2226 5935; x_wconf 86' lang='lat' dir='ltr'><strong>lib.</strong></span> <span class='ocrx_word' id='word_1_934' title='bbox 2263 5896 2319 5949; x_wconf 88' lang='grc' dir='ltr'><strong>ιι,</strong></span> <span class='ocrx_word' id='word_1_935' title='bbox 2349 5895 2401 5950; x_wconf 88' lang='lat' dir='ltr'><strong>p.</strong></span> <span class='ocrx_word' id='word_1_936' title='bbox 2436 5881 2594 5938; x_wconf 85' lang='grc'>1507.</span> 
     </span>
    </p>
   </div>
  </div>
