3968 6332
438 304 533 386 iit

1798 296 2333 367 PROLEGOMENA.

3641 303 3741 361 152

507 432 666 487 Marc.
700 442 821 498 cap.
854 442 931 494 ιιι,
965 424 1061 491 55,
1091 428 1232 493 post,
1276 433 1445 484 soror,
1473 416 1651 484 deest,
1683 432 1817 483 inea,
1848 416 1900 471 in
1932 415 2035 470 Vc-
2059 418 2115 482 Α
2136 417 2225 487 qui
2250 427 2325 475 est
2345 418 2398 471 in
2414 416 2572 473 cretis.
2600 415 2763 477 Forte
2795 416 2898 475 hoc
2914 427 3288 481 uestimentum
3311 417 3557 474 exstabat
3579 424 3737 489 etiam

433 543 554 595 run.
580 536 633 582 ct
667 522 907 583 Brixian.
940 531 995 575 et
1025 520 1094 576 ita
1124 516 1176 572 in
1199 514 1402 573 Graecis
1443 512 1720 585 plerisque
1757 510 2033 581 exeinpla-

430 622 603 687 ribus,
625 619 755 676 etin
789 634 894 673 uno
918 615 1116 686 reginae
1139 612 1437 670 Succorum
1468 623 1571 663 ms.
1597 606 1756 677 libro,
1786 606 1957 667 relato
1978 604 2033 660 in

430 714 542 770 div.
570 713 707 767 Bibl.
740 711 798 767 S.
835 706 1166 780 Hieronymi.

502 807 665 862 Marc.
689 820 809 875 cap.
831 819 883 871 ιι,
917 803 1002 869 17,
1038 798 1238 856 Veron.
1271 810 1613 870 prwcurrens,
1643 801 1696 848 et
1726 791 1797 848 ita
1827 789 1885 847 8.
1916 788 2032 849 Au-

425 900 675 974 gustinus
698 899 753 952 in
772 896 1003 964 Speculo
1026 892 1095 947 de
1117 889 1412 962 Evangelia
1440 884 1739 951 secundum
1768 883 2029 948 Marcum,

427 992 581 1048 Tom.
614 1007 692 1057 ιιι,
729 992 873 1045 l'art.
904 1003 942 1050 ι,
980 1004 1031 1057 μ.
1068 984 1192 1041 765.

496 1084 690 1139 Matth.
724 1097 846 1152 cap.
874 1095 1035 1145 xxw,
1059 1078 1154 1143 51,
1183 1076 1381 1132 Veron.
1410 1074 1534 1130 huic
1565 1070 1836 1129 versiculo
1857 1067 2028 1136 addit,

425 1177 553 1233 Cum
592 1174 839 1247 eruperint
867 1180 1038 1229 autem
1060 1170 1168 1225 lucc
1197 1168 1336 1239 ﬁeri,
1366 1166 1624 1239 respicite,
1662 1174 1710 1223 et
1743 1165 1901 1217 levate
1945 1176 2032 1213 ca-

425 1270 533 1341 pita
589 1278 781 1333 vestra,
842 1264 1087 1336 quoniam
1147 1260 1421 1333 adpropiat
1486 1256 1771 1331 rederttptia
1839 1262 2025 1310 vestra.

424 1364 655 1418 Sanctus
676 1358 850 1415 Lucas
871 1356 1048 1426 capite
1077 1371 1187 1422 ut,
1221 1352 1493 1411 versiculo
1516 1352 1610 1414 28,
1641 1362 1696 1406 et
1724 1359 1876 1409 vetus
1899 1348 2033 1405 Mat-

425 1452 551 1508 thaei
578 1451 748 1508 codex
777 1449 1239 1520 Cantabrigiensis
1263 1445 1607 1505 Graeco-Lat.
1642 1442 1783 1516 apud
1806 1442 1913 1498 Mil.
1944 1440 2032 1496 hic

423 1544 629 1601 addunt
657 1545 924 1610 similiter,
962 1543 1058 1599 llis
1086 1552 1259 1603 autem
1299 1540 1412 1609 fieri
1453 1538 1836 1609 incipientibus,
1864 1534 2033 1602 respi-

420 1641 538 1707 cite,
562 1648 609 1694 et
638 1640 797 1695 levate
821 1638 991 1708 capita
1011 1644 1201 1703 vestra,
1232 1633 1478 1705 quoniam
1520 1628 1902 1702 appropinquat
1943 1642 2028 1680 re-

423 1734 649 1807 demptio
672 1743 857 1793 vestra.

2140 512 2192 565 in
2223 509 2503 567 codicibus
2551 510 2960 577 Atnbrusianis;
3008 527 3130 567 nam
3171 513 3227 569 8.
3269 513 3609 573 Ambrosius.
3650 528 3740 567 es-

2135 620 2346 676 ponens
2390 606 2532 662 hunc
2560 606 2738 665 locum
2780 605 3036 671 Manlian,
3066 621 3187 678 cap.
3214 622 3270 671 ι,
3299 605 3389 671 55,
3428 606 3505 662 ait
3531 624 3545 659 :
3575 606 3740 676 Atque

2136 699 2209 752 ita
2246 701 2494 772 scriptum
2522 710 2622 767 est,
2650 716 2754 755 non
2779 700 2948 757 solum
2973 700 3026 754 in
3059 716 3117 753 eo
3158 699 3310 765 libro,
3348 699 3436 769 qui
3462 698 3739 755 secundum

2138 788 2442 847 Hattlueum
2469 793 2731 858 scribitur,
2761 790 3029 866 Evangelii
3055 790 3268 846 Domini
3292 790 3327 845 J
3334 808 3443 859 esu,
3473 791 3565 846 sed
3590 792 3739 847 etiam

2135 887 2190 942 in
2215 904 2276 941 eo
2305 887 2486 943 lectum
2515 899 2613 955 est,
2652 905 2800 957 quem
2823 889 3107 943 secundum
3128 885 3325 941 Lucam
3344 888 3662 958 reperimus;
3689 895 3742 941 ut

2134 984 2288 1045 scias,
2321 999 2421 1037 non
2444 983 2602 1039 otiose
2622 983 2678 1037 id
2699 984 2932 1053 posuisse
2956 991 3241 1047 utrumque.

2207 1075 2399 1131 Matth.
2429 1091 2550 1146 cap.
2578 1092 2633 1144 ι,
2664 1074 2757 1141 29,
2794 1076 3061 1131 Veronen.
3085 1074 3256 1139 addit,
3285 1073 3371 1145 qui
3400 1080 3473 1128 est
3505 1072 3558 1126 in
3579 1072 3738 1136 cretis,

2135 1177 2192 1224 et
2222 1169 2292 1223 ita
2317 1167 2374 1224 8.
2406 1168 2643 1227 [renatus
2671 1166 2725 1223 in
2759 1168 2851 1224 lib.
2898 1183 2928 1225 ν
2956 1176 3143 1223 contra
3179 1166 3426 1223 Haerescs
3446 1207 3460 1233 ,
3491 1181 3614 1237 cap.
3646 1164 3738 1235 22,

2138 1262 2273 1319 Cod.
2309 1261 2620 1328 Corbeien.,
2653 1263 2743 1334 qui
2773 1264 2827 1319 in
2848 1263 2987 1319 calis
3014 1272 3104 1321 est.

2205 1356 2366 1411 Joan.
2407 1371 2528 1428 cap.
2561 1372 2660 1423 xu,
2707 1356 2799 1421 25,
2835 1356 2890 1411 in
2922 1356 3120 1412 Veron.
3142 1365 3281 1425 post,
3303 1356 3541 1412 animum
3568 1372 3740 1423 suam,

2138 1450 2312 1519 primo
2353 1449 2473 1504 loco
2514 1449 2748 1511 additur.
2791 1449 2844 1509 in
2884 1449 2978 1505 hoc
3018 1448 3233 1504 mundo.
3269 1448 3328 1505 In
3372 1449 3430 1505 S.
3471 1449 3743 1522 Cypriane

2135 1552 2312 1596 autem
2344 1560 2395 1614 p.
2430 1543 2547 1609 199,
2579 1544 2700 1607 557,
2729 1541 2834 1598 516
2860 1552 2916 1599 et
2939 1540 3067 1608 518,
3096 1542 3149 1596 in
3176 1542 3271 1596 ltoc
3302 1542 3516 1605 saeculo.

2207 1635 2339 1690 Luc.
2391 1651 2491 1705 cap
2550 1651 2642 1696 vn,
2697 1636 2784 1701 11,
2816 1636 2869 1689 in
2922 1634 3123 1690 Veron.
3157 1644 3279 1705 post
3324 1635 3570 1699 verbum,
3603 1637 3739 1707 ejus,

2134 1728 2374 1793 additur,
2402 1728 2569 1783 ntulti.
2600 1730 2661 1784 τό
2683 1728 2865 1791 multi,
2892 1727 3176 1798 irrepsisse
3205 1726 3420 1784 videtur
3458 1742 3527 1783 ex
3559 1743 3611 1780 v.
3654 1726 3740 1780 12.

490 1828 678 1883 Matth.
712 1843 832 1897 cap.
877 1841 1023 1889 XXVI,
1055 1824 1150 1889 27,
1192 1820 1423 1887 Veron.,
1454 1819 1689 1891 accipite,
1718 1828 1766 1872 et
1795 1815 1944 1872 bibite
1969 1829 2033 1869 ea:
2063 1814 2112 1877 B
2144 1820 2275 1877 Vide
2302 1820 2522 1876 Millium
2556 1821 2607 1875 in
2637 1820 2847 1892 proleg.
2883 1835 3000 1893 pag.
3034 1818 3128 1885 46,
3156 1820 3265 1875 col,
3297 1821 3351 1875 1,

418 1925 537 1990 hoc,
575 1933 632 1977 et
676 1923 747 1979 ita
789 1922 847 1976 S.
880 1918 1202 1977 Ambrosius
1248 1916 1301 1971 in
1334 1914 1428 1971 lib.
1470 1929 1522 1971 tv
1575 1913 1644 1968 dc
1685 1911 2025 1968 Sacrament.

417 2033 539 2088 cap.
572 2018 627 2083 5,
659 2032 712 2087 p.
758 2015 891 2071 571.

490 2112 677 2169 Matth.
702 2126 821 2181 cap.
846 2123 999 2175 sui,
1022 2108 1113 2171 55,
1143 2104 1339 2161 Veron.
1365 2100 1681 2160 etBrisian.
1712 2112 1784 2153 su
1839 2094 2027 2160 millia,

422 2207 479 2269 S.
516 2208 847 2279 Augustinus
894 2204 948 2259 in
978 2201 1075 2259 lib.
1121 2202 1188 2256 de
1212 2199 1417 2267 Spiritu
1464 2207 1514 2251 et
1566 2193 1790 2256 Littera,
1835 2204 1954 2261 cap.
1990 2203 2027 2253 ι,

420 2310 553 2363 tum.
583 2298 631 2353 X
653 2340 671 2366 ,
705 2312 827 2369 pag.
857 2295 952 2362 85,
977 2292 1142 2365 Leges
1176 2289 1399 2362 (inquit)
1433 2287 1585 2342 etiam
1616 2282 1888 2339 duodecim
1914 2280 2033 2334 mil-

416 2395 488 2449 lia
527 2393 751 2467 legianes
777 2388 1081 2462 angelorum
1123 2401 1217 2458 pro
1247 2382 1473 2447 Christo,
1505 2396 1570 2435 ne
1593 2387 1875 2446 pateretur,
1930 2390 2030 2447 pu-

414 2505 576 2563 gnare
614 2488 872 2561 potuisse,
900 2500 991 2538 nec
1023 2492 1193 2539 tamen
1216 2480 1431 2552 factum.
1467 2474 1601 2533 Item
1627 2486 1746 2542 cap.
1781 2468 1874 2535 55,
1907 2482 2027 2538 pag.

418 2584 544 2649 121,
573 2583 683 2639 ait:
730 2579 873 2636 Hinc
901 2593 965 2633 ea;
991 2574 1297 2646 Evangelia,
1327 2580 1377 2627 et
1400 2586 1466 2626 ea:
1498 2566 1634 2641 Lege
1673 2565 1910 2638 quaedam
1932 2576 2029 2634 po-

415 2678 611 2731 suimus
638 2676 689 2731 in
716 2666 964 2729 sermonis
992 2669 1148 2742 hujus
1178 2663 1412 2727 exordio,
1435 2662 1589 2716 sicuts
1613 2660 1676 2715 de
1690 2656 1871 2712 cameli
1889 2664 2033 2709 tran-

411 2773 510 2833 situ
542 2786 634 2847 per
657 2768 891 2840 foramen
920 2781 1066 2829 acus,
1105 2771 1151 2818 et
1183 2762 1247 2816 de
1274 2758 1547 2813 duodecim
1589 2754 1816 2815 millibus
1872 2751 2034 2822 legio-

415 2881 537 2919 num
564 2863 884 2941 angelorum,
915 2858 1007 2930 qui
1061 2862 1356 2926 potuerunt,
1407 2850 1453 2904 si
1480 2848 1909 2941 vellet,ipugnare
1938 2856 2033 2911 pro

415 2940 790 3013 Christo.......
823 2968 938 3028 qua:
961 2951 1134 3007 omnia
1161 2951 1299 3021 facta
1327 2962 1431 3005 non
1460 2952 1599 3005 sunt.
1629 2940 1764 2997 Vide
1808 2947 1939 2994 tom.
1973 2950 2029 3001 ι,

418 3050 568 3107 Ειιίι.
599 3048 832 3105 Maurin.
863 3061 920 3120 p.
952 3044 1024 3100 85
1056 3052 1109 3098 et
1139 3041 1266 3097 121.

490 3142 620 3199 Luc.
670 3154 792 3209 cap.
823 3117 880 3203 t,‘
906 3137 961 3203 5,
995 3133 1266 3188 Veronen.
1308 3129 1512 3185 Placuit
1544 3136 1591 3183 et
1638 3121 1783 3190 mihi,
1823 3129 1869 3177 et
1901 3117 2030 3189 Spi-

415 3235 541 3291 ritui
563 3200 778 3290 Sancto.
828 3200 894 3284 Et
924 3200 995 3283 ita
1015 3226 1211 3282 vetusti
1244 3224 1462 3292 quidam
1503 3217 1676 3276 Grzcci
1707 3214 1857 3280 libri,
1879 3210 2029 3278 Εδοξε
2060 3200 2107 3265 C

416 3331 570 3408 κᾲμοὶ
624 3330 712 3383 καὶ
738 3332 813 3399 τῷ
848 3323 1105 3394 Πνεύματι
1134 3317 1283 3392 ἁγίῳ,
1339 3318 1440 3369 hoc
1479 3321 1583 3377 est,
1610 3310 1775 3365 visum
1805 3314 1854 3361 et
1881 3304 2027 3371 mihi,

416 3403 468 3480 et
496 3422 721 3495 Spiritui
750 3420 967 3474 Sancto.
1001 3413 1129 3471 Haec
1157 3410 1297 3466 forte
1319 3426 1347 3463 a
1379 3403 1712 3463 Marcionitis
1738 3407 2027 3472 expuncto,

416 3519 508 3590 qui
539 3530 743 3588 partem
766 3508 1049 3581 Evangelii
1074 3505 1234 3561 Lucae
1258 3501 1625 3564 admittentes,
1645 3504 1854 3569 partem
1871 3508 2031 3590 repu-

416 3585 659 3667 diabant.
688 3604 888 3662 Contra
920 3604 1066 3674 ipsos
1091 3598 1201 3669 agit
1222 3595 1280 3652 S.
1314 3594 1459 3651 lren.
1493 3594 1545 3649 in
1576 3591 1673 3646 lib.
1704 3602 1911 3657 m,cap.
1935 3585 2028 3640 14.

490 3706 623 3762 Luc.
652 3718 773 3772 cap.
805 3717 845 3766 t,
876 3699 970 3764 51,
997 3695 1229 3761 Veron.,
1262 3690 1397 3746 Ecce
1417 3687 1611 3743 ancilla
1644 3683 1877 3748 Domini,
1906 3696 2030 3734 con-

417 3801 580 3871 tingat
623 3794 749 3850 mitti
796 3790 1074 3849 secundum
1112 3785 1322 3841 verbum
1362 3795 1529 3836 tuum.
1578 3778 1731 3833 llunc
1779 3772 2029 3831 ordinem

418 3869 617 3963 pariter
647 3897 865 3951 servant
899 3883 1079 3940 versio
1130 3879 1373 3950 Syriaca,
1411 3872 1666 3933 Arabica.
1700 3869 1942 3963 Persica,
1973 3876 2031 3923 et

418 3962 750 4055 Ethiopica,
774 3995 877 4036 nec
902 3992 1010 4033 non
1032 3975 1089 4031 S.
1118 3967 1436 4028 Ambrosius
1466 3968 1517 4021 in
1552 3964 1799 4035 Exposit.
1824 3962 2031 4031 Evang.

415 4078 641 4137 Second.
674 4076 806 4133 Luc.
850 4071 988 4130 Cod.
1026 4068 1177 4124 corb.
1210 4080 1372 4123 versu
1416 4063 1483 4119 58
1505 4101 1521 4130 ,
1555 4061 1738 4123 habet,
1767 4056 2031 4125 contingat

417 4171 563 4225 mihi.
620 4169 687 4222 Et
715 4169 785 4220 ita
815 4166 870 4220 8.
905 4160 1094 4219 Ambr.
1129 4159 1182 4213 in
1223 4156 1397 4226 Epist.
1432 4154 1597 4210 class.
1639 4153 1691 4212 1.
1736 4165 1854 4221 pag.
1898 4147 2025 4203 967.

489 4262 621 4318 Luc.
662 4273 780 4328 cap.
808 4272 863 4324 κ,
896 4257 948 4322 1,
977 4252 1178 4310 Veron.
1221 4258 1276 4305 et
1318 4247 1490 4311 Bris.,
1525 4242 1827 4314 Designavit
1859 4251 2029 4297 autem

415 4367 463 4413 et
494 4355 625 4419 alios
647 4350 995 4422 septuaginta.
1026 4346 1214 4403 Graeca
1242 4356 1456 4414 quoque
1484 4337 1815 4406 exemplaria
1840 4350 2027 4407 quam.

417 4451 592 4520 plura,
614 4446 838 4519 Syriaca
866 4441 1070 4507 versio,
1101 4434 1346 4508 Coptica,
1381 4431 1633 4498 Arabica,
1665 4429 1722 4485 S.
1765 4429 2024 4495 tremens,

332 4546 337 4551 ’
417 4545 475 4601 8.
526 4538 865 4603 Ambrosius,
915 4532 1303 4597 Tertullianus,
1356 4527 1556 4599 aliique
1606 4524 1786 4591 multi,
1839 4525 2029 4598 legunt

414 4639 715 4700 dumtaxat,
746 4628 1092 4703 septuaginta,
1129 4640 1262 4691 non,
1301 4621 1632 4694 septuaginta
1662 4620 1810 4677 duos.
1856 4618 2023 4672 [idem

414 4732 491 4787 illi
521 4740 723 4786 tamen.
748 4725 839 4796 qni
867 4723 919 4779 in
948 4717 1099 4779 libris
1128 4717 1241 4773 suis
1274 4714 1538 4779 habuere,
1568 4711 1918 4785 septuaginta,
1950 4711 2028 4764 ta-

418 4827 597 4878 tentur
625 4815 921 4890 discipulos
953 4811 1123 4869 fuisse
1162 4808 1303 4864 duos
1340 4813 1399 4865 et
1448 4807 1820 4875 septuaginta;
1860 4811 1917 4856 ut
1945 4803 2023 4855 vi-

417 4917 546 4971 dere
565 4924 651 4973 est
673 4911 812 4984 apud
839 4910 965 4967 Var.
995 4907 1143 4963 Lect.
1176 4903 1287 4959 Mil.
1316 4894 2024 4966 hic,etMaldonat.ctGro-

417 5011 573 5075 tium,
591 5024 642 5063 et
668 5006 958 5064 Seldenum
988 5002 1043 5057 in
1070 5000 1165 5055 lib.
1187 5013 1226 5052 ιι
1246 4995 1314 5051 de
1336 4993 1812 5067 Synedriiscap.9,
1832 4999 1935 5046 art.
1965 4990 2020 5045 8.

486 5102 618 5159 Luc.
664 5114 785 5168 cap.
832 5112 907 5163 ιι,
929 5097 986 5161 4,
1019 5092 1221 5157 Veron.
1250 5098 1308 5146 et
1350 5083 1645 5142 Corheien.
1678 5082 1905 5149 addunt,
1933 5082 2025 5138 sed

416 5193 575 5250 libera
603 5207 696 5257 nos
725 5206 758 5244 a
782 5188 936 5243 malo.
969 5183 1203 5243 Vindob.
1231 5189 1286 5237 et
1307 5177 1546 5234 Brixian.
1579 5175 1670 5232 sed
1708 5176 1848 5249 eripe
1881 5173 2023 5246 (Bri-

414 5286 587 5357 xian.)
610 5301 734 5343 erue
753 5299 843 5338 nos
865 5298 895 5334 a
910 5280 1063 5335 malo.
1088 5276 1263 5335 Grazci
1289 5288 1505 5355 quoque
1528 5269 1877 5345 quamplures
1899 5267 2017 5324 libri

415 5393 526 5437 tum
554 5379 704 5444 editi,
738 5385 849 5430 tum
880 5387 1042 5429 manu
1067 5368 1275 5427 exarati
1314 5367 1521 5439 legunt,
1560 5364 1651 5419 sed
1678 5362 1839 5419 libera
1868 5377 1962 5417 nos
1988 5378 2022 5427 ᾳ

414 5474 571 5531 malo.
637 5470 859 5540 Vulgata
902 5476 1104 5525 tamen,
1148 5462 1477 5533 plurimique
1543 5457 1759 5514 codices
1800 5455 2022 5527 optimas

414 5577 557 5622 notae
585 5563 701 5619 lucc
728 5559 889 5617 verba
923 5554 1218 5610 omittunt:
1266 5568 1372 5624 qua
1401 5550 1470 5617 de
1510 5564 1571 5607 re
1597 5546 1862 5613 videndus
1906 5543 2020 5600 Mil.

414 5657 542 5714 Var.
574 5655 726 5710 Lect.
760 5652 868 5716 hic,
894 5660 946 5706 et
971 5648 1030 5704 S.
1056 5645 1412 5717 Augustinus.

488 5752 615 5806 an.
659 5762 781 5818 cap.
831 5760 928 5811 xit,
972 5741 1026 5805 9,
1062 5737 1262 5795 Veron.
1299 5735 1400 5805 Qui
1429 5746 1597 5792 autem
1642 5734 1897 5805 negaverit
1943 5748 2023 5787 me

416 5861 588 5901 Corum
619 5839 932 5907 hominibus,
957 5831 1150 5907 negabo
1172 5840 1218 5888 et
1239 5846 1333 5902 ego
1361 5843 1477 5885 eum
1502 5845 1677 5885 coram
1700 5826 1860 5883 Patre
1885 5843 2020 5895 meo,

2207 1914 2372 1971 Marc.
2422 1929 2542 1987 cap.
2596 1930 2671 1981 ix,
2722 1914 2815 1982 40,
2874 1913 2926 1969 in
2972 1912 3173 1992 Veron.
3222 1912 3344 1971 Gat.
3395 1922 3453 1970 et
3497 1913 3739 1969 Brixian.

2136 2019 2279 2077 post,
2327 2023 2496 2078 aqum,
2545 2006 2786 2073 additur,
2838 2005 3067 2081 frigidm.
3122 2005 3193 2063 Et
3237 2006 3314 2062 ita
3363 2006 3416 2062 in
3465 2006 3744 2077 aliquibus

2132 2100 2463 2159 editionibus
2488 2099 2548 2157 S.
2572 2100 2801 2173 August.
2835 2099 3056 2173 Spocul.
3089 2099 3157 2156 de
3186 2099 3389 2172 Evang.
3420 2115 3535 2158 sec.
3569 2101 3738 2157 Marc.
3836 2138 3843 2143 -

2209 2194 2398 2251 Matth.
2452 2209 2572 2263 cap.
2630 2210 2704 2260 xi,
2732 2192 2809 2261 ‘8,
2854 2193 3054 2250 Veron.
3109 2202 3164 2250 et
3211 2194 3450 2249 Brixian.
3495 2194 3744 2250 mollibus

2133 2289 2447 2347 vestimentis
2494 2287 2775 2343 indutum?
2802 2297 2858 2344 et
2904 2288 2976 2345 ita
3014 2287 3073 2345 8.
3119 2287 3443 2345 Ambrosius
3470 2287 3526 2344 in
3554 2288 3653 2349 lib.
3707 2304 3744 2343 ν

2138 2383 2402 2439 tlcxaem.
2431 2396 2552 2452 cap.
2576 2382 2670 2449 25,
2698 2399 2753 2452 p.
2786 2381 2911 2439 109.

2208 2474 2398 2529 Matth.
2427 2490 2545 2544 cap.
2584 2490 2671 2538 xv,
2701 2474 2794 2542 52,
2836 2475 2888 2529 in
2924 2473 3123 2531 Veron.
3156 2484 3210 2531 et
3255 2474 3543 2531 Corbeien.
3587 2484 3741 2543 ante,

2136 2571 2191 2622 in
2221 2568 2369 2623 Brix.
2401 2582 2531 2623 vero
2581 2580 2700 2637 post
2732 2583 2943 2636 vocem,
2992 2569 3175 2634 turbce,
3221 2568 3457 2635 additur,
3505 2568 3646 2623 huic.
3682 2569 3744 2624 ln

2136 2662 2193 2718 S.
2221 2661 2410 2718 Ambr.
2440 2663 2476 2717 l.
2509 2678 2538 2715 ν
2580 2662 2841 2719 tlexacm.
2867 2678 2918 2718 c.
2947 2662 3037 2727 25,
3063 2678 3116 2734 p.
3149 2660 3526 2734 114,1egitur,
3553 2661 3740 2734 hujus.

2210 2754 2398 2811 Matth.
2429 2769 2548 2824 cap.
2582 2771 2733 2821 xvut,
2763 2754 2856 2818 20,
2888 2754 3088 2810 Veron.
3136 2763 3191 2811 et
3238 2754 3569 2821 Vercellen.,
3594 2755 3666 2809 ibi
3695 2765 3744 2809 ct

2136 2864 2251 2921 ego.
2300 2849 2370 2905 Et
2416 2847 2488 2909 ita
2537 2848 2885 2907 S.'Ambros.
2927 2850 2980 2903 in
3014 2848 3107 2903 lib.
3139 2848 3206 2904 de
3233 2848 3505 2921 Mysteriis
3531 2863 3652 2919 cap.
3681 2850 3740 2918 5,

2141 2958 2260 3012 pag.
2312 2939 2441 3006 552,
2490 2950 2546 2997 et
2592 2940 2797 3006 Victor.
2856 2940 3063 2997 Vitens.
3118 2940 3320 2999 Histor.
3372 2939 3543 2996 Vand.
3595 2940 3741 2997 Edit.

2138 3034 2301 3090 Ruin.
2336 3049 2390 3107 p.
2445 3034 2537 3095 56.
2587 3034 2712 3090 cod.
2746 3032 2912 3095 Corb.
2964 3033 3143 3099 habet.
3186 3034 3257 3093 ibi
3300 3050 3412 3106 ego.
3448 3034 3515 3093 Et
3560 3033 3635 3088 ita
3679 3033 3743 3089 S.

2139 3126 2396 3185 Ambros.
2447 3127 2499 3181 in
2532 3126 2626 3184 lib.
2674 3142 2733 3193 ιι,
2777 3126 2845 3183 de
2871 3126 3003 3183 Cain
3036 3134 3093 3183 et
3121 3127 3253 3183 Abel
3280 3142 3399 3196 cap.
3434 3126 3490 3195 2,
3526 3142 3580 3197 p.
3608 3125 3741 3195 208,

2137 3230 2193 3277 et
2246 3222 2298 3277 in
2350 3220 2519 3291 Epist.
2574 3220 2643 3277 65
2698 3221 2860 3292 prim.
2921 3222 3079 3281 class.
3130 3238 3184 3295 p.
3218 3221 3380 3290 1025,
3426 3222 3552 3284 cod.
3601 3223 3746 3281 San-

2137 3314 2349 3379 Germ.,
2382 3314 2453 3369 ibi
2483 3331 2595 3368 sttm
2629 3326 2673 3368 et
2700 3330 2813 3386 ego.

2211 3407 2400 3464 Matth.
2429 3421 2547 3477 cap.
2577 3422 2667 3471 xx,
2700 3407 2792 3473 25,
2824 3408 2875 3462 in
2903 3406 3128 3474 Veron.,
3154 3408 3458 3465 Vercellen.
3506 3418 3567 3466 et
3607 3407 3747 3466 Cor-

2138 3499 2320 3557 lieien.
2351 3499 2589 3566 additur,
2618 3499 2791 3555 Jesus.
2826 3501 2891 3557 Et
2944 3500 3018 3557 ita
3064 3502 3119 3559 in
3162 3501 3220 3558 S.
3250 3500 3507 3559 Ambros.
3559 3503 3659 3560 lib.
3709 3520 3747 3562 γ

2136 3594 2203 3649 de
2230 3593 2361 3649 Fide
2386 3608 2506 3663 cap.
2539 3594 2594 3660 5,
2629 3609 2682 3663 p.
2714 3593 2839 3649 562.

2208 3687 2397 3742 Matth.
2446 3702 2565 3757 cap.
2596 3703 2647 3753 ν,
2679 3688 2771 3755 48,
2821 3688 2872 3742 in
2916 3687 3121 3744 Veron.
3167 3698 3223 3744 et
3267 3689 3741 3748 San-Germanen.

2138 3788 2282 3850 post,
2330 3796 2474 3849 ergo,
2520 3779 2758 3847 additur,
2792 3789 2859 3845 et,
2889 3780 3029 3839 sicut
3055 3780 3107 3835 in
3165 3780 3224 3837 S.
3257 3780 3511 3837 Ambros.
3547 3783 3651 3839 tib.
3689 3800 3745 3840 ιιι

2136 3874 2203 3930 de
2230 3872 2388 3930 Oilic.
2423 3873 2653 3930 Ministr.
2684 3889 2803 3944 cap.
2837 3873 2890 3939 2,
2923 3890 2976 3947 p.
3010 3874 3133 3931 110.

2208 3967 2400 4024 Matth.
2429 3981 2550 4038 cap.
2583 3983 2679 4034 vn,
2706 3968 2797 4034 15,
2831 3965 3033 4023 Veron.
3079 3977 3135 4025 et
3161 3968 3559 4025 Stin-German.
3593 3979 3743 4040 post,

2135 4061 2402 4126 attendite,
2449 4060 2674 4125 addunt,
2725 4059 2887 4117 vobis.
2938 4059 3003 4116 Et
3054 4063 3125 4121 ita
3174 4060 3402 4117 Tertull.
3438 4076 3558 4131 pag.
3606 4061 3742 4130 205,

2134 4155 2238 4208 217
2285 4162 2340 4207 et
2381 4152 2522 4220 218;
2574 4152 2633 4210 S.
2681 4151 2933 4207 Ambros.
2986 4154 3038 4208 in
3085 4153 3176 4209 lib.
3225 4169 3266 4209 ιι
3325 4154 3394 4209 de
3422 4154 3569 4223 Spir.
3604 4152 3741 4210 San.

2135 4264 2253 4317 cap.
2292 4247 2378 4311 10,
2415 4265 2466 4317 p.
2497 4246 2699 4314 655,et
2721 4247 2777 4303 in
2808 4248 3252 4305 lib.v1tlexacm.
3287 4264 3405 4319 cap.
3438 4249 3492 4317 6,
3518 4265 3570 4321 p.
3612 4252 3741 4317 127,

2136 4350 2189 4395 et
2207 4354 2325 4409 eap.
2356 4338 2413 4405 8,
2445 4357 2498 4410 p.
2530 4338 2654 4397 152.

2207 4433 2397 4488 Matth.
2427 4449 2547 4503 cap.
2579 4448 2693 4491 vm.
2723 4432 2814 4500 20,
2845 4433 3119 4495 Veronen.
3155 4433 3458 4490 Vercellen.
3499 4442 3557 4491 et
3599 4434 3748 4491 Sau-

2135 4526 2391 4582 German.
2425 4535 2583 4596 caput
2611 4543 2782 4582 suum.
2817 4526 2881 4581 Et
2908 4529 2978 4582 ita
3019 4528 3077 4584 8.
3126 4526 3446 4583 Ambrosius
3476 4527 3742 4587 Hexacm.

2054 4599 2111 4661 Ῑ)
2136 4620 2228 4674 111).
2256 4634 2330 4683 vt,
2358 4633 2478 4693 cap.
2508 4620 2561 4687 8,
2594 4634 2712 4691 pag.
2745 4620 2867 4676 151.

2210 4710 2397 4765 Matth.
2449 4726 2569 4781 cap.
2623 4727 2701 4777 ix,
2756 4710 2843 4778 15,
2896 4711 2948 4764 in
3000 4709 3271 4767 Veroncn.
3323 4710 3636 4792 Vercellcn.
3689 4720 3749 4770 et

2135 4804 2603 4860 San-Germanen.
2633 4813 2772 4873 post,
2812 4804 3145 4877 jejunabunt,
3165 4804 3467 4869 additur,in
3483 4802 3595 4858 illis
3621 4805 3746 4860 die-

2138 4896 2253 4949 bus.
2278 4894 2345 4949 Et
2367 4895 2436 4949 ita
2462 4893 2590 4950 inS.
2619 4892 2809 4949 Ambr.
2845 4895 2938 4964 Ep.
2973 4894 3042 4952 52
3063 4894 3219 4971 prim.
3252 4895 3568 4967 class.,pag.
3604 4895 3743 4952 915.

2205 4987 2391 5043 Matth.
2423 5002 2540 5059 cap.
2590 5004 2704 5055 xxi,
2739 4990 2829 5055 57,
2878 4988 3080 5045 Veron.
3132 4990 3351 5060 forsitan
3397 4991 3743 5053 verebuntur,

2133 5085 2197 5141 Et
2227 5085 2299 5139 ita
2327 5082 2385 5141 S.
2417 5081 2739 5140 Ambrosius
2769 5082 2825 5138 in
2865 5083 2961 5139 lib.
2993 5100 3029 5138 ιι
3074 5084 3143 5139 de
3174 5084 3464 5143 Pmniteut.
3513 5099 3646 5156 cap.
3681 5102 3741 5150 v,

2130 5194 2184 5249 p.
2214 5174 2339 5232 424.
2372 5176 2429 5231 8.
2460 5174 2720 5242 lrenmus,
2763 5178 2898 5248 forte
2940 5176 3262 5237 verebuntur.
3308 5176 3599 5234 Corbeien.
3655 5195 3745 5233 ve-

2128 5270 2373 5324 rebuntur
2417 5270 2610 5340 utique.
2667 5268 2908 5324 Brixia".
2957 5270 3353 5335 reverebantur,
3403 5277 3462 5329 ut
3508 5269 3739 5339 quidam

2130 5365 2252 5421 cod.
2282 5363 2615 5423 Claromont.
2650 5364 2703 5419 in
2733 5363 2852 5423 loco
2885 5362 3103 5419 laudato
3127 5363 3186 5419 8.
3220 5360 3433 5419 Irenaei.

2200 5456 2355 5517 Joan.
2403 5470 2523 5525 Cap.
2557 5472 2638 5525 ιιι,
2688 5455 2778 5522 56,
2834 5455 3034 5512 Veron.
3078 5454 3322 5513 secundo
3370 5455 3491 5513 loco
3543 5457 3734 5529 habet,

2131 5548 2289 5605 vitam
2332 5557 2595 5604 aeternam.
2651 5548 2719 5604 Et
2772 5552 2842 5604 ita
2889 5548 3075 5611 multa:
3122 5549 3258 5604 edit.
3304 5547 3364 5604 S.
3412 5547 3732 5622 Augustini.

2201 5643 2359 5697 Joan.
2389 5657 2506 5713 cap.
2546 5657 2659 5708 xvr,
2682 5643 2771 5697 55.
2810 5642 3033 5709 Veron.,
3057 5641 3350 5698 Corbeien.
3374 5652 3428 5697 et
3455 5643 3733 5721 Brixian.,

2130 5736 2184 5789 in
2214 5737 2310 5789 hoc
2355 5743 2521 5790 autem
2562 5734 2774 5791 mundo.
2822 5735 2879 5792 8.
2911 5734 3216 5809 Cyprianus
3269 5733 3324 5789 in
3353 5732 3449 5790 lib.
3480 5736 3551 5793 de
3579 5737 3735 5796 Bono

2132 5825 2411 5882 Patientia:
2441 5841 2491 5896 p.
2520 5824 2647 5895 516,
2678 5828 2730 5892 in
2761 5827 2955 5885 mundo
2984 5838 3175 5885 autem.
