3976 6338
580 326 685 381 taa
1967 317 2501 377 puouzooueua.
3746 333 3808 391 1;,

577 445 590 488 τ
649 441 805 496 .loau.
835 455 952 511 cap.
984 455 1036 506 ιι,
1063 440 1151 504 57,
1179 438 1351 504 dccst,
1384 439 1502 502 mei,
1552 437 1603 492 iu
1642 437 1912 494 Veroucu.
1949 448 2003 492 et
2033 438 2138 494 Ver
2189 438 2241 496 Α
2269 438 2382 492 sius
2412 437 2464 492 in
2509 437 2760 509 Exposit.
2791 437 2998 512 Evang.
3031 441 3256 498 secund.
3287 441 3413 499 Luc.
3453 443 3548 500 lib.
3583 461 3634 513 ν,
3665 456 3767 501 tom.
3785 466 3809 512 ι,

576 533 777 590 cellen.
804 541 859 589 et
884 533 953 586 ita
984 532 1033 586 iu
1064 530 1122 586 8.
1150 528 1436 602 Cypriano.
2273 547 2395 602 pag.
2434 532 2597 600 1577,
2625 534 2868 604 quoniam
2899 533 2985 588 Itic
3013 544 3085 590 est
3114 536 3300 591 electus
3329 535 3441 591 Dei.

647 625 802 681 Joan.
836 640 955 695 cap.
989 638 1062 691 si,
1090 622 1183 688 45,
1224 622 1502 679 Omittitur
1541 621 1717 689 Iesus,
1778 624 1830 679 in
1863 622 2161 692 Vcroncn.,
2341 620 2476 678 Luc.
2527 638 2646 695 cap.
2696 640 2768 691 ιι,
2822 626 2876 691 4,
2910 624 3184 683 Veronen.
3233 637 3289 683 ct
3327 625 3642 696 Corbeien.,
3689 631 3811 686 debiti

574 716 697 774 Gat.
747 727 798 771 et
833 717 958 772 Mm.
994 726 1045 770 et
1065 713 1140 770 ita
1170 713 1222 770 in
1251 716 1526 771 nonnullis
1555 717 1761 773 Graecis
1785 716 1907 772 cod.
1938 732 2037 772 nec
2059 734 2164 772 non
2273 724 2471 782 nostra,
2497 727 2552 770 et
2576 716 2647 772 ita
2678 718 2736 772 8.
2765 717 3109 775 Ambrosius.

571 811 625 866 in
655 809 973 880 quibusdam
1003 807 1120 863 Lat.
1156 822 1288 862 mss.
1322 807 1490 863 divin.
1525 807 2162 864 Bibliotltec.S.Hieron.
2344 810 2533 866 Matth.
2568 827 2689 884 cap.
2720 829 2800 878 ιιι,
2843 814 2930 880 17,
2966 813 3164 870 Veron.
3197 814 3262 870 de
3297 815 3462 881 casto;
3493 826 3549 873 et
3591 816 3658 872 ita
3684 817 3732 875 S.
3755 819 3813 875 lli-

639 902 795 959 Joau.
825 915 946 971 cap.
981 915 1078 967 xu,
1107 899 1200 967 40,
1230 898 1452 967 Ver0tt.,
1496 899 1620 956 Gal.
1651 907 1708 956 et
1733 899 1858 954 Mm.
1889 911 1935 954 et
1975 901 2168 955 ὶηιειιὶ·
2273 906 2437 962 larius
2468 908 2519 961 in
2547 917 2701 962 tract.
2730 909 2781 962 iu
2808 910 2997 978 psaltu.
3024 924 3289 976 cxxxrttt,
3321 920 3452 966 tom.
3500 927 3552 979 ι,
3586 927 3694 985 pag.
3727 915 3812 969 563.

564 1005 689 1068 gout
716 996 888 1061 corde,
937 995 1164 1061 omisso,
1206 1009 1330 1049 non.
1373 993 1440 1048 Et
1468 992 1542 1050 ita
1573 994 1630 1050 S.
1666 994 1918 1050 Ambros.
1968 993 2018 1048 in
2069 993 2134 1048 lib

2345 997 2534 1054 Matth.
2584 1015 2704 1069 cap.
2751 1015 2826 1063 Vl,
2884 1001 2969 1064 17,
3030 1001 3300 1058 Vcroncn.
3352 1012 3406 1058 et
3460 1002 3811 1060 Vercelleu.ros.

565 1093 624 1145 in
672 1089 740 1145 de
773 1090 979 1160 Spiritu
1003 1088 1202 1144 Sancto
1232 1103 1352 1159 cap.
1383 1087 1475 1154 22,
1520 1103 1639 1160 pag.
1666 1087 1794 1156 699,
1825 1098 1873 1143 et
1901 1088 2056 1143 corde
2087 1090 2168 1143 itt-
2271 1101 2468 1157 autem,
2491 1107 2608 1147 cum
2623 1093 2900 1167 jejuuatis,
2930 1095 3141 1166 unguite
3164 1105 3319 1166 caput
3346 1106 3593 1165 vestrum,
3620 1108 3662 1152 et
3684 1101 3814 1167 facias

537 1178 816 1255 'telligaut,
843 1183 1048 1238 omisso
1080 1181 1301 1250 pariter,
1333 1198 1456 1236 non.
2273 1196 2490 1240 vestram
2534 1186 2718 1253 lavate,
2769 1197 2825 1242 et
2866 1189 2935 1242 ita
2969 1188 3029 1244 S.
3077 1188 3334 1246 Ambros.
3372 1191 3422 1244 in
3456 1190 3552 1245 lib.
3581 1191 3645 1247 de
3670 1191 3762 1247 Elia
3782 1205 3815 1247 ct

636 1277 793 1334 Joan.
841 1292 962 1348 cap.
1014 1291 1135 1341 xm,
1187 1274 1276 1344 26,
1331 1275 1508 1344 deest,
1539 1293 1655 1348 ego,
1689 1277 1742 1332 in
1777 1277 1980 1334 Veron.
2009 1288 2063 1334 et
2097 1277 2168 1332 ita
2272 1276 2454 1348 Jejun.
2487 1293 2607 1350 cap.
2643 1280 2731 1343 10,
2780 1295 2902 1351 pag.
2927 1279 3068 1346 546;
3115 1280 3237 1336 cod.
3279 1282 3629 1348 Sun-Germ,
3656 1300 3728 1337 vos
3756 1301 3816 1337 n-

563 1373 618 1426 in
647 1369 706 1426 S.
734 1368 1008 1425 Ambrosii
1039 1369 1292 1425 Sermou.
1323 1367 1417 1433 27,
1452 1385 1572 1440 pag.
1605 1369 1734 1428 429.
2275 1381 2395 1437 tem,
2429 1389 2545 1426 cum
2593 1374 2850 1445 jejunatis
2875 1415 2889 1442 ,
2937 1375 3113 1446 uugite
3159 1375 3328 1445 capita
3371 1386 3563 1441 vestra,
3608 1388 3654 1434 et
3685 1380 3815 1449 facian

640 1463 798 1519 ΙΙοιιιι.
823 1479 942 1534 cap.
969 1479 1076 1526 xw,
1097 1460 1191 1526 28,
1208 1461 1592 1533 deest,utique,
1624 1463 1675 1517 in
1693 1462 2160 1529 Ver.,Verce||en.
2274 1475 2493 1520 vestram
2520 1466 2706 1520 lavate.

565 1565 622 1614 et
650 1556 814 1613 Corb.
847 1565 901 1610 et
931 1556 1000 1608 ita
1045 1554 1098 1609 in
1133 1554 1192 1609 S.
1225 1553 1517 1626 Cypriano,
1550 1569 1604 1627 p.
1641 1557 1766 1625 l6t,
1797 1555 1922 1625 545,
1955 1566 2010 1613 et
2036 1558 2135 1615 465

2352 1557 2539 1612 Matth.
2571 1573 2690 1628 cap.
2723 1575 2796 1625 ιι,
2831 1559 2916 1626 18,
2954 1559 3226 1616 Veronen.
3252 1571 3307 1618 et
3330 1560 3658 1628 Vercellum,
3686 1581 3737 1618 ne
3758 1581 3815 1634 ρι-

636 1650 792 1706 Joan.
843 1664 964 1719 cap.
1015 1663 1147 1711 xm,
1203 1647 1290 1714 l8,
1342 1649 1514 1715 deest,
1565 1660 1640 1715 tu,
1690 1649 1745 1706 in
1793 1650 2064 1708 Veronen.
2115 1662 2171 1709 et
2274 1651 2433 1706 reatis
2465 1651 2759 1707 hominibus
2799 1654 3122 1726 jejunantes,
3154 1656 3246 1711 sed
3297 1655 3451 1711 Patri
3500 1668 3817 1713 vestro......tt

565 1742 869 1801 Vercellen.
903 1749 961 1798 et
989 1741 1060 1797 ita
1092 1744 1143 1796 in
1182 1739 1584 1799 Ambrosiastro
1614 1743 1664 1798 in
1694 1743 1869 1814 Epist.
1907 1748 2065 1816 prim.
2099 1745 2167 1802 ad
2280 1744 2437 1800 Pater
2475 1759 2707 1803 vester...
2738 1749 2914 1803 reddet
2958 1749 3118 1806 vobis.
3145 1752 3205 1807 S.
3258 1752 3518 1810 Ambros.
3572 1755 3623 1808 itt
3667 1754 3742 1809 lib.
3775 1757 3817 1811 de

563 1835 810 1892 Corinth.
865 1848 985 1905 cap.
1030 1833 1117 1901 11,
1149 1848 1270 1905 pag.
1308 1835 1502 1901 l47,et
1532 1835 1584 1890 in
1607 1837 1702 1907 Ep.
1727 1837 1793 1892 ad
1821 1835 1949 1894 Cor.
1970 1837 2015 1892 Il
2043 1854 2166 1911 cap.
2201 1819 2245 1879 Β
2275 1840 2388 1896 Elia
2420 1851 2474 1897 et
2502 1841 2737 1912 Jejunio,
2767 1857 2890 1914 cap.
2923 1843 3011 1909 10,
3043 1860 3164 1917 pag.
3200 1845 3332 1914 546,
3369 1865 3433 1903 ue
3463 1851 3683 1919 parcatis
3706 1849 3818 1902 honi-

567 1931 657 1999 11,
701 1945 822 2002 pag.
857 1929 978 1998 147,
1011 1937 1066 1985 et
1103 1929 1154 1984 in
1188 1928 1364 2000 Epist.
1402 1930 1469 1986 ad
1494 1929 1830 1988 Corinthios.
1868 1932 1943 2001 II,
1992 1935 2172 2006 capite
2274 1935 2443 2003 nibus,
2474 1936 2593 2005 quia
2611 1938 2888 2010 jejunatis,
2916 1937 3006 1992 sed
3037 1936 3187 1993 Patri
3216 1950 3505 1996 vestro.....
3534 1953 3580 1996 et
3606 1940 3740 1997 Pater
3765 1960 3816 1996 u-

562 2021 628 2092 5,
667 2038 720 2094 p.
752 2020 874 2076 175.
1779 2051 1781 2053 ί
2273 2039 2496 2084 ster.....
2529 2030 2705 2084 reddet
2733 2031 2892 2086 vobis.
2937 2031 3380 2089 Saneﬁermancn
3413 2075 3430 2102 ,
3487 2046 3542 2089 ut
3573 2051 3667 2090 non
3698 2037 3816 2090 rides-

633 2113 788 2170 .Ioan.
837 2129 957 2184 cap.
1012 2130 1103 2182 xx,
1135 2114 1222 2182 17,
1275 2113 1451 2179 deest,
1506 2131 1694 2183 nteum,
1727 2115 1903 2187 primo
1934 2119 2056 2174 loco
2104 2118 2159 2174 in
2271 2125 2398 2179 mini
2451 2125 2742 2181 hominibus
2786 2129 3112 2200 jejunantes,
3158 2130 3249 2184 sed
3300 2127 3452 2184 Patri
3500 2141 3753 2186 vestro.....
3785 2140 3813 2184 ιι

561 2207 763 2266 Veron.
797 2216 852 2264 et.
882 2207 951 2263 ita
979 2207 1030 2262 in
1054 2206 1114 2262 8.
1146 2206 1286 2264 lren.
1313 2218 1502 2263 contra
1526 2208 1670 2264 liter.
1694 2217 1825 2264 tam.
1859 2226 1914 2276 t,
1949 2225 2000 2281 p.
2035 2213 2162 2267 551.
2271 2217 2432 2273 Pater
2456 2229 2735 2274 vester.....
2770 2221 2946 2274 reddet
2969 2221 3132 2276 vobis.

632 2302 765 2358 Luc.
800 2317 920 2372 cap.
953 2317 1012 2368 ιι,
1045 2303 1138 2368 21,
1171 2300 1343 2363 deest.
1395 2319 1544 2373 puer,
1597 2302 1650 2358 in
1685 2302 1886 2360 Veron.
1937 2314 1992 2360 et
2043 2304 2164 2360 Bri-
2343 2312 2534 2368 Matth.
2566 2330 2684 2387 cap.
2716 2331 2789 2379 vr,
2816 2314 2908 2382 25,
2944 2316 3144 2372 Veron.
3175 2327 3225 2372 et
3271 2327 3396 2373 tunc
3433 2321 3649 2392 jurabo,
3695 2331 3736 2375 ct
3767 2319 3811 2373 ita

559 2398 708 2454 xiau.
738 2404 794 2452 ct
822 2397 893 2452 ita
930 2396 983 2452 in
1023 2395 1228 2452 Graecis
1271 2394 1510 2452 melioris
1560 2405 1704 2452 nota:
1750 2396 2049 2466 codicibus,
2103 2407 2158 2456 et
2269 2403 2330 2460 8.
2362 2404 2530 2461 Hilar.
2560 2407 2613 2462 in
2648 2406 2740 2462 lib.
2773 2407 2806 2463 9
2855 2407 2924 2463 de
2955 2408 3151 2464 Trinit.
3185 2425 3242 2465 ιι.
3273 2409 3364 2466 65.

558 2492 613 2546 in
647 2507 754 2547 uno
786 2491 988 2562 regina:
1031 2489 1258 2546 Suecor.
1307 2506 1410 2544 ms.
1441 2491 1612 2546 relato
1660 2491 1714 2546 in
1767 2490 1877 2546 div.
1927 2491 2068 2549 Bibl.
2099 2492 2158 2549 8.
2341 2499 2530 2555 Matth.
2579 2515 2697 2572 cap.
2752 2516 2827 2566 vr,
2871 2503 2962 2569 55,
3015 2503 3212 2560 Veron.
3265 2514 3320 2561 et
3368 2506 3809 2565 San-Cermanen..

557 2584 783 2642 Hieron.
817 2585 870 2641 in
917 2584 1090 2641 altero
1126 2593 1306 2640 autem
1334 2584 1585 2640 secundis
1611 2584 1760 2642 curis
1790 2585 2004 2642 additus
2055 2597 2155 2644 est.
2269 2597 2652 2667 praestabuntur
2693 2597 2856 2653 vobis.
2891 2597 3222 2667 Vercellen.,
3251 2610 3298 2654 et
3323 2603 3500 2656 omnia
3541 2605 3645 2658 lucc
3679 2614 3812 2674 praua

553 2678 563 2686 “
629 2679 762 2736 Luc.
810 2693 930 2750 cap.
985 2693 1040 2746 ν,
1071 2677 1127 2743 7.
1160 2676 1338 2744 deest.
1384 2693 1533 2750 pene.
1577 2679 1628 2732 in
1663 2677 1894 2744 Veron..
1942 2679 2160 2736 Vercel-
2264 2699 2385 2744 sunt
2423 2690 2584 2744 vobis.
2617 2691 2677 2746 8.
2719 2690 2974 2747 Ambros.
3026 2691 3079 2746 in
3131 2693 3224 2750 lib.
3275 2711 3292 2750 ι
3345 2695 3413 2751 de
3440 2695 3583 2752 Cain
3629 2707 3678 2754 et
3715 2696 3808 2751 Aliel

553 2775 690 2843 len.,
721 2773 1031 2838 Corbeien.,
1062 2771 1182 2859 Cat.
1216 2782 1267 2828 et
1297 2771 1564 2840 Brixiau.,
1595 2781 1652 2828 et
1683 2773 1754 2827 ita
1797 2773 1852 2828 in
1881 2774 2158 2830 nonnullis
2263 2799 2384 2854 cap.
2415 2801 2489 2850 iv,
2522 2799 2642 2855 pag.
2671 2783 2800 2852 488,
2833 2796 3018 2856 praesto
3043 2797 3160 2841 sunt
3189 2789 3347 2842 vobis.

551 2868 753 2941 regina:
783 2866 1080 2924 Succorum
1112 2881 1242 2921 mss.
2331 2879 2518 2935 Matth.
2566 2896 2686 2952 cap,
2721 2897 2816 2948 vn,
2849 2880 2943 2947 27,
2973 2881 3242 2939 Veronen.
3277 2881 3589 2940 Vercellcn.
3630 2895 3677 2940 et
3713 2884 3809 2939 San-

623 2962 753 3018 Lllc-
781 2976 900 3031 (⁵³1)·
941 2975 1089 3026 XXX"
1121 2957 1213 3021 53,
1246 2955 1446 3013 Veron-
1481 2998 1498 3025 ν
1528 2968 1818 3013 “mmmam
1845 3001 1860 3025 ν
1915 2964 2153 3032 ³²¹Ρθτεῖ’
2258 2973 2585 3029 Germanen.
2631 2984 2677 3028 et
2724 2978 2860 3047 facta
2899 2985 2974 3030 est
3004 2977 3158 3031 ruina
3186 2980 3296 3051 ejus
3325 2995 3539 3050 magna,
3583 2988 3635 3033 et
3679 2979 3736 3032 ita
3769 2977 3806 3030 S.

551 3055 790 3125 βαεηιθηι
813 3091 828 3118 ν
869 3061 925 3106 ει
954 3051 1024 3104 ila
1053 3050 1107 3105 8ο
1138 3049 1456 3146 ξηὼνοξίηε
1489 3050 1542 3103 in
1597 3049 1688 3105 “b-
1738 3049 1807 3104 de
1850 3049 2017 3146 0mg:
2057 3051 2156 3106 Mi‘
2257 3066 2543 3137 Cyprium,
2573 3066 2812 3124 Brixian.
2855 3084 3008 3136 vero,
3041 3080 3088 3125 et
3113 3049 3254 3142 facta
3278 3072 3427 3126 ruina
3454 3077 3573 3146 ejus
3597 3089 3768 3144 magna.

551 3147 678 3202 nist.
713 3160 832 3215 cap.
856 3143 946 3209 51,
979 3157 1098 3212 pag.
1126 3141 1217 3209 45,
1251 3143 1473 3207 omisso,
1497 3150 1566 3209 et,
1594 3152 1742 3209 ante,
1773 3143 2120 3213 supereffluen

2329 3158 2513 3213 Matth.
2543 3175 2662 3230 cap.
2693 3177 2747 3227 ι,
2789 3161 2882 3225 22,
2932 3160 3204 3218 Veronen.
3253 3173 3308 3218 et
3354 3141 3800 3227 SanLGermancn”

551 3247 673 3303 tem,
720 3252 840 3308 quae
871 3234 1181 3305 conjunctio
1212 3233 1365 3289 abest
1393 3232 1554 3288 etiam
1584 3248 1615 3288 a
1652 3233 1866 3290 Vercel.
1895 3243 1951 3291 et
1980 3236 2121 3293 Corb

2251 3251 2484 3308 omnibus
2531 3255 2842 3320 hominibus,
2874 3263 2932 3310 et
2956 3256 3026 3310 ita
3057 3267 3264 3312 vetusta
3295 3259 3638 3316 Corbeicnsis
3658 3259 3803 3320 Biblia.

624 3331 787 3388 Marco
812 3345 930 3402 οεψο
965 3345 1022 3396 ll,
1053 3327 1124 3395 .5,
1154 3335 1290 3399 post,
1312 3337 1550 3424 peccata,
1583 3327 1756 3395 deest,
1806 3338 1917 3398 tua,
1951 3330 2007 3386 in
2045 3329 2148 3388 νε·
2250 3351 2307 3400 et
2347 3345 2404 3399 S.
2439 3347 2768 3417 Augustinus
2795 3348 2845 3403 in
2875 3348 3107 3419 Speculo
3136 3349 3204 3406 de
3232 3351 3532 3424 Evangelio
3562 3353 3804 3409 secundum

548 3443 670 3485 ron.
699 3434 754 3482 et
781 3424 853 3480 ita
880 3423 954 3492 ,iu
978 3421 1185 3478 duobus
1212 3422 1412 3493 reginae
1451 3421 1749 3479 Succorum
1794 3440 1926 3481 mss.
1975 3425 2118 3482 divin

1701 3439 1749 3478 tn
1794 3440 1926 3481 mss.
1975 3425 2142 3482 divin.
2249 3435 2438 3492 Matth.
2478 3447 2608 3494 tom.
2643 3446 2878 3510 m,part.
2911 3441 2966 3506 1,
2996 3435 3271 3513 pag.'758.

547 3522 688 3580 Bibl.
722 3520 782 3578 S.
815 3518 1148 3591 Hieronymi.
2321 3529 2509 3584 Matth.
2558 3545 2672 3600 cap.
2727 3547 2805 3597 ιι,
2837 3532 2927 3596 12,
2983 3532 3204 3601 Verou.,
3238 3552 3452 3609 regnum
3487 3538 3800 3594 caelorumco—

513 3644 522 3650 -
621 3617 786 3673 Marc.
834 3629 957 3686 cap.
1006 3629 1064 3681 tt,
1113 3611 1204 3680 25,
1254 3611 1409 3668 deest
1457 3612 1508 3667 iu
1543 3611 1843 3681 Vcroncn.,
1881 3612 2142 3683 Vindob.,
2247 3622 2407 3694 gitur,
2437 3633 2482 3677 et
2511 3634 2741 3695 cogentes
2780 3624 3032 3696 diripiunt
3062 3626 3217 3696 illud,
3245 3637 3302 3684 et
3330 3630 3402 3686 ita
3433 3630 3494 3688 S.
3528 3628 3802 3686 Ambrosius

547 3719 603 3769 et
633 3709 894 3776 Brixian.,
924 3705 1200 3773 Dominus,
1243 3714 1298 3761 et
1343 3705 1415 3760 ita
1460 3705 1512 3760 in
1543 3705 1863 3776 quibusdam
1893 3723 2026 3764 mss.
2055 3725 2146 3766 re-
2248 3714 2303 3769 in
2333 3713 2426 3769 lib.
2479 3714 2589 3771 Ide
2630 3715 2762 3770 Cain
2810 3724 2864 3772 et
2907 3714 3044 3773 Abel
3084 3733 3205 3790 cap.
3255 3719 3310 3786 4,
3361 3736 3479 3793 pag.
3536 3722 3655 3787 188,
3703 3721 3799 3776 item

550 3803 672 3860 latis
713 3802 766 3857 in
796 3800 974 3857 divina
1025 3797 1282 3854 Biblioth.
1333 3799 1504 3854 sancti
1539 3796 1887 3871 Hieronymi;
1923 3799 2142 3858 Vercel.
2245 3807 2300 3863 in
2350 3806 2705 3863 Euarratioue
2752 3808 2805 3863 in
2854 3823 2946 3878 ps.
2985 3826 3136 3877 xuu,
3169 3826 3290 3883 pag.
3321 3813 3449 3880 902,
3481 3826 3539 3871 ct
3568 3813 3618 3871 in
3665 3813 3800 3884 Epist.

543 3897 681 3968 len.,
709 3893 898 3962 Corb.,
929 3891 1050 3949 Cat.
1080 3900 1135 3947 et
1158 3890 1288 3948 Mm.
1323 3889 1522 3948 habent
1553 3906 1672 3961 pro,
1701 3890 1974 3959 Dominus,
1999 3910 2113 3949 eum

2249 3899 2339 3967 65,
2385 3901 2545 3971 prim.
2578 3902 2767 3968 class.,
2820 3916 2941 3973 pag.
2986 3903 3146 3960 l046.
3177 3904 3610 3964 Vercellen......
3655 3924 3698 3960 at
3738 3920 3802 3957 to-

614 3992 779 4047 Marc.
811 4004 930 4059 cap.
965 4003 1019 4053 x,
1050 3986 1105 4055 6,
1143 3984 1410 4041 Veronen.
1444 3993 1498 4039 et
1525 3981 1842 4050 Corbeien.,
1872 3983 1947 4040 Ab
1989 3985 2142 4040 initio
2247 3995 2385 4067 gitur
2436 4003 2482 4047 et
2523 4002 2761 4066 cogentes
2827 3996 3089 4067 deripiunt
3138 3997 3310 4066 illud;
3358 4003 3804 4062 Sun-Germanen-,

539 4086 678 4141 enim
718 4080 1028 4155 (Corbeien.
1076 4075 1270 4148 autem)
1316 4076 1622 4143 masculum,
1654 4085 1702 4131 et
1745 4078 1996 4148 feminam
2022 4080 2109 4148 fec:

1119 4075 1270 4148 atem)
1316 4076 1622 4143 masculum,
1654 4085 1702 4131 et
1745 4078 1996 4148 feminam
2022 4079 2142 4148 fecit
2247 4085 2511 4156 deripiunt
2535 4086 2689 4142 illud,

541 4176 702 4232 Deus.
748 4175 917 4246 Syrus
940 4214 955 4241 ,
987 4173 1171 4236 Persa.
1202 4180 1256 4224 el
1287 4167 1455 4223 vellis
1487 4167 1712 4223 Calllab-
1763 4166 2044 4222 ἀυηηεκει
2064 4167 2143 4224 Ῑθο
2317 4179 2504 4234 Matth.
2538 4181 2671 4252 Cap.
2698 4197 2775 4250 ιιι,
2808 4182 2898 4250 58,
2923 4183 3122 4240 Veron.
3162 4189 3533 4257 acceperit.....
3575 4200 3618 4245 et
3647 4197 3806 4243 secutus

542 4279 670 4330 runt
687 4314 702 4339 ,
750 4269 872 4326 Ἀπὸ
892 4267 946 4324 δὲ
971 4269 1150 4346 ἀρχῆς
1173 4267 1415 4328 κτίσεως,
1441 4261 1493 4317 id
1519 4269 1622 4326 est,
1653 4259 1716 4314 ab
1743 4260 1891 4314 initio
1938 4277 2112 4315 mascu

2326 4274 2400 4327 erit
2413 4289 2510 4328 me.
2529 4273 2813 4331 Corbeien.
2830 4280 3082 4350 acceperit
3107 4319 3144 4346 ,.
3157 4320 3169 4333 .
3185 4289 3232 4335 et
3245 4281 3542 4339 subsecutus
3564 4301 3640 4338 me
3665 4282 3801 4354 fuerit,

543 4368 653 4424 lum
698 4375 747 4421 et
801 4363 1044 4435 feminam
1087 4359 1208 4429 fecit
1255 4356 1426 4421 Deus,
1485 4370 1594 4411 non
1645 4363 1850 4420 autem,
1895 4357 2113 4418 κτίσεως

2242 4366 2300 4424 8.
2335 4367 2689 4440 Hieronymus
2713 4370 2763 4425 in
2785 4370 2956 4440 Epist.
2971 4387 3129 4440 cur,
3151 4374 3216 4428 ad
3237 4373 3681 4446 Exuperantinm,
3699 4389 3800 4429 tum.

613 4459 779 4515 Marc.
829 4470 947 4525 cap.
997 4468 1119 4516 χιιι,
1165 4450 1218 4517 6,
1273 4449 1324 4504 in
1367 4447 1641 4504 Veronen.
1686 4457 1742 4503 et
1789 4447 1910 4504 Gat.
1963 4447 2134 4515 deeSI,

2243 4477 2302 4526 ι,
2363 4476 2486 4532 pag.
2545 4462 2714 4530 1075,
2756 4462 2954 4530 habet,
3009 4465 3372 4524 tulerit........
3421 4479 3468 4524 et
3513 4483 3704 4526 secutus
3747 4481 3802 4520 me

537 4554 682 4627 quia,
713 4559 767 4607 et
789 4550 862 4605 ita
893 4548 946 4603 in
972 4545 1032 4602 S.
1061 4543 1225 4617 Cypr.
1255 4540 1349 4597 lib.
1388 4539 1455 4596 ad
1482 4537 1708 4595 Fortun.
1753 4539 1821 4595 de
1851 4539 2134 4597 Exhortat.
2243 4554 2418 4626 fuerit,

535 4647 760 4719 Martyr.
789 4657 909 4714 cap.
944 4641 1032 4706 11,
1067 4653 1186 4710 pag.
1220 4635 1343 4690 554.
1379 4694 1384 4697 μ

2309 4646 2497 4703 Matth.
2520 4663 2640 4720 cap.
2666 4665 2764 4717 xu,
2791 4649 2852 4717 1,
2873 4649 3167 4718 Vcroncn.,
3190 4651 3477 4710 Corbeien.
3497 4666 3554 4711 et
3569 4653 3799 4716 Brixiam,

606 4739 796 4796 Matth.
826 4750 945 4808 cap.
993 4747 1130 4796 xm,
1181 4729 1273 4797 50,
1310 4727 1534 4793 Veron.,
1568 4728 1858 4785 Corbeien.
1913 4737 1965 4786 et
2017 4729 2137 4786 Bri-

2241 4739 2546 4807 Sabbatltis;
2591 4743 2650 4797 S.
2685 4741 3006 4798 Ambrosius
3047 4742 3099 4798 itt
3153 4742 3400 4814 Exposit.
3435 4745 3689 4819 Evangel.
3733 4758 3800 4799 se-

534 4835 708 4900 xian.,
753 4840 893 4896 sunt,
934 4834 990 4884 et
1033 4826 1107 4882 ita
1161 4820 1382 4880 Graecus
1435 4829 1633 4889 textus,
1685 4831 1738 4894 et
1781 4821 1889 4878 duo
1933 4822 2134 4894 reginae
2236 4830 2399 4888 cund.
2433 4831 2564 4889 Luc.
2591 4833 2684 4888 lib.
2713 4849 2776 4902 ν,
2805 4843 2936 4889 tom.
2970 4851 3018 4900 ι,
3050 4850 3175 4907 pag.
3207 4836 3381 4906 1565,
3408 4837 3684 4895 Sabbatlta.

535 4930 830 4989 Succorum
854 4940 988 4982 mss.
1017 4920 1186 4978 divin.
1217 4915 1536 4973 Bibliothec.
1571 4915 1630 4971 8.
1663 4916 1996 4988 Hieronymi.
2306 4925 2494 4981 Matth,
2528 4941 2648 4996 cap,
2698 4942 2733 4981 ν
2754 4968 2768 4990 ,
2815 4927 2919 4993 25,
2961 4927 3163 4986 νει-οη,
3187 4973 3200 4997 ,
3257 4931 3559 4989 vel-cene",
3593 4943 3644 4990 ει
3691 4931 3801 4987 Sun.

605 5023 795 5079 Μειῑῐιι·
826 5035 946 5091 call-
979 5029 1127 5080 ΠΝ,
1153 5011 1242 5080 15,
1273 5009 1502 5075 Verona
1536 5017 1677 5063 δεαηδ
1706 5018 1760 5064 ει
1796 5008 1870 5064 ita
1924 5008 2125 5079 “alica.
2233 5017 2562 5076 Germanen.
2587 5060 2601 5085 ,
2629 5019 2683 5072 in
2711 5019 2972 5086 triticum;
3003 5021 3058 5078 S.
3099 5022 3368 5091 lrenarus,
3414 5026 3550 5080 inter
3601 5029 3798 5097 frumen-

530 5119 723 5179 Crteco
748 5115 984 5182 addicta,
1022 5119 1162 5168 teste
1190 5105 1356 5165 Millio
1387 5108 1439 5162 ln
1468 5105 1681 5177 Proleg.
1714 5121 1766 5176 p.
1801 5105 1891 5161 51.
2230 5123 2371 5179 tum;
2423 5114 2481 5170 8.
2529 5111 2846 5169 Ambrosius
2901 5113 2954 5169 in
3003 5113 3097 5170 lib.
3149 5130 3207 5172 ιιι
3256 5116 3513 5175 llexaem.
3549 5133 3664 5190 cap.
3714 5114 3793 5178 1οο

601 5218 760 5274 Joan.
792 5228 911 5284 cap.
941 5227 978 5277 ι,
1011 5209 1100 5276 15,
1135 5206 1361 5274 Veron.,
1391 5203 1483 5259 sed
1511 5219 1576 5257 ea:
1603 5201 1712 5258 Deo
1743 5213 1892 5258 natus
1931 5212 2026 5257 est.
2060 5203 2125 5260 Et
2230 5219 2331 5277 pag
2360 5204 2450 5261 49.
2493 5205 2625 5259 inter
2645 5203 2886 5259 triticum.

527 5313 605 5371 ita
641 5311 701 5368 8.
749 5309 990 5365 ιιθιιωιιε
1039 5303 1092 5358 in
1136 5300 1287 5358 libris
1335 5307 1525 5356 contra
1570 5295 1839 5366 Hmreses,
1891 5298 2120 5368 Tertul.,
2300 5295 2489 5352 Matth.
2541 5311 2661 5367 cap.
2710 5311 2856 5363 xm,
2904 5296 3012 5362 12,
3063 5296 3336 5356 Veronen.
3364 5341 3381 5369 ,
3433 5300 3791 5359 Vercellen.et

527 5406 589 5465 S.
619 5405 704 5462 Jo.
738 5401 958 5474 Chrys.,
987 5397 1144 5467 Vigil.
1172 5395 1487 5467 Tapseusis,
1521 5401 1577 5448 et
1602 5393 1714 5448 alii.
2227 5390 2514 5448 Corbeien.
2545 5399 2736 5461 quanta
2761 5390 3052 5456 voluerunt,
3085 5401 3140 5448 et
3170 5393 3241 5447 ita
3265 5405 3417 5451 vetus
3441 5394 3622 5453 Italica
3644 5437 3658 5464 ,
3684 5402 3789 5450 teate

597 5498 756 5556 Joan.
788 5510 908 5567 cap.
949 5507 990 5558 ι,
1023 5490 1113 5557 15,
1157 5488 1356 5545 Veron.
1407 5486 1677 5557 sanguine,
1713 5495 1766 5541 et
1813 5485 1886 5539 ita
1933 5499 2120 5542 omnes
2228 5485 2396 5541 Millio
2419 5486 2469 5539 in
2502 5485 2804 5555 Prolegom.
2831 5500 2952 5556 pag.
2975 5485 3066 5542 55.

525 5607 659 5651 mss.
687 5587 812 5647 cod.
840 5587 901 5644 S.
928 5582 1119 5642 Hilarii
1149 5582 1242 5638 lib.
1277 5598 1292 5636 ι
1343 5579 1410 5637 dc
1443 5580 1708 5636 Trinitate
1736 5594 1886 5634 num.
1920 5580 2009 5634 10.
2297 5578 2485 5634 Matth.
2514 5594 2613 5650 cap
2640 5594 2764 5634 xmt
2785 5621 2799 5646 ,
2832 5579 2897 5646 5,
2935 5577 3208 5636 Veroneu.
3238 5591 3293 5638 et
3329 5581 3628 5640 Vcrcellen.
3682 5580 3786 5636 sicut

595 5689 756 5746 Joan.
798 5699 918 5758 cap.
950 5697 991 5749 ι,
1039 5679 1132 5745 54,
1164 5676 1366 5734 Veron.
1413 5676 1654 5747 quoniam
1680 5675 1792 5745 ipse
1821 5682 1894 5728 est
1924 5671 2026 5728 Dei
2053 5674 2118 5743 fi—
2224 5671 2408 5743 pueri;
2440 5668 2733 5726 Corbeien.
2758 5671 2888 5726 sicut
2927 5671 3102 5742 infans
3127 5672 3211 5727 hic
3240 5683 3333 5729 est.
3367 5674 3425 5730 8.
3475 5675 3714 5732 Ambros.
3744 5676 3782 5722 in

524 5785 625 5841 llus
649 5782 857 5848 electus,
889 5773 1218 5840 Vercellen.,
1256 5769 1497 5842 quoniam
1521 5768 1605 5822 hic
1643 5778 1716 5822 est
1763 5766 1950 5822 electus
1977 5767 2120 5836 ﬁlius
2223 5765 2475 5822 Enarrat.
2503 5766 2556 5821 in
2584 5765 2782 5821 Psalm.
2818 5781 2981 5821 ιιιιινι
3006 5808 3020 5832 ,
3064 5781 3186 5838 pag.
3220 5767 3356 5834 800,
3386 5768 3516 5823 sicut
3545 5788 3667 5840 puer
3688 5769 3777 5822 istc.

526 5877 655 5946 Dei;
683 5873 976 5936 Corbeien.
1004 5871 1124 5942 quia
1155 5868 1236 5923 hic
1261 5874 1332 5924 est
1373 5863 1557 5920 electus
1603 5862 1722 5920 Dei.
1771 5862 1830 5920 S.
1881 5860 2112 5920 Atnbro-
2294 5859 2484 5918 Matth.
2514 5875 2632 5933 cap.
2666 5877 2784 5928 XIX,
2821 5861 2906 5930 te,
2937 5860 3234 5932 Vcroncn.,
3273 5863 3571 5926 Vcrccllen.
3595 5874 3644 5925 et
3667 5863 3778 5922 Cor-
