3968 6332
516 293 619 360 159

1906 281 2440 342 PROLEGOMENA.

3706 284 3793 348 HO

583 405 739 468 10ml.
770 418 890 476 cap.
914 419 968 472 ι,
1000 403 1090 471 52,
1123 401 1421 470 Veronen.,
1452 402 1838 458 descendentem
1863 401 1925 454 de
1948 401 2111 466 caelo,
2139 401 2192 462 Δ
2217 403 2345 460 Mss.
2367 403 2581 460 codices
2610 402 2764 460 relati
2795 403 2847 458 in
2876 401 2988 458 div.
3023 402 3164 459 Bibl.
3190 401 3248 460 S.
3290 400 3627 477 Hieronymi.

514 511 558 557 et
590 508 910 563 manentem,
934 508 1064 561 etc.;
1109 505 1163 554 ct
1193 496 1263 552 ita
1294 495 1600 562 Vercellen.
1634 495 1761 551 etS.
1793 494 2112 552 Ambrosius

2285 500 2416 554 Luc.
2445 515 2564 572 cap.
2599 515 2614 555 1
2641 541 2656 569 ,
2696 498 2797 565 53,
2851 497 3124 555 Veronen.
3155 540 3171 565 ,
3204 497 3486 568 Abrahae;
3513 493 3596 554 ἐὶ
3647 497 3713 576 ita
3741 500 3788 556 S.

517 595 568 648 in
594 594 682 652 lib.
703 609 760 648 111
785 593 849 648 de
871 591 1008 662 Spir.
1040 590 1224 648 Sanct.
1244 606 1364 660 cap.
1395 607 1435 656 1,
1458 605 1558 662 pag
1586 590 1712 648 665.
1738 590 1794 646 ln
1821 589 2112 644 lib.autem
2215 593 2467 649 lrenaeus.

517 686 583 742 de
615 686 832 756 Mystcr.
867 699 984 754 cap.
1010 685 1043 739 4
1066 726 1080 746 ,
1112 699 1164 754 p.
1199 684 1298 738 551
1327 726 1344 752 ,
1376 684 1541 747 habet
1567 727 1581 751 ,
1639 683 2024 740 descendentem
2053 682 2118 736 de

2289 687 2419 745 Luc.
2450 703 2568 760 cap.
2617 703 2651 743 ιι
2679 730 2693 753 ,
2720 688 2792 744 28
2815 729 2830 754 ,
2860 686 3134 753 Veronen,
3183 686 3237 740 in
3265 685 3497 740 manibus
3526 727 3539 750 ,
3574 683 3793 741 Brixian.

519 779 827 835 caelo.......
857 787 902 838 et
922 786 1211 836 manentem
1243 817 1258 844 ,
1287 784 1393 836 etc.
1426 778 1481 834 S.
1519 776 1742 835 llieron.
1792 791 2010 846 queaue
2061 774 2115 829 in
2218 782 2269 836 in
2295 798 2478 836 manus
2497 797 2617 835 suas
2646 822 2660 847 ,
2710 788 2765 836 et
2788 780 2858 834 ita
2890 779 2948 836 S.
2980 779 3219 836 lreuaeus
3243 780 3295 834 in
3323 779 3417 834 lib.
3444 794 3462 834 1
3489 787 3674 844 contra
3702 779 3799 836 ba:-

516 869 723 948 Cnmm.
754 870 805 934 in
837 870 902 925 Is.
937 866 1030 926 lib.
1063 886 1138 940 tv,
1161 885 1280 942 cap.
1315 871 1402 937 11,
1435 885 1554 942 pag.
1583 869 1714 938 156,
1739 879 1783 926 et
1812 879 2114 924 manentem.

586 963 740 1036 Joan.
786 977 885 1035 cap
913 978 1009 1029 111,
1045 964 1142 1029 18,
1173 963 1374 1020 Veron.
1431 972 1485 1020 et
1516 963 1749 1019 Vercell.
1807 963 1967 1019 tertio
1998 962 2119 1017 loco

2219 891 2368 933 reses
2395 885 2524 931 tom.
2561 893 2616 944 1,
2649 890 2770 946 pag.
2805 873 2894 931 40.

2290 968 2422 1025 Luc.
2443 984 2562 1039 cap.
2587 985 2623 1026 ιι
2643 1013 2657 1038 ,
2681 969 2749 1024 52
2772 968 2999 1035 ,Veron.
3029 1012 3044 1054 ,
3068 970 3135 1024 ad
3155 967 3511 1025 reuelationem
3530 967 3802 1024 oculorum.

516 1056 745 1123 habent,
764 1073 867 1112 non
888 1056 1126 1121 credidit;
1153 1066 1209 1113 et
1233 1057 1301 1110 ita
1319 1055 1376 1111 S.
1396 1056 1622 1128 August.
1658 1056 1709 1110 in
1734 1054 1891 1111 Joan.
1908 1053 2120 1124 Evang.

2249 1062 2450 1130 )uidam
2502 1077 2630 1120 mss.
2660 1062 2874 1119 codices
2907 1061 2963 1119 S.
3000 1053 3191 1140 lrenaai
3217 1105 3230 1130 ,
3269 1063 3322 1117 in
3351 1062 3662 1117 reuelatione
3699 1077 3807 1116 ocu-

514 1165 633 1221 cap.
668 1167 755 1217 ιιι,
788 1150 1024 1206 Tractat.
1061 1151 1147 1214 15,
1177 1161 1306 1205 ιοιιι.
1339 1165 1419 1215 ιιι,
1451 1159 1591 1221 part.
1616 1149 1685 1216 9.,
1719 1165 1840 1222 pag.
1873 1149 2000 1206 589.
2032 1148 2124 1205 Sic

514 1244 676 1302 etiam
701 1244 892 1316 legitur
932 1245 983 1302 in
1009 1245 1244 1316 antiquis
1265 1241 1515 1307 Corbeite
1541 1243 1731 1300 Bibliis
1751 1283 1769 1312 ,
1791 1243 1945 1315 juxta
1972 1241 2123 1299 Grae-

516 1351 638 1392 cum
666 1377 682 1403 ,
708 1337 1065 1400 πεπίστευκεν.

587 1429 746 1486 Joau.
794 1445 914 1500 cap.
948 1446 1040 1494 111,
1070 1429 1176 1495 20,
1223 1428 1495 1486 Veronen.
1520 1472 1535 1497 ,
1597 1444 1660 1484 ne
1685 1435 2021 1503 arguantur;
2060 1426 2121 1483 Β.

525 1521 762 1586 lrenzeus
784 1563 798 1592 ,
830 1539 891 1582 ne
937 1522 1294 1582 traducantur.

579 1616 736 1676 Joan.
767 1631 886 1686 cap.
917 1631 1000 1683 tv,
1036 1617 1124 1686 15,
1153 1615 1445 1683 Veronen.,
1472 1615 1805 1682 Vercellen.,
1830 1615 2121 1683 Gat.,Mm.

519 1716 572 1778 et
606 1707 845 1778 Brixian.
871 1750 884 1775 ,
915 1709 1132 1774 biberit;
1184 1717 1239 1764 et
1276 1707 1351 1766 ita
1389 1706 1448 1765 S.
1490 1707 1790 1779 Cyprianus
1839 1724 1961 1780 pag.
1992 1707 2122 1765 228.

2227 1156 2414 1211 lorum.

2297 1250 2426 1305 Luc.
2456 1263 2578 1320 cap.
2608 1264 2680 1317 ιν,
2707 1249 2738 1303 7
2756 1248 3060 1316 ,Veronen.
3092 1257 3146 1306 et
3172 1247 3532 1305 Vercellen.si
3556 1247 3812 1319 procidens

2225 1342 2519 1398 adoraueris
2564 1352 2683 1398 ante
2708 1359 2820 1410 me;
2853 1342 3091 1398 Brixian.
3137 1344 3182 1398 si
3213 1343 3482 1414 procidens
3529 1341 3814 1396 adorareris

2226 1424 2340 1502 me,
2369 1446 2424 1492 et
2449 1436 2520 1492 ita
2549 1437 2606 1492 Β.
2632 1435 2957 1492 Ambrosius
2986 1439 3036 1491 in
3070 1437 3263 1492 Enarr.
3294 1437 3346 1491 in
3379 1435 3580 1492 Psalm.
3611 1449 3811 1502 sum,

2227 1539 2359 1585 tom.
2389 1546 2437 1597 1,
2471 1545 2591 1602 pag.
2629 1529 2732 1586 797
2756 1573 2770 1597 ,
2801 1539 2856 1586 et
2883 1530 2939 1585 in
2959 1529 3053 1586 lib.
3090 1545 3104 1584 1
3131 1529 3199 1586 de
3226 1529 3356 1586 Cain
3380 1536 3435 1586 et
3465 1527 3601 1583 Abel
3624 1542 3740 1598 cap.
3767 1525 3814 1592 5,

2229 1640 2378 1680 num.
2404 1625 2472 1681 17
2499 1667 2513 1692 ,
2553 1635 2608 1680 et
2629 1624 2753 1681 alibi
2779 1667 2793 1692 ,
2831 1640 2935 1682 nec
2963 1639 3070 1681 non
3093 1625 3257 1697 aliqui
3318 1638 3450 1680 mss.
3481 1623 3608 1678 libri
3637 1623 3689 1692 in
3719 1620 3815 1677 div.

2227 1717 2372 1774 Bibl.
2405 1718 2462 1774 ε.
2495 1717 2832 1792 Hieronymi.
3192 1709 3198 1718 ’

588 1802 745 1870 Joan-
773 1817 894 1874 cap.
928 1819 958 1856 ν
979 1843 994 1868 .
1024 1803 1058 1857 ι
1079 1845 1092 1866 ,
1129 1802 1330 1864 Veron.
1351 1844 1366 1870 ,
1401 1801 1610 1863 Vercel.
1637 1843 1654 1871 ,
1686 1802 1807 1858 Gal-
1843 1812 1895 1858 θι
1923 1802 2050 1858 Μαι·
2099 1842 2114 1869 ο
2149 1798 2197 1859 Β
2295 1811 2426 1867 Luc.
2453 1825 2574 1882 cap.
2604 1827 2687 1878 v1,
2718 1813 2788 1867 55
2819 1854 2832 1878 ,
2863 1811 3137 1869 Veronen.
3181 1821 3350 1868 amate
3373 1853 3391 1882 ,
3424 1817 3479 1866 et
3509 1809 3586 1864 ita
3616 1816 3819 1866 sanctus

516 1899 572 1958 in
599 1898 855 1968 natatoria
881 1939 896 1964 ,
928 1895 1217 1954 Corbeien.
1252 1898 1305 1951 in
1334 1898 1646 1954 natatoriant
1672 1940 1686 1965 ,
1714 1907 1770 1952 et
1791 1897 1865 1952 ita
1891 1896 1948 1952 S.
1983 1897 2117 1952 Amv

520 1994 730 2050 brosius
776 1992 828 2050 in
859 1992 950 2050 lib.
983 1992 1050 2048 de
1094 1992 1364 2064 Mysteriis
1393 2008 1513 2062 cap.
1549 1993 1583 2048 4
1604 2035 1617 2058 ,
1659 2007 1782 2064 pag.
1813 1991 1938 2048 550.

588 2088 790 2153 ibidem
836 2087 1110 2149 Veronen.
1146 2094 1200 2142 et
1223 2084 1529 2142 Vercellen.
1557 2130 1571 2154 ,
1622 2087 1906 2150 tenebatur,
1965 2093 2020 2139 et
2049 2083 2121 2139 ita

522 2181 579 2236 S.
615 2180 932 2244 Ambrosius
974 2181 1026 2236 in
1057 2181 1176 2235 loco
1201 2179 1384 2234 citato.
1411 2179 1535 2238 Gal.
1561 2187 1616 2235 et
1637 2178 1764 2234 Mm.
1783 2221 1798 2246 ,
1844 2187 2118 2234 teneretur.

587 2273 745 2329 Joan.
775 2289 897 2344 cap.
927 2290 982 2340 v,
1011 2275 1103 2341 43,
1134 2273 1402 2329 Veronen.
1439 2272 1763 2338 Vercellen.,
1792 2270 2077 2327 Corbeien.
2102 2311 2119 2338 ,

515 2368 638 2436 Gat.
665 2378 720 2432 et
739 2367 867 2426 Mm.
890 2369 1156 2438 accepistis
1174 2409 1189 2436 ,
1215 2378 1269 2423 et
1295 2368 1370 2422 ita
1401 2367 1456 2423 S.
1479 2367 1794 2425 Ambrosius
1819 2368 1870 2422 in
1896 2366 1990 2424 lib.
2017 2365 2122 2423 Ide

515 2460 717 2532 Spiritu
747 2461 970 2527 Sancto,
998 2478 1118 2532 cap.
1156 2463 1243 2529 15,
1277 2476 1399 2532 pag.
1425 2460 1553 2517 638.

585 2553 742 2610 Joan.
770 2569 890 2624 cap.
924 2569 980 2609 v1
1006 2597 1020 2620 ,
1054 2555 1154 2621 69,
1186 2555 1238 2610 in
1266 2553 1544 2611 Veronen.
1570 2553 1786 2610 additur
1809 2595 1824 2623 ,
1864 2555 2036 2622 dixit;
2065 2553 2122 2610 in

516 2649 574 2705 S.
603 2649 876 2721 Cypriane
903 2690 917 2714 ,
948 2649 1143 2704 dicens.

584 2742 740 2802 Joau.
774 2757 894 2812 cap.
921 2757 970 2798 ιιι
991 2784 1006 2808 ,
1041 2742 1111 2798 70
1135 2767 1174 2808 ,ο
1195 2741 1466 2798 Veronen.
1513 2743 1754 2813 quoniam
1797 2751 1851 2796 tu
1881 2757 1933 2796 es
1973 2741 2118 2812 ﬁlius

514 2833 654 2902 Dei;
704 2835 1048 2892 Corbeiensis
1073 2877 1088 2901 ,
1125 2843 1181 2892 et
1219 2844 1442 2894 sanctus
1488 2834 1791 2908 Cyprianus
1816 2877 1831 2902 ,
1877 2835 2124 2906 quoniam

516 2940 570 2986 tu
595 2946 647 2986 es
676 2929 815 2997 ﬁlius
846 2926 943 2984 Dei
966 2929 1086 2984 viri.

586 3022 744 3082 Joan.
766 3037 884 3092 cap.
918 3023 1024 3087 vi1,
1065 3022 1127 3076 l5
1149 3062 1164 3085 ,
1198 3021 1470 3077 Veronen.
1497 3031 1554 3078 et
1576 3020 1882 3078 Vercellen.
1918 3020 2122 3074 litterae

515 3117 673 3186 novit,
694 3116 978 3182 etc.,etita
1005 3114 1064 3171 S.
1085 3115 1241 3171 Amb.
1270 3117 1321 3170 in
1345 3116 1383 3170 1.
1413 3116 1534 3174 nde
1552 3115 1683 3172 Fide
1705 3131 1756 3171 c.
1779 3116 1834 3182 9,
1856 3113 2121 3186 pag.485.

2225 1903 2544 1960 Ambrosius
2565 1902 2618 1958 in
2651 1902 2744 1958 lib.
2773 1903 2841 1960 de
2865 1903 3032 1959 Tobia
3061 1918 3180 1975 cap.
3215 1901 3281 1959 16
3307 1943 3322 1971 ,
3356 1917 3478 1975 pag.
3510 1901 3641 1958 609.

2298 1996 2428 2052 Luc.
2457 2011 2577 2067 cap.
2610 2011 2709 2063 v11,
2739 1997 2842 2060 47,
2874 1995 3144 2052 Veronen.
3200 1996 3416 2050 remissa
3448 2005 3818 2048 sunt...........

2225 2091 2346 2161 quia
2371 2130 2386 2156 ,
2420 2099 2474 2145 et
2503 2089 2576 2144 ita
2626 2089 2683 2146 S.
2714 2089 3035 2144 Ambrosius
3062 2088 3117 2144 in
3146 2088 3239 2144 lib.
3286 2087 3356 2144 de
3385 2086 3538 2142 Isaac
3569 2095 3630 2143 et
3657 2087 3822 2142 Anna.

2227 2186 2283 2242 ln
2312 2185 2405 2241 lib.
2440 2199 2570 2240 vero
2590 2201 2627 2241 11
2649 2226 2664 2252 ,
2696 2184 2764 2240 de
2793 2184 2988 2241 Posuit.
3023 2199 3146 2256 cap.
3174 2186 3240 2251 8,
3273 2197 3394 2256 pag.
3448 2182 3549 2239 451
3583 2224 3598 2262 ε
3653 2181 3824 2242 dimiso.

2225 2295 2284 2333 sa
2331 2288 2469 2346 sunt,
2521 2285 2626 2334 etc.
2655 2295 2670 2346 ;
2698 2277 2794 2334 sed
2848 2277 2901 2332 in
2937 2276 3109 2349 Epist.
3169 2277 3234 2332 41
3267 2275 3431 2332 class.
3464 2291 3518 2344 1,
3569 2291 3628 2347 p.
3682 2274 3820 2346 955,

2224 2373 2440 2429 remissa
2491 2381 2631 2438 sunt,
2686 2381 2794 2429 etc.
2842 2370 3026 2428 Codex
3073 2369 3314 2436 Brixian.
3377 2369 3822 2440 dintiltunlur.....

2295 2470 2370 2521 ia.

2295 2484 2370 2521 τα.

2229 2484 2428 2617 “Luc.
2454 2573 2576 2630 cap.
2603 2574 2728 2626 XVI,
2755 2557 2814 2627 7,
2855 2556 3132 2615 Veronen.
3162 2557 3235 2612 ait
3255 2565 3306 2611 et
3345 2555 3448 2623 illi,
3478 2553 3788 2618 Vercellen.
3810 2595 3827 2628 ,

2228 2655 2359 2711 dixit
2379 2666 2546 2710 autem
2573 2664 2619 2708 et
2640 2653 2802 2722 huic;
2829 2653 2885 2709 S.
2917 2651 3279 2720 Gaudentius,
3316 2661 3363 2705 et
3392 2652 3465 2705 ait
3491 2650 3595 2722 illi.

2298 2751 2428 2806 Luc.
2469 2764 2589 2822 cap.
2619 2764 2772 2816 xvm,
2803 2746 2891 2816 M,
2916 2747 3197 2804 Veronen.
3229 2757 3284 2803 et
3311 2743 3564 2800 Brixiau.
3603 2745 3723 2802 dico
3742 2744 3830 2804 ita-

2226 2859 2343 2915 que,
2371 2841 2492 2898 Gat.
2523 2851 2577 2898 et
2613 2841 2738 2896 Mm.
2763 2856 2908 2896 amen
2940 2841 3077 2910 dico,
3099 2847 3156 2902 et
3185 2840 3259 2902 ita
3279 2838 3498 2912 quidam
3527 2853 3665 2912 mss.
3698 2833 3834 2896 codi-

2228 2951 2321 2994 ces
2365 2937 2423 2992 S.
2451 2935 2723 3010 Cypriani.

2299 3030 2432 3087 Luc.
2448 3019 2568 3104 cap.
2591 3043 2744 3102 xxiv,
2765 3027 2856 3100 49,
2872 3027 3145 3084 Veronen.
3163 3036 3218 3100 et
3241 3025 3533 3100 Corbeien.
3557 3025 3832 3106 promissa,-

2228 3133 2281 3179 et
2311 3122 2384 3179 ita
2433 3123 2491 3178 S.
2525 3123 2805 3190 Ambros,
2842 3123 2896 3178 in
2918 3123 3015 3180 lib.
3039 3136 3077 3177 ιι
3100 3120 3170 3178 de
3193 3119 3380 3192 Spirit.
3407 3117 3600 3195 Sanct.
3634 3118 3825 3196 capi,

587 3209 744 3270 Joan.
766 3223 886 3279 cap.
915 3223 1020 3273 v11,
1049 3207 1154 3274 25,
1191 3207 1464 3264 Veronen.
1497 3218 1555 3264 et
1607 3208 1947 3274 Vercellen.,
1998 3204 2125 3259 mihi
2151 3198 2200 3264 C
2233 3233 2353 3289 pag.
2383 3216 2507 3273 638.

514 3302 838 3369 irascimini,
894 3311 1024 3369 etc.,
1054 3310 1110 3357 et
1152 3303 1223 3356 ita
1280 3302 1342 3360 S.
1396 3303 1718 3360 Ambrosius
1775 3304 1829 3357 in
1881 3303 2122 3374 exposit.

515 3395 722 3452 Psalm.
748 3409 916 3452 cxvtu
945 3436 955 3456 .
983 3409 1104 3465 pag.
1141 3392 1303 3450 1092.

583 3487 741 3542 Joan.
774 3501 894 3556 cap.
920 3501 991 3539 v11
1022 3529 1034 3551 ,
1069 3486 1172 3552 59,
1209 3486 1479 3542 Veronen.
1507 3499 1562 3542 et
1587 3487 1877 3551 Corbeien,
1909 3486 2125 3542 honori-

515 3580 733 3649 ficatus,
775 3589 830 3636 et
869 3579 939 3634 ita
971 3577 1028 3632 S.
1063 3579 1384 3634 Ambrosius
1432 3579 1488 3634 in
1529 3580 1622 3636 lib.
1652 3579 1721 3635 de
1748 3580 1964 3635 lncarn.
2021 3580 2126 3634 Do-

517 3673 650 3732 m'tn.
681 3671 924 3732 Sacram.
949 3686 1069 3740 cap.
1102 3687 1156 3726 v1
1181 3705 1208 3739 ,-
1244 3686 1366 3742 pag.
1397 3671 1528 3726 7M.

588 3765 744 3822 Joan.
778 3780 897 3834 cap.
928 3780 992 3830 ι,
1016 3763 1086 3819 58
1110 3805 1124 3829 ,
1156 3764 1210 3819 in
1257 3763 1530 3820 Veronen.
1591 3774 1646 3821 et
1695 3765 1936 3820 Brixian.
1967 3805 1980 3830 ,
2042 3765 2120 3819 vel

516 3860 756 3932 operibus
782 3899 797 3925 ,
831 3869 962 3925 etc.,
1011 3867 1067 3913 et
1095 3859 1168 3914 ita
1204 3858 1264 3914 S.
1311 3858 1632 3915 Ambrosius
1678 3860 1732 3915 in
1764 3861 1857 3915 lib.
1890 3861 1958 3915 de
1989 3860 2128 3932 Mys-

517 3952 669 4010 teriis
696 3951 887 4023 cap.2,
915 3952 1123 4021 p.327;
1149 3963 1201 4006 et
1223 3952 1275 4005 iu
1297 3953 1538 4023 Exposit.
1566 3954 1652 4008 Ps.
1679 3969 1866 4018 cxvm,
1889 3971 1942 4025 p.
1968 3953 2128 4010 1118.

588 4046 749 4102 Joan.
779 4060 900 4115 cap.
933 4060 1007 4098 λιι
1034 4085 1046 4108 ,
1072 4046 1170 4108 15,
1207 4045 1477 4101 Veronen.
1509 4087 1524 4111 ,
1561 4047 1862 4102 Vercellen.
1899 4057 1953 4100 et
1989 4046 2128 4101 Cor-

519 4141 698 4194 bcien.
725 4180 738 4204 ,
768 4140 920 4207 ﬂores
945 4137 1259 4206 palmarum.
1285 4137 1346 4192 S.
1382 4137 1704 4192 Ambrosius
1732 4139 1784 4192 in
1821 4139 1918 4192 lib.
1943 4154 1995 4192 ιιι
2027 4139 2134 4193 Ex-

518 4234 680 4303 posit.
701 4231 774 4285 Ev
785 4246 907 4301 ang.
923 4229 1147 4284 secuud.
1169 4228 1302 4282 Luc.
1329 4238 1459 4284 tom.
1485 4245 1503 4283 1
1526 4272 1538 4286 .
1559 4246 1678 4300 pag.
1699 4232 1858 4294 1197,
1877 4231 2136 4286 medullas

522 4325 848 4394 palmarum;
873 4332 927 4377 et
980 4323 1051 4377 ita
1082 4331 1270 4376 auctor
1307 4321 1511 4388 Quaest.
1549 4322 1666 4376 Vel.
1700 4335 1755 4378 et
1784 4325 1917 4377 Nov.
1943 4323 2138 4378 Testa-

527 4425 692 4473 ment.
725 4426 918 4486 quiest.
953 4414 1057 4479 8i,
1090 4415 1142 4470 in
1177 4415 1420 4484 Append.
1442 4405 1485 4469 ~2’)
1511 4424 1548 4468 t.
1579 4416 1638 4470 S.
1665 4417 1803 4487 Aug.
1842 4433 1966 4470 nov.
1999 4416 2132 4472 edit.

594 4510 751 4568 Joan.
784 4524 905 4579 cap.
932 4524 1026 4576 xu,
1048 4509 1139 4572 27,
1175 4506 1443 4562 Veronen.
1480 4517 1533 4562 et
1559 4507 1868 4564 Vercellen.
1897 4552 1910 4575 ,
1954 4511 2137 4562 turba-

2302 3312 2467 3369 Marc.
2491 3327 2614 3384 cap.
2641 3327 2738 3380 χιι,
2768 3311 2858 3380 51,
2893 3309 3197 3376 Veronen.,
3226 3308 3511 3365 secundum
3543 3308 3722 3378 simile
3743 3306 3834 3372 illi,

2233 3407 2464 3464 Vindob.
2490 3450 2505 3476 ,
2536 3406 2702 3462 simile
2727 3406 2865 3461 huic.
2909 3405 2965 3461 S.
3019 3403 3326 3484 Cyprianus
3354 3403 3407 3458 in
3459 3403 3554 3462 lib.
3611 3405 3684 3459 de
3713 3402 3839 3470 Ora-

2233 3501 2381 3556 tione
2409 3499 2684 3556 Dominica
2727 3515 2847 3571 pag.
2879 3499 2983 3558 271
3009 3540 3023 3565 ,
3052 3508 3099 3554 et
3130 3499 3411 3554 secundum
3432 3497 3604 3556 simile
3627 3497 3772 3566 huic.

2307 3595 2384 3649 En
2412 3637 2426 3661 ,
2457 3595 2664 3650 Museili
2713 3591 3066 3658 doctissime,
3113 3607 3144 3646 a
3198 3608 3286 3648 me
3333 3602 3724 3661 excerptarum
3776 3603 3840 3644 ex

2238 3667 2536 3722 Veronensi
2596 3665 2974 3734 Evangeliario
3036 3663 3428 3733 prtecipuarum
3496 3663 3836 3734 lectionum,

2237 3753 2358 3810 qua:
2383 3754 2504 3810 cum
2550 3737 2644 3810 S$_.
2681 3731 2930 3810 Patr-ibus
2960 3731 3329 3810 concordant,
3364 3735 3580 3810 insigne
3625 3731 3841 3810 spicile-

2237 3803 2563 3881 gium.Vale,
2594 3807 2923 3881 Veronensis
2960 3807 3220 3881 Ecclesia:
3256 3806 3573 3881 praesidium
3601 3847 3616 3868 ,
3653 3814 3711 3864 et
3754 3803 3846 3881 de-

2238 3875 2354 3937 cus.
2390 3882 2528 3935 Deus
2575 3880 2825 3950 Optimus
2865 3877 3128 3950 Maximus
3171 3875 3314 3934 votis
3363 3877 3457 3936 diu
3501 3875 3843 3938 obsecuudet

2242 3955 2418 4018 meis;
2449 3949 2778 4020 efﬁciatque,
2805 3961 2857 4003 ut
2891 3949 3078 4019 patriae
3112 3965 3278 4020 serus
3312 3950 3557 4009 intersis,
3594 3964 3722 4020 qua:
3755 3956 3840 4020 te,

2242 4034 2365 4095 post
2406 4017 2901 4095 incomparabilem
2922 4019 3531 4095 prmsulemnloannem
3587 4017 3844 4095 Bragadh

2243 4090 2394 4161 num,
2427 4096 2494 4150 de
2535 4090 2781 4150 restituta
2809 4093 3186 4150 Ecclesiastica
3209 4091 3519 4162 disciplina,
3553 4101 3613 4146 et
3651 4090 3722 4145 de
3766 4103 3849 4143 sa-

2244 4170 2352 4223 cris
2368 4168 2559 4222 litteris
2581 4165 2782 4236 optime
2806 4166 3080 4237 meritum,
3102 4165 3262 4237 veluti
3297 4176 3505 4237 patrem
3524 4163 3664 4218 colit
3683 4172 3737 4216 et
3763 4175 3852 4237 ve—

2248 4251 2488 4293 neratur.
2516 4234 2766 4291 Anmrcm
2793 4235 2920 4289 mihi
2944 4244 3114 4297 tuum,
3141 4234 3566 4308 cujus'equidem
3583 4234 3845 4308 meinoria

2250 4311 2402 4365 valde
2429 4325 2664 4377 recreor,
2681 4309 2842 4378 cupio
2867 4321 3177 4378 conserves,
3203 4317 3278 4374 et,
3311 4304 3482 4376 si'par
3502 4308 3618 4376 pari
3645 4304 3849 4378 referre

2248 4384 2351 4446 vis,
2381 4398 2619 4442 amorem
2652 4376 2768 4434 non'
2791 4379 3086 4448 vulgarem.
3116 4377 3311 4438 Munus
3345 4380 3444 4433 hoc
3473 4380 3582 4433 erit
3603 4376 3851 4448 omnium

2249 4470 2532 4508 munerum
2566 4446 3103 4522 prmstantissimum;
3134 4451 3277 4522 quod
3304 4465 3424 4522 ego,
3457 4450 3734 4522 quoniam
3750 4446 3850 4502 mei

2251 4541 2376 4595 erga
2407 4536 2457 4579 Ic
2483 4520 2646 4595 anilni
2679 4524 2792 4591 ipse
2814 4522 2944 4576 mihi
2968 4521 3217 4576 Conscius
3240 4520 3389 4595 sttui,
3423 4523 3575 4590 quasi
3607 4520 3851 4595 debitum

518 4615 621 4673 tur,
643 4614 699 4661 et
728 4604 799 4660 ita
830 4604 887 4659 S.
918 4602 1078 4658 Auib.
1111 4603 1162 4656 in
1193 4601 1284 4657 lib.
1311 4617 1368 4669 ιι,
1389 4603 1455 4656 de
1479 4601 1609 4657 Fide
1629 4619 1745 4671 cap.
1778 4604 1829 4668 5,
1857 4619 1976 4674 pug.
1998 4604 2135 4659 477.
2165 4596 2222 4658 1)
2249 4591 2521 4674 exspecto.
2549 4594 2758 4674 Siquid
2790 4603 2893 4656 est.
2928 4596 2981 4646 in
3016 4609 3122 4664 quo
3139 4594 3476 4674 amplissimo
3504 4602 3678 4674 atque
3704 4591 3851 4674 illus—

590 4700 747 4758 .loan.
777 4714 894 4768 cap.
939 4712 1014 4752 χιι
1037 4739 1051 4764 ,
1081 4697 1149 4754 40
1170 4737 1185 4763 ,
1217 4695 1488 4752 Veronen.
1519 4738 1535 4765 ,
1567 4696 1762 4752 sanabo
1791 4713 1875 4752 eos
1896 4739 1910 4765 ,
1943 4708 1998 4753 et
2049 4698 2127 4753 ita

521 4794 579 4850 S.
614 4790 956 4846 Ambrosius.

590 4884 745 4944 Joan.
790 4899 910 4955 cap.
943 4897 1050 4948 sit,
1074 4881 1174 4948 41,
1227 4880 1498 4937 Veronen.
1532 4891 1584 4937 et
1609 4881 1899 4937 Corbeien.
1933 4886 2133 4954 majes--

523 4985 674 5031 latent
697 4980 809 5047 ejus
835 5016 850 5042 ,
877 4985 931 5031 et
964 4978 1034 5029 ila
1064 4977 1121 5030 S.
1153 4975 1496 5030 Ambrosius.

588 5067 744 5123 Joan.
774 5083 890 5138 cap.
919 5085 1012 5124 xvt
1040 5111 1052 5134 ,
1082 5069 1182 5133 15,
1217 5067 1416 5123 Veron.
1449 5084 1580 5138 quae
1599 5067 1763 5134 audit,
1797 5069 1852 5124 S.
1880 5068 2120 5124 Ambro-

517 5157 631 5213 sius
661 5160 715 5215 in
746 5159 840 5214 lib.
866 5177 896 5212 v
921 5203 936 5228 ,
963 5161 1029 5215 de
1059 5160 1192 5216 Fide
1223 5176 1342 5231 cap.
1371 5161 1461 5228 11,
1491 5176 1609 5230 pag.
1645 5161 1752 5216 575
1777 5204 1790 5228 ,
1843 5178 2120 5228 quaecum-

516 5267 615 5322 que
635 5252 890 5317 audit;at
913 5253 966 5308 in
991 5253 1082 5308 lib.
1113 5270 1180 5318 ιι,
1211 5254 1278 5309 de
1303 5253 1446 5324 Spir.
1475 5254 1604 5310 San.
1637 5270 1758 5326 cap.
1779 5256 1838 5310 11
1861 5297 1874 5321 ,
1905 5271 1957 5326 p.
1989 5256 2115 5325 656,

514 5340 697 5408 liabet,
729 5359 879 5413 quae.

586 5435 743 5496 JOan.
772 5450 892 5505 cap.
926 5451 1026 5502 11v,
1055 5437 1088 5490 5
1113 5479 1127 5502 ,
1163 5437 1414 5494 Vcronen
1450 5448 1504 5494 et
1545 5439 1851 5496 Vercellen.
1905 5441 2106 5512 adferet

513 5525 802 5586 Corbeiea.
835 5525 961 5581 Hm.
1009 5535 1063 5582 et
1099 5527 1330 5582 Brixian.
1363 5571 1376 5595 ,
1405 5531 1611 5599 adfert,
1644 5539 1698 5585 et
1723 5531 1792 5585 ita
1824 5531 1884 5587 S.
1919 5531 2110 5589 lliero-

513 5633 709 5688 nymus
742 5635 755 5672 :
785 5618 1042 5675 Servatus
1071 5627 1250 5673 autem
1279 5619 1459 5690 Lupus
1480 5620 1639 5691 legit,
1669 5622 1886 5696 adferet.

581 5709 712 5768 Luc.
763 5724 962 5780 capt,
1021 5711 1123 5776 17,
1178 5709 1444 5766 Veronen.
1472 5753 1487 5780 ,
1534 5711 1834 5772 Vercellen.
1878 5725 1934 5772 et
1971 5717 2109 5775 Cor-

510 5801 683 5859 beien.
716 5846 730 5871 ,
780 5803 1101 5860 incredibiles
1126 5845 1140 5874 ,
1193 5813 1247 5860 et
1285 5803 1356 5859 ita
1396 5802 1505 5861 duo
1554 5808 1758 5879 regina:
1803 5808 2105 5870 Succorum

2249 4661 2486 4725 trissitiio
2510 4661 2744 4731 capit—uio
2777 4675 2871 4724 tuo
2897 4661 3058 4733 opera
3085 4679 3204 4722 mea
3233 4661 3351 4719 usui
3373 4664 3544 4734 possit
3565 4678 3697 4717 esse
3726 4703 3741 4725 ,
3776 4661 3844 4723 id,

2244 4739 2290 4794 si
2321 4741 2434 4809 ipse
2475 4738 2775 4809 intelligere
2829 4746 3236 4809 potuero,_rnea
3274 4744 3469 4805 Sponte
3509 4734 3848 4809 suscipiam»:

2246 4804 2538 4875 sin-secus,
2568 4825 2598 4862 a
2629 4804 2679 4864 te
2709 4804 3018 4862 admonitus
3047 4804 3316 4874 efﬁciam;
3350 4819 3409 4861 ut
3459 4807 3697 4878 quisque
3738 4804 3845 4878 ‘DD.

2246 4883 2661 4945 canonicorum,
2692 4894 2812 4934 esse
2842 4894 3027 4934 eorum
3075 4877 3218 4946 apud
3251 4894 3336 4934 me
3388 4875 3602 4948 plurimi
3660 4875 3849 4929 volun-

2249 4962 2440 5016 tatem.
2475 4952 2756 5021 intelligat.
2783 4951 3161 5005 Doctissimum
3187 4990 3201 5014 ,
3226 4959 3390 5021 atque
3418 4947 3502 5021 Cl.
3538 4949 3722 5002 virum
3755 4961 3848 5001 co.

2248 5026 2430 5080 mitem
2457 5019 2753 5078 Ottolin’um
2780 5022 3092 5076 Ottolinium
3118 5061 3134 5086 ,
3157 5019 3313 5089 cujus
3332 5019 3659 5088 sapientiam
3692 5030 3850 5087 atque

2247 5097 2515 5167 ingenium
2547 5093 2714 5167 Roma
2737 5094 3120 5167 etiammirata
3150 5101 3238 5167 est
3258 5135 3273 5160 ,
3300 5092 3475 5167 saluta
3498 5091 3637 5167 rneis
3672 5089 3850 5167 verbis

2249 5161 2557 5238 plurimum.
2591 5165 2766 5221 Audio
2788 5163 3181 5238 nobilissimum
3204 5162 3510 5238 _Anloniu1_n
3536 5161 3845 5238 Musellium

2244 5231 2319 5295 ex
2356 5239 2521 5293 fratre
2552 5247 2798 5306 nepotem
2829 5243 3006 5306 tuum,
3031 5234 3176 5306 quod
3202 5235 3253 5289 in
3285 5234 3520 5305 antiquis
3559 5231 3808 5288 moribus
3830 5267 3847 5294 ,

2247 5322 2407 5378 atque
2460 5309 2514 5368 iu
2546 5305 2919 5366 Ecclesiastica
2955 5305 3240 5378 disciplina
3287 5317 3340 5362 te
3369 5307 3594 5378 dignum
3622 5320 3689 5361 se
3716 5317 3851 5378 pra:-

2245 5375 2371 5437 ste't.
2398 5381 2591 5450 Quanti
2621 5394 2762 5435 nunc
2785 5389 2927 5434 tuam
2969 5377 3179 5450 laudem
3210 5377 3360 5450 facit,
3387 5375 3510 5450 qua:
3543 5376 3662 5438 Deo
3687 5375 3850 5450 etiam

2245 5447 2479 5507 maxime
2531 5467 2673 5506 cura:
2719 5457 2836 5514 est,
2887 5457 3092 5503 tantum
3125 5447 3179 5506 in
3209 5448 3325 5505 dies
3363 5447 3534 5518 magis
3563 5448 3849 5518 magisque.

2243 5523 2497 5648 eulitatur.
2524 5522 2582 5578 In
2611 5511 2861 5578 omnibus
2879 5521 3038 5590 cupio
3075 5520 3308 5594 similem
3349 5511 3483 5577 esse
3503 5511 3598 5596 tui.
3647 5511 3849 5575 l'teriim

2243 5607 2306 5648 va
2331 5609 2380 5648 c.

2243 5607 2380 5649 γεω.
