1984 3166
242 173 294 201 H7

441 228 555 257 CODEX
575 225 843 256 VERCELLENSIS.

244 279 296 306 bus
311 277 426 305 Herodis
438 276 493 304 lle-
665 280 691 303 te
701 274 772 302 enim
788 275 843 302 exi-

265 315 286 341 is
299 323 305 341 :
321 320 383 341 ecce
397 312 463 346 Magi
476 312 511 339 ab
664 315 690 338 et
706 311 773 342 Rex,
787 310 831 344 qui
845 313 888 337 re-

270 350 357 377 riente
372 356 453 376 vene—
663 351 708 382 gat
723 346 851 382 pupulum

245 391 310 413 runt
326 385 452 412 Hieroso-
663 381 754 409 meum
770 381 852 409 Istra—

246 421 274 448 2.
291 422 360 456 lyma
369 441 376 453 ,
392 420 515 447 dicentes
527 428 533 446 :

245 455 307 485 Ubii
314 461 355 483 est
366 455 411 489 qui
426 457 505 481 natus

246 497 287 520 est
300 491 356 518 Rex
371 490 488 518 Judaeu-

244 527 322 555 rum?
335 526 457 554 Vidimus

246 563 320 591 enim
336 558 442 589 stellam

245 598 306 633 ejus
315 599 341 625 in
352 598 448 638 Orien-

244 638 312 667 tem,
324 638 351 661 et
366 639 488 661 venimus

243 670 360 697 adorare
371 677 444 696 eum.

244 706 272 733 3.
287 705 407 733 Audiens
422 708 512 731 autem

244 741 367 769 Herodes
380 740 438 768 Rex
452 743 509 767 tur-

248 777 329 805 batus
344 781 394 810 est,
409 779 437 803 et
449 783 507 803 om-

246 813 289 852 nis
302 812 460 852 Hierosoly-

244 849 272 876 4.
291 856 332 875 ma
348 856 408 875 cum
428 847 497 882 ipso;
521 847 555 874 Et

247 904 256 911 .
279 903 287 912 .
309 903 316 910 .
339 903 346 910 .
367 883 439 919 gavit

246 927 342 947 omnes
356 918 455 953 princi-

246 963 295 991 pes
306 954 482 991 sacerdotum

246 990 274 1018 et
288 990 392 1018 scribas
406 998 491 1025 popu-

246 1027 284 1058 li.
299 1031 326 1054 et
339 1026 489 1059 interroga-

246 1062 287 1089 hit
297 1062 331 1089 ab
342 1060 381 1089 eis
396 1061 441 1089 ubi
452 1061 576 1090 Christus

246 1097 274 1124 5.
296 1097 434 1124 nascitur?
449 1097 489 1125 Ad
506 1098 544 1125 illi

247 1133 375 1160 dixerunt
391 1133 417 1160 in
431 1132 478 1161 Be-

247 1169 333 1196 thlem
344 1168 462 1196 Iudaeae
477 1174 485 1195 :

246 1204 288 1232 sic
299 1201 371 1231 enim
382 1205 466 1237 scrip-

248 1244 305 1266 tum
318 1243 360 1267 est
373 1247 420 1274 per
434 1239 500 1268 se—

246 1275 301 1303 iam
318 1275 480 1310 Prophetam

248 1310 410 1338 dicentem:
668 1328 675 1334 .
725 1328 732 1335 .
779 1327 786 1335 .
835 1329 842 1336 .
888 1331 894 1337 .
935 1329 943 1337 .
989 1331 996 1337 .
1036 1330 1044 1337 .

248 1345 277 1374 6.
299 1346 333 1373 Et
348 1350 375 1374 tu
389 1342 495 1374 Bethle~
668 1351 727 1379 pra.
749 1363 757 1371 .
781 1364 787 1370 .
809 1356 816 1372 .
840 1363 847 1371 .
870 1368 875 1373 .
900 1366 907 1374 .
931 1367 937 1373 .
961 1365 968 1373 .

247 1389 292 1410 em
307 1381 442 1415 Iudaeae;
666 1387 706 1407 er.

249 1425 305 1445 non
315 1425 345 1445 es
360 1415 438 1445 mini-
668 1416 711 1443 lO.
733 1416 863 1445 Videutes
882 1422 973 1446 autem

249 1461 293 1481 ma
306 1453 468 1489 interipriné
665 1452 771 1480 stellam
785 1452 858 1489 gavi-

249 1489 324 1525 cipes
338 1487 417 1517 Iuda.
435 1489 475 1517 Et
665 1488 689 1517 si
700 1493 763 1517 sunt
774 1488 867 1524 gaudi-

462 1536 578 1576 δοθιςί
596 1536 831 1576 CORBEIENSIS.

249 1597 300 1624 llus
331 1597 446 1624 llerodis
476 1597 566 1631 regis:
582 1604 647 1632 ecce
677 1597 743 1632 Magi
769 1597 803 1624 ah
827 1596 938 1623 Oriente
961 1604 1044 1623 vene-

250 1637 313 1659 runt
344 1633 567 1668 Hierosolymam.
593 1631 736 1659 dicentes:
754 1631 802 1660 Ulli
821 1637 869 1660 est
892 1632 936 1665 qui
967 1638 1045 1659 natus

249 1672 291 1695 est
313 1668 369 1694 Rex
396 1668 581 1696 Judaeorutu?
606 1668 726 1695 Vidimus
755 1669 825 1694 enim
854 1668 960 1694 stellam
985 1668 1043 1701 ejus

248 1704 276 1730 in
296 1705 409 1735 oriente,
427 1710 453 1730 et
482 1705 605 1731 venimus
633 1704 746 1731 adorare
768 1712 839 1730 eum.
857 1704 975 1730 Audiens
995 1711 1040 1729 au-

250 1745 303 1766 tem
334 1740 453 1767 llerodes
484 1748 528 1766 rex
557 1741 676 1766 turbatus
695 1743 745 1770 est,
766 1743 793 1766 et
814 1740 901 1766 oumis
921 1739 1045 1766 llieruso-

250 1776 321 1811 lyma
338 1784 398 1802 eum
414 1775 469 1802 illo.
488 1775 516 1802 lit
531 1776 714 1809 ‘eougregaus
727 1783 821 1801 onlnes
848 1775 980 1809 principes
1004 1782 1046 1799 sn-

249 1812 390 1838 cerdulum
412 1817 437 1837 et
462 1810 563 1838 scribas
589 1812 697 1845 populi,
711 1816 735 1837 et
756 1810 930 1844 inti-Irogmit
954 1811 986 1836 ah
1008 1811 1046 1836 eis

250 1847 316 1873 ubi’
339 1846 461 1873 lihrlstn:
490 1847 668 1873 umet-retur?
695 1848 727 1873 At
751 1847 786 1873 illi
812 1846 938 1873 dixerunt
958 1847 982 1872 in
999 1846 1047 1872 Bc-

252 1882 352 1909 tltlevm
379 1882 477 1916 Iudae;
503 1881 540 1908 sic
561 1883 633 1909 enim
662 1883 790 1916 scriptum
812 1888 851 1908 est
866 1889 912 1915 per
929 1882 1034 1915 l‘rophe

252 1923 305 1944 tam
324 1926 330 1944 :
346 1916 377 1944 Et
394 1921 419 1944 tu
435 1915 571 1945 Bethleem
590 1917 599 1932 ⁵
617 1923 686 1944 terra
703 1915 877 1948 Iudaeorum,
893 1922 904 1935 υ
918 1916 1046 1951 nutuqutd

251 1953 363 1980 minima
386 1960 415 1980 cs
436 1954 460 1980 iu
485 1953 649 1988 prlm-iplhus
669 1953 736 1981 Juda
761 1953 825 1979 ?l~lx
841 1958 866 1980 te
890 1953 960 1979 enim
982 1952 1048 1979 exiit

251 1989 315 2020 dux,
329 1990 372 2023 qui
387 1995 460 2024 reget
474 1990 601 2024 populum
613 1997 701 2016 nn-um
713 1989 804 2016 Israel.
821 1989 894 2015 'l‘nnc
908 1989 1028 2015 Herodes
1038 1988 1047 2002 ³

250 2025 319 2051 clam
336 2027 438 2052 vocalis
451 2025 533 2059 Magis
550 2026 692 2059 diligenter
713 2025 805 2051 tlltllCll
830 2026 863 2050 ah
878 2025 916 2050 eis
942 2029 1047 2057 tempus

250 2060 423 2094 stellaequae
435 2061 558 2094 apparuit
569 2062 608 2086 eis
622 2069 627 2085 ε
641 2064 667 2086 et
679 2060 855 2086 mittcnsillos
864 2060 888 2085 in
900 2060 1047 2089 Bethleem.

251 2094 321 2122 dixit
339 2104 344 2121 :
361 2095 415 2127 lte,
432 2100 457 2121 et
480 2095 645 2127 interrogate
675 2095 818 2128 diligenter
843 2095 875 2121 de
899 2101 983 2128 puero
999 2104 1005 2121 ε
1023 2099 1049 2122 et

252 2137 333 2165 quum
349 2116 516 2163 inveneritis,
530 2117 683 2157 reuiiutinte
696 2116 805 2161 milu,ut
815 2135 841 2156 et
853 2116 906 2164 egol
917 2131 926 2144 ⁵
939 2131 1049 2157 veniens

252 2165 362 2192 adorem
373 2173 444 2192 eum.
459 2166 508 2199 Qui
520 2172 600 2200 qutun
617 2166 755 2192 audissent
772 2173 861 2199 regem
876 2166 1011 2198 abierunt,
1024 2171 1050 2193 et

251 2208 316 2228 ecce
331 2201 406 2227 stella
421 2222 427 2230 .
455 2201 677 2235 quam’videraut
692 2202 716 2227 iu
730 2201 856 2233 Oriente,
873 2202 1050 2229 antecedebat

250 2242 310 2273 eos,
324 2236 474 2271 usquedum
489 2237 499 2251 °
514 2235 622 2264 veniens
634 2240 718 2263 staret
734 2244 825 2271 supra,
841 2237 883 2263 uhi
899 2243 957 2264 erat
974 2245 1049 2273 puer.

250 2269 379 2300 Videntes
393 2276 484 2300 autem
508 2273 613 2301 stellam
638 2272 722 2308 gavisi
744 2269 807 2299 sunt
827 2273 923 2308 gaudio

664 417 720 445 ltel.

663 453 690 480 7.
712 452 788 480 Tunc
802 451 924 480 Herodes
942 459 989 480 oc-

663 489 736 516 culte
749 488 855 515 vocavit

663 524 755 559 Magos
767 544 774 556 ,
786 528 813 550 et
826 524 883 550 dili-

664 564 759 595 genter
773 558 867 594 exqui-

665 594 727 623 sivit
742 594 775 622 ab
788 595 826 622 eis
840 599 908 622 tem-

665 639 725 666 pus.
749 650 755 655 .
778 649 785 656 .
809 649 816 657 .
840 636 886 664 pa-

660 668 714 694 ruit
723 667 762 693 eis
781 666 859 693 stella
875 675 882 693 :

661 704 688 729 8.
708 707 735 729 et
748 701 821 729 misit
840 702 900 729 illos
912 700 939 729 in

661 737 796 770 Bethlem,
814 737 908 765 dicens
919 746 926 764 :

662 773 711 806 Ite,
729 774 879 808 interroga-

663 814 690 836 te
705 809 852 843 diligenter
865 808 899 837 de

662 852 747 879 puero
760 853 766 870 :
782 848 809 872 et
821 851 883 871 cum

663 880 832 912 inveneritis,

663 916 783 943 nuntiate
796 916 845 942 mi-

663 951 690 979 hi
704 972 711 984 ,
726 956 755 978 ut
769 955 797 978 et
811 950 849 986 (ο)
865 955 917 986 ego
931 952 1006 979 veni-

663 995 707 1014 am
716 1008 723 1021 ,
740 991 767 1014 et
779 987 889 1014 adorem

664 1031 725 1051 eum
741 1022 771 1058 -Ξη,

665 1059 692 1086 9.
713 1058 763 1092 Qui
779 1065 840 1085 cum
854 1058 946 1086 audis-

665 1099 726 1122 sent
739 1101 830 1128 regem
842 1114 849 1126 ,
863 1093 920 1121 abi-

667 1134 761 1163 erunt,
773 1135 800 1156 ct
813 1136 877 1157 ecce

668 1165 756 1198 stella,
771 1172 850 1199 quam
864 1167 903 1194 vi-

667 1201 763 1229 derant
776 1201 803 1227 in
819 1200 909 1229 orien-

666 1241 730 1269 tem.
746 1237 890 1264 antecede-

665 1272 746 1300 bat..
769 1292 776 1299 .
799 1293 806 1299 .
829 1292 835 1299 .
856 1277 903 1302 νε-

515 169 649 199 EUSEBII
670 167 840 197 VERCELL.
862 167 1085 196 EVANGEUUM
1105 168 1176 196 DUM
1199 166 1310 196 VARIIS
1329 166 1406 195 COD.
1429 164 1624 195 COLLATUM.
1839 164 1883 194 H8

1306 224 1423 255 CUDEX
1444 224 1668 254 VERONENSIS.

1092 273 1144 302 bus
1160 273 1274 301 llerodis
1289 281 1332 301 re-
1509 272 1544 299 ci.
1567 291 1574 298 .
1597 292 1604 299 .
1627 291 1635 299 .
1658 291 1665 298 .
1688 289 1695 298 .
1718 291 1727 298 .
1749 291 1757 299 .
1780 291 1787 298 .
1807 277 1853 299 ex-

1092 310 1144 344 gis.
1165 327 1173 336 .
1197 329 1203 335 .
1227 329 1234 335 .
1255 329 1262 336 .
1283 309 1393 337 Oriente
1510 308 1548 335 iet
1561 307 1702 342 Princeps,
1716 307 1818 343 quire-

1094 349 1227 387 ycuerunt
1242 344 1282 380 (α)
1509 348 1555 387 gat
1571 344 1699 387 populum

1092 381 1121 408 in
1134 380 1229 408 Hiero-
1248 379 1251 380 ⁷
1272 379 1275 380 ⁷
1509 386 1597 406 meum
1614 379 1739 407 Istrahel.

1093 416 1210 452 solyma,
1226 416 1247 451 -ι-
1439 414 1442 415 ⁷
1513 414 1587 452 Tunc
1603 415 1722 452 Herodes
1732 420 1777 442 oc-

1511 451 1583 477 culte
1598 451 1702 478 vocavit

1512 485 1528 513 7
1546 486 1579 513 ad
1592 493 1621 513 se
1641 486 1743 522 Magos,

1511 527 1538 558 et
1551 522 1694 556 diligenter
1706 523 1798 558 exqui-

1511 556 1574 584 sibit
1587 558 1622 585 ab
1632 558 1672 585 eis
1683 556 1750 585 tem;

1513 600 1572 626 pus,
1581 593 1691 633 quando
1702 601 1749 656 ap-

1513 634 1600 656 paruit
1610 636 1649 656 ets
1665 630 1715 656 stel
1728 637 1743 656 ιι

1513 629 1600 662 paruit
1610 628 1649 656 eis
1665 628 1743 656 stella
1756 635 1763 655 :

1511 664 1538 692 8.
1559 669 1586 691 ει
1600 665 1673 692 misit
1685 665 1745 692 illos
1754 665 1782 692 in

1511 699 1661 733 Bethleem.
1674 700 1783 728 dicens:

1510 735 1559 767 lte,
1579 740 1607 762 et
1626 736 1774 771 interroga-

1511 776 1538 798 te
1553 770 1696 806 diligenter
1709 771 1744 800 de

1512 814 1611 842 puero:
1623 812 1651 835 et
1663 812 1724 835 cum

1512 843 1681 876 inveneritis,

1512 879 1665 907 renuntiate
1678 879 1730 907 mi-

1513 913 1551 954 hi,
1565 918 1595 941 ut
1609 919 1636 942 et
1650 916 1687 954 (ὁ)
1702 922 1751 950 ego
1766 923 1813 944 ve.

1512 952 1595 981 niam.
1612 955 1640 978 et
1652 952 1761 979 adorem

1511 992 1573 1012 eum
1585 985 1616 1020 τ.

1514 1020 1540 1048 9.
1562 1020 1612 1054 Qui
1624 1029 1685 1049 cum
1697 1022 1788 1050 audls—

1511 1061 1573 1084 sent
1586 1063 1687 1093 regem,
1705 1058 1778 1086 abie-

1512 1096 1585 1119 runt.
1603 1093 1637 1120 Et
1650 1101 1713 1121 ecce

1512 1128 1600 1164 stella,
1618 1137 1698 1164 quam
1710 1131 1751 1157 vi-

1512 1163 1608 1191 derant
1620 1163 1647 1192 in
1659 1164 1756 1194 Orien-

1513 1203 1550 1232 te,
1565 1201 1709 1228 antecede-

1513 1234 1559 1271 hat
1573 1243 1631 1268 eos,
1647 1244 1732 1271 usque

1094 452 1217 479 dicentes
1234 460 1241 478 :

1094 487 1121 515 2.
1144 487 1194 515 Ubi
1210 491 1251 515 est
1263 487 1310 522 qui
1326 491 1406 515 natus

1096 528 1138 551 est
1149 523 1206 550 Rex
1219 523 1334 550 ludaeo-

1095 560 1174 586 rum?
1188 559 1306 586 Vidimus

1095 596 1167 622 enim
1181 595 1287 622 stellam

1095 630 1167 658 illius
1183 631 1209 658 in
1222 631 1319 671 Orien-

1096 671 1161 699 tem,
1179 672 1205 693 et
1217 674 1340 693 venimus

1096 702 1210 729 adorare
1222 710 1294 729 clllll.

1097 738 1123 764 5.
1146 738 1264 765 Λιιόὶυιιε
1274 743 1367 765 autent

1096 773 1153 800 llex
1169 774 1297 805 Herodis,
1314 778 1370 801 tur-

1095 809 1174 836 batus
1190 815 1240 839 est,
1258 814 1285 836 et
1299 815 1357 836 om-

1097 852 1144 871 nes
1160 845 1314 879 Hierosoly-

1096 888 1138 907 tua
1154 889 1213 907 eum
1232 881 1286 907 illo.

1096 916 1122 943 4.
1145 916 1179 943 Ει
1201 919 1344 952 congress.
1386 937 1392 943 .
1433 937 1440 944 .

1096 986 1275 1015 Sacerdotum

1097 1027 1126 1059 et
1139 1023 1246 1051 Scribas
1263 1030 1345 1059 popu-

1099 1058 1128 1092 li,
1143 1063 1170 1085 et
1183 1059 1333 1094 interroga-

1097 1095 1136 1121 vit
1150 1094 1183 1121 ab
1196 1095 1236 1121 eis

1098 1130 1144 1157 ubi
1159 1129 1284 1158 Christus

1097 1170 1266 1193 nasceretur.

1099 1200 1140 1228 Ad
1152 1200 1189 1228 illi
1204 1201 1329 1230 dixerunt
1340 1202 1376 1235 ei,

1100 1236 1126 1264 5.
1148 1236 1174 1263 in
1189 1237 1327 1265 Bethleem
1338 1238 1475 1267 civitatem

1099 1271 1200 1300 Judaea
1214 1282 1220 1299 :
1237 1273 1276 1301 sic
1288 1274 1361 1301 enim
1513 1269 1578 1298 dum
1590 1279 1636 1299 ve-

1098 1308 1198 1336 dictum
1212 1314 1254 1336 est
1267 1317 1315 1343 per
1515 1307 1566 1339 nil,
1578 1306 1614 1343 (ε)
1629 1313 1656 1336 ει
1670 1309 1745 1336 stetit

1099 1345 1128 1371 6.
1151 1344 1329 1379 Prophetam:
1514 1348 1597 1377 supra

1100 1380 1134 1408 Et
1149 1385 1176 1407 tu
1188 1380 1296 1408 Bethle-
1515 1385 1628 1415 puerum
1641 1379 1673 1415 1-.

1099 1423 1142 1444 em
1158 1415 1271 1450 Judaca,
1295 1417 1300 1422 '
1515 1414 1559 1443 10.
1582 1414 1710 1443 Videntes
1720 1421 1810 1444 autem

1100 1459 1154 1479 non
1167 1460 1197 1479 es
1208 1453 1287 1479 mini-

1514 1452 1620 1479 stellam
1631 1452 1715 1487 gavisi

1098 1495 1142 1515 ma
1161 1488 1231 1516 inter
1241 1489 1316 1523 prin-

1513 1492 1577 1516 sunt
1589 1488 1687 1523 gaudio

1326 1538 1441 1574 CODEX
1461 1542 1658 1573 BRIXIANUS.

1099 1593 1119 1628 ιι·
1136 1592 1162 1619 in
1175 1592 1271 1619 diebus
1286 1586 1403 1620 Herodis
1420 1591 1499 1628 [legis
1514 1591 1663 1628 EccerM‘agi
1679 1591 1713 1619 ab
1727 1591 1840 1619 Oriente
1850 1599 1892 1619 ve-

1100 1625 1198 1655 nerunt
1220 1627 1405 1662 llicrosnlyma
1429 1625 1560 1655 dicentes.
1577 1625 1626 1655 Ulli
1642 1625 1685 1654 εει
1701 1628 1746 1662 qui
1762 1632 1842 1655 natus
1856 1633 1894 1655 est

1100 1664 1154 1691 Rex
1171 1663 1333 1691 Judaeorum
1350 1663 1471 1691 Vidimus
1486 1663 1558 1690 enim
1575 1663 1680 1690 stellam
1693 1664 1751 1697 ejus
1767 1663 1793 1689 in
1806 1663 1894 1690 orien-

1097 1705 1152 1727 tem
1171 1699 1184 1718 ιν
1199 1704 1226 1726 ει
1248 1700 1372 1727 venimus
1388 1699 1503 1726 adorare
1517 1706 1589 1725 etim.
1606 1699 1726 1726 Audiens
1739 1702 1831 1726 autem
1845 1700 1895 1726 lle-

1097 1735 1178 1763 rudes
1194 1743 1240 1762 rex
1256 1735 1379 1762 turbatus
1391 1740 1443 1762 est.
1468 1741 1496 1762 et
1516 1735 1605 1761 omnis
1630 1734 1818 1763 Hierosolvma
1835 1742 1893 1762 cum

1097 1771 1155 1798 illo.
1170 1771 1201 1797 Et
1215 1770 1387 1805 congregavit
1402 1778 1496 1797 omnes
1511 1770 1645 1804 principes
1663 1770 1843 1805 Sacerdotum
1869 1777 1894 1798 et

1098 1806 1207 1833 Scrihas
1220 1804 1326 1840 pop'ull.’
1345 1811 1371 1833 et
1392 1805 1533 1840 requisivit
1546 1806 1580 1832 ah
1595 1806 1634 1833 eis
1651 1806 1695 1833 ubi
1707 1804 1833 1834 Christus
1848 1811 1894 1833 na-

1098 1847 1231 1869 seerctur.
1257 1842 1291 1869 At
1307 1841 1344 1868 illi
1360 1841 1488 1868 dixerunt
1513 1841 1537 1868 ei
1562 1842 1587 1868 in
1613 1840 1751 1868 Bethleem
1780 1841 1895 1869 Judecae

1098 1878 1137 1904 sic
1152 1878 1224 1904 enim
1239 1877 1369 1904 scrihtum
1381 1882 1421 1904 est
1434 1885 1480 1911 per
1492 1877 1664 1911 l’ruplu-tam.
1674 1877 1706 1903 Et
1718 1883 1744 1903 tu
1757 1877 1894 1905 Bethleem

1098 1913 1168 1941 lude
1184 1919 1195 1932 ο
1213 1921 1245 1940 ae
1261 1921 1314 1940 nun
1328 1921 1357 1940 es
1372 1912 1480 1939 minima
1496 1913 1566 1940 inter
1580 1913 1716 1947 principes
1729 1912 1808 1939 Juda.
1826 1920 1859 1940 ex
1872 1918 1896 1939 te

1099 1949 1171 1976 enim
1187 1949 1399 1983 exietPrinccps
1414 1948 1459 1983 qui
1475 1955 1548 1983 regat
1561 1949 1688 1983 populum
1711 1955 1800 1976 meum
1816 1948 1855 1977 Sd
1881 1947 1898 1966 "'

1103 1985 1169 2012 rael.

1137 2020 1212 2047 Tune
1223 2019 1341 2047 llerudes
1351 2020 1458 2047 occulte
1468 2026 1566 2046 vocans
1578 2019 1678 2054 Magos.
1692 2019 1840 2054 diligenter
1849 2027 1897 2048 ex-

1100 2056 1209 2091 quisivit
1224 2056 1258 2082 ah
1271 2055 1311 2082 eis
1323 2060 1430 2090 tempus
1443 2056 1551 2088 quando
1576 2056 1701 2088 apparuit
1713 2055 1753 2082 eis
1767 2056 1847 2082 stella
1869 2060 1897 2082 et

1102 2090 1175 2118 misit
1188 2099 1236 2118 eos
1251 2091 1277 2118 in
1293 2091 1431 2119 Bethleem
1446 2092 1548 2118 dicens.
1568 2095 1666 2118 euntes
1689 2091 1818 2125 requirite
1837 2090 1897 2118 dili-

1101 2131 1195 2162 genter
1206 2126 1241 2154 de
1256 2135 1337 2162 puero
1352 2131 1379 2154 et
1393 2134 1454 2154 cum
1476 2126 1635 2153 inveneritis
1651 2127 1804 2154 renuntiate
1818 2127 1896 2154 mihi.

1103 2161 1167 2190 utet
1182 2170 1231 2197 ego
1242 2163 1357 2190 veniens
1378 2163 1487 2189 adorem
1503 2169 1576 2190 eum.
1605 2161 1651 2197 qui
1676 2169 1737 2189 cuin
1758 2163 1897 2189 audissent

1103 2206 1193 2233 regem
1206 2200 1330 2226 abierunt
1343 2203 1371 2225 et
1381 2205 1444 2226 ecce
1456 2198 1533 2225 stella
1548 2205 1627 2233 quam
1650 2197 1776 2225 viderant
1791 2198 1816 2225 in
1841 2198 1900 2225 Ort-

1102 2240 1165 2261 entc
1178 2240 1188 2253 υ
1205 2242 1230 2261 ιιι
1252 2233 1429 2262 antecedebat
1456 2241 1503 2261 eos
1520 2241 1604 2267 usque
1624 2233 1688 2260 dum
1709 2233 1782 2260 venit
1796 2238 1824 2260 et
1847 2238 1902 2260 ste-'

1104 2270 1135 2296 tit
1150 2277 1230 2304 supra
1245 2270 1290 2298 ubi
1306 2274 1363 2297 erat
1377 2276 1454 2304 puer.
1473 2269 1603 2297 Videutes
1627 2272 1718 2296 autem
1729 2269 1837 2297 stellam
1857 2277 1902 2304 ga-

1103 2305 1155 2333 visi
1168 2310 1231 2333 sunt
1248 2305 1346 2340 gaudio

600 2348 797 2377 VARIANTES
816 2346 1009 2378 LECTIONES
1028 2348 1160 2378 CODlClS
1180 2350 1234 2379 lllS.
1255 2350 1284 2379 S.
1305 2349 1560 2379 GERMANENSIS.

281 2398 289 2413 ⁸
308 2396 468 2428 congregavit
478 2402 565 2428 omnes
577 2398 626 2420 etc.

280 2429 292 2444 ¹
308 2427 420 2453 Nascitur
432 2427 558 2453 Christus?

281 2459 291 2474 ⁸
307 2459 438 2485 Bethleem
449 2458 560 2484 Iudaeae
577 2464 625 2483 non
639 2464 667 2483 es
678 2457 777 2483 minima
789 2458 854 2484 inter
865 2458 990 2490 principes
1005 2458 1049 2483 Ju-

250 2489 311 2515 da...
324 2491 393 2516 exiet
404 2492 520 2522 princeps
533 2490 575 2521 qui
586 2493 668 2521 regat.

1134 2396 1144 2412 ⁸
1156 2396 1257 2429 Occulte
1269 2397 1456 2429 vocavitMagps
1466 2400 1492 2422 et
1501 2396 1636 2428 diligenter
1645 2397 1818 2429 esquisivit....
1828 2403 1903 2429 quan-

1103 2428 1135 2452 do
1148 2428 1258 2483 appar-uit
1272 2429 1310 2453 eis
1320 2427 1402 2454 stella.
1414 2427 1446 2453 Ει
1454 2429 1520 2453 misit

1136 2460 1146 2475 ⁵
1186 2466 1276 2484 eumm.
1288 2463 1315 2484 et

1136 2490 1146 2506 ⁸
1164 2476 1352 2516 {tiam
1365 2489 1376 2509 ί
1389 2497 1463 2522 supra
1475 2497 1586 2522 puerum.

916 2520 1103 2560 uLANcutNt
1116 2531 1231 2561 NOTAE.

287 2583 300 2598 ιι
317 2579 420 2606 Eodem
435 2579 515 2607 modo
537 2579 601 2614 legit
614 2579 751 2606 secundus
763 2576 847 2607 codex
866 2575 977 2606 Grieeus
991 2579 1047 2607 Ro-

250 2614 323 2642 berti
336 2614 467 2651 Stephani
480 2624 487 2646 ς
504 2620 530 2642 ει
546 2615 581 2642 ita
597 2623 657 2642 cum
672 2614 894 2651 interrogatione,
909 2615 1046 2651 numquid,

252 2655 320 2684 etc"
335 2650 476 2684 legendum
490 2655 564 2684 putat
578 2650 689 2684 Grotius
706 2651 732 2677 in
748 2651 804 2684 suis
818 2649 1048 2678 Annotatiotiibus

250 2681 283 2712 ad
301 2681 374 2713 hunc
385 2683 475 2717 locum
490 2681 721 2720 illattlueinLaliui
743 2682 832 2713 autem
846 2685 940 2713 Panes
952 2708 959 2720 ,
975 2685 1048 2714 Hila-

250 2721 319 2757 rius,
330 2720 495 2757 Ambrosius
508 2726 535 2747 et
548 2721 602 2757 [ςεο
616 2716 727 2756 Magnus
740 2721 832 2757 legunt
852 2721 880 2749 ill
895 2716 982 2750 co‘déx
995 2730 1046 2750 ms.

249 2756 515 2785 Sau-Gertnanensis
531 2765 537 2783 :
555 2756 615 2791 Non
625 2765 650 2784 es
664 2757 785 2790 minima,
802 2760 856 2785 'etc.

287 2791 301 2810 ι)
316 2791 380 2819 Litt.
398 2800 423 2818 ιη
436 2796 558 2827 apparet,
572 2793 693 2826 quamvis
706 2791 813 2821 abrasa.

1141 2585 1152 2599 θ
1169 2580 1201 2607 Ει
1225 2580 1274 2617 Ιιίε
1291 2580 1414 2615 paritere
1428 2580 1517 2608 littera
1534 2580 1676 2608 manifesta
1698 2585 1756 2615 est,
1779 2578 1903 2617 quamvis

1102 2622 1248 2651 parumper
1261 2616 1369 2643 derasa.

1137 2650 1316 2692 d_llaniteste
1341 2659 1402 2680 rasa
1427 2656 1469 2680 est
1491 2652 1580 2680 littera
1602 2652 1640 2686 d,
1669 2651 1746 2687 cujus
1769 2657 1903 2688 apparent

1177 2695 1224 2713 lla.

1136 2694 1148 2713 s
1177 2695 1195 2713 η
1218 2707 1224 2713 .

1101 2692 1217 2785 Eleus":
1238 2723 1326 2752 littera
1354 2723 1450 2751 abrasa
1465 2744 1473 2756 ,
1505 2723 1624 2760 vestigiis
1652 2724 1742 2751 tamen
1765 2721 1902 2759 apparen-

1115 2766 1122 2785 ι
1145 2765 1184 2785 us.

1115 2765 1184 2785 lDllS.

1136 2792 1145 2812 τ
1163 2792 1201 2821 lta
1217 2791 1282 2830 legit
1296 2791 1392 2823 Veisio
1407 2793 1502 2823 Latina
1516 2791 1543 2823 in
1558 2803 1609 2823 ms.
1625 2791 1854 2831 Cantabrigiensl.

296 2852 336 2888 (a)
359 2852 396 2880 Ita
413 2855 440 2879 et
451 2844 539 2891 textus
553 2849 674 2891 Grtccus,
688 2854 724 2882 εἰς
734 2852 906 2891 Ἰεροᾳόλυματ
920 2853 958 2891 (b)
974 2854 1010 2891 lla
1026 2854 1125 2889 passim
1141 2853 1236 2881 Latine
1249 2854 1316 2881 solet
1326 2854 1437 2882 reddere
1450 2854 1582 2889 Antiquos
1593 2855 1738 2890 Interpres;
1752 2860 1816 2883 cum
1826 2855 1901 2884 Gm-

257 2890 306 2930 ςιιε
328 2894 417 2916 textus
436 2888 587 2930 orationem
605 2888 689 2930 nectit
713 2888 831 2923 aoristls,
848 2888 886 2930 Διιι
902 2888 960 2918 hic:
975 2888 1046 2919 'm

1105 2892 1143 2927 νὼ
1153 2891 1227 2919 ἐλθὼν
1240 2893 1410 2930 προσκυνήσω
1429 2891 1513 2921 αὐτόν.
1523 2888 1526 2889 ν
1535 2905 1577 2929 η·-
1598 2892 1636 2928 (c)
1650 2888 1688 2920 ita
1701 2897 1729 2921 et
1741 2891 1802 2920 cod.
1820 2892 1899 2921 Cum.

255 2924 315 2953 Lat.
330 2929 356 2953 et
384 2929 472 2952 textus
487 2922 613 2958 Graccus,
636 2924 720 2953 ὶπάνω
734 2928 779 2952 τοῦ
796 2925 911 2955 πάιδίον.
