1984 3166
100 129 143 159 ue
564 123 789 157 annosum!
810 123 994 157 SECUNDUM
1015 122 1229 159 mmmam.

267 182 384 217 CODEX
407 182 674 218 VEROELLENSIS.

101 243 116 263 ο
133 242 215 270 magno
228 234 312 262 valde.
357 269 360 270 ν
500 238 570 261 trem
579 233 653 270 ejus,
666 237 693 260 et

102 273 138 310 11.
151 268 180 298 Et
192 271 314 310 intrantes
329 269 366 306 (α)
378 269 404 298 in
500 269 603 310 ahiitrin
622 268 729 310 Aegyp—
743 308 747 310 Α
763 304 780 310 η
792 304 798 310 α

101 307 204 338 domum,
219 306 239 341 ’ξ-
252 304 338 333 vide!
357 304 361 306 ⁷
503 305 546 333 15.
568 309 636 341 tum,
651 307 680 331 et
692 308 750 332 erat
762 304 799 332 ibi

99 347 152 370 runt
163 340 266 381 puerum
501 348 589 381 usque
599 340 633 367 ad
649 347 723 381 inor-

99 385 148 405 cum
162 378 264 404 Mariam
500 375 553 404 teni
569 375 697 403 Herodis:

98 418 170 441 matre
181 412 245 447 ejus,
258 417 284 440 et
297 420 359 448 pro-
499 417 529 440 ut
539 411 700 448 adimplere=

97 446 206 483 cedentes
218 448 278 476 ado-
297 446 305 448 ’
501 452 545 475 tur
558 447 629 483 quod
640 446 698 474 dic-

98 483 207 513 taverunt
219 483 279 512 eum
296 494 306 511 .-
502 489 557 511 tum
571 488 612 510 est
623 490 637 509 a
653 483 768 511 Domino

97 526 119 548 et
129 519 216 554 apertis
238 518 314 547 then-

97 556 167 584 sauris
185 556 237 582 suis
250 555 328 583 obtu-

95 592 170 619 lerunt
183 592 205 618 ei
219 597 314 619 mune—

96 635 128 661 ra,
142 632 240 659 aurum,
255 627 317 654 thus

96 648 129 690 ἱΞῖ
142 648 331 704 satagit
344 663 392 691 ,α-

95 703 176 725 monili
186 706 211 725 ιη
226 705 301 726 som-

94 734 128 762 nis
140 741 170 761 ne
182 734 303 762 redirent

94 770 120 806 ad
133 769 269 806 Herodem,
289 777 338 806 per

94 805 159 832 aliam
171 805 237 832 viam
248 805 295 833 re;

93 840 163 876 gressi
174 846 234 869 sunt
246 841 273 868 in

195 885 237 904 am
253 877 405 913 regionem.

93 912 127 939 15.
145 911 190 946 Qui
203 920 263 940 cum
278 911 371 942 reces-

92 949 189 979 sissent,
203 954 265 976 ecce
280 956 330 976 an-

93 984 153 1018 gelus
164 984 266 1011 Domini
284 993 332 1020 ap-

94 1020 166 1053 paruit
178 1019 202 1046 in
218 1027 294 1047 som-

94 1055 126 1081 nis
138 1055 239 1089 .loseph,
255 1056 298 1082 di-

97 1098 146 1117 cens
156 1100 160 1117 :
172 1092 266 1125 Surge,
284 1097 312 1119 et

94 1126 168 1160 accipe
184 1134 312 1161 puerum,

94 1167 114 1188 et
125 1168 224 1189 matrem
236 1163 309 1197 ejus,

94 1203 113 1223 et
126 1198 177 1232 fuge
188 1199 210 1225 in
225 1199 337 1234 Aegyp~

95 1239 147 1263 lum,
161 1239 184 1260 el
198 1241 255 1261 esto
271 1235 311 1262 ibi

94 1277 160 1303 usque
174 1269 231 1296 dum
247 1271 274 1297 di
281 1286 292 1291 -

94 1311 139 1331 eam
150 1305 201 1332 libi.
218 1305 305 1333 Futu-

94 1347 139 1366 rum
151 1347 188 1368 est
197 1342 269 1369 enim

94 1379 115 1401 ut
125 1375 233 1404 Herodes
499 1382 546 1409 per
562 1375 693 1403 Hieremi-

95 1417 188 1444 quaerat
201 1420 266 1447 pue—
498 1417 541 1447 a_r_n
555 1411 717 1446 Prophetam

94 1454 139 1485 rum
151 1445 225 1475 istuin
239 1457 306 1485 per-
499 1445 633 1485 dicentem
643 1458 650 1475 :

93 1481 151 1510 dere.
239 1478 248 1485 ’
500 1481 543 1509 18.
600 1483 658 1510 Vox
673 1482 700 1509 in
710 1478 783 1510 Rha-

96 1519 128 1554 μ.
146 1518 257 1554 Sat-gens
273 1524 366 1548 autem
605 1526 648 1546 ma
661 1517 750 1554 audita

94 1552 175 1589 Joseph
190 1552 205 1582 5
216 1563 293 1583 som-
606 1558 657 1586 est,
673 1553 764 1587 ﬁctus,

94 1596 130 1621 no,
144 1592 240 1625 accepit
249 1599 301 1627 pu-
606 1594 634 1618 et
643 1589 762 1627 ululatus

95 1632 165 1659 erum,
180 1631 205 1654 et
218 1625 277 1654 mi-
608 1625 708 1653 mullus
724 1632 730 1651 :
748 1625 801 1653 Ra-

282 1680 401 1713 couttx
420 1676 656 1710 CURBEIENSIS.

95 1735 173 1765 magno
196 1727 285 1758 valde.
305 1730 338 1757 Et
354 1731 483 1757 intrantes
497 1729 606 1756 domum
631 1729 871 1765 inveneruntpue-

94 1764 139 1793 mm
153 1773 207 1793 cum
229 1766 314 1794 Maria
338 1770 423 1793 matre
437 1766 506 1798 eius,
523 1769 550 1792 et
578 1764 750 1798 procidentes
775 1764 871 1790 adora-

94 1807 171 1828 veruut
194 1809 253 1830 eum
276 1811 284 1829 :
310 1807 337 1829 et
357 1801 458 1836 apertis
481 1801 615 1827 thesauris
634 1800 690 1827 Suis
714 1801 870 1827 obtulerunt

94 1836 113 1863 ei
125 1840 224 1865 munera
237 1856 244 1871 ,
256 1844 366 1870 aurum,
377 1835 455 1868 thus,
470 1842 495 1864 et
517 1843 645 1863 murram.
664 1836 697 1862 Et
714 1835 721 1850 ‘
737 1843 868 1868 responso

95 1874 236 1912 acceptum
261 1873 379 1912 somnis_
394 1881 427 1900 ne
453 1872 631 1912 redirenhad
657 1871 802 1904 Herodem,
820 1879 867 1912 per

94 1908 159 1935 aliam
180 1910 246 1936 viam
278 1909 380 1937 reversi
404 1913 467 1936 sunt
488 1908 686 1948 ἱιι-ιδεξςξοηρςη⁵
701 1914 789 1933 suam.
808 1907 869 1948 Qui

95 1950 160 1977 quum
173 1946 361 1975 recessissent,
378 1951 441 1971 ecce
457 1944 568 1978 angelus
582 1942 688 1969 Domini
702 1942 827 1977 apparuit
843 1943 870 1968 in

95 1981 179 2008 somnis
188 1981 301 2019 Ioseph,
318 1981 426 2019 dicens:
437 1979 540 2019 Surge.
556 1983 580 2005 et
597 1979 689 2012 accipe
705 1985 827 2019 puerum,
844 1982 871 2004 et

95 2021 190 2044 matrem
205 2014 263 2051 ejus
280 2037 288 2049 ,
315 2020 341 2043 et
352 2017 412 2050 l'uge
437 2016 462 2042 in
477 2016 629 2051 Aegyptum
641 2034 651 2051 ,ν
663 2018 689 2041 et
703 2014 811 2051 θείᾳ-ἰὺί
827 2021 871 2051 us-

95 2058 135 2084 que
146 2051 202 2079 duln
213 2048 304 2080 diram
321 2048 392 2078 tibi._
403 2048 595 2078 Futurtnu'est
610 2050 682 2077 enim
706 2055 734 2076 ut
750 2048 871 2076 Herodes

95 2092 188 2119 quaerat
198 2096 312 2122 puerum
331 2088 342 2103 ¹
368 2087 400 2114 ad
415 2086 580 2122 perdendum
596 2092 670 2113 eum.
693 2085 742 2118 Qui
759 2091 872 2122 consul":

95 2129 157 2156 gens,
168 2120 267 2161 accepit
283 2130 394 2158 puerum
414 2120 441 2150 et
463 2126 585 2161 matrem
607 2121 666 2156 ejus
690 2125 791 2161 nocte,
813 2120 872 2161 et_'

95 2155 408 2195 Secessitin'Aeéyptum,
426 2163 452 2195 et
469 2162 527 2184 erat
550 2157 586 2184 ibi
614 2155 697 2195 usque
727 2156 760 2183 ad
784 2155 795 2171 ⁸
815 2156 874 2184 obi-

97 2198 140 2220 tum
154 2192 334 2223 Herodlsfu't
351 2193 545 2228 adimpleretnr
560 2192 631 2227 quod
659 2193 761 2219 dictum
787 2196 828 2219 est
857 2199 873 2219 a

96 2228 191 2269 Domino
203 2236 249 2266 per
264 2230 430 2269 Prophe_tam
451 2228 664 2269 d_i_centt_em:_Ex_
679 2229 809 2269 _Aegypto
821 2235 872 2269 vo-

96 2266 140 2291 cavi
154 2264 232 2293 lilium
245 2264 347 2294 meum.
364 2265 439 2292 Tunc
465 2265 584 2291 Herodes
608 2264 618 2279 ⁵
641 2264 736 2290 videns
746 2264 872 2298 quoniam

97 2300 174 2339 iliusus
186 2308 256 2330 esset
270 2310 286 2329 a
299 2302 392 2336 Magis,
408 2301 491 2339 iratus
502 2304 544 2327 est
553 2299 689 2339 valdenet
701 2299 855 2339 mittensoc
868 2312 873 2317 -

96 2336 148 2363 cidit
161 2345 250 2365 omnes
267 2335 378 2373 pueros,
400 2337 444 2372 qui
460 2340 537 2373 erant
553 2337 578 2362 in
599 2335 739 2373 Bethleem
751 2335 773 2367 ⁸,
794 2338 825 2373 et
847 2335 874 2360 in

97 2373 205 2400 omnibus
218 2370 317 2402 ﬁnibus
332 2373 391 2407 ejus
407 2370 416 2405 ζ
438 2380 453 2399 a
468 2372 570 2399 himatu
586 2370 712 2407 etﬁinfra,
723 2370 873 2407 secundum

99 2411 186 2441 tempus
199 2410 270 2444 quod
287 2405 456 2444 exquisierat
465 2407 588 2445 fringis.
606 2406 681 2445 Tunc
696 2405 874 2445 adimpletum

97 2448 130 2469 est
140 2437 323 2479 quod'dictum
334 2437 379 2481 'est
393 2451 440 2479 per
465 2437 633 2481 Hieremiam
651 2437 814 2481 Proplietam
835 2437 876 2481 di-

98 2476 205 2507 centem:
220 2481 280 2512 Vox
296 2481 322 2508 in
336 2476 421 2507 Rania
435 2479 525 2506 audita
535 2483 587 2512 est,
609 2478 729 2513 ploratus
744 2481 770 2504 et
786 2476 875 2505 ulula-

99 2516 148 2541 tus’
162 2524 167 2542 :
180 2516 216 2543 Ra

501 527 548 554 per
559 517 723 553 Prophetam

500 555 634 582 dicentem
646 563 653 581 :

502 591 542 618 Ex
557 589 679 625 Aegypto
691 597 738 617 vo-

500 626 560 653 cavi
577 626 661 653 ﬁlium
677 630 733 653 me-

502 661 545 689 16.
567 669 622 689 um.
640 661 716 690 Tunc
728 661 781 690 ﬂe-

499 698 629 729 rodcs,ut
644 697 710 725 vidit

499 733 627 768 quoniam
642 733 690 761 de-

501 769 577 796 lusus
591 773 654 796 esta
670 769 725 797 Mai

498 805 551 839 gis,
566 805 649 832 iratus
661 806 703 832 est

499 840 594 872 valde;
618 845 644 867 et
657 840 741 873 misit,

499 880 527 903 et
539 875 636 902 occidit
649 883 709 903 om—

499 918 548 939 nes
562 918 671 945 pueros,

500 947 546 981 qui
560 951 638 975 erant
654 948 679 974 in

500 982 636 1016 Bethlem,
650 987 678 1011 et
692 982 719 1010 in

502 1018 625 1045 omnibus
640 1026 682 1046 re-

500 1054 625 1088 gionibus
639 1055 708 1089 ejus,

501 1099 514 1116 a
528 1090 627 1117 bimatu
643 1096 669 1117 et
682 1090 722 1116 in-

502 1125 552 1158 fra,
566 1126 713 1153 secundum

502 1166 606 1195 tempus
618 1162 690 1196 quod

502 1197 666 1230 caquisicrat

502 1240 516 1258 ξι
533 1233 623 1264 Magis.

502 1268 545 1294 17.
567 1268 642 1296 Tunc
659 1268 789 1305 adimple-

500 1307 555 1339 tum
572 1308 614 1331 est
629 1304 701 1339 quod

499 1338 600 1366 dictum
612 1338 653 1368 est

878 915 885 919 ‘
933 913 1042 942 sissent,
1060 918 1122 938 ecce
1138 910 1194 940 Δη-

1147 126 1229 159 ΕυΜ.
1671 126 1722 164 450

1147 180 1263 232 eoum:
1283 181 1507 220 vsaomse.

1346 236 1410 263 abiit
1427 238 1452 264 ill
1469 239 1573 273 Aegyp-

1348 277 1413 304 lnm,
1429 278 1454 300 el
1469 274 1571 302 eratibi

1347 316 1431 342 usque
1451 309 1483 336 ad
1498 317 1558 337 con-

1347 341 1554 373 sumnmtioncm
1579 341 1693 375 Herodis
1710 355 1717 373 :

1347 383 1375 406 ut
1389 380 1515 415 implere-

1348 419 1391 441 tur
1401 416 1471 450 quod
1483 415 1523 443 di-

1346 454 1417 477 ctum
1429 456 1467 478 est
1482 459 1497 479 a
1512 452 1630 482 Do'm'ind

1345 493 1393 521 per
1405 486 1565 522 Prophetam

1345 522 1480 550 dicentem
1492 529 1500 550 :

1345 557 1384 584 Εκ
1398 558 1520 594 Aegypto
1530 567 1574 588 vo-

1345 593 1403 620 cavi
1419 593 1502 621 ﬁlium

1346 636 1445 655 meum.

929 240 1028 268 magno
1042 233 1128 261 valde.

930 269 974 306 11.
998 269 1030 296 Et
1044 269 1175 306 intrantes
1188 270 1227 306 (ἃ)
1239 270 1264 298 in

931 304 1040 342 domum
1052 305 1084 340 τ,
1100 305 1175 334 inve-

931 344 1029 368 nerunt
1044 342 1157 375 puerum

930 383 990 403 cum
1007 376 1090 403 Maria

930 416 1018 448 matre
1031 411 1101 446 ejus,
1114 417 1140 440 et
1154 415 1216 448 pro-

931 447 1053 475 cidentes
1064 448 1130 474 ado-

932 487 1061 510 raverunt
1075 491 1153 511 eum:

933 523 960 546 et
970 519 1071 553 apertis
1082 519 1160 546 then-

932 554 1019 581 sauris
1031 555 1087 581 suis
1099 559 1179 589 optu-

931 590 1022 617 lerunt
1037 591 1059 617 ei
1072 597 1166 619 mune-

932 633 974 658 ra,
988 633 1095 658 aurum,
1113 630 1167 660 tus,

932 661 976 689 12.
998 665 1024 688 et
1040 669 1170 691 murram.
1185 663 1219 691 Et
1234 663 1280 692 ad-
1349 665 1394 691 16.
1410 664 1487 694 Tunc
1499 666 1551 694 He-

931 697 1036 734 nipnjti.
1060 718 1068 734 ε
1090 718 1097 724 .
1121 718 1127 724 .
1151 717 1159 725 .
1182 718 1188 725 .
1346 700 1437 734 rodes,
1452 707 1481 729 ut
1496 702 1565 730 vidit

932 732 965 770 ad
979 731 1126 770 Herodem,
1143 741 1193 769 per
1345 731 1470 770 quoniam
1483 737 1527 766 de-

933 768 1011 795 aliam
1025 768 1095 795 viam
1109 768 1152 796 re;

933 804 1021 839 gressi
1035 808 1098 831 sunt
1112 805 1138 832 in

931 847 1009 869 suam
1025 839 1175 874 regionem.

934 875 979 904 15.
997 874 1047 908 Qui
1058 882 1117 902 cum
1133 883 1223 905 reces-

1347 771 1420 799 lusus
1431 778 1472 801 est
1486 781 1500 800 a
1512 772 1563 802 Ma-

1347 807 1397 841 gis,
1415 808 1498 836 iratus
1512 814 1552 836 est

1347 842 1425 871 valde
1435 853 1441 874 ;
1458 849 1485 872 et
1495 845 1580 879 misit,

1346 883 1373 906 et
1388 879 1489 907 occidit
1503 888 1561 908 om-

1346 921 1395 942 nes
1411 923 1519 950 pueros,

1345 950 1389 984 qui
1404 955 1481 978 erant
1493 951 1521 979 in

1344 985 1493 1019 Bethleem,
1506 989 1534 1015 et

1345 1022 1469 1050 omnibus
1486 1023 1519 1050 ﬁ-

1346 1057 1426 1085 nibus
1438 1058 1498 1092 ejus
1512 1079 1520 1092 ,

1345 1099 1359 1119 a
1371 1093 1472 1121 bimatu
1483 1098 1510 1121 et
1525 1092 1566 1121 in-

1344 1128 1395 1162 ira,
1411 1129 1558 1157 secundum

1345 1168 1451 1200 tempus
1464 1166 1537 1200 quod

1347 1199 1390 1236 17.
1408 1201 1572 1236 exquisierat

1345 1242 1364 1271 ἓ
1374 1235 1465 1271 Magis.

932 948 1009 984 gelus
1026 946 1130 984 Domini
1144 954 1191 984 ap-

933 982 1024 1019 paruit
1036 983 1061 1008 in
1074 990 1149 1019 som-

934 1017 982 1047 ines
991 1018 1102 1052 Joseph,
1119 1017 1161 1046 di—

933 1062 1000 1083 cens
1017 1063 1022 1080 :
1039 1055 1135 1088 Surge,
1151 1060 1180 1083 et

933 1090 1025 1125 accipe
1041 1095 1163 1124 puerum,

933 1130 961 1154 et
973 1131 1087 1153 matrem
1103 1126 1172 1161 ejus,

933 1166 961 1204 ςτι
974 1161 1072 1204 rusei"
1088 1161 1194 1204 Aesta-

934 1170 961 1189 et
974 1170 1034 1197 iuge
1047 1170 1072 1188 In
1088 1170 1170 1225 nega]

934 1202 1002 1230 tum,
1018 1200 1045 1224 et
1059 1201 1118 1225 esto
1133 1199 1140 1225 l
1161 1206 1170 1225 ι

934 1240 1028 1268 usque.
1053 1253 1059 1259 .
1083 1253 1089 1259 .
1113 1252 1120 1259 .
1143 1254 1149 1260 .
1174 1254 1180 1260 .

934 1289 940 1296 .
965 1291 970 1295 .
994 1287 1002 1294 .
1023 1290 1031 1306 _.
1055 1288 1061 1294 .
1085 1289 1092 1296 .
1115 1289 1121 1296 .
1146 1290 1152 1296 .
1176 1290 1182 1296 .
1239 1284 1243 1287 ι
1344 1270 1561 1306 Τιιησεᾱὶήιριθ-

930 1304 1062 1342 est_enim_
1344 1310 1400 1342 tum
1414 1313 1456 1334 est
1469 1304 1540 1342 quod

930 1345 959 1367 ut
974 1339 1095 1367 Herodes
1342 1341 1443 1369 dictum
1455 1339 1497 1371 est

932 1381 1035 1410 quaerat
1048 1382 1112 1408 pue—
1342 1383 1391 1411 per
1407 1378 1537 1406 Hieremi-

929 1418 990 1438 rum
1005 1411 1083 1438 istum
1100 1418 1160 1446 per-
1339 1419 1382 1438 am
1396 1412 1557 1447 Prophetam

931 1447 1005 1473 dere.
1338 1446 1473 1475 dicentem
1491 1459 1497 1477 :

930 1482 974 1509 M.
990 1482 1107 1517 Surgens
1119 1482 1208 1510 autem
1347 1482 1404 1509 Vox
1422 1484 1448 1511 in
1465 1485 1518 1513 Ra-

929 1517 1031 1551 Joseph
1040 1538 1046 1549 ,
1233 1519 1235 1522 ’
1346 1526 1390 1546 ma
1405 1520 1495 1549 audita

928 1552 1038 1587 accepit
1052 1561 1118 1588 pue—
1346 1554 1388 1582 18.
1403 1590 1410 1593 _
1420 1561 1472 1593 est,
1487 1558 1619 1593 ploratus,

929 1597 1002 1621 rum,
1021 1594 1046 1615 et
1061 1597 1117 1616 ma-
1345 1594 1372 1616 et
1385 1590 1503 1620 ululatus

928 1624 972 1652 15.
992 1629 1058 1652 trem
1075 1624 1133 1660 ejus
1148 1625 1274 1660 nocte,et
1345 1626 1444 1654 multus
1458 1636 1464 1653 :
1476 1628 1529 1656 Ra-

1159 1679 1275 1711 CODEX
1295 1675 1491 1713 BRIXIANUS.

923 1735 1022 1764 magno
1053 1729 1345 1767 valdeuetrintranles
1362 1731 1401 1767 (α)
1412 1731 1439 1758 in
1466 1731 1576 1761 domum
1595 1730 1721 1763 videl‘uni

925 1773 1042 1800 puerum
1066 1773 1126 1792 curn
1142 1765 1224 1803 Maria
1239 1772 1324 1793 matre
1345 1765 1412 1803 ejus.
1430 1772 1456 1794 et
1470 1769 1640 1802 procidentes
1654 1769 1720 1798 adii-

923 1806 1052 1840 raverunt
1073 1809 1144 1828 eum.
1169 1806 1195 1828 et
1225 1802 1495 1840 apertisthcnsauris
1524 1805 1580 1831 suis
1614 1806 1721 1840 optule;

923 1840 986 1862 runt
997 1837 1020 1863 ei
1034 1845 1144 1864 munera
1158 1834 1251 1864 aurum
1265 1841 1274 1863 t
1299 1841 1312 1855 ἰ
1327 1838 1378 1865 hus
1389 1843 1415 1865 et
1427 1846 1545 1866 murram
1555 1834 1721 1870 etadliionili

924 1879 971 1906 per
995 1874 1129 1899 somnium
1156 1879 1189 1899 ne
1211 1873 1331 1900 redirent
1359 1874 1391 1900 ad
1416 1874 1549 1902 Herodem
1570 1883 1617 1908 per
1642 1877 1720 1905 aliam

924 1908 992 1934 viam
1017 1909 1115 1935 reversi
1139 1913 1201 1935 sunt
1226 1909 1251 1935 in
1278 1908 1414 1943 regionem
1439 1918 1525 1938 suam.
1559 1910 1721 1940 RecedentiJ

923 1943 980 1981 lius
1000 1948 1089 1981 autem
1116 1943 1264 1981 i|l_is._eccc
1277 1945 1395 1981 Angelus
1417 1945 1521 1972 Domini
1537 1944 1720 1981 apparuitJo—

903 1977 988 2012 ‘seph
1014 1979 1038 2004 in
1060 1978 1162 2017 somnis
1172 1978 1281 2017 dicens.
1299 1977 1384 2017 Surge
1403 1985 1429 2006 et
1452 1981 1543 2015 accipe
1555 1977 1671 2017 puerum
1694 1988 1721 2010 et

924 2018 1037 2052 matrem
1054 2014 1153 2052 cjus‘et
1171 2014 1230 2052 inge
1251 2015 1277 2041 in
1300 2015 1450 2050 Aegyptum
1467 2021 1493 2043 et
1510 2014 1569 2043 esto
1585 2017 1620 2045 ibi
1638 2025 1722 2052 usque

924 2050 987 2076 dum
1003 2050 1090 2076 dicam
1107 2049 1170 2088 tibi._
1181 2050 1298 2077 futurum
1314 2049 1446 2088 est’enim
1463 2056 1491 2078 ut
1508 2052 1627 2080 Herodes
1642 2049 1723 2088 quae-

924 2091 965 2112 rat
982 2093 1092 2120 puerum
1108 2086 1219 2120 perdere
1233 2090 1304 2124 eum.
1321 2086 1369 2114 ille
1381 2091 1480 2124 autem,
1492 2095 1604 2124 surgens
1619 2086 1724 2124 accepit

925 2125 1079 2160 puernrnet
1090 2127 1202 2148 matrem
1211 2122 1279 2160 ejus
1292 2125 1381 2160 nocte.
1401 2125 1428 2149 et
1438 2123 1504 2160 abiit
1516 2122 1720 2160 in’Aegyptuin.

925 2161 952 2184 et
963 2156 1070 2195 eratuilii
1087 2164 1172 2192 usque
1185 2157 1219 2195 ad
1237 2157 1338 2195 obitum
1355 2157 1478 2195 Herodis.
1492 2156 1723 2195 utadim'p'leretur

925 2193 995 2226 quod
1011 2192 1110 2219 dictum
1127 2198 1167 2220 est
1178 2200 1192 2229 a
1205 2192 1320 2221 Domino
1335 2201 1381 2228 per
1396 2194 1559 2229 Prophetam
1575 2192 1720 2224 dicentem.

925 2234 958 2255 ex
969 2228 1093 2263 Aegypto
1109 2228 1201 2255 vocabi
1218 2229 1303 2256 ﬁlium
1314 2237 1413 2256 meum.

961 2262 1036 2290 Tune
1053 2263 1173 2302 Herodes
1186 2265 1282 2292 videns
1297 2265 1368 2300 quod
1382 2265 1493 2293 delusus
1509 2270 1581 2294 esset
1597 2274 1611 2293 a
1626 2264 1718 2302 Magis.

928 2299 1012 2326 iratus
1023 2303 1065 2326 est
1076 2299 1262 2327 vehementer.

964 2334 998 2361 Et
1011 2335 1121 2362 mittens
1136 2336 1235 2363 occidit
1247 2344 1345 2364 omnes
1357 2339 1456 2372 pueros
1466 2338 1509 2370 qui
1524 2338 1601 2365 erant
1614 2338 1638 2365 in
1648 2338 1725 2366 B'etli-

927 2371 997 2397 lcem
1020 2376 1047 2397 et
1069 2371 1095 2398 in
1111 2372 1236 2399 omnibus
1251 2372 1351 2399 ﬁnibus
1367 2374 1426 2406 ejus
1440 2382 1453 2399 a
1467 2373 1567 2401 bimatu
1592 2378 1618 2401 et
1643 2375 1723 2402 inira.

928 2406 1076 2444 segmdum
1089 2412 1196 2444 tempus
1210 2408 1282 2442 quod
1297 2409 1464 2441 exquisierat
1478 2417 1492 2435 a
1503 2409 1594 2444 Magis.

964 2442 1039 2479 Tunc
1062 2443 1238 2479 adimpletum
1254 2447 1296 2470 est
1313 2444 1383 2478 quod
1397 2444 1497 2471 dictum
1513 2442 1556 2471 est
1567 2452 1615 2479 per
1631 2445 1724 2472 [liere-

927 2478 1007 2505 miam
1018 2478 1179 2513 I’roplxetam
1196 2478 1341 2506 dicentem.
1356 2479 1415 2507 Vox
1429 2481 1455 2507 in
1467 2479 1550 2508 Rama
1564 2480 1655 2509 audita
1672 2486 1724 2509 est.

927 2514 1049 2548 ploratus
1076 2519 1103 2541 et
1129 2515 1245 2542 ululatus
1269 2515 1378 2542 multus.
1408 2515 1460 2543 Ba-

426 2572 625 2603 VARIANTES
645 2571 837 2601 LECTIONES
851 2571 986 2601 CODICIS
1005 2572 1060 2601 MS.
1083 2573 1111 2601 S.
1132 2572 1385 2602 GERMANENSIS.

124 2620 261 2655 {Admonui
281 2652 286 2655 Δ
330 2653 332 2655 ι
362 2651 382 2655 _,
515 2649 518 2655 ἑ
577 2648 588 2655 ι
649 2646 653 2655 ε

124 2652 133 2698 ς
226 2652 344 2685 perdere.
359 2651 472 2684 surgens
481 2649 563 2678 autem
574 2648 666 2682 Joseph

124 2713 134 2729 ⁸
148 2715 374 2742 tonsnmmationem

932 2641 937 2651 :
963 2620 974 2651 ιγ
992 2619 1025 2644 Ut
1036 2621 1123 2645 vidit...
1134 2624 1172 2646 est

962 2650 975 2697 ς
990 2651 1113 2708 gzuga‘eae,
1126 2654 1153 2678 et
1163 2652 1275 2678 omnibus
1286 2652 1430 2684 regionibus

1042 2689 1050 2708 ε
1068 2690 1080 2708 s

747 2768 928 2799 BLANCHINI
947 2770 1059 2800 NOTAE.

132 2815 259 2851 “,Abrasa
271 2818 387 2855 aspirata
408 2821 436 2846 et
450 2820 605 2853 apparente.

141 2882 174 2921 (α)
186 2884 222 2914 Ita
235 2891 262 2914 et
273 2890 360 2916 textus
377 2885 497 2921 Graecus,
511 2887 549 2916 τις
562 2887 608 2916 τὴν
617 2885 704 2914 οὶκίαν.
