3968 6332
515 226 607 284 liii

909 347 1136 405 CODEX
1177 345 1714 403 VERCELLENSIS.

665 441 788 515 chel
809 442 1029 515 plorans
1359 440 1501 508 quod
1525 439 1728 515 dictum

668 510 984 580 fllios'suos,
1356 522 1442 568 est
1468 526 1561 582 per
1588 510 1827 582 Prophe-

666 595 722 639 et
752 585 921 640 noluit
948 600 1077 640 con-
1362 593 1470 638 tam
1505 601 1517 637 :

667 655 849 720 solari,
881 656 989 723 qui-
1503 654 1768 721 Quoniam
1791 654 1864 725 (ὁ)
1898 653 2002 710 Na-

671 742 702 782 a
726 743 829 797 non
863 737 1008 782 sunt.
1503 739 1700 797 aereus
1729 725 1771 797 1-
1800 741 1964 782 voca-

525 804 613 860 I9.
660 796 919 858 Defuncto
949 813 1043 853 au-
1505 795 1669 851 bitttr.

523 869 907 965 {‘3‘!‘.'I€'.°.‘l€:
1499 912 1537 926 ·-
1562 907 1792 965 CAPUT
1814 909 1900 965 Ill.

526 960 654 1001 ecce
670 941 910 1010 Angelus

527 1013 735 1070 Domini
765 1027 998 1082 appartt-
1035 1019 1058 1076 “,

524 1088 564 1142 it
594 1089 644 1142 in
673 1085 880 1140 somnis

525 1157 726 1228 Joseph
758 1155 831 1210 in.
871 1198 883 1210 .
917 1197 928 1207 .
967 1193 980 1208 .
1018 1197 1030 1208 .

523 1230 614 1301 20.
691 1239 1035 1301 gypt.....
1085 1242 1196 1282 ns:

522 1299 714 1371 Surge,
730 1299 802 1356 vet
825 1299 1009 1365 accipe

522 1387 774 1444 puerum,
799 1377 852 1423 et
885 1384 998 1424 ma—

525 1442 661 1498 irem
683 1442 821 1512 cjns,
851 1449 905 1495 et
931 1455 1025 1495 va-

522 1516 599 1582 .de
630 1515 681 1567 in
714 1525 914 1567 terram

527 1583 753 1640 Istrahel
784 1603 796 1636 :
827 1582 1051 1638 defunc-

1433 1003 1486 1056 I.
1530 1001 1586 1056 In
1611 1002 1715 1055 illis
1732 1006 1933 1059 antem‘.

1359 1071 1554 1127 diebus
1577 1073 1724 1127 venit
1744 1073 2018 1132 Iohannes

1358 1143 1590 1212 Baptista
1615 1159 1772 1214 prae-

1359 1214 1546 1269 dicans
1572 1215 1624 1268 in
1654 1220 1748 1270 de-

1361 1296 1508 1340 serto
1534 1285 1759 1354 Judeac,

1362 1358 1416 1410 2.
1450 1363 1506 1410 et
1528 1357 1714 1413 dicens
1745 1378 1758 1415 :
1796 1361 1930 1418 Pae-

1363 1428 1640 1484 nitentiam
1671 1445 1731 1484 a-

1362 1498 1473 1569 gite
1497 1517 1509 1550 :
1541 1499 1822 1572 adpropin-

1365 1571 1547 1640 quavit
1575 1574 1720 1627 enim

1367 1656 1588 1710 regnum
1616 1641 1753 1699 Cae-

1367 1711 1420 1766 3.
1457 1713 1651 1768 lorttm.
1683 1716 1780 1780 IIic
1808 1731 1890 1780 est.

1367 1785 1508 1856 enim
1536 1784 1604 1839 de
1627 1802 1735 1856 quo

1366 1853 1565 1910 dictum
1597 1853 1682 1913 est
1701 1876 1794 1928 per

1369 1934 1797 2008 f°°.:°Phe-

1366 2006 1474 2051 tam
1503 1997 1774 2062 dicentem
1810 2028 1820 2061 ε

1366 2067 1481 2123 Vox
1508 2069 1748 2131 claman-

1364 2138 1432 2193 tis
1460 2142 1511 2193 in
1536 2141 1721 2202 deser-

1365 2218 1422 2264 to
1451 2228 1466 2267 :
1496 2209 1689 2272 Parate
1719 2221 1797 2275 vi.

1366 2297 1454 2336 am
1476 2282 1689 2343 Domini
1719 2308 1732 2344 :
1768 2307 1885 2350 rec-

1368 2362 1453 2408 tas
1482 2352 1645 2413 facile
1674 2366 1840 2418 semi-

1372 2437 1453 2479 tas
1477 2425 1616 2493 ejus.
1645 2429 1776 2488 Om-

1370 2496 1454 2550 nis
1479 2497 1634 2554 vallis

1367 2567 1702 2643 implebitur,

529 1664 614 1710 tus
635 1665 718 1710 est
737 1655 903 1717 enim,

527 1728 617 1798 qui
640 1727 938 1796 quaerebat
967 1727 970 1732 ’

527 1798 765 1853 animam
797 1813 918 1867 pue-

528 1869 620 1923 21.
663 1870 709 1924 ri
745 1911 756 1923 .
805 1910 817 1921 .
865 1906 879 1922 .
917 1867 984 1922 Et
1013 1881 1242 1938 surgens

528 1941 735 2010 accepit
763 1955 1014 2009 puerum,

527 2021 583 2066 et
609 2022 832 2067 matrem
856 2011 996 2079 ejus,
1041 2073 1044 2076 ,

527 2093 582 2138 et
613 2083 756 2138 venit
785 2083 837 2137 in
869 2092 975 2137 ter-

528 2169 642 2208 ram
673 2153 922 2210 Istrahel.

529 2224 619 2279 22.
698 2225 939 2280 Audiens
961 2233 1140 2280 autem

529 2296 673 2366 quod
706 2295 1006 2352 Archelaus

526 2375 782 2436 regnaret
804 2369 856 2422 in

529 2439 700 2495 Judea
729 2454 824 2508 pro
863 2437 1036 2494 Hero-

529 2511 599 2566 de
633 2520 784 2580 patre
809 2525 930 2576 suo,
966 2509 1023 2564 ti-

528 2579 665 2636 muit
689 2581 779 2636 illo
800 2579 918 2645 ire;

526 2663 582 2708 et
609 2642 917 2707 admonitus
1369 2650 1424 2696 et
1448 2642 1626 2696 omnis

526 2724 580 2779 in
603 2724 832 2789 somnis,
862 2737 951 2778 se-
1370 2727 1527 2789 inops
1551 2722 1608 2768 et
1632 2717 1746 2773 col-

1371 2784 1714 2844 liShumilia-

1367 2855 1821 2939 bitur;eterunt

1366 2942 1696 2999 omntapra-

527 3008 622 3064 25.
664 3010 742 3063 vit
766 3008 821 3062 in
843 3006 1097 3072 civitate,
1366 3001 1506 3055 vain
1546 3001 1721 3058 direc-

1367 3080 1444 3137 ta,
1478 3081 1533 3126 et
1554 3086 1746 3140 aspera

1370 3143 1423 3196 in
1451 3144 1568 3196 vias
1600 3144 1717 3212 pla-

1372 3229 1472 3268 nas
1493 3229 1507 3278 ;
1553 3223 1608 3270 et
1625 3214 1774 3270 vide-

955 3334 1190 3393 CODEX
1227 3333 1694 3393 CORBEIENSIS.

531 3429 655 3487 chel
683 3429 900 3501 plorans
930 3428 1072 3486 ﬁlios
1099 3444 1228 3485 suos
1247 3473 1262 3497 ,
1293 3429 1537 3486 etnoluit
1557 3429 1850 3494 consolari,
1869 3429 1994 3500 quia
2019 3444 2124 3486 non

533 3510 682 3557 sunt.

530 3094 670 3149 quae
695 3087 921 3142 vocatur

531 3150 817 3213 Nazaretb;
846 3157 906 3204 ut

529 3220 918 3292 adimpleretur

602 3573 667 3628 II.
693 3571 955 3628 Defuncto
974 3583 1153 3627 autem
1177 3571 1409 3637 Ilerode,
1443 3585 1570 3626 ecce
1589 3573 1604 3602 ⁸
1625 3571 1872 3642 apparuit
1888 3572 2142 3640 Angelus,

531 3645 747 3699 Domini
784 3644 835 3698 in
864 3643 1067 3698 somnis
1093 3642 1292 3712 Ioseph
1328 3645 1378 3697 in
1410 3642 1675 3714 Aegypto,
1710 3643 1932 3697 dicens:
1957 3643 2126 3712 Surge

528 3726 579 3770 et
611 3718 796 3784 accipe
826 3731 1071 3783 puerum,
1090 3724 1145 3769 et
1173 3723 1400 3769 matrem
1428 3715 1567 3779 ejus,
1598 3722 1653 3768 et
1682 3714 1816 3768 vade
1844 3715 1894 3767 in
1927 3725 2123 3769 terram

526 3785 690 3842 Israel
724 3805 735 3836 τ
768 3786 1000 3840 defuncti
1037 3797 1162 3841 sunt
1203 3786 1370 3851 enim,
1409 3785 1502 3855 qui
1532 3787 1862 3854 quaerebant
1888 3786 2122 3840 animam

527 3859 722 3926 pueri”.
755 3857 854 3924 Qui
883 3873 1109 3926 surgens
1129 3859 1338 3926 accepit
1372 3873 1618 3923 puerum,
1651 3865 1705 3910 et
1729 3867 1952 3910 matrem
1983 3857 2120 3926 ejus,

523 3931 736 3984 etvenit
751 3931 798 3984 in
817 3939 1014 3984 terram
1034 3929 1461 3984 Israel.Audiens
1475 3937 1654 3984 autem
1671 3928 1812 3998 quod
1828 3927 2123 3982 Archelaus

523 4013 768 4068 regnaret
799 4003 849 4053 in
879 4000 1079 4054 .Iudaea
1121 4015 1218 4068 pro
1247 3999 1457 4054 Herode
1485 4013 1637 4069 patre
1673 4015 1789 4058 suo.
1811 3999 2010 4054 timuit‘
2031 3999 2122 4053 illo

527 4071 605 4124 ire
633 4081 716 4125 :et
748 4071 1054 4125 admonitus
1090 4071 1141 4124 in
1179 4073 1384 4124 somnis
1419 4072 1644 4124 secessit
1677 4072 1727 4123 in
1757 4081 1938 4136 partes
1977 4070 2124 4124 Gali-

526 4141 720 4194 laeae‘.
753 4143 815 4194 Et
845 4143 1069 4194 veniens
1101 4140 1359 4193 habitavit
1387 4142 1436 4193 in
1461 4141 1708 4202 civitate,
1729 4157 1865 4206 quae
1896 4149 2122 4194 vocatur

523 4209 788 4265 Nazaretlt
809 4228 820 4280 ς
845 4219 901 4263 ut
929 4210 1316 4278 adimpleretur
1336 4212 1477 4280 quod
1500 4212 1700 4264 dictum
1721 4223 1803 4263 est
1831 4226 1924 4277 per
1945 4211 1964 4241 ⁸
1986 4212 2118 4264 l’ro-

524 4281 738 4348 phetam
763 4297 776 4333 :
799 4279 1064 4346 Quoniam
1088 4279 1391 4335 Nazaraeus
1415 4282 1711 4334 vocabitur.
1731 4280 1786 4334 In
1805 4281 1996 4335 diebus
2018 4282 2121 4336 illis

522 4353 672 4408 venit
711 4351 985 4406 Jobannes
1035 4351 1270 4420 Baptista
1325 4352 1641 4419 praedicans
1678 4351 1731 4405 in
1779 4352 1996 4406 deserto
2024 4351 2120 4408 Ju-

522 4423 712 4486 daeae,
755 4433 809 4477 et
844 4421 1063 4476 dicens:
1100 4422 1486 4476 Paenitentiam
1513 4423 1692 4489 agite:
1722 4423 2118 4492 appropinqua-

519 4495 597 4549 vit
625 4495 768 4548 enim
801 4509 1022 4563 regnum
1051 4493 1355 4547 Caelorum.
1391 4493 1485 4548 Hic
1510 4493 1800 4557 estenim,‘
1827 4497 1914 4563 qui
1943 4494 2117 4549 dictus

517 4575 604 4622 est
631 4581 726 4635 per
755 4565 968 4620 Esaiam
994 4564 1315 4633 Pr0pbetam
1351 4564 1620 4619 dicentem
1649 4582 1662 4617 :
1693 4565 1802 4618 Vox
1827 4565 2115 4620 clamantis

519 4639 575 4693 in
613 4637 834 4692 deserto
869 4653 882 4690 :
913 4635 1106 4691 Parate
1151 4636 1291 4690 viam
1324 4635 1538 4691 Domini
1575 4654 1587 4689 :
1623 4645 1799 4692 rectas
1845 4637 2006 4692 facile
2035 4653 2116 4695 se-

516 4711 676 4765 mitas
725 4709 865 4779 ejus.

1051 227 1320 288 EUSEBII
1358 228 1696 286 VERCELL.
1741 227 2182 285 I'ZVANGEIJUM
2223 227 2360 286 «ωε
2402 227 2629 286 VAItIIS
2666 228 2820 285 COD.
2859 225 3254 287 COLLATUM.

3657 228 3736 284 13?.

2637 344 2880 416 .cousx
2919 343 3386 402 VERONENSIS.‘

3051 439 3193 510 quod
3221 439 3416 510 dictum
3442 446 3522 493 est

2211 441 2329 496 cbel
2360 440 2576 511 plorans

3051 509 3150 583 per
3179 509 3413 579 Prophe-

2213 514 2348 567 Iilios
2379 526 2509 566 suos

2217 626 2230 639 .
2312 624 2324 636 .
2406 624 2418 636 .
2502 598 2697 641 .con-
3054 593 3361 651 tamzquo-

2211 655 2397 721 solari,
2427 657 2548 723 quia
3052 656 3196 709 niam
3244 653 3320 724 (ὁ)
3360 651 3459 707 Na-

2213 741 2318 782 non
2349 735 2494 782 sunt.
2570 754 2578 783 τ
3052 741 3245 780 zoreus
3293 723 3333 794 ’ξ-
3380 739 3526 780 voca-

3051 797 3214 852 bitur.

3242 909 3464 966 CAPUT
3501 908 3579 964 III.

3054 1007 3104 1060 I.
3150 1005 3206 1060 In
3233 1005 3339 1060 illis
3392 1003 3462 1074 (c)

3051 1077 3240 1132 diebus
3281 1075 3323 1147 -ι-
3369 1073 3510 1130 venit
3526 1073 3749 1132 Iohannes

3055 1149 3292 1218 Baptista
3327 1161 3479 1218 praef

3049 1221 3104 1275 2.
3138 1217 3346 1274 ωοθηδ
3371 1219 3424 1273 in
3448 1217 3538 1273 de-

3053 1289 3442 1352 sertoJudeae.

3053 1373 3107 1418 et
3137 1362 3324 1416 dicens
3359 1380 3372 1415 ;
3402 1359 3523 1418 Pae-

3055 1435 3334 1489 nitentiam
3357 1432 3468 1502 agi-

3059 1516 3110 1561 te
3141 1523 3154 1558 :
3179 1504 3242 1559 ad
3251 1503 3470 1573 propin-

3057 1579 3242 1648 quavit
3271 1576 3416 1630 enim

3058 1652 3284 1719 regnum
3315 1647 3455 1705 Cae—

3058 1721 3255 1775 lorum.

3059 1793 3112 1847 5.
3161 1791 3254 1847 llic
3277 1803 3361 1846 est

3060 1862 3232 1926 enim,
3262 1862 3331 1919 de
3353 1877 3462 1931 quo

3060 1933 3262 1988 dictum
3284 1945 3369 1989 est
3401 1950 3494 2004 per

3065 2005 3280 2077 Eseiam
3327 1997 3636 2077 Propltetam
3663 2017 3676 2055 :
3707 1997 3766 2069 id)

3066 2076 3185 2131 Vox
3207 2075 3450 2132 claman-l

3069 2148 3138 2201 tis
3169 2147 3222 2201 in
3253 2149 3439 2204 deser-

3072 2228 3127 2273 to
3158 2236 3170 2271 :
3205 2218 3400 2284 Parate
3426 2219 3567 2276 viam

3074 2289 3282 2344 Domini
3309 2309 3322 2344 :
3356 2307 3445 2346 re-

3069 2371 3184 2415 ctas
3215 2361 3372 2419 facite
3402 2362 3560 2420 semi-
3593 2361 3604 2424 ἓ

3070 2439 3152 2488 tas
3183 2433 3277 2489 Dei
3306 2437 3502 2491 nostri.
3522 2472 3530 2498 ρ

2215 798 2301 854 l9.
2353 798 2618 853 Defuncto
2641 814 2736 855 au-

2216 882 2320 926 tetn
2356 869 2588 935 Ilerode,

2212 956 2338 997 ecce
2367 941 2617 1010 apparuit

2211 1013 2453 1082 Angelus
2473 1012 2688 1068 Domini

2215 1087 2266 1138 in
2291 1084 2526 1154 somnis)

2212 1154 2413 1211 Josenh
2443 1154 2496 1208 in

2210 1227 2304 1282 20.
2337 1226 2603 1296 Aegypto,
2631 1226 2816 1284 dicens
2840 1245 2853 1281 :

2215 1300 2410 1367 Surge,
2435 1305 2491 1352 et
2516 1298 2700 1366 accipe

2215 1384 2465 1440 puerum,
2489 1380 2543 1424 et
2572 1384 2686 1424 ma-

2216 1439 2352 1496 trem
2377 1439 2515 1506 ejus.
2545 1450 2602 1496 et
2621 1457 2716 1496 va-

2213 1513 2283 1567 de
2310 1511 2361 1566 in
2387 1519 2589 1565 terram

2215 1582 2438 1638 Istrahel
2469 1599 2484 1639 :
2516 1581 2712 1638 defun-

2215 1654 2288 1710 cti
2309 1663 2434 1708 sunt
2454 1654 2624 1718 enim,
2813 1649 2826 1664 ’

2216 1729 2305 1796 qui
2335 1725 2668 1793 quaerebant

2217 1811 2451 1851 annnam

2215 1868 2307 1922 21.
2512 1908 2524 1920 .
2575 1868 2640 1923 Et
2666 1883 2894 1940 surgens

2220 1949 2424 2006 accepit
2457 1953 2707 2007 puerum,

2221 2023 2275 2065 et
2304 2017 2532 2064 matrem
2561 2012 2703 2080 ejus,

2221 2093 2274 2137 et
2303 2081 2447 2136 venit
2469 2081 2522 2135 in
2555 2091 2663 2137 ter-

2229 2169 2342 2208 ram
2372 2153 2618 2208 Istrahel.

2225 2225 2317 2279 22.
2368 2223 2608 2280 Audiens
2631 2233 2811 2282 autem

2227 2295 2368 2366 quod
2396 2293 2659 2352 Arcelaus

2227 2375 2479 2436 regnaret
2506 2366 2560 2420 in

2226 2435 2429 2492 Iudaea
2462 2451 2560 2506 pro
2589 2437 2757 2494 Hero-

2226 2508 2295 2563 de
2324 2517 2477 2578 patre
2505 2524 2623 2572 suo,
2654 2511 2724 2566 ti-

2227 2579 2362 2634 muit
2390 2581 2480 2634 illo
2507 2580 2585 2635 ire
2619 2598 2634 2636 :

2227 2660 2284 2707 et
2304 2651 2613 2706 admonitus

2227 2723 2282 2778 in
2314 2723 2548 2787 somnis,
2580 2738 2667 2779 se-

2228 2795 2395 2851 cessit
2423 2795 2475 2847 in
2503 2803 2684 2863 partes

2227 2867 2320 2922 25.
2370 2864 2654 2922 Gallileae.
2683 2865 2752 2921 Et

2230 2939 2404 3003 venit,
2433 2946 2487 2990 et
2515 2936 2724 2991 habita-

2229 3010 2304 3064 vit
2333 3010 2408 3082 (a)
2437 3009 2490 3062 in
2518 3009 2790 3065 civitatem
2835 3007 2876 3078 ἰ-

2229 3097 2368 3148 quae
2397 3089 2621 3135 vocatur

2228 3151 2522 3216 Nazareth;
2555 3160 2613 3205 ut

2229 3224 2620 3294 adimpleretur

2707 3333 2938 3390 CODEX
2975 3331 3368 3391 BRIXIANUS.

2230 3432 2346 3487 chel
2365 3431 2580 3500 plorans
2595 3429 2734 3484 filios
2746 3443 2876 3501 suos
2886 3434 2942 3483 et
2955 3428 3120 3483 noluit
3135 3427 3405 3484 consolari
3420 3430 3544 3501 quia
3557 3445 3656 3486 non
3668 3438 3788 3501 sunt.

2233 3499 2680 3560 Defunctoantem
2705 3499 2915 3554 llerode
2937 3514 3065 3555 ecce
3089 3501 3336 3570 apparuit
3352 3499 3592 3571 Angelus
3611 3499 3792 3556 Domini

2229 3575 2284 3630 in
2317 3576 2525 3629 somnis
2555 3571 2761 3641 Ioseph
2792 3572 2843 3626 in
2873 3574 3118 3642 Aegypto
3143 3571 3331 3626 dicens
3372 3588 3601 3642 surgens
3639 3574 3793 3634 accipe

2231 3661 2460 3716 puerum
2503 3655 2557 3699 et
2597 3653 2824 3699 matrem
2855 3641 3001 3716 ejus.
3036 3652 3091 3697 et
3122 3643 3255 3716 vade
3284 3644 3335 3698 in
3366 3641 3567 3699 terram
3594 3641 3789 3716 Israhel.

2227 3713 2465 3772 defuncti
2508 3728 2634 3771 sunt
2675 3718 2818 3770 enim
2851 3714 2950 3784 ,qui
2993 3715 3322 3784 quaerebant
3361 3716 3597 3770 animam
3645 3713 3791 3782 pueri.

2227 3789 2326 3856 Qui
2361 3804 2587 3857 surgens
2616 3785 2826 3858 accepit
2867 3800 3090 3858 puerum
3121 3797 3181 3858 et
3223 3796 3450 3840 matrem
3481 3787 3618 3858 ejus.
3641 3795 3692 3840 et
3713 3799 3795 3858 ve-

2227 3855 2304 3913 nit
2339 3862 2390 3914 in
2425 3855 2621 3914 terram
2645 3857 2694 3913 Is
2721 3869 2747 3894 ἰ
2776 3857 2986 3912 drahel.
3017 3856 3256 3911 Audiens
3299 3855 3523 3913 autemJ
3552 3858 3685 3928 quod
3713 3855 3795 3910 Ar-

2224 3931 2445 3986 chelaus
2487 3942 2736 3999 regnaret
2780 3931 2832 3983 in
2881 3927 3082 3983 Judaea
3126 3943 3222 3997 pro
3266 3928 3481 3984 Herode
3533 3941 3678 3996 patre
3714 3941 3795 3980 suo

2225 4004 2402 4056 timuit
2434 4003 2558 4056 illnc
2586 4004 2684 4056 ire.
2719 4001 3041 4056 Admonitus
3067 4009 3248 4054 autem
3279 4000 3331 4054 in
3361 4003 3590 4056 somnis.
3625 4013 3790 4055 seces-

2225 4075 2295 4128 sit
2320 4077 2369 4128 in
2403 4086 2580 4144 partes
2607 4071 2867 4128 Galileae.
2904 4072 2967 4125 Et
2989 4072 3508 4145 veniensbabitabit
3546 4071 3622 4145 (a)
3653 4072 3702 4125 in
3728 4069 3791 4123 ci-

2224 4142 2442 4199 vitatem
2487 4148 2529 4214 -ί-
2565 4159 2702 4214 quae
2742 4153 2961 4197 vocatur
3002 4142 3284 4197 Nazareth.
3322 4153 3378 4196 ut
3421 4142 3792 4208 adimpleretur

2223 4217 2364 4287 quod
2392 4215 2594 4270 dictum
2634 4225 2717 4287 est
2754 4229 2849 4284 per
2879 4214 3225 4287 Prophetam.
3261 4216 3517 4287 quoniam
3547 4214 3791 4287 Nazargus

2223 4283 2523 4342 vocabitur.
2559 4287 2614 4340 Itt
2646 4283 2765 4341 illis,
2787 4295 2972 4339 autem
3002 4285 3190 4338 diebus
3219 4287 3366 4339 vertit
3395 4285 3675 4340 Iohannes
3706 4283 3794 4338 Ba-

2224 4359 2405 4426 ptista.
2444 4359 2757 4427 praedicans
2800 4358 2854 4411 in
2885 4356 3102 4411 deserto
3130 4355 3298 4410 Judae
3331 4365 3386 4411 et
3412 4357 3603 4412 dicens
3634 4356 3796 4427 paeni-

2224 4426 2453 4484 tentiam
2480 4431 2642 4498 agite.
2681 4427 3134 4498 adprOpinquavit
3175 4433 3317 4480 enim
3362 4443 3588 4498 regnum
3620 4426 3796 4498 tiaelo-

2221 4517 2360 4554 rum.
2397 4500 2493 4556 llic
2522 4497 2620 4554 est
2657 4500 2801 4554 enim
2839 4497 2907 4552 de
2948 4497 3057 4568 quo
3086 4498 3288 4554 dictum
3330 4497 3441 4552 est’
3464 4515 3560 4568 per
3600 4497 3795 4553 Esaiam

2221 4571 2548 4638 Propltctam
2575 4572 2865 4625 dicentem.
2888 4569 3002 4624 Vox
3018 4570 3300 4624 clamantis
3321 4569 3372 4623 in
3393 4570 3615 4627 deserto
3632 4578 3799 4640 parate

2219 4643 2358 4697 viam
2390 4643 2602 4698 Domini
2635 4651 2810 4698 rectas
2839 4640 2998 4704 facite
3021 4641 3242 4696 semitas
3262 4641 3398 4711 ejus.

1220 4820 1606 4878 VARIANTES
1646 4820 2029 4880 LECTIONES
2066 4821 2334 4882 CODICIS
2372 4823 2486 4879 MS.
2527 4821 2584 4876 S.
2627 4817 3136 4878 GERMANENSIS.

579 4918 595 4948 ί
630 4916 758 4981 Ecce
781 4918 1002 4981 Angelus
1025 4916 1221 4967 Domini
1247 4918 1469 4981 apparuit
1491 4916 1676 4981 Joseph
1701 4919 1750 4968 in
1777 4920 1960 4970 somnis

577 4981 599 5010 ²
633 4980 948 5040 ρει-ὐετεξΕι
971 4993 1183 5044 surgens

579 5040 600 5072 ³
633 5040 746 5091 illuc

2283 4921 2305 4952 δ
2340 4919 2402 4970 Et
2424 4920 2578 4981 venit,
2604 4925 2657 4981 et

2286 4985 2307 5014 ⁸
2340 4980 2614 5045 PrOphetas
2633 4980 2679 5030 ι).

2289 5045 2310 5075 ⁸
2341 5045 2406 5094 de
2427 5044 2527 5108 Quo
2547 5044 2732 5095 dictum
2756 5049 2837 5094 est

1839 5151 2206 5209 BLANCHINI
2244 5151 2478 5209 NOTAE.

585 5258 610 5285 η
665 5245 867 5316 Abrasa
891 5245 944 5304 ά,
979 5245 1131 5313 cujus
1160 5255 1447 5303 remanent
1475 5245 1722 5316 vestigia.

581 5318 611 5358 b
630 5316 688 5387 S.
711 5315 1070 5387 Hieronymus
1098 5331 1276 5387 veram
1306 5319 1593 5373 lectionem
1624 5315 1784 5387 hujus
1821 5317 1922 5373 loci
1954 5332 2103 5373 asse-

511 5387 574 5442 rit
615 5385 798 5442 Codici
831 5401 930 5440 ms.
952 5385 1450 5442 Sari-Germanensi
1477 5409 1490 5444 :
1524 5389 1598 5443 ait
1619 5385 1764 5444 enim
1790 5388 1882 5444 lib.
1903 5405 1919 5442 ι
1941 5387 2104 5443 Com-

510 5469 675 5532 ment.
707 5475 720 5510 :
751 5455 904 5510 Nunc
930 5465 1114 5532 au_tem_
1138 5458 1727 5532 pluraliterfl’mphetas
1773 5475 1979 5532 vocans,
2011 5475 2100 5512 os-

509 5529 672 5584 tendit
698 5545 752 5582 se
780 5545 881 5582 non
900 5528 1049 5581 verba
1080 5527 1142 5581 de
1165 5526 1451 5598 Scripturis
1480 5526 1744 5597 sumsisse,
1761 5531 1850 5584 sed
1873 5547 2098 5585 sensum.

577 5667 652 5740 (a)
712 5666 789 5750 Ita
819 5676 874 5722 et
905 5675 1082 5750 textus
1110 5666 1331 5724 Graecus
1377 5672 1448 5730 εἰς
1473 5671 1634 5752 πρλιν.
1681 5699 1754 5712 -
1795 5669 1870 5798 ⁸12

583 5741 812 5798 ntabrttr.
840 5739 1050 5796 Latino.
1082 5767 1154 5781 --
1180 5740 1263 5798 Idl
1295 5740 1555 5796 Secundis
1577 5743 1722 5798 curis
1763 5759 1790 5797 a

503 5737 812 5811 Cantabrig.
840 5739 1050 5796 Latino.
1082 5767 1154 5781 --
1180 5740 1263 5811 (ιι)
1295 5740 1555 5796 Secundis
1577 5743 1722 5798 curis
1763 5759 1790 5797 a

2207 5247 2517 5303 Lectionem
2545 5255 2723 5302 tamen
2751 5261 2860 5302 ms.
2883 5245 3254 5318 Corbeiensis,
3279 5262 3440 5318 quam
3466 5245 3731 5318 edidimus
3750 5243 3797 5318 in

2207 5333 2363 5374 sacro
2401 5328 2680 5385 contextu,
2721 5317 2925 5388 reperit
2963 5316 3138 5372 Lucas
3169 5316 3457 5389 Brttgetisis
3494 5321 3549 5372 in
3577 5316 3796 5389 antiquis

2206 5391 2502 5473 codicibus.
2527 5389 2660 5445 Vide
2673 5386 2917 5460 ejusdem
2941 5389 3212 5445 variantes
3238 5386 3499 5446 lectiones
3525 5391 3650 5445 novi
3675 5386 3796 5444 Tes-

2207 5470 2454 5517 tamcnti.

1872 5669 2115 5797 .‘Texzus
2143 5669 2366 5726 Graecus
2413 5673 2727 5743 Ναζωραῖος.
2755 5665 2922 5740 —(c)
2952 5667 3116 5726 Deest
3155 5678 3344 5734 autem,
3380 5677 3437 5726 et
3474 5666 3543 5723 ita
3575 5667 3629 5723 in
3667 5663 3791 5724 Cod.

1872 5758 1996 5797 llIl‘.
2065 5752 2296 5797 mentem.

1871 5752 1996 5809 itur,
2028 5752 2296 5797 dicentem.
