3968 6332
475 309 580 368 159

865 421 1098 480 CODEX
1134 419 1677 478 VERCELLENSIS.

470 515 650 590 lucem
668 515 747 590 (α)
773 517 921 572 vide-
1294 513 1580 590 zebaedei,
1614 522 1672 570 et

473 588 662 660 runt-1'
678 584 930 660 magnam
952 605 967 642 :
1072 657 1082 660 _
1294 584 1596 660 Iohannem

471 669 530 730 et
551 655 745 730 (b)'qui
771 655 1028 716 sedebant
1056 657 1098 729 τι·
1303 659 1524 730 fratrem
1555 655 1672 726 ejus

474 729 528 786 in
555 729 744 786 umbra
1304 735 1359 790 in
1382 729 1503 790 navi
1531 743 1654 783 cum

470 801 695 865 mortis,
725 801 817 856 lux
848 815 939 856 or-
1301 805 1446 863 Zeba
1483 841 1496 854 .
1531 838 1544 852 .
1582 839 1596 854 .
1631 815 1698 855 eo
1729 817 1814 870 pa-

471 882 525 927 ta
548 882 633 929 est
655 872 778 928 illis.
1303 887 1388 934 tre
1413 887 1535 936 suo,
1567 870 1740 928 reﬁci-

469 944 560 1000 l7.
603 943 818 1015 Exinde
832 943 1015 1015 coepit
1301 959 1456 1006 entes
1482 943 1647 998 retias

467 1015 630 1070 .lesus
663 1013 950 1083 praedica-i
1300 1036 1426 1077 suas
1451 1037 1464 1073 :
1498 1025 1554 1070 et
1577 1028 1731 1070 voca-

469 1101 528 1141 re
551 1127 568 1152 ,
597 1095 652 1141 et
669 1085 852 1142 dicere
881 1103 895 1140 :
929 1088 1029 1143 Pe-
1297 1093 1392 1148 22.
1416 1091 1492 1144 vit
1523 1085 1666 1140 illos.
1692 1086 1775 1143 Ad
1803 1087 1899 1157 illi,

467 1157 751 1212 nitentiam
783 1159 891 1228 agi-
1301 1163 1486 1220 relicta
1511 1172 1669 1223 nave,

469 1237 521 1303 te
552 1246 566 1284 :
594 1228 994 1303 adpropinqua-
1290 1244 1345 1292 et
1372 1243 1544 1303 patre,
1566 1245 1714 1285 secu-

464 1300 543 1354 vit
561 1302 705 1354 enim
733 1314 852 1370 reg-
1295 1307 1333 1362 ti
1361 1300 1488 1359 sunt
1515 1316 1663 1356 eum.

467 1385 598 1425 num
627 1371 936 1426 Caelorum.

469 1441 558 1496 18.
590 1440 724 1497 Cum
753 1444 1006 1499 transiret

467 1523 648 1569 autem
679 1512 835 1568 .lesus
861 1527 949 1570 se-

465 1597 563 1640 cus
591 1600 741 1640 mare
769 1583 914 1640 Gali-

466 1693 482 1708 .
528 1697 542 1711 .
586 1669 687 1723 ae,
719 1656 853 1712 vidit
885 1655 981 1712 du-

1294 1379 1386 1432 25.
1423 1375 1490 1429 Ει
1511 1372 1775 1428 circuibat
1799 1371 1958 1436 .lesus

1301 1456 1466 1502 totam
1493 1442 1730 1499 Galilae-

1301 1535 1404 1572 am.
1434 1517 1638 1572 docens
1660 1515 1712 1569 in

1295 1535 1404 1584 am,

1295 1586 1595 1662 Synagogis
1625 1600 1725 1662 eo:

1297 1657 1439 1726 rum,
1454 1657 1515 1712 et
1539 1657 1757 1726 praedi-

1299 1746 1430 1790 cans
1457 1727 1738 1797 Evangeli-

1300 1820 1390 1860 um
1420 1800 1588 1870 Regni
1615 1816 1630 1854 :
1654 1808 1711 1855 et

1297 1887 1494 1932 curans
1521 1885 1608 1926 om
1623 1902 1641 1912 -

1293 1963 1416 2003 nem
1441 1945 1661 2012 languo-

1290 2033 1429 2086 rem,
1458 2023 1512 2070 et
1537 2027 1757 2071 omnem

1289 2088 1658 2173 inﬁrmitatem

1291 2162 1344 2215 in
1374 2160 1547 2231 plebe.

1288 2231 1381 2287 24.
1419 2231 1486 2285 Ει
1507 2227 1638 2283 abiit
1663 2227 1849 2299 opinio

464 1837 478 1852 ο
557 1837 572 1853 σ
652 1840 668 1855 ο
747 1837 763 1854 ο
845 1839 856 1852 ι

456 1939 642 1996 dream
675 1939 896 1998 fratrem

455 2010 573 2081 ejus
599 2013 822 2070 mitten-

459 2091 542 2139 tes
571 2085 761 2141 retiam

457 2153 510 2208 in
543 2170 710 2221 mare,
742 2165 901 2212 erant

454 2225 598 2281 enim
630 2227 865 2298 piscato-

454 2310 566 2371 ’ἷξεο
584 2369 616 2371 κ,
797 2369 829 2371 __
921 2369 936 2371 Α
1287 2303 1406 2371 ejus
1429 2303 1481 2357 in
1511 2308 1677 2355 totam

456 2367 543 2445 19.
577 2369 646 2445 _Et
672 2371 749 2426 ait
775 2369 883 2426 illis
910 2369 1104 2429 .lesus:
1288 2367 1522 2445 Syriam.
1554 2387 1587 2426 e
1609 2411 1626 2426 .
1661 2407 1680 2428 .
1714 2411 1728 2426 .
1763 2380 1882 2443 ptu-

457 2437 647 2497 Venite
670 2451 791 2510 post
1286 2437 1468 2500 le'runt
1495 2484 1510 2498 .
1546 2482 1561 2496 .
1596 2483 1611 2496 .
1644 2482 1659 2497 .
1691 2483 1706 2498 .

452 2524 559 2577 me,
586 2523 641 2567 et
671 2513 862 2569 faciam
1289 2531 1388 2572 nes
1425 2555 1439 2569 .
1466 2557 1480 2571 .
1517 2554 1532 2570 .
1569 2552 1584 2569 .
1620 2554 1635 2569 .
1668 2552 1685 2568 .

1290 2597 1372 2642 tes
1399 2585 1564 2642 variis
1592 2585 1708 2640 lan-

1287 2659 1573 2730 guoribus,
1599 2667 1712 2712 tor-

1287 2728 1484 2785 mentis
1512 2728 1740 2799 adprae-

1282 2799 1504 2866 ltensos,
1537 2809 1594 2856 et
1619 2801 1709 2867 qui

1280 2871 1538 2928 Detttouia
1573 2872 1732 2927 habe-

1280 2944 1428 3010 bant,
1461 2954 1514 2998 et
1546 2943 1698 2998 luna-

1281 3015 1441 3079 ticos,
1474 3025 1528 3068 et
1557 3013 1772 3085 paraly-

1275 3086 1434 3151 ticos,
1465 3094 1519 3140 et
1545 3085 1627 3156 (ά)
1655 3082 1847 3140 crimes
1874 3082 1916 3154 ἰ’

1276 3157 1526 3230 curavit:
1653 3226 1666 3230 _
1713 3220 1734 3230 υ

1275 3227 1366 3283 25.
1399 3237 1456 3282 et
1481 3226 1851 3298 sequebantur

872 3346 1107 3415 CODEX
1133 3344 1602 3403 CORBEIENSIS.

443 3431 626 3507 lucem
664 3435 797 3490 vidit
847 3437 864 3468 ¹
908 3451 1154 3507 magnam
1199 3454 1212 3492 :
1268 3449 1322 3492 et
1364 3436 1680 3492 sedentibus
1723 3435 1776 3490 in
1814 3436 2037 3506 regione

443 3512 499 3559 et
522 3505 708 3559 umbra
738 3508 946 3574 mortis,
966 3505 1055 3563 lux
1077 3518 1195 3563 orta
1218 3517 1305 3563 est
1323 3507 1424 3564 eis.
1453 3508 1660 3563 Exinde
1679 3509 1854 3577 coepit
1878 3505 2036 3563 .lesus

444 3576 776 3650 praedicare,
829 3589 884 3634 et
925 3579 1107 3635 dicere
1141 3599 1153 3634 :
1188 3579 1582 3636 Poenitentiam
1623 3576 1764 3650 agite
1787 3576 1811 3631 ές
1843 3594 2038 3650 appro-

446 3645 721 3721 pinquavit
741 3651 883 3704 enim
913 3666 1135 3721 regnum
1163 3650 1473 3706 Coelorum.

518 3719 537 3748 ¹
559 3718 855 3774 Ambulans
885 3718 1060 3777 autem
1079 3723 1230 3791 juxta
1257 3737 1407 3776 mare
1427 3722 1719 3784 Galilaeae,
1739 3721 1870 3776 vidit
1901 3721 2036 3775 duos

445 3787 676 3863 fratres,
706 3791 981 3848 Simonem
1007 3834 1021 3859 ,
1053 3787 1143 3863 q'ni
1172 3802 1392 3848 vocatur
1423 3793 1614 3848 Petrus
1637 3835 1654 3860 ,
1687 3802 1741 3848 et
1763 3793 2035 3848 Andream

442 3858 663 3940 fratrem
691 3864 806 3931 ejus
832 3906 848 3929 ,
898 3858 1332 3940 mittentesretia
1369 3867 1424 3918 in
1468 3858 1658 3930 mare,
1708 3877 1862 3940 erant
1893 3865 2036 3919 enim

444 3935 758 4001 piscatores,
787 3946 836 3990 et
867 3938 941 3989 ait
971 3935 1109 3990 illis:
1143 3937 1334 3992 Venite
1365 3945 1484 4001 post
1517 3952 1621 3998 me,
1650 3946 1703 3991 et
1723 3936 1911 3992 faciam
1942 3950 2039 3990 vos

445 4000 560 4056 ﬁeri
597 4005 890 4072 piscatores
939 4007 1238 4062 hominum.
1290 4000 1374 4060 At,
1407 4008 1482 4062 illi
1527 4009 1784 4062 continuo
1835 4007 2039 4062 relictis

442 4075 646 4144 retibus
674 4075 694 4105 ³
725 4079 892 4130 secuti
919 4089 1046 4131 sunt
1073 4094 1217 4132 eum.
1271 4079 1337 4131 Et
1360 4079 1661 4144 procedens
1703 4079 1860 4143 inde,
1910 4081 2042 4133 vidit

441 4143 577 4212 alios
615 4144 749 4199 duos
778 4147 972 4201 fratres
993 4189 1007 4211 ,
1040 4148 1299 4202 Jacubum
1331 4143 1618 4212 Zebedaei,
1650 4159 1704 4201 et
1732 4147 2036 4204 Johannem

443 4211 665 4288 fratrem
698 4217 815 4285 ejus
840 4257 856 4281 ,
901 4219 953 4271 in
989 4218 1112 4272 navi
1159 4233 1282 4273 cum
1312 4211 1609 4274 Zebedaeo
1630 4231 1779 4288 patre
1810 4234 1996 4274 eorum
2025 4263 2038 4287 ,

442 4284 752 4341 reficientes
779 4289 916 4342 retia
945 4305 1037 4342 sua
1071 4307 1083 4340 :
1132 4298 1188 4343 et
1215 4289 1426 4344 vocavit
1450 4304 1564 4344 eos.
1613 4284 1693 4344 Illi
1723 4301 1902 4344 autem
1930 4284 2040 4345 sta;

444 4354 541 4409 tim
571 4356 776 4412 relictis
805 4359 827 4389 ⁸
856 4359 1060 4414 retibus
1088 4369 1143 4414 et
1194 4373 1346 4428 patre
1366 4402 1382 4426 ,
1434 4363 1603 4415 secuti
1633 4370 1757 4415 sunt
1783 4377 1929 4416 eum.
1974 4362 2042 4418 Et

441 4427 706 4482 circuibat
730 4429 888 4484 .lesus
917 4427 1417 4504 totamgalilaeam,
1440 4432 1649 4504 docens
1667 4433 1718 4486 in
1744 4433 2043 4504 Synagogis

441 4514 653 4564 eorum,
682 4513 735 4573 et
766 4501 1084 4573 praedicans
1101 4503 1452 4573 Evangelinm
1485 4502 1688 4573 Regni.
1715 4501 1818 4558 et"
1845 4501 2044 4561 sanans

440 4585 664 4646 omnem
699 4572 1056 4646 languorem,
1109 4585 1160 4628 et
1211 4572 1426 4628 omnem
1461 4572 1824 4646 infirmitatem
1867 4577 1918 4630 in
1950 4594 2045 4646 pu-

440 4643 587 4717 pttlu.
623 4641 692 4696 Et
722 4641 852 4699 abiit
880 4645 899 4674 ⁸
926 4647 1109 4714 opinio
1139 4646 1257 4714 ejus
1287 4647 1338 4699 in
1369 4655 1534 4700 totam
1564 4645 1781 4717 Syriam
1807 4688 1823 4713 ,
1857 4657 1912 4701 et
1941 4641 2038 4702 ob—

440 4713 681 4769 tulerunt
709 4717 763 4788 ei
784 4713 974 4770 omnes
998 4717 1136 4770 male
1163 4713 1446 4782 habentes,
1477 4713 1641 4773 variis
1670 4717 2039 4788 languoribus,

437 4792 493 4860 et
519 4787 800 4842 tormentis
838 4789 1302 4860 comprehensos,
1349 4799 1404 4844 et
1444 4789 1536 4860 qui
1575 4787 1832 4860 Demonia
1875 4789 2045 4847 habe-

440 4851 592 4932 bant,
624 4867 679 4911 et
707 4851 996 4926 lunaticos,
1027 4868 1083 4916 et
1109 4851 1544 4932 paralyticos,'et
1572 4859 1593 4892 ⁷
1619 4863 1827 4917 curavit
1853 4875 1947 4917 eos
1971 4878 1984 4916 :

439 4931 496 4978 et
523 4937 741 4986 secutae
763 4940 890 4988 sunt

451 2595 548 2636 vos
574 2582 689 2640 fieri
721 2586 829 2654 pis-

449 2663 662 2710 catores
693 2656 868 2712 homi-

445 2722 538 2778 20.
573 2742 721 2781 num.
754 2728 837 2782 Ad
868 2726 942 2783 illi
973 2742 1105 2786 con-

449 2794 618 2863 tinuo,
653 2799 860 2856 relictis

447 2868 596 2922 retiis
623 2871 756 2937 suis,
793 2885 882 2927 se-

445 2938 554 2993 cuti
584 2950 709 2996 snnt
737 2957 885 2998 eum.

443 3007 536 3090 21ε
573 3010 638 3066 Et
662 3014 966 3090 procedens

446 3079 593 3146 inde,
623 3079 756 3139 vidit
781 3100 840 3138 a-

445 3148 549 3205 lios
568 3153 704 3209 duos
733 3154 842 3210 fra-

445 3229 576 3292 tres,
607 3223 868 3283 Jacobum

1022 306 1294 367 EUSEBII
1322 305 1662 364 VERCELL.
1708 304 2154 363 EVANGELIUM
2192 304 2334 363 CUM
2363 303 2594 361 VARIIS
2618 302 2776 361 COD.
2813 300 3210 362 COLLATUM.

2066 2419 2070 2423 .
2153 2384 2209 2431 et
2237 2373 2311 2428 ait
2337 2371 2474 2425 illis:

3655 299 3749 355 l60

2600 417 2832 474 CUDEX
2875 417 3328 476 VERONENSIS.

2165 513 2337 569 lucem
2371 510 2447 585 (α)
2470 509 2724 585 viderunt
2752 508 2793 581 ’ξ’
2997 510 3284 585 Zebedaei,
3317 517 3374 566 et

2164 581 2411 654 magnam
2429 581 2451 636 ':
2483 581 2557 654 (ὁ)
2583 653 2590 654 ί
2995 582 3276 638 Johannen

2164 653 2539 724 qui’sedebant
2565 653 2606 724 -ι-
2997 654 3219 708 fratrem
3256 653 3392 724 ejus,

2164 726 2219 782 in
2245 726 2466 797 regione
2557 795 2565 797 _
2993 727 3044 780 in
3076 726 3315 797 navicula

2165 795 2386 853 umbrae
2412 795 2621 862 mortis,
2990 812 3112 850 cum
3140 795 3424 850 Zebedaeo

2167 871 2257 924 lux
2288 880 2404 924 orta
2993 877 3146 938 patre
3173 869 3437 938 ipsorum,

2163 951 2244 996 est
2271 941 2367 995 eis.
2995 939 3303 994 reficientes
3329 940 3462 995 retia

2164 1013 2252 1068 17.
2278 1011 2487 1066 Exinde
2513 1011 2692 1079 coepit
2995 1026 3090 1065 sua
3115 1027 3127 1062 :
3173 1019 3229 1066 et
3257 1025 3348 1064 vo-

2161 1087 2320 1142 Jesus
2348 1083 2682 1153 praedicare,
2990 1084 3133 1136 cavit
3161 1097 3274 1137 eus.

2991 1153 3072 1206 Illi
3108 1163 3307 1214 autem,

2989 1223 3082 1278 22.
3123 1224 3324 1278 relictis
3353 1224 3503 1279 retiis

2990 1296 3124 1361 suis,
3155 1307 3206 1349 et
3240 1308 3392 1364 patre
3419 1310 3538 1360 suo,

2989 1367 3159 1420 secuti
3187 1378 3309 1420 sunt
3335 1382 3480 1421 eum.

2987 1437 3078 1492 25.
3117 1438 3185 1492 Ει
3206 1436 3524 1493 circumibat
3550 1435 3707 1494 .lesus

2989 1519 3152 1563 totam
3181 1507 3416 1564 Galilae-

2987 1595 3097 1644 am,
3125 1581 3330 1635 docens
3363 1581 3413 1634 in

2989 1655 3272 1723 synagogis
3297 1667 3388 1706 eo-

2991 1736 3131 1790 rum,
3165 1737 3214 1778 et
3249 1726 3458 1793 praedi-

2989 1809 3120 1849 cans
3147 1810 3376 1864 evange-

2991 1865 3122 1921 lium
3155 1866 3304 1938 regni
3329 1883 3342 1920 :
3386 1878 3441 1923 et

2987 1952 3185 1992 sanans
3218 1953 3336 1992 om-

2161 1165 2214 1210 et
2240 1157 2420 1210 dicere
2441 1172 2452 1208 :

2161 1228 2548 1282 Paenitentiam
2575 1225 2739 1296 agite,

2160 1298 2608 1368 adpropinquavit
2640 1297 2784 1352 enim

2161 1385 2383 1440 regnum
2406 1369 2699 1440 caelorum.
2746 1387 2778 1438 λέ

2162 1439 2248 1497 18ῖ
2291 1440 2424 1496 Cum
2459 1439 2714 1494 transiret

2157 1522 2338 1568 autem
2368 1509 2440 1636 (εἴ
2467 1511 2759 1566 secundum

2160 1599 2308 1636 mare
2335 1583 2410 1636 Ga
2439 1583 2630 1636 ilaeae.

2160 1599 2308 1639 mare
2335 1583 2630 1649 Galilaeae,

2159 1655 2296 1710 vidit
2322 1654 2460 1710 duos

2163 1727 2376 1790 fratres,
2410 1725 2710 1794 Simonem,

2163 1799 2253 1868 qui
2281 1798 2476 1853 dicitur

2164 1869 2378 1931 Petrus,
2412 1879 2467 1923 et
2492 1868 2606 1923 An-

2157 1949 2284 2004 drea
2294 1959 2342 1996 m
2372 1942 2592 1996 fratrem

2155 2021 2293 2090 ejus,
2323 2015 2541 2090 mitten-
2986 2024 3108 2063 nem
3139 2011 3357 2080 languo-

2157 2087 2237 2146 tés
2267 2087 2458 2141 retiam
2983 2095 3120 2145 rem,
3152 2089 3206 2136 et
3231 2096 3445 2138 omnem

2156 2163 2210 2218 in
2241 2158 2397 2220 mari,
2804 2169 2814 2173 '
2985 2153 3352 2208 inﬁrmitatem

2153 2238 2310 2290 erant
2338 2229 2480 2284 enim
2984 2225 3037 2280 in
3080 2264 3096 2280 .
3145 2263 3160 2278 .
3204 2264 3218 2278 .
3266 2265 3280 2278 .
3324 2265 3338 2279 .
3385 2264 3400 2278 .

2156 2305 2473 2380 piscatores,
3119 2334 3135 2380 τ
3168 2337 3182 2352 .
3217 2335 3230 2349 .
3269 2338 3283 2352 .
3315 2296 3502 2368 Opinio
3530 2295 3652 2368 ejus

2983 2377 3035 2422 in
3066 2377 3230 2422 totam

2980 2439 3190 2511 Syriam
3207 2481 3223 2505 ,
3253 2447 3309 2496 et
3331 2447 3490 2511 optu-

2983 2511 3161 2566 lerunt
3189 2511 3239 2565 ei
3271 2525 3391 2565 om-

2980 2597 3078 2638 nes
3105 2581 3247 2638 male
3273 2582 3480 2638 baben-

2981 2663 3085 2720 tes,
3118 2655 3286 2709 variis
3317 2655 3437 2707 lan-

2979 2726 3258 2797 guoribus,
3289 2735 3347 2780 et
3372 2734 3486 2780 tor-

2982 2798 3179 2852 mentis
3192 2811 3458 2867 conprae-

2983 2870 3203 2934 hensos,
3235 2879 3284 2924 et
3313 2868 3405 2938 qui

2974 2941 3260 2996 daemonia
3288 2939 3459 2995 habe-

2973 3013 3123 3076 bant,
3153 3021 3208 3066 et
3234 3006 3524 3076 lunaticos,

2977 3093 3034 3156 et
3066 3083 3412 3156 paralyticos,
3440 3093 3501 3156 et

2975 3155 3066 3212 25.
3100 3156 3180 3226 (d)
3208 3153 3398 3209 omnes
3423 3153 3465 3225 ἰ-
3487 3154 3703 3210 curavit
3726 3169 3740 3206 :

2969 3237 3026 3282 et
3054 3226 3420 3297 sequebantur

2607 3347 2839 3403 CODEX
2868 3343 3260 3401 BRIXIANUS.

3594 3433 3740 3489 -Ξ-Ῑη

2142 3439 2317 3494 lucem
2376 3440 2508 3495 vidit
2557 3457 2824 3512 magnam.
2880 3450 2944 3512 et
2984 3439 3069 3512 (ὁ)
3113 3439 3204 3509 qui
3259 3436 3540 3512 sedebant.
3571 3436 3623 3512 ᾗ

2142 3514 2364 3581 regione
2391 3523 2445 3566 ct
2496 3505 2684 3568 umbra
2732 3511 2941 3567 mortis.
2982 3505 3072 3564 lux
3115 3505 3232 3581 orta
3269 3519 3352 3564 est
3385 3507 3512 3563 illis.
3571 3505 3744 3581 Exin-

2142 3580 2222 3636 de
2250 3585 2431 3650 coepit
2478 3584 2635 3640 .lesus
2694 3583 3006 3652 praedicare
3034 3592 3088 3636 et
3141 3580 3324 3635 dicere
3357 3580 3742 3652 paenitentiam

2142 3655 2284 3723 agite
2313 3650 2762 3724 adpropinquavit
2809 3656 2951 3709 enim
3008 3667 3229 3720 regnum
3253 3652 3564 3724 caelorum.
3610 3650 3741 3724 Cum

2142 3721 2319 3797 autem
2381 3721 2630 3780 transiret
2681 3726 2753 3797 (c)
2803 3726 2956 3796 juxta
3014 3738 3162 3777 mare
3224 3732 3250 3797 ξ
3301 3721 3564 3797 Galilcae
3615 3721 3745 3797 vidit

2141 3796 2282 3850 duos
2311 3797 2524 3852 fratres.
2555 3793 2830 3854 Simonem
2860 3799 2946 3862 qui
2977 3803 3198 3847 vocatur
3223 3793 3437 3847 Petrus.
3463 3803 3517 3845 et
3539 3793 3745 3847 Andre-

2141 3883 2228 3921 am
2279 3868 2501 3923 fratrem
2553 3873 2673 3935 ejus
2717 3871 2994 3923 mittentes
3040 3863 3228 3920 retiab
3272 3867 3321 3918 in
3372 3879 3537 3917 mare.
3592 3872 3746 3935 erant

2143 3938 2284 3993 enim
2337 3934 2652 4008 piscatores.
2687 3950 2737 3993 et
2781 3943 2858 3993 ait
2903 3939 3024 3991 illis.
3062 3936 3256 3990 Venite
3279 3943 3555 4008 postme.
3587 3947 3638 3990 et
3673 3934 3746 3988 fa-

2141 4011 2279 4064 ciam
2314 4005 2408 4064 vus
2437 4010 2550 4064 lit-ri
2583 4014 2883 4079 piscatores
2912 4009 3212 4062 hominum.
3261 4005 3331 4062 Αι
3374 4007 3449 4060 illi
3482 4009 3744 4060 continuo

2144 4082 2347 4136 relictis
2381 4083 2581 4136 retibus
2612 4083 2780 4136 secuti
2810 4089 2938 4135 sunt
2963 4095 3108 4132 eum.

2218 4153 2280 4206 Et
2311 4154 2606 4218 procedens
2639 4154 2762 4208 inde
2785 4154 2912 4206 vidit
2939 4153 3076 4206 alios
3100 4151 3238 4204 duos
3267 4147 3743 4203 fratresJacobutn

2144 4223 2374 4279 Zebedci
2404 4233 2459 4279 et
2483 4225 2782 4279 .luhannem
2819 4225 3035 4277 fratrem
3064 4222 3185 4292 ejus
3215 4221 3266 4272 in
3302 4223 3447 4274 navi.
3483 4237 3612 4276 cum
3642 4219 3741 4273 Ze-

2147 4295 2317 4349 bedeo
2345 4305 2497 4364 patre
2522 4312 2707 4350 eorum
2737 4303 3125 4360 componentes
3161 4292 3293 4346 retia
3321 4307 3416 4344 sua
3445 4305 3502 4346 et
3531 4295 3745 4345 vocavit

2145 4381 2260 4420 eos.
2304 4364 2386 4420 llli
2417 4380 2594 4422 autem
2622 4368 2803 4423 statim
2833 4365 3020 4421 relicta
3056 4364 3299 4418 navicula
3329 4373 3384 4416 et
3419 4373 3579 4429 patre
3605 4377 3741 4416 suo:

2145 4438 2316 4492 secuti
2343 4449 2468 4492 sunt
2493 4454 2638 4492 eum.
2676 4438 2742 4492 Et
2767 4438 3029 4492 circuibat
3053 4435 3212 4490 .lesus
3243 4440 3407 4488 totam
3438 4433 3736 4489 Galileam.

2144 4507 2347 4580 docens
2396 4510 2446 4563 in
2479 4511 2762 4580 synagngis
2796 4523 3012 4570 eorum.
3047 4516 3100 4580 et
3137 4505 3454 4575 praedicans
3503 4521 3741 4576 evange-

2147 4579 2279 4650 lium
2310 4583 2479 4650 regni.
2515 4592 2568 4636 et
2594 4595 2794 4635 sanans
2827 4595 3041 4635 omnem
3091 4579 3407 4647 languorem
3439 4585 3495 4631 et
3525 4591 3743 4632 omnem

2145 4649 2512 4734 infirmi-tatem
2539 4655 2606 4734 ili
2631 4652 2846 4734 populo.

2221 4722 2284 4775 Et
2307 4723 2440 4778 abiit
2464 4718 2647 4793 opinio
2668 4718 2784 4792 ejus
2812 4723 2866 4775 in
2900 4729 3065 4793 totam
3079 4718 3328 4793 Syriam.
3354 4719 3746 4793 etoptnlernnt

2146 4793 2196 4848 ei
2249 4809 2441 4850 omnes
2471 4789 2610 4848 male
2654 4789 2914 4849 habentes
2957 4791 3121 4845 variis
3169 4789 3518 4860 languoribus
3548 4802 3603 4844 et
3630 4801 3744 4845 tor-

2149 4864 2343 4919 mentis
2377 4881 2548 4935 conpr
2577 4876 2598 4904 ε
2628 4867 2862 4920 ehensos
2891 4871 2947 4918 et
2980 4861 3071 4933 qui
3109 4862 3394 4935 daemonia
3442 4860 3742 4918 habebant.

2148 4949 2202 4990 et
2231 4933 2518 4991 lunaticos.
2564 4945 2620 4992 et
2676 4936 3024 5007 paralyticos.
3069 4941 3125 4989 et
3157 4933 3370 4989 curavit
3406 4946 3525 4988 eos.
3563 4944 3619 4990 et
3650 4949 3735 4990 se—

2146 5013 2313 5062 cutae
2343 5016 2468 5062 sunt

2152 2446 2241 2502 l9.
2282 2443 2474 2499 Venite
2504 2449 2625 2511 post

2153 2534 2260 2581 me,
2294 2524 2349 2570 et
2376 2513 2568 2568 faciam

2154 2603 2253 2644 vos
2279 2586 2396 2641 ﬁeri
2425 2585 2507 2655 pi-

2149 2669 2390 2716 scatores
2421 2657 2592 2711 homi-

2147 2731 2239 2786 20.
2283 2745 2431 2784 num.
2470 2727 2550 2782 Ad
2580 2727 2659 2782 illi

2147 2801 2406 2858 continuo
2434 2799 2634 2855 relictis

2147 2876 2299 2929 retiis
2323 2872 2456 2934 suis,
2491 2886 2575 2926 se-

2146 2945 2256 2999 cuti
2289 2953 2412 2998 suut
2444 2957 2590 2996 eum.

2145 3014 2237 3070 21.
2262 3016 2329 3070 Ει
2357 3013 2686 3084 praecedens

2147 3086 2296 3153 inde,
2325 3086 2457 3139 vidit

2144 3159 2280 3213 alios
2310 3157 2445 3211 duos
2476 3156 2586 3211 fra-

2145 3237 2279 3295 tres,
2308 3228 2569 3284 Iacobum

1113 5107 1514 5166 VARIANTES
1550 5108 1934 5170 LECTIONES
1971 5111 2238 5175 CODICIS
2273 5115 2385 5173 MS.
2425 5118 2482 5174 S.
2525 5115 3030 5175 GERMANENSIS.

502 5192 785 5305 :utgderunt
816 5209 1056 5261 magnam.
1098 5201 1192 5262 Qui
1230 5202 1440 5254 sedebat
1476 5203 1526 5254 in
1571 5204 1783 5267 regione
1825 5207 2028 5259 umbrae

437 5269 608 5306 morus

503 5321 526 5413 ς
555 5316 674 5431 ἓξὲξ]
699 5321 926 5371 transiret
948 5330 1113 5374 autem

2201 5209 2224 5276 ξ
2257 5213 2400 5263 retiis
2423 5213 2528 5262 suis
2547 5220 2600 5264 et
2623 5221 2760 5276 patre
2783 5225 2874 5263 suo

2200 5273 2223 5304 ⁵
2256 5286 2432 5324 curans

2203 5336 2225 5367 °
2257 5335 2380 5386 fama

2203 5398 2226 5429 ⁷
2260 5411 2433 5450 omnes
2455 5401 2658 5451 curavit.
2680 5400 2745 5451 Et
2765 5399 3103 5463 sequebantur

1752 5476 2122 5536 BLANCHINI
2159 5481 2392 5539 NOTAE.

509 5569 538 5644 ς
568 5559 776 5644 ἓξινίιθ
799 5569 892 5644 est
919 5577 970 5616 m
997 5562 1193 5644 linalis,
1227 5569 1554 5644 quaeadbuc
1580 5579 1827 5644 apparet.

506 5629 667 5702 {llic
698 5635 901 5705 pariter
925 5636 1121 5689 extrita
1152 5629 1312 5691 est'm
1341 5642 1536 5698 linalis.

2219 5592 2243 5621 ο
2273 5581 2481 5637 Extrita
2513 5590 2598 5637 est
2625 5599 2656 5636 a
2681 5589 2975 5652 apparente
3004 5581 3256 5652 vestigio.

511 5746 704 5836 (ulla:
722 5757 784 5836 et
804 5747 1108 5836 codaca‘nt.
1125 5746 1367 5836 ciliove-
1395 5755 1475 5829 (b)
1499 5759 1576 5814 ita
1601 5767 1658 5816 et
1683 5760 1808 5818 cod.
1829 5760 1989 5819 Cant.
2015 5761 2034 5834 (

2169 5761 2216 5818 oi
2239 5763 2528 5834 καθήμενοι.
2570 5791 2642 5805 -
2669 5761 2743 5836 (c)
2774 5762 2938 5821 Deest
2964 5762 3120 5820 Jecur
3144 5765 3309 5821 etiam
3349 5764 3405 5821 in
3435 5763 3558 5821 cod.
3584 5761 3741 5820 Cant.

443 5818 629 5888 -'(d)
666 5818 742 5876 Ita
767 5829 822 5876 et
849 5819 973 5876 cod.
1006 5820 1162 5877 Cant.
1191 5818 1408 5884 «seu;
