1984 3166
244 144 295 171 lli?)

437 198 553 228 CODEX
573 196 843 226 VERCELLENSIS.

242 252 319 277 erant
336 251 397 275 ante
410 255 468 275 vos.
658 253 708 272 nec
722 248 842 272 transeat

242 285 285 312 15.
301 284 356 311 Vos
371 280 435 311 estis
448 282 488 311 sal
503 287 556 310 ter-
658 281 763 308 caelum
777 283 805 308 et
815 284 867 307 ter-

241 328 298 348 rae.
313 319 389 353 Quod
401 320 423 346 si
437 318 476 347 sal
658 325 698 350 ra,
713 316 769 351 jota
784 323 880 348 unum,

240 356 390 386 evanuerit,
427 360 429 364 ‘
660 353 701 379 vel
719 359 786 379 unus
797 358 864 386 apex

240 399 293 428 quo
311 389 451 428 sallietur?
658 395 711 428 non
725 392 847 428 praeter:

240 422 273 454 ad
289 426 403 454 nihilum
417 423 464 453 va~
656 423 704 451 ibit
715 431 730 450 a
745 423 814 458 lege,
828 422 878 450 do-

240 462 277 490 let
291 461 340 498 (a),
357 461 449 489 nisiut
463 461 526 490 mit-
657 467 707 498 nec
722 459 811 498 omnia

240 493 310 526 tatu‘r
320 493 397 525 't‘oras
412 506 419 524 :
434 502 462 525 et
476 504 542 525 ῡοῐμ
659 495 703 533 19η.
720 493 856 533 ﬁa_nt.Qui
868 494 940 533 mini

238 534 357 561 culeetnr
371 533 406 560 ab
420 533 469 561 ho—
658 530 769 557 solverit
785 536 867 557 unum

238 569 367 597 minibus.
401 566 404 568 ’
657 566 689 592 dc
707 566 838 592 mandatis

238 606 282 633 M.
299 604 355 632 Vos
370 605 435 632 estis
447 604 492 632 lux
505 603 555 632 ιιι]-
658 602 715 628 istis
729 601 857 632 Illinlmisy

235 641 280 676 jus
296 640 401 668 mundi.
416 640 474 668 Non
655 643 681 676 et
695 637 817 676 (ὶρυιιιςιηίι

237 673 326 711 potest
337 676 431 703 civitas
656 674 695 711 sic
711 673 844 711 homines,

238 709 368 740 abscondi
383 719 430 739 su-
657 709 784 735 minimus
798 715 842 734 vo-

238 755 286 782 pra
305 752 425 775 montem
657 743 764 782 cabitur
774 744 801 770 in
812 750 873 778 reg-

237 779 281 811 15.
298 784 358 811 sita.
371 782 464 818 Neque
478 789 523 811 ac—
658 787 699 818 no_
709 779 864 818 caelorum:

656 816 701 851 qui
715 821 804 842 autem
820 814 894 843 [oce-

656 851 691 878 rit
703 854 731 878 et
745 851 845 878 docue-

655 886 691 913 rit
701 887 750 920 sic,
763 893 837 921 mag-

654 930 704 950 nus
719 922 829 949 vocabi-

654 961 698 985 tur
712 958 738 985 in
752 965 834 993 regno

653 993 803 1022 caelorum.

653 1028 699 1057 20.
721 1029 890 1065 Dicozautem
905 1035 953 1055 vo-

654 1065 696 1092 bis
706 1086 713 1098 ,
730 1065 781 1095 nisi
794 1065 883 1092 abun-

654 1100 760 1128 daberit
772 1100 851 1135 justi-

656 1136 691 1163 tia
708 1142 795 1164 vestra
811 1136 871 1170 plus

655 1179 735 1206 quam
751 1171 860 1199 Scriba-

653 1214 725 1240 rum,
739 1211 766 1235 et
780 1207 890 1234 Pharis-

654 1250 748 1271 eorum
757 1263 765 1275 ,
781 1250 835 1270 non

654 1278 789 1306 intrabitis
803 1279 829 1305 in

655 1322 739 1351 regno
750 1314 840 1342 caelo-

654 1358 725 1378 l‘lﬂll.

653 1386 699 1414 21.
720 1385 843 1413 Audistis
855 1385 917 1419 quia

653 1421 754 1449 dictum
765 1426 808 1449 est
819 1421 855 1449 ab
871 1428 921 1448 an—

655 1458 736 1492 tiquis
752 1466 759 1485 ε
774 1457 832 1485 Non
846 1463 893 1485 oc-

652 1493 725 1520 cides
741 1502 747 1519 :
764 1494 811 1528 qui
823 1500 871 1520 au-

652 1533 707 1556 tem
720 1529 826 1556 occide-

652 1564 702 1597 rit,
715 1572 777 1592 reus
791 1563 844 1591 erit

650 1598 763 1634 judicio.

652 1635 698 1662 22.
720 1635 778 1669 Ego
788 1638 878 1662 autem
894 1634 935 1667 di-

653 1679 686 1698 co
696 1671 772 1699 vobis
790 1679 797 1697 :
813 1669 885 1705 quod

234 1711 277 1738 18.
290 1719 329 1738 re.
348 1706 434 1737 A'men
653 1714 758 1738 omnes.
774 1706 820 1741 qui
833 1706 902 1733 iras-

233 1747 295 1774 dico
309 1746 395 1779 vobis,
410 1744 460 1772 do-
654 1744 724 1769 citur
738 1741 817 1769 fratri

446 1788 563 1817 CODEX
576 1787 810 1816 CORBEIENSIS.

233 1842 296 1866 runt
321 1842 384 1865 ante
413 1843 472 1864 vos.
495 1835 550 1864 Vos
571 1835 637 1862 estis
660 1834 698 1862 sal
722 1840 819 1861 terrae.
850 1832 926 1867 Quod
952 1833 974 1860 si
993 1832 1033 1861 sal

233 1874 393 1906 evanuerit,
408 1873 433 1900 in
449 1879 503 1907 quo
516 1871 648 1898 salietur?
663 1870 696 1897 ad
711 1869 825 1907 nihilum
836 1870 917 1907 rvalet
928 1869 996 1907 ultra
1011 1869 1031 1903 ¹,

233 1911 284 1937 nisi
299 1914 327 1936 ut
341 1904 465 1937 mittatur
479 1908 552 1935 foras
566 1916 572 1933 :
589 1911 616 1933 et
629 1906 804 1934 conculcetur
817 1906 851 1932 ab
865 1904 1030 1932 hominibus.

236 1946 287 1973 Vos
302 1947 370 1974 estis
383 1946 428 1973 lux
449 1944 459 1959 ¹
479 1942 581 1970 mundi.
598 1942 657 1970 Non
672 1946 761 1977 potest
784 1942 880 1970 civitas
903 1940 1032 1968 abscondi

232 1989 314 2016 supra
341 1986 459 2008 montem
485 1977 866 2016 posita..Neqiie_accendunt
882 1977 1030 2016 lucernam,

232 2012 375 2052 et-ponunt
387 2023 446 2043 eam
463 2012 512 2052 sub
537 2013 646 2052 modio;
663 2013 710 2052 sed
721 2020 803 2047 super
829 2012 1031 2052 candelabrum,

233 2047 376 2080 ut'luceat
400 2050 524 2079 omnibus
547 2049 592 2084 qui
622 2050 647 2075 in
676 2049 757 2076 domo
782 2052 854 2084 sunt.
872 2048 917 2075 Sic
945 2047 1034 2074 luceat

233 2088 278 2115 lux
313 2091 401 2114 vestra
429 2093 520 2113 coram
549 2082 721 2117 hominibus,
749 2087 779 2110 ut
811 2082 919 2109 videant
944 2087 1032 2109 vestra

232 2123 303 2151 bona
332 2130 428 2157 opera,
454 2120 514 2157 eta
542 2120 694 2155 gloriﬁcent
720 2123 822 2157 patrem
840 2121 970 2157 vestrum}
987 2117 1033 2153 qui

233 2158 260 2186 in
281 2153 364 2186 caelis
392 2161 444 2185 est.
472 2153 561 2183 Nolite
577 2160 672 2190 putare
691 2153 817 2189 quoniam
834 2154 896 2184 veni
914 2153 1033 2190 solvere

233 2195 331 2229 legem,
345 2198 391 2220 aut
418 2189 648 2229 prtiphetasinon
664 2191 724 2219 veni
739 2190 857 2229 solvere,
874 2189 921 2216 sed
942 2189 1030 2216 adim-

233 2226 317 2265 plére.
325 2226 347 2256 Α
353 2226 481 2256 mendico
488 2227 574 2261 vobis,
583 2226 669 2254 donec
677 2228 905 2265 transeatcoelutn
915 2231 941 2252 et
948 2231 1029 2265 terra,

229 2260 285 2301 iota
297 2273 389 2296 unum,
403 2267 449 2291 aut
461 2271 530 2301 unus
539 2270 608 2301 apex
630 2269 683 2301 non
697 2260 854 2301 praeteribit
862 2268 881 2301 Ia,
896 2261 1030 2301 lege,_dn-

231 2296 281 2329 nec
289 2301 300 2317 δ
310 2301 401 2328 omnia
411 2301 484 2326 ﬁant.
497 2298 545 2332 Qui
558 2296 623 2332 ergo
638 2297 750 2324 solverit
760 2304 840 2323 unum
852 2296 886 2323 de
900 2296 1031 2324 mandatis

230 2336 290 2365 istis
305 2336 425 2365 minimis
435 2356 442 2368 ,
467 2341 494 2362 et
505 2334 628 2361 docuerit
641 2333 679 2360 sic
692 2332 970 2368 hominestminimus
985 2339 1031 2368 vo-

231 2374 335 2401 cabitur
350 2373 375 2399 in
389 2378 471 2407 regno
480 2370 619 2401 coelorum
635 2368 707 2407 _:_qni
723 2372 812 2407 autent
829 2367 966 2407 fecerit_et
981 2367 1028 2394 do-

231 2409 334 2443 cuerit,
349 2408 358 2424 ³
375 2403 555 2443 hic'magnus
567 2403 707 2443 vocabitur
730 2404 755 2443 i_n
774 2410 856 2443 regno
878 2403 1028 2443 caelorum.

233 2443 298 2472 Dico
311 2438 382 2473 enim
399 2443 476 2470 vobis
486 2438 500 2475 ξ
511 2441 573 2476 quia
587 2440 639 2470 nisi
653 2438 833 2476 abundawrit
846 2438 951 2473 justitia
967 2446 1029 2476 ves-

232 2484 271 2508 tra
288 2480 347 2513 plus
358 2486 437 2513 quam
452 2474 625 2510 Scribarum,
642 2480 670 2505 et
684 2475 905 2513 Pharisaeorum,
922 2482 975 2513 non
988 2474 1029 2502 in—

231 2509 335 2542 trahitis
350 2509 377 2541 in
391 2521 502 2549 regnum
525 2513 674 2549 coelornm.
700 2510 820 2549 Audistis
841 2509 904 2544 quia
925 2510 1028 2549 dictum

231 2555 273 2577 est
288 2549 298 2565 ‘
315 2545 435 2583 antiquis
449 2558 456 2575 :
472 2548 531 2576 Non
544 2547 651 2576 occides
667 2555 674 2574 :
689 2547 736 2581 qui
760 2550 850 2583 autem
876 2545 1026 2583 occiderit,

230 2592 294 2613 reus
308 2581 479 2618 eritjudicio.
492 2584 548 2619 Ego
562 2588 652 2612 autem
663 2583 724 2610 dico
739 2582 814 2609 vobis
829 2590 836 2609 :
849 2581 912 2616 quia
927 2582 1025 2616 omnis,

229 2621 276 2656 qui
288 2619 412 2648 irascitur
423 2618 499 2647 fratri

236 819 356 846 cendunt
370 819 411 846 lu-

236 862 356 887 cernam,
374 859 401 881 et
414 861 462 888 po-

235 896 303 918 nunt
314 898 373 918 eam
385 890 436 918 sub

235 926 365 956 modium.
380 926 427 953 sed

234 970 317 997 super
328 962 429 989 eande-

234 997 350 1030 labrnm,
363 1003 392 1024 ut
403 997 444 1024 lu-

234 1038 295 1060 ceat
309 1033 436 1061 omnibus

234 1069 279 1104 qui
292 1070 317 1096 in
332 1069 414 1104 domo

235 1104 281 1132 16.
298 1109 372 1131 sunt.
382 1103 427 1132 Sic
441 1104 514 1131 luee-

235 1146 261 1166 at
274 1141 318 1167 lux
328 1143 416 1167 vestra

234 1183 326 1203 coram
342 1175 426 1202 homi-

236 1211 329 1245 nibus,
344 1215 374 1238 ut
387 1210 461 1248 vide-

233 1252 281 1274 ant
296 1252 377 1282 opera
393 1254 455 1274 ves-

235 1287 274 1309 tra
291 1282 372 1314 bona,
386 1287 413 1309 et

234 1318 408 1354 magnificent

234 1359 337 1388 patrem
353 1362 413 1381 νεε-

234 1393 317 1422 trum,
334 1390 378 1425 qui
392 1393 434 1417 est

233 1425 260 1452 in
272 1425 364 1453 caelis.

234 1461 277 1488 17.
292 1460 381 1488 Nolite
395 1463 491 1495 putare

232 1497 360 1531 quoniam
373 1503 421 1524 vo-

233 1533 260 1559 ni
276 1532 382 1560 solvere
391 1532 431 1559 le~

232 1575 304 1603 gem,
326 1571 372 1595 aut
381 1574 440 1602 pro-

232 1604 328 1638 phetas
346 1612 353 1631 :
369 1610 423 1630 non

231 1640 293 1667 veni
306 1639 423 1671 solvere,

232 1675 280 1702 sed
291 1674 424 1709 adimple-

513 140 647 170 EUSEBll
668 139 836 169 VERCELL.
858 139 1083 170 EVANGELIUM
1102 139 1174 171 CUM
1193 140 1307 173 VARUS
1325 140 1403 172 COD.
1424 139 1620 170 COLLATUM.
1823 142 1864 170 161

1310 196 1427 227 CODEX
1447 197 1670 232 YEBONENSIS.

1093 242 1200 271 fuerant
1212 247 1276 271 ante
1288 250 1352 278 vos,
1511 243 1565 271 lum
1582 248 1609 271 ct
1624 248 1704 276 terra,

1092 283 1183 313 patres
1194 287 1298 307 eorum.
1505 280 1562 315 jota
1578 287 1670 314 unum,

1092 315 1135 341 15.
1157 315 1211 342 Vos
1226 316 1291 347 estis
1311 314 1362 348 sal.
1385 336 1392 342 .
1415 336 1422 343 .
1445 336 1452 343 .
1508 316 1550 343 vel
1565 322 1634 342 unus
1649 321 1716 350 apex

1091 351 1233 378 evanuerit
1245 372 1252 384 ,
1266 351 1293 382 in
1509 359 1564 378 non
1579 354 1696 386 praeter—

1090 393 1144 421 qno
1157 386 1287 414 salietur?
1511 387 1557 414 ibit
1569 385 1585 414 εἰ
1597 387 1672 421 lege,
1684 385 1732 414 do-

1090 421 1125 448 ad
1139 422 1252 451 nihilum
1267 430 1313 451 va-
1511 430 1561 450 nec
1574 422 1663 450 omnia

1091 457 1127 484 let
1139 458 1176 493 (a)
1186 479 1193 491 ,
1210 458 1260 485 nisi
1273 463 1303 489 ut
1317 458 1381 488 mit-

1092 497 1161 520 tatur
1174 493 1240 521 foris
1255 503 1261 521 :
1276 499 1303 524 et
1316 502 1383 522 con-

1090 529 1211 557 culcetur
1224 531 1258 558 ab
1273 530 1322 557 ho-

1090 565 1219 594 minibus.

1090 599 1134 627 14.
1157 603 1210 628 Vos
1224 601 1290 629 estis
1307 601 1352 632 lux
1369 601 1417 631 hu-

1090 637 1134 670 jus
1146 637 1251 664 mundi.
1266 637 1328 666 Non

1090 676 1180 706 potest
1193 673 1290 701 civitas

1089 714 1170 742 supra
1183 713 1304 740 montem

1091 743 1175 777 posita
1188 744 1328 772 abscondi.

1089 778 1180 814 Neque
1195 780 1346 808 accendunt

1090 814 1133 842 15.
1155 815 1304 848 lucernam,
1319 821 1347 844 et

1091 855 1194 885 ponunt
1207 858 1268 879 eam
1281 852 1331 882 sub

1090 886 1192 919 modio,
1207 887 1254 914 sed

1088 929 1170 957 supra
1185 922 1286 951 cande-

1088 957 1204 990 labrum,
1219 963 1248 986 ut
1259 958 1300 988 lu~

1087 993 1130 1020 16.
1152 998 1213 1021 ceat
1224 994 1350 1025 omnibus

1085 1029 1168 1064 quiin
1183 1029 1264 1057 domo

1085 1068 1158 1091 sunt.
1174 1065 1218 1092 Sic
1232 1066 1272 1092 ln-

1086 1105 1147 1127 ccat
1157 1100 1202 1127 lux
1215 1105 1307 1130 vestra

1085 1143 1176 1163 coram
1193 1136 1282 1164 homi-

1085 1172 1174 1206 nibus,
1191 1177 1220 1199 ut
1233 1173 1272 1199 vi-

1084 1207 1165 1234 deant
1180 1215 1263 1242 opera
1273 1216 1320 1236 ve-

1083 1247 1140 1272 stra
1150 1243 1230 1276 bona,
1247 1249 1275 1272 et

1084 1279 1259 1314 magniﬁcent

1085 1319 1188 1349 patrem
1204 1323 1258 1342 ve-

1083 1354 1181 1383 strum,
1194 1350 1240 1385 qui
1255 1354 1298 1379 est

1083 1386 1110 1412 in
1125 1387 1218 1414 caelis.

1085 1421 1129 1463 t7.
1151 1421 1239 1463 Nolite
1251 1426 1347 1458 putare

1083 1464 1146 1491 quia
1161 1465 1223 1485 vent

1083 1493 1191 1521 solvere
1205 1493 1245 1520 le-

1083 1535 1156 1563 gem,
1168 1533 1214 1556 aut
1225 1536 1286 1564 pro-

1084 1564 1179 1598 phetas
1195 1573 1201 1591 :
1219 1572 1272 1592 non

1083 1600 1144 1627 veni
1160 1601 1266 1627 solvere
1276 1621 1283 1634 ,

1084 1636 1132 1662 sed
1147 1636 1306 1671 adimplere.

1085 1671 1130 1699 18.
1151 1673 1237 1699 Amen
1253 1672 1314 1700 dico

1084 1707 1172 1740 vobis,
1188 1707 1277 1735 donec

1085 1746 1207 1770 transeat
1220 1750 1283 1771 eae-

1509 459 1584 486 liant.

1509 494 1553 521 19.
1574 494 1624 527 Qui
1638 494 1710 523 enim

1508 530 1618 557 solverit
1628 536 1711 556 unum

1508 565 1542 593 de
1552 565 1686 592 mandatis

1508 601 1565 628 istis
1580 599 1713 633 minimis,

1507 641 1536 664 et
1547 635 1669 664 docuerit

1506 673 1546 701 sic
1560 672 1685 700 homines
1696 691 1704 706 ι

1506 707 1634 736 minimus
1648 714 1696 735 vo-

1504 744 1610 771 cabitur
1623 744 1649 771 in
1661 750 1706 770 re-

1504 786 1557 815 gno
1572 779 1710 815 caelorum
1722 786 1730 804 :

1502 813 1548 850 qui
1562 820 1652 843 autem
1668 813 1741 845 iace:

1503 851 1539 878 rit
1549 855 1575 878 et
1586 851 1689 878 docue-

1504 886 1605 920 ritsic,
1624 887 1668 914 hic
1684 892 1740 917 nta-

1501 928 1570 956 gnus
1580 921 1690 950 vocabi-

1502 962 1545 985 tur
1556 957 1582 984 in
1598 965 1683 993 regno

1502 993 1651 1021 caelorum.

1501 1028 1546 1056 20.
1569 1029 1634 1056 Dico
1647 1027 1793 1060 autem'vo-

1500 1064 1541 1092 bis
1550 1085 1557 1096 ,
1570 1065 1632 1100 quia
1645 1064 1698 1093 nisi
1711 1063 1792 1092 abun-

1501 1100 1607 1128 daverit
1620 1100 1703 1135 justi-

1504 1136 1540 1163 tia
1555 1141 1648 1164 vestra
1663 1137 1738 1171 plus-

1501 1180 1581 1207 quam
1596 1172 1708 1200 Scriba—

1501 1215 1560 1235 rum
1571 1229 1578 1241 ,
1596 1212 1624 1235 et
1638 1207 1744 1243 Phari-j

1501 1250 1629 1280 seorum,
1643 1251 1707 1280 mon

1501 1278 1679 1306 intrabitis’ln

1499 1322 1613 1350 regnum
1623 1314 1715 1343 caelo-

1499 1358 1571 1378 rum.

1500 1386 1546 1423 2L
1559 1386 1683 1418 Audistis
1697 1387 1758 1423 quia

1500 1422 1602 1450 dictum
1618 1427 1661 1449 est
1674 1422 1725 1453 ari~

1500 1457 1582 1493 tiquis
1598 1467 1604 1484 :
1617 1458 1677 1489 Non
1695 1466 1740 1488 oc-

1499 1494 1584 1528 cides,
1598 1494 1644 1528 qui
1658 1502 1708 1522 au-

1499 1533 1554 1566 tem
1568 1529 1678 1558 occide-

1499 1565 1545 1597 rit,
1556 1573 1619 1593 reus
1625 1565 1680 1593 erit

1497 1600 1610 1636 judicio.

1502 1636 1548 1666 22.
1566 1636 1624 1671 Ego
1634 1641 1727 1666 autem
1739 1636 1778 1665 di-

1502 1679 1535 1700 co
1550 1673 1628 1713 vobis
1641 1681 1649 1713 ε
1661 1672 1744 1714 quod

1501 1715 1590 1735 omnis
1603 1716 1648 1743 qui
1661 1716 1715 1736 Ira-

1501 1744 1585 1771 scitur
1600 1744 1677 1772 fratri

1318 1789 1435 1818 CODEX
1451 1789 1649 1818 BRIXIANUS.

1085 1836 1129 1870 qni
1142 1836 1248 1863 l'nernnt
1263 1841 1324 1863 ante
1340 1845 1399 1864 vos.
1412 1836 1465 1864 Vos
1479 1836 1544 1864 estis
1555 1836 1595 1864 sal
1608 1841 1690 1864 terra:
1702 1836 1730 1864 Si
1742 1840 1825 1863 autem
1837 1834 1870 1862 sal

1087 1872 1274 1899 l‘atnnmlnerit
1290 1873 1315 1899 in
1327 1880 1380 1906 quo
1394 1872 1556 1899 salietur.ad
1572 1872 1686 1900 nihilum
1701 1871 1797 1900 valebit
1811 1872 1869 1899 ultra

1086 1908 1137 1934 nisi
1153 1911 1181 1934 ut
1192 1907 1315 1935 mittatur
1336 1908 1407 1935 [oras
1422 1914 1448 1936 et
1463 1908 1637 1935 conculcetur
1650 1909 1685 1934 ab
1700 1908 1853 1935 hominibus.

1122 1942 1176 1970 Vos
1191 1942 1257 1971 estis
1278 1944 1322 1970 lnx
1338 1944 1430 1971 mundi
1453 1943 1509 1972 Non
1526 1947 1615 1979 potest
1637 1944 1734 1971 civitas
1756 1941 1871 1971 abscondi

1087 1985 1168 2013 supra
1182 1984 1299 2006 montem
1312 1979 1468 2007 constituta.
1481 1979 1572 2014 Neque
1583 1980 1737 2006 accendunt
1749 1980 1871 2007 lnccrnatu

1086 2019 1113 2040 et
1129 2018 1230 2076 Iannunt
1246 2022 1305 2042 eam
1321 2016 1371 2042 sub
1392 2015 1492 2042 modio.
1515 2014 1560 2042 sed
1578 2023 1658 2049 super
1678 2016 1868 2043 candelabrum.

1087 2054 1115 2076 ut
1140 2056 1218 2076 uceat
1229 2051 1355 2076 omnibus
1370 2051 1414 2076 uni
1430 2051 1456 2076 in
1472 2050 1553 2076 domo
1568 2056 1640 2076 sunt.

1087 2054 1115 2076 ut
1129 2050 1218 2077 luceat
1229 2051 1355 2078 omnibus
1370 2051 1415 2085 qni
1430 2051 1456 2078 in
1472 2050 1553 2078 domo
1568 2056 1640 2078 sntit.

1122 2085 1167 2113 Sic
1180 2086 1269 2114 luceat
1283 2088 1326 2113 lux
1340 2091 1430 2113 vestra
1445 2094 1537 2114 coram
1554 2087 1720 2114 hominibus.
1734 2091 1763 2113 ut
1775 2085 1870 2112 videant

1085 2127 1166 2157 opera
1185 2126 1272 2151 vestra
1290 2123 1370 2149 bona.
1384 2128 1411 2149 et
1422 2121 1570 2157 gloriﬁcent
1586 2127 1690 2157 patrem
1707 2127 1819 2149 vestrum
1832 2120 1870 2155 qui

1086 2156 1111 2193 in
1127 2157 1211 2184 caelis
1226 2163 1277 2184 cst.
1299 2157 1387 2185 Nolite
1411 2156 1515 2192 putare.
1542 2156 1669 2193 qndniam
1694 2158 1756 2185 veni
1778 2157 1871 2184 sulvure

1084 2191 1170 2230 legem
1194 2197 1240 2220 aut
1257 2191 1422 2230 prophetas.i
1437 2201 1500 2230 non?
1515 2191 1575 2224 veni
1597 2194 1704 2220 solvere
1728 2193 1782 2230 sed
1797 2192 1869 2219 adim-

1085 2227 1170 2261 plere.
1194 2227 1280 2256 Amen
1305 2227 1366 2257 dico
1382 2229 1468 2256 vobis.
1485 2229 1573 2256 donec
1595 2234 1714 2256 transeat
1727 2229 1826 2256 caelum
1848 2231 1870 2253 et

1084 2263 1238 2300 terra.jota
1254 2272 1336 2291 unum
1362 2266 1405 2291 vcl
1432 2273 1501 2295 unus
1523 2272 1601 2299 apex.
1628 2273 1681 2292 non
1698 2262 1871 2300 praeteribita

1084 2298 1153 2333 lege.
1170 2298 1256 2326 donec
1272 2301 1363 2327 omnia
1382 2301 1454 2327 liant.
1472 2300 1523 2334 Qui
1535 2300 1607 2328 enim
1619 2298 1732 2327 solverit
1749 2307 1824 2327 untnn
1843 2298 1871 2324 de

1083 2334 1216 2361 mandatis
1231 2335 1290 2362 istis
1302 2336 1420 2364 minimis
1432 2342 1459 2365 et
1474 2337 1597 2367 docuerit
1612 2338 1652 2363 sic
1669 2336 1792 2363 homines
1803 2334 1870 2362 mini-

1082 2377 1144 2409 mus
1153 2370 1330 2409 vocabiturin
1344 2379 1426 2409 regno
1437 2373 1582 2409 caelorum.
1590 2373 1634 2409 qui
1645 2376 1735 2399 autem
1746 2371 1841 2409 fecerit.
1849 2372 1872 2396 et

1082 2405 1117 2442 ita
1129 2405 1261 2433 docuerit.
1272 2406 1315 2434 hic
1325 2405 1435 2442 niaénus
1443 2405 1631 2435 vocabiturCin
1641 2415 1725 2442 regno
1736 2408 1870 2434 caelorum.

1082 2441 1146 2478 Dico
1157 2441 1228 2469 enim
1245 2443 1331 2478 vobis.
1347 2441 1409 2478 quia
1423 2444 1473 2470 nisi
1486 2441 1776 2477 abundaveritjustitia
1794 2446 1871 2478 vestra

1081 2476 1222 2515 plusquam
1241 2476 1396 2515 scribarum
1411 2482 1438 2506 et
1450 2479 1657 2515 Pharisaeorum
1674 2476 1734 2515 non
1749 2476 1871 2515 intrabitis

1081 2512 1108 2549 in
1125 2520 1208 2547 regno
1222 2513 1369 2542 caelorum.
1381 2515 1501 2541 Audistis
1511 2515 1572 2549 quia
1587 2513 1687 2541 dictum
1700 2512 1742 2541 est
1753 2512 1871 2549 antiquii-

1081 2547 1139 2585 gon
1153 2546 1260 2577 occides
1287 2549 1334 2585 qni
1348 2555 1437 2577 autem
1454 2546 1597 2578 occiderit.
1613 2557 1676 2577 reus
1690 2550 1745 2577 erit
1768 2546 1869 2585 judicio.

1079 2582 1253 2645 Fgf'autem
1290 2582 1352 2613 dico
1377 2585 1454 2614 vobis
1481 2585 1545 2621 quia
1573 2586 1661 2613 omnis
1689 2585 1735 2620 qui
1759 2582 1871 2613 irascitur

1092 2627 1120 2645 ra
1134 2628 1156 2645 l‘l

1092 2624 1156 2647 ratri

568 2674 765 2704 VARlANTES
784 2673 977 2708 LECTIONES
997 2674 1132 2707 CODICIS
1142 2677 1198 2707 MS.
1214 2678 1244 2706 S.
1265 2678 1523 2711 GERMANENSIS.

263 2735 272 2751 ⁸
289 2734 364 2766 valet,
377 2733 423 2759 nisi

262 2767 273 2799 ξ
289 2766 362 2799 huius

262 2797 273 2814 ⁸
292 2796 448 2834 magniﬁcent

1114 2733 1126 2749 ⁸
1142 2733 1204 2759 haec

1114 2765 1125 2798 ξ
1141 2766 1188 2796 δίε.
1199 2772 1302 2798 magnus

1113 2795 1124 2811 ⁸
1141 2795 1196 2822 est:
1204 2795 1259 2823 Νοῇ

890 2845 1075 2878 BLANCIIINI
1095 2846 1211 2882 ΝΟῙιιΕ.

267 2899 306 2936 (a)
321 2899 384 2928 Post
399 2898 481 2933 valet,
494 2897 572 2927 deest
585 2896 674 2925 ultra:
689 2899 716 2925 et
731 2895 769 2925 ita
782 2895 913 2933 in,Cant.,
927 2896 976 2925 Gr.
992 2900 1020 2925 et
1045 2896 1103 2926 Lat.
