3968 6332
238 330 326 387 169
1178 330 1624 391 EVANGELIUM
1653 326 2026 390 SECUNDUM
2067 328 2506 389 MATTli/EUM.

605 441 835 502 CODEX
871 445 1410 507 VERCELLENSIS.

235 535 415 592 dictum
445 542 531 592 est
557 552 571 589 :
600 535 691 592 Di-
1046 542 1208 598 Pater
1234 552 1413 599 vester
1431 556 1556 599 cae-

235 608 350 679 liges
381 608 684 686 proximum
1045 615 1198 670 lestis
1219 616 1427 686 perfec-

237 692 386 744 tuum,
416 689 469 734 et
497 679 653 738 odies
1044 693 1133 743 tus
1160 679 1262 745 esi.

236 751 511 865 iiii"
548 823 663 865 nm
1240 804 1473 865 CAPUT
1516 805 1603 862 vn.

235 822 313 879 44.
350 831 513 895 tuum.
547 823 663 895 Ego
693 841 791 883 au-

234 903 325 969 tem
352 894 468 969 dico
492 894 653 969 vobis
683 915 697 951 :
1046 900 1097 953 l.
1142 900 1423 955 Attendite
1446 913 1513 955 ne
1538 898 1659 969 jus-

236 965 443 1036 Diligite.
488 1006 504 1021 .
550 1006 567 1023 .
604 968 739 1025 uim.
784 1012 798 1024 .
843 1010 859 1025 .
1042 971 1215 1025 titiam
1247 983 1483 1028 vestram

235 1052 318 1094 cos
338 1046 540 1094 vestros
562 1081 579 1105 ,
1040 1042 1250 1099 faciatis
1274 1057 1462 1100 coram

238 1111 285 1166 b.
322 1150 334 1162 .
375 1150 388 1163 .
428 1147 445 1165 .
486 1110 627 1182 acite
1038 1113 1382 1182 hominibus,
1418 1127 1477 1171 ut

1039 1184 1331 1241 videamini
1360 1187 1429 1242 ab
1453 1189 1534 1246 eis
1567 1210 1579 1246 :

1041 1256 1281 1328 alioquin
1304 1273 1515 1316 merce-

1037 1326 1294 1384 dem‘non
1326 1329 1426 1384 ha-

1037 1398 1234 1455 bebitis
1266 1410 1396 1471 aput
1424 1402 1526 1459 Pa-

1038 1477 1177 1526 trem
1204 1482 1445 1529 vestrum
1465 1517 1482 1542 ,

1036 1542 1129 1612 qui
1155 1552 1241 1599 est
1265 1543 1465 1601 incae-

1035 1613 1091 1668 2.
1135 1614 1226 1669 lis.
1242 1613 1376 1671 Cum
1406 1632 1498 1672 er-

1035 1700 1107 1756 go
1134 1686 1269 1742 facis
1294 1686 1500 1744 elemo-

1038 1772 1249 1829 symam
1276 1799 1292 1824 ,
1323 1759 1437 1815 uoli
1468 1768 1553 1816 tu-

1039 1829 1108 1885 ba
1134 1843 1331 1889 canere
1350 1845 1451 1885 an-

1040 1910 1177 1976 te_te
1197 1942 1214 1969 ,
1243 1902 1387 1976 sicut
1411 1902 1582 1976 hypo-

1037 1972 1211 2029 critae
1235 1973 1442 2030 faciunt

1036 2044 1091 2100 iu
1121 2046 1431 2117 synagogis,

1036 2125 1092 2172 et
1122 2117 1177 2171 in
1206 2116 1374 2184 vicis,
1403 2128 1463 2172 ut

1037 2188 1401 2245 honorificen-

1036 2267 1125 2314 tur
1150 2259 1220 2316 ab
1246 2260 1483 2316 homini-

1034 2330 1159 2387 bus.
1188 2331 1364 2388 Amen
1388 2332 1513 2389 dico

1036 2402 1195 2459 vobis
1208 2445 1226 2472 ,
1257 2402 1462 2461 habent

1034 2473 1347 2532 mercedem

1036 2560 1215 2601 suam.

1037 2616 1094 2671 ὅ.
1134 2616 1215 2674 Te
1240 2625 1422 2674 autem
1445 2617 1582 2677 faci-

1034 2695 1217 2744 entem
1245 2690 1455 2746 elemo-

1031 2773 1221 2831 synam
1237 2804 1253 2829 ,
1287 2762 1465 2818 nesci-

1032 2840 1090 2886 at
1114 2831 1337 2888 sinistra
1364 2842 1455 2888 tua

1070 2902 1161 2958 uid
1188 2903 1353 2961 faciat
1376 2904 1511 2960 dex-

1074 3012 1089 3028 .
1129 2982 1249 3031 tera
1274 2985 1365 3031 tua
1386 2994 1401 3032 :
1430 2986 1492 3032 ut
1520 2976 1593 3033 sit

1032 3045 1348 3117 elemosyna

1030 3124 1123 3173 tua
1151 3118 1207 3173 in
1235 3117 1466 3175 abscon-

1032 3203 1119 3257 so,
1145 3197 1203 3246 et
1230 3197 1386 3262 pater
1414 3200 1499 3248 tu-

238 1183 286 1237 b.
325 1220 338 1234 .
374 1223 387 1237 .
435 1223 447 1235 .
487 1181 681 1238 odiunt

238 1263 629 1311 vo...:eto.
678 1295 691 1308 .
737 1296 752 1309 .

243 1324 419 1397 (a)pro
442 1324 544 1381 cal.
590 1367 604 1381 .
648 1365 665 1379 .
715 1368 728 1380 .

239 1396 423 1451 antibus
445 1439 458 1460 ,
487 1405 540 1452 et
565 1412 693 1468 per-

240 1468 556 1541 sequentibus
577 1484 676 1541 vos
709 1486 723 1525 :
756 1470 798 1541 -ι-

241 1537 318 1596 45.
353 1548 403 1595 ut
425 1539 541 1595 sitis
572 1540 667 1596 lilii

240 1611 385 1680 patris
416 1611 578 1668 vestri

236 1683 312 1752 qui
332 1684 476 1739 estin
504 1683 707 1741 caelis:

236 1754 315 1823 qui
335 1754 493 1811 solem
516 1770 609 1811 su-

236 1840 311 1880 um
338 1826 631 1897 oririjubet

232 1911 375 1967 super
398 1897 569 1954 bonos

228 1978 275 2024 et
298 1969 459 2025 malos
484 1988 499 2026 :
528 1980 583 2027 et
612 1971 731 2041 plu-

226 2049 275 2123 et
294 2055 448 2123 super
472 2043 652 2111 justos

227 2120 275 2165 et
299 2120 539 2178 injustas.

342 2182 396 2240 Si
423 2185 568 2269 enim
597 2185 779 2260 diligi-

225 2261 288 2327 tis
308 2270 394 2311 eos
418 2261 508 2327 qui
532 2272 632 2313 vos

224 2326 468 2401 diligunt,
497 2344 664 2401 quam

223 2398 506 2455 mercedem

224 2467 516 2554 habebitis?
538 2487 676 2529 nou-

222 2543 623 2698 ξξξξξιξξὲεῖιῖ..

224 2681 301 2737 47.
339 2685 404 2740 Et
426 2685 477 2743 si
502 2686 753 2744 salutatis

226 2753 397 2813 fratres
420 2768 635 2815 vestros

227 2834 438 2913 tantum,
466 2829 600 2913 quid

224 2900 431 2969 amplius
462 2900 603 2958 faci-

226 2968 317 3051 tisi
335 2987 509 3051 uouu_e
536 2982 591 3051 et
618 2971 706 3051 th:

227 3043 317 3098 uici
339 3043 437 3099 hoc
459 3043 707 3101 faciunt?

224 3111 297 3169 48.
317 3115 519 3188 Δ[εἰειοιε
545 3131 679 3188 ergo
717 3129 816 3174 vos

226 3184 431 3254 perfecti
449 3228 468 3259 ,
495 3184 643 3245 sicui

621 3332 858 3391 CODEX
895 3330 1369 3393 CORBEIENSIS.

223 3426 399 3484 dictum
416 3428 768 3501 est;rDiliges
788 3431 1094 3499 proximum
1126 3438 1308 3494 tuum,
1337 3438 1392 3485 et
1430 3428 1583 3485 odies
1624 3427 1805 3483 inimi-

224 3513 325 3554 cum
346 3510 513 3573 tuum.
547 3500 663 3573 Ego
684 3500 869 3573 autem
898 3501 1021 3557 dico
1050 3502 1206 3573 vobis
1242 3520 1255 3557 :
1287 3501 1505 3573 Diligite
1555 3501 1805 3556 inimicos

225 3582 430 3640 vestros,
462 3571 766 3629 benefacite
795 3572 880 3627 his
900 3573 991 3643 qui
1025 3571 1259 3628 oderunt
1287 3571 1419 3627 vosE
1445 3582 1499 3628 et
1525 3581 1676 3627 orate
1706 3587 1805 3643 pro

227 3645 651 3714 persequentibus
667 3646 707 3709 ⁸,
723 3654 779 3700 ει
801 3644 1258 3701 calumniantibus
1280 3644 1431 3700 vobis
1460 3662 1471 3697 :
1496 3645 1685 3699 utsitis
1708 3643 1803 3698 lilii

232 3717 385 3797 patris
416 3716 580 3797 gestri
633 3717 725 3786 qui
781 3716 837 3797 iu
880 3716 1065 3797 caelis
1100 3725 1247 3797 est_:
1300 3715 1619 3797 quisolem
1646 3729 1802 3769 suum

231 3785 345 3858 oriri
366 3788 385 3819 ³
415 3786 545 3841 facit
569 3785 758 3858 super
803 3788 977 3842 bonos
1018 3796 1076 3843 et
1112 3789 1286 3845 malos
1319 3785 1342 3840 ’:
1372 3796 1427 3843 et
1475 3786 1611 3856 pluit
1641 3800 1805 3858 super

227 3855 378 3929 iustos
414 3868 468 3914 et
505 3855 756 3929 iniustos.
786 3858 844 3914 Si
903 3860 1048 3915 enim
1092 3858 1115 3891 ³
1158 3860 1395 3929 diligatis
1434 3855 1530 3914 e05
1568 3857 1659 3926 qui
1707 3871 1804 3929 vos

230 3927 459 3999 diligunt,
505 3927 669 3999 quam
700 3930 1007 3985 mercedem
1040 3927 1297 3986 habetis‘.9
1333 3944 1515 3985 nonne
1541 3939 1598 3984 et
1626 3928 1805 3997 publi-

230 4002 330 4053 cani
356 4000 456 4056 hoc
484 3999 738 4056 faciunt?
783 4002 849 4055 Et
876 4002 921 4057 si
962 4002 1325 4058 salutaveritis
1367 4002 1561 4056 fratres
1592 4010 1803 4055 vestros

236 4078 418 4143 tantum
442 4112 458 4138 ,
488 4073 621 4142 quid
668 4072 900 4143 amplius
929 4072 952 4104 δ
1000 4072 1207 4129 facietis
1234 4074 1258 4127 ‘i
1313 4088 1493 4128 nonne
1521 4081 1577 4127 et
1600 4070 1803 4127 ethnici

235 4140 323 4216 hoc
370 4140 616 4198 faciunt?
672 4140 863 4216 Est'ote
913 4146 1095 4216 ergo“
1143 4159 1243 4200 vos
1296 4144 1532 4216 perfecti
1567 4144 1709 4216 sicut
1748 4151 1804 4197 et

233 4212 565 4285 Patervester
609 4215 862 4271 caelestis
897 4212 1171 4285 perfectus
1204 4212 1316 4272 est:
1338 4214 1617 4271 Attendite
1661 4215 1682 4245 ⁸
1732 4228 1804 4270 ηε

226 4282 740 4368 justitiam-vestram
784 4282 995 4368 faciatis
1034 4302 1251 4368 coram_
1279 4287 1629 4368 hominibus“.
1677 4286 1804 4368 [εἰ

230 4354 495 4412 videamini
523 4358 592 4412 ab
619 4359 698 4414 eis
727 4376 740 4411 :
765 4358 1004 4429 alioquin
1037 4358 1344 4415 mercedem
1390 4375 1496 4413 non
1531 4356 1804 4413 habebitis

229 4429 353 4511 apud
378 4429 590 4511 ffatrem
618 4440 861 4485 vestrum
887 4428 909 4496 ζ
932 4428 1025 4511 qui
1048 4432 1099 4511 i_n
1131 4430 1300 4487 coelis
1326 4440 1429 4486 est.
1463 4431 1640 4511 Quum
1671 4442 1802 4511 ergo

230 4496 343 4573 facis
368 4501 770 4573 eleemosynam
792 4542 809 4573 ,
862 4496 973 4556 noli
1005 4502 1128 4557 tuba
1165 4516 1366 4558 canere
1391 4496 1518 4557 ante
1549 4508 1630 4573 te,
1662 4496 1802 4555 sicut

232 4568 523 4654 ltypocritae
553 4568 753 4654 faciunt
780 4572 841 4654 _in
885 4574 1214 4654 synagogis,
1241 4576 1264 4606 ⁸
1310 4582 1366 4630 et
1390 4574 1467 4654 __in
1522 4571 1696 4654 vicis,
1745 4578 1803 4654 ut

230 4637 637 4698 honorificentur
666 4644 733 4698 ab
780 4637 1119 4699 hominibus:
1146 4637 1318 4701 Amen
1372 4645 1496 4700 dico
1538 4642 1727 4705 vobis,
1778 4644 1800 4675 ⁰

229 4724 534 4783 receperunt
559 4714 863 4771 mercedem
895 4730 1069 4770 suam.
1096 4714 1176 4772 Te
1200 4728 1380 4771 autem
1406 4716 1637 4771 faciente
1657 4714 1802 4769 elec-

230 4797 490 4857 mosynam
513 4829 528 4851 ,
558 4786 763 4843 nesciat
789 4787 834 4819 ¹⁰
865 4787 1085 4843 sinistra
1115 4796 1203 4844 tua
1234 4788 1363 4859 quid
1385 4787 1549 4843 faciat
1575 4786 1799 4841 dextera

206 4861 307 4932 ,ωε
342 4874 354 4909 :
388 4866 443 4912 ut
482 4859 557 4914 sit
578 4859 924 4932 eleemosyua
962 4867 1051 4915 tua
1092 4860 1145 4915 in
1181 4861 1220 4891 “
1250 4858 1591 4925 abscondito,
1622 4865 1678 4914 et
1704 4871 1801 4929 pa-

233 4931 303 4980 ter
320 4934 435 4987 tuus

1838 1778 1851 1791 κ
1906 1760 1998 1830 qui
2022 1759 2075 1813 in
2098 1758 2268 1816 caelis
2287 1768 2404 1816 est:

3404 344 3509 400 170

2339 446 2574 506 CODEX
2612 449 3061 511 VERONENSIS.

1911 539 2116 596 dictum
2143 547 2228 595 est
2260 541 2387 598 :Di-
2743 544 2835 601 48.
2876 547 3061 603 ciunt?
3089 548 3247 605 Esto-

1910 612 2046 682 liges
2068 612 2371 690 proximum
2745 624 2799 673 te
2829 633 2960 690 ergo
2990 631 3045 675 et
3065 634 3162 677 vos

1911 694 2062 756 tuum
2082 723 2099 749 ,
2122 692 2178 739 et
2206 683 2359 742 odies
2746 683 2994 756 perfecti,
3019 692 3161 748 sicut

1911 754 2194 811 inimicum
2744 754 2904 836 Pater
2925 754 3107 819 vester
3132 806 3146 831 ,
3181 764 3260 836 (b)

1912 836 2086 906 t_u_um_.
2744 833 2834 902 qui
2857 834 2918 906 in
2944 836 3112 891 caelis
3141 833 3288 906 est";-

1908 898 2000 981 με
2042 898 2321 981 ssc
2744 898 3140 981 βεττεοιειεςεςε

2938 976 3164 1035 CAPUT
3218 980 3307 1036 Vl.

2817 1048 2871 1102 1.
2914 1048 3203 1105 Adtendite
3230 1068 3302 1107 ne

2736 1118 3006 1186 justitiam
3050 1130 3288 1178 vestram

2743 1189 2951 1246 faciatis
2971 1207 3154 1248 coram

2740 1260 3074 1333 hominibus,
3099 1275 3153 1320 et

2741 1332 3033 1390 videamini
3063 1336 3131 1392 ab
3155 1338 3234 1393 cis
3259 1357 3271 1391 :

2738 1404 2978 1475 alioquin
3009 1423 3219 1465 merce-

2739 1474 3000 1533 dem’non
3025 1478 3189 1537 liabe-

2738 1546 2867 1602 bitis
2894 1558 3023 1617 aput
3053 1550 3155 1607 Pa-

2744 1625 2879 1691 trem
2908 1628 3171 1691 vestrum,

2741 1691 2832 1759 qui
2860 1690 2916 1747 in
2948 1694 3117 1750 caelis

2740 1760 2796 1839 ξ.
2832 1774 2942 1839 est.
2973 1767 3109 1839 μυω
3139 1781 3271 1839 ergo

1911 978 2021 1026 tem
2051 970 2175 1027 dico
2198 973 2391 1030 vobis:

1910 1041 2127 1113 Diligite
2150 1042 2334 1101 inimi-

1908 1127 2002 1170 cos
2025 1121 2258 1181 vestros,

1908 1184 2047 1241 bene
2075 1184 2241 1243 facite

1907 1255 2013 1312 hiis
2042 1258 2134 1329 qui
2164 1257 2358 1314 odiunt

1906 1343 2005 1384 vos
2030 1347 2043 1381 :
2072 1328 2128 1385 et
2156 1339 2311 1387 orate
2335 1328 2413 1401 (a)

1907 1415 2008 1471 pro
2032 1402 2235 1455 calum-

1906 1471 2183 1528 niantibus
2199 1511 2214 1537 ,
2243 1482 2299 1530 et
2326 1488 2449 1542 per-

1905 1542 2260 1618 sequentibus
2291 1559 2389 1618 vos
2415 1548 2486 1618 :1-

1905 1615 1996 1670 45.
2040 1624 2098 1671 ut
2123 1616 2244 1671 sitis
2272 1616 2370 1671 lilii

1906 1688 2076 1757 patris
2091 1688 2260 1743 vestri
2286 1729 2301 1753 ,

1906 1832 1998 1901 qui
2027 1830 2221 1911 soletu
2250 1900 2263 1911 _
2308 1902 2321 1911 _
2742 1832 2908 1891 facies
2938 1830 3208 1911 elemosyJ

1902 1900 2061 1961 suum
2090 1900 2222 1957 oriri
2242 1900 2396 1971 jubet
2742 1920 2867 1960 nam
2890 1908 3000 1964 noli
3034 1900 3161 1966 tuba

1903 1989 2071 2045 super
2098 1973 2273 2029 malos
2742 1991 2943 2034 canere
2965 1989 3095 2037 ante
3194 1990 3203 2011 '

1904 2056 1959 2123 el
1986 2046 2161 2123 bonos
2186 2063 2199 2097 ε
2234 2054 2291 2123 εξ
2743 2056 2819 2123 te,
2842 2050 2983 2123 sicut
3004 2054 3175 2123 hypo-

2741 2119 2912 2201 critae
2938 2119 3149 2207 faciunt

2742 2206 2799 2277 in
2830 2206 3142 2277 synagogis,

2742 2271 2798 2335 et
2836 2271 2889 2319 in
2920 2271 3073 2335 vicis,
3107 2277 3166 2323 ut

1902 2118 2041 2188 pluit
2068 2130 2234 2187 super
2272 2115 2451 2186 justos

1903 2198 1961 2245 et
1990 2190 2243 2260 injustas.

1900 2261 1994 2317 46.
2018 2258 2077 2319 Si
2106 2260 2253 2333 enim
2277 2258 2457 2333 diligi-

1899 2334 1973 2388 tis
2000 2348 2117 2401 eos,
2144 2332 2240 2403 qui
2388 2332 2391 2333 ⁷
2746 2332 3177 2394 honorificentur

1900 2418 2001 2461 vos
2026 2404 2277 2475 diligunt,
2742 2407 2812 2463 ab
2842 2406 3176 2467 hominibus.

1938 2491 2065 2556 nam
2087 2488 2300 2556 merce:
2341 2546 2365 2556 ῃ
2440 2502 2441 2505 η
2741 2476 2915 2533 Amen
2938 2479 3061 2536 dico
3088 2482 3263 2556 vobis,
3293 2486 3366 2556 (ε)

1942 2564 2027 2603 em
2050 2545 2366 2603 habebitis?

1901 2634 2085 2675 noune
2110 2627 2167 2674 et
2194 2616 2373 2687 publi-

1899 2690 1991 2745 47.
2033 2690 2157 2746 cani
2179 2686 2286 2744 hoc
2307 2686 2387 2743 fa-

1901 2760 2087 2817 ciunt?
2111 2760 2181 2816 Et
2205 2759 2253 2815 si

1900 2832 2153 2889 salutatis
2182 2830 2291 2886 fra-

1901 2912 2017 2960 tres
2040 2910 2254 2960 νεεῑτοε

1902 2985 2136 3041 tantum,
2167 2972 2298 3045 quid

1902 3047 2134 3103 amplius
2156 3045 2291 3101 faci-

1902 3118 2011 3175 tis?
2042 3131 2223 3173 nonne
2254 3124 2309 3171 et

1904 3188 2124 3247 Ethnici
2144 3187 2250 3246 hoc
2276 3188 2345 3243 fa-

2739 2562 3101 2625 perceperuut
3130 2553 3171 2625 -ι-
3201 2553 3406 2613 merce-

2740 2621 2797 2676 5.
2837 2621 2962 2677 dem
2994 2621 3169 2681 suam.
3202 2626 3279 2683 Te
3305 2642 3403 2684 au-

2743 2701 2853 2747 tem
2884 2693 3172 2752 facientem
3199 2698 3318 2754 ele-

2740 2776 3047 2844 mosynam,
3069 2770 3280 2825 nesciat

2739 2844 2962 2890 SllllSll‘a
2991 2847 3104 2905 tua,

2739 2905 2886 2975 quod
2916 2905 3045 2964 facit
3076 2909 3215 2965 dex-

2743 2986 2859 3032 tera
2884 2987 2971 3033 tua
2998 2998 3010 3031 :
3040 2989 3098 3035 ut
3126 2982 3197 3037 sit

2740 3049 2796 3103 4.
2838 3049 3154 3123 elemosyna

2742 3128 2831 3175 tua
2860 3121 2918 3176 in
2939 3121 3179 3179 abscon-

2740 3204 2826 3260 so,
2854 3200 2911 3248 et
2934 3202 3088 3264 pater
3111 3205 3258 3263 tuus,

2376 3325 2608 3383 CODEX
2648 3327 3043 3390 BRIXIANUS.

1907 3420 2112 3477 dictum
2143 3427 2248 3475 est.
2272 3419 2473 3491 Diliges
2494 3420 2796 3489 proximum
2814 3432 2963 3479 tuum
2979 3436 3033 3481 et
3061 3426 3214 3484 odies
3228 3428 3506 3490 inimicum

1908 3492 2212 3569 tutim._E_go
2240 3491 2747 3569 autem_dico_vobis
2770 3494 3009 3569 Diligitei
3034 3500 3501 3569 uimicosvestros.

1907 3563 2213 3643 benedicite
2244 3564 2834 3643 maled‘ic‘entihusyos.
2854 3563 3159 3643 benefacite
3181 3572 3266 3627 his
3286 3576 3375 3643 qui
3412 3563 3509 3632 vos

1909 3636 2118 3691 odiunt.
2143 3642 2203 3715 et
2224 3646 2379 3691 orate
2408 3634 2487 3715 (α)
2516 3651 2616 3715 pro
2634 3636 3094 3715 calumniantibus
3123 3644 3274 3698 vobis
3300 3634 3355 3699 et
3385 3662 3509 3715 per-

1908 3708 2261 3784 sequentibus
2284 3708 2434 3784 vos-l-
2451 3716 2510 3761 ut
2527 3708 2647 3763 sitis
2674 3709 2785 3784 filii
2804 3712 2973 3784 patris
3006 3715 3170 3769 vestri
3198 3716 3289 3784 qui
3314 3716 3368 3771 in
3386 3708 3511 3775 cae-

1909 3777 2110 3854 lis'est.
2153 3777 2245 3848 qui
2267 3777 2438 3854 solem
2469 3794 2626 3854 suum
2659 3777 2966 3854 oriri’facit
3007 3799 3178 3854 super
3216 3777 3401 3843 "bonos
3452 3803 3507 3848 ct

1908 3850 2113 3922 malos,
2145 3859 2201 3922 et
2228 3850 2377 3922 pluet
2402 3864 2569 3919 super
2590 3850 2769 3919 justos
2799 3860 2856 3907 et
2887 3850 3140 3922 iniustos.

1979 3920 2036 3995 Si
2068 3921 2212 3995 enim
2241 3920 2484 3995 diligatis
2515 3935 2610 3975 eos
2639 3922 2733 3991 qui
2763 3937 2861 3995 vos
2887 3920 3140 3995 diligunt.
3171 3944 3332 3995 quam
3360 3949 3503 3989 incr-

1907 3993 2096 4049 cedem
2122 3991 2410 4046 habebitis.
2442 4006 2624 4047 nonne
2658 4002 2713 4048 et
2743 3991 3013 4061 publicani
3042 3997 3146 4053 hoc
3186 3991 3408 4058 iaciunt.
3442 4006 3510 4059 Et

1907 4066 1955 4145 si
1985 4063 2234 4145 salutatis
2263 4062 2472 4145 amicos
2496 4072 2712 4145 vestros
2743 4073 2972 4145 tantum.
3004 4068 3132 4145 quid
3164 4074 3397 4145 amplius
3430 4076 3508 4131 fa-

1906 4135 2051 4215 citis.
2085 4149 2266 4215 nonne
2297 4142 2370 4215 et
2379 4133 2613 4206 gentiles
2648 4136 2751 4191 hoc
2785 4133 3229 4215 faciunt.'Est_ote
3255 4133 3384 4215 Ergo
3413 4164 3508 4203 vos

1907 4207 2133 4281 perfecti
2165 4206 2306 4281 sicut
2333 4207 2705 4281 Pater‘vester
2740 4209 2991 4266 caelestis
3021 4213 3292 4281 perfectus
3313 4206 3417 4273 Est.

1978 4278 2270 4334 Adtendite
2313 4292 2382 4334 ne
2410 4287 2437 4315 α
2466 4278 2837 4349 elemosynam
2884 4278 3119 4338 vestram
3164 4285 3378 4343 faciatis
3417 4306 3509 4346 co-

1906 4366 2023 4428 ram
2057 4348 2389 4428 hominib_us_.
2414 4348 2893 4428 u_t_v_idcamini‘ab
2934 4354 3036 4409 eis.
3068 4356 3331 4428 alioquin.
3366 4378 3511 4419 mer—

1905 4422 2099 4505 cedem
2144 4436 2254 4505 non
2298 4421 2588 4478 habebitis.
2637 4432 2770 4492 aput
2798 4422 3014 4480 Patrem
3046 4421 3285 4485 vestrum
3317 4434 3408 4505 qui
3452 4435 3507 4491 in

1905 4495 2075 4551 caelis
2106 4502 2215 4549 est.

1975 4565 2109 4620 Cum
2139 4578 2270 4634 ergo
2297 4563 2429 4620 facis
2454 4564 2827 4637 elemosynam
2858 4566 2972 4622 noli
2999 4569 3123 4625 tuba
3153 4587 3351 4630 canere
3380 4586 3509 4632 ante

1906 4636 2490 4715 te._sicutliypocritae
2521 4636 2809 4715 faciunt__in
2828 4642 3200 4715 synagogiset
3228 4646 3280 4699 in
3314 4646 3509 4715 plateis

1903 4718 1966 4765 ut
1990 4706 2416 4789 honorificentur
2438 4707 2508 4761 ab
2532 4706 2873 4789 hominibus:
2890 4706 3063 4789 Am'eﬁ
3080 4713 3202 4769 dico
3226 4706 3401 4789 vobis.
3430 4719 3508 4789 (b)

1904 4788 2270 4853 perceperunt
2299 4778 2340 4848 -ι-
2370 4780 2681 4853 mercedem
2730 4796 2903 4836 suam.
2948 4782 3024 4838 Te
3053 4794 3231 4839 autem
3270 4778 3508 4846 faciente

1904 4850 2538 4923 elemosynamsnesciat
2567 4851 2786 4907 sinistra
2818 4862 2904 4907 tua
2929 4855 3057 4923 quid
3087 4855 3251 4911 faciat
3283 4858 3509 4917 dextera

1904 4934 2019 4993 tua,
2042 4932 2099 4981 ut
2120 4921 2193 4979 sit
2217 4921 2244 4962 δ
2270 4922 2588 4994 elemosyna
2617 4932 2706 4978 tua
2734 4924 2787 4978 in
2810 4921 3101 4995 absconso,
3132 4936 3186 4983 et
3206 4939 3363 5002 pater
3386 4939 3509 4991 tuus

899 5046 1295 5105 VARIANTES
1338 5042 1724 5104 LECTIONES
1763 5036 2028 5102 CODICIS
2066 5036 2179 5095 MS.
2223 5035 2281 5094 S.
2324 5034 2832 5096 GERMANENSIS.

286 5139 308 5213 '_
334 5141 403 5213 eis
420 5143 505 5213 qui
530 5154 615 5195 vos
634 5149 982 5207 persecuntur,
1010 5150 1063 5195 et
1080 5140 1436 5195 calumniantur
1458 5140 1601 5193 vobis

288 5204 308 5295 ἒ
331 5204 532 5319 Ξιῖθὶἒιίε

548 5328 725 5396 Nonne
749 5335 803 5383 et
824 5339 1004 5396 gentes
1025 5330 1148 5396 haec

283 5392 306 5460 ξ
334 5398 439 5443 et...
459 5395 587 5447 sicut
603 5393 757 5447 Pater
782 5392 954 5448 véster
978 5397 1063 5460 qui
1081 5395 1133 5446 in
1155 5393 1312 5448 coelis
1327 5397 1425 5459 est,
1450 5392 1705 5459 perfectus
1727 5398 1807 5443 est

282 5454 490 5508 “autem

1974 5134 1998 5165 ’1

1976 5195 1999 5228 ⁸
2030 5138 2090 5246 gi
2106 5196 2156 5245 iu
2176 5193 2358 5258 plateis
2378 5197 2433 5245 et
2453 5193 2506 5243 iu
2530 5193 2646 5245 vicis

1976 5259 1999 5321 Ρ
2031 5260 2369 5321 perceperunt

1977 5318 2231 5370 Wmantis
2250 5324 2335 5369 tua
2352 5318 2551 5370 sinistra

1978 5381 2023 5416 ιι

1532 5542 1900 5603 BLANCHINI
1936 5540 2172 5601 ΝΟΤΕ.

292 5647 317 5677 ⁸
342 5638 549 5698 Extrita
578 5646 664 5697 est
688 5655 742 5695 a.
834 5688 861 5710 ,

1985 5634 2014 5676 ι)
2053 5633 2265 5691 Extrita
2293 5640 2379 5689 est
2412 5648 2465 5687 a.

293 5755 361 5826 (a)
385 5754 545 5813 Juxta
574 5755 823 5837 ordinem
852 5766 1031 5837 textus
1058 5758 1254 5837 graeci,
1284 5758 1421 5837 ὑπὲρ
1464 5744 1567 5817 τῶν
1593 5761 1803 5837 impegi

1916 5780 1980 5837 »χ
2004 5754 2188 5837 (apag)
2209 5755 2306 5837 Δκού.
2332 5751 2623 5811 διωκόντων
2646 5750 2890 5825 ὑμᾶς.--
2917 5754 2992 5827 (b)
3026 5754 3105 5812 lla
3133 5765 3190 5815 ct
3209 5755 3365 5818 Cant.
3398 5762 3517 5823 Lat,

230 5825 367 5897 juxta
396 5837 602 5887 textum
632 5827 885 5887 Grzecum
914 5872 930 5897 ,
980 5831 1009 5888 ὁ
1056 5825 1106 5887 ἔν
1142 5838 1255 5893 τοῖς
1284 5825 1536 5910 οὐρὰνοῖς.
1562 5860 1632 5875 --
1657 5825 1729 5905 (ὁ)
1760 5832 1803 5889 lt

1916 5825 2095 5886 .Cani.
2122 5825 2243 5884 Lat.

786 5926 1061 5991 PATROL.
1086 5926 1234 5990 XII.

2968 5924 3009 5982 6
