3968 6332
476 329 574 384 ﬁt

878 435 1113 494 CODEX
1157 435 1690 494 VERCELLENSIS.

1314 531 1457 586 enim
1492 538 1645 601 pater
1670 544 1791 587 ves—

1315 610 1420 685 ter,
1453 602 1584 726 qiiid
1615 616 1752 675 opus

1315 684 1472 726 sutvo
1512 689 1581 726 IS.
1611 682 1740 726 ante

1313 675 1384 729 sit
1404 675 1581 740 vobis,
1611 682 1740 729 ante

1312 761 1472 814 quam
1500 746 1697 817 petatis

1314 818 1367 872 9.
1410 818 1478 872 ab
1501 816 1587 874 eo.
1617 816 1708 873 Sic
1742 827 1925 875 autem

1314 889 1539 945 orabitis
1560 889 1711 945 illum
1730 910 1742 943 :

1315 960 1474 1015 Pater
1505 969 1711 1025 noster,

1312 1033 1404 1102 qui
1427 1047 1486 1088 es
1511 1033 1564 1087 in
1593 1032 1794 1089 caelis:

1313 1103 1680 1159 sanctiﬁcetur

1313 1189 1510 1230 nomen
1536 1186 1708 1231 tuum.

1313 1247 1403 1301 10.
1445 1247 1717 1321 Adveuiat
1743 1261 1868 1321 reg-

1313 1334 1441 1374 num
1471 1330 1640 1373 tuum.
1672 1320 1761 1375 Fi-

1311 1398 1369 1445 at
1397 1389 1644 1445 voluntas
1672 1404 1762 1445 tua

1313 1460 1367 1515 in
1395 1462 1569 1527 caelo,
1602 1470 1657 1517 et
1677 1464 1728 1517 in
1758 1471 1860 1519 ter-

1313 1533 1402 1588 11.
1446 1549 1579 1587 ram.
1612 1534 1811 1591 Panem
1855 1548 1978 1591 nos-

1314 1612 1458 1659 trum
1487 1606 1741 1661 cottidia-

1314 1691 1465 1731 num.
1512 1718 1526 1731 .
1573 1718 1586 1730 .
1631 1678 1789 1734 nobis

1316 1747 1403 1803 12.
1448 1747 1628 1802 hodie.
1653 1749 1721 1805 Et
1742 1750 1930 1807 remit-

1315 1827 1367 1874 te
1394 1820 1550 1875 nobis
1574 1820 1721 1876 debi-

1315 1899 1368 1945 ta
1397 1902 1605 1954 nostra,
1634 1893 1772 1948 sicut
1810 1903 1886 1951 et.
1932 1933 1947 1948 .
1988 1920 2009 1947 λ.
2058 1933 2073 1949 .

1315 1962 1452 2017 15...
1486 1963 1824 2021 debitoribus
1849 1966 2078 2023 nostris.

1312 2033 1382 2089 Et
1407 2049 1475 2090 ne
1502 2050 1601 2089 nos
1628 2035 1852 2094 inducas

1312 2104 1367 2159 in
1392 2107 1700 2163 temptatio-

1314 2192 1458 2232 nem.
1497 2178 1605 2235 Sed
1632 2179 1789 2236 libe—-‘

1314 2263 1377 2337 te
1402 2265 1502 2337 ηεξ»
1531 2266 1559 2303 π
1588 2252 1864 2337 φ³¹ρ.(αὶ·

1316 2319 1406 2376 14.
1440 2321 1497 2377 Si
1526 2322 1672 2377 enim
1702 2319 1927 2381 ditnisev

1318 2391 1435 2447 ritis
1463 2393 1696 2449 homini-

482 550 571 603 us,
588 533 678 606 qui
704 531 850 588 videt

481 610 534 664 in
558 607 845 672 absconso,

480 678 675 736 reddet
701 677 793 734 tibi
832 677 885 731 in

485 751 683 815 palam.

483 823 536 878 5.
574 819 712 877 Cum
737 828 919 874 autem
947 831 1073 874 ora-

484 894 575 961 tis,
604 908 709 948 non
740 891 895 947 eritis

479 966 580 1021 sic.
624 1005 638 1018 .
684 1000 700 1017 .
746 1002 760 1017 .
799 962 1019 1036 ypoeris-

478 1046 689 1107 tte,qu.
733 1073 747 1089 .
793 1075 809 1089 .
852 1045 1004 1090 mant

480 1116 625 1164 stare
652 1106 707 1161 iu
735 1121 898 1175 syna—

478 1179 633 1251 gogis
654 1186 709 1251 et
744 1177 796 1232 in
829 1192 927 1232 an-

476 1250 617 1322 gulis
644 1250 944 1320 platearum

477 1330 686 1379 stantes
704 1335 891 1384 orare.

476 1408 539 1450 ut
574 1392 856 1449 videantur

478 1466 548 1521 ab
574 1464 915 1520 hominibus:

478 1552 637 1593 amen
664 1536 782 1591 dico
810 1551 899 1591 vo-

478 1609 583 1677 bis,
627 1608 831 1662 habent
848 1621 992 1663 mer-

478 1682 668 1736 cedem
688 1694 866 1734 suam.

480 1751 535 1807 6.
577 1751 657 1806 'l‘u
682 1759 1012 1806 autemcum

480 1837 629 1891 oras,
654 1822 793 1877 intra
816 1822 872 1876 in

481 1894 791 1951 cubiculum
813 1901 900 1949 tu-

479 1981 596 2031 um,
626 1972 682 2020 et
709 1965 863 2021 cluso

480 2038 647 2104 ostio,
664 2052 760 2091 ora
788 2045 997 2106 patrem

479 2117 630 2165 tuum
655 2108 707 2163 in
735 2108 967 2163 abscon—

479 2194 582 2245 so;
612 2188 663 2236 et
696 2186 848 2250 pater
881 2190 1004 2235 tuus

480 2252 572 2322 qui
602 2251 742 2307 videt
767 2251 822 2322 in
851 2252 979 2306 abs-

477 2321 671 2388 Conso,
694 2321 887 2378 reddet
907 2343 911 2347 ·

478 2394 576 2450 tibi
606 2393 663 2448 in
696 2394 895 2463 palam.

480 2466 535 2520 7.
576 2464 808 2522 Orantes
835 2472 1039 2530 autem,
1316 2463 1417 2519 bus
1441 2474 1660 2534 peccata
1688 2481 1782 2523 eo-

479 2536 652 2593 nolite
675 2538 905 2593 multum
1316 2549 1436 2590 rum
1463 2554 1475 2589 :
1507 2536 1747 2595 dimittet

481 2609 594 2681 loq.
640 2651 654 2665 .
702 2651 719 2677 ,
750 2609 891 2664 sicut
917 2607 1039 2665 eth-
1099 2676 1109 2681 _
1316 2606 1469 2662 vobis
1488 2608 1647 2681 Pater
1675 2624 1798 2666 ves-

476 2676 572 2737 ni.‘
602 2719 617 2735 .
663 2721 678 2736 .
706 2676 784 2737 Pu
815 2721 829 2734 .
876 2721 888 2735 .
922 2689 984 2735 nt
1025 2676 1173 2734 enim
1319 2686 1402 2751 ter
1430 2680 1523 2751 qui
1550 2688 1636 2736 est
1663 2682 1718 2736 in

477 2751 646 2825 quod.
692 2790 706 2806 .
754 2793 768 2808 .
810 2751 995 2807 multi-
1318 2748 1407 2805 15.
1432 2748 1617 2807 caelis.
1641 2753 1741 2809 Sin
1760 2762 1945 2811 autem

479 2824 666 2894 loquio
686 2838 787 2883 suo
816 2839 913 2883 att-
1318 2837 1427 2894 non
1453 2825 1730 2882 remiserit
1769 2865 1783 2881 .
1829 2867 1843 2883 .
1890 2868 1903 2880 .

478 2892 719 2951 diantur.
1318 2892 1627 2952 hominibus
1652 2914 1666 2950 :

479 2966 534 3023 8.
574 2965 753 3023 Nolite
780 2981 911 3036 ergo
937 2965 1095 3022 simi-
1320 2980 1421 3021 nec
1449 2967 1610 3022 Pater
1635 2983 1758 3025 ves-

482 3037 620 3096 liare
651 3039 781 3095 illis.
808 3038 927 3096 Scit
1320 3046 1402 3093 ter
1423 3039 1667 3095 remittet

905 3146 1140 3207 CODEX
1177 3144 1658 3208 CORBEIENSIS.

483 3246 574 3319 qui
612 3243 778 3319 videt
833 3244 884 3298 in
935 3243 950 3276 ι
984 3240 1357 3319 abscondito,
1408 3243 1597 3319 reddet
1627 3244 1723 3301 tibi
1753 3248 1794 3300 ³.
1829 3246 1897 3301 Et
1914 3262 2083 3318 quum

482 3313 684 3382 oratis,
754 3332 862 3371 non
892 3316 1075 3388 peritis
1122 3314 1276 3388 sicut
1314 3313 1635 3388 hypocrita.
1669 3319 1762 3388 qui
1810 3313 1993 3374 amant
2026 3319 2081 3374 in

480 3388 773 3463 synagogis
796 3386 1187 3463 et_in_ang_ulis
1217 3386 1516 3456 platearum
1552 3386 1779 3463 stantes
1804 3406 1987 3458 orare,
2024 3401 2082 3446 ut

482 3459 771 3517 videantur
824 3459 893 3514 ab
949 3459 1261 3512 hoiiiinibus
1294 3474 1495 3529 Lamen
1532 3460 1655 3516 dico
1698 3462 1852 3517 vobis
1875 3504 1889 3529 ,
1925 3479 2078 3520 rece-

484 3539 686 3604 perunt
727 3530 1035 3604 mercedem
1068 3545 1243 3584 suam.
1292 3527 1386 3604 Tu,
1401 3542 1580 3587 autem
1623 3549 1791 3603 quum
1844 3527 2029 3591 orabis
2055 3575 2074 3603 ,

488 3602 634 3659 intra
665 3604 718 3658 in
736 3602 1041 3658 cubiculum
1071 3608 1244 3668 tuum,
1270 3610 1325 3656 et
1344 3603 1527 3657 t-lauso
1556 3602 1717 3669 ostio,
1747 3620 1846 3659 ora
1872 3602 2083 3674 patrem

490 3686 641 3731 tuum
689 3676 742 3729 in
765 3674 1066 3745 absconso;
1099 3681 1155 3729 et
1175 3683 1329 3745 pater
1376 3683 1499 3729 tuus
1546 3675 1637 3745 qui
1665 3675 1811 3732 videt
1859 3676 1913 3732 in
1961 3678 2087 3735 abs-

490 3761 660 3803 conso
682 3786 698 3811 ,
722 3744 915 3800 reddet
942 3744 1057 3800 tibi.

563 3816 896 3890 V._Orantes
942 3829 1163 3884 autem,
1214 3816 1382 3890 nolite
1430 3817 1890 3890 multnmloqui,
1942 3820 2087 3876 sicut

491 3888 714 3945 ethnici.
736 3888 938 3944 Putant
959 3890 1100 3943 enini
1130 3888 1275 3959 quod
1298 3888 1349 3943 in
1380 3888 1726 3958 multiloquio
1744 3888 1846 3946 suo
1873 3890 1894 3922 ³
1921 3906 2089 3947 exau-

492 3961 729 4017 diantur.
756 3960 935 4015 Nolite
961 3976 1093 4031 ergo
1124 3960 1145 3990 δ
1175 3960 1464 4015 assimilari
1492 3962 1590 4015 eis.
1617 3962 1733 4019 Scit
1757 3962 1901 4018 enim
1934 3972 2088 4032 pater

490 4045 694 4099 vester,
725 4033 858 4103 quid
880 4033 1045 4105 vobis
1064 4046 1200 4105 opus
1221 4035 1324 4097 sit,
1354 4040 1641 4102 antequam
1672 4033 1865 4105 petatis
1896 4035 1916 4065 ⁸
1938 4049 2085 4090 etnn.

492 4105 583 4160 Sic
612 4101 1002 4174 ergo—orabitis
1027 4103 1047 4134 ⁸
1082 4101 1113 4156 ;“
1144 4101 1525 4174 Ραιθιχμοδιθέν
1545 4145 1560 4171 ,
1593 4101 1686 4174 qui
1714 4122 1772 4160 es
1799 4108 1854 4159 in
1883 4105 2038 4162 C(Blis
2073 4124 2088 4161 :

495 4172 860 4231 sauctilicetur
888 4189 1084 4229 nomen
1117 4181 1287 4228 tuum.
1312 4172 1507 4229 Veniat
1529 4172 1751 4245 regnum
1777 4186 1949 4232 tuum.
1973 4177 2097 4233 Fiat

496 4246 745 4300 voluntas
779 4256 891 4311 tua,
924 4246 1064 4299 sicut
1094 4245 1146 4299 in
1179 4245 1340 4310 caelo,
1370 4254 1424 4299 et
1448 4246 1501 4299 in
1534 4257 1696 4300 terra.
1730 4248 1929 4302 Panem
1960 4264 2093 4304 nos-

495 4327 641 4371 trum
670 4325 698 4353 α
727 4316 1061 4372 cotidianum
1095 4316 1162 4371 da
1195 4316 1352 4371 nobis
1378 4317 1559 4371 hodie.
1595 4317 1663 4372 Et
1692 4319 1901 4374 dimitte
1939 4320 2096 4376 nobis

496 4388 677 4443 dubita
708 4398 891 4444 nostra
921 4430 936 4454 ,
988 4389 1127 4442 sicut
1172 4397 1227 4444 et
1275 4402 1374 4443 nos
1406 4387 1725 4444 dimittimus
1756 4391 2096 4448 debitoribus

498 4460 722 4515 nostris.
782 4460 848 4514 Et
892 4474 958 4514 ne
1009 4460 1232 4515 inducas
1288 4474 1389 4515 nos
1443 4458 1495 4513 in
1553 4464 1931 4518 mutationem.
1986 4463 2098 4519 Sed

497 4532 669 4588 libera
715 4546 814 4587 nos
861 4546 890 4584 a
921 4531 1081 4585 malo.
1128 4530 1186 4587 Si
1236 4532 1381 4587 enim
1422 4532 1739 4589 dimiseritis
1786 4534 2099 4590 hominibus

535 4612 715 4659 eccata
748 4618 934 4658 eorum
963 4622 975 4656 :
1016 4601 1251 4658 dimittet
1276 4604 1295 4634 ⁷
1323 4611 1377 4658 et
1403 4604 1555 4659 vobis
1584 4605 1745 4661 Pater
1780 4615 1960 4661 vester
1985 4622 2100 4664 cce-

519 4677 651 4731 estis
672 4674 870 4731 delicta
900 4682 1102 4730 vestra.
1134 4675 1192 4731 Si
1221 4683 1401 4731 autem
1439 4693 1542 4731 non
1575 4676 1898 4736 dimiseritis
1922 4678 2101 4736 homi-

497 4747 695 4806 nibus:
722 4762 822 4805 nec
843 4756 996 4819 pater
1019 4758 1197 4804 vester
1219 4745 1454 4804 dimittet

1023 320 1295 383 EUSEBII
1331 320 1676 380 VERCELL.
1716 318 2171 383 EVANGELIUI
2206 318 2353 382 CUM
2392 318 2619 381 VARIIS
2658 317 2813 380 COD.
2846 317 3247 382 COLLATUM.

2175 676 2369 734 reddet
2394 678 2489 735 tibi
2529 678 2581 733 in

2175 962 2319 1019 sicut
2346 962 2668 1034 hypocrita,

2176 1035 2268 1104 qui
2298 1044 2485 1090 amant

2176 1115 2323 1163 stare
2348 1106 2402 1162 in
2428 1122 2592 1179 syna—

2176 1179 2329 1249 gogis
2358 1188 2413 1234 et
2446 1194 2548 1234 an-

2174 1250 2317 1321 gulis
2357 1250 2662 1321 platearum

2176 1330 2385 1378 stantes
2416 1336 2599 1392 orare,

2177 1403 2236 1449 ut
2265 1393 2551 1449 videantur

2176 1465 2246 1521 ab
2276 1465 2620 1522 hominibus:

2178 1551 2333 1593 amen
2374 1536 2497 1593 dico
2525 1550 2625 1593 vo-

2175 1607 2282 1674 bis,
2314 1616 2683 1680 perceperunt
2709 1620 2858 1665 mer-

2177 1680 2369 1735 cedem
2397 1696 2571 1735 suam.

2610 434 2849 495 CODEX
2877 434 3331 497 VERONENSIS.

3016 533 3164 589 enim
3194 540 3347 604 pater
3374 547 3471 589 γεω

3016 614 3151 671 Ster,
3186 604 3318 688 quid
3343 604 3507 688 vobis

3017 692 3153 746 opus
3187 686 3279 739 sit,
3312 686 3466 733 antea

2177 532 2269 605 qui
2298 531 2445 589 videt
2470 541 2524 589 te

2178 605 2232 660 in
2265 605 2557 671 absconso,

2177 749 2319 819 pata.
3016 764 3179 819 quam
3210 750 3405 819 petatis

2273 814 2344 875 Et
2368 832 2639 895 cumora-
3016 814 3071 876 9.
3115 814 3292 895 ab
3324 820 3415 878 Sic
3446 828 3577 895 ergo

2176 891 2269 957 tis,
2301 905 2409 946 non
2440 892 2597 948 eritis
3016 891 3266 949 orabitis.

3021 961 3187 1020 Pater
3216 970 3427 1029 nesser,

3016 1035 3107 1106 qui
3135 1050 3195 1090 es
3218 1036 3273 1091 in
3297 1036 3505 1092 caelis:

3018 1107 3388 1163 sanctilicetur

3019 1192 3221 1234 nomen
3250 1189 3425 1234 tuum.

3023 1248 3115 1305 10.
3156 1250 3424 1306 Adveniat
3448 1258 3536 1305 re-

3020 1336 3186 1393 gnum
3220 1331 3390 1377 tuum.
3420 1320 3545 1378 Fiat

3023 1393 3287 1450 voluntas
3308 1400 3399 1449 tua

3019 1464 3073 1521 in
3100 1467 3275 1529 caelo,
3305 1465 3436 1520 etin

3021 1535 3112 1592 11.
3156 1545 3323 1593 terra.
3356 1534 3560 1591 Patrem
3589 1546 3691 1592 ηοι

3020 1616 3192 1663 strum
3219 1608 3477 1664 cottidia-

3022 1695 3151 1735 num
3180 1680 3246 1733 da
3275 1680 3433 1734 nobis

3025 1751 3113 1807 12.
3156 1750 3340 1807 hodie.
3368 1751 3437 1806 Et:
3455 1749 3646 1807 dimit-

3024 1831 3078 1879 te
3106 1823 3265 1878 nobis
3290 1822 3469 1878 debita
3688 1870 3693 1875 .

3025 1905 3232 1959 nostra,
3266 1894 3405 1949 sicut
3434 1902 3489 1949 et
3521 1900 3629 1948 nos”

3025 1967 3357 2022 remittimus
3384 1964 3660 2021 debitori-

3030 2038 3118 2094 15.
3152 2038 3251 2093 bus
3270 2036 3493 2093 nostris.
3518 2035 3683 2093 Erue
3704 2051 3797 2094 nos

3027 2109 3253 2165 inducas
3279 2109 3332 2181 in
3363 2108 3682 2181 temptatio-

3032 2197 3178 2238 nem.
3209 2180 3318 2237 Sed
3347 2180 3493 2236 bbe-3

3030 2268 3093 2326 ra
3120 2266 3220 2326 nes
3248 2268 3282 2308 a
3311 2253 3466 2326 male
3487 2250 3591 2326 (ai-

3035 2324 3123 2381 M.
3163 2324 3222 2381 Si
3247 2324 3393 2379 enim
3414 2324 3641 2381 amne

3035 2396 3155 2453 ritis
3197 2395 3437 2451 homini-

3036 2467 3138 2524 bus
3168 2477 3389 2539 peccata
3418 2478 3515 2523 eo—

3037 2538 3209 2596 rum’:
3239 2538 3480 2595 dimittet

3039 2612 3195 2667 vobis
3222 2620 3278 2667 et
3307 2608 3469 2665 Pater
3496 2618 3625 2666 ves-

2191 2682 2333 2754 nici.
2360 2682 2557 2754 Putant
2583 2682 2731 2738 enim
3043 2695 3124 2739 ter
3150 2684 3238 2754 qui
3263 2691 3349 2738 est
3387 2681 3443 2754 in

3044 2754 3131 2810 15.
3174 2755 3360 2811 caelis.
3382 2753 3439 2808 Si
3477 2760 3673 2808 autem

3041 2841 3150 2883 non
3173 2824 3495 2881 remiseritis

3044 2896 3356 2954 hominibus

3045 2979 3266 3042 peccata
3292 2986 3311 3042 A:
3335 2980 3439 3025 nec
3468 2965 3639 3023 Pater
3660 2980 3755 3023 ve-

3042 3040 3157 3099 ster
3168 3040 3411 3097 remittet

2661 3136 2903 3213 consx'
2936 3136 3343 3214 BRIXIANUS.

2192 3246 2285 3317 qui
2306 3245 2454 3301 videt
2482 3247 2535 3301 in
2571 3246 2860 3303 absconso.
2892 3248 3087 3305 reddet
3127 3246 3222 3317 tibi
3269 3246 3324 3301 in
3374 3243 3695 3301 manifesto.
3746 3243 3813 3317 Et

2190 3314 2314 3373 cum
2342 3319 2530 3373 oratis.
2587 3333 2694 3373 non
2739 3319 2897 3375 eritis
2938 3321 3086 3375 sicuv
3102 3314 3401 3390 hi'pocritae
3439 3318 3529 3388 qui
3548 3316 3809 3390 amantia

2189 3392 2497 3463 synagogis
2508 3400 2563 3463 et
2587 3390 2639 3444 in
2659 3392 2870 3463 angulis
2891 3385 3191 3463 platearum
3215 3399 3421 3463 stantes
3451 3385 3638 3463 orare.
3665 3399 3727 3443 ut
3744 3385 3813 3441 vi-

2192 3460 2425 3517 deantur
2451 3461 2519 3517 ab
2549 3460 3075 3521 hominibusfameu
3116 3463 3240 3520 dico
3269 3462 3420 3519 vobis
3465 3460 3593 3531 quia
3623 3474 3814 3531 perce-

2194 3541 2394 3604 perunt
2415 3534 2718 3588 mercedem
2741 3548 2916 3589 suam.

2270 3616 2292 3643 ε
2328 3603 2410 3658 'I‘u
2435 3614 2615 3659 autem
2643 3620 2766 3660 cum
2808 3620 2938 3662 oras
2977 3607 3118 3662 intra
3157 3605 3210 3660 in
3236 3603 3550 3661 cubiculum
3583 3613 3741 3658 tuum
3765 3611 3817 3659 et

2192 3676 2452 3731 claudens
2478 3678 2677 3731 ostium
2708 3686 2856 3748 tuum
2886 3694 2983 3734 ora
3017 3684 3228 3748 patrem
3253 3687 3401 3732 tuum
3431 3677 3484 3748 in
3516 3676 3815 3748 absconso.

2194 3759 2251 3803 et
2291 3757 2444 3818 pater
2474 3758 2596 3802 ttttts
2626 3749 2717 3818 qui
2765 3747 2913 3803 videt
2952 3746 3316 3804 in'absconso
3360 3747 3553 3802 reddet
3608 3746 3711 3801 tibi
3763 3747 3813 3800 in

2196 3817 2506 3874 manifesto.
2542 3820 2774 3875 Orantes
2804 3830 3009 3876 autem.
3046 3821 3215 3876 nolite
3238 3819 3466 3873 multum
3499 3818 3651 3886 loqui
3679 3818 3817 3872 sicut

2196 3891 2425 3962 ethnici.
2469 3890 2669 3962 Putant
2714 3890 2860 3946 enim
2893 3891 3037 3962 quod
3066 3892 3119 3947 in
3145 3890 3490 3960 multiloquio
3517 3904 3621 3943 suo
3651 3903 3817 3944 exau-

2198 3960 2445 4017 diuntur.
2496 3961 2678 4018 Nolite
2704 3977 2834 4033 ergo
2863 3960 3110 4020 siinilare
3152 3963 3255 4019 eis.
3304 3963 3421 4019 Scit
3465 3962 3617 4016 enim
3669 3966 3819 4029 pater

2199 4044 2383 4088 vester
2406 4033 2534 4104 quid
2563 4048 2701 4103 opus
2737 4035 2811 4089 sit
2839 4034 2995 4091 vobis
3024 4042 3314 4105 antequam
3342 4034 3726 4105 petatiseum.

2274 4105 2365 4161 Sic
2387 4102 2516 4177 ergo
2543 4102 2643 4161 vos
2671 4107 2915 4161 orabitis.
2941 4107 3106 4164 Pater
3132 4102 3320 4163 noster
3340 4102 3432 4176 qui
3460 4119 3522 4159 es
3546 4102 3604 4158 in
3628 4103 3818 4159 coctis.

2203 4175 2573 4246 sanctiﬁcatur
2617 4192 2813 4233 nomen
2844 4186 3019 4234 tuum.
3053 4177 3321 4234 Adveuiat
3366 4191 3595 4246 regnum
3621 4186 3821 4246 iituum.

2204 4244 2327 4302 Fiat
2366 4248 2614 4303 voluntas
2649 4261 2737 4303 tua
2768 4250 2908 4305 sicut
2937 4251 2989 4304 in
3020 4249 3177 4305 caelo
3201 4257 3263 4304 et
3290 4250 3344 4303 in
3387 4244 3587 4302 terram
3618 4245 3823 4302 Panem

2205 4326 2453 4373 nostrum
2471 4320 2800 4376 cotidianum
2838 4323 2901 4376 da
2926 4321 3086 4377 nobis
3108 4321 3292 4385 hodie.
3319 4320 3385 4374 Et
3408 4318 3644 4374 demitte
3671 4317 3826 4371 nobis

2207 4390 2391 4446 debita
2422 4403 2632 4447 nostra.
2683 4393 2822 4448 sicut
2866 4402 2920 4447 et
2975 4409 3075 4447 nos
3112 4391 3431 4447 dimittimus
3477 4388 3827 4443 debitoribus

2210 4464 2429 4532 nostris.
2483 4462 2552 4517 Et
2599 4480 2667 4519 ne
2699 4478 2799 4519 nos
2847 4463 3073 4519 inducas
3121 4464 3175 4519 in
3239 4460 3679 4532 temptationem.
3722 4457 3825 4515 Sed

2211 4531 2378 4607 libera
2409 4549 2508 4588 nos
2551 4550 2582 4589 a
2628 4537 2772 4607 malo
2802 4535 2900 4607 (α).
2933 4536 3188 4605 quoniam
3238 4531 3386 4607 tuum
3430 4540 3519 4588 est
3563 4545 3827 4607 regnum.

2210 4613 2270 4677 et
2301 4605 2488 4660 virtus.
2523 4615 2580 4660 et
2631 4602 2819 4677 gloria'
2860 4602 2918 4663 in
2951 4602 3220 4662 'saecula.
3288 4604 3485 4677 Amen.
3522 4602 3615 4677 _Si
3690 4604 3829 4677 enim

2212 4676 2530 4749 dimiset‘itis
2560 4675 2867 4735 hominibus
2893 4687 3120 4749 peccata
3160 4693 3370 4733 eorum.
3403 4675 3648 4732 dimittet
3678 4676 3827 4749 vobis

2211 4755 2272 4803 et
2297 4748 2458 4821 Pater
2482 4761 2664 4806 vester
2683 4752 2773 4821 qui
2802 4753 2859 4806 in
2886 4747 3053 4806 caelis
3081 4759 3184 4807 est.
3217 4749 3273 4807 Si
3300 4759 3485 4806 autem
3531 4762 3649 4821 non
3679 4747 3831 4803 dimi-

2213 4821 2392 4877 seritis
2419 4819 2732 4878 hominibus
2760 4832 2982 4893 peccata
3012 4837 3233 4890 eorum,
3271 4836 3374 4879 nec
3401 4828 3558 4893 pater
3598 4819 3832 4880 dimittet

2181 1750 2236 1808 6.
2279 1751 2358 1807 Tu
2388 1760 2566 1807 autem
2593 1766 2715 1808 cum

2181 1838 2307 1879 oras
2324 1865 2337 1887 ,
2369 1824 2508 1878 intra
2531 1824 2589 1879 in

2183 1895 2488 1951 cubiculum
2520 1905 2692 1962 tuum,

2184 1978 2239 2023 et
2268 1967 2421 2022 cluso
2450 1968 2609 2033 ostio,

2184 2053 2283 2095 ora
2313 2046 2525 2108 patrem

2187 2119 2337 2166 tuum
2369 2108 2422 2165 in
2454 2109 2684 2166 abscon-

2188 2198 2281 2249 so;
2315 2192 2368 2237 et
2398 2191 2552 2251 pater
2580 2190 2705 2237 tuus

2188 2255 2281 2325 qui
2307 2252 2455 2309 videt
2483 2263 2537 2309 te

2188 2322 2243 2380 in
2269 2325 2564 2392 absconso,
2585 2322 2785 2381 reddet

2191 2396 2285 2453 tibi
2313 2396 2365 2451 in
2397 2396 2537 2466 pala.

2190 2468 2247 2523 7.
2286 2466 2521 2523 Orantes
2546 2475 2751 2535 autem,

2191 2539 2359 2595 nolite
2386 2539 2614 2593 multum

2191 2610 2362 2681 loqui,
2393 2609 2531 2665 sicut
2558 2610 2682 2665 ethi-

2191 2752 2338 2825 quod
2370 2753 2422 2808 in
2455 2752 2639 2808 multi-

2192 2826 2435 2897 loquium
2464 2838 2621 2880 suum

2194 2896 2580 2953 exaudiuntur.

2195 2968 2250 3024 8.
2291 2967 2471 3024 Nolite
2500 2980 2631 3039 ergo
2657 2967 2811 3025 simi-

2195 3040 2315 3098 lare
2338 3041 2436 3097 eis.
2471 3039 2587 3097 Scit

1197 4931 1594 4992 VARIANTES
1633 4934 2021 4997 LEGTIONES
2064 4935 2332 4999 CODICIS
2363 4938 2476 4995 MS.
2515 4938 2571 4997 S.
2615 4938 3125 4998 GERMANENSIS.

568 5039 588 5070 ι

569 5100 591 5165 ξ
624 5038 871 5165 ῗιῖῗὲιέἓ.
896 5099 1109 5165 orantes
1131 5102 1303 5165 autem
1325 5098 1478 5152 nolite
1503 5099 1711 5152 multum
1734 5097 1872 5165 loqui
1891 5101 1923 5143 δ

572 5161 595 5194 ³
627 5162 678 5211 in
701 5161 1011 5225 multiloquio
1032 5161 1362 5214 exaudiantur

568 5225 595 5259 ⁸
625 5223 844 5276 similare
868 5223 941 5275 eis

2286 5041 2501 5095 ορδεο.

2291 5105 2313 5137 ⁸
2346 5119 2482 5156 eum-
2830 5164 2835 5165 ί
3450 5162 3507 5165 _

2292 5169 2313 5199 "
2348 5168 2548 5221 dimittit
2571 5167 2713 5221 vobis
2738 5172 2792 5221 et
2812 5164 2964 5220 Pater
2983 5172 3155 5219 vester
3177 5165 3262 5230 qui
3282 5165 3335 5216 in
3357 5163 3514 5217 caelis
3537 5169 3637 5218 est.

1828 5309 2201 5371 BLANCHINI
2242 5314 2477 5375 NOTIE.

587 5430 614 5459 ιι
644 5417 1111 5496 Vulgatambanc
1138 5421 1425 5496 lectionem
1466 5423 1606 5496 apud
1652 5426 1915 5496 Cypriani.
1941 5469 1956 5495 ,
1989 5430 2124 5487 Am-

509 5493 700 5555 bros.,
734 5490 1021 5568 augustin.
1068 5500 1122 5545 et
1152 5490 1599 5568 aiios;_mut‘.ivit
1647 5490 2011 5568 Hieronymus
2063 5504 2121 5559 in

512 5560 1064 5644 superstibstantiulent
1081 5577 1098 5625 ;
1128 5563 1222 5644 scd
1246 5565 1468 5644 verbum
1497 5560 1875 5644 quotidianum:
1902 5587 2121 5644 semper

514 5632 743 5691 retinuit
773 5632 1023 5687 Ecclesia
1054 5633 1105 5686 in
1133 5632 1390 5691 Oratione
1431 5637 1733 5695 Dominica.

590 5705 617 5744 ι)
645 5704 975 5777 Cyprianus,
998 5703 1177 5759 reddet
1203 5705 1291 5759 tibi
1302 5706 1497 5777 palam.
1522 5710 1751 5782 Propius
1768 5712 1838 5771 ad
1861 5712 2114 5773 Graecum

592 5840 667 5916 (α)
693 5840 854 5900 Deest
872 5838 1063 5912 Amen,
1096 5840 1258 5899 etiam
1309 5840 1363 5898 in
1410 5840 1532 5899 cod.
1562 5844 1718 5903 Laut.

2230 5435 2281 5512 ἐν
2327 5459 2402 5512 τῳ
2432 5444 2628 5512 φανερῷ
2658 5436 2872 5512 accedit
2917 5452 3023 5493 ms.
3058 5445 3244 5512 noster
3275 5435 3830 5512 Sun-Germanum.

2228 5504 2309 5579 pe
2338 5504 2621 5576 hac'voce',
2654 5510 2863 5579 palam,
2896 5509 3122 5565 consule
3152 5508 3521 5578 Augustinum
3552 5510 3653 5566 lib.
3699 5526 3739 5566 ll
3766 5508 3833 5564 de

2228 5576 2405 5632 Serm.
2444 5576 2664 5634 Domini
2702 5582 2755 5635 in
2801 5590 3022 5647 monte;
3054 5590 3111 5635 et
3137 5576 3621 5641 ΤΙιῘΜειτθδοιωυί
3646 5582 3831 5640 eliser-

2227 5650 2473 5705 vationcs
2504 5653 2555 5706 in
2586 5651 2906 5708 Versionem
2934 5651 3241 5709 Gothicam.

2305 5730 2327 5759 ο
2370 5721 2560 5780 Deﬁcit
2580 5724 2635 5780 in
2671 5721 2874 5782 Codice
2894 5724 3014 5782 haec
3040 5724 3320 5796 pericope.
