  <div class='ocr_page' id='page_1' title='image "/cluster/home/n/w/nwhite01/storage/ocr_20150623/12/hvd.32044015471980/092.png"; bbox 0 0 3968 6332; ppageno 0'>
   <div class='ocr_carea' id='block_1_1' title="bbox 285 251 2583 358">
    <p class='ocr_par' dir='ltr' id='par_1_1' title="bbox 285 251 2583 358">
     <span class='ocr_line' id='line_1_1' title="bbox 285 251 2583 358; baseline -0.003 -2"><span class='ocrx_word' id='word_1_1' title='bbox 285 297 370 356; x_wconf 73' lang='grc'><strong>175</strong></span> <span class='ocrx_word' id='word_1_2' title='bbox 1235 297 1694 356; x_wconf 75' lang='lat' dir='ltr'><strong>EVANGELIUM</strong></span> <span class='ocrx_word' id='word_1_3' title='bbox 1731 251 2110 358; x_wconf 69' lang='lat' dir='ltr'><strong>SECUNDUM</strong></span> <span class='ocrx_word' id='word_1_4' title='bbox 2147 297 2583 357; x_wconf 61' lang='lat' dir='ltr'><strong>MAT&#39;I&#39;HEUM.</strong></span> 
     </span>
    </p>
   </div>
   <div class='ocr_carea' id='block_1_2' title="bbox 652 412 1470 474">
    <p class='ocr_par' dir='ltr' id='par_1_2' title="bbox 652 412 1470 474">
     <span class='ocr_line' id='line_1_2' title="bbox 652 412 1470 474; baseline 0.006 -5"><span class='ocrx_word' id='word_1_5' title='bbox 652 412 884 470; x_wconf 77' lang='lat' dir='ltr'><strong>CODEX</strong></span> <span class='ocrx_word' id='word_1_6' title='bbox 923 412 1470 474; x_wconf 72' lang='lat' dir='ltr'><strong>VERCELLENSIS.</strong></span> 
     </span>
    </p>
   </div>
   <div class='ocr_carea' id='block_1_3' title="bbox 279 503 1548 574">
    <p class='ocr_par' dir='ltr' id='par_1_3' title="bbox 279 503 1548 574">
     <span class='ocr_line' id='line_1_3' title="bbox 279 503 1548 574; baseline 0.006 -16"><span class='ocrx_word' id='word_1_7' title='bbox 279 503 414 559; x_wconf 89' lang='lat' dir='ltr'><strong>vobis</strong></span> <span class='ocrx_word' id='word_1_8' title='bbox 450 513 668 574; x_wconf 86' lang='lat' dir='ltr'><strong>peccata</strong></span> <span class='ocrx_word' id='word_1_9' title='bbox 1099 520 1216 564; x_wconf 88' lang='lat' dir='ltr'><strong>zate</strong></span> <span class='ocrx_word' id='word_1_10' title='bbox 1245 519 1424 565; x_wconf 90' lang='lat' dir='ltr'><strong>autem</strong></span> <span class='ocrx_word' id='word_1_11' title='bbox 1453 523 1548 565; x_wconf 89' lang='lat' dir='ltr'><strong>vo-</strong></span> 
     </span>
    </p>
   </div>
   <div class='ocr_carea' id='block_1_4' title="bbox 279 581 1540 638">
    <p class='ocr_par' dir='ltr' id='par_1_4' title="bbox 279 581 1540 638">
     <span class='ocr_line' id='line_1_4' title="bbox 279 581 1540 638; baseline 0.005 -8"><span class='ocrx_word' id='word_1_12' title='bbox 279 583 458 632; x_wconf 80' lang='lat' dir='ltr'><strong>vestra.</strong></span> <span class='ocrx_word' id='word_1_13' title='bbox 1101 581 1188 636; x_wconf 88' lang='lat' dir='ltr'><strong>bis</strong></span> <span class='ocrx_word' id='word_1_14' title='bbox 1219 583 1540 638; x_wconf 77' lang='lat' dir='ltr'><strong>thensauros</strong></span> 
     </span>
    </p>
   </div>
   <div class='ocr_carea' id='block_1_5' title="bbox 279 646 1498 719">
    <p class='ocr_par' dir='ltr' id='par_1_5' title="bbox 279 646 1498 719">
     <span class='ocr_line' id='line_1_5' title="bbox 279 646 1498 719; baseline 0.005 -17"><span class='ocrx_word' id='word_1_15' title='bbox 279 647 355 702; x_wconf 85' lang='grc'><strong>16.</strong></span> <span class='ocrx_word' id='word_1_16' title='bbox 393 646 522 702; x_wconf 87' lang='lat' dir='ltr'><strong>Cum</strong></span> <span class='ocrx_word' id='word_1_17' title='bbox 545 657 728 704; x_wconf 87' lang='lat' dir='ltr'><strong>autem</strong></span> <span class='ocrx_word' id='word_1_18' title='bbox 751 647 832 719; x_wconf 78' lang='lat' dir='ltr'><strong>ie—</strong></span> <span class='ocrx_word' id='word_1_19' title='bbox 1099 653 1152 708; x_wconf 92' lang='lat' dir='ltr'><strong>in</strong></span> <span class='ocrx_word' id='word_1_20' title='bbox 1181 653 1378 710; x_wconf 83' lang='lat' dir='ltr'><strong>caelis:</strong></span> <span class='ocrx_word' id='word_1_21' title='bbox 1413 654 1498 709; x_wconf 89' lang='lat' dir='ltr'><strong>ubi</strong></span> 
     </span>
    </p>
   </div>
   <div class='ocr_carea' id='block_1_6' title="bbox 273 719 1496 796">
    <p class='ocr_par' dir='ltr' id='par_1_6' title="bbox 273 719 1496 796">
     <span class='ocr_line' id='line_1_6' title="bbox 273 719 1496 796; baseline 0.008 -25"><span class='ocrx_word' id='word_1_22' title='bbox 273 719 478 796; x_wconf 75' lang='lat' dir='ltr'><strong>jutiatis,</strong></span> <span class='ocrx_word' id='word_1_23' title='bbox 509 721 676 796; x_wconf 79' lang='lat' dir='ltr'><strong>nolite</strong></span> <span class='ocrx_word' id='word_1_24' title='bbox 1099 740 1274 795; x_wconf 89' lang='lat' dir='ltr'><strong>neque</strong></span> <span class='ocrx_word' id='word_1_25' title='bbox 1309 740 1496 796; x_wconf 78' lang='lat' dir='ltr'><strong>erugo,</strong></span> 
     </span>
    </p>
   </div>
   <div class='ocr_carea' id='block_1_7' title="bbox 279 791 1452 867">
    <p class='ocr_par' dir='ltr' id='par_1_7' title="bbox 279 791 1452 867">
     <span class='ocr_line' id='line_1_7' title="bbox 279 791 1452 867; baseline 0.006 -22"><span class='ocrx_word' id='word_1_26' title='bbox 279 791 380 845; x_wconf 75' lang='lat' dir='ltr'><strong>fieri</strong></span> <span class='ocrx_word' id='word_1_27' title='bbox 395 792 536 867; x_wconf 78' lang='lat' dir='ltr'><strong>sicut</strong></span> <span class='ocrx_word' id='word_1_28' title='bbox 562 792 664 867; x_wconf 81' lang='lat' dir='ltr'><strong>by-</strong></span> <span class='ocrx_word' id='word_1_29' title='bbox 1101 791 1276 867; x_wconf 74' lang='lat' dir='ltr'><strong>neque</strong></span> <span class='ocrx_word' id='word_1_30' title='bbox 1309 791 1452 852; x_wconf 73' lang='lat' dir='ltr'><strong>tinea</strong></span> 
     </span>
    </p>
   </div>
   <div class='ocr_carea' id='block_1_8' title="bbox 277 863 1450 934">
    <p class='ocr_par' dir='ltr' id='par_1_8' title="bbox 277 863 1450 934">
     <span class='ocr_line' id='line_1_8' title="bbox 277 863 1450 934; baseline 0.004 -16"><span class='ocrx_word' id='word_1_31' title='bbox 277 863 493 934; x_wconf 83' lang='lat' dir='ltr'><strong>pocritae</strong></span> <span class='ocrx_word' id='word_1_32' title='bbox 523 863 650 920; x_wconf 81' lang='lat' dir='ltr'><strong>tris-</strong></span> <span class='ocrx_word' id='word_1_33' title='bbox 1096 863 1450 934; x_wconf 81' lang='lat' dir='ltr'><strong>exterminat;</strong></span> 
     </span>
    </p>
   </div>
   <div class='ocr_carea' id='block_1_9' title="bbox 281 933 1586 996">
    <p class='ocr_par' dir='ltr' id='par_1_9' title="bbox 281 933 1586 996">
     <span class='ocr_line' id='line_1_9' title="bbox 281 933 1586 996; baseline 0.003 -6"><span class='ocrx_word' id='word_1_34' title='bbox 281 933 370 990; x_wconf 82' lang='lat' dir='ltr'><strong>tes.</strong></span> <span class='ocrx_word' id='word_1_35' title='bbox 395 933 773 992; x_wconf 75' lang='lat' dir='ltr'><strong>Exterminant</strong></span> <span class='ocrx_word' id='word_1_36' title='bbox 1093 951 1142 996; x_wconf 88' lang='lat' dir='ltr'><strong>et</strong></span> <span class='ocrx_word' id='word_1_37' title='bbox 1177 939 1269 996; x_wconf 90' lang='lat' dir='ltr'><strong>ubi</strong></span> <span class='ocrx_word' id='word_1_38' title='bbox 1307 933 1450 996; x_wconf 85' lang='lat' dir='ltr'><strong>fures</strong></span> <span class='ocrx_word' id='word_1_39' title='bbox 1481 956 1586 996; x_wconf 91' lang='lat' dir='ltr'><strong>non</strong></span> 
     </span>
    </p>
   </div>
   <div class='ocr_carea' id='block_1_10' title="bbox 280 1007 1474 1079">
    <p class='ocr_par' dir='ltr' id='par_1_10' title="bbox 280 1007 1474 1079">
     <span class='ocr_line' id='line_1_10' title="bbox 280 1007 1474 1079; baseline 0.003 -17"><span class='ocrx_word' id='word_1_40' title='bbox 280 1007 404 1062; x_wconf 88' lang='lat' dir='ltr'><strong>enim</strong></span> <span class='ocrx_word' id='word_1_41' title='bbox 429 1007 590 1062; x_wconf 82' lang='lat' dir='ltr'><strong>iacies</strong></span> <span class='ocrx_word' id='word_1_42' title='bbox 1091 1011 1354 1067; x_wconf 66' lang='lat' dir='ltr'><strong>effodiunt</strong></span> <span class='ocrx_word' id='word_1_43' title='bbox 1372 1053 1386 1079; x_wconf 90' lang='lat'><strong>,</strong></span> <span class='ocrx_word' id='word_1_44' title='bbox 1417 1020 1474 1068; x_wconf 91' lang='lat' dir='ltr'><strong>et</strong></span> 
     </span>
    </p>
   </div>
   <div class='ocr_carea' id='block_1_11' title="bbox 281 1083 1632 1148">
    <p class='ocr_par' dir='ltr' id='par_1_11' title="bbox 281 1083 1632 1148">
     <span class='ocr_line' id='line_1_11' title="bbox 281 1083 1632 1148; baseline 0.007 -14"><span class='ocrx_word' id='word_1_45' title='bbox 281 1093 408 1144; x_wconf 87' lang='lat' dir='ltr'><strong>suas,</strong></span> <span class='ocrx_word' id='word_1_46' title='bbox 441 1087 494 1132; x_wconf 89' lang='lat' dir='ltr'><strong>ut</strong></span> <span class='ocrx_word' id='word_1_47' title='bbox 523 1092 684 1148; x_wconf 89' lang='lat' dir='ltr'><strong>pare-</strong></span> <span class='ocrx_word' id='word_1_48' title='bbox 1091 1083 1181 1138; x_wconf 78' lang='grc'><strong>21.</strong></span> <span class='ocrx_word' id='word_1_49' title='bbox 1227 1085 1488 1140; x_wconf 80' lang='lat' dir='ltr'><strong>furantur.</strong></span> <span class='ocrx_word' id='word_1_50' title='bbox 1527 1083 1632 1146; x_wconf 83' lang='lat' dir='ltr'><strong>Ubi</strong></span> 
     </span>
    </p>
   </div>
   <div class='ocr_carea' id='block_1_12' title="bbox 281 1151 1534 1212">
    <p class='ocr_par' dir='ltr' id='par_1_12' title="bbox 281 1151 1534 1212">
     <span class='ocr_line' id='line_1_12' title="bbox 281 1151 1534 1212; baseline 0.006 -7"><span class='ocrx_word' id='word_1_51' title='bbox 281 1161 361 1205; x_wconf 83' lang='lat' dir='ltr'><strong>ant</strong></span> <span class='ocrx_word' id='word_1_52' title='bbox 389 1151 612 1204; x_wconf 85' lang='lat' dir='ltr'><strong>homini-</strong></span> <span class='ocrx_word' id='word_1_53' title='bbox 1092 1155 1236 1211; x_wconf 90' lang='lat' dir='ltr'><strong>enim</strong></span> <span class='ocrx_word' id='word_1_54' title='bbox 1264 1167 1346 1210; x_wconf 80' lang='lat' dir='ltr'><strong>eSt</strong></span> <span class='ocrx_word' id='word_1_55' title='bbox 1377 1155 1534 1212; x_wconf 89' lang='lat' dir='ltr'><strong>then-</strong></span> 
     </span>
    </p>
   </div>
   <div class='ocr_carea' id='block_1_13' title="bbox 277 1221 1515 1292">
    <p class='ocr_par' dir='ltr' id='par_1_13' title="bbox 277 1221 1515 1292">
     <span class='ocr_line' id='line_1_13' title="bbox 277 1221 1515 1292; baseline 0.002 -15"><span class='ocrx_word' id='word_1_56' title='bbox 277 1221 364 1278; x_wconf 91' lang='lat' dir='ltr'><strong>bus</strong></span> <span class='ocrx_word' id='word_1_57' title='bbox 381 1221 624 1291; x_wconf 86' lang='lat' dir='ltr'><strong>jejnnan-</strong></span> <span class='ocrx_word' id='word_1_58' title='bbox 1093 1241 1310 1282; x_wconf 89' lang='lat' dir='ltr'><strong>saurum</strong></span> <span class='ocrx_word' id='word_1_59' title='bbox 1343 1235 1515 1292; x_wconf 87' lang='lat' dir='ltr'><strong>tuum,</strong></span> 
     </span>
    </p>
   </div>
   <div class='ocr_carea' id='block_1_14' title="bbox 278 1293 1666 1370">
    <p class='ocr_par' dir='ltr' id='par_1_14' title="bbox 278 1293 1666 1370">
     <span class='ocr_line' id='line_1_14' title="bbox 278 1293 1666 1370; baseline 0.006 -22"><span class='ocrx_word' id='word_1_60' title='bbox 278 1293 555 1370; x_wconf 75' lang='lat' dir='ltr'><strong>tes.Atnen</strong></span> <span class='ocrx_word' id='word_1_61' title='bbox 614 1366 621 1370; x_wconf 92' lang='lat'>_</span> <span class='ocrx_word' id='word_1_62' title='bbox 663 1365 672 1370; x_wconf 89' lang='lat'><strong><em>_</em></strong></span> <span class='ocrx_word' id='word_1_63' title='bbox 715 1367 726 1370; x_wconf 93' lang='lat'><em>_</em></span> <span class='ocrx_word' id='word_1_64' title='bbox 1093 1299 1170 1354; x_wconf 87' lang='lat' dir='ltr'><strong>ibi</strong></span> <span class='ocrx_word' id='word_1_65' title='bbox 1201 1299 1274 1370; x_wconf 78' lang='grc' dir='ltr'><strong>(ο)</strong></span> <span class='ocrx_word' id='word_1_66' title='bbox 1301 1297 1666 1370; x_wconf 71' lang='grc' dir='ltr'><strong>θιίι-ι-ειθοι·</strong></span> 
     </span>
    </p>
   </div>
   <div class='ocr_carea' id='block_1_15' title="bbox 275 1364 1268 1440">
    <p class='ocr_par' dir='ltr' id='par_1_15' title="bbox 275 1364 1268 1440">
     <span class='ocr_line' id='line_1_15' title="bbox 275 1364 1268 1440; baseline 0.004 -21"><span class='ocrx_word' id='word_1_67' title='bbox 275 1365 382 1440; x_wconf 79' lang='lat' dir='ltr'><strong>dico</strong></span> <span class='ocrx_word' id='word_1_68' title='bbox 405 1364 568 1430; x_wconf 85' lang='lat' dir='ltr'><strong>vobis,</strong></span> <span class='ocrx_word' id='word_1_69' title='bbox 601 1365 681 1440; x_wconf 85' lang='lat' dir='ltr'><strong>(a)</strong></span> <span class='ocrx_word' id='word_1_70' title='bbox 713 1367 808 1424; x_wconf 85' lang='lat' dir='ltr'><strong>ha-</strong></span> <span class='ocrx_word' id='word_1_71' title='bbox 1097 1364 1268 1426; x_wconf 58' lang='lat' dir='ltr'><strong>tuum;</strong></span> 
     </span>
    </p>
   </div>
   <div class='ocr_carea' id='block_1_16' title="bbox 275 1435 1706 1515">
    <p class='ocr_par' dir='ltr' id='par_1_16' title="bbox 275 1435 1706 1515">
     <span class='ocr_line' id='line_1_16' title="bbox 275 1435 1706 1515; baseline 0.006 -24"><span class='ocrx_word' id='word_1_72' title='bbox 275 1435 392 1515; x_wconf 78' lang='lat' dir='ltr'><strong>bent</strong></span> <span class='ocrx_word' id='word_1_73' title='bbox 419 1435 623 1492; x_wconf 52' lang='lat' dir='ltr'><strong>merce;</strong></span> <span class='ocrx_word' id='word_1_74' title='bbox 659 1435 671 1440; x_wconf 76' lang='grc'>⁷</span> <span class='ocrx_word' id='word_1_75' title='bbox 1091 1441 1183 1515; x_wconf 71' lang='lat'><strong>22.</strong></span> <span class='ocrx_word' id='word_1_76' title='bbox 1225 1441 1466 1498; x_wconf 80' lang='lat' dir='ltr'><strong>Lucerna</strong></span> <span class='ocrx_word' id='word_1_77' title='bbox 1503 1459 1706 1515; x_wconf 85' lang='lat' dir='ltr'><strong>corpo-</strong></span> 
     </span>
    </p>
   </div>
   <div class='ocr_carea' id='block_1_17' title="bbox 273 1506 1540 1570">
    <p class='ocr_par' dir='ltr' id='par_1_17' title="bbox 273 1506 1540 1570">
     <span class='ocr_line' id='line_1_17' title="bbox 273 1506 1540 1570; baseline 0.006 -7"><span class='ocrx_word' id='word_1_78' title='bbox 273 1506 384 1563; x_wconf 89' lang='lat' dir='ltr'><strong>dem</strong></span> <span class='ocrx_word' id='word_1_79' title='bbox 413 1522 582 1562; x_wconf 87' lang='lat' dir='ltr'><strong>suam.</strong></span> <span class='ocrx_word' id='word_1_80' title='bbox 1093 1513 1172 1569; x_wconf 89' lang='lat' dir='ltr'><strong>ris</strong></span> <span class='ocrx_word' id='word_1_81' title='bbox 1199 1515 1274 1568; x_wconf 89' lang='lat' dir='ltr'><strong>tui</strong></span> <span class='ocrx_word' id='word_1_82' title='bbox 1305 1521 1390 1569; x_wconf 88' lang='lat' dir='ltr'><strong>est</strong></span> <span class='ocrx_word' id='word_1_83' title='bbox 1409 1530 1540 1570; x_wconf 89' lang='lat' dir='ltr'><strong>ocu-</strong></span> 
     </span>
    </p>
   </div>
   <div class='ocr_carea' id='block_1_18' title="bbox 275 1578 958 1662">
    <p class='ocr_par' dir='ltr' id='par_1_18' title="bbox 275 1578 958 1662">
     <span class='ocr_line' id='line_1_18' title="bbox 275 1578 958 1662; baseline 0.015 -31"><span class='ocrx_word' id='word_1_84' title='bbox 275 1581 356 1662; x_wconf 56' lang='lat' dir='ltr'><strong>li.</strong></span> <span class='ocrx_word' id='word_1_85' title='bbox 396 1578 492 1662; x_wconf 81' lang='lat' dir='ltr'><strong>Vos</strong></span> <span class='ocrx_word' id='word_1_86' title='bbox 523 1619 538 1634; x_wconf 94' lang='lat'><strong>.</strong></span> <span class='ocrx_word' id='word_1_87' title='bbox 572 1621 587 1634; x_wconf 94' lang='lat'><strong>.</strong></span> <span class='ocrx_word' id='word_1_88' title='bbox 621 1621 636 1635; x_wconf 92' lang='lat'><strong>.</strong></span> <span class='ocrx_word' id='word_1_89' title='bbox 673 1591 805 1652; x_wconf 89' lang='lat' dir='ltr'><strong>tem,</strong></span> <span class='ocrx_word' id='word_1_90' title='bbox 835 1597 958 1640; x_wconf 89' lang='lat' dir='ltr'><strong>eum</strong></span> 
     </span>
    </p>
   </div>
   <div class='ocr_carea' id='block_1_19' title="bbox 271 1662 658 1721">
    <p class='ocr_par' dir='ltr' id='par_1_19' title="bbox 271 1662 658 1721">
     <span class='ocr_line' id='line_1_19' title="bbox 271 1662 658 1721; baseline 0.01 -16"><span class='ocrx_word' id='word_1_91' title='bbox 271 1662 528 1721; x_wconf 67' lang='lat' dir='ltr'><strong>Jejunaus,</strong></span> <span class='ocrx_word' id='word_1_92' title='bbox 560 1667 658 1708; x_wconf 84' lang='lat' dir='ltr'><strong>nn-</strong></span> 
     </span>
    </p>
   </div>
   <div class='ocr_carea' id='block_1_20' title="bbox 273 1727 586 1794">
    <p class='ocr_par' dir='ltr' id='par_1_20' title="bbox 273 1727 586 1794">
     <span class='ocr_line' id='line_1_20' title="bbox 273 1727 586 1794; baseline 0.003 -17"><span class='ocrx_word' id='word_1_93' title='bbox 273 1727 408 1792; x_wconf 75' lang='lat' dir='ltr'><strong>gnite</strong></span> <span class='ocrx_word' id='word_1_94' title='bbox 429 1734 586 1794; x_wconf 80' lang='lat' dir='ltr'><strong>caput</strong></span> 
     </span>
    </p>
   </div>
   <div class='ocr_carea' id='block_1_21' title="bbox 273 1793 723 1860">
    <p class='ocr_par' dir='ltr' id='par_1_21' title="bbox 273 1793 723 1860">
     <span class='ocr_line' id='line_1_21' title="bbox 273 1793 723 1860; baseline 0.011 -13"><span class='ocrx_word' id='word_1_95' title='bbox 273 1793 522 1860; x_wconf 67' lang='lat' dir='ltr'><strong>vestram,</strong></span> <span class='ocrx_word' id='word_1_96' title='bbox 555 1805 610 1851; x_wconf 91' lang='lat' dir='ltr'><strong>et</strong></span> <span class='ocrx_word' id='word_1_97' title='bbox 638 1793 723 1852; x_wconf 81' lang='lat' dir='ltr'><strong>fa-</strong></span> 
     </span>
    </p>
   </div>
   <div class='ocr_carea' id='block_1_22' title="bbox 273 1865 656 1924">
    <p class='ocr_par' dir='ltr' id='par_1_22' title="bbox 273 1865 656 1924">
     <span class='ocr_line' id='line_1_22' title="bbox 273 1865 656 1924; baseline 0.005 -4"><span class='ocrx_word' id='word_1_98' title='bbox 273 1865 400 1921; x_wconf 84' lang='lat' dir='ltr'><strong>ciem</strong></span> <span class='ocrx_word' id='word_1_99' title='bbox 429 1875 656 1924; x_wconf 85' lang='lat' dir='ltr'><strong>vestram</strong></span> 
     </span>
    </p>
   </div>
   <div class='ocr_carea' id='block_1_23' title="bbox 273 1935 810 2011">
    <p class='ocr_par' dir='ltr' id='par_1_23' title="bbox 273 1935 810 2011">
     <span class='ocr_line' id='line_1_23' title="bbox 273 1935 810 2011; baseline 0.015 -22"><span class='ocrx_word' id='word_1_100' title='bbox 273 1935 357 1990; x_wconf 84' lang='grc'><strong>18.</strong></span> <span class='ocrx_word' id='word_1_101' title='bbox 383 1937 581 2011; x_wconf 81' lang='lat' dir='ltr'><strong>labate,</strong></span> <span class='ocrx_word' id='word_1_102' title='bbox 611 1954 686 1996; x_wconf 82' lang='lat' dir='ltr'><strong>ne</strong></span> <span class='ocrx_word' id='word_1_103' title='bbox 717 1955 810 2011; x_wconf 86' lang='lat' dir='ltr'><strong>pa-</strong></span> 
     </span>
    </p>
   </div>
   <div class='ocr_carea' id='block_1_24' title="bbox 267 2009 618 2066">
    <p class='ocr_par' dir='ltr' id='par_1_24' title="bbox 267 2009 618 2066">
     <span class='ocr_line' id='line_1_24' title="bbox 267 2009 618 2066; baseline 0.011 -4"><span class='ocrx_word' id='word_1_104' title='bbox 267 2009 421 2065; x_wconf 88' lang='lat' dir='ltr'><strong>reatis</strong></span> <span class='ocrx_word' id='word_1_105' title='bbox 449 2010 618 2066; x_wconf 89' lang='lat' dir='ltr'><strong>homi-</strong></span> 
     </span>
    </p>
   </div>
   <div class='ocr_carea' id='block_1_25' title="bbox 269 2080 683 2150">
    <p class='ocr_par' dir='ltr' id='par_1_25' title="bbox 269 2080 683 2150">
     <span class='ocr_line' id='line_1_25' title="bbox 269 2080 683 2150; baseline 0.01 -18"><span class='ocrx_word' id='word_1_106' title='bbox 269 2080 416 2136; x_wconf 84' lang='lat' dir='ltr'><strong>nibus</strong></span> <span class='ocrx_word' id='word_1_107' title='bbox 437 2081 683 2150; x_wconf 86' lang='lat' dir='ltr'><strong>jejunan-</strong></span> 
     </span>
    </p>
   </div>
   <div class='ocr_carea' id='block_1_26' title="bbox 269 2155 810 2222">
    <p class='ocr_par' dir='ltr' id='par_1_26' title="bbox 269 2155 810 2222">
     <span class='ocr_line' id='line_1_26' title="bbox 269 2155 810 2222; baseline 0.013 -18"><span class='ocrx_word' id='word_1_108' title='bbox 269 2159 378 2218; x_wconf 85' lang='lat' dir='ltr'><strong>tes,</strong></span> <span class='ocrx_word' id='word_1_109' title='bbox 407 2155 492 2208; x_wconf 90' lang='lat' dir='ltr'><strong>sed</strong></span> <span class='ocrx_word' id='word_1_110' title='bbox 523 2155 664 2222; x_wconf 83' lang='lat' dir='ltr'><strong>patri</strong></span> <span class='ocrx_word' id='word_1_111' title='bbox 692 2170 810 2211; x_wconf 87' lang='lat' dir='ltr'><strong>ves-</strong></span> 
     </span>
    </p>
   </div>
   <div class='ocr_carea' id='block_1_27' title="bbox 265 2225 678 2293">
    <p class='ocr_par' dir='ltr' id='par_1_27' title="bbox 265 2225 678 2293">
     <span class='ocr_line' id='line_1_27' title="bbox 265 2225 678 2293; baseline 0.017 -18"><span class='ocrx_word' id='word_1_112' title='bbox 265 2231 372 2288; x_wconf 84' lang='lat' dir='ltr'><strong>tro,</strong></span> <span class='ocrx_word' id='word_1_113' title='bbox 399 2225 482 2293; x_wconf 89' lang='lat' dir='ltr'><strong>qui</strong></span> <span class='ocrx_word' id='word_1_114' title='bbox 513 2234 596 2281; x_wconf 89' lang='lat' dir='ltr'><strong>est</strong></span> <span class='ocrx_word' id='word_1_115' title='bbox 625 2228 678 2282; x_wconf 87' lang='lat' dir='ltr'><strong>in</strong></span> 
     </span>
    </p>
   </div>
   <div class='ocr_carea' id='block_1_28' title="bbox 263 2293 778 2354">
    <p class='ocr_par' dir='ltr' id='par_1_28' title="bbox 263 2293 778 2354">
     <span class='ocr_line' id='line_1_28' title="bbox 263 2293 778 2354; baseline 0.017 -8"><span class='ocrx_word' id='word_1_116' title='bbox 263 2293 516 2350; x_wconf 84' lang='lat' dir='ltr'><strong>absconso</strong></span> <span class='ocrx_word' id='word_1_117' title='bbox 539 2314 551 2350; x_wconf 90' lang='lat'><strong>:</strong></span> <span class='ocrx_word' id='word_1_118' title='bbox 593 2307 648 2352; x_wconf 87' lang='lat' dir='ltr'><strong>et</strong></span> <span class='ocrx_word' id='word_1_119' title='bbox 677 2299 778 2354; x_wconf 85' lang='lat' dir='ltr'><strong>Pa-</strong></span> 
     </span>
    </p>
   </div>
   <div class='ocr_carea' id='block_1_29' title="bbox 263 2370 676 2440">
    <p class='ocr_par' dir='ltr' id='par_1_29' title="bbox 263 2370 676 2440">
     <span class='ocr_line' id='line_1_29' title="bbox 263 2370 676 2440; baseline 0.015 -22"><span class='ocrx_word' id='word_1_120' title='bbox 263 2374 352 2440; x_wconf 77' lang='lat' dir='ltr'><strong>ter</strong></span> <span class='ocrx_word' id='word_1_121' title='bbox 370 2378 552 2433; x_wconf 87' lang='lat' dir='ltr'><strong>vester,</strong></span> <span class='ocrx_word' id='word_1_122' title='bbox 585 2370 676 2440; x_wconf 89' lang='lat' dir='ltr'><strong>qui</strong></span> 
     </span>
    </p>
   </div>
   <div class='ocr_carea' id='block_1_30' title="bbox 259 2437 729 2496">
    <p class='ocr_par' dir='ltr' id='par_1_30' title="bbox 259 2437 729 2496">
     <span class='ocr_line' id='line_1_30' title="bbox 259 2437 729 2496; baseline 0.015 -6"><span class='ocrx_word' id='word_1_123' title='bbox 259 2437 401 2492; x_wconf 82' lang='lat' dir='ltr'><strong>videt</strong></span> <span class='ocrx_word' id='word_1_124' title='bbox 427 2440 474 2492; x_wconf 89' lang='lat' dir='ltr'><strong>in</strong></span> <span class='ocrx_word' id='word_1_125' title='bbox 495 2437 729 2496; x_wconf 79' lang='lat' dir='ltr'><strong>abscon-</strong></span> 
     </span>
    </p>
   </div>
   <div class='ocr_carea' id='block_1_31' title="bbox 255 2511 672 2570">
    <p class='ocr_par' dir='ltr' id='par_1_31' title="bbox 255 2511 672 2570">
     <span class='ocr_line' id='line_1_31' title="bbox 255 2511 672 2570; baseline 0.017 -9"><span class='ocrx_word' id='word_1_126' title='bbox 255 2523 346 2570; x_wconf 84' lang='lat' dir='ltr'><strong>so.</strong></span> <span class='ocrx_word' id='word_1_127' title='bbox 375 2511 550 2566; x_wconf 88' lang='lat' dir='ltr'><strong>reddet</strong></span> <span class='ocrx_word' id='word_1_128' title='bbox 579 2527 672 2568; x_wconf 88' lang='lat' dir='ltr'><strong>vo-</strong></span> 
     </span>
    </p>
   </div>
   <div class='ocr_carea' id='block_1_32' title="bbox 255 2579 726 2640">
    <p class='ocr_par' dir='ltr' id='par_1_32' title="bbox 255 2579 726 2640">
     <span class='ocr_line' id='line_1_32' title="bbox 255 2579 726 2640; baseline 0.013 -7"><span class='ocrx_word' id='word_1_129' title='bbox 255 2579 349 2634; x_wconf 88' lang='lat' dir='ltr'><strong>bis</strong></span> <span class='ocrx_word' id='word_1_130' title='bbox 374 2581 422 2636; x_wconf 91' lang='lat' dir='ltr'><strong>in</strong></span> <span class='ocrx_word' id='word_1_131' title='bbox 459 2584 651 2640; x_wconf 81' lang='lat' dir='ltr'><strong>balant.</strong></span> <span class='ocrx_word' id='word_1_132' title='bbox 721 2617 726 2626; x_wconf 95' lang='lat'><strong><em>-</em></strong></span> 
     </span>
    </p>
   </div>
   <div class='ocr_carea' id='block_1_33' title="bbox 255 2651 844 2714">
    <p class='ocr_par' dir='ltr' id='par_1_33' title="bbox 255 2651 844 2714">
     <span class='ocr_line' id='line_1_33' title="bbox 255 2651 844 2714; baseline 0.01 -9"><span class='ocrx_word' id='word_1_133' title='bbox 255 2651 354 2706; x_wconf 82' lang='grc'><strong>19.</strong></span> <span class='ocrx_word' id='word_1_134' title='bbox 387 2651 553 2710; x_wconf 89' lang='lat' dir='ltr'><strong>Nolite</strong></span> <span class='ocrx_word' id='word_1_135' title='bbox 584 2655 844 2714; x_wconf 86' lang='lat' dir='ltr'><strong>thensau-</strong></span> 
     </span>
    </p>
   </div>
   <div class='ocr_carea' id='block_1_34' title="bbox 327 2727 670 2784">
    <p class='ocr_par' dir='ltr' id='par_1_34' title="bbox 327 2727 670 2784">
     <span class='ocr_line' id='line_1_34' title="bbox 327 2727 670 2784; baseline 0.012 -6"><span class='ocrx_word' id='word_1_136' title='bbox 327 2762 344 2778; x_wconf 93' lang='lat'><strong>.</strong></span> <span class='ocrx_word' id='word_1_137' title='bbox 384 2765 396 2778; x_wconf 96' lang='lat'><strong>.</strong></span> <span class='ocrx_word' id='word_1_138' title='bbox 432 2741 490 2780; x_wconf 91' lang='lat' dir='ltr'><strong>re</strong></span> <span class='ocrx_word' id='word_1_139' title='bbox 517 2727 670 2784; x_wconf 88' lang='lat' dir='ltr'><strong>vobis</strong></span> 
     </span>
    </p>
   </div>
   <div class='ocr_carea' id='block_1_35' title="bbox 253 2794 868 2856">
    <p class='ocr_par' dir='ltr' id='par_1_35' title="bbox 253 2794 868 2856">
     <span class='ocr_line' id='line_1_35' title="bbox 253 2794 868 2856; baseline 0.01 -8"><span class='ocrx_word' id='word_1_140' title='bbox 253 2794 568 2853; x_wconf 84' lang='lat' dir='ltr'><strong>thensauros</strong></span> <span class='ocrx_word' id='word_1_141' title='bbox 599 2798 656 2856; x_wconf 91' lang='lat' dir='ltr'><strong>in</strong></span> <span class='ocrx_word' id='word_1_142' title='bbox 683 2808 826 2856; x_wconf 87' lang='lat' dir='ltr'><strong>terra</strong></span> <span class='ocrx_word' id='word_1_143' title='bbox 855 2817 868 2854; x_wconf 88' lang='lat'><strong>:</strong></span> 
     </span>
    </p>
   </div>
   <div class='ocr_carea' id='block_1_36' title="bbox 251 2865 637 2940">
    <p class='ocr_par' dir='ltr' id='par_1_36' title="bbox 251 2865 637 2940">
     <span class='ocr_line' id='line_1_36' title="bbox 251 2865 637 2940; baseline 0.018 -21"><span class='ocrx_word' id='word_1_144' title='bbox 251 2865 353 2940; x_wconf 69' lang='lat' dir='ltr'><strong>ubi</strong></span> <span class='ocrx_word' id='word_1_145' title='bbox 371 2883 550 2940; x_wconf 79' lang='lat' dir='ltr'><strong>erugo,</strong></span> <span class='ocrx_word' id='word_1_146' title='bbox 579 2880 637 2926; x_wconf 86' lang='lat' dir='ltr'><strong>et</strong></span> 
     </span>
    </p>
   </div>
   <div class='ocr_carea' id='block_1_37' title="bbox 1093 1585 1594 1643">
    <p class='ocr_par' dir='ltr' id='par_1_37' title="bbox 1093 1585 1594 1643">
     <span class='ocr_line' id='line_1_37' title="bbox 1093 1585 1594 1643; baseline 0.008 -4"><span class='ocrx_word' id='word_1_147' title='bbox 1093 1585 1178 1641; x_wconf 93' lang='lat' dir='ltr'><strong>lus</strong></span> <span class='ocrx_word' id='word_1_148' title='bbox 1210 1595 1354 1641; x_wconf 89' lang='lat' dir='ltr'><strong>tuus.</strong></span> <span class='ocrx_word' id='word_1_149' title='bbox 1378 1585 1432 1641; x_wconf 91' lang='lat' dir='ltr'><strong>Si</strong></span> <span class='ocrx_word' id='word_1_150' title='bbox 1463 1601 1594 1643; x_wconf 88' lang='lat' dir='ltr'><strong>oeu-</strong></span> 
     </span>
    </p>
   </div>
   <div class='ocr_carea' id='block_1_38' title="bbox 1094 1656 1492 1714">
    <p class='ocr_par' dir='ltr' id='par_1_38' title="bbox 1094 1656 1492 1714">
     <span class='ocr_line' id='line_1_38' title="bbox 1094 1656 1492 1714; baseline 0.005 -4"><span class='ocrx_word' id='word_1_151' title='bbox 1094 1656 1178 1714; x_wconf 86' lang='lat' dir='ltr'><strong>lns</strong></span> <span class='ocrx_word' id='word_1_152' title='bbox 1207 1666 1332 1712; x_wconf 90' lang='lat' dir='ltr'><strong>tuus</strong></span> <span class='ocrx_word' id='word_1_153' title='bbox 1361 1659 1492 1712; x_wconf 89' lang='lat' dir='ltr'><strong>sim-</strong></span> 
     </span>
    </p>
   </div>
   <div class='ocr_carea' id='block_1_39' title="bbox 1091 1729 1568 1799">
    <p class='ocr_par' dir='ltr' id='par_1_39' title="bbox 1091 1729 1568 1799">
     <span class='ocr_line' id='line_1_39' title="bbox 1091 1729 1568 1799; baseline 0.004 -15"><span class='ocrx_word' id='word_1_154' title='bbox 1091 1729 1216 1799; x_wconf 80' lang='lat' dir='ltr'><strong>plex</strong></span> <span class='ocrx_word' id='word_1_155' title='bbox 1241 1739 1326 1786; x_wconf 92' lang='lat' dir='ltr'><strong>est</strong></span> <span class='ocrx_word' id='word_1_156' title='bbox 1353 1746 1366 1782; x_wconf 91' lang='lat'><strong>:</strong></span> <span class='ocrx_word' id='word_1_157' title='bbox 1399 1739 1568 1786; x_wconf 88' lang='lat' dir='ltr'><strong>totum</strong></span> 
     </span>
    </p>
   </div>
   <div class='ocr_carea' id='block_1_40' title="bbox 1090 1810 1464 1868">
    <p class='ocr_par' dir='ltr' id='par_1_40' title="bbox 1090 1810 1464 1868">
     <span class='ocr_line' id='line_1_40' title="bbox 1090 1810 1464 1868; baseline 0.003 -14"><span class='ocrx_word' id='word_1_158' title='bbox 1090 1813 1286 1868; x_wconf 90' lang='lat' dir='ltr'><strong>corpus</strong></span> <span class='ocrx_word' id='word_1_159' title='bbox 1317 1810 1464 1855; x_wconf 90' lang='lat' dir='ltr'><strong>tuum</strong></span> 
     </span>
    </p>
   </div>
   <div class='ocr_carea' id='block_1_41' title="bbox 1089 1872 1460 1928">
    <p class='ocr_par' dir='ltr' id='par_1_41' title="bbox 1089 1872 1460 1928">
     <span class='ocr_line' id='line_1_41' title="bbox 1089 1872 1460 1928; baseline 0.003 -3"><span class='ocrx_word' id='word_1_160' title='bbox 1089 1872 1327 1928; x_wconf 91' lang='lat' dir='ltr'><strong>lucidum</strong></span> <span class='ocrx_word' id='word_1_161' title='bbox 1357 1881 1460 1928; x_wconf 87' lang='lat' dir='ltr'><strong>est.</strong></span> 
     </span>
    </p>
   </div>
   <div class='ocr_carea' id='block_1_42' title="bbox 1087 1942 1698 2002">
    <p class='ocr_par' dir='ltr' id='par_1_42' title="bbox 1087 1942 1698 2002">
     <span class='ocr_line' id='line_1_42' title="bbox 1087 1942 1698 2002; baseline 0.01 -6"><span class='ocrx_word' id='word_1_162' title='bbox 1087 1942 1180 1998; x_wconf 75' lang='grc'><strong>25.</strong></span> <span class='ocrx_word' id='word_1_163' title='bbox 1221 1945 1276 2000; x_wconf 90' lang='lat' dir='ltr'><strong>Si</strong></span> <span class='ocrx_word' id='word_1_164' title='bbox 1302 1955 1482 1999; x_wconf 89' lang='lat' dir='ltr'><strong>autem</strong></span> <span class='ocrx_word' id='word_1_165' title='bbox 1506 1945 1698 2002; x_wconf 90' lang='lat' dir='ltr'><strong>oculus</strong></span> 
     </span>
    </p>
   </div>
   <div class='ocr_carea' id='block_1_43' title="bbox 1087 2022 1626 2085">
    <p class='ocr_par' dir='ltr' id='par_1_43' title="bbox 1087 2022 1626 2085">
     <span class='ocr_line' id='line_1_43' title="bbox 1087 2022 1626 2085; baseline 0.006 -16"><span class='ocrx_word' id='word_1_166' title='bbox 1087 2022 1212 2070; x_wconf 89' lang='lat' dir='ltr'><strong>tuus</strong></span> <span class='ocrx_word' id='word_1_167' title='bbox 1241 2031 1474 2085; x_wconf 89' lang='lat' dir='ltr'><strong>nequam</strong></span> <span class='ocrx_word' id='word_1_168' title='bbox 1499 2027 1584 2074; x_wconf 92' lang='lat' dir='ltr'><strong>est</strong></span> <span class='ocrx_word' id='word_1_169' title='bbox 1609 2034 1626 2084; x_wconf 85' lang='lat'><strong>;</strong></span> 
     </span>
    </p>
   </div>
   <div class='ocr_carea' id='block_1_44' title="bbox 1088 2094 1496 2160">
    <p class='ocr_par' dir='ltr' id='par_1_44' title="bbox 1088 2094 1496 2160">
     <span class='ocr_line' id='line_1_44' title="bbox 1088 2094 1496 2160; baseline 0.007 -20"><span class='ocrx_word' id='word_1_170' title='bbox 1088 2094 1258 2142; x_wconf 85' lang='lat' dir='ltr'><strong>totum</strong></span> <span class='ocrx_word' id='word_1_171' title='bbox 1298 2102 1496 2160; x_wconf 88' lang='lat' dir='ltr'><strong>corpus</strong></span> 
     </span>
    </p>
   </div>
   <div class='ocr_carea' id='block_1_45' title="bbox 1090 2166 1344 2215">
    <p class='ocr_par' dir='ltr' id='par_1_45' title="bbox 1090 2166 1344 2215">
     <span class='ocr_line' id='line_1_45' title="bbox 1090 2166 1344 2215; baseline 0.008 -2"><span class='ocrx_word' id='word_1_172' title='bbox 1090 2167 1238 2213; x_wconf 89' lang='lat' dir='ltr'><strong>tuum</strong></span> <span class='ocrx_word' id='word_1_173' title='bbox 1262 2166 1344 2215; x_wconf 90' lang='lat' dir='ltr'><strong>te-</strong></span> 
     </span>
    </p>
   </div>
   <div class='ocr_carea' id='block_1_46' title="bbox 1087 2230 1382 2286">
    <p class='ocr_par' dir='ltr' id='par_1_46' title="bbox 1087 2230 1382 2286">
     <span class='ocr_line' id='line_1_46' title="bbox 1087 2230 1382 2286; baseline 0.003 -1"><span class='ocrx_word' id='word_1_174' title='bbox 1087 2230 1382 2286; x_wconf 82' lang='lat' dir='ltr'><strong>nebrosunt</strong></span> 
     </span>
    </p>
   </div>
   <div class='ocr_carea' id='block_1_47' title="bbox 1088 2301 1506 2358">
    <p class='ocr_par' dir='ltr' id='par_1_47' title="bbox 1088 2301 1506 2358">
     <span class='ocr_line' id='line_1_47' title="bbox 1088 2301 1506 2358; baseline -0.005 0"><span class='ocrx_word' id='word_1_175' title='bbox 1088 2311 1191 2358; x_wconf 89' lang='lat' dir='ltr'><strong>est.</strong></span> <span class='ocrx_word' id='word_1_176' title='bbox 1223 2301 1506 2358; x_wconf 86' lang='lat' dir='ltr'><strong>Tenebrae</strong></span> 
     </span>
    </p>
   </div>
   <div class='ocr_carea' id='block_1_48' title="bbox 1090 2381 1476 2446">
    <p class='ocr_par' dir='ltr' id='par_1_48' title="bbox 1090 2381 1476 2446">
     <span class='ocr_line' id='line_1_48' title="bbox 1090 2381 1476 2446; baseline 0.008 -19"><span class='ocrx_word' id='word_1_177' title='bbox 1090 2381 1214 2430; x_wconf 90' lang='lat' dir='ltr'><strong>tuae</strong></span> <span class='ocrx_word' id='word_1_178' title='bbox 1238 2383 1476 2446; x_wconf 84' lang='lat' dir='ltr'><strong>quantae</strong></span> 
     </span>
    </p>
   </div>
   <div class='ocr_carea' id='block_1_49' title="bbox 1087 2445 1254 2500">
    <p class='ocr_par' dir='ltr' id='par_1_49' title="bbox 1087 2445 1254 2500">
     <span class='ocr_line' id='line_1_49' title="bbox 1087 2445 1254 2500; baseline -0.018 0"><span class='ocrx_word' id='word_1_179' title='bbox 1087 2445 1254 2500; x_wconf 80' lang='lat' dir='ltr'><strong>sunt?</strong></span> 
     </span>
    </p>
   </div>
   <div class='ocr_carea' id='block_1_50' title="bbox 1087 2515 1600 2587">
    <p class='ocr_par' dir='ltr' id='par_1_50' title="bbox 1087 2515 1600 2587">
     <span class='ocr_line' id='line_1_50' title="bbox 1087 2515 1600 2587; baseline 0.008 -19"><span class='ocrx_word' id='word_1_180' title='bbox 1087 2515 1177 2570; x_wconf 72' lang='grc'><strong>24.</strong></span> <span class='ocrx_word' id='word_1_181' title='bbox 1219 2515 1393 2572; x_wconf 88' lang='lat' dir='ltr'><strong>Nemo</strong></span> <span class='ocrx_word' id='word_1_182' title='bbox 1425 2525 1600 2587; x_wconf 89' lang='lat' dir='ltr'><strong>potest</strong></span> 
     </span>
    </p>
   </div>
   <div class='ocr_carea' id='block_1_51' title="bbox 1087 2587 1496 2644">
    <p class='ocr_par' dir='ltr' id='par_1_51' title="bbox 1087 2587 1496 2644">
     <span class='ocr_line' id='line_1_51' title="bbox 1087 2587 1496 2644; baseline 0.002 -3"><span class='ocrx_word' id='word_1_183' title='bbox 1087 2587 1300 2642; x_wconf 88' lang='lat' dir='ltr'><strong>duobus</strong></span> <span class='ocrx_word' id='word_1_184' title='bbox 1321 2589 1496 2644; x_wconf 87' lang='lat' dir='ltr'><strong>domi-</strong></span> 
     </span>
    </p>
   </div>
   <div class='ocr_carea' id='block_1_52' title="bbox 1089 2659 1446 2714">
    <p class='ocr_par' dir='ltr' id='par_1_52' title="bbox 1089 2659 1446 2714">
     <span class='ocr_line' id='line_1_52' title="bbox 1089 2659 1446 2714; baseline -0.003 -1"><span class='ocrx_word' id='word_1_185' title='bbox 1089 2659 1174 2714; x_wconf 88' lang='lat' dir='ltr'><strong>nis</strong></span> <span class='ocrx_word' id='word_1_186' title='bbox 1198 2661 1402 2714; x_wconf 87' lang='lat' dir='ltr'><strong>servire</strong></span> <span class='ocrx_word' id='word_1_187' title='bbox 1435 2677 1446 2712; x_wconf 93' lang='lat'>:</span> 
     </span>
    </p>
   </div>
   <div class='ocr_carea' id='block_1_53' title="bbox 1088 2732 1560 2784">
    <p class='ocr_par' dir='ltr' id='par_1_53' title="bbox 1088 2732 1560 2784">
     <span class='ocr_line' id='line_1_53' title="bbox 1088 2732 1560 2784; baseline 0.004 -1"><span class='ocrx_word' id='word_1_188' title='bbox 1088 2737 1182 2784; x_wconf 89' lang='lat' dir='ltr'><strong>aut</strong></span> <span class='ocrx_word' id='word_1_189' title='bbox 1211 2732 1352 2784; x_wconf 88' lang='lat' dir='ltr'><strong>enim</strong></span> <span class='ocrx_word' id='word_1_190' title='bbox 1398 2745 1560 2784; x_wconf 86' lang='lat' dir='ltr'><strong>unum</strong></span> 
     </span>
    </p>
   </div>
   <div class='ocr_carea' id='block_1_54' title="bbox 1089 2802 1502 2867">
    <p class='ocr_par' dir='ltr' id='par_1_54' title="bbox 1089 2802 1502 2867">
     <span class='ocr_line' id='line_1_54' title="bbox 1089 2802 1502 2867; baseline 0.01 -13"><span class='ocrx_word' id='word_1_191' title='bbox 1089 2802 1257 2867; x_wconf 87' lang='lat' dir='ltr'><strong>odiet,</strong></span> <span class='ocrx_word' id='word_1_192' title='bbox 1289 2811 1340 2855; x_wconf 89' lang='lat' dir='ltr'><strong>et</strong></span> <span class='ocrx_word' id='word_1_193' title='bbox 1363 2803 1502 2858; x_wconf 53' lang='lat' dir='ltr'><strong>alte.</strong></span> 
     </span>
    </p>
   </div>
   <div class='ocr_carea' id='block_1_55' title="bbox 1087 2874 1478 2928">
    <p class='ocr_par' dir='ltr' id='par_1_55' title="bbox 1087 2874 1478 2928">
     <span class='ocr_line' id='line_1_55' title="bbox 1087 2874 1478 2928; baseline -0.005 0"><span class='ocrx_word' id='word_1_194' title='bbox 1087 2889 1207 2928; x_wconf 92' lang='lat' dir='ltr'><strong>rum</strong></span> <span class='ocrx_word' id='word_1_195' title='bbox 1238 2874 1442 2928; x_wconf 86' lang='lat' dir='ltr'><strong>amabit</strong></span> <span class='ocrx_word' id='word_1_196' title='bbox 1465 2893 1478 2926; x_wconf 91' lang='lat'><strong><em>:</em></strong></span> 
     </span>
    </p>
   </div>
   <div class='ocr_carea' id='block_1_56' title="bbox 251 2937 1483 3014">
    <p class='ocr_par' dir='ltr' id='par_1_56' title="bbox 251 2937 1483 3014">
     <span class='ocr_line' id='line_1_56' title="bbox 251 2937 1483 3014; baseline 0.007 -24"><span class='ocrx_word' id='word_1_197' title='bbox 251 2937 400 3014; x_wconf 73' lang='lat' dir='ltr'><strong>tinea</strong></span> <span class='ocrx_word' id='word_1_198' title='bbox 423 2937 602 2996; x_wconf 76' lang='lat' dir='ltr'><strong>eiter-</strong></span> <span class='ocrx_word' id='word_1_199' title='bbox 646 3013 649 3014; x_wconf 16' lang='grc' dir='ltr'><em>ν</em></span> <span class='ocrx_word' id='word_1_200' title='bbox 1086 2951 1181 3000; x_wconf 88' lang='lat' dir='ltr'><strong>aut</strong></span> <span class='ocrx_word' id='word_1_201' title='bbox 1201 2960 1363 3000; x_wconf 87' lang='lat' dir='ltr'><strong>unum</strong></span> <span class='ocrx_word' id='word_1_202' title='bbox 1393 2961 1483 3014; x_wconf 91' lang='lat' dir='ltr'><strong>pa-</strong></span> 
     </span>
    </p>
   </div>
   <div class='ocr_carea' id='block_1_57' title="bbox 249 3009 1613 3082">
    <p class='ocr_par' dir='ltr' id='par_1_57' title="bbox 249 3009 1613 3082">
     <span class='ocr_line' id='line_1_57' title="bbox 249 3009 1613 3082; baseline 0.004 -21"><span class='ocrx_word' id='word_1_203' title='bbox 249 3009 457 3082; x_wconf 72' lang='lat' dir='ltr'><strong>niinat:</strong></span> <span class='ocrx_word' id='word_1_204' title='bbox 485 3019 538 3067; x_wconf 91' lang='lat' dir='ltr'><strong>et</strong></span> <span class='ocrx_word' id='word_1_205' title='bbox 565 3013 656 3070; x_wconf 90' lang='lat' dir='ltr'><strong>ubi</strong></span> <span class='ocrx_word' id='word_1_206' title='bbox 1089 3017 1272 3082; x_wconf 87' lang='lat' dir='ltr'><strong>tietur,</strong></span> <span class='ocrx_word' id='word_1_207' title='bbox 1303 3025 1358 3070; x_wconf 90' lang='lat' dir='ltr'><strong>et</strong></span> <span class='ocrx_word' id='word_1_208' title='bbox 1387 3009 1613 3072; x_wconf 82' lang='lat' dir='ltr'><strong>alterum</strong></span> 
     </span>
    </p>
   </div>
   <div class='ocr_carea' id='block_1_58' title="bbox 249 3079 1422 3144">
    <p class='ocr_par' dir='ltr' id='par_1_58' title="bbox 249 3079 1422 3144">
     <span class='ocr_line' id='line_1_58' title="bbox 249 3079 1422 3144; baseline 0.009 -12"><span class='ocrx_word' id='word_1_209' title='bbox 249 3079 401 3136; x_wconf 83' lang='lat' dir='ltr'><strong>fures</strong></span> <span class='ocrx_word' id='word_1_210' title='bbox 422 3082 608 3140; x_wconf 75' lang='lat' dir='ltr'><strong>eﬂodi-</strong></span> <span class='ocrx_word' id='word_1_211' title='bbox 1087 3079 1422 3144; x_wconf 85' lang='lat' dir='ltr'><strong>contemnet.</strong></span> 
     </span>
    </p>
   </div>
   <div class='ocr_carea' id='block_1_59' title="bbox 255 3155 1460 3230">
    <p class='ocr_par' dir='ltr' id='par_1_59' title="bbox 255 3155 1460 3230">
     <span class='ocr_line' id='line_1_59' title="bbox 255 3155 1460 3230; baseline 0.007 -24"><span class='ocrx_word' id='word_1_212' title='bbox 255 3164 378 3230; x_wconf 61' lang='lat' dir='ltr'><strong>unt,</strong></span> <span class='ocrx_word' id='word_1_213' title='bbox 403 3163 454 3209; x_wconf 90' lang='lat' dir='ltr'><strong>et</strong></span> <span class='ocrx_word' id='word_1_214' title='bbox 477 3155 682 3230; x_wconf 57' lang='lat' dir='ltr'><strong>furan__g___</strong></span> <span class='ocrx_word' id='word_1_215' title='bbox 1087 3159 1204 3215; x_wconf 84' lang='lat' dir='ltr'><strong>Non</strong></span> <span class='ocrx_word' id='word_1_216' title='bbox 1235 3162 1460 3230; x_wconf 89' lang='lat' dir='ltr'><strong>potestis</strong></span> 
     </span>
    </p>
   </div>
   <div class='ocr_carea' id='block_1_60' title="bbox 251 3221 1435 3300">
    <p class='ocr_par' dir='ltr' id='par_1_60' title="bbox 251 3221 1435 3300">
     <span class='ocr_line' id='line_1_60' title="bbox 251 3221 1435 3300; baseline 0.01 -24"><span class='ocrx_word' id='word_1_217' title='bbox 251 3221 354 3279; x_wconf 77' lang='lat'><strong>20.</strong></span> <span class='ocrx_word' id='word_1_218' title='bbox 391 3235 485 3282; x_wconf 93' lang='lat' dir='ltr'><strong>tur.</strong></span> <span class='ocrx_word' id='word_1_219' title='bbox 521 3227 594 3300; x_wconf 73' lang='grc' dir='ltr'><strong>(ὁ)</strong></span> <span class='ocrx_word' id='word_1_220' title='bbox 619 3227 952 3285; x_wconf 72' lang='grc' dir='ltr'><strong>Τιιθηεειυτὶ·</strong></span> <span class='ocrx_word' id='word_1_221' title='bbox 1089 3231 1200 3286; x_wconf 89' lang='lat' dir='ltr'><strong>Deo</strong></span> <span class='ocrx_word' id='word_1_222' title='bbox 1226 3221 1435 3288; x_wconf 77' lang='lat' dir='ltr'><strong>servire</strong></span> 
     </span>
    </p>
   </div>
   <div class='ocr_carea' id='block_1_61' title="bbox 673 3335 1411 3403">
    <p class='ocr_par' dir='ltr' id='par_1_61' title="bbox 673 3335 1411 3403">
     <span class='ocr_line' id='line_1_61' title="bbox 673 3335 1411 3403; baseline 0.004 -3"><span class='ocrx_word' id='word_1_223' title='bbox 673 3335 904 3401; x_wconf 71' lang='lat' dir='ltr'><strong>CODEX</strong></span> <span class='ocrx_word' id='word_1_224' title='bbox 941 3335 1411 3403; x_wconf 80' lang='lat' dir='ltr'><strong>CORBEIENSIS.</strong></span> 
     </span>
    </p>
   </div>
   <div class='ocr_carea' id='block_1_62' title="bbox 251 3431 1842 3508">
    <p class='ocr_par' dir='ltr' id='par_1_62' title="bbox 251 3431 1842 3508">
     <span class='ocr_line' id='line_1_62' title="bbox 251 3431 1842 3508; baseline 0.006 -24"><span class='ocrx_word' id='word_1_225' title='bbox 251 3431 570 3508; x_wconf 69' lang='lat' dir='ltr'><strong>vobispecca</strong></span> <span class='ocrx_word' id='word_1_226' title='bbox 581 3445 629 3490; x_wconf 89' lang='lat' dir='ltr'><strong>ta</strong></span> <span class='ocrx_word' id='word_1_227' title='bbox 651 3447 826 3492; x_wconf 83' lang='lat' dir='ltr'><strong>vestra</strong></span> <span class='ocrx_word' id='word_1_228' title='bbox 838 3477 850 3489; x_wconf 93' lang='lat'><strong>.</strong></span> <span class='ocrx_word' id='word_1_229' title='bbox 866 3438 1042 3506; x_wconf 84' lang='lat' dir='ltr'><strong>Quum</strong></span> <span class='ocrx_word' id='word_1_230' title='bbox 1057 3449 1233 3493; x_wconf 88' lang='lat' dir='ltr'><strong>autem</strong></span> <span class='ocrx_word' id='word_1_231' title='bbox 1244 3437 1316 3508; x_wconf 88' lang='lat' dir='ltr'><strong>jej</strong></span> <span class='ocrx_word' id='word_1_232' title='bbox 1329 3437 1524 3505; x_wconf 90' lang='lat' dir='ltr'><strong>nnatis,</strong></span> <span class='ocrx_word' id='word_1_233' title='bbox 1541 3437 1707 3492; x_wconf 91' lang='lat' dir='ltr'><strong>nolite</strong></span> <span class='ocrx_word' id='word_1_234' title='bbox 1723 3439 1842 3493; x_wconf 81' lang='lat' dir='ltr'><strong>fieri</strong></span> 
     </span>
    </p>
   </div>
   <div class='ocr_carea' id='block_1_63' title="bbox 251 3505 1838 3578">
    <p class='ocr_par' dir='ltr' id='par_1_63' title="bbox 251 3505 1838 3578">
     <span class='ocr_line' id='line_1_63' title="bbox 251 3505 1838 3578; baseline 0.004 -21"><span class='ocrx_word' id='word_1_235' title='bbox 251 3505 388 3558; x_wconf 86' lang='lat' dir='ltr'><strong>sicut</strong></span> <span class='ocrx_word' id='word_1_236' title='bbox 403 3505 716 3578; x_wconf 84' lang='lat' dir='ltr'><strong>bypocrilae</strong></span> <span class='ocrx_word' id='word_1_237' title='bbox 739 3509 942 3564; x_wconf 80' lang='lat' dir='ltr'><strong>tristes.</strong></span> <span class='ocrx_word' id='word_1_238' title='bbox 959 3505 1328 3566; x_wconf 73' lang='lat' dir='ltr'><strong>Exterminant</strong></span> <span class='ocrx_word' id='word_1_239' title='bbox 1344 3513 1483 3566; x_wconf 87' lang='lat' dir='ltr'><strong>enim</strong></span> <span class='ocrx_word' id='word_1_240' title='bbox 1506 3509 1668 3566; x_wconf 78' lang='lat' dir='ltr'><strong>facies</strong></span> <span class='ocrx_word' id='word_1_241' title='bbox 1689 3525 1838 3576; x_wconf 70' lang='lat' dir='ltr'><strong>suas,</strong></span> 
     </span>
    </p>
   </div>
   <div class='ocr_carea' id='block_1_64' title="bbox 247 3577 1834 3652">
    <p class='ocr_par' dir='ltr' id='par_1_64' title="bbox 247 3577 1834 3652">
     <span class='ocr_line' id='line_1_64' title="bbox 247 3577 1834 3652; baseline 0.004 -24"><span class='ocrx_word' id='word_1_242' title='bbox 247 3584 312 3628; x_wconf 87' lang='lat' dir='ltr'><strong>ut</strong></span> <span class='ocrx_word' id='word_1_243' title='bbox 332 3647 344 3652; x_wconf 86' lang='lat'><em>_</em></span> <span class='ocrx_word' id='word_1_244' title='bbox 364 3577 581 3646; x_wconf 75' lang='lat' dir='ltr'><strong>pareant</strong></span> <span class='ocrx_word' id='word_1_245' title='bbox 607 3577 914 3636; x_wconf 81' lang='lat' dir='ltr'><strong>horninibus</strong></span> <span class='ocrx_word' id='word_1_246' title='bbox 939 3582 1267 3652; x_wconf 84' lang='lat' dir='ltr'><strong>jejnnantes.</strong></span> <span class='ocrx_word' id='word_1_247' title='bbox 1303 3589 1470 3636; x_wconf 72' lang='lat' dir='ltr'><strong>Anien</strong></span> <span class='ocrx_word' id='word_1_248' title='bbox 1501 3583 1622 3638; x_wconf 83' lang='lat' dir='ltr'><strong>dico</strong></span> <span class='ocrx_word' id='word_1_249' title='bbox 1651 3583 1834 3648; x_wconf 80' lang='lat' dir='ltr'><strong>vobis,</strong></span> 
     </span>
    </p>
   </div>
   <div class='ocr_carea' id='block_1_65' title="bbox 249 3647 1836 3724">
    <p class='ocr_par' dir='ltr' id='par_1_65' title="bbox 249 3647 1836 3724">
     <span class='ocr_line' id='line_1_65' title="bbox 249 3647 1836 3724; baseline 0.005 -24"><span class='ocrx_word' id='word_1_250' title='bbox 249 3647 379 3724; x_wconf 74' lang='lat' dir='ltr'><strong>quia</strong></span> <span class='ocrx_word' id='word_1_251' title='bbox 397 3663 718 3720; x_wconf 86' lang='lat' dir='ltr'><strong>receperunt</strong></span> <span class='ocrx_word' id='word_1_252' title='bbox 742 3647 1048 3709; x_wconf 78' lang='lat' dir='ltr'><strong>mercedem</strong></span> <span class='ocrx_word' id='word_1_253' title='bbox 1077 3669 1252 3708; x_wconf 87' lang='lat' dir='ltr'><strong>suam.</strong></span> <span class='ocrx_word' id='word_1_254' title='bbox 1277 3655 1300 3724; x_wconf 16' lang='grc' dir='ltr'><strong>ν¹</strong></span> <span class='ocrx_word' id='word_1_255' title='bbox 1331 3653 1410 3707; x_wconf 90' lang='lat' dir='ltr'><strong>Tu</strong></span> <span class='ocrx_word' id='word_1_256' title='bbox 1441 3665 1647 3718; x_wconf 86' lang='lat' dir='ltr'><strong>autem,</strong></span> <span class='ocrx_word' id='word_1_257' title='bbox 1667 3669 1836 3724; x_wconf 86' lang='lat' dir='ltr'><strong>quum</strong></span> 
     </span>
    </p>
   </div>
   <div class='ocr_carea' id='block_1_66' title="bbox 243 3717 1843 3792">
    <p class='ocr_par' dir='ltr' id='par_1_66' title="bbox 243 3717 1843 3792">
     <span class='ocr_line' id='line_1_66' title="bbox 243 3717 1843 3792; baseline 0.005 -21"><span class='ocrx_word' id='word_1_258' title='bbox 243 3717 456 3786; x_wconf 79' lang='lat' dir='ltr'><strong>jejunas</strong></span> <span class='ocrx_word' id='word_1_259' title='bbox 477 3764 492 3787; x_wconf 91' lang='lat'><strong>,</strong></span> <span class='ocrx_word' id='word_1_260' title='bbox 513 3717 653 3792; x_wconf 64' lang='lat' dir='ltr'><strong>tinge</strong></span> <span class='ocrx_word' id='word_1_261' title='bbox 693 3735 852 3792; x_wconf 89' lang='lat' dir='ltr'><strong>caput</strong></span> <span class='ocrx_word' id='word_1_262' title='bbox 890 3735 1036 3780; x_wconf 90' lang='lat' dir='ltr'><strong>tuum</strong></span> <span class='ocrx_word' id='word_1_263' title='bbox 1058 3767 1070 3790; x_wconf 91' lang='lat'><strong>,</strong></span> <span class='ocrx_word' id='word_1_264' title='bbox 1101 3737 1156 3781; x_wconf 89' lang='lat' dir='ltr'><strong>et</strong></span> <span class='ocrx_word' id='word_1_265' title='bbox 1187 3723 1376 3784; x_wconf 82' lang='lat' dir='ltr'><strong>faciem</strong></span> <span class='ocrx_word' id='word_1_266' title='bbox 1413 3736 1560 3778; x_wconf 88' lang='lat' dir='ltr'><strong>tuum</strong></span> <span class='ocrx_word' id='word_1_267' title='bbox 1598 3717 1750 3791; x_wconf 77' lang='lat' dir='ltr'><strong>lava,</strong></span> <span class='ocrx_word' id='word_1_268' title='bbox 1777 3741 1843 3780; x_wconf 91' lang='lat' dir='ltr'><strong>ne</strong></span> 
     </span>
    </p>
   </div>
   <div class='ocr_carea' id='block_1_67' title="bbox 251 3792 1845 3868">
    <p class='ocr_par' dir='ltr' id='par_1_67' title="bbox 251 3792 1845 3868">
     <span class='ocr_line' id='line_1_67' title="bbox 251 3792 1845 3868; baseline 0.005 -25"><span class='ocrx_word' id='word_1_269' title='bbox 251 3792 478 3868; x_wconf 68' lang='lat' dir='ltr'><strong>videaris</strong></span> <span class='ocrx_word' id='word_1_270' title='bbox 509 3793 820 3868; x_wconf 65' lang='lat' dir='ltr'><strong>hominibus</strong></span> <span class='ocrx_word' id='word_1_271' title='bbox 863 3795 1140 3865; x_wconf 87' lang='lat' dir='ltr'><strong>jejunans,</strong></span> <span class='ocrx_word' id='word_1_272' title='bbox 1167 3797 1259 3850; x_wconf 85' lang='lat' dir='ltr'><strong>sed</strong></span> <span class='ocrx_word' id='word_1_273' title='bbox 1301 3797 1436 3865; x_wconf 70' lang='lat' dir='ltr'><strong>patri</strong></span> <span class='ocrx_word' id='word_1_274' title='bbox 1487 3805 1611 3858; x_wconf 86' lang='lat' dir='ltr'><strong>tuo,</strong></span> <span class='ocrx_word' id='word_1_275' title='bbox 1644 3800 1732 3868; x_wconf 87' lang='lat' dir='ltr'><strong>qui</strong></span> <span class='ocrx_word' id='word_1_276' title='bbox 1763 3807 1845 3851; x_wconf 91' lang='lat' dir='ltr'><strong>est</strong></span> 
     </span>
    </p>
   </div>
   <div class='ocr_carea' id='block_1_68' title="bbox 251 3861 1840 3938">
    <p class='ocr_par' dir='ltr' id='par_1_68' title="bbox 251 3861 1840 3938">
     <span class='ocr_line' id='line_1_68' title="bbox 251 3861 1840 3938; baseline 0.004 -24"><span class='ocrx_word' id='word_1_277' title='bbox 251 3861 304 3915; x_wconf 86' lang='lat' dir='ltr'><strong>in</strong></span> <span class='ocrx_word' id='word_1_278' title='bbox 334 3865 619 3938; x_wconf 63' lang='lat' dir='ltr'><strong>absconso</strong></span> <span class='ocrx_word' id='word_1_279' title='bbox 642 3878 746 3938; x_wconf 47' lang='lat' dir='ltr'><strong>ret</strong></span> <span class='ocrx_word' id='word_1_280' title='bbox 775 3861 934 3924; x_wconf 77' lang='lat' dir='ltr'><strong>Pater</strong></span> <span class='ocrx_word' id='word_1_281' title='bbox 956 3869 975 3898; x_wconf 76' lang='grc'>³</span> <span class='ocrx_word' id='word_1_282' title='bbox 1007 3861 1158 3934; x_wconf 84' lang='lat' dir='ltr'><strong>tuus,</strong></span> <span class='ocrx_word' id='word_1_283' title='bbox 1180 3868 1272 3938; x_wconf 88' lang='lat' dir='ltr'><strong>qui</strong></span> <span class='ocrx_word' id='word_1_284' title='bbox 1302 3861 1444 3922; x_wconf 83' lang='lat' dir='ltr'><strong>videt</strong></span> <span class='ocrx_word' id='word_1_285' title='bbox 1471 3869 1520 3922; x_wconf 84' lang='lat' dir='ltr'><strong>in</strong></span> <span class='ocrx_word' id='word_1_286' title='bbox 1557 3861 1840 3934; x_wconf 74' lang='lat' dir='ltr'><strong>absémiso,</strong></span> 
     </span>
    </p>
   </div>
   <div class='ocr_carea' id='block_1_69' title="bbox 251 3925 1844 3995">
    <p class='ocr_par' dir='ltr' id='par_1_69' title="bbox 251 3925 1844 3995">
     <span class='ocr_line' id='line_1_69' title="bbox 251 3925 1844 3995; baseline 0.004 -9"><span class='ocrx_word' id='word_1_287' title='bbox 251 3934 438 3989; x_wconf 79' lang='lat' dir='ltr'><strong>reddet</strong></span> <span class='ocrx_word' id='word_1_288' title='bbox 469 3925 586 3991; x_wconf 87' lang='lat' dir='ltr'><strong>tibi.</strong></span> <span class='ocrx_word' id='word_1_289' title='bbox 638 3937 815 3993; x_wconf 84' lang='lat' dir='ltr'><strong>Nolite</strong></span> <span class='ocrx_word' id='word_1_290' title='bbox 860 3925 1226 3995; x_wconf 73' lang='lat' dir='ltr'><strong>thesaurizare</strong></span> <span class='ocrx_word' id='word_1_291' title='bbox 1274 3941 1424 3994; x_wconf 81' lang='lat' dir='ltr'><strong>vobis</strong></span> <span class='ocrx_word' id='word_1_292' title='bbox 1475 3939 1758 3994; x_wconf 72' lang='lat' dir='ltr'><strong>thesauros</strong></span> <span class='ocrx_word' id='word_1_293' title='bbox 1791 3925 1844 3993; x_wconf 79' lang='lat' dir='ltr'><strong>in</strong></span> 
     </span>
    </p>
   </div>
   <div class='ocr_carea' id='block_1_70' title="bbox 251 4007 1845 4080">
    <p class='ocr_par' dir='ltr' id='par_1_70' title="bbox 251 4007 1845 4080">
     <span class='ocr_line' id='line_1_70' title="bbox 251 4007 1845 4080; baseline 0.004 -21"><span class='ocrx_word' id='word_1_294' title='bbox 251 4013 388 4080; x_wconf 44' lang='lat' dir='ltr'><strong>terra</strong></span> <span class='ocrx_word' id='word_1_295' title='bbox 414 4026 428 4062; x_wconf 88' lang='lat'><strong>:</strong></span> <span class='ocrx_word' id='word_1_296' title='bbox 454 4007 548 4064; x_wconf 88' lang='lat' dir='ltr'><strong>ubi</strong></span> <span class='ocrx_word' id='word_1_297' title='bbox 577 4023 800 4080; x_wconf 79' lang='lat' dir='ltr'><strong>aerugo,</strong></span> <span class='ocrx_word' id='word_1_298' title='bbox 825 4021 879 4066; x_wconf 92' lang='lat' dir='ltr'><strong>et</strong></span> <span class='ocrx_word' id='word_1_299' title='bbox 913 4011 1054 4066; x_wconf 83' lang='lat' dir='ltr'><strong>tinea</strong></span> <span class='ocrx_word' id='word_1_300' title='bbox 1081 4011 1100 4041; x_wconf 81' lang='grc'><strong>³</strong></span> <span class='ocrx_word' id='word_1_301' title='bbox 1119 4013 1479 4066; x_wconf 74' lang='lat' dir='ltr'><strong>exterminat:</strong></span> <span class='ocrx_word' id='word_1_302' title='bbox 1503 4023 1556 4064; x_wconf 87' lang='lat' dir='ltr'><strong>et</strong></span> <span class='ocrx_word' id='word_1_303' title='bbox 1585 4011 1673 4065; x_wconf 89' lang='lat' dir='ltr'><strong>nbi</strong></span> <span class='ocrx_word' id='word_1_304' title='bbox 1699 4013 1845 4066; x_wconf 77' lang='lat' dir='ltr'><strong>fures</strong></span> 
     </span>
    </p>
   </div>
   <div class='ocr_carea' id='block_1_71' title="bbox 247 4077 1842 4146">
    <p class='ocr_par' dir='ltr' id='par_1_71' title="bbox 247 4077 1842 4146">
     <span class='ocr_line' id='line_1_71' title="bbox 247 4077 1842 4146; baseline 0.004 -14"><span class='ocrx_word' id='word_1_305' title='bbox 247 4077 532 4146; x_wconf 82' lang='lat' dir='ltr'><strong>eﬂ&#39;odiunt,</strong></span> <span class='ocrx_word' id='word_1_306' title='bbox 547 4092 601 4136; x_wconf 92' lang='lat' dir='ltr'><strong>et</strong></span> <span class='ocrx_word' id='word_1_307' title='bbox 627 4077 888 4138; x_wconf 78' lang='lat' dir='ltr'><strong>furantur.</strong></span> <span class='ocrx_word' id='word_1_308' title='bbox 907 4083 1292 4139; x_wconf 75' lang='lat' dir='ltr'><strong>&#39;l‘hesanrizate</strong></span> <span class='ocrx_word' id='word_1_309' title='bbox 1313 4093 1492 4138; x_wconf 87' lang='lat' dir='ltr'><strong>autem</strong></span> <span class='ocrx_word' id='word_1_310' title='bbox 1525 4081 1709 4138; x_wconf 73' lang='lat' dir='ltr'><strong>vobis&quot;</strong></span> <span class='ocrx_word' id='word_1_311' title='bbox 1725 4087 1842 4138; x_wconf 89' lang='lat' dir='ltr'><strong>the-</strong></span> 
     </span>
    </p>
   </div>
   <div class='ocr_carea' id='block_1_72' title="bbox 241 4151 1842 4226">
    <p class='ocr_par' dir='ltr' id='par_1_72' title="bbox 241 4151 1842 4226">
     <span class='ocr_line' id='line_1_72' title="bbox 241 4151 1842 4226; baseline 0.003 -23"><span class='ocrx_word' id='word_1_312' title='bbox 241 4164 464 4226; x_wconf 81' lang='lat' dir='ltr'><strong>saurum</strong></span> <span class='ocrx_word' id='word_1_313' title='bbox 495 4153 548 4206; x_wconf 88' lang='lat' dir='ltr'><strong>in</strong></span> <span class='ocrx_word' id='word_1_314' title='bbox 578 4151 771 4226; x_wconf 88' lang='lat' dir='ltr'><strong>coelo:</strong></span> <span class='ocrx_word' id='word_1_315' title='bbox 802 4153 888 4209; x_wconf 89' lang='lat' dir='ltr'><strong>ubi</strong></span> <span class='ocrx_word' id='word_1_316' title='bbox 915 4171 1086 4225; x_wconf 86' lang='lat' dir='ltr'><strong>neque</strong></span> <span class='ocrx_word' id='word_1_317' title='bbox 1115 4171 1339 4226; x_wconf 81' lang='lat' dir='ltr'><strong>aerugo,</strong></span> <span class='ocrx_word' id='word_1_318' title='bbox 1371 4171 1544 4224; x_wconf 85' lang='lat' dir='ltr'><strong>neque</strong></span> <span class='ocrx_word' id='word_1_319' title='bbox 1573 4155 1714 4210; x_wconf 88' lang='lat' dir='ltr'><strong>tiuea</strong></span> <span class='ocrx_word' id='word_1_320' title='bbox 1746 4171 1842 4208; x_wconf 82' lang='lat' dir='ltr'><strong>ex-</strong></span> 
     </span>
    </p>
   </div>
   <div class='ocr_carea' id='block_1_73' title="bbox 245 4223 1839 4293">
    <p class='ocr_par' dir='ltr' id='par_1_73' title="bbox 245 4223 1839 4293">
     <span class='ocr_line' id='line_1_73' title="bbox 245 4223 1839 4293; baseline 0.003 -18"><span class='ocrx_word' id='word_1_321' title='bbox 245 4223 532 4293; x_wconf 75' lang='lat' dir='ltr'><strong>terminat;</strong></span> <span class='ocrx_word' id='word_1_322' title='bbox 561 4235 614 4278; x_wconf 91' lang='lat' dir='ltr'><strong>et</strong></span> <span class='ocrx_word' id='word_1_323' title='bbox 645 4225 730 4278; x_wconf 92' lang='lat' dir='ltr'><strong>ubi</strong></span> <span class='ocrx_word' id='word_1_324' title='bbox 765 4227 908 4282; x_wconf 81' lang='lat' dir='ltr'><strong>fures</strong></span> <span class='ocrx_word' id='word_1_325' title='bbox 937 4223 1040 4281; x_wconf 82' lang='lat' dir='ltr'><strong>non</strong></span> <span class='ocrx_word' id='word_1_326' title='bbox 1069 4223 1361 4293; x_wconf 67' lang='lat' dir='ltr'><strong>eﬂodidnt,</strong></span> <span class='ocrx_word' id='word_1_327' title='bbox 1395 4227 1415 4258; x_wconf 71' lang='grc'><strong>³⁵</strong></span> <span class='ocrx_word' id='word_1_328' title='bbox 1447 4223 1545 4281; x_wconf 82' lang='lat' dir='ltr'><strong>nec</strong></span> <span class='ocrx_word' id='word_1_329' title='bbox 1577 4229 1839 4280; x_wconf 81' lang='lat' dir='ltr'><strong>furantur.</strong></span> 
     </span>
    </p>
   </div>
   <div class='ocr_carea' id='block_1_74' title="bbox 245 4291 1838 4358">
    <p class='ocr_par' dir='ltr' id='par_1_74' title="bbox 245 4291 1838 4358">
     <span class='ocr_line' id='line_1_74' title="bbox 245 4291 1838 4358; baseline 0.003 -10"><span class='ocrx_word' id='word_1_330' title='bbox 245 4291 344 4348; x_wconf 82' lang='lat' dir='ltr'><strong>Ubi</strong></span> <span class='ocrx_word' id='word_1_331' title='bbox 372 4295 520 4348; x_wconf 88' lang='lat' dir='ltr'><strong>enim</strong></span> <span class='ocrx_word' id='word_1_332' title='bbox 550 4295 570 4326; x_wconf 73' lang='grc'>⁵</span> <span class='ocrx_word' id='word_1_333' title='bbox 593 4305 674 4350; x_wconf 84' lang='lat' dir='ltr'><strong>est</strong></span> <span class='ocrx_word' id='word_1_334' title='bbox 707 4297 987 4352; x_wconf 84' lang='lat' dir='ltr'><strong>thesaurus</strong></span> <span class='ocrx_word' id='word_1_335' title='bbox 1021 4307 1161 4358; x_wconf 81' lang='lat' dir='ltr'><strong>tuus.</strong></span> <span class='ocrx_word' id='word_1_336' title='bbox 1197 4297 1266 4352; x_wconf 85' lang='lat' dir='ltr'><strong>ibi</strong></span> <span class='ocrx_word' id='word_1_337' title='bbox 1298 4300 1316 4330; x_wconf 86' lang='grc'><strong>⁷</strong></span> <span class='ocrx_word' id='word_1_338' title='bbox 1345 4291 1426 4354; x_wconf 83' lang='lat' dir='ltr'><strong>est</strong></span> <span class='ocrx_word' id='word_1_339' title='bbox 1458 4309 1512 4352; x_wconf 89' lang='lat' dir='ltr'><strong>et</strong></span> <span class='ocrx_word' id='word_1_340' title='bbox 1543 4313 1636 4352; x_wconf 91' lang='lat' dir='ltr'><strong>cor</strong></span> <span class='ocrx_word' id='word_1_341' title='bbox 1669 4310 1838 4352; x_wconf 87' lang='lat' dir='ltr'><strong>tuum.</strong></span> 
     </span>
    </p>
   </div>
   <div class='ocr_carea' id='block_1_75' title="bbox 243 4363 1846 4438">
    <p class='ocr_par' dir='ltr' id='par_1_75' title="bbox 243 4363 1846 4438">
     <span class='ocr_line' id='line_1_75' title="bbox 243 4363 1846 4438; baseline 0.004 -19"><span class='ocrx_word' id='word_1_342' title='bbox 243 4363 492 4438; x_wconf 85' lang='lat' dir='ltr'><strong>Lucerna</strong></span> <span class='ocrx_word' id='word_1_343' title='bbox 549 4368 794 4438; x_wconf 82' lang='lat' dir='ltr'><strong>Corporis</strong></span> <span class='ocrx_word' id='word_1_344' title='bbox 839 4371 920 4422; x_wconf 84' lang='lat' dir='ltr'><strong>tui</strong></span> <span class='ocrx_word' id='word_1_345' title='bbox 977 4383 1062 4426; x_wconf 61' lang='lat' dir='ltr'><strong>est</strong></span> <span class='ocrx_word' id='word_1_346' title='bbox 1119 4371 1309 4426; x_wconf 86' lang='lat' dir='ltr'><strong>oculos</strong></span> <span class='ocrx_word' id='word_1_347' title='bbox 1362 4381 1504 4426; x_wconf 78' lang='lat' dir='ltr'><strong>tuus.</strong></span> <span class='ocrx_word' id='word_1_348' title='bbox 1551 4372 1606 4424; x_wconf 89' lang='lat' dir='ltr'><strong>Si</strong></span> <span class='ocrx_word' id='word_1_349' title='bbox 1637 4371 1846 4425; x_wconf 71' lang='lat' dir='ltr'><strong>8fuerit</strong></span> 
     </span>
    </p>
   </div>
   <div class='ocr_carea' id='block_1_76' title="bbox 245 4437 1841 4511">
    <p class='ocr_par' dir='ltr' id='par_1_76' title="bbox 245 4437 1841 4511">
     <span class='ocr_line' id='line_1_76' title="bbox 245 4437 1841 4511; baseline 0.003 -21"><span class='ocrx_word' id='word_1_350' title='bbox 245 4437 614 4511; x_wconf 86' lang='lat' dir='ltr'><strong>o_cnlus_tnus</strong></span> <span class='ocrx_word' id='word_1_351' title='bbox 654 4437 891 4509; x_wconf 73' lang='lat' dir='ltr'><strong>Simplex</strong></span> <span class='ocrx_word' id='word_1_352' title='bbox 945 4458 958 4494; x_wconf 89' lang='lat'><strong>:</strong></span> <span class='ocrx_word' id='word_1_353' title='bbox 1017 4450 1186 4497; x_wconf 91' lang='lat' dir='ltr'><strong>totum</strong></span> <span class='ocrx_word' id='word_1_354' title='bbox 1237 4457 1440 4511; x_wconf 78' lang='lat' dir='ltr'><strong>corpus</strong></span> <span class='ocrx_word' id='word_1_355' title='bbox 1507 4449 1652 4496; x_wconf 85' lang='lat' dir='ltr'><strong>tuum</strong></span> <span class='ocrx_word' id='word_1_356' title='bbox 1706 4441 1841 4496; x_wconf 88' lang='lat' dir='ltr'><strong>luci-</strong></span> 
     </span>
    </p>
   </div>
   <div class='ocr_carea' id='block_1_77' title="bbox 247 4507 1840 4584">
    <p class='ocr_par' dir='ltr' id='par_1_77' title="bbox 247 4507 1840 4584">
     <span class='ocr_line' id='line_1_77' title="bbox 247 4507 1840 4584; baseline 0.004 -22"><span class='ocrx_word' id='word_1_357' title='bbox 247 4507 370 4563; x_wconf 86' lang='lat' dir='ltr'><strong>dum</strong></span> <span class='ocrx_word' id='word_1_358' title='bbox 395 4507 522 4564; x_wconf 86' lang='lat' dir='ltr'><strong>erit.</strong></span> <span class='ocrx_word' id='word_1_359' title='bbox 554 4510 612 4565; x_wconf 89' lang='lat' dir='ltr'><strong>Si</strong></span> <span class='ocrx_word' id='word_1_360' title='bbox 632 4507 812 4566; x_wconf 83' lang='lat' dir='ltr'><strong>autem</strong></span> <span class='ocrx_word' id='word_1_361' title='bbox 843 4513 1032 4568; x_wconf 88' lang='lat' dir='ltr'><strong>oculus</strong></span> <span class='ocrx_word' id='word_1_362' title='bbox 1063 4523 1184 4568; x_wconf 85' lang='lat' dir='ltr'><strong>tuus</strong></span> <span class='ocrx_word' id='word_1_363' title='bbox 1214 4507 1387 4584; x_wconf 73' lang='lat' dir='ltr'><strong>nequa</strong></span> <span class='ocrx_word' id='word_1_364' title='bbox 1431 4507 1593 4570; x_wconf 83' lang='lat' dir='ltr'><strong>fuerit</strong></span> <span class='ocrx_word' id='word_1_365' title='bbox 1623 4531 1634 4566; x_wconf 94' lang='lat'>:</span> <span class='ocrx_word' id='word_1_366' title='bbox 1669 4527 1840 4568; x_wconf 84' lang='lat' dir='ltr'><strong>tutum</strong></span> 
     </span>
    </p>
   </div>
   <div class='ocr_carea' id='block_1_78' title="bbox 247 4586 1839 4656">
    <p class='ocr_par' dir='ltr' id='par_1_78' title="bbox 247 4586 1839 4656">
     <span class='ocr_line' id='line_1_78' title="bbox 247 4586 1839 4656; baseline 0.003 -22"><span class='ocrx_word' id='word_1_367' title='bbox 247 4590 614 4656; x_wconf 74' lang='lat' dir='ltr'><strong>corpustunm</strong></span> <span class='ocrx_word' id='word_1_368' title='bbox 650 4587 991 4656; x_wconf 85' lang='lat' dir='ltr'><strong>tenebrosum</strong></span> <span class='ocrx_word' id='word_1_369' title='bbox 1020 4586 1141 4640; x_wconf 90' lang='lat' dir='ltr'><strong>erit.</strong></span> <span class='ocrx_word' id='word_1_370' title='bbox 1167 4586 1222 4642; x_wconf 89' lang='lat' dir='ltr'><strong>Si</strong></span> <span class='ocrx_word' id='word_1_371' title='bbox 1253 4601 1382 4656; x_wconf 79' lang='lat' dir='ltr'><strong>ergo</strong></span> <span class='ocrx_word' id='word_1_372' title='bbox 1436 4586 1647 4648; x_wconf 88' lang='lat' dir='ltr'><strong>lumen,</strong></span> <span class='ocrx_word' id='word_1_373' title='bbox 1697 4587 1839 4654; x_wconf 88' lang='lat' dir='ltr'><strong>quod</strong></span> 
     </span>
    </p>
   </div>
   <div class='ocr_carea' id='block_1_79' title="bbox 251 4651 1840 4726">
    <p class='ocr_par' dir='ltr' id='par_1_79' title="bbox 251 4651 1840 4726">
     <span class='ocr_line' id='line_1_79' title="bbox 251 4651 1840 4726; baseline 0.004 -21"><span class='ocrx_word' id='word_1_374' title='bbox 251 4651 298 4705; x_wconf 89' lang='lat' dir='ltr'><strong>in</strong></span> <span class='ocrx_word' id='word_1_375' title='bbox 323 4651 376 4707; x_wconf 88' lang='lat' dir='ltr'><strong>te</strong></span> <span class='ocrx_word' id='word_1_376' title='bbox 399 4662 527 4726; x_wconf 41' lang='lat' dir='ltr'><strong>est,</strong></span> <span class='ocrx_word' id='word_1_377' title='bbox 550 4653 803 4708; x_wconf 76' lang='lat' dir='ltr'><strong>tenebrae</strong></span> <span class='ocrx_word' id='word_1_378' title='bbox 831 4665 958 4710; x_wconf 88' lang='lat' dir='ltr'><strong>sunt</strong></span> <span class='ocrx_word' id='word_1_379' title='bbox 993 4673 1007 4709; x_wconf 91' lang='lat'><strong>:</strong></span> <span class='ocrx_word' id='word_1_380' title='bbox 1064 4657 1214 4726; x_wconf 82' lang='lat' dir='ltr'><strong>ipsae</strong></span> <span class='ocrx_word' id='word_1_381' title='bbox 1264 4651 1520 4712; x_wconf 78' lang='lat' dir='ltr'><strong>tenebrae</strong></span> <span class='ocrx_word' id='word_1_382' title='bbox 1571 4651 1800 4726; x_wconf 68' lang='lat' dir='ltr'><strong>qttatme</strong></span> <span class='ocrx_word' id='word_1_383' title='bbox 1822 4660 1840 4690; x_wconf 77' lang='grc' dir='ltr'>θ</span> 
     </span>
    </p>
   </div>
   <div class='ocr_carea' id='block_1_80' title="bbox 252 4721 1844 4794">
    <p class='ocr_par' dir='ltr' id='par_1_80' title="bbox 252 4721 1844 4794">
     <span class='ocr_line' id='line_1_80' title="bbox 252 4721 1844 4794; baseline 0.004 -16"><span class='ocrx_word' id='word_1_384' title='bbox 252 4736 406 4794; x_wconf 80' lang='lat' dir='ltr'><strong>erunt</strong></span> <span class='ocrx_word' id='word_1_385' title='bbox 435 4721 652 4778; x_wconf 82' lang='lat' dir='ltr'><strong>?Nemo</strong></span> <span class='ocrx_word' id='word_1_386' title='bbox 679 4736 858 4794; x_wconf 86' lang='lat' dir='ltr'><strong>potest</strong></span> <span class='ocrx_word' id='word_1_387' title='bbox 907 4721 1116 4784; x_wconf 78' lang='lat' dir='ltr'><strong>duobus</strong></span> <span class='ocrx_word' id='word_1_388' title='bbox 1151 4728 1388 4784; x_wconf 87' lang='lat' dir='ltr'><strong>dominis</strong></span> <span class='ocrx_word' id='word_1_389' title='bbox 1447 4721 1652 4784; x_wconf 75' lang='lat' dir='ltr'><strong>servire</strong></span> <span class='ocrx_word' id='word_1_390' title='bbox 1683 4748 1696 4782; x_wconf 87' lang='lat'><strong>:</strong></span> <span class='ocrx_word' id='word_1_391' title='bbox 1750 4737 1844 4784; x_wconf 90' lang='lat' dir='ltr'><strong>aut</strong></span> 
     </span>
    </p>
   </div>
   <div class='ocr_carea' id='block_1_81' title="bbox 253 4793 1839 4871">
    <p class='ocr_par' dir='ltr' id='par_1_81' title="bbox 253 4793 1839 4871">
     <span class='ocr_line' id='line_1_81' title="bbox 253 4793 1839 4871; baseline 0.004 -23"><span class='ocrx_word' id='word_1_392' title='bbox 253 4793 392 4848; x_wconf 90' lang='lat' dir='ltr'><strong>enim</strong></span> <span class='ocrx_word' id='word_1_393' title='bbox 427 4811 589 4850; x_wconf 86' lang='lat' dir='ltr'><strong>unum</strong></span> <span class='ocrx_word' id='word_1_394' title='bbox 619 4795 661 4826; x_wconf 86' lang='grc'><strong>¹⁰</strong></span> <span class='ocrx_word' id='word_1_395' title='bbox 683 4793 806 4871; x_wconf 73' lang='lat' dir='ltr'><strong>odio</strong></span> <span class='ocrx_word' id='word_1_396' title='bbox 833 4797 1017 4865; x_wconf 84' lang='lat' dir='ltr'><strong>habet,</strong></span> <span class='ocrx_word' id='word_1_397' title='bbox 1053 4808 1108 4856; x_wconf 88' lang='lat' dir='ltr'><strong>et</strong></span> <span class='ocrx_word' id='word_1_398' title='bbox 1158 4801 1386 4856; x_wconf 87' lang='lat' dir='ltr'><strong>alterum</strong></span> <span class='ocrx_word' id='word_1_399' title='bbox 1420 4801 1593 4871; x_wconf 79' lang='lat' dir='ltr'><strong>diligit</strong></span> <span class='ocrx_word' id='word_1_400' title='bbox 1621 4817 1634 4853; x_wconf 90' lang='lat'>:</span> <span class='ocrx_word' id='word_1_401' title='bbox 1678 4810 1770 4856; x_wconf 90' lang='lat' dir='ltr'><strong>aut</strong></span> <span class='ocrx_word' id='word_1_402' title='bbox 1798 4801 1839 4831; x_wconf 82' lang='lat'>“</span> 
     </span>
    </p>
   </div>
   <div class='ocr_carea' id='block_1_82' title="bbox 255 4867 1843 4944">
    <p class='ocr_par' dir='ltr' id='par_1_82' title="bbox 255 4867 1843 4944">
     <span class='ocr_line' id='line_1_82' title="bbox 255 4867 1843 4944; baseline 0.004 -24"><span class='ocrx_word' id='word_1_403' title='bbox 255 4867 792 4944; x_wconf 77' lang='lat' dir='ltr'><strong>utium_susttnebit,</strong></span> <span class='ocrx_word' id='word_1_404' title='bbox 849 4880 903 4925; x_wconf 91' lang='lat' dir='ltr'><strong>et</strong></span> <span class='ocrx_word' id='word_1_405' title='bbox 951 4873 1179 4929; x_wconf 88' lang='lat' dir='ltr'><strong>alterum</strong></span> <span class='ocrx_word' id='word_1_406' title='bbox 1229 4867 1562 4928; x_wconf 74' lang='lat' dir='ltr'><strong>contemnet.</strong></span> <span class='ocrx_word' id='word_1_407' title='bbox 1592 4871 1712 4928; x_wconf 85' lang='lat' dir='ltr'><strong>Non</strong></span> <span class='ocrx_word' id='word_1_408' title='bbox 1744 4887 1843 4944; x_wconf 91' lang='lat' dir='ltr'><strong>po-</strong></span> 
     </span>
    </p>
   </div>
   <div class='ocr_carea' id='block_1_83' title="bbox 256 4937 778 4997">
    <p class='ocr_par' dir='ltr' id='par_1_83' title="bbox 256 4937 778 4997">
     <span class='ocr_line' id='line_1_83' title="bbox 256 4937 778 4997; baseline 0.011 -6"><span class='ocrx_word' id='word_1_409' title='bbox 256 4939 403 4993; x_wconf 83' lang='lat' dir='ltr'><strong>testis</strong></span> <span class='ocrx_word' id='word_1_410' title='bbox 425 4937 538 4995; x_wconf 91' lang='lat' dir='ltr'><strong>Deo</strong></span> <span class='ocrx_word' id='word_1_411' title='bbox 567 4941 778 4997; x_wconf 86' lang='lat' dir='ltr'><strong>servire</strong></span> 
     </span>
    </p>
   </div>
   <div class='ocr_carea' id='block_1_84' title="bbox 3471 311 3572 366">
    <p class='ocr_par' dir='ltr' id='par_1_84' title="bbox 3471 311 3572 366">
     <span class='ocr_line' id='line_1_84' title="bbox 3471 311 3572 366; baseline 0.04 -3"><span class='ocrx_word' id='word_1_412' title='bbox 3471 311 3572 366; x_wconf 64' lang='grc' dir='ltr'><strong>«ιη</strong></span> 
     </span>
    </p>
   </div>
   <div class='ocr_carea' id='block_1_85' title="bbox 2401 409 3114 470">
    <p class='ocr_par' dir='ltr' id='par_1_85' title="bbox 2401 409 3114 470">
     <span class='ocr_line' id='line_1_85' title="bbox 2401 409 3114 470; baseline -0.001 -1"><span class='ocrx_word' id='word_1_413' title='bbox 2401 412 2634 470; x_wconf 70' lang='lat' dir='ltr'><strong>CODEX</strong></span> <span class='ocrx_word' id='word_1_414' title='bbox 2665 409 3114 469; x_wconf 79' lang='lat' dir='ltr'><strong>VERONENSIS.</strong></span> 
     </span>
    </p>
   </div>
   <div class='ocr_carea' id='block_1_86' title="bbox 2814 507 3174 564">
    <p class='ocr_par' dir='ltr' id='par_1_86' title="bbox 2814 507 3174 564">
     <span class='ocr_line' id='line_1_86' title="bbox 2814 507 3174 564; baseline 0.008 -3"><span class='ocrx_word' id='word_1_415' title='bbox 2814 516 2994 562; x_wconf 86' lang='lat' dir='ltr'><strong>autem</strong></span> <span class='ocrx_word' id='word_1_416' title='bbox 3023 507 3174 564; x_wconf 80' lang='lat' dir='ltr'><strong>vobis</strong></span> 
     </span>
    </p>
   </div>
   <div class='ocr_carea' id='block_1_87' title="bbox 2818 579 3138 636">
    <p class='ocr_par' dir='ltr' id='par_1_87' title="bbox 2818 579 3138 636">
     <span class='ocr_line' id='line_1_87' title="bbox 2818 579 3138 636; baseline 0.009 -4"><span class='ocrx_word' id='word_1_417' title='bbox 2818 579 3138 636; x_wconf 88' lang='lat' dir='ltr'><strong>thensauros</strong></span> 
     </span>
    </p>
   </div>
   <div class='ocr_carea' id='block_1_88' title="bbox 2814 651 3206 708">
    <p class='ocr_par' dir='ltr' id='par_1_88' title="bbox 2814 651 3206 708">
     <span class='ocr_line' id='line_1_88' title="bbox 2814 651 3206 708; baseline 0 -2"><span class='ocrx_word' id='word_1_418' title='bbox 2814 653 2866 706; x_wconf 90' lang='lat' dir='ltr'><strong>in</strong></span> <span class='ocrx_word' id='word_1_419' title='bbox 2895 652 3082 707; x_wconf 88' lang='lat' dir='ltr'><strong>caelo:</strong></span> <span class='ocrx_word' id='word_1_420' title='bbox 3118 651 3206 708; x_wconf 84' lang='lat' dir='ltr'><strong>ubi</strong></span> 
     </span>
    </p>
   </div>
   <div class='ocr_carea' id='block_1_89' title="bbox 2813 739 3201 795">
    <p class='ocr_par' dir='ltr' id='par_1_89' title="bbox 2813 739 3201 795">
     <span class='ocr_line' id='line_1_89' title="bbox 2813 739 3201 795; baseline 0 -17"><span class='ocrx_word' id='word_1_421' title='bbox 2813 739 2988 793; x_wconf 88' lang='lat' dir='ltr'><strong>neque</strong></span> <span class='ocrx_word' id='word_1_422' title='bbox 3017 739 3201 795; x_wconf 82' lang='lat' dir='ltr'><strong>erugo,</strong></span> 
     </span>
    </p>
   </div>
   <div class='ocr_carea' id='block_1_90' title="bbox 2813 795 3161 864">
    <p class='ocr_par' dir='ltr' id='par_1_90' title="bbox 2813 795 3161 864">
     <span class='ocr_line' id='line_1_90' title="bbox 2813 795 3161 864; baseline 0.006 -13"><span class='ocrx_word' id='word_1_423' title='bbox 2813 811 2988 864; x_wconf 85' lang='lat' dir='ltr'><strong>neque</strong></span> <span class='ocrx_word' id='word_1_424' title='bbox 3017 795 3161 852; x_wconf 85' lang='lat' dir='ltr'><strong>tinea</strong></span> 
     </span>
    </p>
   </div>
   <div class='ocr_carea' id='block_1_91' title="bbox 2813 866 3178 934">
    <p class='ocr_par' dir='ltr' id='par_1_91' title="bbox 2813 866 3178 934">
     <span class='ocr_line' id='line_1_91' title="bbox 2813 866 3178 934; baseline 0 -12"><span class='ocrx_word' id='word_1_425' title='bbox 2813 866 3135 922; x_wconf 84' lang='lat' dir='ltr'><strong>exterminat</strong></span> <span class='ocrx_word' id='word_1_426' title='bbox 3163 885 3178 934; x_wconf 92' lang='lat'>;</span> 
     </span>
    </p>
   </div>
   <div class='ocr_carea' id='block_1_92' title="bbox 2813 937 3290 998">
    <p class='ocr_par' dir='ltr' id='par_1_92' title="bbox 2813 937 3290 998">
     <span class='ocr_line' id='line_1_92' title="bbox 2813 937 3290 998; baseline 0.008 -4"><span class='ocrx_word' id='word_1_427' title='bbox 2813 949 2866 994; x_wconf 87' lang='lat' dir='ltr'><strong>et</strong></span> <span class='ocrx_word' id='word_1_428' title='bbox 2891 937 2978 992; x_wconf 88' lang='lat' dir='ltr'><strong>ubi</strong></span> <span class='ocrx_word' id='word_1_429' title='bbox 3011 938 3154 995; x_wconf 88' lang='lat' dir='ltr'><strong>fures</strong></span> <span class='ocrx_word' id='word_1_430' title='bbox 3187 956 3290 998; x_wconf 89' lang='lat' dir='ltr'><strong>non</strong></span> 
     </span>
    </p>
   </div>
   <div class='ocr_carea' id='block_1_93' title="bbox 1972 507 2375 579">
    <p class='ocr_par' dir='ltr' id='par_1_93' title="bbox 1972 507 2375 579">
     <span class='ocr_line' id='line_1_93' title="bbox 1972 507 2375 579; baseline 0 -15"><span class='ocrx_word' id='word_1_431' title='bbox 1972 507 2126 564; x_wconf 86' lang='lat' dir='ltr'><strong>vobis</strong></span> <span class='ocrx_word' id='word_1_432' title='bbox 2156 518 2375 579; x_wconf 81' lang='lat' dir='ltr'><strong>peccata</strong></span> 
     </span>
    </p>
   </div>
   <div class='ocr_carea' id='block_1_94' title="bbox 1969 589 2172 636">
    <p class='ocr_par' dir='ltr' id='par_1_94' title="bbox 1969 589 2172 636">
     <span class='ocr_line' id='line_1_94' title="bbox 1969 589 2172 636; baseline -0.015 -1"><span class='ocrx_word' id='word_1_433' title='bbox 1969 589 2147 636; x_wconf 88' lang='lat' dir='ltr'><strong>vestra</strong></span> <span class='ocrx_word' id='word_1_434' title='bbox 2161 622 2172 632; x_wconf 94' lang='lat'><strong>.</strong></span> 
     </span>
    </p>
   </div>
   <div class='ocr_carea' id='block_1_95' title="bbox 1971 650 2557 722">
    <p class='ocr_par' dir='ltr' id='par_1_95' title="bbox 1971 650 2557 722">
     <span class='ocr_line' id='line_1_95' title="bbox 1971 650 2557 722; baseline 0.003 -16"><span class='ocrx_word' id='word_1_435' title='bbox 1971 655 2059 706; x_wconf 84' lang='grc'><strong>16.</strong></span> <span class='ocrx_word' id='word_1_436' title='bbox 2101 650 2235 706; x_wconf 89' lang='lat' dir='ltr'><strong>Cum</strong></span> <span class='ocrx_word' id='word_1_437' title='bbox 2268 659 2446 706; x_wconf 89' lang='lat' dir='ltr'><strong>autem</strong></span> <span class='ocrx_word' id='word_1_438' title='bbox 2472 651 2557 722; x_wconf 86' lang='lat' dir='ltr'><strong>je-</strong></span> 
     </span>
    </p>
   </div>
   <div class='ocr_carea' id='block_1_96' title="bbox 1961 723 2394 794">
    <p class='ocr_par' dir='ltr' id='par_1_96' title="bbox 1961 723 2394 794">
     <span class='ocr_line' id='line_1_96' title="bbox 1961 723 2394 794; baseline 0.002 -16"><span class='ocrx_word' id='word_1_439' title='bbox 1961 723 2192 794; x_wconf 87' lang='lat' dir='ltr'><strong>jnnatis,</strong></span> <span class='ocrx_word' id='word_1_440' title='bbox 2223 723 2394 779; x_wconf 89' lang='lat' dir='ltr'><strong>nolite</strong></span> 
     </span>
    </p>
   </div>
   <div class='ocr_carea' id='block_1_97' title="bbox 1965 795 2402 868">
    <p class='ocr_par' dir='ltr' id='par_1_97' title="bbox 1965 795 2402 868">
     <span class='ocr_line' id='line_1_97' title="bbox 1965 795 2402 868; baseline 0 -19"><span class='ocrx_word' id='word_1_441' title='bbox 1965 795 2111 868; x_wconf 85' lang='lat' dir='ltr'><strong>fierit</strong></span> <span class='ocrx_word' id='word_1_442' title='bbox 2131 795 2270 850; x_wconf 88' lang='lat' dir='ltr'><strong>sicut</strong></span> <span class='ocrx_word' id='word_1_443' title='bbox 2301 795 2402 868; x_wconf 75' lang='lat' dir='ltr'><strong>by-</strong></span> 
     </span>
    </p>
   </div>
   <div class='ocr_carea' id='block_1_98' title="bbox 1966 867 2327 937">
    <p class='ocr_par' dir='ltr' id='par_1_98' title="bbox 1966 867 2327 937">
     <span class='ocr_line' id='line_1_98' title="bbox 1966 867 2327 937; baseline 0 -15"><span class='ocrx_word' id='word_1_444' title='bbox 1966 867 2208 937; x_wconf 88' lang='lat' dir='ltr'><strong>pocrilae</strong></span> <span class='ocrx_word' id='word_1_445' title='bbox 2231 869 2296 922; x_wconf 87' lang='lat' dir='ltr'><strong>tri</strong></span> <span class='ocrx_word' id='word_1_446' title='bbox 2309 899 2327 909; x_wconf 93' lang='lat'><strong>-</strong></span> 
     </span>
    </p>
   </div>
   <div class='ocr_carea' id='block_1_99' title="bbox 1965 937 2508 994">
    <p class='ocr_par' dir='ltr' id='par_1_99' title="bbox 1965 937 2508 994">
     <span class='ocr_line' id='line_1_99' title="bbox 1965 937 2508 994; baseline -0.004 0"><span class='ocrx_word' id='word_1_447' title='bbox 1965 948 2098 994; x_wconf 89' lang='lat' dir='ltr'><strong>stes.</strong></span> <span class='ocrx_word' id='word_1_448' title='bbox 2133 937 2508 994; x_wconf 77' lang='lat' dir='ltr'><strong>Exterminant</strong></span> 
     </span>
    </p>
   </div>
   <div class='ocr_carea' id='block_1_100' title="bbox 1965 1009 2306 1066">
    <p class='ocr_par' dir='ltr' id='par_1_100' title="bbox 1965 1009 2306 1066">
     <span class='ocr_line' id='line_1_100' title="bbox 1965 1009 2306 1066; baseline 0 0"><span class='ocrx_word' id='word_1_449' title='bbox 1965 1013 2108 1066; x_wconf 90' lang='lat' dir='ltr'><strong>enim</strong></span> <span class='ocrx_word' id='word_1_450' title='bbox 2139 1009 2306 1066; x_wconf 83' lang='lat' dir='ltr'><strong>facies</strong></span> 
     </span>
    </p>
   </div>
   <div class='ocr_carea' id='block_1_101' title="bbox 1963 1094 2387 1152">
    <p class='ocr_par' dir='ltr' id='par_1_101' title="bbox 1963 1094 2387 1152">
     <span class='ocr_line' id='line_1_101' title="bbox 1963 1094 2387 1152; baseline -0.002 -15"><span class='ocrx_word' id='word_1_451' title='bbox 1963 1097 2110 1147; x_wconf 89' lang='lat' dir='ltr'><strong>suas,</strong></span> <span class='ocrx_word' id='word_1_452' title='bbox 2139 1094 2198 1136; x_wconf 90' lang='lat' dir='ltr'><strong>ut</strong></span> <span class='ocrx_word' id='word_1_453' title='bbox 2222 1097 2387 1152; x_wconf 88' lang='lat' dir='ltr'><strong>appa-</strong></span> 
     </span>
    </p>
   </div>
   <div class='ocr_carea' id='block_1_102' title="bbox 1963 1155 2378 1209">
    <p class='ocr_par' dir='ltr' id='par_1_102' title="bbox 1963 1155 2378 1209">
     <span class='ocr_line' id='line_1_102' title="bbox 1963 1155 2378 1209; baseline 0 -1"><span class='ocrx_word' id='word_1_454' title='bbox 1963 1162 2117 1209; x_wconf 86' lang='lat' dir='ltr'><strong>reant</strong></span> <span class='ocrx_word' id='word_1_455' title='bbox 2147 1155 2378 1208; x_wconf 88' lang='lat' dir='ltr'><strong>homini-</strong></span> 
     </span>
    </p>
   </div>
   <div class='ocr_carea' id='block_1_103' title="bbox 1961 1225 2334 1296">
    <p class='ocr_par' dir='ltr' id='par_1_103' title="bbox 1961 1225 2334 1296">
     <span class='ocr_line' id='line_1_103' title="bbox 1961 1225 2334 1296; baseline 0 -17"><span class='ocrx_word' id='word_1_456' title='bbox 1961 1225 2064 1280; x_wconf 90' lang='lat' dir='ltr'><strong>bus</strong></span> <span class='ocrx_word' id='word_1_457' title='bbox 2081 1226 2334 1296; x_wconf 74' lang='lat' dir='ltr'><strong>jojunan-</strong></span> 
     </span>
    </p>
   </div>
   <div class='ocr_carea' id='block_1_104' title="bbox 1963 1297 2264 1352">
    <p class='ocr_par' dir='ltr' id='par_1_104' title="bbox 1963 1297 2264 1352">
     <span class='ocr_line' id='line_1_104' title="bbox 1963 1297 2264 1352; baseline 0 -2"><span class='ocrx_word' id='word_1_458' title='bbox 1963 1306 2064 1352; x_wconf 90' lang='lat' dir='ltr'><strong>tes.</strong></span> <span class='ocrx_word' id='word_1_459' title='bbox 2088 1297 2264 1352; x_wconf 89' lang='lat' dir='ltr'><strong>Amen</strong></span> 
     </span>
    </p>
   </div>
   <div class='ocr_carea' id='block_1_105' title="bbox 1960 1367 2396 1440">
    <p class='ocr_par' dir='ltr' id='par_1_105' title="bbox 1960 1367 2396 1440">
     <span class='ocr_line' id='line_1_105' title="bbox 1960 1367 2396 1440; baseline -0.007 -17"><span class='ocrx_word' id='word_1_460' title='bbox 1960 1368 2084 1440; x_wconf 88' lang='lat' dir='ltr'><strong>dico</strong></span> <span class='ocrx_word' id='word_1_461' title='bbox 2113 1367 2287 1434; x_wconf 85' lang='lat' dir='ltr'><strong>vobis,</strong></span> <span class='ocrx_word' id='word_1_462' title='bbox 2322 1367 2396 1440; x_wconf 91' lang='lat' dir='ltr'><strong>(a)</strong></span> 
     </span>
    </p>
   </div>
   <div class='ocr_carea' id='block_1_106' title="bbox 1959 1439 2394 1495">
    <p class='ocr_par' dir='ltr' id='par_1_106' title="bbox 1959 1439 2394 1495">
     <span class='ocr_line' id='line_1_106' title="bbox 1959 1439 2394 1495; baseline 0.005 -3"><span class='ocrx_word' id='word_1_463' title='bbox 1959 1439 2162 1495; x_wconf 88' lang='lat' dir='ltr'><strong>habent</strong></span> <span class='ocrx_word' id='word_1_464' title='bbox 2183 1439 2394 1494; x_wconf 83' lang='lat' dir='ltr'><strong>merce-</strong></span> 
     </span>
    </p>
   </div>
   <div class='ocr_carea' id='block_1_107' title="bbox 1959 1510 2280 1566">
    <p class='ocr_par' dir='ltr' id='par_1_107' title="bbox 1959 1510 2280 1566">
     <span class='ocr_line' id='line_1_107' title="bbox 1959 1510 2280 1566; baseline -0.009 0"><span class='ocrx_word' id='word_1_465' title='bbox 1959 1510 2082 1566; x_wconf 91' lang='lat' dir='ltr'><strong>dem</strong></span> <span class='ocrx_word' id='word_1_466' title='bbox 2105 1527 2280 1566; x_wconf 89' lang='lat' dir='ltr'><strong>suam.</strong></span> 
     </span>
    </p>
   </div>
   <div class='ocr_carea' id='block_1_108' title="bbox 1957 1583 2586 1650">
    <p class='ocr_par' dir='ltr' id='par_1_108' title="bbox 1957 1583 2586 1650">
     <span class='ocr_line' id='line_1_108' title="bbox 1957 1583 2586 1650; baseline -0.005 -12"><span class='ocrx_word' id='word_1_467' title='bbox 1957 1583 2048 1638; x_wconf 90' lang='grc'><strong>17.</strong></span> <span class='ocrx_word' id='word_1_468' title='bbox 2087 1583 2198 1639; x_wconf 86' lang='lat' dir='ltr'><strong>Vos</strong></span> <span class='ocrx_word' id='word_1_469' title='bbox 2236 1590 2440 1650; x_wconf 88' lang='lat' dir='ltr'><strong>autem,</strong></span> <span class='ocrx_word' id='word_1_470' title='bbox 2465 1595 2586 1636; x_wconf 90' lang='lat' dir='ltr'><strong>cum</strong></span> 
     </span>
    </p>
   </div>
   <div class='ocr_carea' id='block_1_109' title="bbox 1951 1653 2356 1725">
    <p class='ocr_par' dir='ltr' id='par_1_109' title="bbox 1951 1653 2356 1725">
     <span class='ocr_line' id='line_1_109' title="bbox 1951 1653 2356 1725; baseline 0.002 -17"><span class='ocrx_word' id='word_1_471' title='bbox 1951 1653 2228 1725; x_wconf 86' lang='lat' dir='ltr'><strong>jejunatis,</strong></span> <span class='ocrx_word' id='word_1_472' title='bbox 2259 1670 2356 1709; x_wconf 91' lang='lat' dir='ltr'><strong>un-</strong></span> 
     </span>
    </p>
   </div>
   <div class='ocr_carea' id='block_1_110' title="bbox 1953 1727 2293 1796">
    <p class='ocr_par' dir='ltr' id='par_1_110' title="bbox 1953 1727 2293 1796">
     <span class='ocr_line' id='line_1_110' title="bbox 1953 1727 2293 1796; baseline 0 -16"><span class='ocrx_word' id='word_1_473' title='bbox 1953 1727 2101 1796; x_wconf 78' lang='lat' dir='ltr'><strong>guite</strong></span> <span class='ocrx_word' id='word_1_474' title='bbox 2131 1733 2293 1796; x_wconf 88' lang='lat' dir='ltr'><strong>caput</strong></span> 
     </span>
    </p>
   </div>
   <div class='ocr_carea' id='block_1_111' title="bbox 1953 1794 2402 1862">
    <p class='ocr_par' dir='ltr' id='par_1_111' title="bbox 1953 1794 2402 1862">
     <span class='ocr_line' id='line_1_111' title="bbox 1953 1794 2402 1862; baseline -0.004 -10"><span class='ocrx_word' id='word_1_475' title='bbox 1953 1794 2216 1862; x_wconf 69' lang='lat' dir='ltr'><strong>vestrum,</strong></span> <span class='ocrx_word' id='word_1_476' title='bbox 2249 1805 2303 1852; x_wconf 89' lang='lat' dir='ltr'><strong>et</strong></span> <span class='ocrx_word' id='word_1_477' title='bbox 2329 1794 2402 1850; x_wconf 89' lang='lat' dir='ltr'><strong>fa-</strong></span> 
     </span>
    </p>
   </div>
   <div class='ocr_carea' id='block_1_112' title="bbox 1953 1869 2350 1926">
    <p class='ocr_par' dir='ltr' id='par_1_112' title="bbox 1953 1869 2350 1926">
     <span class='ocr_line' id='line_1_112' title="bbox 1953 1869 2350 1926; baseline -0.005 -3"><span class='ocrx_word' id='word_1_478' title='bbox 1953 1869 2094 1925; x_wconf 84' lang='lat' dir='ltr'><strong>ciem</strong></span> <span class='ocrx_word' id='word_1_479' title='bbox 2116 1877 2350 1926; x_wconf 86' lang='lat' dir='ltr'><strong>vestram</strong></span> 
     </span>
    </p>
   </div>
   <div class='ocr_carea' id='block_1_113' title="bbox 1955 1941 2492 2010">
    <p class='ocr_par' dir='ltr' id='par_1_113' title="bbox 1955 1941 2492 2010">
     <span class='ocr_line' id='line_1_113' title="bbox 1955 1941 2492 2010; baseline -0.009 -14"><span class='ocrx_word' id='word_1_480' title='bbox 1955 1943 2042 1996; x_wconf 88' lang='grc'><strong>18.</strong></span> <span class='ocrx_word' id='word_1_481' title='bbox 2086 1941 2282 2004; x_wconf 85' lang='lat' dir='ltr'><strong>lavate,</strong></span> <span class='ocrx_word' id='word_1_482' title='bbox 2311 1954 2379 1995; x_wconf 87' lang='lat' dir='ltr'><strong>ne</strong></span> <span class='ocrx_word' id='word_1_483' title='bbox 2401 1953 2492 2010; x_wconf 90' lang='lat' dir='ltr'><strong>pa-</strong></span> 
     </span>
    </p>
   </div>
   <div class='ocr_carea' id='block_1_114' title="bbox 1951 2011 2320 2068">
    <p class='ocr_par' dir='ltr' id='par_1_114' title="bbox 1951 2011 2320 2068">
     <span class='ocr_line' id='line_1_114' title="bbox 1951 2011 2320 2068; baseline -0.005 0"><span class='ocrx_word' id='word_1_484' title='bbox 1951 2013 2120 2068; x_wconf 88' lang='lat' dir='ltr'><strong>rcatis</strong></span> <span class='ocrx_word' id='word_1_485' title='bbox 2145 2011 2320 2067; x_wconf 89' lang='lat' dir='ltr'><strong>homi-</strong></span> 
     </span>
    </p>
   </div>
   <div class='ocr_carea' id='block_1_115' title="bbox 1951 2083 2381 2152">
    <p class='ocr_par' dir='ltr' id='par_1_115' title="bbox 1951 2083 2381 2152">
     <span class='ocr_line' id='line_1_115' title="bbox 1951 2083 2381 2152; baseline 0 -14"><span class='ocrx_word' id='word_1_486' title='bbox 1951 2085 2112 2140; x_wconf 90' lang='lat' dir='ltr'><strong>nibus</strong></span> <span class='ocrx_word' id='word_1_487' title='bbox 2131 2083 2381 2152; x_wconf 82' lang='lat' dir='ltr'><strong>jejunan—</strong></span> 
     </span>
    </p>
   </div>
   <div class='ocr_carea' id='block_1_116' title="bbox 1951 2155 2469 2238">
    <p class='ocr_par' dir='ltr' id='par_1_116' title="bbox 1951 2155 2469 2238">
     <span class='ocr_line' id='line_1_116' title="bbox 1951 2155 2469 2238; baseline -0.008 -26"><span class='ocrx_word' id='word_1_488' title='bbox 1951 2165 2055 2222; x_wconf 88' lang='lat' dir='ltr'><strong>tes,</strong></span> <span class='ocrx_word' id='word_1_489' title='bbox 2089 2155 2182 2210; x_wconf 90' lang='lat' dir='ltr'><strong>sed</strong></span> <span class='ocrx_word' id='word_1_490' title='bbox 2197 2155 2361 2238; x_wconf 64' lang='lat' dir='ltr'><strong>patri</strong></span> <span class='ocrx_word' id='word_1_491' title='bbox 2375 2169 2440 2209; x_wconf 93' lang='lat' dir='ltr'><strong>ve</strong></span> <span class='ocrx_word' id='word_1_492' title='bbox 2453 2184 2469 2193; x_wconf 89' lang='lat'><strong>-</strong></span> 
     </span>
    </p>
   </div>
   <div class='ocr_carea' id='block_1_117' title="bbox 1949 2238 2400 2297">
    <p class='ocr_par' dir='ltr' id='par_1_117' title="bbox 1949 2238 2400 2297">
     <span class='ocr_line' id='line_1_117' title="bbox 1949 2238 2400 2297; baseline -0.007 -14"><span class='ocrx_word' id='word_1_493' title='bbox 1949 2239 2086 2294; x_wconf 89' lang='lat' dir='ltr'><strong>stro,</strong></span> <span class='ocrx_word' id='word_1_494' title='bbox 2119 2243 2210 2297; x_wconf 78' lang='lat' dir='ltr'><strong>qui</strong></span> <span class='ocrx_word' id='word_1_495' title='bbox 2241 2238 2326 2282; x_wconf 85' lang='lat' dir='ltr'><strong>est</strong></span> <span class='ocrx_word' id='word_1_496' title='bbox 2348 2242 2400 2280; x_wconf 81' lang='lat' dir='ltr'><strong>in</strong></span> 
     </span>
    </p>
   </div>
   <div class='ocr_carea' id='block_1_118' title="bbox 1947 2297 2470 2356">
    <p class='ocr_par' dir='ltr' id='par_1_118' title="bbox 1947 2297 2470 2356">
     <span class='ocr_line' id='line_1_118' title="bbox 1947 2297 2470 2356; baseline -0.004 -2"><span class='ocrx_word' id='word_1_497' title='bbox 1947 2300 2216 2356; x_wconf 87' lang='lat' dir='ltr'><strong>absconso</strong></span> <span class='ocrx_word' id='word_1_498' title='bbox 2247 2314 2259 2351; x_wconf 91' lang='lat'>:</span> <span class='ocrx_word' id='word_1_499' title='bbox 2293 2309 2347 2352; x_wconf 87' lang='lat' dir='ltr'><strong>et</strong></span> <span class='ocrx_word' id='word_1_500' title='bbox 2370 2297 2470 2352; x_wconf 89' lang='lat' dir='ltr'><strong>Pa-</strong></span> 
     </span>
    </p>
   </div>
   <div class='ocr_carea' id='block_1_119' title="bbox 1947 2369 2380 2439">
    <p class='ocr_par' dir='ltr' id='par_1_119' title="bbox 1947 2369 2380 2439">
     <span class='ocr_line' id='line_1_119' title="bbox 1947 2369 2380 2439; baseline -0.005 -14"><span class='ocrx_word' id='word_1_501' title='bbox 1947 2381 2034 2426; x_wconf 88' lang='lat' dir='ltr'><strong>ter</strong></span> <span class='ocrx_word' id='word_1_502' title='bbox 2057 2382 2256 2432; x_wconf 84' lang='lat' dir='ltr'><strong>vester,</strong></span> <span class='ocrx_word' id='word_1_503' title='bbox 2289 2369 2380 2439; x_wconf 89' lang='lat' dir='ltr'><strong>qui</strong></span> 
     </span>
    </p>
   </div>
   <div class='ocr_carea' id='block_1_120' title="bbox 1946 2442 2416 2498">
    <p class='ocr_par' dir='ltr' id='par_1_120' title="bbox 1946 2442 2416 2498">
     <span class='ocr_line' id='line_1_120' title="bbox 1946 2442 2416 2498; baseline -0.004 0"><span class='ocrx_word' id='word_1_504' title='bbox 1946 2442 2096 2498; x_wconf 83' lang='lat' dir='ltr'><strong>videt</strong></span> <span class='ocrx_word' id='word_1_505' title='bbox 2117 2442 2168 2495; x_wconf 89' lang='lat' dir='ltr'><strong>in</strong></span> <span class='ocrx_word' id='word_1_506' title='bbox 2197 2442 2416 2496; x_wconf 88' lang='lat' dir='ltr'><strong>abscon-</strong></span> 
     </span>
    </p>
   </div>
   <div class='ocr_carea' id='block_1_121' title="bbox 1946 2513 2376 2580">
    <p class='ocr_par' dir='ltr' id='par_1_121' title="bbox 1946 2513 2376 2580">
     <span class='ocr_line' id='line_1_121' title="bbox 1946 2513 2376 2580; baseline -0.005 -10"><span class='ocrx_word' id='word_1_507' title='bbox 1946 2529 2030 2580; x_wconf 92' lang='lat' dir='ltr'><strong>so,</strong></span> <span class='ocrx_word' id='word_1_508' title='bbox 2060 2513 2250 2568; x_wconf 88' lang='lat' dir='ltr'><strong>reddet</strong></span> <span class='ocrx_word' id='word_1_509' title='bbox 2277 2525 2376 2568; x_wconf 83' lang='lat' dir='ltr'><strong>vo-</strong></span> 
     </span>
    </p>
   </div>
   <div class='ocr_carea' id='block_1_122' title="bbox 1947 2583 2333 2654">
    <p class='ocr_par' dir='ltr' id='par_1_122' title="bbox 1947 2583 2333 2654">
     <span class='ocr_line' id='line_1_122' title="bbox 1947 2583 2333 2654; baseline -0.01 -14"><span class='ocrx_word' id='word_1_510' title='bbox 1947 2587 2030 2640; x_wconf 86' lang='lat' dir='ltr'><strong>bis</strong></span> <span class='ocrx_word' id='word_1_511' title='bbox 2053 2586 2103 2638; x_wconf 92' lang='lat' dir='ltr'><strong>in</strong></span> <span class='ocrx_word' id='word_1_512' title='bbox 2134 2583 2333 2654; x_wconf 87' lang='lat' dir='ltr'><strong>palam.</strong></span> 
     </span>
    </p>
   </div>
   <div class='ocr_carea' id='block_1_123' title="bbox 1946 2655 2429 2712">
    <p class='ocr_par' dir='ltr' id='par_1_123' title="bbox 1946 2655 2429 2712">
     <span class='ocr_line' id='line_1_123' title="bbox 1946 2655 2429 2712; baseline -0.004 0"><span class='ocrx_word' id='word_1_513' title='bbox 1946 2657 2037 2712; x_wconf 84' lang='grc'><strong>19.</strong></span> <span class='ocrx_word' id='word_1_514' title='bbox 2077 2655 2255 2710; x_wconf 83' lang='lat' dir='ltr'><strong>Nolite</strong></span> <span class='ocrx_word' id='word_1_515' title='bbox 2278 2655 2429 2710; x_wconf 89' lang='lat' dir='ltr'><strong>vobis</strong></span> 
     </span>
    </p>
   </div>
   <div class='ocr_carea' id='block_1_124' title="bbox 1945 2725 2354 2783">
    <p class='ocr_par' dir='ltr' id='par_1_124' title="bbox 1945 2725 2354 2783">
     <span class='ocr_line' id='line_1_124' title="bbox 1945 2725 2354 2783; baseline -0.005 -1"><span class='ocrx_word' id='word_1_516' title='bbox 1945 2725 2286 2783; x_wconf 89' lang='lat' dir='ltr'><strong>thensauriza</strong></span> <span class='ocrx_word' id='word_1_517' title='bbox 2295 2741 2354 2780; x_wconf 87' lang='lat' dir='ltr'><strong>re</strong></span> 
     </span>
    </p>
   </div>
   <div class='ocr_carea' id='block_1_125' title="bbox 1946 2797 2563 2853">
    <p class='ocr_par' dir='ltr' id='par_1_125' title="bbox 1946 2797 2563 2853">
     <span class='ocr_line' id='line_1_125' title="bbox 1946 2797 2563 2853; baseline -0.005 0"><span class='ocrx_word' id='word_1_518' title='bbox 1946 2800 2269 2853; x_wconf 88' lang='lat' dir='ltr'><strong>thensauros</strong></span> <span class='ocrx_word' id='word_1_519' title='bbox 2289 2797 2344 2852; x_wconf 91' lang='lat' dir='ltr'><strong>in</strong></span> <span class='ocrx_word' id='word_1_520' title='bbox 2373 2806 2512 2852; x_wconf 89' lang='lat' dir='ltr'><strong>terra</strong></span> <span class='ocrx_word' id='word_1_521' title='bbox 2549 2813 2563 2850; x_wconf 88' lang='lat'><strong>:</strong></span> 
     </span>
    </p>
   </div>
   <div class='ocr_carea' id='block_1_126' title="bbox 1945 2869 2326 2940">
    <p class='ocr_par' dir='ltr' id='par_1_126' title="bbox 1945 2869 2326 2940">
     <span class='ocr_line' id='line_1_126' title="bbox 1945 2869 2326 2940; baseline -0.005 -14"><span class='ocrx_word' id='word_1_522' title='bbox 1945 2869 2038 2926; x_wconf 89' lang='lat' dir='ltr'><strong>ubi</strong></span> <span class='ocrx_word' id='word_1_523' title='bbox 2057 2884 2248 2940; x_wconf 81' lang='lat' dir='ltr'><strong>erngo,</strong></span> <span class='ocrx_word' id='word_1_524' title='bbox 2273 2878 2326 2924; x_wconf 91' lang='lat' dir='ltr'><strong>et</strong></span> 
     </span>
    </p>
   </div>
   <div class='ocr_carea' id='block_1_127' title="bbox 1948 2942 2297 2996">
    <p class='ocr_par' dir='ltr' id='par_1_127' title="bbox 1948 2942 2297 2996">
     <span class='ocr_line' id='line_1_127' title="bbox 1948 2942 2297 2996; baseline 0 -1"><span class='ocrx_word' id='word_1_525' title='bbox 1948 2942 2094 2996; x_wconf 90' lang='lat' dir='ltr'><strong>tinea</strong></span> <span class='ocrx_word' id='word_1_526' title='bbox 2117 2951 2297 2996; x_wconf 76' lang='lat' dir='ltr'><strong>exter-</strong></span> 
     </span>
    </p>
   </div>
   <div class='ocr_carea' id='block_1_128' title="bbox 1943 3009 2359 3068">
    <p class='ocr_par' dir='ltr' id='par_1_128' title="bbox 1943 3009 2359 3068">
     <span class='ocr_line' id='line_1_128' title="bbox 1943 3009 2359 3068; baseline -0.007 0"><span class='ocrx_word' id='word_1_527' title='bbox 1943 3013 2115 3068; x_wconf 86' lang='lat' dir='ltr'><strong>minat</strong></span> <span class='ocrx_word' id='word_1_528' title='bbox 2145 3029 2156 3064; x_wconf 91' lang='lat'>:</span> <span class='ocrx_word' id='word_1_529' title='bbox 2184 3019 2238 3067; x_wconf 90' lang='lat' dir='ltr'><strong>et</strong></span> <span class='ocrx_word' id='word_1_530' title='bbox 2266 3009 2359 3066; x_wconf 88' lang='lat' dir='ltr'><strong>ubi</strong></span> 
     </span>
    </p>
   </div>
   <div class='ocr_carea' id='block_1_129' title="bbox 1945 3082 2253 3140">
    <p class='ocr_par' dir='ltr' id='par_1_129' title="bbox 1945 3082 2253 3140">
     <span class='ocr_line' id='line_1_129' title="bbox 1945 3082 2253 3140; baseline -0.01 -1"><span class='ocrx_word' id='word_1_531' title='bbox 1945 3083 2091 3140; x_wconf 86' lang='lat' dir='ltr'><strong>fures</strong></span> <span class='ocrx_word' id='word_1_532' title='bbox 2121 3082 2253 3138; x_wconf 71' lang='lat' dir='ltr'><strong>etio-</strong></span> 
     </span>
    </p>
   </div>
   <div class='ocr_carea' id='block_1_130' title="bbox 1943 3152 2568 3224">
    <p class='ocr_par' dir='ltr' id='par_1_130' title="bbox 1943 3152 2568 3224">
     <span class='ocr_line' id='line_1_130' title="bbox 1943 3152 2568 3224; baseline -0.006 -14"><span class='ocrx_word' id='word_1_533' title='bbox 1943 3155 2116 3221; x_wconf 90' lang='lat' dir='ltr'><strong>diunt,</strong></span> <span class='ocrx_word' id='word_1_534' title='bbox 2145 3164 2198 3209; x_wconf 92' lang='lat' dir='ltr'><strong>et</strong></span> <span class='ocrx_word' id='word_1_535' title='bbox 2219 3152 2467 3208; x_wconf 87' lang='lat' dir='ltr'><strong>furantur</strong></span> <span class='ocrx_word' id='word_1_536' title='bbox 2491 3152 2568 3224; x_wconf 74' lang='grc' dir='ltr'><strong>(ὁ)</strong></span> 
     </span>
    </p>
   </div>
   <div class='ocr_carea' id='block_1_131' title="bbox 1943 3227 2502 3284">
    <p class='ocr_par' dir='ltr' id='par_1_131' title="bbox 1943 3227 2502 3284">
     <span class='ocr_line' id='line_1_131' title="bbox 1943 3227 2502 3284; baseline -0.002 -3"><span class='ocrx_word' id='word_1_537' title='bbox 1943 3227 2032 3284; x_wconf 74' lang='lat'><strong>20.</strong></span> <span class='ocrx_word' id='word_1_538' title='bbox 2077 3227 2502 3282; x_wconf 88' lang='lat' dir='ltr'><strong>Thensaurizate</strong></span> 
     </span>
    </p>
   </div>
   <div class='ocr_carea' id='block_1_132' title="bbox 2417 3323 3083 3416">
    <p class='ocr_par' dir='ltr' id='par_1_132' title="bbox 2417 3323 3083 3416">
     <span class='ocr_line' id='line_1_132' title="bbox 2417 3323 3083 3416; baseline 0.012 -20"><span class='ocrx_word' id='word_1_539' title='bbox 2417 3339 2652 3396; x_wconf 77' lang='lat' dir='ltr'><strong>conax</strong></span> <span class='ocrx_word' id='word_1_540' title='bbox 2693 3323 3083 3416; x_wconf 73' lang='lat' dir='ltr'><strong>BRIXIANUS.</strong></span> 
     </span>
    </p>
   </div>
   <div class='ocr_carea' id='block_1_133' title="bbox 1948 3433 3550 3509">
    <p class='ocr_par' dir='ltr' id='par_1_133' title="bbox 1948 3433 3550 3509">
     <span class='ocr_line' id='line_1_133' title="bbox 1948 3433 3550 3509; baseline 0.007 -20"><span class='ocrx_word' id='word_1_541' title='bbox 1948 3433 2101 3509; x_wconf 85' lang='lat' dir='ltr'><strong>vobis</strong></span> <span class='ocrx_word' id='word_1_542' title='bbox 2157 3441 2374 3509; x_wconf 79' lang='lat' dir='ltr'><strong>peccata</strong></span> <span class='ocrx_word' id='word_1_543' title='bbox 2416 3439 2616 3509; x_wconf 76' lang='lat' dir='ltr'><strong>vestra.</strong></span> <span class='ocrx_word' id='word_1_544' title='bbox 2664 3433 2798 3509; x_wconf 85' lang='lat' dir='ltr'><strong>Cum</strong></span> <span class='ocrx_word' id='word_1_545' title='bbox 2848 3447 3025 3492; x_wconf 86' lang='lat' dir='ltr'><strong>autem</strong></span> <span class='ocrx_word' id='word_1_546' title='bbox 3071 3437 3331 3509; x_wconf 86' lang='lat' dir='ltr'><strong>jejunatis</strong></span> <span class='ocrx_word' id='word_1_547' title='bbox 3381 3445 3550 3500; x_wconf 88' lang='lat' dir='ltr'><strong>nolite</strong></span> 
     </span>
    </p>
   </div>
   <div class='ocr_carea' id='block_1_134' title="bbox 1946 3503 3549 3576">
    <p class='ocr_par' dir='ltr' id='par_1_134' title="bbox 1946 3503 3549 3576">
     <span class='ocr_line' id='line_1_134' title="bbox 1946 3503 3549 3576; baseline 0.007 -16"><span class='ocrx_word' id='word_1_548' title='bbox 1946 3507 2060 3576; x_wconf 76' lang='lat' dir='ltr'><strong>fieri</strong></span> <span class='ocrx_word' id='word_1_549' title='bbox 2139 3507 2277 3560; x_wconf 85' lang='lat' dir='ltr'><strong>sicut</strong></span> <span class='ocrx_word' id='word_1_550' title='bbox 2353 3503 2669 3576; x_wconf 81' lang='lat' dir='ltr'><strong>hypocritae</strong></span> <span class='ocrx_word' id='word_1_551' title='bbox 2722 3505 2903 3564; x_wconf 88' lang='lat' dir='ltr'><strong>tristes</strong></span> <span class='ocrx_word' id='word_1_552' title='bbox 2959 3503 3335 3570; x_wconf 72' lang='lat' dir='ltr'><strong>Exterininant</strong></span> <span class='ocrx_word' id='word_1_553' title='bbox 3403 3517 3549 3570; x_wconf 80' lang='lat' dir='ltr'><strong>enim</strong></span> 
     </span>
    </p>
   </div>
   <div class='ocr_carea' id='block_1_135' title="bbox 1941 3575 3545 3653">
    <p class='ocr_par' dir='ltr' id='par_1_135' title="bbox 1941 3575 3545 3653">
     <span class='ocr_line' id='line_1_135' title="bbox 1941 3575 3545 3653; baseline 0.006 -21"><span class='ocrx_word' id='word_1_554' title='bbox 1941 3575 2109 3653; x_wconf 78' lang='lat' dir='ltr'><strong>facies</strong></span> <span class='ocrx_word' id='word_1_555' title='bbox 2132 3593 2256 3653; x_wconf 84' lang='lat' dir='ltr'><strong>suas</strong></span> <span class='ocrx_word' id='word_1_556' title='bbox 2299 3587 2355 3653; x_wconf 81' lang='lat' dir='ltr'><strong>ut</strong></span> <span class='ocrx_word' id='word_1_557' title='bbox 2387 3575 2622 3653; x_wconf 61' lang='lat' dir='ltr'><strong>pareant</strong></span> <span class='ocrx_word' id='word_1_558' title='bbox 2665 3577 2979 3635; x_wconf 84' lang='lat' dir='ltr'><strong>hominibus</strong></span> <span class='ocrx_word' id='word_1_559' title='bbox 3001 3581 3336 3653; x_wconf 83' lang='lat' dir='ltr'><strong>jejunantes.</strong></span> <span class='ocrx_word' id='word_1_560' title='bbox 3373 3585 3545 3644; x_wconf 80' lang='lat' dir='ltr'><strong>Amen</strong></span> 
     </span>
    </p>
   </div>
   <div class='ocr_carea' id='block_1_136' title="bbox 1952 3647 3545 3720">
    <p class='ocr_par' dir='ltr' id='par_1_136' title="bbox 1952 3647 3545 3720">
     <span class='ocr_line' id='line_1_136' title="bbox 1952 3647 3545 3720; baseline 0.006 -15"><span class='ocrx_word' id='word_1_561' title='bbox 1952 3649 2073 3705; x_wconf 90' lang='lat' dir='ltr'><strong>dico</strong></span> <span class='ocrx_word' id='word_1_562' title='bbox 2113 3650 2286 3704; x_wconf 85' lang='lat' dir='ltr'><strong>vobis.</strong></span> <span class='ocrx_word' id='word_1_563' title='bbox 2332 3647 2407 3720; x_wconf 82' lang='lat' dir='ltr'><strong>(a)</strong></span> <span class='ocrx_word' id='word_1_564' title='bbox 2459 3661 2818 3719; x_wconf 86' lang='lat' dir='ltr'><strong>perceperunt</strong></span> <span class='ocrx_word' id='word_1_565' title='bbox 2874 3647 3182 3710; x_wconf 76' lang='lat' dir='ltr'><strong>mercedem</strong></span> <span class='ocrx_word' id='word_1_566' title='bbox 3235 3671 3407 3711; x_wconf 87' lang='lat' dir='ltr'><strong>suam.</strong></span> <span class='ocrx_word' id='word_1_567' title='bbox 3465 3659 3545 3714; x_wconf 84' lang='lat' dir='ltr'><strong>Tu</strong></span> 
     </span>
    </p>
   </div>
   <div class='ocr_carea' id='block_1_137' title="bbox 1952 3721 3544 3791">
    <p class='ocr_par' dir='ltr' id='par_1_137' title="bbox 1952 3721 3544 3791">
     <span class='ocr_line' id='line_1_137' title="bbox 1952 3721 3544 3791; baseline 0.007 -16"><span class='ocrx_word' id='word_1_568' title='bbox 1952 3733 2134 3776; x_wconf 91' lang='lat' dir='ltr'><strong>autem</strong></span> <span class='ocrx_word' id='word_1_569' title='bbox 2179 3721 2430 3790; x_wconf 81' lang='lat' dir='ltr'><strong>jejunans</strong></span> <span class='ocrx_word' id='word_1_570' title='bbox 2478 3737 2656 3791; x_wconf 81' lang='lat' dir='ltr'><strong>ungue</strong></span> <span class='ocrx_word' id='word_1_571' title='bbox 2687 3731 2848 3790; x_wconf 83' lang='lat' dir='ltr'><strong>caput</strong></span> <span class='ocrx_word' id='word_1_572' title='bbox 2877 3731 3048 3780; x_wconf 88' lang='lat' dir='ltr'><strong>tuum.</strong></span> <span class='ocrx_word' id='word_1_573' title='bbox 3084 3739 3136 3780; x_wconf 89' lang='lat' dir='ltr'><strong>et</strong></span> <span class='ocrx_word' id='word_1_574' title='bbox 3163 3725 3355 3784; x_wconf 78' lang='lat' dir='ltr'><strong>faciem</strong></span> <span class='ocrx_word' id='word_1_575' title='bbox 3401 3741 3544 3786; x_wconf 89' lang='lat' dir='ltr'><strong>tuant</strong></span> 
     </span>
    </p>
   </div>
   <div class='ocr_carea' id='block_1_138' title="bbox 1955 3792 3548 3872">
    <p class='ocr_par' dir='ltr' id='par_1_138' title="bbox 1955 3792 3548 3872">
     <span class='ocr_line' id='line_1_138' title="bbox 1955 3792 3548 3872; baseline 0.008 -26"><span class='ocrx_word' id='word_1_576' title='bbox 1955 3792 2092 3848; x_wconf 82' lang='lat' dir='ltr'><strong>lava.</strong></span> <span class='ocrx_word' id='word_1_577' title='bbox 2132 3799 2188 3872; x_wconf 85' lang='lat' dir='ltr'><strong>u_t</strong></span> <span class='ocrx_word' id='word_1_578' title='bbox 2219 3809 2322 3872; x_wconf 81' lang='lat' dir='ltr'><strong>non</strong></span> <span class='ocrx_word' id='word_1_579' title='bbox 2359 3793 2589 3872; x_wconf 73' lang='lat' dir='ltr'><strong>videaris</strong></span> <span class='ocrx_word' id='word_1_580' title='bbox 2617 3793 2928 3850; x_wconf 86' lang='lat' dir='ltr'><strong>hominibus</strong></span> <span class='ocrx_word' id='word_1_581' title='bbox 2971 3797 3224 3867; x_wconf 81' lang='lat' dir='ltr'><strong>jejunans</strong></span> <span class='ocrx_word' id='word_1_582' title='bbox 3277 3801 3370 3856; x_wconf 89' lang='lat' dir='ltr'><strong>sed</strong></span> <span class='ocrx_word' id='word_1_583' title='bbox 3405 3803 3548 3872; x_wconf 82' lang='lat' dir='ltr'><strong>patri</strong></span> 
     </span>
    </p>
   </div>
   <div class='ocr_carea' id='block_1_139' title="bbox 1956 3863 2666 3934">
    <p class='ocr_par' dir='ltr' id='par_1_139' title="bbox 1956 3863 2666 3934">
     <span class='ocr_line' id='line_1_139' title="bbox 1956 3863 2666 3934; baseline 0 -16"><span class='ocrx_word' id='word_1_584' title='bbox 1956 3875 2044 3918; x_wconf 87' lang='lat' dir='ltr'><strong>tuo</strong></span> <span class='ocrx_word' id='word_1_585' title='bbox 2074 3865 2162 3934; x_wconf 92' lang='lat' dir='ltr'><strong>qui</strong></span> <span class='ocrx_word' id='word_1_586' title='bbox 2187 3871 2268 3918; x_wconf 91' lang='lat' dir='ltr'><strong>est</strong></span> <span class='ocrx_word' id='word_1_587' title='bbox 2297 3863 2349 3916; x_wconf 89' lang='lat' dir='ltr'><strong>in</strong></span> <span class='ocrx_word' id='word_1_588' title='bbox 2381 3864 2666 3918; x_wconf 82' lang='lat' dir='ltr'><strong>absconso.</strong></span> 
     </span>
    </p>
   </div>
   <div class='ocr_carea' id='block_1_140' title="bbox 2027 3935 3539 4003">
    <p class='ocr_par' dir='ltr' id='par_1_140' title="bbox 2027 3935 3539 4003">
     <span class='ocr_line' id='line_1_140' title="bbox 2027 3935 3539 4003; baseline 0.005 -13"><span class='ocrx_word' id='word_1_589' title='bbox 2027 3937 2086 3990; x_wconf 67' lang='lat' dir='ltr'><strong>lit</strong></span> <span class='ocrx_word' id='word_1_590' title='bbox 2117 3935 2274 3988; x_wconf 86' lang='lat' dir='ltr'><strong>Pater</strong></span> <span class='ocrx_word' id='word_1_591' title='bbox 2307 3942 2428 3988; x_wconf 91' lang='lat' dir='ltr'><strong>tuus</strong></span> <span class='ocrx_word' id='word_1_592' title='bbox 2451 3936 2540 4003; x_wconf 87' lang='lat' dir='ltr'><strong>qui</strong></span> <span class='ocrx_word' id='word_1_593' title='bbox 2571 3937 2715 3990; x_wconf 85' lang='lat' dir='ltr'><strong>videt</strong></span> <span class='ocrx_word' id='word_1_594' title='bbox 2775 3937 2824 3989; x_wconf 90' lang='lat' dir='ltr'><strong>in</strong></span> <span class='ocrx_word' id='word_1_595' title='bbox 2869 3937 3158 3994; x_wconf 86' lang='lat' dir='ltr'><strong>absconso.</strong></span> <span class='ocrx_word' id='word_1_596' title='bbox 3190 3941 3379 3997; x_wconf 86' lang='lat' dir='ltr'><strong>reddet</strong></span> <span class='ocrx_word' id='word_1_597' title='bbox 3425 3943 3539 3998; x_wconf 89' lang='lat' dir='ltr'><strong>tibi.</strong></span> 
     </span>
    </p>
   </div>
   <div class='ocr_carea' id='block_1_141' title="bbox 1951 4005 3542 4082">
    <p class='ocr_par' dir='ltr' id='par_1_141' title="bbox 1951 4005 3542 4082">
     <span class='ocr_line' id='line_1_141' title="bbox 1951 4005 3542 4082; baseline 0.005 -21"><span class='ocrx_word' id='word_1_598' title='bbox 1951 4007 2124 4082; x_wconf 76' lang='lat' dir='ltr'><strong>Nolite</strong></span> <span class='ocrx_word' id='word_1_599' title='bbox 2158 4005 2564 4060; x_wconf 83' lang='lat' dir='ltr'><strong>thensaurizare</strong></span> <span class='ocrx_word' id='word_1_600' title='bbox 2592 4007 2745 4082; x_wconf 82' lang='lat' dir='ltr'><strong>vobis</strong></span> <span class='ocrx_word' id='word_1_601' title='bbox 2781 4007 3103 4082; x_wconf 75' lang='lat' dir='ltr'><strong>thensauros</strong></span> <span class='ocrx_word' id='word_1_602' title='bbox 3145 4027 3310 4082; x_wconf 81' lang='lat' dir='ltr'><strong>super</strong></span> <span class='ocrx_word' id='word_1_603' title='bbox 3344 4023 3542 4070; x_wconf 88' lang='lat' dir='ltr'><strong>terram</strong></span> 
     </span>
    </p>
   </div>
   <div class='ocr_carea' id='block_1_142' title="bbox 1952 4077 3544 4148">
    <p class='ocr_par' dir='ltr' id='par_1_142' title="bbox 1952 4077 3544 4148">
     <span class='ocr_line' id='line_1_142' title="bbox 1952 4077 3544 4148; baseline 0.005 -14"><span class='ocrx_word' id='word_1_604' title='bbox 1952 4079 2040 4136; x_wconf 88' lang='lat' dir='ltr'><strong>ubi</strong></span> <span class='ocrx_word' id='word_1_605' title='bbox 2068 4077 2208 4132; x_wconf 87' lang='lat' dir='ltr'><strong>tinea</strong></span> <span class='ocrx_word' id='word_1_606' title='bbox 2241 4089 2294 4132; x_wconf 91' lang='lat' dir='ltr'><strong>et</strong></span> <span class='ocrx_word' id='word_1_607' title='bbox 2324 4093 2489 4148; x_wconf 78' lang='lat' dir='ltr'><strong>erugo</strong></span> <span class='ocrx_word' id='word_1_608' title='bbox 2517 4079 2880 4134; x_wconf 83' lang='lat' dir='ltr'><strong>exterminant</strong></span> <span class='ocrx_word' id='word_1_609' title='bbox 2903 4091 2956 4136; x_wconf 91' lang='lat' dir='ltr'><strong>et</strong></span> <span class='ocrx_word' id='word_1_610' title='bbox 2986 4081 3074 4136; x_wconf 90' lang='lat' dir='ltr'><strong>ubi</strong></span> <span class='ocrx_word' id='word_1_611' title='bbox 3103 4077 3252 4140; x_wconf 79' lang='lat' dir='ltr'><strong>fures</strong></span> <span class='ocrx_word' id='word_1_612' title='bbox 3279 4085 3544 4142; x_wconf 77' lang='lat' dir='ltr'><strong>effodiunt</strong></span> 
     </span>
    </p>
   </div>
   <div class='ocr_carea' id='block_1_143' title="bbox 1949 4147 2386 4221">
    <p class='ocr_par' dir='ltr' id='par_1_143' title="bbox 1949 4147 2386 4221">
     <span class='ocr_line' id='line_1_143' title="bbox 1949 4147 2386 4221; baseline -0.014 -14"><span class='ocrx_word' id='word_1_613' title='bbox 1949 4163 2002 4207; x_wconf 88' lang='lat' dir='ltr'><strong>ct</strong></span> <span class='ocrx_word' id='word_1_614' title='bbox 2029 4147 2386 4221; x_wconf 84' lang='lat' dir='ltr'><strong>furantur</strong></span> 
     </span>
    </p>
   </div>
   <div class='ocr_carea' id='block_1_144' title="bbox 2019 4221 3539 4285">
    <p class='ocr_par' dir='ltr' id='par_1_144' title="bbox 2019 4221 3539 4285">
     <span class='ocr_line' id='line_1_144' title="bbox 2019 4221 3539 4285; baseline 0.005 -7"><span class='ocrx_word' id='word_1_615' title='bbox 2019 4221 2442 4278; x_wconf 70' lang='lat' dir='ltr'><strong>Thensanrizate</strong></span> <span class='ocrx_word' id='word_1_616' title='bbox 2471 4230 2647 4277; x_wconf 62' lang='lat' dir='ltr'><strong>autem</strong></span> <span class='ocrx_word' id='word_1_617' title='bbox 2691 4223 2840 4278; x_wconf 91' lang='lat' dir='ltr'><strong>vobis</strong></span> <span class='ocrx_word' id='word_1_618' title='bbox 2899 4221 3219 4282; x_wconf 86' lang='lat' dir='ltr'><strong>thensauros</strong></span> <span class='ocrx_word' id='word_1_619' title='bbox 3271 4229 3323 4282; x_wconf 91' lang='lat' dir='ltr'><strong>in</strong></span> <span class='ocrx_word' id='word_1_620' title='bbox 3369 4231 3539 4285; x_wconf 88' lang='lat' dir='ltr'><strong>caelo.</strong></span> 
     </span>
    </p>
   </div>
   <div class='ocr_carea' id='block_1_145' title="bbox 1951 4289 3542 4364">
    <p class='ocr_par' dir='ltr' id='par_1_145' title="bbox 1951 4289 3542 4364">
     <span class='ocr_line' id='line_1_145' title="bbox 1951 4289 3542 4364; baseline 0.004 -14"><span class='ocrx_word' id='word_1_621' title='bbox 1951 4289 2038 4350; x_wconf 88' lang='lat' dir='ltr'><strong>ubi</strong></span> <span class='ocrx_word' id='word_1_622' title='bbox 2071 4308 2243 4362; x_wconf 86' lang='lat' dir='ltr'><strong>neque</strong></span> <span class='ocrx_word' id='word_1_623' title='bbox 2275 4296 2412 4364; x_wconf 82' lang='lat' dir='ltr'><strong>tinea</strong></span> <span class='ocrx_word' id='word_1_624' title='bbox 2435 4309 2610 4364; x_wconf 88' lang='lat' dir='ltr'><strong>neque</strong></span> <span class='ocrx_word' id='word_1_625' title='bbox 2641 4310 2805 4364; x_wconf 80' lang='lat' dir='ltr'><strong>erugo</strong></span> <span class='ocrx_word' id='word_1_626' title='bbox 2835 4297 3226 4354; x_wconf 78' lang='lat' dir='ltr'><strong>exterminant.</strong></span> <span class='ocrx_word' id='word_1_627' title='bbox 3257 4313 3307 4354; x_wconf 87' lang='lat' dir='ltr'><strong>et</strong></span> <span class='ocrx_word' id='word_1_628' title='bbox 3338 4303 3426 4356; x_wconf 90' lang='lat' dir='ltr'><strong>ubi</strong></span> <span class='ocrx_word' id='word_1_629' title='bbox 3455 4302 3542 4356; x_wconf 85' lang='lat' dir='ltr'><strong>fu-</strong></span> 
     </span>
    </p>
   </div>
   <div class='ocr_carea' id='block_1_146' title="bbox 1948 4363 3544 4430">
    <p class='ocr_par' dir='ltr' id='par_1_146' title="bbox 1948 4363 3544 4430">
     <span class='ocr_line' id='line_1_146' title="bbox 1948 4363 3544 4430; baseline 0.005 -9"><span class='ocrx_word' id='word_1_630' title='bbox 1948 4381 2036 4422; x_wconf 91' lang='lat' dir='ltr'><strong>res</strong></span> <span class='ocrx_word' id='word_1_631' title='bbox 2087 4379 2193 4419; x_wconf 89' lang='lat' dir='ltr'><strong>non</strong></span> <span class='ocrx_word' id='word_1_632' title='bbox 2271 4363 2536 4420; x_wconf 71' lang='lat' dir='ltr'><strong>effodiunt</strong></span> <span class='ocrx_word' id='word_1_633' title='bbox 2619 4363 2936 4425; x_wconf 74' lang='lat' dir='ltr'><strong>ei‘furantur.</strong></span> <span class='ocrx_word' id='word_1_634' title='bbox 3017 4367 3116 4424; x_wconf 91' lang='lat' dir='ltr'><strong>Ubi</strong></span> <span class='ocrx_word' id='word_1_635' title='bbox 3180 4371 3324 4428; x_wconf 86' lang='lat' dir='ltr'><strong>enim</strong></span> <span class='ocrx_word' id='word_1_636' title='bbox 3381 4375 3544 4430; x_wconf 85' lang='lat' dir='ltr'><strong>fuerit</strong></span> 
     </span>
    </p>
   </div>
   <div class='ocr_carea' id='block_1_147' title="bbox 1951 4437 3466 4510">
    <p class='ocr_par' dir='ltr' id='par_1_147' title="bbox 1951 4437 3466 4510">
     <span class='ocr_line' id='line_1_147' title="bbox 1951 4437 3466 4510; baseline 0.004 -16"><span class='ocrx_word' id='word_1_637' title='bbox 1951 4437 2274 4510; x_wconf 80' lang='lat' dir='ltr'><strong>thensaurus</strong></span> <span class='ocrx_word' id='word_1_638' title='bbox 2303 4445 2501 4492; x_wconf 74' lang='lat' dir='ltr'><strong>vester.</strong></span> <span class='ocrx_word' id='word_1_639' title='bbox 2535 4437 2642 4492; x_wconf 88' lang='lat' dir='ltr'><strong>illic</strong></span> <span class='ocrx_word' id='word_1_640' title='bbox 2673 4437 2748 4510; x_wconf 77' lang='grc' dir='ltr'><strong>(ε)</strong></span> <span class='ocrx_word' id='word_1_641' title='bbox 2778 4441 2882 4494; x_wconf 90' lang='lat' dir='ltr'><strong>erit</strong></span> <span class='ocrx_word' id='word_1_642' title='bbox 2918 4439 2959 4510; x_wconf 67' lang='grc' dir='ltr'><strong>’ί-</strong></span> <span class='ocrx_word' id='word_1_643' title='bbox 2983 4451 3038 4495; x_wconf 90' lang='lat' dir='ltr'><strong>et</strong></span> <span class='ocrx_word' id='word_1_644' title='bbox 3065 4456 3158 4495; x_wconf 92' lang='lat' dir='ltr'><strong>cor</strong></span> <span class='ocrx_word' id='word_1_645' title='bbox 3204 4455 3466 4499; x_wconf 89' lang='lat' dir='ltr'><strong>vestrum.</strong></span> 
     </span>
    </p>
   </div>
   <div class='ocr_carea' id='block_1_148' title="bbox 2019 4509 3540 4582">
    <p class='ocr_par' dir='ltr' id='par_1_148' title="bbox 2019 4509 3540 4582">
     <span class='ocr_line' id='line_1_148' title="bbox 2019 4509 3540 4582; baseline 0.004 -18"><span class='ocrx_word' id='word_1_646' title='bbox 2019 4509 2265 4582; x_wconf 86' lang='lat' dir='ltr'><strong>Lucerna</strong></span> <span class='ocrx_word' id='word_1_647' title='bbox 2295 4513 2538 4578; x_wconf 79' lang='lat' dir='ltr'><strong>corporis</strong></span> <span class='ocrx_word' id='word_1_648' title='bbox 2559 4519 2641 4564; x_wconf 80' lang='lat' dir='ltr'><strong>est</strong></span> <span class='ocrx_word' id='word_1_649' title='bbox 2667 4509 2873 4565; x_wconf 84' lang='lat' dir='ltr'><strong>oculus.</strong></span> <span class='ocrx_word' id='word_1_650' title='bbox 2910 4509 2968 4567; x_wconf 87' lang='lat' dir='ltr'><strong>Si</strong></span> <span class='ocrx_word' id='word_1_651' title='bbox 3007 4528 3138 4582; x_wconf 83' lang='lat' dir='ltr'><strong>ergo</strong></span> <span class='ocrx_word' id='word_1_652' title='bbox 3169 4513 3330 4570; x_wconf 88' lang='lat' dir='ltr'><strong>fuerit</strong></span> <span class='ocrx_word' id='word_1_653' title='bbox 3352 4518 3540 4570; x_wconf 77' lang='lat' dir='ltr'><strong>oculos</strong></span> 
     </span>
    </p>
   </div>
   <div class='ocr_carea' id='block_1_149' title="bbox 1949 4581 3538 4651">
    <p class='ocr_par' dir='ltr' id='par_1_149' title="bbox 1949 4581 3538 4651">
     <span class='ocr_line' id='line_1_149' title="bbox 1949 4581 3538 4651; baseline 0.006 -17"><span class='ocrx_word' id='word_1_654' title='bbox 1949 4590 2073 4635; x_wconf 89' lang='lat' dir='ltr'><strong>tuus</strong></span> <span class='ocrx_word' id='word_1_655' title='bbox 2100 4581 2350 4648; x_wconf 73' lang='lat' dir='ltr'><strong>simplex.</strong></span> <span class='ocrx_word' id='word_1_656' title='bbox 2402 4591 2568 4636; x_wconf 87' lang='lat' dir='ltr'><strong>totum</strong></span> <span class='ocrx_word' id='word_1_657' title='bbox 2622 4597 2817 4651; x_wconf 89' lang='lat' dir='ltr'><strong>corpus</strong></span> <span class='ocrx_word' id='word_1_658' title='bbox 2849 4595 2995 4638; x_wconf 87' lang='lat' dir='ltr'><strong>tnntn</strong></span> <span class='ocrx_word' id='word_1_659' title='bbox 3031 4581 3263 4639; x_wconf 78' lang='lat' dir='ltr'><strong>lucidum</strong></span> <span class='ocrx_word' id='word_1_660' title='bbox 3310 4588 3429 4642; x_wconf 89' lang='lat' dir='ltr'><strong>erit.</strong></span> <span class='ocrx_word' id='word_1_661' title='bbox 3479 4587 3538 4644; x_wconf 87' lang='lat' dir='ltr'><strong>Si</strong></span> 
     </span>
    </p>
   </div>
   <div class='ocr_carea' id='block_1_150' title="bbox 1946 4653 3535 4728">
    <p class='ocr_par' dir='ltr' id='par_1_150' title="bbox 1946 4653 3535 4728">
     <span class='ocr_line' id='line_1_150' title="bbox 1946 4653 3535 4728; baseline 0.004 -22"><span class='ocrx_word' id='word_1_662' title='bbox 1946 4663 2123 4728; x_wconf 80' lang='lat' dir='ltr'><strong>autem</strong></span> <span class='ocrx_word' id='word_1_663' title='bbox 2148 4653 2334 4706; x_wconf 85' lang='lat' dir='ltr'><strong>oculus</strong></span> <span class='ocrx_word' id='word_1_664' title='bbox 2357 4662 2478 4728; x_wconf 86' lang='lat' dir='ltr'><strong>tuus</strong></span> <span class='ocrx_word' id='word_1_665' title='bbox 2485 4669 2734 4728; x_wconf 49' lang='lat' dir='ltr'><strong>iiequant</strong></span> <span class='ocrx_word' id='word_1_666' title='bbox 2752 4655 2940 4726; x_wconf 73' lang='lat' dir='ltr'><strong>fuerit.</strong></span> <span class='ocrx_word' id='word_1_667' title='bbox 2975 4663 3142 4710; x_wconf 89' lang='lat' dir='ltr'><strong>totum</strong></span> <span class='ocrx_word' id='word_1_668' title='bbox 3166 4673 3360 4728; x_wconf 87' lang='lat' dir='ltr'><strong>corpus</strong></span> <span class='ocrx_word' id='word_1_669' title='bbox 3385 4667 3535 4713; x_wconf 88' lang='lat' dir='ltr'><strong>tuum</strong></span> 
     </span>
    </p>
   </div>
   <div class='ocr_carea' id='block_1_151' title="bbox 1951 4723 3538 4797">
    <p class='ocr_par' dir='ltr' id='par_1_151' title="bbox 1951 4723 3538 4797">
     <span class='ocr_line' id='line_1_151' title="bbox 1951 4723 3538 4797; baseline 0.005 -18"><span class='ocrx_word' id='word_1_670' title='bbox 1951 4723 2294 4797; x_wconf 82' lang='lat' dir='ltr'><strong>tenebrusmn</strong></span> <span class='ocrx_word' id='word_1_671' title='bbox 2324 4727 2444 4778; x_wconf 84' lang='lat' dir='ltr'><strong>erit.</strong></span> <span class='ocrx_word' id='word_1_672' title='bbox 2479 4724 2692 4797; x_wconf 79' lang='lat' dir='ltr'><strong>Siergo</strong></span> <span class='ocrx_word' id='word_1_673' title='bbox 2723 4723 2902 4781; x_wconf 84' lang='lat' dir='ltr'><strong>lumen</strong></span> <span class='ocrx_word' id='word_1_674' title='bbox 2933 4728 3074 4797; x_wconf 85' lang='lat' dir='ltr'><strong>quod</strong></span> <span class='ocrx_word' id='word_1_675' title='bbox 3101 4729 3152 4782; x_wconf 89' lang='lat' dir='ltr'><strong>in</strong></span> <span class='ocrx_word' id='word_1_676' title='bbox 3179 4737 3229 4785; x_wconf 91' lang='lat' dir='ltr'><strong>te</strong></span> <span class='ocrx_word' id='word_1_677' title='bbox 3255 4723 3357 4784; x_wconf 79' lang='lat' dir='ltr'><strong>est.</strong></span> <span class='ocrx_word' id='word_1_678' title='bbox 3387 4739 3538 4787; x_wconf 83' lang='lat' dir='ltr'><strong>tene-</strong></span> 
     </span>
    </p>
   </div>
   <div class='ocr_carea' id='block_1_152' title="bbox 1947 4796 3102 4866">
    <p class='ocr_par' dir='ltr' id='par_1_152' title="bbox 1947 4796 3102 4866">
     <span class='ocr_line' id='line_1_152' title="bbox 1947 4796 3102 4866; baseline 0 -14"><span class='ocrx_word' id='word_1_679' title='bbox 1947 4796 2078 4852; x_wconf 87' lang='lat' dir='ltr'><strong>brae</strong></span> <span class='ocrx_word' id='word_1_680' title='bbox 2102 4803 2245 4850; x_wconf 86' lang='lat' dir='ltr'><strong>sunt.</strong></span> <span class='ocrx_word' id='word_1_681' title='bbox 2275 4797 2386 4863; x_wconf 82' lang='lat' dir='ltr'><strong>ipse</strong></span> <span class='ocrx_word' id='word_1_682' title='bbox 2419 4796 2672 4852; x_wconf 83' lang='lat' dir='ltr'><strong>tenebrae</strong></span> <span class='ocrx_word' id='word_1_683' title='bbox 2699 4807 2928 4866; x_wconf 83' lang='lat' dir='ltr'><strong>quantae</strong></span> <span class='ocrx_word' id='word_1_684' title='bbox 2951 4796 3102 4853; x_wconf 63' lang='lat' dir='ltr'><strong>Sunt.</strong></span> 
     </span>
    </p>
   </div>
   <div class='ocr_carea' id='block_1_153' title="bbox 2021 4867 3536 4939">
    <p class='ocr_par' dir='ltr' id='par_1_153' title="bbox 2021 4867 3536 4939">
     <span class='ocr_line' id='line_1_153' title="bbox 2021 4867 3536 4939; baseline 0.006 -17"><span class='ocrx_word' id='word_1_685' title='bbox 2021 4867 2188 4922; x_wconf 86' lang='lat' dir='ltr'><strong>Nemo</strong></span> <span class='ocrx_word' id='word_1_686' title='bbox 2231 4879 2407 4939; x_wconf 84' lang='lat' dir='ltr'><strong>petest</strong></span> <span class='ocrx_word' id='word_1_687' title='bbox 2439 4869 2647 4923; x_wconf 85' lang='lat' dir='ltr'><strong>duobus</strong></span> <span class='ocrx_word' id='word_1_688' title='bbox 2690 4869 2922 4932; x_wconf 83' lang='lat' dir='ltr'><strong>dominis</strong></span> <span class='ocrx_word' id='word_1_689' title='bbox 2969 4873 3195 4926; x_wconf 88' lang='lat' dir='ltr'><strong>servire.</strong></span> <span class='ocrx_word' id='word_1_690' title='bbox 3247 4883 3342 4927; x_wconf 92' lang='lat' dir='ltr'><strong>aut</strong></span> <span class='ocrx_word' id='word_1_691' title='bbox 3389 4873 3536 4932; x_wconf 89' lang='lat' dir='ltr'><strong>enim</strong></span> 
     </span>
    </p>
   </div>
   <div class='ocr_carea' id='block_1_154' title="bbox 1947 4939 3536 5010">
    <p class='ocr_par' dir='ltr' id='par_1_154' title="bbox 1947 4939 3536 5010">
     <span class='ocr_line' id='line_1_154' title="bbox 1947 4939 3536 5010; baseline 0.006 -17"><span class='ocrx_word' id='word_1_692' title='bbox 1947 4955 2117 4994; x_wconf 89' lang='lat' dir='ltr'><strong>unum</strong></span> <span class='ocrx_word' id='word_1_693' title='bbox 2145 4939 2313 4994; x_wconf 88' lang='lat' dir='ltr'><strong>odiet.</strong></span> <span class='ocrx_word' id='word_1_694' title='bbox 2347 4949 2401 4994; x_wconf 93' lang='lat' dir='ltr'><strong>et</strong></span> <span class='ocrx_word' id='word_1_695' title='bbox 2427 4939 2655 4994; x_wconf 82' lang='lat' dir='ltr'><strong>alterum</strong></span> <span class='ocrx_word' id='word_1_696' title='bbox 2683 4939 2889 5010; x_wconf 82' lang='lat' dir='ltr'><strong>diliget.</strong></span> <span class='ocrx_word' id='word_1_697' title='bbox 2923 4952 3018 4996; x_wconf 90' lang='lat' dir='ltr'><strong>aut</strong></span> <span class='ocrx_word' id='word_1_698' title='bbox 3061 4958 3167 4998; x_wconf 89' lang='lat' dir='ltr'><strong>uno</strong></span> <span class='ocrx_word' id='word_1_699' title='bbox 3206 4943 3446 5002; x_wconf 89' lang='lat' dir='ltr'><strong>obcdiet.</strong></span> <span class='ocrx_word' id='word_1_700' title='bbox 3480 4956 3536 5003; x_wconf 89' lang='lat' dir='ltr'><strong>et</strong></span> 
     </span>
    </p>
   </div>
   <div class='ocr_carea' id='block_1_155' title="bbox 1945 5011 3267 5080">
    <p class='ocr_par' dir='ltr' id='par_1_155' title="bbox 1945 5011 3267 5080">
     <span class='ocr_line' id='line_1_155' title="bbox 1945 5011 3267 5080; baseline 0.005 -14"><span class='ocrx_word' id='word_1_701' title='bbox 1945 5012 2176 5068; x_wconf 86' lang='lat' dir='ltr'><strong>alterum</strong></span> <span class='ocrx_word' id='word_1_702' title='bbox 2197 5011 2510 5068; x_wconf 86' lang='lat' dir='ltr'><strong>contemnit.</strong></span> <span class='ocrx_word' id='word_1_703' title='bbox 2539 5011 2652 5068; x_wconf 88' lang='lat' dir='ltr'><strong>Non</strong></span> <span class='ocrx_word' id='word_1_704' title='bbox 2677 5015 2898 5080; x_wconf 85' lang='lat' dir='ltr'><strong>potestis</strong></span> <span class='ocrx_word' id='word_1_705' title='bbox 2923 5014 3035 5070; x_wconf 87' lang='lat' dir='ltr'><strong>Deo</strong></span> <span class='ocrx_word' id='word_1_706' title='bbox 3059 5016 3267 5072; x_wconf 88' lang='lat' dir='ltr'><strong>servire</strong></span> 
     </span>
    </p>
   </div>
   <div class='ocr_carea' id='block_1_156' title="bbox 2812 1008 3179 1076">
    <p class='ocr_par' dir='ltr' id='par_1_156' title="bbox 2812 1008 3179 1076">
     <span class='ocr_line' id='line_1_156' title="bbox 2812 1008 3179 1076; baseline 0.011 -12"><span class='ocrx_word' id='word_1_707' title='bbox 2812 1008 3094 1076; x_wconf 77' lang='lat' dir='ltr'><strong>effodiunt,</strong></span> <span class='ocrx_word' id='word_1_708' title='bbox 3127 1023 3179 1068; x_wconf 90' lang='lat' dir='ltr'><strong>et</strong></span> 
     </span>
    </p>
   </div>
   <div class='ocr_carea' id='block_1_157' title="bbox 2810 1079 3339 1142">
    <p class='ocr_par' dir='ltr' id='par_1_157' title="bbox 2810 1079 3339 1142">
     <span class='ocr_line' id='line_1_157' title="bbox 2810 1079 3339 1142; baseline 0.017 -8"><span class='ocrx_word' id='word_1_709' title='bbox 2810 1079 2902 1135; x_wconf 74' lang='lat'><strong>‘21.</strong></span> <span class='ocrx_word' id='word_1_710' title='bbox 2944 1081 3205 1138; x_wconf 88' lang='lat' dir='ltr'><strong>furantur.</strong></span> <span class='ocrx_word' id='word_1_711' title='bbox 3237 1083 3339 1142; x_wconf 84' lang='lat' dir='ltr'><strong>Ubi</strong></span> 
     </span>
    </p>
   </div>
   <div class='ocr_carea' id='block_1_158' title="bbox 2814 1152 3324 1212">
    <p class='ocr_par' dir='ltr' id='par_1_158' title="bbox 2814 1152 3324 1212">
     <span class='ocr_line' id='line_1_158' title="bbox 2814 1152 3324 1212; baseline 0.008 -4"><span class='ocrx_word' id='word_1_712' title='bbox 2814 1153 2956 1208; x_wconf 87' lang='lat' dir='ltr'><strong>enim</strong></span> <span class='ocrx_word' id='word_1_713' title='bbox 2983 1152 3139 1209; x_wconf 87' lang='lat' dir='ltr'><strong>fuerit</strong></span> <span class='ocrx_word' id='word_1_714' title='bbox 3169 1153 3324 1212; x_wconf 86' lang='lat' dir='ltr'><strong>then-</strong></span> 
     </span>
    </p>
   </div>
   <div class='ocr_carea' id='block_1_159' title="bbox 2813 1234 3178 1290">
    <p class='ocr_par' dir='ltr' id='par_1_159' title="bbox 2813 1234 3178 1290">
     <span class='ocr_line' id='line_1_159' title="bbox 2813 1234 3178 1290; baseline 0.005 -12"><span class='ocrx_word' id='word_1_715' title='bbox 2813 1239 3006 1278; x_wconf 87' lang='lat' dir='ltr'><strong>saurus</strong></span> <span class='ocrx_word' id='word_1_716' title='bbox 3035 1234 3178 1290; x_wconf 84' lang='lat' dir='ltr'><strong>tuus,</strong></span> 
     </span>
    </p>
   </div>
   <div class='ocr_carea' id='block_1_160' title="bbox 2815 1293 3385 1368">
    <p class='ocr_par' dir='ltr' id='par_1_160' title="bbox 2815 1293 3385 1368">
     <span class='ocr_line' id='line_1_160' title="bbox 2815 1293 3385 1368; baseline 0.016 -19"><span class='ocrx_word' id='word_1_717' title='bbox 2815 1295 2886 1349; x_wconf 87' lang='lat' dir='ltr'><strong>ibi</strong></span> <span class='ocrx_word' id='word_1_718' title='bbox 2919 1293 2990 1366; x_wconf 80' lang='grc' dir='ltr'><strong>(ε)</strong></span> <span class='ocrx_word' id='word_1_719' title='bbox 3022 1297 3124 1352; x_wconf 92' lang='lat' dir='ltr'><strong>erit</strong></span> <span class='ocrx_word' id='word_1_720' title='bbox 3144 1297 3185 1368; x_wconf 57' lang='grc' dir='ltr'>’ξι</span> <span class='ocrx_word' id='word_1_721' title='bbox 3206 1311 3258 1356; x_wconf 88' lang='lat' dir='ltr'><strong>et</strong></span> <span class='ocrx_word' id='word_1_722' title='bbox 3289 1316 3385 1358; x_wconf 87' lang='lat' dir='ltr'><strong>cor</strong></span> 
     </span>
    </p>
   </div>
   <div class='ocr_carea' id='block_1_161' title="bbox 2815 1376 2986 1422">
    <p class='ocr_par' dir='ltr' id='par_1_161' title="bbox 2815 1376 2986 1422">
     <span class='ocr_line' id='line_1_161' title="bbox 2815 1376 2986 1422; baseline 0 -2"><span class='ocrx_word' id='word_1_723' title='bbox 2815 1376 2986 1422; x_wconf 90' lang='lat' dir='ltr'><strong>tuum.</strong></span> 
     </span>
    </p>
   </div>
   <div class='ocr_carea' id='block_1_162' title="bbox 2808 1437 3456 1514">
    <p class='ocr_par' dir='ltr' id='par_1_162' title="bbox 2808 1437 3456 1514">
     <span class='ocr_line' id='line_1_162' title="bbox 2808 1437 3456 1514; baseline 0.017 -23"><span class='ocrx_word' id='word_1_724' title='bbox 2808 1437 2900 1514; x_wconf 72' lang='lat'><strong>22.</strong></span> <span class='ocrx_word' id='word_1_725' title='bbox 2936 1438 3180 1514; x_wconf 88' lang='lat' dir='ltr'><strong>Lucerna</strong></span> <span class='ocrx_word' id='word_1_726' title='bbox 3211 1443 3456 1514; x_wconf 84' lang='lat' dir='ltr'><strong>corporis</strong></span> 
     </span>
    </p>
   </div>
   <div class='ocr_carea' id='block_1_163' title="bbox 2805 1510 3387 1571">
    <p class='ocr_par' dir='ltr' id='par_1_163' title="bbox 2805 1510 3387 1571">
     <span class='ocr_line' id='line_1_163' title="bbox 2805 1510 3387 1571; baseline 0.017 -10"><span class='ocrx_word' id='word_1_727' title='bbox 2805 1510 2884 1564; x_wconf 89' lang='lat' dir='ltr'><strong>tni</strong></span> <span class='ocrx_word' id='word_1_728' title='bbox 2914 1520 2999 1565; x_wconf 88' lang='lat' dir='ltr'><strong>est</strong></span> <span class='ocrx_word' id='word_1_729' title='bbox 3026 1513 3212 1569; x_wconf 89' lang='lat' dir='ltr'><strong>oculus</strong></span> <span class='ocrx_word' id='word_1_730' title='bbox 3243 1510 3387 1571; x_wconf 80' lang='lat' dir='ltr'><strong>tuus.</strong></span> 
     </span>
    </p>
   </div>
   <div class='ocr_carea' id='block_1_164' title="bbox 2802 1580 3390 1644">
    <p class='ocr_par' dir='ltr' id='par_1_164' title="bbox 2802 1580 3390 1644">
     <span class='ocr_line' id='line_1_164' title="bbox 2802 1580 3390 1644; baseline 0.019 -10"><span class='ocrx_word' id='word_1_731' title='bbox 2802 1580 2894 1636; x_wconf 73' lang='grc'><strong>25.</strong></span> <span class='ocrx_word' id='word_1_732' title='bbox 2932 1583 2986 1639; x_wconf 88' lang='lat' dir='ltr'><strong>Si</strong></span> <span class='ocrx_word' id='word_1_733' title='bbox 3022 1585 3168 1640; x_wconf 89' lang='lat' dir='ltr'><strong>enim</strong></span> <span class='ocrx_word' id='word_1_734' title='bbox 3202 1589 3390 1644; x_wconf 90' lang='lat' dir='ltr'><strong>oculus</strong></span> 
     </span>
    </p>
   </div>
   <div class='ocr_carea' id='block_1_165' title="bbox 2803 1655 3202 1726">
    <p class='ocr_par' dir='ltr' id='par_1_165' title="bbox 2803 1655 3202 1726">
     <span class='ocr_line' id='line_1_165' title="bbox 2803 1655 3202 1726; baseline 0.018 -20"><span class='ocrx_word' id='word_1_735' title='bbox 2803 1661 2926 1726; x_wconf 79' lang='lat' dir='ltr'><strong>tuus</strong></span> <span class='ocrx_word' id='word_1_736' title='bbox 2973 1655 3202 1726; x_wconf 84' lang='lat' dir='ltr'><strong>simplex</strong></span> 
     </span>
    </p>
   </div>
   <div class='ocr_carea' id='block_1_166' title="bbox 2801 1723 3186 1790">
    <p class='ocr_par' dir='ltr' id='par_1_166' title="bbox 2801 1723 3186 1790">
     <span class='ocr_line' id='line_1_166' title="bbox 2801 1723 3186 1790; baseline 0.013 -12"><span class='ocrx_word' id='word_1_737' title='bbox 2801 1723 2987 1790; x_wconf 86' lang='lat' dir='ltr'><strong>fuerit,</strong></span> <span class='ocrx_word' id='word_1_738' title='bbox 3018 1723 3186 1782; x_wconf 83' lang='lat' dir='ltr'><strong>totum</strong></span> 
     </span>
    </p>
   </div>
   <div class='ocr_carea' id='block_1_167' title="bbox 2804 1802 3338 1867">
    <p class='ocr_par' dir='ltr' id='par_1_167' title="bbox 2804 1802 3338 1867">
     <span class='ocr_line' id='line_1_167' title="bbox 2804 1802 3338 1867; baseline 0.015 -16"><span class='ocrx_word' id='word_1_739' title='bbox 2804 1811 3000 1867; x_wconf 87' lang='lat' dir='ltr'><strong>corpus</strong></span> <span class='ocrx_word' id='word_1_740' title='bbox 3027 1805 3178 1855; x_wconf 90' lang='lat' dir='ltr'><strong>tuum</strong></span> <span class='ocrx_word' id='word_1_741' title='bbox 3207 1802 3338 1859; x_wconf 86' lang='lat' dir='ltr'><strong>luci-</strong></span> 
     </span>
    </p>
   </div>
   <div class='ocr_carea' id='block_1_168' title="bbox 2801 1868 3299 1930">
    <p class='ocr_par' dir='ltr' id='par_1_168' title="bbox 2801 1868 3299 1930">
     <span class='ocr_line' id='line_1_168' title="bbox 2801 1868 3299 1930; baseline 0.014 -8"><span class='ocrx_word' id='word_1_742' title='bbox 2801 1868 2928 1923; x_wconf 89' lang='lat' dir='ltr'><strong>dum</strong></span> <span class='ocrx_word' id='word_1_743' title='bbox 2955 1870 3082 1924; x_wconf 90' lang='lat' dir='ltr'><strong>erit.</strong></span> <span class='ocrx_word' id='word_1_744' title='bbox 3115 1872 3171 1926; x_wconf 91' lang='lat' dir='ltr'><strong>Si</strong></span> <span class='ocrx_word' id='word_1_745' title='bbox 3201 1890 3299 1930; x_wconf 83' lang='lat' dir='ltr'><strong>au-</strong></span> 
     </span>
    </p>
   </div>
   <div class='ocr_carea' id='block_1_169' title="bbox 2803 1941 3276 2001">
    <p class='ocr_par' dir='ltr' id='par_1_169' title="bbox 2803 1941 3276 2001">
     <span class='ocr_line' id='line_1_169' title="bbox 2803 1941 3276 2001; baseline 0.015 -7"><span class='ocrx_word' id='word_1_746' title='bbox 2803 1947 2909 1994; x_wconf 89' lang='lat' dir='ltr'><strong>tem</strong></span> <span class='ocrx_word' id='word_1_747' title='bbox 2933 1941 3123 1996; x_wconf 90' lang='lat' dir='ltr'><strong>oculus</strong></span> <span class='ocrx_word' id='word_1_748' title='bbox 3155 1953 3276 2001; x_wconf 90' lang='lat' dir='ltr'><strong>tuus</strong></span> 
     </span>
    </p>
   </div>
   <div class='ocr_carea' id='block_1_170' title="bbox 2799 2011 3197 2086">
    <p class='ocr_par' dir='ltr' id='par_1_170' title="bbox 2799 2011 3197 2086">
     <span class='ocr_line' id='line_1_170' title="bbox 2799 2011 3197 2086; baseline 0.013 -20"><span class='ocrx_word' id='word_1_749' title='bbox 2799 2027 2974 2083; x_wconf 88' lang='lat' dir='ltr'><strong>nequa</strong></span> <span class='ocrx_word' id='word_1_750' title='bbox 3001 2011 3197 2086; x_wconf 54' lang='lat' dir='ltr'><strong>fuerit;</strong></span> 
     </span>
    </p>
   </div>
   <div class='ocr_carea' id='block_1_171' title="bbox 2800 2089 3371 2154">
    <p class='ocr_par' dir='ltr' id='par_1_171' title="bbox 2800 2089 3371 2154">
     <span class='ocr_line' id='line_1_171' title="bbox 2800 2089 3371 2154; baseline 0.018 -19"><span class='ocrx_word' id='word_1_751' title='bbox 2800 2089 2971 2139; x_wconf 76' lang='grc' dir='ltr'>ιοιιιιι]</span> <span class='ocrx_word' id='word_1_752' title='bbox 2997 2102 3195 2154; x_wconf 86' lang='lat' dir='ltr'><strong>corpus</strong></span> <span class='ocrx_word' id='word_1_753' title='bbox 3226 2099 3371 2144; x_wconf 88' lang='lat' dir='ltr'><strong>tuum</strong></span> 
     </span>
    </p>
   </div>
   <div class='ocr_carea' id='block_1_172' title="bbox 2801 2156 3276 2215">
    <p class='ocr_par' dir='ltr' id='par_1_172' title="bbox 2801 2156 3276 2215">
     <span class='ocr_line' id='line_1_172' title="bbox 2801 2156 3276 2215; baseline 0.015 -7"><span class='ocrx_word' id='word_1_754' title='bbox 2801 2156 3150 2211; x_wconf 78' lang='lat' dir='ltr'><strong>tenebrosum</strong></span> <span class='ocrx_word' id='word_1_755' title='bbox 3175 2171 3276 2215; x_wconf 90' lang='lat' dir='ltr'><strong>est.</strong></span> 
     </span>
    </p>
   </div>
   <div class='ocr_carea' id='block_1_173' title="bbox 2798 2224 3263 2298">
    <p class='ocr_par' dir='ltr' id='par_1_173' title="bbox 2798 2224 3263 2298">
     <span class='ocr_line' id='line_1_173' title="bbox 2798 2224 3263 2298; baseline 0.009 -16"><span class='ocrx_word' id='word_1_756' title='bbox 2798 2224 2856 2282; x_wconf 89' lang='lat' dir='ltr'><strong>Si</strong></span> <span class='ocrx_word' id='word_1_757' title='bbox 2883 2242 3014 2298; x_wconf 73' lang='lat' dir='ltr'><strong>ergo</strong></span> <span class='ocrx_word' id='word_1_758' title='bbox 3045 2228 3226 2286; x_wconf 88' lang='lat' dir='ltr'><strong>lumen</strong></span> <span class='ocrx_word' id='word_1_759' title='bbox 3249 2272 3263 2298; x_wconf 90' lang='lat'><strong>,</strong></span> 
     </span>
    </p>
   </div>
   <div class='ocr_carea' id='block_1_174' title="bbox 2795 2298 3242 2368">
    <p class='ocr_par' dir='ltr' id='par_1_174' title="bbox 2795 2298 3242 2368">
     <span class='ocr_line' id='line_1_174' title="bbox 2795 2298 3242 2368; baseline 0.016 -17"><span class='ocrx_word' id='word_1_760' title='bbox 2795 2298 2938 2368; x_wconf 89' lang='lat' dir='ltr'><strong>quod</strong></span> <span class='ocrx_word' id='word_1_761' title='bbox 2971 2301 3024 2353; x_wconf 89' lang='lat' dir='ltr'><strong>in</strong></span> <span class='ocrx_word' id='word_1_762' title='bbox 3057 2309 3108 2354; x_wconf 91' lang='lat' dir='ltr'><strong>te</strong></span> <span class='ocrx_word' id='word_1_763' title='bbox 3138 2313 3242 2368; x_wconf 90' lang='lat' dir='ltr'><strong>est,</strong></span> 
     </span>
    </p>
   </div>
   <div class='ocr_carea' id='block_1_175' title="bbox 2797 2369 3234 2428">
    <p class='ocr_par' dir='ltr' id='par_1_175' title="bbox 2797 2369 3234 2428">
     <span class='ocr_line' id='line_1_175' title="bbox 2797 2369 3234 2428; baseline 0.009 -4"><span class='ocrx_word' id='word_1_764' title='bbox 2797 2369 3054 2426; x_wconf 85' lang='lat' dir='ltr'><strong>tenebrae</strong></span> <span class='ocrx_word' id='word_1_765' title='bbox 3069 2381 3194 2428; x_wconf 90' lang='lat' dir='ltr'><strong>sunt</strong></span> <span class='ocrx_word' id='word_1_766' title='bbox 3220 2392 3234 2428; x_wconf 91' lang='lat'><strong>:</strong></span> 
     </span>
    </p>
   </div>
   <div class='ocr_carea' id='block_1_176' title="bbox 2795 2441 3196 2511">
    <p class='ocr_par' dir='ltr' id='par_1_176' title="bbox 2795 2441 3196 2511">
     <span class='ocr_line' id='line_1_176' title="bbox 2795 2441 3196 2511; baseline 0.012 -16"><span class='ocrx_word' id='word_1_767' title='bbox 2795 2441 2912 2511; x_wconf 89' lang='lat' dir='ltr'><strong>ipse</strong></span> <span class='ocrx_word' id='word_1_768' title='bbox 2938 2443 3196 2500; x_wconf 87' lang='lat' dir='ltr'><strong>tenebrae</strong></span> 
     </span>
    </p>
   </div>
   <div class='ocr_carea' id='block_1_177' title="bbox 2790 2517 3198 2582">
    <p class='ocr_par' dir='ltr' id='par_1_177' title="bbox 2790 2517 3198 2582">
     <span class='ocr_line' id='line_1_177' title="bbox 2790 2517 3198 2582; baseline 0.012 -17"><span class='ocrx_word' id='word_1_769' title='bbox 2790 2526 3024 2582; x_wconf 90' lang='lat' dir='ltr'><strong>quantae</strong></span> <span class='ocrx_word' id='word_1_770' title='bbox 3039 2517 3198 2570; x_wconf 88' lang='lat' dir='ltr'><strong>sunt?</strong></span> 
     </span>
    </p>
   </div>
   <div class='ocr_carea' id='block_1_178' title="bbox 2791 2583 3283 2656">
    <p class='ocr_par' dir='ltr' id='par_1_178' title="bbox 2791 2583 3283 2656">
     <span class='ocr_line' id='line_1_178' title="bbox 2791 2583 3283 2656; baseline 0.018 -18"><span class='ocrx_word' id='word_1_771' title='bbox 2791 2583 2884 2656; x_wconf 65' lang='lat'><strong>24.</strong></span> <span class='ocrx_word' id='word_1_772' title='bbox 2915 2585 3083 2640; x_wconf 83' lang='lat' dir='ltr'><strong>Nemo</strong></span> <span class='ocrx_word' id='word_1_773' title='bbox 3107 2597 3283 2656; x_wconf 91' lang='lat' dir='ltr'><strong>potest</strong></span> 
     </span>
    </p>
   </div>
   <div class='ocr_carea' id='block_1_179' title="bbox 2793 2655 3201 2714">
    <p class='ocr_par' dir='ltr' id='par_1_179' title="bbox 2793 2655 3201 2714">
     <span class='ocr_line' id='line_1_179' title="bbox 2793 2655 3201 2714; baseline 0.01 -4"><span class='ocrx_word' id='word_1_774' title='bbox 2793 2655 3007 2712; x_wconf 90' lang='lat' dir='ltr'><strong>duobus</strong></span> <span class='ocrx_word' id='word_1_775' title='bbox 3028 2655 3201 2714; x_wconf 84' lang='lat' dir='ltr'><strong>domi-</strong></span> 
     </span>
    </p>
   </div>
   <div class='ocr_carea' id='block_1_180' title="bbox 2794 2727 3161 2786">
    <p class='ocr_par' dir='ltr' id='par_1_180' title="bbox 2794 2727 3161 2786">
     <span class='ocr_line' id='line_1_180' title="bbox 2794 2727 3161 2786; baseline 0.011 -6"><span class='ocrx_word' id='word_1_776' title='bbox 2794 2727 2876 2782; x_wconf 89' lang='lat' dir='ltr'><strong>nis</strong></span> <span class='ocrx_word' id='word_1_777' title='bbox 2906 2728 3118 2786; x_wconf 90' lang='lat' dir='ltr'><strong>servire</strong></span> <span class='ocrx_word' id='word_1_778' title='bbox 3149 2749 3161 2784; x_wconf 93' lang='lat'><strong>:</strong></span> 
     </span>
    </p>
   </div>
   <div class='ocr_carea' id='block_1_181' title="bbox 2788 2801 3266 2868">
    <p class='ocr_par' dir='ltr' id='par_1_181' title="bbox 2788 2801 3266 2868">
     <span class='ocr_line' id='line_1_181' title="bbox 2788 2801 3266 2868; baseline 0.01 -17"><span class='ocrx_word' id='word_1_779' title='bbox 2788 2806 2882 2852; x_wconf 90' lang='lat' dir='ltr'><strong>aut</strong></span> <span class='ocrx_word' id='word_1_780' title='bbox 2907 2815 3074 2853; x_wconf 90' lang='lat' dir='ltr'><strong>unum</strong></span> <span class='ocrx_word' id='word_1_781' title='bbox 3099 2801 3266 2868; x_wconf 90' lang='lat' dir='ltr'><strong>odiet,</strong></span> 
     </span>
    </p>
   </div>
   <div class='ocr_carea' id='block_1_182' title="bbox 2787 2870 3363 2929">
    <p class='ocr_par' dir='ltr' id='par_1_182' title="bbox 2787 2870 3363 2929">
     <span class='ocr_line' id='line_1_182' title="bbox 2787 2870 3363 2929; baseline 0.009 -4"><span class='ocrx_word' id='word_1_782' title='bbox 2787 2878 2842 2925; x_wconf 90' lang='lat' dir='ltr'><strong>et</strong></span> <span class='ocrx_word' id='word_1_783' title='bbox 2861 2870 3090 2924; x_wconf 88' lang='lat' dir='ltr'><strong>alterum</strong></span> <span class='ocrx_word' id='word_1_784' title='bbox 3113 2875 3320 2929; x_wconf 90' lang='lat' dir='ltr'><strong>amavit</strong></span> <span class='ocrx_word' id='word_1_785' title='bbox 3351 2893 3363 2929; x_wconf 89' lang='lat'><strong>:</strong></span> 
     </span>
    </p>
   </div>
   <div class='ocr_carea' id='block_1_183' title="bbox 2787 2945 3410 3014">
    <p class='ocr_par' dir='ltr' id='par_1_183' title="bbox 2787 2945 3410 3014">
     <span class='ocr_line' id='line_1_183' title="bbox 2787 2945 3410 3014; baseline 0.013 -20"><span class='ocrx_word' id='word_1_786' title='bbox 2787 2950 2879 2996; x_wconf 89' lang='lat' dir='ltr'><strong>aut</strong></span> <span class='ocrx_word' id='word_1_787' title='bbox 2900 2957 3070 3014; x_wconf 80' lang='lat' dir='ltr'><strong>unum</strong></span> <span class='ocrx_word' id='word_1_788' title='bbox 3097 2945 3204 3014; x_wconf 88' lang='lat' dir='ltr'><strong>pati</strong></span> <span class='ocrx_word' id='word_1_789' title='bbox 3235 2961 3410 3013; x_wconf 89' lang='lat' dir='ltr'><strong>erum,</strong></span> 
     </span>
    </p>
   </div>
   <div class='ocr_carea' id='block_1_184' title="bbox 2789 3011 3365 3073">
    <p class='ocr_par' dir='ltr' id='par_1_184' title="bbox 2789 3011 3365 3073">
     <span class='ocr_line' id='line_1_184' title="bbox 2789 3011 3365 3073; baseline 0.009 -5"><span class='ocrx_word' id='word_1_790' title='bbox 2789 3021 2844 3068; x_wconf 91' lang='lat' dir='ltr'><strong>et</strong></span> <span class='ocrx_word' id='word_1_791' title='bbox 2865 3011 3365 3073; x_wconf 45' lang='lat' dir='ltr'><strong>alterum—contem-</strong></span> 
     </span>
    </p>
   </div>
   <div class='ocr_carea' id='block_1_185' title="bbox 2789 3085 3307 3156">
    <p class='ocr_par' dir='ltr' id='par_1_185' title="bbox 2789 3085 3307 3156">
     <span class='ocr_line' id='line_1_185' title="bbox 2789 3085 3307 3156; baseline 0.015 -18"><span class='ocrx_word' id='word_1_792' title='bbox 2789 3094 2900 3139; x_wconf 91' lang='lat' dir='ltr'><strong>net.</strong></span> <span class='ocrx_word' id='word_1_793' title='bbox 2929 3085 3048 3140; x_wconf 85' lang='lat' dir='ltr'><strong>Non</strong></span> <span class='ocrx_word' id='word_1_794' title='bbox 3079 3090 3307 3156; x_wconf 89' lang='lat' dir='ltr'><strong>potestis</strong></span> 
     </span>
    </p>
   </div>
   <div class='ocr_carea' id='block_1_186' title="bbox 2795 3156 3176 3228">
    <p class='ocr_par' dir='ltr' id='par_1_186' title="bbox 2795 3156 3176 3228">
     <span class='ocr_line' id='line_1_186' title="bbox 2795 3156 3176 3228; baseline 0.016 -19"><span class='ocrx_word' id='word_1_795' title='bbox 2795 3156 2906 3212; x_wconf 88' lang='lat' dir='ltr'><strong>Deo</strong></span> <span class='ocrx_word' id='word_1_796' title='bbox 2927 3157 3135 3214; x_wconf 88' lang='lat' dir='ltr'><strong>servire</strong></span> <span class='ocrx_word' id='word_1_797' title='bbox 3161 3201 3176 3228; x_wconf 93' lang='lat'><strong>,</strong></span> 
     </span>
    </p>
   </div>
   <div class='ocr_carea' id='block_1_187' title="bbox 945 5119 2854 5184">
    <p class='ocr_par' dir='ltr' id='par_1_187' title="bbox 945 5119 2854 5184">
     <span class='ocr_line' id='line_1_187' title="bbox 945 5119 2854 5184; baseline 0.004 -9"><span class='ocrx_word' id='word_1_798' title='bbox 945 5119 1336 5180; x_wconf 81' lang='lat' dir='ltr'><strong>VARIANTES</strong></span> <span class='ocrx_word' id='word_1_799' title='bbox 1376 5123 1752 5184; x_wconf 80' lang='lat' dir='ltr'><strong>LECTIONES</strong></span> <span class='ocrx_word' id='word_1_800' title='bbox 1787 5123 2051 5184; x_wconf 85' lang='lat' dir='ltr'><strong>CODlClS</strong></span> <span class='ocrx_word' id='word_1_801' title='bbox 2089 5125 2200 5183; x_wconf 85' lang='lat' dir='ltr'><strong>MS.</strong></span> <span class='ocrx_word' id='word_1_802' title='bbox 2243 5125 2303 5184; x_wconf 89' lang='lat' dir='ltr'><strong>S.</strong></span> <span class='ocrx_word' id='word_1_803' title='bbox 2345 5125 2854 5184; x_wconf 79' lang='lat' dir='ltr'><strong>GERMANENSIS.</strong></span> 
     </span>
    </p>
   </div>
   <div class='ocr_carea' id='block_1_188' title="bbox 315 5205 1841 5280">
    <p class='ocr_par' dir='ltr' id='par_1_188' title="bbox 315 5205 1841 5280">
     <span class='ocr_line' id='line_1_188' title="bbox 315 5205 1841 5280; baseline 0.009 -24"><span class='ocrx_word' id='word_1_804' title='bbox 315 5207 333 5238; x_wconf 79' lang='grc'><strong>²</strong></span> <span class='ocrx_word' id='word_1_805' title='bbox 367 5205 468 5258; x_wconf 76' lang='lat' dir='ltr'><strong>Vos</strong></span> <span class='ocrx_word' id='word_1_806' title='bbox 487 5214 652 5280; x_wconf 76' lang='lat' dir='ltr'><strong>autem</strong></span> <span class='ocrx_word' id='word_1_807' title='bbox 673 5221 785 5260; x_wconf 87' lang='lat' dir='ltr'><strong>cum</strong></span> <span class='ocrx_word' id='word_1_808' title='bbox 807 5209 1257 5280; x_wconf 75' lang='lat' dir='ltr'><strong>jejunatts,_ungite</strong></span> <span class='ocrx_word' id='word_1_809' title='bbox 1290 5217 1448 5280; x_wconf 79' lang='lat' dir='ltr'><strong>capita</strong></span> <span class='ocrx_word' id='word_1_810' title='bbox 1471 5225 1636 5268; x_wconf 86' lang='lat' dir='ltr'><strong>vestra</strong></span> <span class='ocrx_word' id='word_1_811' title='bbox 1655 5257 1668 5280; x_wconf 87' lang='lat'><strong>,</strong></span> <span class='ocrx_word' id='word_1_812' title='bbox 1695 5225 1748 5269; x_wconf 91' lang='lat' dir='ltr'><strong>et</strong></span> <span class='ocrx_word' id='word_1_813' title='bbox 1772 5219 1841 5270; x_wconf 82' lang='lat' dir='ltr'><strong>fa-</strong></span> 
     </span>
    </p>
   </div>
   <div class='ocr_carea' id='block_1_189' title="bbox 255 5271 1842 5345">
    <p class='ocr_par' dir='ltr' id='par_1_189' title="bbox 255 5271 1842 5345">
     <span class='ocr_line' id='line_1_189' title="bbox 255 5271 1842 5345; baseline 0.008 -25"><span class='ocrx_word' id='word_1_814' title='bbox 255 5271 382 5345; x_wconf 3' lang='lat' dir='ltr'><strong>ciem,</strong></span> <span class='ocrx_word' id='word_1_815' title='bbox 403 5275 617 5345; x_wconf 55' lang='lat' dir='ltr'><strong>vestram</strong></span> <span class='ocrx_word' id='word_1_816' title='bbox 639 5271 826 5345; x_wconf 52' lang='lat' dir='ltr'><strong>lavate}</strong></span> <span class='ocrx_word' id='word_1_817' title='bbox 843 5271 900 5326; x_wconf 84' lang='lat' dir='ltr'><strong>tit</strong></span> <span class='ocrx_word' id='word_1_818' title='bbox 918 5287 1016 5345; x_wconf 74' lang='lat' dir='ltr'><strong>non</strong></span> <span class='ocrx_word' id='word_1_819' title='bbox 1041 5271 1302 5330; x_wconf 67' lang='lat' dir='ltr'><strong>videamini</strong></span> <span class='ocrx_word' id='word_1_820' title='bbox 1323 5271 1598 5332; x_wconf 68' lang='lat' dir='ltr'><strong>Hominibus</strong></span> <span class='ocrx_word' id='word_1_821' title='bbox 1615 5271 1842 5345; x_wconf 81' lang='lat' dir='ltr'><strong>jéjunan—</strong></span> 
     </span>
    </p>
   </div>
   <div class='ocr_carea' id='block_1_190' title="bbox 243 5334 1094 5402">
    <p class='ocr_par' dir='ltr' id='par_1_190' title="bbox 243 5334 1094 5402">
     <span class='ocr_line' id='line_1_190' title="bbox 243 5334 1094 5402; baseline 0.012 -22"><span class='ocrx_word' id='word_1_822' title='bbox 243 5340 348 5402; x_wconf 68' lang='lat' dir='ltr'><strong>tes,</strong></span> <span class='ocrx_word' id='word_1_823' title='bbox 371 5334 460 5383; x_wconf 85' lang='lat' dir='ltr'><strong>sed</strong></span> <span class='ocrx_word' id='word_1_824' title='bbox 484 5334 616 5384; x_wconf 86' lang='lat' dir='ltr'><strong>Patri</strong></span> <span class='ocrx_word' id='word_1_825' title='bbox 643 5334 823 5402; x_wconf 67' lang='lat' dir='ltr'><strong>vestro,</strong></span> <span class='ocrx_word' id='word_1_826' title='bbox 845 5342 932 5402; x_wconf 76' lang='lat' dir='ltr'><strong>qui</strong></span> <span class='ocrx_word' id='word_1_827' title='bbox 949 5377 963 5402; x_wconf 96' lang='lat'><strong>,</strong></span> <span class='ocrx_word' id='word_1_828' title='bbox 995 5346 1094 5390; x_wconf 86' lang='lat' dir='ltr'><strong>etc.</strong></span> 
     </span>
    </p>
   </div>
   <div class='ocr_carea' id='block_1_191' title="bbox 315 5397 1015 5466">
    <p class='ocr_par' dir='ltr' id='par_1_191' title="bbox 315 5397 1015 5466">
     <span class='ocr_line' id='line_1_191' title="bbox 315 5397 1015 5466; baseline 0.009 -22"><span class='ocrx_word' id='word_1_829' title='bbox 315 5397 339 5466; x_wconf 68' lang='grc' dir='ltr'><strong>ξ</strong></span> <span class='ocrx_word' id='word_1_830' title='bbox 372 5403 594 5466; x_wconf 68' lang='lat' dir='ltr'><strong>vester...</strong></span> <span class='ocrx_word' id='word_1_831' title='bbox 621 5401 758 5451; x_wconf 88' lang='lat' dir='ltr'><strong>vobis</strong></span> <span class='ocrx_word' id='word_1_832' title='bbox 780 5397 831 5451; x_wconf 82' lang='lat' dir='ltr'><strong>in</strong></span> <span class='ocrx_word' id='word_1_833' title='bbox 859 5397 1015 5466; x_wconf 75' lang='lat' dir='ltr'><strong>palam</strong></span> 
     </span>
    </p>
   </div>
   <div class='ocr_carea' id='block_1_192' title="bbox 319 5458 700 5513">
    <p class='ocr_par' dir='ltr' id='par_1_192' title="bbox 319 5458 700 5513">
     <span class='ocr_line' id='line_1_192' title="bbox 319 5458 700 5513; baseline 0.016 -7"><span class='ocrx_word' id='word_1_834' title='bbox 319 5458 340 5490; x_wconf 79' lang='grc'>³</span> <span class='ocrx_word' id='word_1_835' title='bbox 371 5461 700 5513; x_wconf 81' lang='lat' dir='ltr'><strong>exterminant</strong></span> 
     </span>
    </p>
   </div>
   <div class='ocr_carea' id='block_1_193' title="bbox 315 5519 628 5615">
    <p class='ocr_par' dir='ltr' id='par_1_193' title="bbox 315 5519 628 5615">
     <span class='ocr_line' id='line_1_193' title="bbox 315 5519 628 5615; baseline 0.006 -44"><span class='ocrx_word' id='word_1_836' title='bbox 315 5519 339 5615; x_wconf 57' lang='grc' dir='ltr'>ἒ</span> <span class='ocrx_word' id='word_1_837' title='bbox 371 5521 628 5615; x_wconf 61' lang='lat' dir='ltr'><strong>thesauros</strong></span> 
     </span>
     <span class='ocr_line' id='line_1_194' title="bbox 371 5597 400 5615; baseline 0 0"><span class='ocrx_word' id='word_1_838' title='bbox 371 5597 400 5615; x_wconf 77' lang='grc' dir='ltr'><strong>ο</strong></span> 
     </span>
    </p>
   </div>
   <div class='ocr_carea' id='block_1_194' title="bbox 371 5591 424 5633">
    <p class='ocr_par' dir='ltr' id='par_1_194' title="bbox 371 5591 424 5633">
     <span class='ocr_line' id='line_1_195' title="bbox 371 5591 424 5633; baseline 0 0"><span class='ocrx_word' id='word_1_839' title='bbox 371 5591 424 5633; x_wconf 91' lang='lat' dir='ltr'><strong>et</strong></span> 
     </span>
    </p>
   </div>
   <div class='ocr_carea' id='block_1_195' title="bbox 2005 5215 2212 5268">
    <p class='ocr_par' dir='ltr' id='par_1_195' title="bbox 2005 5215 2212 5268">
     <span class='ocr_line' id='line_1_196' title="bbox 2005 5215 2212 5268; baseline 0.014 -3"><span class='ocrx_word' id='word_1_840' title='bbox 2005 5217 2026 5249; x_wconf 80' lang='lat'><strong><em>°</em></strong></span> <span class='ocrx_word' id='word_1_841' title='bbox 2060 5215 2212 5268; x_wconf 85' lang='lat' dir='ltr'><strong>fuerit</strong></span> 
     </span>
    </p>
   </div>
   <div class='ocr_carea' id='block_1_196' title="bbox 2005 5282 2157 5331">
    <p class='ocr_par' dir='ltr' id='par_1_196' title="bbox 2005 5282 2157 5331">
     <span class='ocr_line' id='line_1_197' title="bbox 2005 5282 2157 5331; baseline 0.026 -4"><span class='ocrx_word' id='word_1_842' title='bbox 2005 5282 2024 5311; x_wconf 86' lang='lat'><strong><em>&quot;</em></strong></span> <span class='ocrx_word' id='word_1_843' title='bbox 2061 5284 2157 5331; x_wconf 88' lang='lat' dir='ltr'><strong>erit</strong></span> 
     </span>
    </p>
   </div>
   <div class='ocr_carea' id='block_1_197' title="bbox 2005 5342 2994 5456">
    <p class='ocr_par' dir='ltr' id='par_1_197' title="bbox 2005 5342 2994 5456">
     <span class='ocr_line' id='line_1_198' title="bbox 2005 5342 2994 5456; baseline 0.006 -64"><span class='ocrx_word' id='word_1_844' title='bbox 2005 5344 2029 5438; x_wconf 62' lang='grc' dir='ltr'>ξ</span> <span class='ocrx_word' id='word_1_845' title='bbox 2061 5342 2114 5392; x_wconf 86' lang='lat' dir='ltr'><strong>Si</strong></span> <span class='ocrx_word' id='word_1_846' title='bbox 2140 5357 2264 5456; x_wconf 52' lang='lat' dir='ltr'><strong>ergo</strong></span> <span class='ocrx_word' id='word_1_847' title='bbox 2285 5342 2458 5394; x_wconf 86' lang='lat' dir='ltr'><strong>oculus</strong></span> <span class='ocrx_word' id='word_1_848' title='bbox 2483 5351 2594 5394; x_wconf 91' lang='lat' dir='ltr'><strong>tuus</strong></span> <span class='ocrx_word' id='word_1_849' title='bbox 2611 5343 2819 5409; x_wconf 82' lang='lat' dir='ltr'><strong>simplex</strong></span> <span class='ocrx_word' id='word_1_850' title='bbox 2845 5342 2994 5398; x_wconf 83' lang='lat' dir='ltr'><strong>fuerit</strong></span> 
     </span>
     <span class='ocr_line' id='line_1_199' title="bbox 2060 5419 2152 5456; baseline 0 0"><span class='ocrx_word' id='word_1_851' title='bbox 2060 5419 2152 5456; x_wconf 90' lang='lat' dir='ltr'><strong>sun</strong></span> 
     </span>
    </p>
   </div>
   <div class='ocr_carea' id='block_1_198' title="bbox 2011 5468 2483 5532">
    <p class='ocr_par' dir='ltr' id='par_1_198' title="bbox 2011 5468 2483 5532">
     <span class='ocr_line' id='line_1_200' title="bbox 2011 5468 2483 5532; baseline 0 -12"><span class='ocrx_word' id='word_1_852' title='bbox 2011 5469 2053 5501; x_wconf 80' lang='grc'><strong>¹⁰</strong></span> <span class='ocrx_word' id='word_1_853' title='bbox 2088 5471 2281 5520; x_wconf 88' lang='lat' dir='ltr'><strong>odiet...</strong></span> <span class='ocrx_word' id='word_1_854' title='bbox 2304 5468 2483 5532; x_wconf 87' lang='lat' dir='ltr'><strong>diliget</strong></span> 
     </span>
    </p>
   </div>
   <div class='ocr_carea' id='block_1_199' title="bbox 2011 5533 2742 5597">
    <p class='ocr_par' dir='ltr' id='par_1_199' title="bbox 2011 5533 2742 5597">
     <span class='ocr_line' id='line_1_201' title="bbox 2011 5533 2742 5597; baseline 0.004 -18"><span class='ocrx_word' id='word_1_855' title='bbox 2011 5533 2054 5563; x_wconf 73' lang='grc' dir='ltr'><strong>ιι</strong></span> <span class='ocrx_word' id='word_1_856' title='bbox 2089 5539 2174 5583; x_wconf 85' lang='lat' dir='ltr'><strong>aut</strong></span> <span class='ocrx_word' id='word_1_857' title='bbox 2197 5535 2330 5584; x_wconf 87' lang='lat' dir='ltr'><strong>enim</strong></span> <span class='ocrx_word' id='word_1_858' title='bbox 2353 5545 2503 5582; x_wconf 89' lang='lat' dir='ltr'><strong>unum</strong></span> <span class='ocrx_word' id='word_1_859' title='bbox 2527 5534 2742 5597; x_wconf 86' lang='lat' dir='ltr'><strong>patietur</strong></span> 
     </span>
    </p>
   </div>
   <div class='ocr_carea' id='block_1_200' title="bbox 1532 5657 2244 5730">
    <p class='ocr_par' dir='ltr' id='par_1_200' title="bbox 1532 5657 2244 5730">
     <span class='ocr_line' id='line_1_202' title="bbox 1532 5657 2244 5730; baseline 0.001 -15"><span class='ocrx_word' id='word_1_860' title='bbox 1532 5677 1550 5729; x_wconf 69' lang='grc' dir='ltr'><em>τ</em></span> <span class='ocrx_word' id='word_1_861' title='bbox 1583 5657 1950 5716; x_wconf 64' lang='lat' dir='ltr'><strong>emacem!</strong></span> <span class='ocrx_word' id='word_1_862' title='bbox 1988 5659 2244 5730; x_wconf 63' lang='lat' dir='ltr'><strong>NOT1E.;</strong></span> 
     </span>
    </p>
   </div>
   <div class='ocr_carea' id='block_1_201' title="bbox 327 5736 3553 5832">
    <p class='ocr_par' dir='ltr' id='par_1_201' title="bbox 327 5736 3553 5832">
     <span class='ocr_line' id='line_1_203' title="bbox 327 5736 3553 5832; baseline 0.008 -26"><span class='ocrx_word' id='word_1_863' title='bbox 327 5736 819 5832; x_wconf 36' lang='lat' dir='ltr'><strong>galnlinteltabeju,‘</strong></span> <span class='ocrx_word' id='word_1_864' title='bbox 841 5744 1161 5832; x_wconf 59' lang='lat' dir='ltr'><strong>deestquia.</strong></span> <span class='ocrx_word' id='word_1_865' title='bbox 1201 5751 1260 5804; x_wconf 73' lang='grc' dir='ltr'>ιςι</span> <span class='ocrx_word' id='word_1_866' title='bbox 1291 5752 1360 5832; x_wconf 77' lang='lat' dir='ltr'><strong>ita</strong></span> <span class='ocrx_word' id='word_1_867' title='bbox 1395 5751 1444 5808; x_wconf 89' lang='lat' dir='ltr'><strong>in</strong></span> <span class='ocrx_word' id='word_1_868' title='bbox 1476 5753 1600 5832; x_wconf 72' lang='lat' dir='ltr'><strong>eod1</strong></span> <span class='ocrx_word' id='word_1_869' title='bbox 1646 5751 1803 5810; x_wconf 84' lang='lat' dir='ltr'><strong>Cant.</strong></span> <span class='ocrx_word' id='word_1_870' title='bbox 1834 5753 2004 5832; x_wconf 82' lang='lat' dir='ltr'><strong>—-_(b)</strong></span> <span class='ocrx_word' id='word_1_871' title='bbox 2038 5755 2182 5832; x_wconf 73' lang='lat' dir='ltr'><strong>liine</strong></span> <span class='ocrx_word' id='word_1_872' title='bbox 2222 5770 2390 5826; x_wconf 87' lang='lat' dir='ltr'><strong>usque</strong></span> <span class='ocrx_word' id='word_1_873' title='bbox 2412 5755 2478 5812; x_wconf 86' lang='lat' dir='ltr'><strong>ad</strong></span> <span class='ocrx_word' id='word_1_874' title='bbox 2506 5772 2645 5814; x_wconf 87' lang='lat' dir='ltr'><strong>vers.</strong></span> <span class='ocrx_word' id='word_1_875' title='bbox 2676 5757 2746 5814; x_wconf 79' lang='lat'><strong>2&#39;7</strong></span> <span class='ocrx_word' id='word_1_876' title='bbox 2777 5757 2914 5832; x_wconf 77' lang='lat' dir='ltr'><strong>cap.f</strong></span> <span class='ocrx_word' id='word_1_877' title='bbox 2941 5777 3028 5819; x_wconf 78' lang='lat' dir='ltr'><strong>vni</strong></span> <span class='ocrx_word' id='word_1_878' title='bbox 3057 5763 3232 5823; x_wconf 89' lang='lat' dir='ltr'><strong>omnia</strong></span> <span class='ocrx_word' id='word_1_879' title='bbox 3255 5767 3452 5828; x_wconf 91' lang='lat' dir='ltr'><strong>desunt</strong></span> <span class='ocrx_word' id='word_1_880' title='bbox 3495 5771 3553 5832; x_wconf 89' lang='lat' dir='ltr'><strong>in</strong></span> 
     </span>
    </p>
   </div>
   <div class='ocr_carea' id='block_1_202' title="bbox 257 5809 3248 5897">
    <p class='ocr_par' dir='ltr' id='par_1_202' title="bbox 257 5809 3248 5897">
     <span class='ocr_line' id='line_1_204' title="bbox 257 5809 3248 5897; baseline -0.016 -7"><span class='ocrx_word' id='word_1_881' title='bbox 257 5809 374 5867; x_wconf 69' lang='lat' dir='ltr'><strong>COd&#39;</strong></span> <span class='ocrx_word' id='word_1_882' title='bbox 400 5809 556 5866; x_wconf 46' lang='lat' dir='ltr'><strong>can“</strong></span> <span class='ocrx_word' id='word_1_883' title='bbox 591 5814 683 5871; x_wconf 68' lang='lat' dir='ltr'><strong>Gr&#39;</strong></span> <span class='ocrx_word' id='word_1_884' title='bbox 725 5825 858 5874; x_wconf 64' lang='lat'><strong>“3510</strong></span> <span class='ocrx_word' id='word_1_885' title='bbox 889 5809 1050 5876; x_wconf 70' lang='grc' dir='ltr'><strong>Μὶηίό</strong></span> <span class='ocrx_word' id='word_1_886' title='bbox 1072 5822 1123 5877; x_wconf 89' lang='lat' dir='ltr'><strong>in</strong></span> <span class='ocrx_word' id='word_1_887' title='bbox 1147 5824 1453 5894; x_wconf 48' lang='lat' dir='ltr'><strong>append,”</strong></span> <span class='ocrx_word' id='word_1_888' title='bbox 1481 5825 1551 5897; x_wconf 75' lang='grc' dir='ltr'><strong>(ε)</strong></span> <span class='ocrx_word' id='word_1_889' title='bbox 1581 5809 1864 5884; x_wconf 12' lang='lat' dir='ltr'><strong>&quot;alterius</strong></span> <span class='ocrx_word' id='word_1_890' title='bbox 1889 5809 2384 5896; x_wconf 37' lang='lat' dir='ltr'><strong>gréduggﬁdt&#39;“</strong></span> <span class='ocrx_word' id='word_1_891' title='bbox 2416 5809 2426 5811; x_wconf 61' lang='grc'>⁷</span> <span class='ocrx_word' id='word_1_892' title='bbox 2451 5809 2478 5812; x_wconf 64' lang='grc'>”</span> <span class='ocrx_word' id='word_1_893' title='bbox 2520 5809 2645 5814; x_wconf 60' lang='grc'>⁷⁷⁷⁷⁷</span> <span class='ocrx_word' id='word_1_894' title='bbox 2679 5809 2737 5814; x_wconf 77' lang='grc'><strong><em>““</em></strong></span> <span class='ocrx_word' id='word_1_895' title='bbox 2781 5809 2913 5832; x_wconf 71' lang='grc' dir='ltr'><strong>““ι““·</strong></span> <span class='ocrx_word' id='word_1_896' title='bbox 2951 5809 3028 5819; x_wconf 86' lang='grc'>····</span> <span class='ocrx_word' id='word_1_897' title='bbox 3061 5809 3248 5851; x_wconf 62' lang='grc' dir='ltr'><strong>ξ’·δηηυι.</strong></span> 
     </span>
    </p>
   </div>
  </div>
