3968 6332
265 297 344 357 177
1193 299 1644 362 EVANGELIUM
1683 301 2052 366 SECUNDUM
2091 305 2524 374 MATTWEUM.

608 416 837 476 CODEX
879 419 1416 479 VERCELLENSIS.

257 509 398 584 Sufﬁc
436 547 452 564 .
497 549 510 561 .
559 551 574 565 .
619 555 635 569 .
681 554 695 566 .
1061 525 1188 572 ante
1221 529 1450 584 porcos:

255 583 430 639 malitia
455 596 574 638 sua.
1062 603 1132 644 ne
1159 583 1300 644 forte
1326 603 1461 644 con-

385 654 624 731 QAP‘U'II
641 653 756 712 VII.
1061 660 1273 716 culcen.
1321 700 1333 714 .
1382 699 1396 714 .
1425 673 1453 714 s
1485 672 1575 731 pe-

256 726 296 782 l.
321 725 487 783 Nolite
509 726 724 798 judica-

1054 731 1213 788 dibus
1242 731 1376 800 suis,
1400 739 1455 787 et

253 812 317 870 re,
345 807 398 854 ιιι
427 797 532 870 non
557 797 652 870 ju-

1054 804 1301 860 eonversi
1320 843 1334 858 .
1381 843 1394 858 .
1440 842 1455 856 .

252 869 434 926 dicetur
457 869 526 927 de
554 869 648 927 vo-
1055 875 1253 931 dirum.
1301 916 1314 930 .
1360 913 1376 930 .
1422 913 1438 928 .

251 941 412 1015 ibis.
437 941 491 997 ln
521 957 632 1015 quo
653 941 802 1000 enim
1055 947 1108 1001 7.
1139 947 1334 1015 Pctite,
1361 957 1434 1003 et.
1481 985 1497 1000 .
1539 985 1554 1001 .
1600 986 1614 1000 .

250 1012 425 1083 judicio
447 1012 660 1083 judica-
1054 1027 1143 1074 tur
1166 1034 1257 1074 vo.
1303 1012 1329 1074 .’
1365 1057 1380 1072 .
1425 1060 1441 1073 .
1488 1059 1505 1074 .

248 1086 427 1149 veritis,
447 1085 659 1155 judica-

247 1155 369 1213 bitur
393 1157 458 1212 de
483 1157 639 1214 vobis
672 1175 686 1212 :

243 1237 288 1284 et
312 1229 358 1287 in
385 1243 482 1300 qua
512 1244 663 1284 men-

241 1313 347 1355 sura
371 1301 536 1356 mensi
561 1300 679 1358 fue-

238 1371 361 1438 ritis,
385 1372 636 1430 metietur

235 1443 389 1498 vobis.

233 1515 280 1571 5.
304 1514 432 1582 Quid
459 1525 641 1573 autem
663 1517 744 1575 vi-

238 1585 313 1641 dis
336 1586 590 1645 festucam

237 1658 287 1714 in
319 1659 470 1715 oculo
491 1661 601 1716 fra-

235 1729 325 1786 tris
344 1731 411 1787 tui
438 1750 452 1786 :
482 1741 538 1788 et
559 1741 671 1788 tra-

231 1801 363 1867 bem,
392 1818 510 1874 qua:
531 1805 584 1859 in

229 1875 374 1929 oculo
399 1882 492 1930 tuo
520 1885 624 1945 est,

233 1960 335 2000 non
359 1947 602 2004 conside-

230 2017 351 2072 ras?

230 2088 281 2162 ξ.
303 2089 403 2162 Aut
418 2090 689 2162 quomodo

232 2159 358 2216 dicis
381 2159 525 2219 fratri

234 2239 323 2307 tuo
343 2251 365 2307 Δε
392 2233 518 2292 Sine
543 2236 669 2292 eici-

233 2305 318 2359 am
336 2303 585 2363 festucam

234 2373 298 2431 de
325 2379 470 2434 oculo
495 2389 586 2435 tuo
609 2397 622 2432 :
651 2389 709 2436 et

1052 1091 1178 1158 rite,
1211 1101 1266 1146 et
1295 1090 1446 1146 inve-

1050 1162 1214 1218 nietis
1237 1179 1249 1216 :
1283 1163 1465 1232 pulsa-

1051 1241 1124 1301 te,
1153 1241 1209 1291 et
1236 1233 1511 1306 aperietur

1047 1305 1101 1360 8.
1144 1303 1305 1360 vo.)
1351 1343 1366 1358 .
1397 1320 1446 1360 s.
1487 1303 1680 1362 Omnis

1045 1377 1191 1433 enim
1212 1376 1305 1448 qui
1334 1391 1427 1446 pe-

1049 1449 1134 1514 tit,
1169 1449 1397 1519 accipit:
1430 1456 1486 1505 et
1515 1449 1607 1521 qui

1042 1523 1275 1592 quaerit,
1305 1521 1455 1575 inve-

1045 1591 1158 1649 nit:
1188 1600 1246 1648 et
1267 1592 1482 1663 pulsan-

1046 1665 1085 1719 ti
1113 1664 1406 1734 aperietur.

1047 1735 1101 1791 9.
1143 1738 1253 1792 Aut
1277 1736 1398 1807 quis
1417 1751 1485 1791 ex
1511 1734 1669 1794 vobis

1046 1807 1212 1863 homo
1239 1818 1322 1862 est
1340 1807 1382 1873 fa
1412 1822 1520 1875 quo

1047 1879 1182 1950 petit
1209 1877 1352 1935 filius
1373 1878 1493 1949 ejus

1048 1965 1273 2022 panem,
1301 1966 1459 2022 num-

1044 2021 1174 2094 quid
1200 2021 1432 2092 lapidem

1045 2095 1286 2166 porriget
1311 2094 1400 2166 ei?

1047 2165 1135 2222 10.
1176 2166 1284 2221 Αιιι
1312 2165 1380 2220 si.
1427 2208 1441 2222 .
1487 2205 1502 2221 .
1531 2182 1618 2224 em

1044 2238 1199 2308 petit,
1229 2237 1491 2309 numquid

1045 2319 1355 2380 serpentem

1049 2381 1139 2436 11.
1181 2381 1405 2451 porrigit
1426 2381 1514 2438 ei?
1541 2382 1599 2438 Si

1049 2468 1180 2522 ergo
1206 2467 1307 2508 vos
1329 2467 1451 2508 cum

1050 2523 1170 2580 sitis
1195 2523 1346 2592 mali,

1051 2597 1224 2652 nostis
1247 2595 1388 2652 bona
1411 2593 1510 2651 da-

1053 2707 1067 2722 .
1113 2709 1127 2723 .
1173 2706 1188 2722 .
1233 2708 1248 2722 .
1295 2666 1465 2721 .filiis

1052 2780 1126 2795 ..
1173 2780 1186 2793 .
1235 2738 1565 2808 .is:quan-

1048 2820 1102 2869 to
1134 2811 1306 2880 magis
1339 2824 1434 2881 pa-

238 2487 252 2501 .
295 2490 307 2502 .
350 2490 363 2504 .
400 2465 520 2507 ecce
547 2451 713 2508 trabis

235 2529 315 2576 est
341 2520 389 2575 in
417 2524 569 2579 oculo
592 2524 733 2580 tuo?

235 2590 284 2647 5.
329 2592 624 2676 llypocrita,
653 2595 738 2651 ei-

231 2676 290 2718 ce
313 2679 532 2733 primum

228 2741 422 2792 trabem
451 2738 517 2794 de
541 2753 680 2794 oeu-

225 2805 278 2878 lo
300 2817 408 2878 tuo,
436 2818 489 2865 et
508 2819 640 2867 tunc

223 2877 420 2935 videbis
444 2882 588 2938 eice-
1047 2894 1130 2940 ter
1154 2877 1354 2948 vester,

221 2963 281 3026 re
307 2949 558 3026 festucam
1040 2957 1132 3026 qui
1158 2964 1242 3010 est
1267 2954 1319 3009 in
1350 2951 1536 3019 caelis,

221 3020 288 3097 de
311 3024 462 3081 oculo
484 3023 596 3082 fra-
1043 3020 1196 3084 dabit
1214 3027 1355 3082 bona
1379 3041 1466 3097 pe-

222 3094 317 3148 tris
345 3098 432 3152 tui.
523 3109 540 3122 “
1045 3099 1288 3155 tentibus
1312 3094 1393 3154 se;

219 3163 271 3219 6.
313 3165 481 3225 Nolite
509 3169 642 3226 dare
666 3183 826 3227 sanc-
929 3185 939 3195 '
1047 3171 1134 3227 12.
1176 3169 1368 3226 Omnia
1397 3183 1526 3241 ergo
1553 3182 1726 3240 quae-

221 3245 331 3293 tum
358 3241 599 3310 canibus,
1045 3257 1277 3312 eumque
1305 3242 1423 3297 vul-

220 3323 388 3381 neque
413 3314 625 3370 miseri—
1053 3315 1122 3369 tis
1146 3323 1206 3368 ut
1227 3313 1427 3369 iaciant

220 3381 287 3435 tis
307 3385 557 3456 margari-
1055 3386 1208 3442 vobis
1237 3386 1484 3440 homines
1511 3385 1593 3457 (a)

219 3460 298 3508 tas
323 3465 524 3514 vestras
1054 3457 1217 3524 bona,
1245 3457 1318 3512 ita
1346 3457 1386 3530 -ι-
1415 3465 1470 3514 et
1504 3471 1602 3513 vos

633 3574 869 3632 CODEX
906 3573 1383 3632 CORBEIENSIS.

218 3662 414 3720 Sitfficit
435 3667 540 3722 diei
571 3667 772 3723 malitia
795 3683 913 3724 sua.
1516 3723 1520 3728 .

289 3737 375 3792 Vl.
400 3739 577 3795 Nolite
621 3740 888 3810 judicare,
921 3751 980 3796 ut
1009 3756 1115 3795 non
1163 3738 1503 3810 judicemini.
1545 3738 1602 3794 In
1634 3739 1650 3770 ¹
1679 3753 1812 3809 quo-

220 3822 483 3881 quumque
508 3812 652 3866 enim
679 3811 886 3882 judicio
909 3812 1307 3883 jndicavcritis,
1341 3814 1360 3842 ²
1387 3811 1758 3879 judicabimini
1792 3828 1806 3864 :

221 3891 271 3952 et
300 3883 348 3934 in
372 3897 472 3952 qua
503 3899 755 3938 mensura
783 3882 953 3939 menSi
977 3883 1210 3949 fueritis,
1243 3882 1263 3912 ³
1293 3883 1610 3938 remetietur
1634 3883 1806 3936 vobis.

222 3950 351 4017 Quid
388 3950 572 4010 autem
604 3955 755 4010 vides
782 3956 1041 4011 festucam
1091 3957 1141 4010 in
1172 3954 1328 4010 oculo
1378 3954 1557 4008 fratris
1598 3953 1673 4007 tui
1710 3970 1722 4005 :
1757 3963 1811 4009 et

224 4025 418 4080 trabem
441 4027 494 4082 in
527 4027 686 4082 oculo
733 4037 828 4082 tuo
873 4043 978 4083 non
1004 4026 1190 4082 vides?
1213 4027 1322 4081 Aut
1360 4024 1629 4094 quomodo
1659 4024 1810 4080 dices

223 4095 362 4150 fratri
401 4108 534 4154 tuo:
597 4098 730 4155 Sine
773 4098 984 4167 eiiciam
1040 4099 1300 4154 festucam
1351 4098 1419 4152 de
1469 4097 1625 4151 oculo
1679 4106 1808 4152 tuo:

224 4176 430 4240 etrecce
485 4170 656 4224 trabis
700 4171 865 4226 estin
920 4171 1079 4225 oculo
1131 4169 1263 4224 tuo?
1319 4167 1631 4240 llypocrita,
1677 4168 1814 4240 ejiee

225 4239 439 4306 primum
497 4243 703 4297 trabem
766 4243 833 4297 de
892 4246 1050 4297 oculo
1105 4251 1232 4304 tuo,
1299 4239 1539 4296 ct’tunc
1604 4239 1815 4294 videbis

225 4309 408 4378 ejicere
443 4313 705 4368 festucam
760 4315 829 4369 de
877 4315 1036 4370 oculo
1083 4315 1270 4369 fratris
1316 4313 1414 4366 tui.
1465 4311 1646 4365 Nolite
1684 4311 1816 4366 dare

224 4394 451 4439 Sanctum
491 4387 738 4451 canibus,
791 4401 963 4456 neque
1004 4387 1026 4416 ⁸
1067 4384 1292 4438 mittatis
1329 4383 1647 4453 margaritas
1675 4398 1812 4456 ‘ves-

225 4463 323 4508 iras
351 4468 474 4510 ante
507 4471 738 4525 porcos:
795 4453 1052 4512 ne‘forte
1092 4455 1411 4510 conculceut
1457 4471 1548 4510 eas
1589 4453 1816 4524 pedibus

220 4527 351 4594 suis,
385 4538 438 4582 et
473 4529 720 4582 conversi
746 4530 766 4559 ⁵
793 4531 1102 4600 diruinpant
1122 4542 1241 4581 vos.
1266 4526 1446 4600 Petitc
1468 4568 1480 4590 ,
1515 4535 1571 4580 et
1595 4525 1811 4600 dabitur

222 4599 409 4654 vobis:
449 4601 710 4670 quaerite,
749 4611 804 4655 et
831 4598 1151 4655 invenietis:
1187 4599 1421 4668 pulsate,
1461 4608 1516 4653 et
1539 4598 1819 4670 aperietur

217 4671 380 4743 vobis.
408 4669 598 4726 Otnnis
629 4674 772 4725 enim
800 4672 889 4743 qui
922 4674 1074 4742 petit,
1106 4671 1338 4740 accipit:
1374 4679 1432 4743 et
1460 4669 1550 4738 qui
1581 4671 1814 4743 quaerit,

215 4742 448 4797 invenit:
483 4752 539 4797 et
572 4740 1130 4812 pulsanti—aperietur.
1168 4745 1275 4796 Aut
1298 4741 1419 4811 quis
1448 4748 1531 4794 est
1559 4756 1633 4810 ex,
1663 4740 1819 4797 vobis

214 4813 375 4868 homo
401 4815 423 4845 ⁶
450 4830 611 4885 quem
643 4816 687 4867 si
713 4816 930 4885 petierit
962 4815 1102 4870 filius
1128 4828 1258 4868 suus
1287 4827 1481 4883 panem
1504 4853 1520 4879 ,
1551 4812 1817 4885 numquid

208 4885 442 4956 lapidem
471 4884 722 4956 porriget
751 4888 845 4941 ei?
884 4889 988 4944 Aut
1024 4887 1068 4942 si
1107 4885 1310 4956 piscem
1342 4886 1508 4953 petit,
1557 4884 1818 4955 numquid

207 4968 521 5028 serpentem
550 4959 569 4988 "
598 4959 824 5028 porrigit
843 4958 894 5013 ei
918 4960 939 5012 ?
963 4959 1020 5014 Si
1049 4971 1182 5027 ergo
1211 4971 1312 5011 vos
1332 4972 1498 5027 quum
1521 4957 1642 5011 sitis
1667 4957 1816 5020 mali,

209 5029 383 5084 nostis
425 5029 564 5084 bona
596 5031 618 5061 ³
647 5029 779 5084 dare
808 5031 930 5084 filiis
958 5031 1189 5086 vestris:
1233 5034 1437 5098 quanto
1466 5030 1638 5098 magis
1665 5037 1820 5098 pater

205 5111 411 5168 vester,
445 5101 536 5171 qui
572 5101 626 5156 in
667 5101 839 5156 coelis
876 5113 980 5168 est,
1025 5101 1175 5156 dabit
1218 5099 1357 5154 bona
1393 5101 1698 5166 petentibus
1737 5115 1816 5155 se.

2363 431 2600 491 CODEX
2640 432 3094 494 VERONENSIS.

1925 519 2139 600 Sufficit
2163 521 2272 581 diei
2765 537 2894 584 ante
2925 544 3120 600 porcos
3144 545 3156 583 .'

1923 593 2126 650 malitia
2765 615 2838 656 ne
2865 593 3004 656 forte
3032 617 3169 657 con-

1922 679 2044 722 sua.
2763 672 2981 745 culcent
3003 687 3097 729 eas
3122 687 3218 745 pe—

2761 742 2918 799 dibus
2945 745 3079 809 suis,
3107 742 3166 802 et

2113 780 2342 887 ξιξιῗυξΓ
2376 783 2495 887 PL
2761 780 3145 872 ἕὸὶἒέῗεῗὲἶεῗ

1997 873 2052 928 1.
2077 872 2271 958 Nolite
2295 873 2496 945 judica-
2761 897 3017 958 rumpant
3045 902 3164 944 vos.

1923 959 2004 1028 re,
2034 953 2228 1028 utnon
2246 953 2332 1017 ju-
2761 956 2816 1012 7.
2871 953 3065 1028 Petite,
3091 972 3148 1016 et
3171 961 3326 1021 dabl-

1923 1016 2200 1104 ξίεεῐῐιὶηῖι
2253 1016 2262 1104 ᾗ
2313 1089 2326 1101 ο
2761 1031 3017 1104 turvobis
3049 1016 3257 1104 z'quae;

1921 1085 1978 1172 _2.
2001 1087 2087 1172 “III.
2109 1089 2386 1172 (1903mm
2762 1101 2890 1166 rite,
2910 1085 2974 1157 et
3004 1085 3157 1159 inve:

1917 1159 2128 1244 ξυάξβῇο
2151 1159 2356 1244 Ῑ,υά,ῙΡ³-
2761 1159 2922 1228 nietis
2945 1191 2958 1226 :
2985 1175 3168 1244 pulsa-

1922 1231 2132 1315 beritis:
2162 1231 2366 1315 judiqa-
2763 1254 2836 1309 te,
2863 1255 2918 1299 et
2937 1231 3212 1314 aperietur

1923 1304 2070 1386 bitur
2099 1303 2166 1358 de
2196 1303 2349 1359 vobis
2377 1321 2390 1358 :
2761 1303 2834 1371 8.’
2865 1303 3036 1372 vobis.
3062 1317 3254 1378 Omnis

1923 1383 1978 1430 et
2004 1383 2058 1429 in
2089 1389 2192 1445 qua
2220 1389 2373 1458 men-
2760 1387 2908 1442 enim
2937 1389 3029 1458 qui
3058 1405 3152 1458 pec

1923 1460 2048 1530 sura
2080 1444 2252 1530 mensi
2270 1444 2394 1530 fue-
2761 1458 2845 1522 tit,
2876 1444 3073 1530 acéipii
3099 1444 3116 1517 Ξ
3138 1471 3195 1518 et

1923 1527 2066 1601 ritis,
2093 1527 2354 1601 metietur
2758 1529 2852 1600 qui
2881 1527 3114 1601 quaerit,
3130 1535 3274 1594 inve-

1922 1589 1995 1675 ge
2025 1589 2196 1675 vobis.
2264 1669 2276 1675 _
2433 1662 2446 1675 ο
2758 1589 2840 1675 {iit
2863 1619 2878 1656 :
2899 1589 2958 1658 et
2981 1589 3220 1674 pulsanti

1922 1662 1980 1742 ξ).
2022 1661 2160 1742 Quid
2189 1669 2370 1718 autem
2396 1662 2479 1718 vi-
2758 1671 2814 1729 9.
2860 1661 3158 1742 aperietur.
3181 1661 3291 1735 Aut

1917 1735 2015 1814 des
2045 1734 2308 1814 festucam
2757 1744 2880 1814 quis
2898 1734 2964 1801 ex
2988 1747 3143 1803 vobis

1915 1808 1984 1888 in_
2002 1804 2160 1888 oculo
2187 1805 2293 1888 fra-
2758 1804 2925 1872 liomo
2945 1832 2975 1888 a
2997 1833 3105 1888 quo

1916 1879 2016 1963 tris
2043 1879 2118 1932 tui
2138 1893 2168 1960 :_
2183 1886 2238 1933 et
2755 1895 2906 1956 petet
2933 1879 3078 1944 ﬁlius
3104 1891 3222 1963 ejus

1917 1949 2125 2028 trabem
2155 1949 2209 2004 in
2754 1949 2969 2028 panem,
2991 1949 3148 2017 num:

1914 2020 2197 2102 oculotuo
2218 2093 2241 2102 _
2754 2020 2884 2099 quid
2917 2020 3153 2102 lapidem

1914 2107 2037 2170 non
2050 2091 2242 2148 vides?
2362 2163 2378 2170 _
2750 2091 2988 2170 porrigit.
3005 2104 3054 2158 ei
3083 2105 3108 2158 ?

1915 2165 1972 2249 ξ.
2010 2165 2121 2249 ᾼιιί
2145 2163 2418 2249 quomodo
2750 2163 2866 2249 10.Δ
2903 2163 3012 2230 Aut
3039 2177 3083 2232 si
3113 2176 3318 2248 piscem

1916 2237 2055 2321 dicis
2084 2235 2237 2321 fratri
2320 2308 2333 2320 _
2756 2245 2915 2314 petit,
2935 2235 3194 2321 numquid

1917 2318 2012 2387 tuo
2037 2327 2050 2363 :
2089 2307 2229 2387 _Sine
2283 2308 2361 2363 εἰ·
2759 2307 3070 2387 serpentem

1916 2380 2055 2461 ciam
2082 2379 2345 2461 festucam
2756 2379 2869 2444 H.-
2893 2391 3119 2461 porrigit
3147 2391 3241 2447 ei?
3283 2390 3343 2446 Si

1917 2451 1986 2508 de
2012 2452 2173 2530 oculo
2199 2461 2292 2530 tuo
2324 2469 2340 2506 :
2367 2461 2424 2508 et
2757 2451 3014 2530 ergo'vos
3044 2451 3170 2518 cum

1919 2539 2048 2599 ecce
2075 2523 2245 2599 trabis
2389 2595 2406 2599 _
2756 2523 2879 2586 sitis
2905 2533 3055 2599 mali,

1917 2596 2069 2650 estin
2093 2595 2250 2650 oculo
2282 2595 2410 2650 tuo?
2758 2604 2930 2658 nostis
2952 2595 3090 2658 bona
3120 2605 3217 2660 da-

1919 2666 1972 2721 5.
2027 2665 2316 2746 liypocrita
2337 2707 2354 2736 ,
2377 2667 2456 2722 ei-
2759 2681 2812 2728 ta
2834 2674 2966 2730 dare
2996 2675 3127 2731 filiis

1918 2752 1983 2793 ce
2003 2751 2238 2817 primum
2756 2747 2956 2801 vestris
2977 2763 2992 2801 :
3022 2757 3228 2817 quanto

1919 2809 2130 2887 trabem
2157 2808 2227 2864 de
2254 2822 2378 2864 ocu-
2760 2817 2933 2887 magis
2963 2808 3116 2887 paier
3139 2833 3238 2875 ve-

1917 2879 1974 2960 lo
1995 2888 2117 2960 _tu_o_,
2145 2889 2200 2960 et
2228 2889 2356 2960 tunc
2760 2879 2899 2954 steF,
2927 2879 3018 2960 qui
3048 2889 3102 2944 in

1919 2951 2130 3027 videbis
2157 2952 2324 3027 festu-
2760 2951 2926 3016 caelis
2946 2951 3054 3027 est,
3085 2960 3183 3016 da-

1920 3039 2040 3107 cam
2061 3023 2140 3107 .dc
2163 3024 2321 3107 oculo
2759 3030 2840 3107 bit
2863 3031 3003 3087 bona
3029 3023 3224 3103 peten-

1921 3095 2104 3151 fratris
2127 3096 2225 3151 tui.
2758 3103 2902 3160 tibus
2927 3117 3008 3158 se.

1921 3169 1976 3224 6.
2027 3166 2363 3249 Nolite__dare
2392 3183 2517 3225 san-
2758 3173 2848 3229 12.
2903 3173 3104 3249 Omnia
3125 3190 3257 3248 ergo
3283 3191 3449 3249 quae-

1922 3251 2069 3296 ctum
2096 3239 2344 3310 canibus,

1923 3327 2101 3382 neque
2123 3313 2336 3368 miseri-

1922 3383 1993 3440 tis
2023 3383 2283 3454 margari-

1925 3465 2008 3512 tas
2029 3463 2242 3512 vestras

2757 3260 2989 3316 cumque
3020 3248 3140 3302 vul-

2759 3318 2829 3371 tis
2856 3325 2916 3371 ut
2938 3317 3137 3375 faciant

2759 3389 2917 3465 vobis
2949 3389 3197 3465 homines
3251 3391 3329 3465 (a)

2760 3458 2927 3528 bona,
2951 3463 3023 3518 ita
3072 3461 3114 3533 τ
3162 3472 3217 3520 et
3235 3458 3334 3521 vos

2385 3575 2618 3633 CODEX
2655 3575 2940 3634 BRIXIAN
2947 3578 3052 3636 US.

1917 3669 2194 3739 cogitavit.
2225 3668 2440 3746 Sufficit
2476 3671 2619 3746 enim
2648 3670 2754 3746 diei
2781 3671 2993 3746 malitia
3017 3687 3135 3746 sua.
3163 3673 3346 3746 Nolite
3374 3675 3522 3746 judi.

1915 3752 2132 3818 carent
2161 3757 2279 3818 non
2304 3741 2664 3818 jti_d_ieemini._
2684 3742 2742 3796 In
2774 3758 2883 3812 quo
2909 3743 3053 3798 enim
3076 3745 3283 3814 judicio
3311 3741 3524 3818 judica-

1916 3811 2138 3878 veritis,
2168 3811 2537 3882 judicabimini
2565 3824 2621 3869 et
2651 3813 2704 3868 in
2732 3811 2838 3884 qua
2868 3811 3122 3870 mensura
3150 3811 3329 3872 mensi
3349 3820 3519 3873 fueri-

1917 3886 2006 3939 tis.
2049 3884 2365 3939 rcmetietur
2387 3885 2560 3938 vobis.
2602 3884 2742 3950 Quid
2777 3894 2957 3940 autem
2987 3886 3140 3942 vides
3168 3887 3433 3944 festucam
3466 3891 3522 3944 in

1915 3955 2076 4010 oculo
2105 3955 2286 4010 fratris
2313 3954 2407 4008 tui.
2465 3964 2520 4010 et
2560 3955 2611 4009 in
2657 3964 2748 4009 tuo
2778 3956 2938 4010 oculo
2970 3958 3173 4012 trabem
3207 3975 3315 4014 non
3343 3961 3517 4015 vides.
3555 3963 3560 3968 ’

1915 4027 2024 4082 Aut
2050 4027 2321 4096 quomodo
2341 4025 2478 4080 dicis
2501 4024 2654 4080 fratri
2686 4036 2779 4081 tuo
2828 4027 2958 4082 Siue
3015 4029 3206 4083 eiciam
3256 4029 3522 4086 festucam

1916 4099 1985 4170 de
2020 4097 2180 4152 oculo
2206 4106 2318 4152 tuo.
2347 4107 2402 4152 et
2435 4112 2564 4170 ecce
2605 4099 2773 4153 trabis
2817 4099 2871 4170 in
2913 4100 3074 4154 oculo
3107 4110 3222 4155 tuo.
3257 4100 3518 4170 Ypoerita

1916 4169 2033 4225 eice
2074 4171 2306 4239 primum
2360 4169 2564 4224 trabem
2611 4170 2679 4224 de
2717 4169 2877 4225 oculo
2909 4180 3000 4226 tuo
3043 4182 3097 4225 et
3136 4181 3265 4228 tunc
3308 4169 3518 4228 videbis

1917 4242 2094 4297 eicere
2122 4240 2383 4297 festucam
2411 4241 2478 4296 de
2508 4242 2666 4296 oculo
2694 4241 2878 4296 fratris
2909 4241 3012 4296 tui.
3037 4241 3214 4298 Nolite
3237 4243 3370 4300 dare
3393 4259 3522 4300 san-

1919 4320 2064 4367 ctum
2113 4314 2336 4368 canibus
2393 4327 2567 4382 neque
2623 4313 2880 4367 miseritis
2932 4317 3255 4384 margaritas
3301 4325 3518 4372 vestras

1919 4395 2045 4439 ante
2075 4399 2292 4458 porcos.
2311 4400 2394 4458 ‘ne
2413 4383 2627 4454 quando
2649 4385 2972 4458 conculcent
2993 4383 3087 4440 eas
3116 4387 3348 4458 pedibus
3378 4391 3514 4442 suis.

1920 4468 1975 4511 et
2007 4456 2255 4511 conversi
2293 4455 2607 4526 diruiupant
2643 4471 2761 4512 vos.
2794 4457 2971 4513 Petite
3009 4466 3064 4512 ct
3103 4455 3320 4514 dabitur
3365 4461 3523 4515 vobis

1923 4529 2165 4598 quaerite
2203 4538 2259 4583 et
2297 4527 2600 4584 invenietis.
2662 4528 2896 4599 pulsate.
2933 4538 2990 4584 et
3030 4532 3305 4599 aperietur
3347 4531 3520 4586 vobis.

1922 4600 2108 4672 Omnis
2135 4599 2280 4672 enim
2311 4602 2398 4670 qui
2429 4601 2560 4667 petit
2591 4601 2786 4671 accipit
2813 4608 2868 4672 et
2894 4603 2982 4672 qui
3012 4602 3221 4671 quaerit
3262 4603 3521 4657 inveniet.

1921 4679 1977 4726 et
2019 4671 2254 4740 pulsanti
2292 4673 2584 4741 aperietur.
2619 4674 2728 4726 Aut
2765 4671 2885 4740 quis
2916 4671 3005 4726 est
3046 4688 3112 4726 ex
3151 4673 3302 4726 vobis
3336 4676 3519 4727 homo.

1923 4758 2084 4813 quem
2105 4744 2149 4798 si
2184 4744 2400 4812 petierit
2430 4743 2572 4797 filius
2607 4743 2723 4812 ejus
2753 4758 2969 4813 panem.
2997 4744 3256 4814 numquid
3286 4744 3520 4813 lapidem

1923 4815 2151 4885 porrigit
2176 4815 2248 4869 ei.
2281 4814 2389 4870 Aut
2425 4815 2469 4870 si
2506 4816 2710 4884 piscem
2744 4817 2894 4883 petit.
2932 4815 3188 4882 numquid
3214 4824 3523 4884 serpentem

1924 4885 2150 4957 porrigit
2189 4887 2260 4941 ei.
2287 4887 2346 4957 Si
2377 4902 2509 4956 ergo
2548 4902 2644 4940 vos
2686 4902 2808 4940 eum
2851 4887 2972 4941 sitis
3002 4885 3130 4940 mali
3168 4887 3342 4941 nostis
3383 4887 3524 4942 bona

1930 4956 2056 5012 data
2099 4957 2231 5012 dare
2271 4956 2396 5014 filiis
2441 4959 2657 5013 vestris.
2689 4967 2892 5028 quanto
2941 4957 3112 5026 magis
3145 4968 3298 5028 pater
3346 4968 3528 5016 vester

1925 5029 2016 5100 qui
2042 5029 2094 5082 in
2126 5031 2292 5085 caelis
2319 5030 2570 5086 estdabit
2586 5029 2726 5084 bona
2750 5028 3058 5100 petentibus
3081 5043 3161 5083 se.

1995 5101 2189 5172 Omnia
2208 5116 2356 5171 ergo.
2383 5116 2723 5172 quacumque
2741 5100 2906 5156 vultis
2932 5108 2990 5155 ut
3011 5099 3211 5158 faciant
3237 5101 3389 5159 vobis
3419 5103 3521 5160 ho-

204 5172 404 5228 Outnia
429 5187 560 5247 ergo
586 5188 960 5246 quaecumque
991 5173 1154 5228 vultis
1172 5175 1194 5205 °
1223 5181 1279 5227 ut
1315 5171 1518 5228 faciant
1542 5173 1696 5228 vobis
1725 5173 1822 5227 lio-
1924 5173 2100 5229 mines
2126 5171 2226 5247 (a).
2255 5175 2338 5229 sic
2376 5171 2420 5245 -ιῖ
2471 5182 2639 5229 etvos

205 5249 420 5313 mines,
455 5246 497 5275 ¹⁰
525 5255 580 5300 et
608 5260 707 5301 vos

917 5338 1309 5400 VARIANTES
1345 5338 1736 5397 LECTIONES
1774 5336 2039 5396 CODICIS
2077 5336 2190 5394 MS.
2229 5335 2291 5392 S.
2331 5331 2842 5393 GERMANENSIS.

267 5448 295 5596 Ξ
323 5448 624 5596 ῗέξξξιηὺίιιιι·
647 5497 712 5549 de
735 5496 875 5548 vobis
899 5512 910 5548 :

272 5564 295 5596 ³
332 5563 510 5610 eadem

269 5626 294 5657 ⁸
330 5623 571 5674 miseritis

265 5691 290 5721 ⁸
326 5692 642 5749 corrumpant

1987 5431 2010 5505 ξ
2043 5444 2072 5480 a
2095 5444 2196 5505 quo
2213 5430 2343 5505 petit
2363 5427 2493 5479 ﬁlius
2513 5427 2621 5490 ejus
2638 5439 2814 5490 panem

1985 5494 2008 5587 ζ
2042 5496 2268 5606 porriget

2079 5569 2173 5608 ona
2193 5557 2306 5608 data

1981 5619 2004 5649 θ
2039 5620 2169 5670 bona

1984 5681 2029 5713 ¹⁰
2062 5683 2134 5731 ita

1551 5765 1914 5824 BLANCHINI
1960 5765 2192 5824 ΝΟΤᾹΞ.

286 5865 375 5936 (a)
444 5864 664 5922 Addunt
694 5865 825 5921 bona
852 5883 868 5921 :
892 5874 945 5922 et
977 5867 1048 5920 ita
1088 5865 1392 5938 Cyprianus
1431 5865 1498 5919 de
1529 5863 1679 5921 Orat.
1709 5864 1924 5921 Domin.
1951 5863 2156 5920 ibidem‘
2181 5861 2412 5925 additur,
2439 5861 2532 5928 ita,
2554 5860 2701 5928 juxta
2724 5867 2929 5915 textum
2956 5859 3201 5918 Grmcnm
3219 5863 3383 5918 οὔπω,
