3894 6336
448 293 549 351 179

844 403 1074 460 CDDEX
1121 401 1659 467 VERCELLENSIS.

451 499 615 555 facile
636 499 764 554 illis.
784 498 929 555 llaec
1289 497 1388 552 bor
1420 496 1559 551 bona
1590 512 1697 551 ma-

452 583 539 627 est
567 572 714 627 enim
745 571 856 638 lex,
889 579 943 627 et
1290 567 1373 623 los
1403 566 1610 623 fructus
1634 569 1711 622 fa-

453 642 781 714 Prophetae.
1290 653 1415 714 cere
1448 658 1460 694 :
1494 655 1669 714 neque
1698 655 1785 696 ar-

454 715 543 771 15.
567 711 786 770 Ἰηῐηιθ
813 727 911 783 per
938 726 1035 773 an—
1292 711 1393 767 bor
1420 712 1559 783 mala
1592 713 1685 766 bo-

453 794 664 858 gustam
697 782 823 855 por;
943 854 953 858 _
992 856 1002 858 _
1297 797 1400 858 nos
1425 782 1635 858 fructus

452 852 562 913 iam
589 874 603 911 :
637 852 715 927 (α)
744 870 904 925 quam
927 854 1070 927 1-la-
1299 854 1388 927 19.
1446 853 1624 911 facere
1657 871 1670 909 :
1701 852 1891 911 Omnis

456 938 506 983 ta
530 970 545 993 ,
574 936 630 983 et
658 924 898 999 spatiosa
944 924 953 927 ⁷
1292 924 1634 999 arbor,’quae
1657 941 1769 983 non

453 1011 537 1056 est
566 1001 650 1054 via
666 996 856 1070 [quae
1296 998 1424 1052 facit
1451 996 1685 1052 fructum

454 1071 606 1126 ducit
629 1070 696 1124 ad
727 1085 849 1140 per-
1287 1070 1487 1125 bonum
1501 1110 1516 1135 ,
1548 1070 1693 1125 exci-

454 1142 739 1207 ditionem,
772 1151 829 1197 et
1290 1140 1459 1205 ditur,
1483 1150 1538 1194 et
1569 1142 1621 1195 in
1653 1141 1733 1211 ig-

454 1214 610 1268 multi
636 1224 763 1268 sunt
1292 1227 1416 1268 nem
1446 1213 1711 1268 mittetur.

454 1286 549 1356 qui
575 1285 781 1341 intrant
1291 1283 1385 1339 20.
1433 1283 1597 1354 Igitur
1617 1300 1685 1339 ex
1710 1282 1852 1342 fruc-

456 1358 621 1426 peril
666 1399 679 1412 .
727 1398 740 1412 .
789 1397 804 1410 .
857 1398 869 1411 .
920 1397 932 1412 .
1298 1356 1441 1410 tibus
1471 1370 1661 1411 eorum

396 1483 402 1489 ,
457 1428 545 1483 14.
598 1443 770 1499 angus
812 1469 829 1485 .
872 1466 887 1482 .
931 1467 946 1483 .
991 1468 1006 1484 .
1056 1465 1070 1481 .
1296 1428 1637 1499 cognoscetis

453 1508 507 1554 ta
535 1512 617 1554 εει
639 1497 744 1566 via,
762 1515 901 1570 quae
1295 1498 1387 1553 2i.
1433 1512 1547 1553 eos.
1581 1497 1700 1554 Non
1729 1512 1842 1553 om-

455 1570 603 1627 ducit
628 1570 694 1625 ad
716 1571 880 1629 vitam
915 1589 928 1628 :
1298 1571 1405 1634 nis,
1424 1570 1514 1641 qui
1541 1570 1677 1625 dicit

455 1650 513 1698 et
538 1642 692 1709 pauci
721 1654 871 1708 sunt,
1288 1641 1458 1705 mihi,
1490 1641 1719 1698 Domine
1741 1681 1758 1709 ,
1794 1640 2059 1708 Domine,

454 1716 545 1784 qui
574 1714 858 1771 inveniunt
1295 1713 1520 1767 intrabit
1548 1714 1602 1767 in
1630 1728 1754 1784 reg-

455 1801 577 1842 eam
605 1789 619 1840 ε
1286 1799 1415 1839 num
1442 1786 1718 1840 caelorum
1750 1802 1764 1839 :

458 1858 544 1933 l5.
593 1856 885 1933 Adtendite
910 1873 941 1919 ε
973 1855 1072 1921 fal—
1288 1856 1382 1933 sed
1416 1856 1503 1925 qui
1535 1855 1662 1911 facit

456 1929 531 1983 sis
564 1927 869 1999 prophetis,
1290 1927 1535 1999 voluntat
1580 1967 1593 1982 .
1648 1968 1661 1981 .
1721 1968 1735 1982 .
1800 1968 1813 1982 .

458 1997 811 2069 qui‘veniuut
1290 1997 1503 2069 Patri.
1562 2040 1576 2053 .
1640 2037 1655 2053 .
1720 2039 1733 2053 .

457 2068 525 2151 ad
559 2072 739 2151 vos_in
768 2088 893 2129 ves-
1293 2071 1346 2124 in
1371 2068 1540 2151 caelis
1562 2078 1667 2151 est,
1698 2072 1780 2141 ip-

1292 2156 1356 2197 se
1384 2141 1604 2195 intravit
1632 2142 1687 2197 in

1294 2226 1463 2283 regno
1491 2212 1671 2268 caelo-

1295 2283 1387 2338 2‘2.
1437 2298 1580 2337 rum.
1613 2283 1749 2340 Mul-

1299 2357 1341 2409 ti
1368 2354 1549 2411 dicent
1571 2354 1705 2410 mihi

1298 2427 1353 2481 in
1387 2427 1472 2480 illa
1499 2425 1625 2483 die:
1664 2427 1911 2491 Domine.

1300 2498 1547 2565 Domine,
1579 2513 1686 2554 non
1715 2514 1784 2559 ne
1813 2498 1867 2556 in

458 2143 556 2196 titu
583 2143 789 2209 ovium.

457 2213 527 2269 ab
557 2215 701 2270 intus
725 2222 907 2271 autem

456 2292 586 2356 sunt
612 2285 723 2355 lupi
747 2301 904 2356 rapa—

460 2354 548 2410 16.
604 2354 696 2412 ces
727 2374 739 2409 :
768 2354 1088 2415 afructibus

456 2441 649 2499 eorum
676 2443 907 2499 cognos-

458 2498 596 2553 cetis
624 2513 741 2553 eos.

462 2568 731 2639 Numquid
761 2569 914 2629 colli-

461 2650 595 2712 gunt
623 2641 691 2696 de
713 2642 886 2711 spinis

463 2727 613 2780 uvas,
645 2723 739 2768 aut
766 2714 836 2772 de
866 2716 1036 2777 tribo-

464 2786 554 2841 17.
604 2785 670 2840 lis
701 2786 877 2847 licus?
916 2787 1010 2847 Sic
1037 2802 1156 2851 om-

466 2858 552 2913 nis
580 2858 743 2913 arbor
769 2860 864 2915 bo-

461 2946 535 2985 na
570 2930 743 2986 bonos
766 2931 914 2989 fruc-

468 3044 481 3057 .
524 3018 589 3058 us
612 3003 739 3058 facit
768 3022 781 3057 :
812 3002 955 3060 mala

462 3113 476 3127 .
528 3083 673 3128 utem
699 3077 861 3129 arbor

1301 2571 1521 2625 nomine
1549 2579 1640 2629 tuo

1298 2642 1647 2713 prophetavi-

1300 2729 1421 2769 mus
1443 2756 1456 2778 ,
1481 2723 1536 2769 et
1557 2714 1612 2768 in
1634 2729 1735 2771 no-

1300 2786 1446 2841 mine
1475 2795 1568 2841 tuo
1593 2787 1721 2843 dae-

1300 2861 1481 2915 monia
1510 2860 1680 2929 ejeci-

1298 2932 1390 2988 25.
1422 2927 1580 2985 mus?
1612 2931 1678 2985 Et
1699 2940 1826 2987 tunc
1850 2927 1933 2984 di-

1305 3018 1425 3058 cam
1451 3003 1559 3058 illis
1587 3020 1600 3057 :
1631 3004 1768 3068 Quia

1304 3091 1412 3128 non
1442 3075 1566 3128 novi
1600 3088 1698 3127 vos
1726 3091 1739 3126 :

460 3184 474 3197 .
529 3156 713 3205 ructus
732 3146 906 3205 malos
1302 3145 1568 3202 discedite
1590 3160 1621 3199 a
1656 3159 1743 3201 me

453 3213 605 3271 facit.
710 3234 715 3238 ’
1298 3218 1556 3286 operarii.
1593 3258 1608 3272 .
1662 3256 1677 3271 .
1720 3214 1850 3286 iqui-

453 3289 546 3343 id.
591 3287 705 3343 Non
733 3295 914 3359 potest
942 3302 1034 3349 ar-
1291 3290 1415 3343 tatis

886 3381 1125 3437 C(lDEX
1154 3379 1618 3436 CORBEIENSIS.

455 3474 614 3531 facite
664 3476 788 3529 illis.
827 3474 967 3530 llaec
1020 3472 1104 3529 est
1139 3475 1285 3529 enim
1334 3475 1456 3541 lex,
1488 3484 1543 3529 et
1589 3474 1906 3542 PrOphetae.
1970 3474 2054 3529 lu-

456 3556 694 3617 tratcper
722 3556 1001 3617 angustam
1026 3555 1238 3615 portam
1265 3564 1279 3604 :
1312 3548 1439 3616 quia
1472 3546 1575 3599 lata
1616 3556 1764 3617 parta
1787 3586 1803 3612 ,
1840 3553 1897 3599 et
1931 3561 2054 3615 spa-

458 3620 593 3672 tiosa
629 3620 645 3649 ¹
687 3620 800 3695 via,
858 3636 993 3688 quae
1043 3618 1188 3673 ducit
1242 3617 1741 3695 atl__pet'dit10ttetn,
1798 3624 1854 3695 et
1900 3618 2052 3675 multi

455 3696 578 3743 sunt
613 3686 699 3759 qui
735 3686 936 3744 intrant
986 3704 1080 3759 per
1132 3704 1273 3745 eam.
1306 3686 1478 3756 Quam
1534 3698 1757 3759 angusta
1801 3689 1821 3749 _’
1861 3699 2048 3758 porta,

452 3771 505 3814 et
560 3772 706 3814 arcta
759 3764 864 3826 via,
896 3776 1034 3832 quae
1078 3760 1226 3832 ducit
1276 3763 1343 3816 ad
1393 3763 1673 3832 vitamr:et
1707 3762 1857 3830 pauci
1888 3770 2046 3832 sunt,

453 3833 542 3901 qui
582 3830 863 3899 iuvepiunt
906 3828 1053 3887 eam!
1080 3828 1361 3889 Attendite
1388 3829 1408 3862 ⁸
1452 3847 1482 3886 a
1552 3828 1717 3887 falsis'
1746 3830 2046 3902 prophetis,

452 3903 545 3973 qui
576 3905 795 3959 veniunt
827 3904 893 3958 ad
919 3921 1011 3958 vos
1046 3906 1099 3969 in
1124 3903 1144 3935 ⁵
1168 3906 1506 3959 vestimentis
1533 3904 1734 3966 ovium,
1794 3902 2052 3958 intrinse-

451 3988 547 4030 cus
599 3980 779 4030 autem
836 3984 963 4029 sunt
1002 3977 1107 4044 lupi
1163 3992 1386 4046 rapaces
1432 3995 1443 4031 :
1486 3989 1518 4029 a
1563 3976 1822 4046 fructibus
1861 3990 2051 4030 eorum

454 4048 791 4117 cognoscetis
815 4045 1518 4118 cos.Numquidculliguut
1561 4045 1628 4118 de
1669 4046 1839 4118 Spinis
1884 4062 2047 4118 uvas,

454 4116 549 4172 aut
587 4118 656 4174 de
690 4119 901 4185 tribulis
940 4120 1071 4174 ficus
1092 4116 1127 4172 ?'
1154 4122 1243 4175 Sic
1292 4116 1469 4172 omnis
1492 4116 1694 4172 l’arbov
1745 4117 1882 4169 bona
1941 4116 2051 4169 fru-

453 4198 573 4244 ctus
624 4189 794 4243 bonos
842 4190 970 4244 iacit
1009 4208 1020 4243 :
1056 4192 1192 4243 mala
1239 4198 1419 4245 autem
1453 4190 1613 4244 arbor
1638 4188 1658 4217 ⁸
1687 4189 1891 4241 [ructus
1934 4203 2050 4241 ma-

456 4259 539 4316 los
569 4256 713 4315 facit.
733 4259 849 4315 Non
868 4268 1044 4330 potest
1064 4260 1227 4315 arbor
1251 4262 1388 4315 bona
1416 4259 1622 4315 fructus
1644 4256 1815 4330 malos
1831 4257 2009 4312 facere
2032 4275 2046 4312 :

457 4346 631 4402 neque
673 4331 836 4386 arbor
867 4327 1007 4386 inala
1051 4330 1256 4386 fructus
1287 4332 1458 4385 bonos
1492 4329 1683 4402 facere
1703 4346 1722 4402 ;_
1748 4327 1936 4383 Omnis
1962 4344 2049 4402 ar-

455 4399 576 4473 bor,
608 4418 749 4473 quae
776 4418 880 4459 non
906 4402 1031 4457 facit
1052 4402 1283 4457 fructum
1310 4403 1505 4457 bonum
1524 4442 1540 4468 ,
1571 4399 1847 4455 excidetur
1866 4442 1885 4473 _.
1911 4406 1967 4455 et
1997 4401 2048 4456 in

454 4471 639 4543 ignem
654 4476 672 4506 ⁷
705 4476 954 4529 mittitur.
974 4474 1053 4529 Ex
1078 4473 1336 4529 fructibus
1357 4488 1543 4528 eorum
1568 4471 1909 4543 cognOscctis
1931 4486 2045 4526 eos.

499 4561 566 4615 on
597 4545 791 4610 omnis,
819 4547 907 4615 qui
936 4545 1067 4600 dicit
1093 4543 1245 4611 tnilti,
1281 4543 1529 4611 Domine,
1565 4542 1808 4615 Domine,
1839 4543 1858 4575 ⁸
1883 4544 2049 4598 intra-

455 4610 531 4688 bit
568 4616 621 4672 in
653 4610 877 4688 regnum
906 4616 1179 4688 coelonnn
1208 4610 1349 4671 :sed
1369 4619 1389 4649 θ
1412 4610 1521 4688 qui
1549 4614 1674 4669 facit
1714 4615 2045 4688 voluntatem

453 4687 627 4744 Patris
670 4686 805 4754 mhi,
841 4688 930 4757 qui
961 4687 1013 4742 in
1044 4687 1209 4741 coclis
1238 4695 1324 4742 est
1346 4729 1361 4753 ,
1410 4686 1452 4718 ιο
1480 4689 1593 4755 ipse
1624 4688 1848 4740 intrabit
1876 4686 1927 4740 in
1961 4702 2049 4742 re-

451 4774 613 4827 gnum
646 4760 944 4814 caelorum.
977 4757 1126 4813 Multi
1159 4758 1341 4817 dicent
1386 4757 1514 4812 mihi
1563 4757 1618 4812 in
1652 4758 1741 4812 illa
1780 4759 1906 4813 die:
1938 4757 2045 4813 Do.

453 4830 624 4894 mine,
689 4831 949 4896 Domine,
1005 4846 1110 4900 non
1167 4846 1233 4884 ne
1284 4828 1337 4884 in
1382 4830 1601 4884 nomine
1658 4838 1752 4883 tuo
1809 4830 2044 4900 proplteo

454 4901 709 4968 lavimus,
757 4915 809 4956 et
843 4899 895 4956 in
945 4899 1163 4956 nomine
1208 4912 1300 4956 tuo
1348 4900 1627 4955 daemonia
1673 4900 1962 4970 eiecimus,
1993 4911 2047 4956 et

458 4971 512 5025 in
572 4981 666 5025 tuo
727 4970 944 5028 nomine
989 4973 1218 5027 virtutes
1254 4968 1449 5026 multas
1508 4968 1771 5027 fecimus?
1807 4971 1874 5026 Et
1919 4982 2046 5029 tunc

457 5043 497 5073 ¹¹
528 5044 832 5117 conﬁtebor
884 5045 990 5117 illis
1025 5059 1038 5097 :
1070 5045 1203 5113 Quia
1260 5058 1547 5117 numquam
1603 5045 1726 5117 novi
1760 5058 1852 5098 vos
1886 5060 1899 5097 :
1930 5044 2043 5099 dis-

444 5110 624 5169 cedite
650 5129 678 5167 a
706 5129 793 5171 me
822 5114 915 5185 qui
940 5110 1240 5185 operamini
1265 5110 1627 5187 iniquitatem.

988 287 1260 348 EUSEBlI
1296 284 1638 346 VERCELL.
1686 287 2048 349 EVANGELII

2171 290 2313 348 CUI!
2343 289 2578 349 VABIIS
2605 289 2762 349 COD.
2792 288 3186 350 COLLA'I'UM.

3623 298 3711 353 180

2584 406 2814 465 CODEX
2856 406 3307 466 VERONENSIS.

2992 504 3163 558 malos
3190 501 3391 558 fructos

2990 575 3170 630 facere
3186 616 3201 639 ,
3229 588 3403 645 neque
3429 574 3582 633 arbor

2988 645 3129 702 mala
3173 644 3341 702 bonos
3360 644 3557 705 fructos

2989 718 3079 774 19.
3112 717 3290 773 facere
3317 734 3331 772 :
3354 716 3539 777 Omnis

2994 805 3123 861 ergo
3152 789 3335 861 arbor,

2992 860 3131 932 quae
3161 877 3267 932 non
3300 860 3426 917 facit

2995 931 3227 988 fructum
3257 931 3457 991 bonum
3479 974 3496 1001 ,

2995 1002 3297 1067 excidetur,
3323 1013 3379 1061 et

2992 1077 3044 1147 in
3070 1078 3245 1147 ignem
3270 1077 3393 1147 mit-

2988 1146 3080 1204 20.
3097 1154 3277 1219 Atetur.
3310 1146 3490 1219 Itaque

2992 1232 3061 1275 ex
3087 1217 3354 1275 fructibus

2994 1305 3184 1361 eorum
3215 1290 3547 1361 cognoscetis
3566 1304 3668 1348 eos.

2995 1360 3087 1417 21.
3116 1360 3234 1418 Νοη
3256 1360 3432 1419 omnis
3450 1403 3466 1428 ,

3035 1437 3087 1488 ui
3111 1434 3242 1489 dicit
3268 1432 3397 1487 mihi

3047 1506 3227 1561 omine
3248 1547 3264 1571 ,
3294 1505 3534 1572 Domine,

2999 1575 3225 1632 intrabit
3252 1578 3306 1632 in
3335 1592 3424 1632 re-

2990 1662 3152 1718 gnum
3184 1648 3461 1704 caelorum
3487 1664 3503 1705 :

2996 1720 3092 1774 sed
3120 1719 3205 1774 bis
3225 1762 3241 1787 ,
3274 1720 3364 1790 qui

2997 1790 3123 1846 facit
3148 1791 3477 1848 voluntatem

2154 500 2313 555 facile
2337 500 2463 555 illis.

2140 571 2302 637 Haec
2326 580 2411 627 est
2434 572 2578 627 enim

2157 643 2265 708 lex,
2293 652 2347 699 et
2378 642 2512 699 Pro-

2156 716 2376 785 pltetae.

2159 788 2247 842 15.
2288 786 2490 843 Intrate
2520 801 2616 854 per
2641 802 2738 844 an-

2157 866 2370 928 gustam
2404 874 2528 926 por-

2159 940 2266 983 tam
2302 946 2314 981 :
2345 928 2423 999 (a)
2452 944 2612 1000 quam
2663 929 2708 1003 1'
2752 930 2825 989 la-

2161 1009 2213 1055 ta
2232 1042 2247 1066 ,
2280 1009 2335 1055 et
2363 1003 2603 1072 spatiosa

2159 1081 2241 1127 est
2266 1072 2349 1126 via
2367 1112 2383 1139 ,
2415 1088 2558 1143 quae

2160 1143 2302 1198 ducit
2336 1144 2403 1199 ad
2439 1158 2563 1215 per-

2159 1215 2417 1271 ditionem
2440 1258 2454 1282 ,
2483 1225 2540 1272 et

2161 1285 2319 1342 multi
2346 1296 2472 1343 sunt

2160 1359 2251 1427 qui
2276 1358 2481 1413 intrant

2166 1428 2255 1485 14.
2291 1444 2541 1499 peream.
2570 1428 2743 1498 Quam

2160 1513 2387 1572 angusta
2417 1512 2570 1571 porta
2591 1543 2609 1569 ,

2160 1583 2216 1629 et
2242 1582 2388 1628 arcta
2416 1582 2501 1628 est
2529 1574 2614 1629 via
2636 1616 2654 1641 ,

2160 1659 2298 1716 quae
2319 1644 2466 1700 ducit
2488 1644 2555 1700 ad

2164 1718 2333 1773 vitam
2364 1734 2378 1771 :
2404 1726 2461 1772 et
2481 1716 2637 1787 pauci

2164 1798 2321 1853 sunt,
2345 1789 2435 1859 qui
2466 1791 2616 1845 inve-

2164 1859 2321 1914 niunt
2349 1874 2469 1914 eam
2491 1860 2505 1915 ι

2165 1932 2253 1986 15.
2281 1930 2556 1986 Attendite
2595 1931 2753 1991 vobis

2164 2017 2191 2055 a
2224 2000 2374 2057 falsis
2406 2002 2643 2072 pr0phe-

2165 2073 2233 2128 tis
2250 2115 2264 2136 ,
2297 2074 2387 2144 qui
2416 2074 2641 2131 veniunt

2162 2146 2228 2198 ad
2256 2160 2354 2201 vos
2383 2146 2436 2203 in
2466 2160 2562 2201 ve-

2163 2217 2294 2272 stitu
2321 2217 2539 2285 ovium,

2167 2288 2311 2343 intus
2342 2298 2521 2344 autem

2166 2369 2293 2415 sunt
2323 2360 2432 2430 lupi
2457 2375 2617 2431 rapa-

2167 2432 2258 2488 16.
2288 2446 2381 2487 ces
2407 2449 2423 2487 :
2454 2448 2481 2486 a
2514 2432 2783 2493 tructihus

2164 2518 2353 2559 eorum
2384 2518 2583 2575 cogno-

2166 2575 2333 2630 scetis
2360 2589 2475 2631 eos.

2167 2646 2305 2702 Num
2338 2647 2605 2718 colligunt

2169 2718 2239 2774 de
2264 2719 2439 2790 spinis
2462 2734 2593 2776 uvas
2612 2761 2628 2787 ,

2171 2800 2262 2845 aut
2298 2789 2368 2846 de
2398 2791 2607 2847 tribolis
2649 2789 2822 2853 ficus?

2175 2862 2262 2917 17.
2289 2862 2379 2918 Sic
2418 2862 2596 2917 omnis
2626 2861 2788 2921 arbor

2171 2934 2313 2989 bona
2347 2934 2516 2990 DOIIDS
2547 2931 2660 2989 fru-

2168 3015 2289 3061 ctos
2316 3005 2444 3060 facit
2473 3023 2485 3058 :
2517 3005 2660 3063 mala

2169 3085 2348 3131 autem
2371 3077 2536 3131 arbor

2999 1861 3175 1918 Patris
3206 1864 3313 1919 mei
3334 1903 3352 1930 ,

2995 1934 3089 2004 qui
3119 1934 3173 1989 in
3203 1935 3373 1990 caelis
3397 1942 3499 2000 est,

3001 2004 3119 2075 ipse
3145 2005 3373 2060 intrabit
3394 2007 3445 2060 in

2996 2091 3221 2146 regnum
3246 2076 3541 2137 caelorum-

2996 2146 3091 2202 ΞΩ.
3120 2148 3271 2204 Multi
3307 2149 3440 2204 mihi

3001 2218 3185 2275 dicent
3213 2220 3268 2273 itt
3292 2219 3387 2277 illa

3001 2290 3091 2346 die
3124 2309 3136 2345 :
3165 2291 3394 2347 Domine
3410 2334 3428 2358 ,

3002 2360 3235 2446 Domine
3257 2403 3273 2429 ,
3307 2379 3415 2423 non
3445 2376 3512 2421 ne

3001 2445 3054 2488 tn
3078 2448 3300 2491 nomine
3325 2445 3415 2493 tuo

3001 2504 3483 2587 prophetavituus,_
3501 2514 3554 2563 et

3001 2577 3055 2632 in
3089 2578 3309 2637 nomine
3338 2587 3430 2639 tuo
3454 2577 3574 2635 dae-

3004 2647 3182 2703 monia
3214 2651 3497 2720 eiecimus,

3003 2730 3060 2776 et
3088 2721 3139 2773 in
3171 2728 3266 2776 tuo
3292 2722 3508 2779 nomine

3007 2793 3239 2848 virtutes
3266 2794 3461 2850 multas

3002 2862 3093 2919 23.
3138 2865 3404 2921 fecimus?
3442 2872 3495 2920 et

3007 2944 3137 2991 tunc
3170 2934 3372 3004 jurabo

3005 3007 3145 3062 illis:
3175 3003 3318 3075 Quia
3350 3022 3456 3067 non
3485 3003 3601 3069 nobi

3004 3093 3133 3134 vos:
3172 3080 3443 3135 discedite

2169 3149 2343 3203 malos
2365 3150 2567 3205 fructos
3002 3166 3032 3205 a
3062 3165 3147 3205 me
3178 3166 3375 3211 omnes

2177 3220 2259 3275 18.
2293 3218 2438 3293 facit.
2471 3221 2586 3293 Non
2618 3234 2713 3291 po-
3001 3220 3093 3291 qui
3121 3223 3427 3293 operamini

2172 3299 2278 3346 test
2306 3291 2470 3347 arbor
2500 3292 2641 3347 bona
3002 3292 3374 3364 iniquitatem.

2623 3381 2856 3438 CODEX
2901 3380 3298 3443 BRIXIANUS.

2162 3472 2320 3528 facite
2351 3472 2477 3528 illis.
2535 3473 2679 3528 Haec
2710 3483 2794 3529 est
2823 3472 2967 3527 enim
2996 3473 3079 3528 lex
3111 3483 3165 3527 et
3191 3474 3517 3546 Prophetae.
3557 3472 3728 3546 intrate

2162 3555 2553 3618 perangustam
2583 3555 2815 3618 portant.
2842 3546 2964 3614 quia
2997 3546 3099 3603 lata
3131 3543 3321 3616 porta.
3343 3547 3630 3618 ctspatiosa
3660 3543 3728 3596 via

2159 3632 2297 3686 quae
2325 3616 2568 3692 ducitAatl
2610 3617 2967 3685 perditionem
2999 3626 3052 3669 et
3086 3617 3241 3671 multi
3277 3616 3512 3692 suntqui
3555 3618 3729 3692 intrant

2162 3704 2256 3762 per
2296 3704 2438 3762 eam.
2471 3688 2641 3757 Quam
2672 3697 2894 3762 angusta
2931 3698 3081 3759 porta
3112 3698 3163 3742 et
3188 3701 3310 3762 arta
3337 3691 3415 3745 via
3443 3687 3579 3762 quae
3602 3687 3724 3759 tlttcil

2160 3758 2227 3813 ad
2256 3761 2418 3813 vitam
2458 3771 2511 3814 ct
2545 3759 2699 3828 pauci
2729 3769 2855 3813 sunt
2899 3758 2986 3827 qui
3020 3761 3301 3828 inveniunt
3331 3758 3470 3817 eam.

2235 3826 2752 3886 .ttltcndite‘autem
2794 3846 2822 3884 a
2867 3826 3015 3904 falsis
3058 3826 3358 3902 prophetis.
3405 3835 3492 3904 qui
3530 3831 3725 3904 veniunt

2155 3902 2223 3957 ad
2255 3918 2349 3956 vos
2374 3904 2425 3956 in
2463 3905 2653 3957 vestitu
2683 3906 2885 3957 ovium.
2921 3896 3254 3958 intrinsecus
3283 3896 3460 3959 autent
3488 3912 3605 3960 sunt
3630 3896 3731 3970 lupi

2156 3990 2401 4043 rapaces.
2455 3991 2483 4028 a
2516 3973 2778 4029 fructibus
2801 3988 2987 4028 eorum
3020 3977 3365 4044 cognoscetis
3386 3990 3499 4032 eos.

2228 4045 2499 4117 Numquid
2547 4045 2810 4115 colligunt
2844 4044 2919 4117 de
2950 4045 3118 4115 spinis
3152 4063 3285 4101 uvas
3325 4056 3416 4103 aut
3446 4048 3511 4103 de
3539 4043 3723 4102 tribolis

2158 4117 2311 4172 ficus.
2342 4116 2432 4172 Sic
2452 4118 2629 4172 omnis
2650 4117 2813 4172 arbor
2841 4116 2978 4171 bona
3003 4118 3209 4174 fructus
3234 4120 3405 4173 bonos
3435 4123 3571 4173 facit.
3601 4117 3721 4170 mala

2155 4190 2531 4262 antetn‘arlmr
2559 4188 2782 4262 fructus
2808 4190 2979 4243 malos
3027 4189 3173 4244 facit.
3214 4189 3329 4246 Non
3376 4199 3557 4262 potest
3584 4189 3724 4241 arltor

2156 4258 2294 4333 bona
2329 4258 2534 4333 fructus
2569 4260 2738 4314 malos
2761 4258 2939 4315 facere
2963 4276 3139 4333 neque
3172 4263 3337 4318 arbor
3373 4258 3509 4317 inata
3539 4260 3717 4316 fructus

2156 4328 2330 4385 bonos
2361 4329 2564 4385 facere.

2226 4401 2414 4457 Omnis
2441 4402 2583 4458 enim
2614 4403 2795 4457 arbor.
2825 4418 2961 4473 quae
2981 4417 3087 4458 non
3122 4402 3251 4458 facit
3278 4403 3510 4459 fructum
3544 4403 3720 4458 bonum

2153 4473 2439 4529 excidetur
2485 4482 2539 4529 et
2586 4474 2638 4529 in
2682 4483 2858 4545 ignem
2904 4476 3143 4531 mittetur
3192 4476 3363 4547 Igitur
3410 4493 3439 4531 a
3488 4473 3722 4530 fructibus

2151 4561 2338 4601 eorum
2367 4550 2673 4601 couoscetis
2698 4561 2813 4601 eos.

2224 4615 2339 4672 Non
2370 4618 2548 4672 omnis
2578 4618 2666 4686 qui
2692 4617 2822 4671 dicit
2849 4616 2979 4672 milii
3009 4617 3239 4674 Domine
3266 4619 3491 4674 Domine
3530 4612 3723 4686 intravit

2152 4688 2205 4745 in
2252 4704 2419 4761 regno
2447 4685 2747 4745 caelorum.
2800 4690 2893 4744 sed
2935 4691 3025 4761 qui
3051 4689 3175 4744 facit
3207 4691 3539 4744 voluntatem
3570 4685 3723 4761 Patris

2151 4763 2256 4816 mei
2280 4755 2417 4832 ,'qui
2451 4761 2502 4815 in
2534 4761 2699 4815 caelis
2739 4772 2843 4815 est.
2889 4755 3040 4815 Multi
3081 4762 3211 4816 mihi
3237 4762 3425 4817 dicunt
3458 4762 3505 4816 in
3534 4759 3617 4817 illa
3644 4755 3723 4832 die

2155 4828 2399 4886 Domine.
2464 4833 2709 4886 Domine.
2775 4846 2953 4887 nonne
3003 4832 3055 4886 in
3106 4843 3197 4888 tuo
3239 4835 3460 4888 nomine
3513 4828 3723 4902 protube-

2151 4906 2399 4957 tavimus.
2463 4914 2517 4959 et
2582 4902 2635 4957 in
2710 4911 2802 4957 tuo
2852 4906 3069 4959 nomine
3128 4904 3417 4961 daemonia
3464 4902 3721 4975 ejecimus.

2149 4984 2204 5030 et
2255 4977 2308 5051 in
2347 4974 2452 5051 tuo
2478 4976 2714 5051 nomine
2730 4977 2958 5030 virtutes
2987 4975 3183 5051 multas
3211 4975 3473 5051 fecimus.
3502 4974 3583 5031 Et
3610 4981 3723 5051 tunc

2149 5044 2448 5101 confitebor
2476 5044 2584 5100 illis
2617 5047 2750 5115 Quia
2781 5062 2886 5101 non
2918 5049 3040 5102 novi
3070 5063 3167 5104 vos
3193 5047 3459 5107 discedite
3484 5062 3512 5103 a
3543 5059 3622 5101 me
3643 5044 3722 5113 qui

2148 5117 2446 5185 Operamiui
2489 5117 2827 5188 iniquitatem

1154 5207 1550 5267 VARIANTES
1589 5206 1972 5267 LECTIONES
1998 5206 2263 5266 CODICIS
2292 5208 2405 5266 MS.
2445 5207 2505 5267 S.
2538 5209 3048 5269 GERMANENSIS.

512 5321 529 5353 ί
567 5325 646 5370 est
667 5320 747 5369 via

506 5384 527 5414 '
562 5387 643 5445 est
666 5388 806 5445 porta

444 5458 453 5511 ι
509 5445 531 5511 ξ
562 5444 701 5511 vobis

509 5507 533 5539 ι
566 5508 748 5571 vestitu
768 5507 951 5571 ovium,
974 5508 1109 5560 intus

510 5571 534 5632 ἒ
566 5569 691 5632 bona
713 5569 858 5632 arbor
880 5569 1053 5632 benos,
1079 5577 1175 5623 etc.

512 5631 534 5661 ⁸
565 5629 718 5681 malos
739 5629 927 5683 fructus

2212 5323 2236 5390 ἶ
2268 5324 2509 5390 mntem-
2532 5323 2705 5390 Itaque

2212 5385 2234 5419 ⁸
2268 5387 2487 5437 introibit

2213 5449 2255 5513 ᾖ
2268 5448 2319 5513 111
2341 5453 2423 5513 qui
2450 5448 2634 5501 faciunt

2215 5509 2261 5543 ¹⁰
2296 5509 2389 5564 ipsi
2414 5513 2662 5564 intrabunt

2216 5572 2260 5605 ιι
2290 5572 2446 5624 dicam
2468 5573 2595 5625 illis:
2614 5578 2727 5639 quia
2748 5588 2846 5629 non
2868 5578 2977 5632 novi
3005 5590 3092 5632 vos

1789 5720 2159 5782 BLANCHINI
2185 5719 2411 5795 ΝΟΜ).

550 5818 626 5891 (α)
656 5818 883 5894 Vulgata
912 5820 1099 5883 Latina
1128 5826 1324 5891 vertit,
1353 5822 1474 5893 quia
1497 5869 1511 5894 ,
1538 5838 1759 5885 sumens
1778 5824 1893 5896 ὅτι,
1917 5839 2017 5899 pro
2061 5828 2132 5895 ὥς
2168 5823 2528 5887 Hellenistiee.
