3894 6336
237 261 326 322 181
1189 263 1645 326 ΕἿΔΝϐΕῙιΙυΙΙ
1687 265 1794 326 ΞΕ(

1905 267 2060 328 [DUM
2095 267 2536 330 MATTHEI‘JM.

2339 385 2568 446 CODEX
2615 387 3066 450 VEBONENSIS.

597 375 828 436 CODEX
867 379 1412 440 VERCELLENSIS.

221 472 308 528 24.
344 469 533 528 Omnis
559 513 576 536 ,
606 473 698 542 qui
723 473 874 530 audit
1043 483 1246 532 masset
1271 475 1430 532 .lesus
1468 493 1589 532 ver-

221 544 374 600 verba
395 559 512 600 mea
530 588 546 612 ,
578 553 636 600 et
1041 547 1106 602 ba
1133 548 1282 612 haec,
1316 550 1479 606 mira-

222 617 341 672 facit
366 631 426 671 ea
449 657 468 680 ,
495 615 652 672 simi-
1039 617 1241 676 bantur
1273 631 1386 676 tur—

224 689 286 744 lis
310 697 388 744 est
411 687 530 762 viro
559 703 651 762 sa-
833 689 844 700 '
1005 739 1008 742 .
1039 689 1142 747 bae
1167 705 1332 762 super
1357 691 1488 750 doc-

224 801 238 814 .
279 799 293 813 .
336 759 492 826 .enti,
519 759 619 834 qui
645 773 742 816 ae-
1041 759 1250 834 trinam'
1269 764 1409 834 ejus.

225 871 239 885 .
284 871 296 885 .
339 873 350 884 .
417 829 558 886 cavit
588 830 692 887 doc
969 879 976 882 .
1038 833 1128 890 29.
1179 829 1313 889 Erat
1335 837 1482 894 enim
1508 838 1606 896 do-

221 918 358 960 mum
387 915 535 957 suam
562 916 656 958 su-
1041 920 1172 962 cens
1197 923 1294 962 eos
1321 909 1465 964 sicut

221 973 306 1030 25.
344 989 436 1044 pra
455 981 611 1043 petra
644 992 658 1030 :
691 973 816 1034 des-
1041 985 1364 1044 potestatem
1392 981 1489 1036 ha-

224 1045 392 1102 cendit
419 1045 594 1114 pluvia
613 1085 630 1112 ,
1037 1045 1174 1106 bens
1195 1093 1210 1116 ,
1235 1067 1340 1105 non
1373 1053 1515 1110 sicut

227 1118 542 1194 advenerunt
1038 1119 1264 1194 Scribae
1295 1137 1507 1194 eorum,

1037 1202 1092 1248 et
1114 1193 1416 1250 Pharisaei.

1216 1305 1446 1364 CAPUT
1480 1307 1613 1366 VIII.

227 1190 425 1245 ﬂumina
442 1231 456 1254 ,
489 1187 658 1272 dave-

225 1269 343 1318 runt
366 1269 542 1326 venti,
567 1271 622 1317 et

227 1332 546 1388 oﬂenderunt

227 1406 275 1460 in
296 1404 498 1459 domum
529 1403 678 1460 illam
701 1444 718 1471 ,
1111 1398 1246 1454 LEt
1275 1399 1628 1459 descendent.
1676 1442 1691 1458 .

227 1475 672 1532 etnoncecidit:

227 1547 424 1602 fundata
447 1546 593 1602 enim
1039 1583 1055 1598 .
1100 1585 1112 1598 .
1162 1582 1178 1596 .
1223 1585 1236 1600 .
1283 1582 1298 1598 .
1342 1584 1356 1599 .
1403 1584 1418 1600 .
1465 1585 1479 1600 .
1526 1555 1610 1604 .nt

228 1629 634 1689 eratsuprape—
1041 1654 1054 1668 .
1137 1656 1150 1668 .
1234 1655 1247 1668 .
1330 1657 1344 1670 .
1426 1659 1440 1673 .
1518 1655 1534 1672 .
1613 1659 1628 1674 .
1709 1659 1722 1674 .
1779 1659 1796 1676 .

227 1700 367 1745 tram.

225 1761 308 1817 26.
345 1761 411 1834 Et
437 1763 636 1828 omnis,
669 1761 762 1834 qui
792 1776 888 1818 au-

228 1835 298 1888 dit
317 1833 466 1889 verba
489 1849 610 1891 mea

1035 1759 1091 1814 2.
1125 1759 1371 1829 leprosus
1401 1760 1520 1830 qui-

1037 1832 1160 1886 dam
1191 1830 1436 1899 veniens,

1037 1902 1298 1958 adorabat
1325 1918 1448 1957 eum

1037 1974 1224 2030 dicens
1249 1990 1262 2026 :
1308 1973 1560 2040 Domine,
1593 1975 1640 2032 si

1035 2045 1139 2113 vis,
1175 2051 1327 2116 potes
1357 2061 1446 2102 me

1035 2118 1090 2174 5.
1128 2117 1408 2172 mundare.
1445 2117 1512 2174 Ει

1037 2189 1336 2244 extendens

1039 2275 1256 2316 manum
1288 2259 1470 2330 Jesus,

1039 2333 1213 2404 tetigit
1238 2347 1360 2388 eum
1378 2375 1392 2399 ,
1425 2331 1512 2390 di-

1038 2419 1169 2459 cens
1191 2423 1202 2458 :
1249 2404 1382 2460 Volo
1407 2421 1566 2462 mun—

1039 2475 1191 2532 dare.
1240 2475 1310 2530 Et
1337 2477 1514 2532 conti-

1039 2563 1146 2601 nuo
1177 2549 1398 2602 munda-

1041 2628 1094 2672 ta
1120 2627 1205 2673 est
1232 2619 1379 2687 lepra
1411 2619 1548 2688 ejus.

1038 2688 1094 2743 4.
1141 2689 1206 2744 Ει
1238 2691 1312 2744 ait
1342 2689 1418 2746 illi
1442 2691 1634 2748 .lesus;
1666 2691 1743 2748 vi-

1039 2760 1128 2826 de,
1160 2761 1362 2816 nemini
1391 2761 1478 2816 di-

1038 2833 1185 2888 xeris
1206 2850 1218 2884 :
1267 2831 1362 2887 sed
1392 2834 1550 2902 vade,

1036 2903 1262 2959 ostende
1291 2913 1344 2958 te
1373 2919 1461 2960 sa-

229 1905 347 1960 haec
365 1945 380 1972 ,
401 1915 586 1962 etnon
615 1904 698 1960 fa-

225 1976 288 2030 cit
315 1991 368 2032 ea
389 2017 404 2044 ,
433 1977 627 2032 similis

227 2056 302 2102 est
337 2090 350 2103 .
391 2089 405 2106 .
436 2049 519 2104 iro
541 2047 679 2105 stul-

229 2129 304 2181 to.
345 2157 358 2172 .
399 2159 414 2174 .
455 2162 470 2176 .
515 2160 529 2176 .
561 2119 781 2176 ediﬁce-

225 2191 294 2245 vit
310 2189 516 2248 domum
539 2207 634 2252 stt-

224 2278 300 2316 am
319 2277 457 2331 supr.
505 2305 518 2316 .
571 2305 586 2318 .
632 2305 646 2318 .

223 2334 305 2387 27.
343 2349 522 2391 renam
553 2353 567 2390 :
599 2345 656 2392 et
681 2333 800 2392 des.
849 2375 861 2388 .
909 2377 921 2388 .

225 2407 296 2460 dit
315 2408 514 2476 pluvia,
563 2448 578 2462 .
624 2447 637 2461 .
685 2447 698 2460 .

227 2487 420 2532 nerunt.
463 2521 477 2534 .
522 2521 536 2535 .
587 2521 599 2533 .
645 2517 660 2532 .

225 2550 504 2616 mina,..
553 2589 628 2605 ..
677 2591 690 2606 .

227 2631 340 2674 runt
363 2623 500 2677 venti
523 2665 538 2688 ,
564 2631 622 2676 et

227 2690 544 2750 offenderunt
573 2695 628 2748 in

227 2763 424 2819 domum
454 2765 602 2820 illam
621 2805 638 2830 ,

227 2845 274 2889 et
291 2837 474 2890 cecidit
495 2877 510 2902 ,
543 2846 600 2894 et
617 2836 736 2892 fac-

227 2915 271 2958 ta
291 2917 366 2962 est
393 2908 546 2963 ruina
572 2907 693 2978 ejus

226 2991 418 3048 magna.
603 2974 618 2978 ’
1035 2975 1267 3048 cerdoti,
1300 2983 1356 3030 et
1383 2974 1466 3032 of-

224 3045 326 3103 28.’
343 3051 404 3106 Et
427 3049 628 3108 factum
649 3057 736 3108 est
767 3068 782 3108 :
1038 3045 1150 3102 fers
1180 3061 1400 3114 munus,

225 3133 334 3178 cum
351 3137 602 3184 consum-
1041 3117 1186 3189 quod
1217 3133 1440 3189 praece-

621 3257 854 3316 CODEX
889 3255 1364 3314 CORBEIENSIS.

217 3353 392 3410 Omnis
415 3369 548 3424 ergo
573 3355 670 3424 qui
701 3353 851 3408 audit
878 3353 1040 3410 verba
1072 3357 1200 3424 mea
1219 3350 1236 3382 ¹
1265 3350 1420 3424 haec,
1459 3356 1515 3424 et
1544 3348 1674 3424 facit
1702 3364 1796 3412 ea.

215 3421 611 3482 assimilabi'tur'
639 3427 757 3480 viro
795 3423 1060 3495 sapienti,
1095 3421 1186 3495 qui
1216 3421 1518 3495 aediﬁcavit
1577 3423 1796 3476 domum

213 3511 354 3552 suam
381 3513 542 3564 supra
576 3493 906 3564 petratn',et
928 3493 1214 3552 descendit
1237 3493 1438 3562 pluvia,
1457 3501 1510 3547 et
1534 3503 1798 3548 venerunt

213 3567 454 3634 fluinina,
478 3581 532 3626 et
557 3568 822 3624 [laverunt
857 3567 1040 3628 venti,
1077 3574 1132 3620 et
1163 3567 1437 3622 irrucrunt
1481 3565 1530 3618 in
1569 3564 1792 3620 domum

215 3639 370 3706 illam,
403 3653 456 3696 et
486 3657 593 3696 non
625 3640 825 3696 cecidit
857 3659 872 3692 ;
902 3639 1118 3692 fundata
1161 3636 1308 3690 enim
1365 3646 1481 3704 erat
1513 3652 1676 3705 super
1706 3651 1798 3704 pe-

213 3719 362 3766 tram.
397 3714 460 3768 Et
480 3715 696 3776 omnis,
736 3710 830 3782 qui
853 3710 1004 3766 audit
1045 3709 1208 3782 verba
1249 3723 1368 3762 mea
1411 3707 1547 3782 haec
1563 3717 1661 3782 ,__et
1689 3723 1794 3782 non

211 3781 334 3838 facit
375 3801 474 3850 ea,
521 3784 719 3839 similis
746 3779 769 3814 ⁵
795 3785 898 3838 erit
946 3781 1065 3836 viro
1107 3781 1308 3844 stulto,
1351 3779 1442 3849 qui
1495 3779 1798 3834 aediﬁcavit

211 3855 418 3912 domum
463 3872 620 3912 suam
673 3870 840 3922 super
879 3867 1100 3908 arenam
1127 3850 1266 3905 “:et
1291 3850 1572 3906 descendit
1596 3851 1795 3919 pluvia,

211 3935 264 3980 et
291 3939 546 3984 venerunt
571 3925 820 3992 ﬂumina,
851 3935 906 3980 et
929 3923 1204 3978 [laverunt
1231 3923 1375 3976 venti
1395 3964 1407 3982 ,
1439 3931 1492 3975 et
1523 3922 1798 3976 irrucrttnt

211 3996 262 4052 in
297 3999 508 4054 domum
555 4001 734 4062 illam,
783 4006 840 4052 et
883 3995 1117 4061 cecidit,
1171 4002 1226 4050 et
1271 3993 1292 4024 ⁵
1346 3993 1441 4048 fuit
1479 3995 1634 4048 ruina
1681 3993 1799 4064 ejus

210 4085 414 4126 alanna.

438 4139 508 4197 Et
547 4140 748 4196 factum
791 4149 874 4198 est
903 4157 916 4195 :
945 4153 1110 4211 quum
1155 4143 1600 4211 consummasset
1641 4135 1801 4211 Jews

211 4214 366 4270 verba
420 4216 576 4276 haec,
611 4209 1018 4268 admirabantur
1065 4209 1256 4264 turbae
1301 4223 1463 4278 super
1494 4209 1799 4264 doctrinam

211 4285 340 4352 ejus.
369 4287 496 4342 Erat
521 4286 664 4340 enim
697 4286 904 4338 ducens
925 4299 1020 4338 eos
1046 4283 1186 4338 sicut
1211 4287 1538 4352 potestatem
1569 4281 1796 4352 habens,

213 4351 265 4410 et
308 4375 408 4412 non
451 4360 592 4412 sicut
646 4356 870 4414 Scrihae
911 4371 1136 4418 eorum,
1195 4353 1214 4382 ⁸
1277 4360 1374 4406 aut
1424 4351 1725 4406 Pharisaei.
1779 4351 1798 4382 ⁷

213 4427 338 4482 Cum
372 4438 550 4484 autem
593 4427 966 4484 descendisset
1009 4429 1076 4480 de
1109 4433 1324 4488 monte,
1369 4435 1634 4492 srquutac
1677 4430 1805 4476 sunt

214 4513 328 4576 eum
354 4503 814 4576 turbaemultae;
841 4508 1050 4576 et‘ecce
1070 4500 1328 4576 leprosus
1359 4495 1380 4527 ⁸
1409 4495 1652 4558 veniens,
1670 4493 1796 4576 ado-

215 4575 344 4626 ravit
359 4568 480 4628 eum
512 4574 702 4628 dicens
725 4589 738 4625 :
767 4571 1012 4634 Domine,
1039 4569 1081 4622 si
1099 4571 1196 4633 vis,
1225 4575 1376 4634 potes
1403 4581 1488 4620 me
1515 4568 1800 4620 mundare.

215 4641 280 4696 Et
305 4645 595 4700 extendens
622 4645 642 4678 ⁹
677 4658 918 4706 manum,
969 4639 1144 4710 tetigit
1183 4655 1304 4692 eum
1332 4679 1345 4700 ,
1389 4637 1576 4710 dicens
1609 4655 1622 4691 :
1650 4635 1803 4710 Volo

215 4717 485 4776 mundare.
512 4716 580 4770 Et
601 4713 888 4770 confestim
912 4707 1166 4768 mundata
1181 4717 1264 4764 est
1291 4713 1437 4777 lepra
1464 4709 1601 4776 ejus.
1643 4709 1708 4762 Et
1731 4707 1807 4764 ait

215 4783 288 4840 illi
309 4785 460 4842 Jesus
486 4805 498 4840 :
553 4785 711 4852 Vide,
768 4785 967 4839 nemini
999 4781 1205 4838 dixeris
1231 4799 1243 4834 :
1271 4780 1367 4836 sed
1396 4779 1551 4846 vade,
1577 4779 1806 4836 ostende

217 4865 264 4910 te
291 4858 586 4924 sacerdoti,
615 4866 671 4913 et
698 4851 838 4912 loffer
862 4870 1082 4920 munus,
1134 4851 1278 4924 quod
1304 4867 1526 4923 praece-

1907 479 2230 554 24._Omnis
2257 495 2410 552 ergo,
2437 484 2530 554 qui

1909 552 2059 607 audit
2093 553 2254 607 verba
2283 569 2406 610 mea

1906 623 2062 690 haec,
2097 635 2152 680 et
2183 623 2312 680 facit

1908 709 1994 761 ea,
2025 696 2216 750 similis
2244 703 2328 751 est

1907 767 2022 822 viro
2049 767 2304 836 sapienti,

1906 839 1994 964 Ἅιιί
2026 839 2328 894 aediﬁcavit

1947 925 2124 964 omum
2157 925 2310 964 suam

1947 925 2124 964 omum
2157 925 2310 965 suam

1905 996 2066 1051 supra
2099 991 2344 1051 petram:

1905 1052 1997 1126 25.
2041 1051 2322 1108 descendit
2344 1053 2554 1126 plubia,

1907 1122 2176 1180 ﬂaverunt
2209 1122 2380 1192 venti,
2545 1136 2556 1146 ‘

1906 1195 2246 1252 advenerunt

1904 1265 2154 1334 ﬂumina,
2189 1277 2243 1323 et

1905 1338 2253 1394 oﬂcnderunt

1904 1409 1960 1464 in
1991 1411 2210 1466 dommn
2243 1411 2412 1480 illam,

1905 1491 1960 1536 et
1991 1497 2098 1536 non
2128 1483 2326 1538 cecidit
2355 1502 2370 1538 :

1904 1551 2128 1609 fundata
2161 1555 2308 1610 enim

1905 1635 2025 1696 erat
2054 1640 2219 1696 super

1905 1695 1994 1752 26.
2041 1695 2274 1767 petram.
2321 1698 2388 1754 Et
2415 1699 2618 1767 omnis,

1908 1769 1998 1837 qui
2027 1769 2175 1822 audit
2205 1770 2370 1825 verba

1907 1855 2024 1894 mea
2058 1839 2216 1907 haec,
2245 1851 2302 1896 et

1906 1927 2015 1966 non
2047 1911 2172 1964 facit
2204 1927 2292 1974 ea,

1904 1983 2096 2038 similis
2127 1991 2210 2038 est
2234 1985 2353 2040 viro

2741 483 3077 540 mirabantur

2742 555 2931 612 turbae
2961 571 3126 626 super

2741 627 3043 683 doctrinam
3075 627 3216 698 ejus.

2740 699 2831 756 29.
2877 698 3007 754 Erat
3035 703 3180 760 enim

2741 769 2942 826 docens
2971 787 3066 826 eos

2742 842 2882 896 sicut
2913 853 3234 912 potestatem

2745 913 2972 980 habens,
3005 931 3112 970 non

2745 985 2884 1038 sicut
2911 984 3152 1054 Scribae,
3179 995 3236 1044 et

2743 1055 3024 1113 Pharisaei

2745 1141 2954 1184 eorum.

2927 1315 3157 1374 CAPUT
3187 1315 3322 1376 VIII.

2745 1483 2798 1538 1.
2839 1479 2909 1535 Et
2940 1479 3306 1538 descendente

2743 1568 2809 1609 eo
2836 1553 2904 1608 de
2933 1563 3138 1618 monte,

2741 1631 2962 1680 secutae
2992 1630 3122 1678 sunt

2740 1695 2791 1751 2.
2831 1711 2954 1750 eum
2986 1695 3180 1752 turbae

2741 1767 2980 1822 multae:
3009 1775 3064 1822 et
3087 1781 3216 1824 ecce

2743 1841 2991 1910 leprosus
3017 1837 3237 1908 quidam

2741 1909 2988 1975 veniens,
3004 1910 3266 1968 adorabat

2741 1997 2863 2037 eum
2887 1981 3076 2038 dicens
3103 1999 3118 2035 :

3406 276 3508 334 182

2741 2053 2992 2118 Domine,
3015 2053 3060 2108 si
3092 2053 3174 2108 vis

2743 2134 2895 2194 potes
2919 2139 3005 2178 me
3035 2139 3200 2180 mun-

1904 2054 2092 2120 stulto,
2115 2055 2204 2122 qui
2235 2055 2383 2110 aedi-

1905 2125 2086 2180 ﬁcabit
2121 2125 2340 2182 domum

2739 2200 2791 2253 5.
2834 2197 2990 2252 dare.
3023 2196 3091 2250 Et
3128 2205 3320 2254 exten—

2737 2269 2873 2324 dens
2905 2282 3122 2322 manum
3152 2277 3232 2324 te-

2743 2341 2863 2410 tigit
2884 2354 3006 2394 eum
3022 2339 3220 2410 iJesus,

2744 2409 2930 2468 dicens
2955 2429 2968 2466 :
3013 2409 3152 2468 Volo

2744 2483 3028 2538 mundare.
3056 2483 3128 2540 Et

2745 2554 3030 2611 confestim
3071 2554 3330 2612 mundata

2741 2633 2826 2680 est
2855 2626 3003 2695 lepra
3033 2626 3170 2692 ejus.

2741 2697 2794 2752 4.
2839 2697 2908 2751 Et
2933 2696 3008 2748 ait
3035 2697 3114 2752 illi

2741 2767 2898 2824 Jesus
2931 2786 2944 2820 ι
2979 2767 3120 2834 vide,

2740 2837 2947 2894 nemini
2971 2836 3174 2902 dixeris
3203 2856 3219 2892 :

2742 2909 2838 2965 sed
2869 2907 3024 2974 vade,
3057 2917 3238 2964 osten-

2740 2981 2808 3036 de
2837 2989 2889 3035 te
2905 2979 3199 3046 sacerdoti,

2743 3063 2798 3108 et
2819 3051 2984 3106 offers
3013 3067 3236 3119 munus,

2743 3123 2886 3196 quod
2911 3126 3186 3194 praecepit

1903 2211 2055 2268 suam
2088 2213 2250 2268 supra
2283 2199 2379 2252 ha-

1902 2267 1994 2322 27.
2037 2267 2264 2324 renam:
2311 2271 2580 2328 discendit

1905 2340 2105 2410 pluvia,
2137 2341 2403 2398 ﬂaverunt

1905 2412 2074 2476 venti,
2107 2414 2448 2470 advenerunt

1903 2481 2146 2550 ﬂumina,
2171 2495 2226 2540 et

1904 2555 2250 2612 offenderunt
2285 2559 2338 2612 in

1903 2626 2124 2682 domum
2155 2628 2323 2692 illam,

1903 2705 1960 2752 et
1989 2698 2208 2764 cecidit,
2245 2707 2304 2754 et

1903 2768 2044 2822 facta
2077 2779 2160 2823 est
2191 2769 2342 2824 ruina

1903 2839 2024 2907 ejus
2051 2854 2266 2908 magna.

1902 2910 1995 2966 28.
2033 2911 2100 2965 Ει
2129 2911 2326 2966 factum

1906 2991 2024 3037 est:
2063 2996 2184 3036 cum
2213 2997 2346 3038 COR-

1905 3063 2232 3108 summasset
2259 3053 2420 3112 .lesus

1907 3125 2072 3180 verba
2105 3123 2260 3188 haec.
2283 3126 2380 3182 ad-

2375 3259 2611 3318 CODEX
2649 3259 3042 3318 BRIXIANUS.

1907 3351 2098 3408 Omnis
2143 3368 2275 3423 ergo
2311 3355 2404 3424 qui
2443 3353 2592 3410 audit
2626 3354 2790 3410 verba
2829 3369 2949 3408 mea
2995 3351 3128 3410 haec
3153 3360 3208 3408 et
3230 3351 3360 3410 facit
3396 3367 3458 3408 ea
3482 3361 3509 3392 α

1908 3424 2162 3480 similabo
2191 3441 2314 3480 eum
2345 3426 2464 3481 viro
2503 3427 2754 3494 sapienti.
2798 3427 2886 3494 qui
2934 3425 3242 3482 aediﬁcavit
3289 3425 3510 3482 domum

1907 3511 2059 3550 suam
2082 3512 2244 3567 supra
2265 3507 2493 3567 petram.
2517 3507 2572 3552 et
2595 3497 2878 3556 descendit
2925 3496 3125 3566 pluvia.
3164 3507 3216 3552 et
3245 3505 3511 3552 venerunt

1908 3567 2150 3622 ﬁumina.
2197 3579 2252 3623 et
2293 3567 2559 3624 [laverunt
2595 3570 2762 3624 venti.
2789 3569 3182 3638 etinpegerunt
3211 3569 3264 3624 in
3287 3568 3508 3624 domum

1902 3639 2070 3694 illam.
2123 3649 2178 3694 et
2225 3657 2332 3696 non
2365 3656 2395 3694 c
2432 3639 2460 3680 ιι
2510 3641 2675 3696 ccidit
2695 3639 2911 3694 fundata
2943 3641 3086 3694 enim
3115 3647 3233 3694 crat
3261 3655 3324 3694 su
3355 3651 3375 3677 ο
3411 3653 3506 3710 pe-

1903 3719 2058 3766 tram.
2091 3713 2348 3768 litomuis
2375 3713 2464 3776 qui
2487 3712 2638 3766 audit
2667 3713 2826 3766 verba
2855 3727 2972 3766 mea
3009 3722 3064 3766 et
3107 3727 3215 3766 non
3257 3711 3381 3766 facit
3415 3726 3503 3766 ea.

1901 3783 2228 3838 similahitur
2258 3786 2374 3840 viro
2413 3785 2596 3836 stulto.
2625 3783 2716 3854 qui
2748 3781 3056 3836 aediﬁcavit
3095 3783 3314 3836 domum
3355 3798 3510 3838 suam

1902 3869 2065 3921 super
2117 3854 2397 3910 harenam.
2451 3863 2505 3908 et
2559 3853 2839 3908 descendit
2891 3853 3086 3921 pluvia.
3134 3863 3190 3908 et
3235 3863 3506 3910 venerunt

1903 3923 2143 3979 flumina.
2197 3935 2251 3978 et
2307 3926 2569 3994 [laverunt
2619 3927 2786 3978 venti.
2843 3935 2896 3978 et
2941 3924 3262 3994 iupegeruut
3307 3927 3358 3978 in
3402 3923 3501 3978 do-

1905 4012 2050 4049 mum
2103 3997 2250 4050 illam
2295 4007 2350 4051 et
2383 4011 2414 4050 c
2443 3993 2470 4032 ά
2499 3995 2660 4050 ccidit
2699 4005 2750 4050 et
2791 3995 2928 4050 facta
2960 3993 3112 4048 ruina
3139 3995 3256 4064 ejus
3282 4010 3500 4060 magna.

1903 4068 1971 4123 Et
2000 4067 2196 4120 factum
2229 4077 2331 4122 est.
2363 4083 2483 4122 cum
2515 4075 2946 4124 consummasset
2970 4065 3129 4122 .lesus
3162 4066 3323 4120 verba
3352 4067 3508 4120 haec.

1903 4139 2314 4196 admirabuntur
2353 4140 2564 4194 turbae.
2609 4155 2770 4208 super
2828 4139 3128 4194 doctrinam
3189 4138 3327 4207 ejus.
3380 4136 3511 4194 Erat

1904 4213 2047 4266 enim
2085 4211 2288 4266 docens
2329 4226 2423 4265 eos
2467 4213 2610 4266 sicut
2643 4220 2962 4280 potestatem
3027 4209 3251 4264 habens.
3299 4221 3354 4264 et
3401 4224 3510 4264 non

1905 4284 2044 4338 sicut
2101 4281 2307 4338 Scrihae
2369 4297 2578 4338 eorum.
2644 4279 3016 4338 Descendente
3070 4292 3250 4336 autem
3309 4295 3375 4336 eo
3443 4279 3512 4336 de

1907 4364 2114 4408 monte.
2159 4365 2378 4410 secutae
2425 4367 2550 4410 sunt
2595 4369 2717 4410 eum
2768 4355 2957 4410 turhae
3001 4353 3222 4408 multae.
3268 4353 3336 4408 Et
3381 4366 3513 4416 ecce

1907 4425 2156 4494 leprosus
2185 4427 2407 4494 quidam
2442 4428 2662 4480 veniens
2696 4427 2956 4480 adorabat
2989 4441 3111 4480 eum
3154 4423 3364 4480 dicens.
3411 4425 3516 4478 Do-

1907 4501 2052 4568 mine
2097 4496 2143 4550 si
2169 4499 2249 4554 vis
2298 4505 2450 4568 putes
2480 4514 2566 4554 me
2597 4499 2880 4552 mundare.
2913 4497 2990 4568 Et
3023 4505 3216 4568 exteris
3243 4505 3264 4531 ο
3289 4510 3510 4568 manum

1906 4567 2088 4624 .lesus.
2123 4565 2440 4639 tetigit'eum
2465 4571 2651 4624 dicens
2673 4571 2806 4624 Volo
2835 4567 3113 4622 mundare.
3139 4567 3208 4639 Et
3224 4565 3512 4639 confestim

1909 4642 2167 4696 mundata
2195 4637 2278 4696 eSt
2310 4643 2456 4710 lepra
2487 4643 2624 4711 ejus.
2661 4641 2732 4696 Et
2751 4643 2825 4696 ait
2857 4640 2934 4694 illi
2963 4639 3120 4711 .lesus
3147 4637 3513 4711 Videknemini

1909 4711 2134 4768 dixeris.
2165 4713 2261 4768 sed
2295 4707 2430 4768 vade
2463 4707 2692 4768 ostende
2721 4721 2772 4768 te
2803 4710 3094 4774 sacerdoti.
3151 4719 3206 4764 et
3235 4707 3369 4768 oﬂ'et‘
3397 4723 3514 4768 tnu-

1909 4799 2030 4837 nus.
2077 4785 2220 4852 quod
2266 4787 2541 4854 praecepit

900 4991 1297 5053 VARIANTES
1327 4989 1715 5048 LEGTIONES
1753 4985 2021 5046 CODICIS
2059 4987 2171 5045 MS.
2216 4988 2272 5046 S.
2315 4985 2822 5046 GERMANENSIS.

275 5117 292 5146 ¹
321 5127 446 5174 mea,
472 5121 526 5165 et
547 5112 663 5164 facit
678 5125 760 5174 ea,
784 5111 959 5163 similis
981 5119 1060 5161 est

275 5178 294 5208 ²
326 5170 532 5252 petram.
551 5170 825 5252 Qescen'dit
841 5177 1034 5252 pluvia,
1046 5173 1294 5252 tigerunt
1311 5173 1476 5234 venti;
1497 5170 1808 5222 advenerunt

223 5237 420 5301 numina,
446 5249 502 5291 et
521 5237 908 5292 oﬂ‘enderunt’in
929 5237 1148 5298 domum,
1176 5241 1273 5286 etc.

279 5311 297 5334 Ι

279 5364 297 5394 ⁵
327 5311 470 5416 gris
493 5381 504 5416 :
525 5362 783 5416 descendit
821 5361 1008 5426 pluvia;
1033 5361 1280 5411 ﬂaverant
1311 5361 1472 5422 venti;
1499 5358 1809 5412 advenerunt

229 5425 422 5492 ﬂumina,
451 5437 505 5480 et
530 5417 849 5479 offenderunt
868 5427 920 5474 in
941 5417 1156 5486 domum,
1189 5431 1283 5474 etc.

1979 5108 1999 5139 ⁵
2033 5106 2156 5156 facta
2181 5114 2257 5156 est

1979 5168 2001 5199 ⁸
2037 5177 2089 5219 et
2113 5170 2382 5220 Pharisaei.

1978 5233 1998 5263 "
2034 5230 2096 5281 Et
2115 5231 2454 5282 descendente
2476 5243 2538 5280 eo
2559 5229 2623 5280 de
2645 5233 2813 5284 monte

1978 5293 2000 5387 ξ
2033 5293 2232 5387 rigidam
2253 5297 2459 5345 veniens
2475 5293 2706 5342 adorabat

2067 5369 2182 5406 esus

1535 5525 1905 5584 BLANCHINI
1941 5525 2172 5586 NOTE.

292 5651 316 5679 ⁸
345 5642 434 5700 Sic
465 5644 518 5700 in
547 5641 768 5700 Codice.
809 5642 929 5702 Lita
958 5649 1040 5700 est
1065 5658 1117 5698 m
1145 5639 1337 5698 ﬁnalis.

291 5712 318 5754 δ
347 5715 554 5772 Extrita
587 5724 674 5772 est
708 5731 759 5770 α.

301 5796 320 5826 ε
350 5787 666 5870 Antiquario
695 5787 946 5868 excidere
977 5794 1088 5856 tres
1123 5785 1232 5844 illae
1267 5784 1459 5858 litters
1495 5801 1605 5860 per.

1995 5641 2021 5682 ἀ
2059 5643 2270 5702 Extrita
2298 5651 2382 5700 est
2408 5661 2462 5699 a.

1999 5717 2021 5746 θ
2050 5709 2314 5774 Excidcre
2342 5713 2663 5788 Antiquario
2689 5714 2883 5772 litterae
2913 5713 3034 5772 den.
