1947 3168
188 126 241 155 185

386 182 502 213 CODEX
521 180 793 211 VERCELLENSIS.

193 232 234 268 pit
245 231 363 268 Moyses,
380 232 408 259 in
610 230 655 268 ρο.
679 228 801 268 Audiens
820 232 911 256 autem

194 264 381 296 iestimonium
609 266 689 294 Iesus
709 264 823 292 miratus

193 303 225 331 ill
242 323 250 332 .
267 323 275 331 .
295 324 301 331 .
319 323 326 331 .
343 323 351 330 .
368 322 377 331 .
395 323 401 330 .
610 308 664 334 est,
685 304 714 329 et
733 307 849 335 sequen-

193 339 282 367 Post.
300 358 307 366 .
326 359 331 366 .
352 359 358 365 .
377 359 384 366 .
404 360 411 366 .
429 358 436 366 .
455 359 461 366 .
479 361 486 373 ,
610 338 683 365 tibus
697 336 829 373 serdixit:

610 374 698 401 Amen
710 372 771 399 dico
784 378 833 399 vo-

611 410 663 441 bis,
678 409 739 443 quia
755 407 781 435 in
798 407 858 435 ttul-

610 445 636 472 lo
653 450 753 471 tantam

611 481 693 508 ﬁdem
706 481 780 507 inve~

612 516 674 543 niin
688 515 812 542 Istrahel.

614 553 657 579 il.
679 552 743 579 Dico
760 556 849 579 autem
860 559 909 579 vo-

612 588 665 621 bis,
678 586 749 623 quod
761 587 829 614 mul-

613 624 632 651 ti
645 624 678 651 ab
691 624 806 655 oriente,

195 375 223 403 5.
243 382 303 402 cum
317 374 428 402 introis-

194 415 238 439 set
250 410 404 451 Capharna-

194 454 252 479 um,
267 451 382 474 accessu.

195 483 229 510 ad
243 489 303 509 eum
319 482 378 517 qui-

195 518 257 545 dam
270 517 371 545 Centu-

194 554 248 586 rio,
262 561 361 589 rogans
376 561 449 584 eum,

196 589 223 617 6.
243 593 270 617 et
282 590 377 617 dicens
388 598 393 616 :
415 588 539 623 Domine,

194 632 263 659 puer
276 632 354 652 meus
369 625 410 659 ia-

195 665 239 688 cct
252 661 278 687 in
294 660 376 688 domo
612 663 639 687 et
649 659 790 687 occidente

196 696 371 732 paralyticus,
610 695 708 732 venien
730 715 736 721 .
761 715 768 721 .
790 713 797 721 .
820 715 827 722 .

196 736 225 759 et
239 731 309 760 male
323 737 431 767 torque-
611 731 741 767 cumbunt
754 738 815 758 cum

196 767 224 794 7.
247 773 300 795 tur.
323 768 356 795 Et
369 766 406 795 ait
612 766 759 797 Abraham.
775 770 803 793 et

196 804 234 831 illi
249 803 345 832 Iesus:
368 803 424 839 Ego
437 811 483 832 ve-
613 802 682 835 Isac,
693 807 721 830 et
733 801 816 829 Iacob

196 840 285 873 niens,
300 847 380 867 cura-
394 838 401 839 7
613 838 640 865 in
656 845 739 873 regno
753 845 816 865 cae-

614 875 659 902 12.
681 873 769 901 lorttm
782 882 789 901 :
805 873 841 901 ﬁli
854 880 904 900 au-

614 914 668 937 tem
683 909 758 938 reani
775 909 851 938 ibttnt

198 875 225 902 8.
246 876 281 903 bo
292 882 365 903 eum.
383 875 418 903 Et
429 883 488 904 res-

197 911 322 945 pondens
336 911 406 939 Cen-

197 947 280 980 turio,
297 948 335 974 ait
349 947 389 975 illi
403 958 409 975 :
614 946 642 973 in
654 946 780 972 tenebras

198 982 323 1017 Domine,
339 990 392 1010 non
407 990 467 1010 sum
614 980 781 1017 exteriores:
796 981 818 1008 i-

197 1017 296 1053 dignus
310 1015 340 1046 ut
353 1019 394 1046 in-
614 1016 643 1045 bi
653 1016 705 1053 erit
715 1015 804 1053 ﬂetus,

198 1051 254 1081 trés
270 1054 321 1082 sub
335 1058 435 1082 tectum
615 1056 643 1081 et
655 1052 757 1080 stridor
771 1051 840 1079 den-

198 1097 289 1117 tneum
299 1098 307 1120 ζ
329 1090 377 1118 sed
397 1094 457 1117 tan-
614 1089 692 1116 tium.

198 1130 255 1152 tum
270 1125 313 1153 dic
327 1133 390 1154 ver-
616 1124 660 1152 15.
682 1123 718 1151 Et
732 1124 800 1151 dixit
813 1123 915 1151 Centu-

199 1161 217 1187 h
235 1181 241 1187 .
260 1182 267 1189 .
285 1182 291 1188 .
311 1182 316 1188 .
335 1181 341 1189 .
357 1161 434 1190 nabi-
616 1159 686 1188 rioni
703 1169 709 1187 :
725 1159 811 1193 Vade,
827 1160 865 1187 si-
910 1182 911 1185 η

200 1196 228 1232 9.
250 1217 256 1223 .
276 1217 282 1223 .
299 1216 306 1223 .
323 1218 330 1224 .
348 1217 354 1224 .
370 1204 414 1224 am
429 1201 457 1225 et
471 1203 521 1232 ego
616 1195 813 1232 cutcredidisti

200 1231 283 1259 homo
303 1240 363 1260 sutn
383 1232 434 1260 sub
492 1231 498 1232 ⁷
616 1231 731 1259 ﬁattibi.
746 1231 778 1259 Et
798 1238 878 1258 sana-

200 1272 364 1302 potestatem
617 1271 661 1295 tus
674 1272 717 1294 est
730 1274 797 1302 puer
811 1274 845 1295 ex
859 1267 892 1294 il-

200 1304 375 1337 constitutus,
617 1303 642 1330 la
659 1302 736 1330 hora.

618 1339 663 1367 14.
685 1338 789 1366 Etcum
801 1338 892 1366 venis-

617 1379 661 1403 set
672 1374 752 1402 Iesus
767 1376 794 1401 in
810 1375 862 1401 do-

618 1418 692 1438 mum
707 1410 791 1444 Petri,
808 1409 850 1437 vi-

618 1446 658 1474 dit
666 1453 775 1473 socrum
788 1446 847 1481 ejus

616 1482 764 1517 iacentem,
778 1486 806 1509 et
819 1480 862 1509 fe-

618 1518 792 1545 bricitantem
805 1526 811 1543 :

619 1553 664 1581 15.
685 1557 713 1581 et
723 1553 810 1588 tetigit
822 1560 882 1581 ma-

420 1625 537 1654 CODEX
551 1625 786 1655 CORBEIENSIS.

200 1673 238 1708 pit
251 1671 372 1709 Moyses,
396 1672 424 1700 in
438 1673 622 1700 testimonium
638 1672 724 1709 illis.»1
745 1671 834 1709 Quum
847 1675 937 1709 autem
958 1670 1001 1709 in-

199 1707 312 1736 troisset
326 1707 526 1744 Capharnaum,
552 1708 667 1735 accessit
690 1707 723 1735 ad
748 1715 810 1735 eum
826 1708 836 1722 ’
854 1707 995 1744 centurio,

199 1751 301 1779 rogans
316 1743 389 1776 eum,
404 1749 432 1772 et
445 1744 554 1771 dicens:
571 1744 696 1776 Domine,
713 1751 780 1778 puer
791 1743 950 1779 meusrjacet
968 1743 996 1770 in

201 1779 283 1807 donto
299 1781 473 1815 paralyticns,
486 1784 512 1807 et
527 1779 597 1807 male
610 1783 761 1815 torquetur.
774 1778 898 1815 Etaitilli
908 1778 996 1815 Iesus:

202 1815 258 1850 Ego
273 1816 284 1831 ³
300 1813 409 1843 veniam
421 1837 427 1846 .
452 1820 479 1843 et
492 1816 592 1843 curabo
602 1813 675 1842 eum.
699 1815 734 1842 Et
749 1814 916 1849 respondens
929 1813 998 1842 Cen—

201 1852 272 1879 turio
282 1872 289 1883 ,
312 1852 399 1879 dixit:
422 1851 536 1879 Domine
558 1858 611 1878 non
621 1858 679 1878 sum
692 1851 790 1886 dignus
804 1854 835 1876 ut
849 1850 932 1876 intres
948 1850 998 1877 sub

201 1890 301 1915 tectum
318 1895 422 1915 meum:
437 1887 485 1914 sed
502 1891 605 1914 tantum
615 1886 659 1914 dic
676 1888 801 1916 verbum,
813 1890 840 1912 et
861 1886 999 1912 sanabitur

199 1930 268 1956 puer
278 1930 366 1952 meus.
379 1923 446 1951 Nam
462 1927 489 1950 et
503 1930 553 1958 ego
569 1922 650 1949 ltomo
663 1930 722 1958 sum
737 1921 809 1958 sub}
821 1925 997 1958 potestatem,

199 1958 303 1986 habens
318 1960 369 1987 sub
382 1967 425 1987 me
441 1957 551 1991 milites,
565 1963 592 1986 et
605 1958 667 1986 dico
682 1957 758 1985 huic:
772 1957 856 1989 Vade,
874 1961 901 1989 et
915 1957 997 1990 vadit;

198 1996 304 2028 etalio,
316 1995 397 2028 Veni,
412 2000 439 2023 et
454 1995 543 2026 venit;
559 1998 587 2021 et
601 2001 684 2021 servo
697 2001 758 2020 meo
771 1993 798 2026 ⁵,
820 1992 873 2020 Fac
886 1993 952 2026 hoc,
973 1998 1000 2020 et

198 2031 272 2058 facit.
295 2030 415 2058 Audiens
436 2034 525 2057 autem
540 2030 620 2057 Iesus
644 2029 757 2056 miratus
777 2032 835 2060 est,
848 2032 1000 2063 ctsequen~

198 2066 271 2093 tibus
301 2073 331 2093 se
357 2066 453 2093 dixit:
475 2066 562 2093 Amen
598 2065 659 2092 dico
697 2064 794 2095 vobis,
828 2071 882 2090 non
910 2064 999 2090 inveni

199 2101 210 2115 ⁸
226 2106 326 2128 tantam
349 2102 429 2128 [idem
454 2101 480 2127 in
497 2100 593 2127 Israel.
617 2100 682 2127 Dico
701 2103 791 2126 autent
817 2098 903 2131 vobis,
929 2099 999 2133 quod

199 2136 277 2163 multi
291 2137 326 2163 ab
337 2139 454 2168 oriente,
467 2140 495 2163 et
509 2135 651 2162 occidente
667 2135 788 2167 venient,
805 2137 833 2161 et
842 2134 1002 2161 recumbeut

198 2178 260 2198 cum
270 2171 416 2203 Abraham,
431 2177 456 2198 ct
471 2171 556 2204 Isaac,
570 2170 691 2198 etIacob
705 2170 731 2197 in
747 2177 832 2204 regno
841 2170 979 2197 coclorum
994 2179 1000 2197 :

199 2207 248 2234 ﬁlii
262 2211 352 2234 autem
368 2207 443 2241 regni
461 2208 470 2222 ⁷
486 2206 629 2241 ejicientur
648 2206 675 2232 in
690 2206 816 2233 tenebras
828 2206 978 2241 exteriores
993 2214 1000 2233 :

198 2242 235 2270 ibi
254 2243 307 2270 erit
332 2240 411 2270 ﬂetus
426 2243 448 2273 ⁸,
463 2246 490 2269 et
510 2242 610 2269 stridor
624 2241 757 2269 dentittm.
781 2241 815 2268 Et
840 2240 907 2268 dixit
925 2241 1002 2269 Iesus

198 2277 358 2305 Centurioni
374 2287 381 2304 :
398 2278 481 2310 Vade,
498 2282 526 2304 et
539 2278 609 2304 sicut
622 2276 760 2304 credidisti
776 2276 822 2303 ﬁat
835 2277 893 2304 tibi.
911 2277 945 2304 Et
961 2286 998 2304 sa-

198 2319 279 2341 natus
291 2318 334 2341 est.
350 2321 419 2349 puer
431 2315 442 2329 ⁹
456 2314 483 2340 in
499 2313 544 2349 illa
558 2312 634 2340 hora.
651 2312 776 2349 thuum
791 2313 911 2340 venisset
924 2313 1003 2341 Iesus

198 2351 227 2378 in
241 2348 359 2377 domum
370 2349 461 2382 Petri,
475 2348 543 2376 vidit
560 2355 668 2377 socrum
685 2348 743 2383 eius
755 2349 902 2384 iacentem,
916 2354 943 2377 ct
965 2348 1004 2377 fe-

197 2385 387 2414 briticantem:
404 2390 430 2413 et
446 2385 533 2419 tetigit
543 2392 600 2412 ma-

201 1338 305 1368 babens
323 1340 374 1368 sub
389 1347 433 1367 me

202 1375 313 1408 milites,
335 1381 362 1404 et
382 1375 444 1404 dico

200 1410 281 1439 huic;
303 1411 388 1446 Vade,
410 1415 438 1439 et
453 1411 544 1444 vadit;

201 1447 266 1480 alio,
288 1447 366 1480 Veni,
388 1452 416 1475 et

200 1483 275 1511 venit
287 1492 294 1516 ;
313 1488 341 1511 et
360 1490 440 1511 servo

200 1526 264 1546 meo
283 1519 354 1551 dico,
376 1518 430 1546 Fac

202 1553 264 1588 hoc,
287 1559 315 1582 et
334 1554 410 1583 facit.

457 124 594 155 EUSEBII
612 122 783 153 VERCELL.
806 120 1030 151 EVANGELIUM
1044 121 1116 151 CUM
1134 121 1252 151 VARIIS
1269 121 1348 151 COD.
1368 121 1565 151 COLLATUM.

1786 121 1835 149 ιδι

1261 180 1378 209 CODEX
1395 179 1623 209 VERONENSIS.

1041 226 1159 263 Moyses,
1168 226 1196 255 in
1205 231 1245 255 te-
1461 228 1505 256 10.
1528 228 1646 256 Audiens
1661 231 1750 256 autem

1041 264 1200 291 stimonium
1211 263 1274 293 illiS.
1459 263 1539 292 Iesus
1549 265 1661 292 miratus

1042 299 1074 327 5.
1094 298 1160 336 Post
1174 299 1241 327 haec
1255 304 1356 335 autem,
1459 304 1511 333 est,
1526 304 1554 336 et
1568 298 1743 336 sequentibus

1041 342 1104 362 cum
1120 335 1259 364 introisset
1445 342 1490 364 -se
1497 335 1565 363 dixit
1575 344 1582 363 :

1042 369 1233 406 Cltafarnaum,

1042 406 1156 434 accessit
1166 407 1200 435 ad
1213 414 1274 436 eum

1043 442 1152 478 quidam
1166 443 1305 478 Centurio,

1042 485 1142 514 rogans
1153 485 1227 513 eum,

1459 372 1546 399 Amen
1556 371 1618 399 dico
1626 371 1714 405 vobis,

1459 415 1512 435 non
1527 408 1615 435 ittveni

1460 448 1562 471 tantam
1574 443 1654 471 ﬁdem

1460 480 1486 507 in
1503 479 1627 507 Istrahel.

1042 519 1071 541 et
1084 514 1177 541 dicens
1194 523 1202 542 :
1461 515 1506 543 Η.
1528 515 1592 542 Dico
1605 519 1697 543 autem

1044 549 1071 577 6.
1095 550 1217 587 Domine,
1231 559 1299 587 puer
1461 551 1550 585 vobis,
1564 551 1638 586 quod

1043 592 1121 613 meus
1131 585 1204 621 jacet
1231 585 1241 587 “
1464 587 1541 614 multi
1556 585 1590 614 ab
1604 587 1720 619 oriente,

1044 622 1071 649 in
1086 622 1167 649 domo
1182 630 1259 657 para-
1463 628 1491 651 et
1505 622 1646 651 occidente

1044 657 1154 693 lyticus,
1170 662 1197 685 et
1212 660 1282 687 male
1463 659 1586 691 venient,
1602 664 1631 687 et

1045 698 1196 728 torquetur.
1460 694 1621 722 recuntbent

1046 729 1073 756 7.
1094 729 1139 756 Ait
1152 729 1190 757 illi
1202 730 1282 759 Iesus
1297 741 1305 760 :
1460 737 1522 758 cum
1539 730 1624 758 Abra-

1045 764 1104 800 Ego
1116 765 1235 801 veniam,
1463 766 1537 800 ham,
1548 770 1575 793 et
1586 765 1654 801 lsac,

1046 807 1074 828 et
1088 801 1191 830 curabo
1463 808 1490 830 et
1502 802 1587 830 Iacob
1601 802 1627 830 in

1047 844 1120 865 eum.

1046 873 1073 901 8.
1095 872 1129 900 Et
1138 874 1306 909 reSpondens

1045 909 1186 943 Centurio,
1203 910 1241 938 ait
1260 910 1297 938 illi
1315 918 1322 937 :

1045 945 1159 973 Domine
1174 953 1227 973 non

1046 988 1105 1008 sum
1119 981 1216 1016 dignus
1226 986 1256 1009 ut

1047 1017 1132 1044 intres
1144 1017 1194 1044 sub
1210 1021 1249 1045 te-

1047 1058 1120 1080 ctum
1134 1060 1242 1081 meum:
1257 1054 1306 1082 sed

1047 1093 1151 1116 tantum
1163 1088 1206 1116 dic
1224 1097 1285 1116 ver-

1047 1124 1093 1157 bo,
1108 1128 1136 1151 et
1147 1125 1287 1153 sanabitur

1048 1159 1076 1187 9.
1096 1166 1172 1194 puer.
1184 1160 1250 1188 Nam
1264 1166 1292 1188 et

1048 1203 1099 1231 ego
1112 1195 1194 1224 homo
1206 1204 1266 1224 sum

1465 845 1550 873 regno
1562 839 1717 866 caelorum:

1466 874 1512 902 l2.
1534 873 1582 901 ﬁlii
1593 879 1681 902 autem

1466 910 1542 945 regni
1558 910 1637 945 huius

1462 946 1541 974 ibunt
1556 946 1582 973 in
1598 946 1726 974 tenebras

1462 981 1614 1010 exteriores
1627 991 1635 1010 :
1651 982 1689 1010 ibi

1463 1017 1515 1046 erit
1528 1017 1609 1045 ﬂetus
1621 1039 1629 1051 ,

1462 1059 1490 1081 et
1506 1053 1606 1081 stridor
1620 1053 1754 1081 dentium.

1463 1089 1509 1118 15.
1529 1089 1563 1116 Ει
1573 1089 1731 1117 dixitIesus

1466 1125 1625 1153 Centurioni
1639 1134 1646 1153 :

1466 1160 1561 1193 Valde,
1578 1161 1649 1188 sicut
1663 1167 1723 1188 cre-

1468 1196 1560 1224 didisti
1576 1196 1623 1224 ﬁat
1637 1196 1685 1224 tibi
1697 1216 1706 1229 ,

1049 1231 1099 1259 sub
1111 1236 1243 1273 potestate
1469 1232 1502 1260 Et
1513 1237 1624 1260 sanatus

1049 1271 1223 1301 constitutus,
1467 1273 1509 1296 est
1523 1275 1591 1302 puer
1605 1275 1641 1296 ex

1049 1303 1153 1331 habens
1165 1303 1216 1331 sub
1467 1303 1513 1331 illa
1529 1303 1608 1332 hora.

1050 1346 1095 1366 me
1109 1338 1219 1372 milites,
1234 1344 1262 1367 et

1051 1375 1112 1402 dico
1127 1374 1189 1403 huic
1202 1384 1208 1402 :
1225 1375 1311 1409 Vade,

1051 1414 1080 1438 et
1091 1410 1165 1437 vadit
1177 1419 1185 1444 ς
1201 1415 1228 1438 et

1051 1446 1117 1478 alio,
1133 1445 1213 1480 chi,
1230 1451 1258 1474 et

1052 1482 1140 1514 venit;
1155 1488 1182 1510 et
1196 1490 1275 1511 servo

1053 1525 1116 1545 meo
1131 1517 1203 1550 dico,
1219 1518 1273 1547 Fac

1054 1553 1118 1587 hoc,
1131 1558 1159 1582 ct
1182 1554 1256 1582 facit.

1468 1339 1513 1367 14.
1528 1340 1560 1367 Et
1573 1347 1635 1367 cum
1649 1339 1741 1368 venis-

1468 1380 1510 1403 set
1522 1375 1602 1404 Iesus
1615 1375 1643 1403 in

1469 1410 1581 1439 domum
1594 1411 1685 1445 Petri,

1470 1447 1538 1475 vidit
1552 1454 1661 1475 socrum

1471 1484 1530 1518 ejus
1544 1483 1691 1518 iacentem,

1472 1523 1501 1546 et
1515 1518 1712 1546 febricitantem
1727 1527 1734 1545 ε

1471 1555 1517 1582 15.
1537 1559 1567 1583 et
1581 1555 1668 1590 tetigit
1679 1561 1791 1583 manum

1291 1624 1407 1654 CODEX
1427 1624 1624 1654 BRIXIANUS.

1055 1671 1162 1707 Moyses
1187 1672 1215 1699 in
1241 1671 1425 1699 testimonium
1460 1671 1523 1699 illis.
1558 1671 1622 1699 Post
1656 1671 1725 1699 haec
1754 1676 1858 1707 autem

1053 1706 1114 1734 cum
1143 1708 1282 1735 introisset
1306 1707 1333 1734 in
1361 1706 1561 1742 Capltarnaum.
1589 1708 1704 1735 accessit
1728 1706 1761 1734 ad
1793 1714 1858 1735 eum

1050 1742 1179 1771 Centurio
1202 1750 1301 1778 rogans
1327 1751 1389 1770 eum
1415 1748 1441 1770 et
1456 1743 1559 1771 dicens.
1572 1743 1686 1771 Domine
1698 1750 1766 1778 puer
1780 1750 1859 1770 meus

1047 1779 1119 1814 jacet
1143 1779 1169 1806 in
1195 1778 1277 1806 domo
1302 1779 1475 1814 paralyticus.
1498 1784 1525 1806 et
1553 1779 1623 1807 male
1646 1783 1798 1813 torquetur.
1828 1779 1858 1806 Et

1050 1816 1088 1842 ait
1112 1815 1151 1842 illi
1173 1814 1262 1842 Iesus.
1291 1815 1346 1850 Ego
1369 1814 1482 1842 veniens
1508 1814 1611 1842 curabo
1642 1822 1714 1842 eum.
1738 1814 1772 1850 Et
1796 1821 1858 1841 res-

1051 1851 1173 1886 pondens
1192 1851 1216 1878 ei
1231 1849 1363 1877 Centurio
1391 1851 1429 1877 ait
1452 1850 1565 1878 Domine
1586 1858 1638 1877 ttott
1668 1858 1728 1878 sum
1755 1849 1857 1885 dignus

1043 1891 1080 1921 ,ut
1101 1886 1187 1914 intres
1207 1887 1258 1914 sub
1273 1890 1372 1914 tectum
1395 1894 1495 1913 ntettm.
1518 1886 1565 1914 sed
1587 1891 1690 1913 tantum
1711 1886 1756 1913 dic
1768 1886 1857 1913 verbo
1898 1894 1901 1897 '

1051 1928 1077 1950 et
1100 1922 1240 1950 sanabitur
1267 1929 1334 1957 puer
1362 1929 1449 1949 meus.
1474 1921 1540 1949 Nam
1562 1928 1589 1949 ct
1610 1929 1661 1956 ego
1683 1922 1766 1949 homo
1791 1929 1856 1949 sttm

1052 1958 1155 1986 habens
1170 1959 1220 1985 sub
1240 1962 1401 1993 potestatem
1427 1965 1514 1985 meam
1537 1958 1638 1985 milites
1656 1962 1683 1985 et
1706 1957 1766 1985 dico
1790 1957 1857 1985 huic

1051 1994 1126 2021 Vade
1141 1998 1168 2021 et
1182 1994 1266 2021 vadit.
1283 1998 1310 2021 et
1324 1993 1378 2021 alio
1392 1993 1470 2021 Vetti.
1487 1999 1515 2021 ct
1528 1994 1627 2021 veniet.
1641 1999 1669 2021 et
1688 2000 1767 2021 servo
1780 2001 1855 2021 meo.

1052 2029 1107 2057 Fac
1119 2029 1170 2057 hoc
1182 2034 1211 2057 et
1221 2029 1293 2056 facit.
1305 2029 1424 2057 Audiens
1438 2034 1528 2057 autetn
1539 2029 1618 2057 Iesus
1633 2029 1747 2057 miratus
1760 2032 1815 2055 est.
1831 2033 1857 2056 et

1052 2065 1124 2091 dixit
1157 2066 1332 2099 sequentibus
1358 2073 1398 2092 se.
1425 2065 1511 2092 Amen
1544 2065 1606 2093 dico
1628 2065 1716 2092 vobis.
1748 2071 1798 2091 nec
1830 2065 1855 2091 in

1053 2100 1154 2127 lsraltel
1161 2104 1260 2127 tantam
1267 2101 1345 2128 [idem
1354 2102 1442 2128 ittveni
1448 2121 1454 2128 .
1465 2101 1623 2128 Dicoaulem
1630 2100 1707 2128 vobis
1713 2100 1775 2135 quia
1785 2107 1811 2126 m
1817 2101 1855 2126 nl-

1054 2136 1072 2163 ti
1080 2135 1132 2162 abﬂ
1142 2136 1246 2163 oriente
1261 2141 1288 2163 et
1301 2136 1441 2164 occidente
1455 2137 1598 2164 venientet
1608 2136 1782 2164 discumbeut
1790 2143 1853 2163 cum

1053 2171 1189 2199 Abraham
1206 2175 1233 2198 et
1256 2172 1331 2200 [sane
1347 2176 1375 2199 et
1387 2172 1472 2200 Iacob
1491 2173 1517 2199 in
1529 2180 1614 2207 regno
1627 2173 1780 2199 caelorum.
1806 2172 1852 2198 ﬁlii

1054 2212 1144 2234 autem
1158 2207 1234 2242 regni
1250 2207 1329 2242 hujus
1349 2208 1519 2242 expclleutur
1535 2208 1562 2235 in
1584 2208 1712 2235 tenebras
1731 2208 1854 2235 exterio—

1055 2251 1111 2270 res.
1127 2243 1161 2270 ibi
1177 2244 1229 2270 erit
1246 2243 1326 2271 ﬂetus
1339 2249 1365 2270 et
1379 2244 1479 2271 stridor
1493 2243 1626 2271 dentium.
1645 2243 1677 2270 Et
1690 2244 1761 2270 dixit
1773 2243 1854 2270 Iesus

1054 2278 1212 2306 Ccntttrioni
1231 2278 1304 2306 Vade
1317 2283 1345 2306 et
1358 2279 1427 2307 sicut
1441 2279 1580 2307 credidisti
1597 2279 1644 2306 ﬁat
1659 2279 1707 2306 tibi
1720 2279 1755 2305 Et
1769 2286 1852 2306 sana-

1056 2319 1098 2342 tus
1111 2319 1153 2342 est
1167 2322 1235 2349 puer
1248 2315 1273 2341 in
1290 2315 1333 2341 illa
1358 2315 1435 2342 ltora.
1458 2315 1491 2342 Et
1505 2323 1567 2343 cum
1585 2315 1709 2342 venisset
1727 2314 1814 2342 Iesus
1828 2315 1854 2341 in

1055 2350 1166 2377 domum
1182 2350 1256 2378 Petri
1271 2350 1339 2377 vidit
1352 2357 1459 2378 socrum
1473 2350 1533 2386 ejus
1546 2350 1681 2386 iacentem
1697 2355 1725 2378 et
1740 2350 1853 2379 febrici-

1056 2391 1167 2414 tantem.
1182 2391 1211 2414 et
1224 2386 1238 2405 ιι
1253 2386 1313 2421 tigit
1328 2393 1371 2414 ma

546 2450 747 2481 VARIANTES
760 2451 950 2483 LECTIONES
964 2453 1098 2483 CODICIS
1116 2454 1173 2483 MS.
1195 2454 1224 2484 S.
1244 2454 1498 2485 GERMANENSIS.

228 2513 237 2528 ί
255 2511 315 2536 Post
325 2511 387 2535 haec
399 2512 482 2535 autem
494 2515 550 2533 cum

227 2544 238 2559 ⁸
255 2542 353 2574 quidam

228 2575 238 2590 ³
255 2572 359 2598 veniens
368 2572 459 2597 curabo

225 2606 238 2621 '-
254 2605 300 2629 sub
311 2606 433 2635 potestate
445 2602 591 2628 constitutus
600 2604 626 2627 et
636 2601 716 2627 habeo

227 2637 238 2652 ⁸
254 2634 319 2667 dico;
332 2634 380 2659 Fac
392 2634 438 2659 hoc

1081 2513 1092 2529 ⁸
1108 2513 1133 2537 in
1144 2512 1211 2537 nullo
1223 2514 1326 2542 tantam,
1337 2517 1386 2538 etc.

1080 2545 1090 2560 "
1108 2543 1181 2575 huius
1192 2544 1262 2569 ibunt
1273 2545 1298 2569 in

1079 2575 1091 2591 ⁸
1107 2575 1234 2600 oculorum

1080 2607 1091 2622 ⁹
1108 2613 1140 2631 ex
1151 2606 1191 2631 illa
1203 2606 1263 2632 hora
1276 2608 1299 2631 ο.
1311 2606 1342 2632 Ει
1352 2612 1487 2632 conversus
1498 2606 1617 2632 Centurio
1629 2608 1653 2632 in
1670 2608 1772 2634 domum
1784 2615 1853 2634 suam

1050 2638 1139 2662 eadem
1147 2637 1207 2663 hora
1220 2638 1319 2670 invenit
1324 2644 1428 2670 puerum
1438 2644 1531 2663 sanum.
1542 2638 1573 2664 Et
1582 2645 1668 2671 quum,
1682 2644 1732 2665 etc.

857 2688 1040 2717 BLANCHINI
1059 2689 1173 2718 NOTAE}.

232 2753 244 2766 ἰ
258 2747 355 2775 extrita
371 2749 414 2773 est
426 2745 543 2780 aspirata
557 2745 584 2772 Ιι.

229 2783 243 2803 ιι
259 2784 328 2810 l'orte
340 2782 466 2809 excidere
478 2781 637 2815 Antiquario
650 2780 755 2815 priores
769 2782 867 2809 littera:
883 2787 916 2809 lc.

233 2826 244 2838 υ
261 2819 393 2846 Obsonat
408 2817 492 2844 Lucas
506 2816 651 2851 Brugcnsis
664 2817 691 2844 in
703 2817 780 2845 Notis
789 2818 821 2845 ad
836 2818 924 2845 varias
937 2817 992 2846 lec-

195 2856 283 2882 tiones
297 2854 462 2881 cditionibus
482 2852 584 2880 Grrccis
600 2852 738 2887 Evangelii
754 2854 903 2881 secundum
926 2854 992 2881 Mat-

195 2894 304 2923 tbmum,
321 2890 346 2916 lu
364 2888 500 2917 nonnullis
521 2888 720 2923 exemplaribus
734 2888 837 2917 Graecis
852 2889 910 2917 haec
932 2897 993 2918 esse

1041 2747 1131 2775 addita
1156 2753 1217 2783 post
1230 2756 1339 2777 versum
1354 2749 1388 2777 15
1403 2759 1409 2777 :
1434 2749 1468 2776 Et
1483 2759 1600 2778 reversus
1613 2751 1737 2779 Centurio
1752 2753 1780 2780 in
1805 2754 1837 2781 da

1042 2791 1112 2823 ῃξιιηι
1128 2792 1201 2811 suam
1214 2785 1241 2812 in
1264 2785 1310 2812 illa
1333 2786 1390 2820 ipsa
1404 2786 1479 2819 liora,
1495 2787 1591 2823 inuenit
1609 2796 1720 2823 puerum
1743 2797 1847 2816 sanum.

1043 2818 1120 2846 Unde
1135 2824 1239 2858 certum
1254 2818 1348 2848 exstat
1357 2829 1415 2858 non
1426 2827 1529 2849 temere
1543 2818 1629 2850 fuisse
1642 2826 1744 2858 scripta
1759 2827 1796 2853 ab
1807 2826 1849 2852 ln-

1044 2859 1165 2888 turprete
1182 2856 1276 2883 Latino
1290 2863 1341 2884 ms.
1358 2857 1460 2886 codicis
1475 2857 1505 2885 S.
1522 2858 1663 2887 Germani.
1679 2856 1782 2889 Confer
1797 2861 1846 2890 ista

1043 2898 1104 2917 cunt
1121 2890 1210 2919 verbis
1225 2892 1304 2920 Lucae
1315 2899 1376 2927 cap.
1395 2899 1442 2927 vu,
1457 2900 1530 2922 vers.
1545 2893 1588 2921 to.
