3894 6336
242 311 340 368 185

614 424 845 485 CODEX
882 427 1424 488 VEBCELLENSIS.

248 536 362 580 num
388 519 520 592 ejus,
541 529 596 576 et
613 537 701 579 re-
1061 539 1156 592 pes
1180 524 1368 581 foveas
1397 525 1495 580 ha-

249 595 384 652 misit
404 607 519 648 eam
548 592 634 648 fe—
1058 592 1207 662 bent,
1231 605 1287 653 et
1312 597 1467 653 volu-

252 667 372 731 bris,
396 673 448 720 et
472 679 654 721 surre-
1058 682 1185 724 cres
1209 669 1348 725 caeli
1380 668 1465 723 ni-

256 739 321 794 xit
345 745 394 792 et
418 735 602 810 minis-
1058 737 1159 796 dos
1187 740 1274 795 ubi
1299 741 1479 810 requi-

257 809 410 864 trahat
433 808 529 862 eis.
1059 819 1248 866 eseant
1273 829 1288 867 :
1320 808 1459 868 ﬁlius

259 880 332 937 16.
369 878 598 950 Vespere
623 889 806 938 autem
1058 891 1240 939 autem
1268 883 1446 938 homi-

261 954 398 1016 lacto,
419 951 728 1022 optulerunt
1061 955 1144 1009 nis
1172 969 1278 1010 non
1309 955 1474 1011 habet

261 1024 321 1080 illi
348 1023 534 1097 multos
561 1023 701 1080 dae-
1061 1024 1153 1081 ubi
1182 1035 1342 1097 caput
1367 1041 1526 1084 suum

263 1094 415 1151 monia
430 1093 632 1150 haben-
1060 1093 1306 1154 reclinet.

264 1176 358 1223 tes:
387 1174 437 1222 et
454 1165 688 1222 eiciehat
1059 1167 1150 1223 2l.
1190 1170 1345 1226 Alius
1365 1179 1546 1227 autem
1572 1169 1680 1228 dis.

265 1237 452 1311 spiritus
480 1239 768 1296 inmundos
1061 1240 1369 1311 cipulorum
1443 1249 1450 1255 '

265 1309 404 1365 verbo
426 1326 438 1363 :
465 1318 517 1366 et
538 1324 658 1365 om—

265 1396 342 1437 nes
367 1380 499 1436 male
528 1379 738 1438 haben-

265 1454 333 1508 l7.
371 1462 447 1508 tes
464 1454 674 1510 curavit
696 1473 711 1509 :
736 1462 794 1512 ut
821 1455 917 1512 ad-

263 1523 548 1594 impleretur

260 1595 376 1667 quod
403 1594 603 1651 dictum

259 1677 324 1722 est
341 1682 432 1738 per
458 1667 670 1724 Eseiam

257 1739 579 1809 Prophetam,
607 1741 691 1797 di-

253 1819 442 1868 centem
471 1828 486 1864 ε

1060 1311 1139 1387 ait
1158 1311 1236 1368 illi
1266 1330 1280 1366 :
1305 1313 1561 1387 Domine,
1590 1329 1716 1387 per-

1063 1384 1218 1440 mitte
1245 1384 1375 1440 mihi
1403 1385 1516 1455 pri-

1062 1471 1209 1510 mum
1235 1456 1334 1522 ire,
1360 1466 1414 1512 et
1435 1472 1523 1512 se-

1060 1527 1233 1598 pelire
1259 1537 1464 1599 patrem

1061 1613 1264 1654 meum.

1059 1669 1152 1725 22.
1196 1671 1265 1726 Et
1289 1670 1365 1726 ait
1387 1670 1464 1726 illi
1490 1669 1649 1728 Iesus
1679 1688 1692 1726 :
1723 1670 1820 1730 Se-

1060 1756 1230 1812 quere
1255 1758 1362 1806 me.
1395 1751 1451 1798 et

1061 1828 1123 1868 re
1152 1854 1166 1868 .
1195 1854 1210 1869 .
1245 1852 1259 1867 .
1290 1813 1388 1869 itte
1415 1829 1558 1869 mor-

337 1882 471 1950 Quia
497 1883 616 1952 ipse
642 1883 727 1940 in-
1063 1894 1219 1940 tuos:
1251 1885 1370 1941 sine
1391 1900 1537 1942 mor-

337 1954 618 2011 lirmitates
835 2012 838 2014 γ
1063 1957 1137 2010 ιιιί
1166 1957 1431 2027 sepeliant

337 2035 548 2081 nostras
575 2040 699 2082 sus-
1060 2037 1303 2085 lﬂOl‘llIOS
1330 2044 1423 2086 ειιυ

334 2098 475 2168 cepit
502 2115 518 2154 :
545 2108 599 2154 et
625 2099 745 2156 lan-
1060 2098 1150 2155 25.
1184 2114 1247 2155 os
1272 2139 1286 2153 .
1324 2140 1338 2155 .
1369 2139 1384 2155 .
1423 2141 1437 2154 .
1471 2112 1663 2156 ascen-

336 2184 532 2240 guores
559 2185 690 2227 nos-
1063 2171 1280 2227 dentem
1310 2187 1374 2228 eo
1400 2174 1454 2229 in

338 2250 450 2297 tros
477 2249 658 2312 porta-
1065 2243 1365 2298 naviculam
1389 2285 1403 2306 .

339 2313 434 2368 vit.
1065 2315 1235 2371 secuti
1258 2323 1384 2369 sunt
1403 2330 1529 2370 eum

254 2382 328 2457 18.
369 2383 567 2457 Videus
593 2394 776 2442 autem
1063 2385 1316 2457 discipuli
1340 2387 1458 2457 ejus
1484 2405 1496 2440 :

252 2453 391 2511 Iesus
412 2456 596 2513 turbas
1063 2456 1155 2512 24.
1197 2453 1254 2514 et
1279 2473 1310 2513 e
1333 2498 1346 2512 .
1370 2453 1389 2511 ἰ
1418 2473 1449 2513 e
1474 2466 1654 2515 motus

255 2527 431 2582 multas
454 2527 558 2600 cir-
1066 2543 1294 2600 magnus
1325 2529 1435 2584 fac—

257 2611 461 2675 cum_se,
487 2599 648 2670 jussit
679 2600 760 2675 (a)
1069 2599 1267 2675 tusiest
1295 2601 1346 2655 in
1380 2615 1494 2656 ma-

261 2668 525 2742 discipulos
549 2687 644 2727 su-
688 2668 699 2675 ’
743 2668 751 2672 ⁷
1066 2672 1134 2742 ri,
1161 2673 1232 2726 ita
1266 2713 1280 2726 .
1309 2713 1321 2725 .
1359 2711 1372 2724 .
1406 2710 1420 2727 .
1451 2671 1564 2728 avi-

263 2755 313 2813 os
331 2742 368 2813 ~3-
394 2744 466 2798 ire
488 2753 636 2800 trans
1064 2743 1183 2799 cula
1212 2744 1453 2813 operire-

267 2812 354 2867 19(
373 2813 582 2873 fretum.
611 2814 682 2872 Et
709 2829 804 2872 ac-
1066 2824 1154 2870 tur
1184 2829 1214 2869 a
1245 2812 1519 2883 ﬂuetibus,

266 2883 435 2956 cedens
454 2888 570 2956 qui-
1064 2887 1181 2954 ipse
1203 2901 1335 2941 vero
1363 2887 1490 2943 dor—

265 2955 366 3010 dam
390 2955 602 3025 Scriba,
1063 2956 1156 3013 25.
1199 2957 1422 3015 miebat.
1453 2958 1524 3014 Et
1552 2972 1738 3016 acces-

263 3028 324 3082 ait
343 3028 446 3084 illi:
482 3031 676 3103 Magis-
901 3071 911 3088 .
1066 3039 1254 3103 serunt
1286 3030 1364 3102 (b)
1405 3040 1462 3086 et
1489 3045 1611 3087 sus-

263 3107 347 3164 ter,
367 3115 554 3172 sequar
573 3102 625 3160 te
641 3145 658 3171 ,
1067 3102 1368 3157 citaverunt

259 3181 570 3245 quocumque
1067 3188 1190 3229 eum
1208 3215 1224 3240 ,
1252 3173 1498 3231 dicentes
1523 3192 1537 3230 :

262 3243 390 3300 ieris.
483 3243 494 3245 ⁷
1071 3245 1315 3312 Domine,
1343 3245 1448 3301 libe
1481 3285 1494 3300 .
1525 3286 1539 3299 .
1577 3286 1590 3298 .
1618 3285 1635 3300 .
1666 3259 1750 3311 os,

259 3313 334 3371 20.
372 3317 502 3377 Dicit
535 3319 586 3376 ei
632 3317 791 3375 Iesus
829 3335 844 3374 :
875 3316 996 3373 Vul-
1066 3316 1158 3372 26.
1201 3320 1462 3388 perimus.
1491 3318 1582 3373 Ait
1608 3318 1670 3372 il-

661 3433 895 3492 CODEX
921 3433 1394 3493 CORBEIENSIS.

258 3567 366 3606 num
392 3552 524 3618 ejus,
545 3560 600 3608 et
626 3553 641 3584 ¹
675 3551 876 3605 dimisit
904 3567 1022 3606 eam
1053 3550 1236 3615 febris,
1264 3559 1320 3605 et
1339 3549 1573 3606 surrexit
1601 3551 1622 3581 ’
1651 3557 1706 3604 et
1726 3548 1827 3604 mi-

257 3624 493 3680 nistrabat
520 3625 621 3680 eis.
656 3624 894 3694 Vespere
923 3635 1101 3678 autem
1136 3623 1290 3694 facto
1311 3664 1326 3688 ,
1365 3621 1674 3694 obtulerunt
1724 3623 1774 3676 ei
1803 3620 1825 3652 ³

255 3710 426 3752 omnes
460 3697 599 3752 male
631 3693 890 3750 habentes
913 3703 999 3750 :et
1022 3693 1270 3764 ejiciebat
1300 3695 1523 3763 spiritus
1546 3693 1712 3748 verbo
1736 3711 1747 3746 :
1771 3700 1826 3764 et

256 3781 425 3822 omnes
444 3769 587 3823 male
607 3767 870 3821 habentes
893 3763 1136 3822 curavit:
1167 3777 1224 3820 ut
1254 3765 1640 3834 adimpleretur
1682 3763 1825 3831 quod

256 3839 437 3909 dictum
459 3850 542 3894 est
567 3855 666 3909 per
687 3838 900 3893 Esaiam
950 3838 1304 3906 Prophetam,
1333 3836 1598 3891 dicentem
1624 3853 1636 3888 :
1666 3834 1688 3866 ⁸
1710 3835 1828 3909 Ipse

256 3905 809 3980 inﬁrmitates'nostras
837 3909 1040 3978 accepit
1059 3905 1139 3963 :et
1169 3909 1559 3980 aegrotationes
1572 3905 1823 3980 portavit.

257 3979 438 4039 Vidcns
461 3993 640 4038 autem
653 3981 812 4037 Iesus
825 3982 846 4012 ⁸
860 3982 1042 4035 turbas
1057 3978 1254 4034 multas
1263 3982 1467 4034 circum
1483 3994 1563 4042 se,
1575 3978 1733 4045 jussit
1750 3979 1826 4034 ire

257 4061 389 4109 trans
406 4055 623 4109 fretum.
643 4053 710 4108 Et
737 4052 1002 4108 accedens
1032 4067 1168 4105 unus
1194 4051 1493 4112 Seriba,ait
1520 4050 1591 4103 illi
1621 4067 1633 4103 :
1665 4049 1830 4119 Magi-

253 4134 368 4187 ster.
401 4142 597 4194 sequar
620 4136 692 4185 te.
723 4138 1102 4194 quoquumque
1123 4124 1144 4154 ⁶
1167 4123 1313 4178 ieris.
1340 4119 1785 4194 EtdiciteiIesus
1811 4138 1824 4174 :

258 4195 440 4268 Vulpes
467 4192 658 4253 foveas
681 4192 902 4257 habent.
927 4205 989 4268 et
1013 4194 1262 4268 volucres
1281 4194 1427 4268 caeli
1447 4193 1602 4268 nidos
1636 4192 1726 4268 ubi
1742 4207 1826 4247 re-

251 4264 513 4338 quiescant
543 4287 557 4323 :
591 4269 730 4323 filius
768 4277 948 4322 autem
983 4267 1216 4338 hominis
1258 4264 1578 4338 uouﬁbabet
1612 4264 1825 4338 ubicu-

253 4335 339 4408 put
362 4343 380 4372 ⁷
408 4343 654 4398 reclinet.
685 4339 842 4396 Alius
864 4347 1044 4392 autem
1072 4337 1142 4393 de
1167 4336 1440 4406 discipulis
1469 4336 1588 4408 ejus
1616 4337 1692 4388 ait
1711 4335 1785 4388 illi
1809 4353 1822 4388 :

255 4407 483 4480 Domine,
500 4413 754 4482 permitte
782 4426 868 4466 me
898 4409 1132 4482 primum
1163 4408 1333 4482 ire,et
1355 4407 1587 4477 sepelire
1614 4414 1823 4482 patrem

253 4497 434 4538 meum.
463 4478 672 4540 liIesus
701 4491 878 4536 autem
900 4478 996 4534 ’ait
1024 4479 1103 4535 illi
1132 4498 1146 4535 :
1179 4480 1421 4551 Sequere
1453 4493 1540 4535 me
1572 4521 1588 4544 ,
1643 4487 1698 4532 et
1746 4478 1828 4532 di-

253 4556 391 4611 mitte
415 4566 661 4611 mortuos
687 4554 920 4624 sepelire
946 4563 1193 4608 mortuos
1219 4565 1366 4624 suos.

318 4626 454 4684 Vlll.
500 4629 567 4683 Et
593 4619 921 4685 ascendente
956 4639 1023 4679 eo
1069 4626 1122 4678 in
1153 4623 1476 4687 naviculam,
1502 4619 1671 4676 secuti
1703 4630 1831 4675 sunt

251 4711 361 4753 eum
402 4699 653 4766 discipuli
697 4699 818 4767 ejus
848 4714 862 4750 :
891 4706 944 4751 et
969 4709 1098 4750 ecce
1123 4697 1356 4767 “motus
1401 4708 1628 4767 magnus
1655 4691 1830 4767 factus

252 4769 402 4826 estin
432 4765 591 4836 mari,
617 4771 688 4825 ita
731 4765 792 4823 ut
843 4767 1088 4823 navicula
1121 4766 1166 4798 ¹⁰
1197 4765 1502 4838 operiretur
1553 4765 1828 4838 ﬂuetibus,

254 4840 356 4909 ipse
381 4859 505 4899 vero
530 4835 857 4898 dermiebat.
889 4840 955 4894 Et
1002 4835 1354 4894 accesserunt
1380 4839 1420 4869 “
1443 4845 1498 4892 et
1526 4835 1828 4909 suscitave-

254 4907 370 4981 runt
395 4930 537 4981 eum,
563 4913 811 4971 dicentes
835 4929 847 4966 :
879 4911 1130 4978 Domine,
1162 4911 1206 4942 ¹²
1233 4910 1382 4966 salva
1410 4923 1534 4975 nos,
1563 4907 1826 4979 perimus.

253 4979 313 5040 Et
331 4985 371 5017 ιι
383 4985 508 5044 dicit

1193 311 2060 388 EVANGELIUMiSECUNDUM
2098 315 2540 379 ΜΔΤΤΗᾹΞΠΜ.

1906 1678 2064 1744 "quod
2097 1676 2302 1733 dictum
2332 1686 2417 1734 est

3417 317 3520 376 186

2360 435 2593 494 conex
2631 403 3086 497 VERONENSIS.

2758 535 2962 607 Vulpes
2991 534 3181 591 fobeas

2756 607 2962 663 habent
2977 649 2992 674 ,
3021 615 3077 662 et
3109 607 3264 661 volu-

2755 694 2879 736 cres
2904 678 3040 735 caeli
3063 677 3222 734 nidos

2755 749 2846 806 ubi
2874 750 3217 821 requiescant
3241 767 3254 805 :

2758 822 2902 878 ﬁlius
2932 831 3127 892 autem;

2759 893 2996 950 hominis
3018 907 3126 950 non
3153 892 3250 950 ha-

2761 965 2854 1022 bet
2875 965 2966 1021 ubi
2995 973 3163 1034 caput

2763 1052 2920 1093 suum
2951 1036 3208 1092 declinet.

2761 1108 2849 1165 21.
2896 1108 3048 1164 Alius
3075 1118 3256 1166 autem

2761 1180 3056 1249 discipulus
3086 1180 3164 1235 ait

2759 1252 2838 1308 illi
2863 1270 2875 1306 :
2909 1251 3167 1317 Domine,

2758 1321 3009 1395 permitte
3035 1323 3170 1378 mihi

2760 1396 2992 1466 primum
3021 1395 3104 1451 ire
3121 1435 3136 1460 ,
3162 1403 3216 1449 et

2758 1467 2994 1535 sepelire
3025 1474 3234 1537 patrem

2757 1539 2848 1594 22.
2892 1535 3092 1594 meum.
3122 1537 3204 1593 Ad
3233 1535 3352 1606 ipse

2757 1612 2834 1667 ait
2853 1609 2934 1664 illi
2963 1627 2978 1665 :
3006 1609 3246 1680 Sequere

2758 1698 2845 1738 me
2866 1723 2881 1748 ,
2910 1690 2965 1737 et
2986 1683 3203 1737 remitte

2758 1763 3006 1810 mortuos
3037 1751 3274 1825 sepelire

2759 1835 3004 1882 mortuos

2757 1913 2905 1954 SUOS.

2758 1971 2849 2027 25.
2891 1969 2961 2024 Et
2987 1966 3316 2024 ascendente

2759 2042 2903 2099 eoin
2932 2040 3179 2096 navicula
3200 2080 3216 2105 ,

2758 2113 2932 2169 secuti
2957 2121 3084 2168 sunt
3107 2125 3232 2167 eum

2758 2183 3008 2252 discipuli
3035 2184 3151 2255 ejus
3176 2199 3189 2234 :

2758 2255 2852 2311 24.
2892 2267 2943 2312 et
2967 2270 3095 2311 ecce
3120 2261 3302 2310 motus

2761 2343 2986 2398 magnus
3015 2325 3190 2383 factus

2761 2401 2916 2456 estin
2945 2399 3110 2463 mari.

2760 2471 2835 2527 ita
2865 2480 2924 2527 ut
2951 2468 3198 2527 navicula

2760 2543 3068 2613 operiretur

2761 2613 3013 2698 fluctibus
3033 2656 3048 2681 ,

2761 2701 2877 2754 ipse
2905 2701 3036 2741 vero

2759 2752 2851 2812 25.
2890 2755 3212 2811 dormiebat.
3240 2752 3310 2808 Et

2762 2835 3112 2898 accesserunt
3135 2823 3211 2898 (b)

2764 2897 3015 2971 discipuli
3039 2897 3159 2969 ejus
3181 2937 3196 2959 ,

2765 2979 2820 3026 et
2839 2970 3242 3025 suScitaverunt

2765 3057 2887 3097 eum
2907 3083 2921 3106 ,
2951 3039 3196 3096 dicentes
3219 3055 3236 3094 :

1923 529 2063 599 ejus,
2091 537 2146 587 et
2173 530 2338 586 remi-

1923 601 1996 657 sit
2023 617 2143 658 eam
2165 602 2330 660 febris
2346 644 2363 673 ,

1923 683 1979 730 et
2007 675 2242 730 surrexit

1925 754 1982 801 et
2008 746 2349 803 ministrabat
2377 747 2476 804 eis.

1926 817 2017 873 16.
2061 817 2301 889 Vespere

1924 896 2104 944 autem
2131 888 2272 946 facto
2291 931 2309 958 ,

1924 961 2238 1026 optulerunt

1924 1031 2002 1087 illi
2031 1033 2231 1090 multos

1925 1103 2210 1160 daemonia

1925 1175 2225 1232 habentes:
2255 1186 2311 1234 et

1925 1246 2189 1302 eieeiebat
2217 1249 2329 1319 spi—

1923 1320 2062 1373 ritus
2089 1319 2398 1377 immundos

1923 1390 2112 1458 verbo,
2139 1400 2194 1446 et
2215 1407 2404 1450 omnes

1925 1462 2064 1517 male
2095 1462 2358 1520 habentes

1925 1534 2014 1589 l7.
2055 1535 2265 1590 curavit
2289 1554 2302 1590 :
2337 1545 2398 1592 ut

1924 1605 2317 1674 adimpleretur

1922 1762 2022 1819 per
2051 1747 2268 1804 Eseiam
2299 1749 2436 1807 Pro-

1925 1819 2166 1888 phetam,
2197 1821 2381 1877 dicen-

1925 1899 2032 1965 tem
2055 1909 2068 1944 :
2092 1891 2226 1958 Quia
2251 1894 2368 1965 ipse

1923 1961 2264 2019 infirmitates

1926 2044 2141 2088 uestras
2160 2037 2370 2104 accepit
2395 2052 2409 2090 :

1925 2115 1980 2160 et
2002 2107 2333 2176 aegrimonia

1928 2189 2112 2250 nostra
2142 2189 2320 2250 porta-

1927 2249 2080 2303 tavit.

1927 2323 2016 2376 18.
2062 2320 2261 2377 Videns
2295 2332 2472 2381 autem

1926 2391 2086 2448 Iesus
2113 2394 2297 2449 turbas

1931 2465 2131 2518 multas
2155 2465 2361 2524 circum

1928 2549 2010 2610 se,
2035 2535 2198 2610 jussit
2234 2537 2312 2610 (a)
2341 2539 2421 2610 di-

1928 2607 2168 2688 scipulos
2197 2607 2324 2665 suos
2352 2609 2395 2681 -ι-

1929 2687 2010 2732 ire
2043 2687 2190 2735 trans

1929 2747 2150 2804 Iretum.

1931 2820 2020 2875 19.
2064 2820 2131 2874 Et
2155 2822 2418 2879 accedens

1931 2891 2147 2961 quidam
2175 2893 2365 2950 Scriba
2389 2936 2404 2963 ,

1930 2963 2006 3016 ait
2031 2963 2109 3018 illi
2138 2981 2152 3018 :
2182 2963 2293 3020 Ma-

1932 3035 2128 3105 gister.
2153 3050 2352 3107 sequar
2382 3045 2436 3094 te
2454 3079 2470 3107 ,

1933 3119 2272 3197 gygqumque
2765 3114 2995 3169 Domine
3015 3155 3044 3197 ,.
3060 3112 3230 3197 libera

1935 3192 2217 3309 ἐῧῗ¹⁸ὸεείι
2243 3252 2293 3308 ei
2763 3199 2866 3311 ἓὲῗ
2886 3196 3191 3312 ’A‘a’filii's“s'

1939 3319 2097 3378 Iesus
2123 3343 2136 3379 :
2769 3327 2965 3383 Iesus:

2393 3443 2626 3500 CODEX
2664 3444 3057 3500 BRIXIANUS.

1931 3549 2062 3589 num
2087 3533 2222 3604 ejus.
2256 3543 2312 3592 et
2337 3535 2540 3592 dimisit
2562 3553 2680 3592 eam
2713 3538 2877 3592 febris
2902 3547 2956 3593 et
2983 3535 3236 3593 surrexit.
3267 3541 3321 3590 et
3369 3530 3524 3587 mini-

1930 3605 2139 3662 strabat
2163 3607 2262 3663 eis.
2298 3607 2537 3679 Vespere
2563 3617 2741 3665 autem
2781 3610 2921 3666 facto

1931 3783 2124 3857 (Periit
2149 3787 2232 3841 Itic
2257 3788 2462 3860 integra
2491 3791 2684 3862 pagina
2715 3791 2940 3862 codicis,
2986 3807 3140 3860 quant
3172 3789 3389 3856 fortasse
3439 3803 3524 3841 rc-

2003 3872 2122 3911 cens
2171 3873 2470 3929 contpactor
2498 3861 2586 3914 aut
2621 3878 2722 3915 non
2771 3861 2969 3927 habuit,
3004 3872 3094 3914 aut
3145 3861 3385 3914 extritam
3437 3875 3524 3911 ue-

2001 3930 2158 4002 gleagit
2190 3947 2376 4002 magno
2401 3934 2710 3999 posteritatis
2737 3932 2946 3986 daumo.
2974 3932 3220 4002 Sequitur
3245 3941 3436 3995 autem,
3467 3940 3522 3982 ut

2005 4000 2193 4071 pagina
2221 4000 2448 4073 sequenti
2475 4001 2710 4075 legitur.)

923 5071 1322 5132 VARIANTES
1359 5069 1741 5130 LECTIONES
1776 5065 2048 5126 CODICIS
2075 5065 2185 5125 MS.
2232 5065 2292 5124 S.
2333 5063 2844 5124 GERMANENSIS.

306 5173 323 5205 ¹
355 5176 536 5226 remisit

305 5235 325 5267 ¹
351 5239 600 5289 confestim

309 5300 329 5331 ³
355 5300 604 5350 daemonia
625 5297 899 5360 habentes,
925 5303 980 5346 et
1013 5293 1169 5346 verbo
1194 5291 1426 5358 ejiciebat
1459 5291 1714 5343 daemonia
1731 5328 1746 5354 ,
1775 5297 1828 5341 et

255 5363 432 5437 curabat
447 5376 618 5437 omnes
640 5360 769 5411 male
789 5360 1031 5434 habente?»
1074 5424 1180 5437 *ω
1215 5432 1235 5437 Α
1301 5419 1450 5437 μω,

307 5427 327 5456 ⁸
354 5427 455 5488 quia
477 5427 646 5489 ipse...
675 5433 728 5475 et
749 5423 1050 5496 aegrimonia
1074 5423 1476 5495 nostra'portavjt
1533 5481 1541 5490 .
1682 5483 1692 5493 .

308 5488 328 5520 ⁸
356 5490 536 5553 turbam
576 5487 777 5553 multam
801 5497 1000 5553 _etrcum
1046 5495 1108 5553 se
1143 5478 1723 5553 jussmdtsetpultsmsuts
1772 5487 1827 5533 ut

254 5548 422 5601 irent...
440 5551 502 5603 Et
524 5551 736 5611 accessit
757 5549 818 5600 ad
840 5561 955 5600 eum
974 5542 1172 5611 quidam
1194 5546 1376 5608 scriba,
1403 5542 1459 5596 et
1477 5547 1544 5595 ait
1567 5542 1636 5592 illi

308 5613 327 5644 ‘
358 5616 502 5666 vadis.
526 5612 659 5665 Dicit
683 5610 755 5663 illi

1991 5163 2012 5194 "
2048 5175 2190 5212 suum

1993 5225 2016 5289 β
2051 5226 2140 5276 Cui
2161 5223 2468 5289 respondens
2488 5221 2637 5273 Iesus
2655 5221 2779 5272 dixit

1933 5314 1946 5318 -
1992 5288 2015 5320 θ
2051 5288 2321 5351 tempestas
2343 5299 2519 5351 magna
2539 5293 2644 5351 orta
2665 5292 2744 5334 est

1995 5353 2040 5384 ⁸ο
2075 5347 2208 5402 111³⁷³
2227 5347 2454 5400 ﬂuetibus
2472 5347 2755 5412 operiretur

1995 5415 2036 5447 ³³
2074 5414 2304 5479 discipuli
2328 5413 2436 5475 ejus

1993 5480 2038 5512 η
2070 5479 2230 5530 libera

1994 5544 2041 5577 "
2072 5543 2142 5593 ait.
2163 5540 2223 5591 ad
2244 5539 2356 5590 illos
2378 5551 2388 5587 :
2411 5534 2536 5596 Quid

1579 5690 1947 5750 BLANCHINI
1982 5687 2211 5748 NOTAE.
3248 5732 3264 5743 .

315 5795 398 5872 (a)~
432 5793 599 5872 Ad_dit
623 5791 947 5868 discipulos.
980 5789 1048 5847 Et
1079 5789 1150 5846 ita
1179 5788 1302 5846 cod.
1333 5786 1627 5856 Gothicus,
1672 5791 1797 5850 τοὺς
1831 5787 2082 5861 μαθητάς.
2113 5808 2184 5828 -ι-
2209 5781 2290 5856 (b)
2317 5779 2447 5839 Post
2474 5791 2824 5851 accesserunt,
2873 5780 3028 5839 deest
3062 5779 3132 5837 ad
3173 5795 3305 5836 eum.
3348 5777 3416 5837 Et
3462 5779 3534 5835 ita

258 5865 302 5923 in
324 5863 466 5925 testu
494 5863 707 5922 Graeco.
