3894 6336
485 266 589 324 187
1019 264 1288 328 EUSEBll
1328 265 1666 327 VERCELL.
1698 268 2083 329 EVANGELIIJ

2190 270 2316 333 Γ.οΜ
2347 270 2578 332 νΑιιίιδ
2610 272 2767 331 COD.
2806 273 3205 339 COLLATUM.
3634 289 3713 345 183

2610 390 2846 451 CODEX
2876 392 3325 454 VERONENSIS.

880 382 1111 442 CODEX
1141 384 1678 449 VERCELLENSIS.

488 475 559 533 lis
587 494 600 531 :
622 476 762 547 Quid
789 476 959 537 timidi
1316 479 1406 534 5L
1447 479 1752 538 Daemones
1774 497 1864 539 att-

487 549 910 623 estis,gmodicae
1318 559 1424 607 tem
1457 554 1722 623 rogabant

490 619 658 676 ﬁdei?
1320 638 1444 679 eum
1469 665 1486 691 ,
1522 619 1765 682 dicentes
1789 645 1806 683 :

490 692 643 765 Tunc
667 708 891 765 surgens
913 735 929 761 ,
1319 694 1377 750 Si
1405 694 1536 751 eicis
1564 712 1661 753 nos
1678 737 1694 764 ,
1726 700 1852 757 mit-

492 764 698 835 impera
732 804 747 818 .
770 764 797 840 ς.
834 807 849 821 .
886 806 899 820 .
934 806 948 820 .
981 806 995 819 .
1322 775 1375 822 te
1403 783 1501 823 nos
1533 768 1585 823 in
1607 784 1721 840 gre-

493 846 550 890 to
569 844 624 891 et
650 836 807 903 mari,
829 844 886 893 et
1324 853 1443 905 gem
1474 836 1787 905 porcorum.

493 906 632 963 facta
661 915 746 962 est
768 917 915 971 tran-
1321 910 1414 966 52.
1458 906 1525 966 Ει
1565 911 1641 967 ait
1678 915 1827 973 illis:
1866 914 1965 974 lle.
1999 916 2081 974 Ad

491 977 909 1051 quillitasimag-

487 1049 579 1103 27.
621 1064 711 1104 na.
739 1050 820 1106 Illi
846 1049 1028 1113 autem

491 1120 742 1178 homines
780 1123 884 1178 mi-

490 1192 595 1247 rati
616 1203 762 1257 sunt,
784 1195 971 1253 dicen-

490 1266 852 1336 tes:qualis.
895 1307 910 1323 .
955 1305 973 1324 .
1013 1308 1031 1326 .

493 1335 602 1402 hic,
625 1335 768 1406 quod
790 1353 922 1394 ven-

1323 983 1399 1037 illi
1430 994 1693 1042 exeuntes

1326 1054 1574 1110 abierunt
1600 1058 1652 1112 in

1328 1140 1521 1196 porcos
1542 1169 1556 1194 ,
1589 1137 1643 1183 et
1674 1144 1764 1186 ec-

1324 1212 1389 1253 ce
1413 1199 1614 1268 impetu
1642 1201 1756 1259 abi-

1328 1269 1368 1323 it
1397 1278 1541 1325 totus
1569 1287 1704 1343 grex

1325 1356 1422 1415 per
1454 1357 1708 1415 praeceps

492 1417 579 1463 tus
601 1416 657 1464 et
677 1424 829 1493 mare
849 1411 948 1471 ob-
1335 1412 1562 1496 iirmare
1586 1433 1598 1496 ξ
1631 1411 1687 1473 et
1716 1433 1860 1475 mor-

496 1522 512 1536 .
592 1520 607 1535 .
685 1487 836 1539 iuit.
917 1526 932 1541 .
1010 1522 1028 1539 .
1106 1523 1121 1541 .
1328 1487 1404 1539 tui
1435 1487 1728 1545 suntiua-

489 1551 582 1608 28.
625 1552 834 1611 Etcum
861 1596 875 1610 .
920 1597 933 1613 .
979 1599 990 1612 .
1042 1596 1054 1611 .
1091 1596 1107 1613 .
1325 1556 1467 1624 quis.

492 1632 577 1679 set
604 1633 752 1707 trans
782 1625 889 1707 fre-

493 1705 604 1751 tum
634 1698 684 1767 iu
712 1698 894 1767 regio-

499 1766 694 1824 nemG
862 1811 875 1825 .
923 1814 937 1828 .
983 1814 998 1829 .
1044 1788 1210 1833 ,δοθ-

1328 1628 1417 1685 5'5.
1462 1629 1523 1684 Hi
1554 1644 1733 1707 autem
1755 1636 1846 1707 qui

1330 1714 1425 1755 eos
1456 1705 1748 1770 pascebant

1328 1771 1580 1843 fugerunt
1603 1793 1618 1832 :
1649 1787 1706 1834 et

495 1853 689 1895 norum
712 1880 728 1907 ,
758 1854 946 1899 occur-
1330 1844 1615 1902 venientes

494 1920 680 1967 rerum
706 1912 757 1968 ei
782 1912 892 1988 duo
1322 1919 1375 1974 in
1410 1916 1679 1976 civitatem
1709 1962 1725 1988 ,

556 2016 572 2038 .
618 2022 632 2037 .
673 1986 850 2049 monia
882 1988 980 2044 ba-
1327 2028 1341 2043 .
1388 2026 1402 2041 .
1448 2028 1463 2042 ο
1508 2028 1522 2043 .
1568 2028 1582 2043 ο
1623 1986 1753 2048 ave-

496 2054 713 2122 bentes,
744 2056 813 2112 de
838 2074 956 2115 mo-

498 2125 770 2182 numentis
799 2145 897 2206 ex-
1329 2140 1383 2189 et
1416 2130 1484 2187 de
1515 2132 1599 2206 his
1619 2176 1634 2199 ,
1663 2125 1753 2206 qui
1782 2134 1911 2193 dae-

495 2205 685 2270 euntes
702 2238 720 2265 ,
750 2202 963 2270 pericu-
1331 2207 1512 2261 monia
1544 2202 1709 2262 habe?-

496 2269 595 2323 losi
621 2269 818 2339 nimis,
848 2273 922 2330 ita
1328 2278 1477 2332 bant.

497 2349 557 2396 ut
584 2356 747 2398 nemo
777 2358 903 2413 pos-
1334 2348 1424 2404 54.
1469 2349 1534 2404 Et
1554 2364 1681 2405 ecce
1711 2357 1822 2406 tota
1849 2350 1982 2408 civi-

494 2425 522 2466 s
564 2451 578 2465 .
623 2451 638 2466 .
684 2453 696 2466 .
739 2418 974 2475 transire
1333 2429 1414 2475 tas
1443 2422 1749 2478 exiitobvi-

497 2497 594 2551 per
614 2484 753 2539 viam
783 2486 949 2545 illam.
1329 2506 1414 2546 am
1437 2491 1600 2548 .lesu:
1629 2503 1685 2550 et
1713 2494 1791 2549 vi-

494 2552 587 2611 29.
630 2556 696 2611 Et
721 2559 995 2637 exclama-
1328 2578 1391 2617 so
1421 2580 1486 2619 eo
1517 2565 1813 2637 rogabant,

499 2638 721 2695 verunt,
750 2628 936 2686 dicen-
1328 2642 1389 2690 ut
1410 2628 1664 2693 transiret

497 2708 577 2754 tes
604 2718 617 2754 :
649 2701 790 2767 Quid
824 2704 1011 2770 nobis,
1329 2722 1358 2761 a
1389 2706 1587 2765 ﬁnibus
1617 2723 1710 2765 eo—

494 2779 550 2826 et
578 2771 705 2839 tibi,
734 2772 860 2829 Jesu
892 2776 1008 2831 lili?
1330 2794 1471 2837 rum.

677 2846 860 2932 τίηίδίί
894 2847 996 2903 ¹³ο⁰
1529 2872 1761 2932 CAPUT
1790 2874 1882 2932 ix.

616 2954 629 2968 .
673 2923 726 2972 te
758 2926 970 2989 tempus

500 3026 513 3039 .
563 3027 575 3042 .
619 3027 633 3042 .
677 3029 691 3042 .
733 3004 828 3046 ere
858 2992 992 3047 nos?
1330 2992 1382 3047 1.
1427 2991 1493 3047 Ει
1522 2991 1823 3049 ascendens

494 3057 587 3133 βο.
629 3060 670 3115 Ε
715 3102 729 3116 .
775 3101 789 3116 .
829 3070 1103 3133 amantem
1146 3080 1253 3122 non
1329 3062 1381 3118 in
1410 3063 1716 3118 naviculam

1324 2068 1455 2116 runt
1483 2061 1695 2129 omnia,

494 3129 655 3203 longe
680 3134 748 3188 ab
779 3133 834 3189 ill
998 3174 1013 3190 .
1329 3134 1666 3219 transirem:
1720 3206 1734 3219 .

499 3241 512 3255 .
678 3244 693 3260 .
739 3242 755 3259 .
794 3220 1086 3277 porcorum
1329 3214 1431 3270 vit,
1462 3214 1516 3261 et
1545 3214 1695 3262 venit
1719 3214 1774 3263 in

495 3274 605 3329 mul
648 3315 662 3329 .
704 3316 718 3330 .
761 3274 838 3333 ,⁷.
881 3295 968 3334 um
1326 3277 1601 3332 civitatem

495 3348 853 3416 pascentium.
1326 3349 1379 3404 2.
1422 3349 1645 3407 Judeae.
1674 3350 1741 3407 Et
1770 3364 1869 3423 op-

915 3492 1146 3550 CDDEX
1182 3492 1655 3552 CORBEIENSIS.

495 3586 574 3639 eis
637 3585 794 3641 Josus
855 3604 868 3641 :
925 3588 1063 3656 Quid
1131 3588 1301 3643 timidi
1367 3589 1541 3653 estis,
1616 3587 1859 3643 modicae
1930 3586 2089 3644 ﬁdei?

493 3657 648 3713 Tunc
675 3659 691 3689 ¹
722 3675 973 3728 surgens,
1010 3659 1297 3730 imperavit
1328 3662 1505 3714 ventis
1536 3669 1590 3715 et
1630 3663 1765 3714 mari
1797 3702 1810 3723 ,
1853 3670 1906 3714 et
1949 3659 2086 3715 facta

495 3739 578 3784 est
605 3732 966 3799 tranquillitas
993 3747 1209 3799 magna.
1235 3734 1255 3763 ¹
1286 3732 1545 3788 Homines
1594 3744 1772 3787 autem
1807 3732 1883 3786 illi
1907 3733 2085 3788 mirati

494 3812 627 3875 sunt
642 3844 660 3875 ν,
693 3802 939 3859 dicentes
974 3822 985 3858 :
1016 3803 1036 3834 ³
1064 3805 1238 3875 qualis
1264 3817 1346 3860 eSL
1373 3804 1493 3869 hic,
1525 3804 1651 3875 quia
1676 3803 1824 3859 venti
1855 3813 1909 3859 et
1935 3818 2085 3861 mare

493 3873 750 3947 obediuut
800 3875 886 3930 ei?
939 3876 1005 3931 Et
1067 3873 1228 3947 quum
1298 3877 1538 3932 venisset
1587 3874 1609 3906 ⁸
1665 3887 1812 3931 trans
1887 3877 2080 3947 fretum

493 3943 548 3999 in
601 3945 873 4014 regionem
925 3943 1321 4003 Gerasvnorum
1367 3990 1382 4015 ,
1451 3960 1803 4005 occurrerunt
1867 3948 1916 4003 ei
1975 3946 2083 4001 duo

495 4016 741 4073 homines
799 4019 1060 4074 habentes
1114 4021 1135 4051 ⁵
1196 4019 1478 4075 daemonia
1512 4061 1528 4085 ,
1601 4021 1669 4076 de
1723 4020 2084 4073 monumentis

494 4097 804 4155 exeuntes,
875 4091 1028 4146 saevi
1090 4093 1299 4155 nimis,
1380 4094 1447 4145 ita
1529 4104 1586 4145 ut
1662 4107 1820 4145 nemo
1904 4101 2085 4158 posset

499 4161 728 4214 transire
773 4177 868 4227 per
917 4164 1056 4215 viam
1110 4163 1277 4218 illam.
1326 4162 1393 4217 Et
1433 4178 1560 4217 ecce
1581 4161 2087 4221 elamavernnt.di-

495 4237 681 4284 centes
707 4248 719 4282 :
747 4232 885 4299 Quid
917 4234 1101 4299 nobis,
1131 4242 1185 4289 et
1228 4234 1319 4288 tibi
1338 4275 1351 4294 ,
1385 4234 1406 4264 ⁸
1428 4233 1526 4287 Fili
1557 4234 1682 4288 Dei?
1711 4233 1916 4288 Venisti
1937 4233 1957 4263 ⁷
1984 4232 2087 4286 huc

495 4312 622 4374 ante
654 4310 866 4372 tempus
897 4314 1148 4374 torquere
1182 4305 1318 4360 nos?
1348 4306 1473 4358 Erat
1501 4315 1680 4359 autem
1707 4322 1811 4358 non
1842 4306 1999 4374 longe
2020 4304 2088 4359 ab

497 4373 604 4428 illis
631 4387 761 4444 grex
808 4373 1089 4444 porcorum
1124 4376 1411 4431 multorum
1442 4376 1463 4408 ⁸
1503 4390 1747 4446 pascens.
1790 4373 2088 4431 Daemones

495 4457 676 4518 autem
715 4448 972 4516 rogabant
1005 4463 1160 4515 eum,
1206 4448 1489 4503 dicentes:
1524 4450 1578 4502 Si
1613 4447 1766 4518 ejicis
1801 4462 1899 4502 nos
1931 4447 2087 4514 hinc,

497 4516 650 4590 mitte
678 4533 774 4573 nos
805 4522 856 4573 in
883 4534 1101 4590 gregem
1136 4536 1442 4584 purCnrtlnt.
1473 4520 1541 4575 Et
1570 4516 1773 4575 ait’illis
1795 4522 1815 4552 θ
1843 4537 1856 4574 :
1885 4520 1982 4575 lle.
2023 4522 2090 4573 At

496 4588 654 4662 illi}o
683 4588 940 4646 exeuntés
985 4588 1236 4646 abierunt
1268 4591 1319 4644 in
1369 4607 1581 4661 porcos,
1623 4600 1677 4647 et
1716 4605 1843 4647 ecce
1887 4593 2088 4662 impetu

492 4661 626 4716 abiit
651 4671 793 4717 totus
818 4679 943 4730 grex
980 4664 1020 4694 ¹¹
1056 4678 1150 4732 per
1187 4678 1441 4732 praeceps
1484 4664 1536 4718 iu
1570 4679 1764 4718 mare:
1807 4671 1862 4717 et
1892 4661 2091 4717 mortui

494 4733 692 4788 suntin
721 4736 891 4805 aquis.
920 4733 1171 4789 Pasmres
1200 4746 1380 4789 autem
1414 4741 1657 4804 ingerunt
1681 4753 1692 4789 :
1718 4742 1774 4788 et
1799 4735 1842 4766 ι’
1870 4735 2093 4789 venien-

497 4812 577 4859 tes
603 4805 655 4859 iu
681 4806 975 4869 civitatem,
1004 4807 1390 4861 nuntiaverunt
1410 4808 1612 4873 omnia,
1646 4817 1698 4861 et
1738 4808 1804 4861 de
1832 4806 1917 4862 his
1938 4848 1954 4873 ,
2001 4805 2092 4874 qui

495 4875 780 4933 daemonia
809 4877 853 4910 ¹³
883 4879 1210 4933 habuerunt.
1244 4878 1309 4932 Et
1337 4893 1463 4934 ecce
1492 4886 1605 4935 tota
1632 4879 1822 4934 civitas
1848 4880 1978 4935 exiit
2003 4878 2093 4931 ob-

497 4945 640 5022 viam
671 4947 835 5004 Jesu:
866 4959 923 5006 et
949 4950 992 5003 ‘f
1023 4952 1139 5005 viso
1166 4965 1234 5005 eo
1264 4952 1559 5022 rogabant,
1595 4958 1655 5006 ut
1695 4954 1999 5006 transireta
2032 4948 2092 5003 li-

510 5016 671 5073 nibus
698 5035 906 5075 eorum.
1329 5016 1352 5022 ’
1549 5016 1554 5018 ⁷
1746 5034 1749 5037 ‘

568 5086 765 5165 lysi
795 5093 1111 5165 ascendens
1156 5094 1208 5149 in
1252 5093 1553 5150 naviculam
1584 5092 1994 5165 translretavit,
2039 5100 2095 5149 et

499 5159 647 5215 venit
674 5159 729 5216 in
758 5162 1030 5221 civitatem
1062 5167 1106 5197 ³⁸
1133 5180 1311 5222 suam.
1337 5166 1407 5223 Et
1431 5179 1560 5223 ecce
1587 5166 1663 5222 oi-

2179 484 2317 554 Quid
2348 486 2517 542 timidi

2179 560 2313 615 estis
2331 600 2345 621 ,
2378 559 2622 616 modicae

2182 629 2306 685 ﬁdei
2326 629 2351 683 .’

2182 702 2335 757 Tunc
2361 714 2588 772 surgens
2607 743 2624 768 ,

2184 772 2469 844 imperavit
2494 784 2658 831 vento

2184 853 2239 901 et
2265 845 2432 909 mari,
2459 854 2516 901 et

2185 916 2321 971 facta
2357 926 2440 972 est
2472 925 2621 972 trau-

2184 987 2422 1059 quillitas
2447 1005 2657 1059 magna.

2184 1059 2278 1118 27.
2324 1058 2403 1113 llli
2427 1058 2605 1117 autem
2640 1061 2734 1115 ho-

2190 1131 2366 1186 mines
2393 1134 2571 1187 mirati

2188 1211 2347 1268 sunt,
2375 1202 2619 1260 dicentes
2648 1222 2662 1259 :

2189 1273 2365 1345 qualis
2391 1285 2474 1332 est

2192 1345 2277 1400 hic
2295 1386 2310 1411 ,
2338 1345 2481 1416 quod

2188 1418 2334 1473 venti
2365 1426 2419 1472 et
2442 1432 2592 1473 mare

2191 1488 2488 1545 obaudiunt

2193 1576 2316 1616 eum
2334 1560 2357 1614 ?

2194 1631 2286 1687 28.
2328 1632 2395 1687 Et
2421 1647 2545 1688 cum
2574 1631 2754 1690 venis-

2193 1711 2278 1758 set
2300 1713 2448 1759 trans
2479 1706 2669 1761 fretum

2194 1775 2247 1829 in
2277 1777 2549 1845 regionem

2189 1845 2611 1917 Gerasenorum,

2190 1931 2546 1973 occurrerunt

2191 1991 2239 2045 ei
2266 1989 2373 2044 duo
2397 1989 2643 2048 homines

2190 2061 2470 2117 daemonia
2500 2063 2597 2118 ba-
2654 2064 2656 2067 ’

2193 2134 2381 2189 lientes
2400 2174 2414 2198 ,
2444 2133 2513 2189 de

2192 2207 2559 2263 monumentis

2192 2283 2476 2342 exeuntes,
2510 2279 2669 2335 nimis

2194 2348 2503 2416 periculosi,
2538 2351 2608 2405 ita

2193 2429 2251 2491 ut
2284 2435 2444 2475 nemo
2471 2435 2596 2491 pos-

2192 2490 2262 2545 sit
2293 2490 2522 2548 transire

2228 2577 2289 2619 er
2314 2564 2454 2618 viam
2478 2563 2645 2619 illam.

2229 2634 2281 2690 9.
2326 2635 2392 2688 Et
2415 2635 2740 2705 clamabant,

2190 2706 2436 2762 dicentes
2460 2725 2472 2760 :
2502 2708 2643 2775 Quid

2191 2777 2371 2840 nobis,
2394 2792 2451 2834 et
2477 2778 2595 2846 tibi,

2189 2849 2317 2905 Jesu
2348 2848 2421 2903 (ili

2195 2922 2323 2976 Dei?
2357 2922 2561 2978 Venisti
2588 2940 2589 2945 ‘

2191 3001 2316 3047 ante
2350 3002 2558 3063 tempus
2580 3001 2694 3050 tor-

2191 3079 2358 3132 quere
2384 3066 2516 3119 nos?

2191 3136 2281 3192 50.
2328 3137 2455 3191 Erat
2492 3146 2671 3193 autem

2193 3222 2299 3263 non
2331 3208 2492 3279 longe
2516 3210 2586 3265 ab

2190 3280 2269 3335 eis
2294 3294 2425 3351 grex
2455 3295 2646 3349 porco-

2191 3367 2310 3406 rum
2343 3353 2631 3406 multorum

3012 492 3366 558 pascentium.

3008 563 3098 619 3t.
3134 563 3420 621 Daemones
3444 573 3600 624 autem

3009 635 3276 705 rogabant
3300 652 3437 705 eum,

3010 706 3258 762 dicentes
3285 725 3298 763 :
3327 708 3381 763 Si

3011 779 3143 835 eicis
3175 794 3292 845 nos,
3324 779 3469 835 mitte

3014 863 3112 904 nos
3136 848 3189 904 in
3215 865 3427 921 gregem

3020 935 3329 992 porcorum.

3021 992 3111 1046 52.
3152 992 3219 1047 Et
3246 993 3320 1047 ait
3356 992 3461 1048 illis

3019 1063 3177 1120 Jesus
3207 1082 3219 1118 :
3248 1063 3347 1120 Ite.

3020 1134 3102 1191 Ad
3133 1135 3207 1190 illi
3236 1151 3437 1192 exeun-

3022 1216 3103 1263 tes
3131 1207 3381 1263 abierunt

3021 1277 3075 1333 in
3107 1293 3321 1349 porcos,
3350 1286 3406 1334 et

3022 1364 3151 1422 ecce
3178 1350 3433 1422 impetum

3022 1421 3155 1476 abiit
3180 1421 3326 1476 totus
3344 1437 3472 1493 grex

3024 1493 3115 1565 ille
3146 1508 3245 1563 per
3271 1507 3522 1565 praeceps

3026 1564 3078 1619 in
3107 1579 3256 1619 mare
3285 1582 3298 1618 ε
3330 1574 3385 1621 et

3023 1638 3221 1691 mortui
3248 1646 3375 1691 sunt

3027 1708 3114 1764 53.
3162 1708 3215 1763 in
3254 1708 3425 1779 aquis.
3456 1704 3537 1761 iiii

3027 1787 3206 1834 autem
3235 1782 3324 1846 qui
3356 1795 3448 1833 eos

3027 1851 3323 1920 pascebant
3350 1846 3429 1905 fu-

3025 1924 3242 1993 gierunt
3266 1940 3281 1977 :
3306 1932 3362 1978 et

3028 1995 3312 2049 venientes
3338 1994 3392 2048 in

3029 2067 3264 2131 civitate,
3302 2064 3507 2121 nentia-

3029 2146 3226 2192 verunt
3261 2138 3465 2204 omnia,

3028 2218 3082 2264 et
3111 2209 3179 2264 de
3210 2208 3319 2275 his,

3027 2282 3119 2350 qui
3150 2280 3438 2336 daemonia

3028 2352 3326 2407 habebant.

3028 2425 3117 2480 δι.
3163 2424 3232 2478 Et
3259 2438 3393 2479 ecce
3419 2430 3523 2478 tota

3029 2495 3221 2550 civitas
3246 2495 3387 2549 exiit

3029 2566 3242 2621 obviam
3267 2567 3425 2622 Jesu.

3029 2647 3085 2692 et
3116 2638 3232 2693 viso
3258 2654 3332 2692 eo

3030 2712 3264 2779 rogaban
3278 2719 3300 2764 t
3328 2723 3473 2772 eum,

3031 2778 3381 2837 uttransiret
3401 2795 3430 2834 a
3459 2778 3520 2835 ἃ·

3030 2851 3191 2908 nibus
3211 2867 3431 2907 eorum.

3229 2921 3468 2979 CAPUT
3504 2918 3591 2977 IX.

3029 2995 3055 3049 1
3068 3033 3083 3048 .
3124 2993 3193 3049 Ει
3228 2994 3532 3050 ascendens

3030 3066 3084 3121 in
3113 3065 3370 3122 navicula

3030 3137 3429 3203 translretavit,
3455 3146 3509 3193 et

3029 3210 3179 3263 venit
3210 3210 3265 3264 in
3298 3209 3435 3264 civi-

3029 3287 3217 3336 talem.

3027 3352 3083 3407 2.
3126 3352 3196 3409 Et
3225 3367 3358 3409 ecce
3381 3367 3478 3422 op-

2660 3491 2895 3549 CODEX
2926 3490 3326 3551 BRIXIANUS.

2193 3598 2247 3642 et
2276 3587 2429 3641 mari.
2474 3595 2529 3643 et
2570 3587 2706 3642 facta
2735 3598 2816 3642 eSI
2854 3585 3219 3655 tranquillitas
3253 3599 3475 3656 magna.
3500 3580 3578 3637 Illi
3605 3584 3751 3656 autem

2194 3658 2441 3713 homines
2471 3659 2649 3713 mirati
2679 3667 2804 3713 sunt
2831 3649 3076 3713 dicentes
3098 3657 3276 3725 qualis
3306 3649 3395 3712 est
3426 3654 3546 3718 hic,
3576 3649 3694 3721 quod
3714 3652 3753 3698 ct

2192 3732 2333 3785 venti
2364 3741 2418 3785 et
2446 3746 2593 3785 mare
2625 3729 2922 3785 oboediunt
2961 3729 3033 3784 ei.
3075 3728 3145 3783 Et
3190 3743 3318 3783 cum
3373 3727 3600 3782 venisset
3639 3730 3754 3795 trans

2189 3802 2388 3856 l‘retmu
2445 3805 2495 3856 in
2543 3802 2818 3871 regionem
2866 3802 3293 3856 Gerasenorum.
3346 3797 3681 3871 occurrerunt
3719 3801 3756 3842 et

2187 3874 2296 3929 duo
2340 3870 2630 3931 daemonia
2682 3873 2943 3929 habentes
2982 3872 3051 3928 de
3106 3870 3477 3925 monumentis
3519 3871 3755 3942 exeuntes.

2187 3946 2332 4000 saevi
2381 3946 2558 4000 nimis.
2614 3948 2684 3998 ita
2733 3954 2791 3999 ut
2833 3960 2991 4000 nemo
3048 3952 3233 4011 posset
3275 3942 3509 3998 transire
3535 3943 3756 4012 perv“!!!

2188 4018 2357 4071 illam.
2395 4018 2463 4071 Et
2488 4017 2935 4071 exclamaverunt
2958 4002 3223 4070 dicentes.
3253 4013 3396 4081 Quid
3427 4002 3578 4066 nobis
3615 4016 3659 4061 et
3680 4002 3758 4056 lilii

2186 4089 2313 4144 .Iesu
2346 4089 2419 4142 iili
2466 4089 2559 4142 Dei
2599 4087 2802 4142 Venisti
2838 4087 2945 4142 huc
2983 4094 3109 4141 ante
3137 4096 3353 4155 tempus
3393 4094 3633 4153 torquere
3654 4087 3755 4155 ups-

2192 4162 2319 4215 Erat
2359 4173 2537 4212 autem
2569 4176 2675 4213 non
2720 4160 2879 4228 longe
2910 4160 2978 4213 ab
3006 4158 3084 4212 eis
3120 4145 3264 4226 gres.
3284 4145 3572 4228 porcorum
3603 4145 3761 4204 multo-

2191 4248 2308 4285 rnm
2355 4233 2710 4299 pascentium.
2772 4226 3074 4285 Daemones
3112 4226 3318 4284 autem.
3374 4226 3762 4301 rogabant-will
3858 4240 3859 4301 ς

2189 4303 2436 4357 dicentes
2467 4304 2522 4358 Si
2553 4303 2685 4357 eicis
2716 4318 2836 4357 nos.
2874 4301 3005 4371 jube
3033 4315 3132 4356 nos
3159 4301 3241 4355 ire
3278 4301 3333 4355 iu
3361 4312 3575 4371 gregem
3607 4300 3761 4371 pote?—

2191 4391 2329 4429 rum.
2382 4375 2447 4430 Et
2493 4376 2565 4427 ait
2604 4374 2710 4427 illis
2752 4373 2848 4428 lle.
2876 4368 2971 4428 ⁷Λι
3016 4374 3091 4426 illi
3128 4368 3420 4428 exeuntes.
3450 4368 3687 4436 abjerttltl
3721 4371 3761 4411 In

2189 4461 2406 4516 gregem
2440 4460 2746 4514 porcorum.
2779 4455 2832 4499 et
2864 4460 2992 4499 ecce
3027 4445 3288 4511 impetum
3320 4444 3450 4516 fecit
3480 4444 3762 4516 lotusgrcf‘;

2194 4499 2316 4587 fier"
2333 4499 2595 4589 praeceps
2636 4519 2686 4571 in
2721 4519 2875 4592 mari.
2920 4526 2976 4570 et
3002 4499 3201 4592 mortui
3250 4524 3383 4570 sunt
3429 4514 3483 4569 in
3521 4499 3679 4592 anuli

2191 4586 2371 4643 autem
2404 4592 2493 4657 qui
2533 4603 2629 4643 eos
2676 4590 2988 4656 pascebant.
3041 4588 3317 4655 fugerunt.
3350 4596 3408 4641 et
3439 4586 3699 4657 venientes
3726 4586 3764 4623 In

2192 4650 2486 4736 civitatem.
2522 4650 2896 4736 mitigaverunt
2929 4650 3129 4736 omnia.
3162 4666 3220 4713 et
3245 4654 3552 4736 de__liis_qui
3582 4650 3766 4736 daein?-

2195 4732 2278 4786 nia
2310 4732 2599 4787 habebant.
2628 4731 2694 4786 Et
2716 4746 2843 4785 ecce
2874 4739 2983 4785 tota
3010 4730 3201 4785 civitas
3232 4730 3378 4787 exiit
3416 4717 3622 4787 obviam
3645 4717 3764 4775 lesu.

2193 4813 2248 4858 et
2270 4804 2517 4858 videntes
2533 4819 2654 4858 eum
2676 4804 2935 4872 rogabant
2956 4812 3013 4856 ut
3037 4800 3294 4857 transiret
3315 4818 3345 4854 a
3373 4799 3571 4855 linibus
3589 4803 3765 4872 eorullj-
3858 4860 3859 4869 χ

2193 4874 2264 4930 Ει
2291 4875 2592 4935 ascendens
2623 4877 2674 4930 in
2710 4861 3008 4929 naviculam
3053 4872 3452 4933 translretavit.
3487 4878 3543 4926 et
3568 4861 3694 4921 venit
3726 4861 3765 4910 ἰιι

2194 4949 2465 5004 civitatem
2495 4961 2668 5002 suam.
2701 4947 2769 5002 Et
2796 4960 2923 5001 ecce
2950 4944 3049 5000 ob-

1201 5280 1600 5341 VARIANTES
1639 5278 2019 5340 LECTIONES
2056 5277 2318 5338 CODIClS
2355 5276 2464 5335 MS.
2505 5276 2567 5333 S.
2608 5270 3117 5333 GERMANENSIS.

562 5396 580 5427 ι
616 5406 875 5460 exurgens
900 5397 1157 5460 imperavit
1175 5408 1330 5453 vento

560 5468 582 5498 ι
616 5456 693 5506 Illi
718 5456 885 5507 autem
908 5456 1133 5511 homines

563 5529 585 5561 ι
618 5518 733 5622 quis
756 5524 833 5570 est
854 5520 956 5581 hic,
986 5524 1217 5583 quoniam

560 5590 584 5622 δ
651 5593 764 5622 estis

561 5593 589 5755 Ξ
618 5593 877 5755 ΞΞὲιιξοιιίει
898 5646 1198 5701 habentes...
1225 5650 1484 5713 periculosi
1504 5651 1649 5702 nimis

568 5722 589 5755 ⁸
620 5718 745 5771 Iesu

568 5785 591 5817 "
627 5786 805 5849 venisti
825 5790 941 5836 ante

573 5850 597 5891 ³
626 5842 951 5917 nascentium.
969 5842 1241 5905 Daemonia

2265 5398 2287 5430 9
2322 5395 2350 5446 J
2355 5409 2473 5446 esus

2269 5460 2314 5491 ¹⁰
2348 5465 2527 5509 euntes

2269 5521 2312 5553 ιι
2349 5518 2672 5584 praecipitans
2692 5530 2748 5569 se

2273 5584 2318 5614 ¹¹
2353 5589 2534 5633 euntes

2272 5646 2319 5679 ⁸³
2350 5644 2599 5703 habebant

2273 5709 2319 5741 ιι
2351 5720 2461 5757 cum
2487 5708 2724 5758 vidissent
2746 5720 2883 5758 eum.
2905 5717 2963 5755 ro

3026 5704 3145 5756 bant
3168 5715 3279 5755 eum

2274 5771 2319 5810 ιι
2352 5745 3123 5839 Ξῖιῖιὶιόὲιὲ’.“ἱῇ”ἑο“ὲὲ”ὁίιῐιῖὥῑῖιῖιῖ
