3894 6336
137 304 220 362 189
263 385 276 394 ,
1061 302 1526 377 [EVANGELIUM
1567 301 1940 362 SECUNDUM
1981 302 2416 362 MATTHAZUM.

491 419 722 478 CODEX
765 418 1306 480 VERGELLENSIS.

131 512 341 586 tulerunt
367 512 416 568 ei
937 531 996 570 re
1028 523 1262 586 peccata,
1301 523 1428 572 tunc

133 585 457 669 paralyticum
939 587 1012 640 ait
1031 585 1298 669 ipa-ralyti-

149 667 367 712 acentem
393 657 446 712 in
938 672 1042 728 co:
1077 656 1267 728 Surge,
1299 666 1350 713 et
1381 656 1484 712 tol-

149 737 269 782 eeto.
941 727 994 784 le
1023 727 1326 798 grabattum

134 799 310 854 Videas
335 807 514 854 autem

127 871 266 927 Iesus
293 871 450 926 ﬁdem
483 870 549 926 il-

127 944 314 1008 lorum,
473 943 514 998 it

129 1013 430 1086 paralytico:

128 1086 372 1140 Constans
403 1093 521 1141 esto
601 1141 614 1156 ,

129 1159 190 1212 iiIi
211 1199 224 1220 ,
251 1155 470 1212 remissa

128 1238 236 1284 sunt
263 1229 352 1283 tibi
377 1243 568 1300 pecca-

131 1311 174 1354 ta
203 1307 304 1355 tua.

129 1372 174 1426 5.
212 1369 432 1439 Quidam
457 1373 638 1430 autem

127 1443 186 1498 de
211 1444 405 1498 Scribis
431 1447 512 1498 di-

128 1523 300 1570 xerunt
327 1516 464 1572 intra

127 1601 179 1640 se
203 1604 216 1639 :
249 1585 338 1641 Hic
363 1587 562 1642 blasfe-

127 1665 260 1739 mat;
283 1659 404 1739 quis
434 1667 612 1730 potest

129 1737 384 1786 remittere

939 809 1112 864 tuum.
1145 809 1199 856 et
1225 799 1360 856 vade

939 871 992 926 in
1025 873 1242 926 domum
1269 881 1352 926 tu-

941 943 994 996 7.
1041 959 1151 998 am.
1193 944 1256 999 Et
1286 958 1536 1014 surgens,

947 1014 1078 1070 abiit
1109 1017 1158 1069 in
1185 1014 1407 1072 domum

946 1099 1122 1144 suam.

947 1155 1000 1212 8.
1045 1158 1300 1214 Videntes
1321 1167 1502 1216 autem

945 1229 1133 1285 turbae
1158 1230 1352 1286 timue-

945 1309 1088 1368 runt,
1118 1311 1172 1358 et
1199 1301 1369 1356 Itono-

947 1413 959 1426 .
1007 1415 1019 1427 .
1067 1415 1080 1428 .
1127 1415 1140 1427 .
1187 1375 1467 1430 icaverunt

947 1445 1232 1502 Dominum
1251 1487 1265 1510 ,
1295 1448 1386 1512 qui
1415 1445 1566 1502 dedit

944 1517 1106 1571 talem
1148 1526 1355 1586 potesta
1366 1547 1386 1559 -

944 1599 1051 1642 tem
1083 1588 1318 1642 homini-

943 1660 996 1716 9.
1043 1659 1161 1715 bus.
1197 1661 1280 1727 Et,
1317 1675 1440 1716 cum

949 1731 1207 1786 transiret
1233 1733 1284 1785 in

949 1802 1076 1856 inde
1105 1802 1283 1868 Jesus,
1311 1803 1446 1858 vidit

951 1873 1222 1929 hominem
1255 1889 1342 1930 se-

953 1945 1166 2000 dentem
1194 1946 1246 1999 in
1273 1955 1350 2002 le-

953 2017 1133 2083 loneo,
1164 2016 1390 2076 Matthe-

953 2104 1042 2142 utn
1073 2090 1308 2144 nomine.

957 2159 1023 2214 Et
1045 2161 1119 2216 ait
1147 2161 1219 2215 illi
1251 2179 1261 2214 :
1294 2161 1501 2231 Seque-

955 2247 1013 2286 re
1039 2247 1144 2286 me.
1179 2231 1246 2285 Et
1274 2249 1392 2288 sur-

957 2317 1090 2373 gens
1119 2313 1340 2358 secutus

131 1811 356 1871 peccata,
388 1803 490 1858 nisi

131 1889 256 1926 unus
283 1874 441 1929 Deus.

131 1943 178 1999 t.
215 1942 410 2001 Videns
446 1955 625 2002 autem

130 2015 278 2070 Iesus
307 2018 588 2088 cogitatio-

131 2102 224 2142 nes
248 2101 446 2154 eorum,
475 2090 558 2144 di-

131 2160 202 2214 xit
229 2176 240 2232 ;
269 2157 333 2232 Ut
357 2161 486 2232 quid

132 2231 364 2300 cogitatis
378 2231 508 2286 ina—

133 2303 174 2356 la
205 2303 255 2356 in
278 2303 532 2360 cordibus

133 2373 178 2426 5.
225 2375 440 2430 vestris?
471 2374 610 2443 Quid
959 2384 1042 2429 est
1073 2389 1218 2429 eum.

133 2455 208 2500 est
241 2444 334 2500 iaci
379 2487 392 2499 .
440 2487 454 2501 .
502 2488 517 2502 .
563 2487 576 2501 .
621 2460 706 2512 us,
963 2445 1048 2500 10.
1095 2447 1159 2500 Ει
1187 2447 1384 2502 factum
1415 2455 1500 2504 est

133 2517 301 2571 dicere
330 2535 342 2572 :
369 2518 583 2574 Remis-
649 2513 664 2523 ’
962 2519 1280 2573 recumben-

135 2603 183 2641 sa
207 2597 328 2642 sunt
356 2591 454 2646 tibi

136 2671 340 2729 peccata
370 2672 490 2729 tua;

138 2739 221 2786 aut
249 2732 424 2789 dicere
453 2751 464 2787 :

137 2803 314 2873 Surge.
342 2815 395 2862 et
421 2820 538 2859 am-

137 2875 296 2930 bula?

963 2598 1014 2642 te
1043 2589 1185 2642 eoin
1219 2590 1380 2646 domo
1403 2634 1418 2656 ,

899 2681 902 2684 λ
961 2673 1088 2714 ecce
1117 2661 1266 2714 multi
1303 2679 1400 2730 pu-

962 2731 1157 2785 blicani
1183 2742 1374 2802 etpec—

963 2811 1172 2858 catores
1203 2819 1416 2861 recum-

967 2873 1166 2929 bebant
1194 2891 1316 2930 cum

137 2947 181 3002 6.
225 2947 292 3002 lit
314 2947 497 3008 sciatis
521 2955 728 3014 autem,
961 2945 1089 3002 Jesu
1111 2987 1125 3011 ,
1151 2955 1203 3000 et
1229 2962 1349 3002 cum

138 3019 251 3088 quia
281 3019 418 3074 ﬁlius
446 3020 546 3078 1η)-
713 3035 720 3044 ·
959 3017 1236 3088 discipulis
1257 3019 1378 3088 ejus
1421 3037 1433 3076 :

139 3091 284 3146 minis
307 3101 546 3162 potesta—
961 3089 1050 3162 il.
1083 3089 1159 3162 Et
1178 3091 1428 3148 videntes

137 3169 230 3218 tem
279 3159 440 3219 liabet
479 3177 644 3232 super
685 3171 884 3220 terram
961 3159 1166 3216 Farisei
1192 3204 1205 3226 ,
1234 3162 1384 3220 dice-

363 3273 377 3288 .
421 3235 668 3304 remitte-
961 3233 1086 3288 bant
1113 3233 1348 3305 discipu-

567 3351 802 3414 CODEX
830 3350 1300 3432 COBBEIENSIS.

136 3443 364 3517 [erebant
393 3445 442 3502 ei
487 3445 838 3517 paralyticum
866 3446 1134 3517 jacentem
1165 3444 1218 3498 in
1249 3444 1411 3517 lecto.
1440 3441 1726 3517 Etvideus

137 3515 274 3572 Jesus
301 3519 462 3574 [idem
489 3514 716 3572 illorum
736 3559 752 3584 ,
785 3514 919 3572 dixit
945 3517 1239 3587 paralytico
1265 3534 1277 3570 :
1330 3518 1344 3548 ¹
1374 3514 1598 3570 ϐοηίίιιο
1629 3516 1724 3580 liii,

139 3591 470 3644 remittuntur
515 3589 610 3644 tibi
657 3597 876 3656 peccata
923 3600 1031 3642 tua.
1082 3591 1101 3618 ²
1135 3587 1198 3642 Et
1244 3603 1368 3642 ecce
1404 3588 1618 3657 quidam
1665 3587 1734 3642 de

137 3661 326 3716 Scribis
359 3663 614 3716 dixerunt
657 3661 793 3715 intra
824 3677 883 3714 se
910 3679 922 3714 :
953 3659 1051 3716 llic
1081 3660 1440 3729 blaspltemat.
1478 3661 1538 3712 Et
1569 3675 1732 3728 quum

137 3731 349 3788 vidisset
393 3732 550 3788 Jesus
599 3732 952 3802 cogitationes
998 3747 1220 3794 eorum,
1261 3731 1440 3784 dixit:
1497 3731 1566 3786 Ut
1608 3729 1734 3800 quid

137 3805 370 3872 cogitatis
399 3805 538 3858 mala
561 3803 614 3858 iu
643 3804 896 3858 cordibus
919 3803 1154 3858 vestris?
1185 3803 1320 3871 Quid
1353 3813 1436 3856 est
1458 3802 1478 3832 ³
1503 3803 1728 3870 facilius,

136 3873 302 3932 dicere
339 3901 352 3932 :
387 3875 408 3906 "
445 3877 794 3930 Dilnillunlut‘
838 3875 932 3930 tibi
976 3885 1190 3944 peccata
1227 3887 1346 3940 Iun;
1380 3883 1467 3926 :tul
1509 3873 1730 3928 dicere:

137 3946 308 4016 Surge,
337 3957 391 4002 et
417 3946 672 4002 ambula?
700 3949 764 4002 Ut
787 3955 965 4000 autem
999 3945 1207 4010 sciatis,
1232 3947 1356 4014 quia
1387 3945 1529 3998 ﬁlius
1561 3945 1719 3998 homi-

139 4019 208 4072 nis
233 4019 396 4074 habet
422 4029 742 4087 potestatem
769 4017 820 4072 in
848 4028 992 4072 terra
1016 4017 1318 4072 dimittendi
1343 4025 1582 4086 peccata,
1606 4024 1734 4072 tunc

135 4095 200 4162 ait
225 4091 560 4162 paralytico:
595 4090 805 4162 Surge,
832 4090 852 4120 ⁵
885 4089 1012 4144 tolle
1052 4089 1254 4162 lectum
1275 4099 1436 4162 tuum
1459 4129 1472 4152 ,
1506 4096 1560 4162 et
1596 4087 1734 4145 vade

137 4159 181 4214 in
207 4158 424 4216 diuinum
460 4172 626 4216 tuam.
688 4158 752 4216 Et
791 4161 810 4192 ⁸
853 4161 1084 4216 surrexit
1110 4203 1124 4226 ,
1154 4171 1205 4213 et
1239 4161 1370 4214 abiit
1415 4161 1466 4214 in
1513 4158 1732 4212 domum

135 4247 292 4288 suam.
331 4231 588 4288 Videutes
612 4243 790 4288 autem
825 4233 1013 4298 turbae
1053 4233 1375 4292 timuerunt,
1408 4235 1503 4286 et"
1531 4231 1735 4300 gloriﬁ-

137 4313 382 4360 caverunt
419 4303 592 4360 Deum
615 4347 630 4370 ,
663 4307 753 4374 qui
785 4304 934 4360 dedit
963 4312 1286 4374 potestatem
1317 4305 1336 4332 ⁸
1368 4303 1526 4356 talem
1556 4303 1732 4358 homi-

139 4375 301 4434 nibus.
339 4377 428 4439 Et.
460 4393 623 4443 quum
650 4377 902 4430 transiret
928 4375 1054 4430 inde
1084 4374 1263 4440 Jesus,
1293 4374 1427 4428 vidit
1458 4374 1729 4430 hominem

135 4447 400 4512 sedentem
425 4451 446 4482 ⁷³
479 4447 532 4502 in
566 4448 789 4512 telonio,
811 4448 1134 4504 Matthaeum
1159 4447 1398 4502 nomine.
1435 4447 1592 4500 Etait
1619 4446 1730 4501 illi:

139 4515 366 4592 Sequere
400 4536 508 4574 me.
557 4521 620 4592 Et
648 4519 690 4550 ¹⁰
718 4530 938 4592 secutus
978 4527 1061 4574 cst
1088 4535 1210 4576 eum
1269 4517 1339 4592 Et
1362 4519 1558 4592 factum
1586 4519 1730 4572 est”

139 4587 507 4647 discumbente
538 4587 612 4647 eo
633 4593 683 4645 in
710 4591 893 4656 domo,
929 4605 1055 4646 ecce
1078 4592 1230 4648 multi
1260 4589 1523 4658 publicani
1546 4601 1599 4644 et
1619 4603 1735 4658 pec-

137 4673 334 4718 eatores
359 4665 402 4695 ¹²
427 4665 726 4727 venientes,
757 4661 1176 4717 discumbebant
1200 4677 1319 4716 cum
1359 4659 1506 4724 Jl'Sll,
1553 4671 1605 4714 ct
1650 4660 1733 4714 di-

139 4731 351 4856 ﬁeipulis
393 4737 533 4804 ejus.
593 4737 656 4788 Et
709 4734 960 4792 videntes
1003 4733 1299 4798 Pharisaei,
1351 4731 1624 4798 dicebant,
1677 4741 1734 4790 et

174 4820 364 4856 tscnm-

174 4820 364 4876 15611111-

1809 514 2048 570 tulerunt
2070 515 2118 569 ei

1811 1018 2080 1072 Constans
2099 1025 2218 1070 esto

1814 1085 1888 1141 ﬁli
1913 1129 1928 1152 ,
1959 1085 2183 1142 remissa

1810 1167 1937 1212 sunt
1959 1159 2051 1214 tibi
2083 1167 2302 1230 peccata

1817 1239 1927 1284 tua.

1813 1302 1865 1358 5.
1909 1300 2137 1366 Quidam
2173 1310 2356 1357 autem

1811 1388 1876 1429 ex
1903 1373 2108 1428 Scribis
2121 1372 2271 1428 dixe-

1811 1453 1939 1500 runt
1969 1445 2106 1498 intra

1812 1531 1871 1571 se
1897 1532 1912 1580 ;
1947 1515 2044 1570 Hic
2065 1515 2423 1584 blasphemat.

1809 1587 1866 1642 4.
1910 1585 2122 1644 Etcum
2139 1587 2220 1642 vi-

1813 1659 1982 1714 disset
2003 1659 2159 1714 Jesus

1814 1729 2167 1800 cogitationes
2197 1745 2288 1786 eo-

1815 1819 1933 1856 rum
1956 1843 1971 1868 ,
2006 1802 2178 1856 dixit:
2205 1801 2276 1859 Ut

1817 1873 1942 1944 quid
1965 1875 2212 1944 cogitatis

3302 303 3404 363 l90

2236 420 2464 478 CODEX
2505 415 2974 478 VERONENSIS.'

2641 520 2790 568 tuum
2811 557 2822 577 ,
2845 521 2900 568 et
2918 511 3052 568 vade

1811 583 2163 657 paralyticum
2645 586 2696 639 in
2730 586 2950 642 domum

1803 657 2076 726 iacentem
2091 657 2143 712 in
2307 699 2311 704 .
2643 665 2811 711 tuam.

1809 729 1970 784 lecto.
2001 730 2070 783 Et
2097 727 2288 784 videns
2645 729 2698 783 7.
2741 729 2804 783 Et
2825 743 2946 782 sur-

1811 800 1968 856 Jesus
1996 799 2158 856 ﬁdem
2647 803 2786 854 rexit
2809 843 2824 866 ,
2857 807 2912 854 et

1814 872 2031 928 illorum
2051 913 2064 934 .
2099 871 2235 926 dixit
2647 871 2774 926 abiit
2799 873 2851 926 in
2873 871 3089 932 domum

1811 943 2112 1015 paralytico
2143 961 2156 996 :
2646 957 2818 1015 suam.

2648 1015 2696 1070 8.
2745 1014 2859 1070 Hoc
2887 1018 3008 1072 viso

2649 1086 2838 1142 turbae
2861 1089 3054 1148 timue-

2647 1167 2794 1224 runt,
2838 1171 2889 1214 et
2919 1160 3092 1220 hono-

2647 1230 2998 1300 rilicaberunt

2653 1301 2822 1357 Deum
2851 1345 2866 1369 ,
2896 1308 2985 1372 qui

2651 1382 2852 1428 tantam
2874 1375 3022 1434 dedit

2649 1445 2954 1520 l_iom_inibus
2984 1458 3320 1520 potestatem.

2649 1517 2704 1572 9.
2750 1517 2849 1582 Et,
2877 1517 2996 1578 cuni
3021 1533 3169 1578 tran-

2653 1589 2788 1644 siret
2817 1589 2942 1646 inde

2651 1659 2809 1716 Jesus
2835 1703 2848 1726 ,
2870 1664 3004 1720 vidit

2650 1730 2924 1790 hominem
2941 1737 3132 1792 seden-

2650 1810 2756 1857 tem
2789 1804 2840 1858 in
2875 1810 3121 1864 taeloneo
3142 1851 3157 1874 ,

2651 1875 2945 1934 Mattheum
2977 1881 3154 1934 nunti-

1823 1945 1962 1999 mala
1993 1947 2043 1998 in
2654 1961 2744 2001 ne.
2779 1947 2844 2001 Et
2871 1951 2948 2005 ait

1822 2016 2075 2093 cordibus
2099 2015 2294 2093 vestris
2318 2018 2342 2072 ἳ
2656 2017 2730 2093 i_lli
2768 2037 2780 2073 :
2810 2019 3049 2093 Sequere
3073 2037 3182 2080 me.

1825 2089 1878 2144 5.
1921 2088 2060 2155 Quid
2091 2098 2173 2144 est
2193 2089 2326 2144 faci-
2657 2089 2723 2144 Et
2747 2104 2868 2145 sur-

1825 2159 1928 2213 lius
1957 2160 2140 2216 dicere
2173 2178 2185 2212 :

2659 2167 2794 2230 gens
2823 2175 3046 2222 secutus

1825 2229 2052 2286 Dimissa
2079 2241 2206 2286 sunt

2663 2235 2750 2290 lO.
2792 2249 2872 2290 est
2897 2253 3042 2292 eum.
3075 2239 3142 2294 Et

2662 2303 2862 2362 factum
2893 2322 2976 2364 est

2664 2379 3015 2438 recumbente

2664 2462 2731 2504 eo
2767 2451 2818 2504 in
2849 2451 3104 2524 domum,

2663 2535 2792 2576 ecce
2819 2524 2976 2579 multi

1825 2302 1917 2356 tibi
1946 2311 2168 2376 peccata
2198 2303 2310 2376 (a);

1826 2382 1918 2428 aut
1944 2375 2124 2430 dicere
2156 2393 2169 2428 :

1827 2446 2022 2516 Surge,
2040 2455 2093 2501 et
2114 2463 2230 2500 am-

1830 2515 1883 2571 6.
1926 2515 2100 2572 bula?
2135 2517 2202 2574 Ut

1827 2589 2008 2642 sciatis
2041 2605 2136 2642 au-
2160 2661 2171 2674 .
2363 2600 2366 2602 ‘
2665 2593 2956 2664 publicani,

1831 2669 1935 2734 tem
1963 2669 2266 2734 ,_quouiam
2664 2673 2718 2718 et
2755 2677 3068 2734 peccatores

1827 2730 2161 2784 iiliushomi-

2665 2747 2952 2806 venerunt,
2977 2750 3034 2795 et

2668 2809 3056 2868 recumbebant

2667 2892 2788 2932 cum
2809 2877 2960 2946 Jesu,

2665 2960 2720 3004 et
2749 2964 2870 3004 cum
2904 2954 3067 3011 disci-

2663 3021 2976 3094 pulisieius.

2667 3093 2755 3148 ll.
2801 3093 2875 3147 Et
2895 3097 3142 3154 videntes

2663 3164 2964 3237 Pharisaei,

2666 3237 2918 3296 dicebant
2940 3241 3021 3298 di-

2297 3348 2526 3406 CODEX
2559 3352 2954 3412 BRleANUS.

1830 3443 2066 3516 tulerunt
2088 3444 2138 3516 rei
2164 3443 2541 3516 paralyticum.
2567 3445 2836 3515 iacentem
2867 3448 2920 3502 in
2954 3448 3116 3502 lecto.
3144 3447 3213 3502 Et
3241 3445 3431 3501 videns

1837 3515 2188 3592 .iesus__lid_em
2217 3517 2457 3592 illorum.
2490 3518 2626 3574 dixit
2661 3520 2978 3592 paralytico.
3008 3521 3274 3592 Constans
3315 3529 3433 3592 esto

1843 3586 1938 3660 illi.
1966 3587 2319 3660 dimittuntur
2353 3589 2443 3642 tibi
2475 3586 2690 3657 peccata
2716 3586 2828 3646 tua:
2859 3591 2928 3646 Et
2957 3607 3085 3648 ecce
3117 3590 3331 3660 quidam
3361 3590 3430 3643 de

1841 3659 2044 3714 Scribis
2097 3664 2357 3720 dixerunt
2387 3663 2528 3716 intra
2559 3665 2902 3730 semetipsos.
2941 3663 3036 3717 llic
3065 3659 3429 3728 blasphcmat.

1841 3730 1902 3783 Et
1945 3731 2137 3788 videns
2175 3735 2333 3790 Jcsus
2376 3733 2732 3801 Cogitationes
2761 3749 2948 3788 eorum
2981 3735 3135 3788 dixit.
3179 3733 3248 3789 Ut
3303 3732 3430 3800 quid

1837 3801 2086 3868 cogitatis
2139 3805 2275 3860 mala
2321 3805 2371 3857 in
2422 3803 2676 3858 cordibus
2723 3807 2916 3858 vestris
2964 3804 3102 3870 Quid
3148 3813 3233 3860 est
3285 3805 3430 3858 enim

1838 3873 2047 3926 facilius
2075 3876 2258 3932 dicere
2279 3875 2628 3930 Dimittuntur
2659 3878 2748 3929 tibi
2771 3885 2985 3944 peccata
3010 3885 3117 3930 tua.
3145 3887 3230 3928 aut
3256 3875 3433 3929 dicere

1839 3944 2012 4012 Surge
2043 3955 2099 4000 et
2125 3947 2359 4002 ambula.
2417 3947 2482 4002 Ut
2537 3946 2720 4000 sciatis
2751 3957 2927 4000 autem
2983 3948 3236 4015 quioniam
3291 3945 3432 3999 [ilius

1840 4015 2074 4072 hominis
2117 4018 2274 4074 habet
2319 4025 2638 4086 potestatem
2671 4033 2836 4085 suber
2886 4029 3082 4072 terram
3127 4016 3434 4071 dlltllllt'lttli

1837 4097 2080 4157 pect-ata.
2109 4103 2234 4146 tunc
2277 4097 2350 4142 att
2384 4090 2674 4160 paralytic”
2697 4092 2885 4158 Surge.
2919 4091 3258 4144 tullnlcctum
3281 4099 3430 4141 tuum

1837 4169 1891 4214 ct
1925 4160 2061 4214 vade
2085 4162 2132 4216 in
2164 4163 2382 4216 domum
2418 4172 2582 4214 tuam.
2621 4162 2682 4216 Et
2707 4175 2933 4228 surgens
2955 4161 3085 4214 abiit
3115 4162 3166 4214 in
3205 4161 3424 4212 domum

1837 4247 2012 4288 suam.
2043 4233 2298 4288 Videntes
2329 4243 2506 4288 autem
2539 4234 2725 4287 turbae
2752 4231 3085 4286 admirantes
3119 4233 3432 4285 timuerunt.

1836 4312 1890 4376 ct
1913 4305 2399 4376 magnilicaverunt
2423 4305 2612 4360 Deum.
2633 4307 2720 4375 qui
2747 4304 2910 4360 talem
2937 4304 3088 4360 dedit
3109 4311 3432 4374 potestatem

1838 4374 2168 4432 hOminibus.

1908 4446 1984 4502 Et
2009 4464 2127 4504 cum
2160 4448 2414 4506 transiret
2445 4447 2568 4502 inde
2589 4447 2748 4504 .lesus
2771 4447 2904 4502 vidit
2933 4447 3205 4502 hominem
3238 4445 3435 4502 seden-

1837 4525 1944 4574 tem
1967 4520 2022 4576 in
2059 4520 2276 4576 toloneo
2307 4521 2598 4574 Mattltcum
2627 4521 2844 4574 nomine
2869 4520 2932 4574 Et
2959 4522 3036 4574 ait
3062 4519 3158 4573 illi.
3189 4518 3434 4586 Sequere

1837 4605 1940 4664 me.
2001 4591 2067 4664 Et
2113 4607 2340 4664 surgens
2390 4599 2606 4664 secutus
2661 4603 2746 4646 est
2801 4607 2947 4664 eum.
3010 4591 3076 4664 Et
3129 4591 3320 4644 factum
3351 4596 3434 4642 est

1835 4661 2299 4718 discumbente'co
2329 4665 2378 4716 in
2400 4661 2582 4716 domo.
2604 4678 2732 4718 ecce
2757 4663 2912 4716 multi
2937 4661 3206 4732 publicani
3237 4670 3289 4732 et
3313 4675 3436 4732 pec-

1835 4743 2070 4790 catoree.
2097 4737 2372 4792 venientes
2411 4735 2823 4790 discumbebant
2850 4729 2969 4786 cum
2998 4732 3147 4786 .lcsu.
3178 4743 3232 4785 ct
3265 4729 3436 4784 Πτερί-

1835 4807 1978 4875 polis
2023 4810 2160 4878 ejus.
2197 4808 2261 4862 Et
2290 4807 2534 4862 videntes
2583 4805 2862 4861 Pharisaei
2906 4805 3152 4860 dicebant
3197 4801 3404 4872 discipu

1828 2803 1911 2856 nis
1945 2801 2107 2856 habet
2133 2818 2219 2872 po-

1829 2883 2076 2927 testatem
2101 2874 2152 2928 ill

1831 2955 2026 2998 terram
2050 2945 2232 3000 dimit-

1833 3016 1975 3072 tendi
2008 3029 2226 3085 peccata
2247 3061 2262 3086 ,

1832 3099 1958 3143 tunc
1985 3097 2235 3160 aitpara-

1831 3161 1993 3232 lytico
2027 3180 2044 3218 :
2075 3163 2246 3231 Surge
2267 3202 2280 3217 .

1835 3235 1960 3289 tolle
1992 3235 2191 3291 lectum

819 4938 1218 4996 VARIANTES
1258 4937 1640 4996 LECTIONES
1679 4935 1946 4998 CODlClS
1985 4943 2099 4998 MS.
2148 4945 2202 5000 S.
2247 4941 2754 5024 GERMANENSIS.

194 5065 211 5128 ξ
245 5063 484 5118 Constans
509 5071 620 5117 esto
641 5063 708 5128 ﬁli
728 5104 742 5128 ,
759 5064 1104 5128 remissasunt
1127 5063 1176 5110 ⁸.

191 5127 217 5220 ζ
478 5135 648 5180 autem
670 5125 793 5178 de...
817 5139 875 5178 se
903 5125 1265 5190 :Blasphemat.

189 5251 214 5347 ς
241 5252 464 5368 lelme
484 5257 602 5304 sunt

197 5376 216 5410 '
243 5391 460 5443 surgens
481 5379 604 5432 abiit

1895 5063 1915 5094 "
1952 5061 2395 5115 honoriﬁcaverunt

1894 5125 1916 5158 ⁸
1951 5133 2130 5176 tantam

1896 5187 2010 5254 {ad
2037 5189 2310 5254 teloneum,

1901 5251 1945 5314 ξο
1978 5263 2192 5314 surgens

1900 5313 1942 5345 ιι
1977 5313 2304 5365 recumbente

1905 5375 1949 5408 “
1983 5385 2248 5442 venerunt,
2277 5384 2334 5430 et-
2352 5377 2708 5430 recumbebant
2728 5389 2838 5428 cum
2867 5375 3010 5439 Jesu,
3036 5379 3090 5427 et
3112 5388 3223 5428 cum

1487 5487 1860 5548 BLANCHlNI
1885 5489 2115 5548 ΝΟΤίΕ.

209 5619 236 5651 ι
272 5609 532 5668 Eamdem
561 5609 809 5666 invenies
836 5607 1124 5666 lectionem
1152 5605 1305 5678 apud
1326 5612 1571 5678 sanctum
1605 5604 1742 5678 Leo:

145 5698 262 5740 nem
297 5683 572 5753 Magnum,
606 5681 786 5738 Serm.
814 5681 884 5738 60
907 5681 976 5737 de
1001 5675 1258 5737 Passioite
1281 5677 1493 5734 Domini
1525 5677 1614 5746 ll,
1643 5675 1743 5734 sed

215 5843 292 5920 (α)
321 5845 456 5906 Post
501 5853 731 5922 peccata,
759 5842 959 5904 omittit
987 5851 1115 5912 tua,
1161 5849 1217 5906 et
1256 5843 1330 5916 ita
1383 5839 1504 5914 cod.
1545 5841 1702 5924 Cant.
1730 5837 1850 5904 Lat.

1843 5616 1898 5662 et
1927 5605 2070 5678 apud
2108 5605 2366 5680 Hilarium
2393 5605 2762 5692 Commentar.
2797 5606 2848 5676 in
2880 5605 3064 5676 Matth.
