3894 6336
233 352 314 409 195
1157 352 1613 413 EVANGELIUM
1650 350 2027 413 SECUNDUM
2056 350 2498 411 MATTHA'IUM.

594 465 829 525 CODEX
858 466 1393 528 VERCELLENSIS.

229 576 278 618 oe
298 559 536 631 princeps
1030 565 1116 620 nis
1133 573 1191 622 et
1211 565 1426 621 turbam

233 647 345 690 unus
361 631 606 699 accessit,
1029 645 1166 692 tum.
1213 675 1226 687 .
1260 637 1445 692 Ituan-

233 715 276 761 et
294 703 537 776 adorabat
1030 715 1137 762 tem
1159 748 1176 776 ,
1209 708 1445 765 dicebat.

235 793 348 841 eum,
375 774 426 830 di
467 813 483 829 .
527 811 545 829 .
590 814 603 830 .
647 790 712 832 ns
741 775 856 850 (a):
1025 777 1118 833 24.
1161 774 1457 837 Recedite:
1486 793 1593 836 non

232 850 419 903 tiliame
460 888 472 900 .
517 883 533 900 .
580 886 596 902 .
640 862 701 904 0-

231 917 415 976 dodefu
454 955 469 971 .
513 960 528 973 .
572 958 586 974 .
630 933 663 974 a

229 990 437 1047 estzsed
478 1031 493 1045 .
539 1029 554 1046 .
601 1031 616 1047 .
659 992 735 1059 ni,

230 1064 394 1134 inpone
414 1077 532 1118 ma-

228 1149 622 1191 nums...r

229 1205 496 1269 eam,etvi
538 1245 553 1259 .
599 1246 614 1260 .
657 1215 731 1263 et.

231 1278 293 1350 l9.
327 1276 390 1332 Et
411 1293 639 1350 surgens

229 1348 370 1415 Jesus,
395 1363 453 1404 se
495 1348 526 1402 ,⁷
555 1391 568 1404 .
611 1349 769 1407 ueba-

229 1431 291 1475 llll'
307 1437 440 1484 eum,
463 1436 585 1477 cum

225 1492 462 1562 discipulis
488 1507 580 1548 su-

225 1565 292 1619 20.
329 1567 388 1620 is.
414 1565 481 1619 Et
509 1579 641 1622 ecce

222 1636 400 1702 mulier,
426 1651 546 1707 qua:

219 1707 458 1779 sanguinis

219 1778 538 1848 praeﬂuvium

213 1851 409 1906 habebat
436 1866 532 1905 ιιι.

209 1922 360 1989 annis,
384 1936 565 1978 acces-

207 2031 220 2046 .
253 2032 268 2048 .
305 1993 343 2048 it
368 2003 535 2062 retro,
567 2002 624 2048 et

205 2065 615 2120 .....vesti

203 2175 214 2185 -
251 2178 264 2192 .
305 2177 318 2191 .
361 2178 374 2191 .
413 2146 588 2192 ntum.

198 2207 276 2264 2i.
312 2207 444 2280 ejus.
474 2208 698 2266 Dicebat

192 2281 320 2335 enim
343 2281 483 2335 intra
507 2295 566 2337 se
593 2298 608 2336 :

189 2349 238 2406 Si
267 2353 488 2422 tetigero

187 2424 552 2480 vestimentum

184 2495 312 2562 ejus,
334 2495 484 2550 salva
510 2509 627 2550 ero.

184 2565 265 2620 22.
305 2567 381 2622 Ad
411 2566 504 2622 ille
531 2581 766 2624 conver-

181 2651 291 2706 sus,
316 2637 500 2693 videns
523 2653 666 2705 eam,

180 2708 228 2762 di
269 2747 285 2762 .
325 2748 341 2765 .
384 2748 399 2763 .
439 2717 462 2763 t
488 2726 502 2763 :
533 2708 806 2766 Constans

179 2795 234 2834 es
275 2821 289 2833 .
333 2820 347 2836 .
384 2796 416 2836 ο
439 2780 574 2848 ﬁlia,
601 2781 740 2838 ﬁdes

180 2859 261 2905 tua
290 2861 339 2908 te
365 2853 569 2908 salvam

174 2921 317 2979 fecit.
338 2923 404 2979 Et
417 2924 571 2981 salva

173 2993 315 3049 facta
336 3005 416 3052 est
439 3011 562 3050 mu-

173 3063 274 3120 lier
298 3082 360 3122 ex
383 3067 471 3122 illa
499 3066 601 3124 ho-

171 3134 259 3190 25.
305 3153 381 3192 ra.
414 3138 628 3194 Etcum

170 3208 407 3266 venisset
432 3209 590 3268 Jesus

168 3277 222 3331 in
255 3280 474 3337 domum

170 3349 428 3423 principis
449 3395 466 3421 ,
486 3353 570 3409 vi-

169 3421 309 3479 dens
335 3421 525 3481 tubici-

1025 862 1228 908 esten.
1275 893 1288 905 .
1334 890 1406 908 ο.
1455 868 1506 908 ο.
1558 893 1572 907 .

1029 931 1117 977 tua
1133 923 1278 993 puel.
1326 963 1340 977 .
1365 965 1381 989 ,
1405 925 1502 980 sed

1024 993 1247 1050 dormit.
1279 995 1346 1051 Et
1371 997 1467 1051 de-

1024 1064 1276 1122 ridebant
1299 1083 1442 1123 eum.

1023 1137 1116 1192 25.
1158 1137 1268 1193 Sed
1281 1154 1404 1194 cum
1426 1139 1573 1208 ejec-

1023 1217 1074 1264 ta
1102 1211 1434 1282 cissetgturba
1457 1209 1532 1282 (ὁ)
1553 1253 1569 1280 ,

1020 1281 1168 1361 venit
1192 1322 1208 1347 ,
1238 1279 1280 1352 -ι-
1309 1291 1363 1338 et
1390 1279 1545 1339 tenu-

1021 1359 1065 1405 η
1081 1366 1299 1407 manum

1021 1421 1164 1492 ejus.
1195 1423 1266 1479 Et
1282 1439 1467 1481 surre-

1019 1493 1114 1549 26.
1156 1495 1237 1550 xit
1259 1497 1459 1565 puella.
1489 1497 1559 1552 Et

1019 1566 1153 1620 exiit
1171 1565 1312 1622 fama

1019 1636 1157 1694 haec
1184 1638 1238 1694 in
1265 1639 1388 1694 uni-

1017 1723 1232 1764 versam
1265 1720 1376 1767 l8!"

1017 1794 1136 1835 ram
1159 1781 1328 1837 illam.

1014 1849 1102 1906 27.
1137 1851 1206 1907 Et
1227 1861 1540 1914 transeunte

1010 1922 1136 2005 inde
1168 1923 1295 1982 Jesu
1311 1967 1326 1993 ,
1359 1941 1518 1984 secu-

1011 2002 1050 2048 ti
1078 2005 1343 2053 sunteum

1010 2064 1118 2121 duo
1140 2069 1320 2135 caeci,
1348 2069 1458 2126 cla-

1009 2148 1218 2194 mantes
1244 2159 1256 2195 :
1290 2141 1451 2199 Mise-

1009 2223 1134 2280 rere
1160 2211 1317 2267 nobis
1341 2255 1358 2280 ,

1007 2279 1098 2337 28‘.
1115 2281 1205 2360 _ﬁl_i
1231 2279 1425 2360 David.
1459 2287 1527 2343 Et
1552 2287 1629 2360 (ο)

1004 2355 1154 2409 venit
1185 2355 1239 2410 in
1264 2356 1364 2412 do-

1006 2438 1152 2481 mum
1171 2467 1186 2492 ,
1211 2425 1252 2497 -j-
1282 2436 1340 2482 et
1366 2444 1551 2486 acces-

1002 2498 1278 2574 seruntad
1299 2515 1427 2574 eum
1456 2502 1536 2574 (ά)

1001 2568 1111 2641 duo
1137 2569 1180 2641 -j-
1199 2573 1368 2641 caeci.
1399 2568 1529 2640 Qui;

1001 2639 1104 2694 bus
1129 2639 1199 2695 ait
1231 2640 1388 2699 Jesus
1419 2639 1434 2700 ἐ
1463 2645 1596 2701 Cre-

1001 2710 1308 2784 ditis‘quod
1340 2730 1469 2784 pos-

1003 2797 1122 2838 sum
1141 2782 1247 2839 hOc
1261 2782 1409 2842 face-

1004 2869 1066 2910 re
1085 2855 1240 2910 vobis
1259 2857 1282 2911 2
1315 2858 1508 2914 Dicunt

1004 2927 1053 2980 ei
1084 2941 1099 2991 ;
1127 2926 1314 2996 utique
1338 2969 1353 2995 ,
1376 2928 1625 2986 Domine.

1004 2995 1096 3052 29.
1116 2995 1487 3072 _Tunc.tetigit

1007 3069 1203 3125 oculos.
1217 3069 1440 3138 eorum,

1005 3139 1192 3196 dicens
1223 3159 1235 3195 :
1267 3142 1408 3200 Secu
1419 3161 1482 3200 n-

1003 3211 1129 3267 dum
1157 3212 1318 3268 ﬁdem

1001 3291 1238 3340 vestram
1267 3286 1329 3340 li-
1429 3320 1435 3332 ι

999 3354 1088 3411 '50.
1131 3364 1190 3410 at
1210 3358 1385 3414 vobis.
1421 3368 1476 3415 et
1510 3368 1622 3416 sta—

999 3427 1095 3481 tim
1119 3429 1293 3498 aperti
1316 3440 1446 3486 sunt

594 3541 829 3598 CODEX
854 3541 1331 3602 CORBEIENSIS.

169 3645 227 3708 ge
252 3634 269 3664 ¹
308 3635 553 3708 princeps
588 3650 730 3692 unus
750 3639 975 3692 accessit
993 3681 1007 3703 ,
1030 3650 1081 3694 et
1095 3640 1349 3697 adorabat
1366 3656 1510 3706 eum,
1527 3642 1714 3698 dicens
1743 3659 1757 3696 :

170 3702 414 3773 Domine,
433 3702 540 3762 ﬁlia
567 3724 683 3763 mea
713 3709 875 3764 modo
895 3702 1144 3766 defuncta
1189 3723 1273 3767 est
1301 3729 1315 3766 :
1347 3714 1440 3768 sed
1470 3702 1592 3768 veni
1611 3755 1627 3780 ,
1659 3717 1760 3768 im-

171 3788 314 3854 pone
339 3795 553 3835 manum
572 3851 582 3854 Α
599 3787 744 3834 tuam
787 3796 950 3850 super
975 3797 1093 3836 eam
1112 3825 1126 3847 ,
1155 3793 1212 3839 et
1237 3785 1398 3839 vivet.
1433 3784 1501 3839 Et
1531 3800 1759 3854 surgens

171 3845 356 3926 Jesus,
402 3845 913 3926 sequebaturgeuni,
942 3855 962 3884 ²
997 3863 1052 3908 et
1080 3845 1326 3924 discipuli
1369 3857 1504 3926 ejus.
1537 3857 1602 3910 Et
1630 3845 1758 3911 Ecce

172 3921 384 3994 mulier,
408 3921 530 3993 quae
557 3924 832 3993 sanguinis
859 3923 1061 3979 ﬂuxum
1089 3926 1110 3957 ³
1141 3921 1444 3994 patiebatur
1471 3927 1755 3982 duodecim

169 3993 348 4066 annis,
377 3996 606 4050 accessit
638 4002 808 4060 retro,
835 4005 892 4049 et
915 3996 1088 4066 tetigit
1113 3993 1430 4053 “ﬁmbriam
1453 3999 1760 4053 vestimenti

170 4063 308 4130 ejus.
338 4066 556 4140 Dicebat
575 4068 718 4140 enim
743 4067 882 4120 intra
905 4082 964 4122 se
987 4063 1088 4140 {Si
1112 4069 1341 4140 tetigero
1367 4081 1574 4124 tantum
1596 4070 1762 4125 vesti-

169 4146 404 4208 mentum
433 4137 575 4208 ejus,
609 4137 755 4191 salva
783 4152 896 4192 ero.
930 4139 1002 4194 At
1024 4139 1183 4194 Jesus
1215 4137 1555 4207 'c'onversus,
1587 4154 1644 4197 et
1683 4141 1759 4195 vi-

166 4202 298 4276 dens
328 4202 478 4273 eam;
493 4208 636 4262 dixit
663 4224 678 4262 :
710 4209 730 4240 ³
754 4207 983 4266 Conlide
1012 4212 1118 4266 ﬁlia
1140 4253 1154 4276 ,
1183 4211 1320 4268 ﬁdes
1345 4223 1432 4266 tua
1462 4226 1511 4268 te
1543 4202 1759 4267 salvam

168 4271 313 4355 fecit.
333 4281 392 4356 lit
419 4271 566 4356 salva
581 4282 716 4356 [acta
729 4289 814 4336 est
832 4282 1106 4356 mulier_ex
1122 4271 1212 4338 illa
1228 4284 1376 4339 hora.
1395 4284 1463 4338 Et
1485 4300 1647 4356 quum
1669 4299 1760 4339 ve-

169 4350 495 4424 nissetlcsus
511 4352 562 4406 in
581 4353 832 4406 “domum
855 4353 1134 4422 cujusdam
1152 4356 1434 4424 principis,
1458 4350 1516 4410 et
1537 4356 1759 4410 vidisset

171 4419 408 4478 tibicines
424 4434 478 4479 et
509 4424 720 4478 turbam
734 4419 1174 4491 tumultuantem,
1202 4419 1434 4482 dicebat.
1453 4427 1711 4483 Recedite
1742 4446 1754 4481 ε

171 4502 272 4543 non
297 4505 374 4547 est
391 4496 532 4550 enim
549 4505 761 4550 mortua
775 4496 976 4566 puella,
997 4498 1092 4552 sed
1118 4499 1339 4554 dormit.
1362 4498 1762 4554 Etderidebant

173 4573 311 4643 eum.
340 4566 588 4643 E_tquum
620 4567 789 4643 ejecta
812 4579 961 4643 esset
979 4569 1173 4643 t_urba,
1211 4571 1310 4643 'Aet
1335 4571 1508 4643 tenuit
1537 4585 1755 4643 manum

174 4637 305 4698 ejus.
358 4637 423 4693 Et
464 4638 706 4694 surrexit
751 4638 954 4708 puella.
978 4640 1044 4694 Et
1064 4642 1196 4696 exiit
1226 4641 1365 4696 fama
1394 4641 1529 4698 haec
1558 4639 1612 4695 iu
1638 4642 1759 4696 uni-

174 4713 371 4762 versam
400 4718 602 4764 terram
628 4711 800 4765 illam.
837 4710 904 4764 Et
934 4719 1249 4769 transeunte
1278 4713 1406 4769 inde
1456 4714 1581 4769 Jesu
1605 4755 1619 4779 ,
1662 4727 1758 4768 se-

174 4779 273 4850 cuti
302 4791 421 4836 sunt
445 4796 571 4837 eum
608 4782 717 4837 duo
745 4780 895 4836 caeci
920 4823 936 4846 ,
991 4785 1290 4841 clamantes
1312 4827 1327 4850 ,
1379 4795 1434 4841 et
1461 4784 1709 4840 dicentes
1739 4803 1753 4840 :

175 4841 418 4924 Miserere
446 4854 620 4908 nostri
641 4893 656 4917 ,
691 4853 766 4907 ﬁli
789 4841 979 4908 David.
1013 4858 1035 4888 ⁸
1061 4856 1235 4924 Quum
1281 4841 1461 4911 autem
1519 4856 1757 4911 venisset

177 4917 377 4988 domum
404 4967 419 4988 ,
471 4933 824 4981 accesserunt
867 4925 935 4980 ad
989 4917 1112 4983 eum
1161 4929 1332 4984 caeci.
1383 4928 1451 4982 Et
1498 4927 1630 4982 dicit
1677 4926 1756 4982 eis

177 4985 324 5049 Jesus
344 5012 356 5047 :
379 4985 611 5053 Creditis
659 4997 786 5067 quia
821 5010 1059 5067 possum
1087 4998 1190 5054 hoc
1217 5000 1396 5056 facere
1438 4999 1638 5056 vobis?
1668 4997 1759 5053 Di-

178 5071 292 5118 cunt
366 5067 479 5141 ei:_7
513 5066 751 5141 Utique,
816 5066 1065 5141 Domine.
1123 5071 1278 5141 Tunc
1330 5071 1504 5141 tetigit
1566 5071 1756 5127 oculos

181 5143 384 5214 eorum,
430 5138 654 5214 dicens:
699 5138 1011 5198 Secundum
1041 5139 1206 5200 ﬁdem
1230 5138 1467 5200 vestram
1516 5144 1607 5199 ﬁat
1655 5157 1752 5199 vo-

181 5197 270 5260 bis.
295 5197 381 5264 Et'
397 5213 570 5283 aperti
596 5221 724 5269 sunt

3391 357 3498 417 194

2327 465 2557 525 CODEX
2603 465 3058 525 VERONENSIS.

1894 563 2300 636 princepsunus
2390 633 2407 636 _
2454 633 2464 636 Α
2731 560 2822 616 24.
2853 560 3152 636 Recedite;

1893 633 2126 694 accessit
2146 635 2368 692 nomine
2383 633 2498 690 Jai-
2731 648 2839 689 non
2868 642 2952 688 est
2975 635 3121 688 enim

1892 723 1985 763 rus
2005 749 2020 774 ,
2055 717 2110 763 et
2130 707 2266 764 ado-
2728 705 2904 776 puella
2930 713 3140 760 mortua
3157 746 3175 774 ,

1891 779 2186 835 rabateum
2205 819 2224 847 ,
2730 776 2827 832 sed
2855 776 3076 832 dormit.

2730 848 2799 903 Et
2823 847 3142 905 deridebant

2729 919 2822 976 25.
2864 934 3008 975 eum.
3040 921 3106 976 Et
3131 934 3253 978 cum

2731 991 2908 1061 ejecta
2937 1000 3084 1048 esset

2733 1063 2891 1119 turba
2916 1104 2931 1130 ,
2960 1063 3042 1136 (ὁ)

2730 1136 2912 1203 venit,

2730 1217 2786 1262 et
2815 1217 2990 1264 tenutt
3017 1221 3131 1262 ma-

2725 1293 2855 1334 num
2887 1279 3024 1350 ejus.
3057 1280 3124 1334 Et

2725 1352 2961 1406 surrexit
2989 1351 3184 1421 puella.

2722 1421 2814 1477 26.
2847 1422 2918 1476 Et
2945 1424 3057 1478 exit
3083 1423 3221 1477 fama

2721 1492 2858 1550 haec
2889 1495 2938 1548 in
2973 1494 3190 1549 univer-

2721 1581 2838 1620 sam
2879 1574 3078 1622 terram

2723 1637 2896 1692 illam.

2721 1707 2813 1763 27.
2857 1708 2923 1764 Et
2953 1715 3268 1766 transeunte

1890 850 2078 906 dicens
2106 851 2185 923 (αν)
2211 868 2223 905 :
2251 850 2362 907 ﬁlia
2391 864 2513 908 mea

1889 923 2054 978 modo
2075 922 2332 978 defuncta

1890 1003 1976 1075 est
2004 1010 2019 1048 :
2053 993 2148 1050 sed
2174 995 2298 1050 veni
2325 1038 2339 1062 ,

1889 1080 2108 1136 tmpone
2133 1081 2352 1121 manum
2383 1079 2476 1121 SU-

1888 1151 1986 1207 per
2005 1153 2125 1192 eam
2147 1179 2161 1203 ,
2185 1145 2241 1192 et
2260 1136 2426 1193 vivet.

1888 1207 1978 1279 19.
2045 1209 2116 1264 Et
2141 1223 2371 1279 surgens

1885 1278 2045 1351 Jesus
2067 1321 2082 1348 ,
2110 1278 2305 1351 seque-

1886 1350 2046 1407 batur
2076 1350 2201 1407 eum

1887 1437 2010 1477 eum
2036 1423 2319 1494 discipulis
2348 1424 2488 1479 suis.

1883 1494 1974 1552 20.
2021 1495 2091 1551 Et
2118 1510 2247 1552 ecce
2278 1495 2474 1552 mulier
2487 1539 2502 1564 ,

1885 1581 2022 1636 quae
2041 1567 2319 1637 sanguinis

1885 1638 2093 1692 ﬂuxum
2122 1638 2360 1695 habebat

1887 1712 1984 1764 atri.
2008 1710 2167 1767 annis
2187 1750 2203 1777 ,

1886 1781 2120 1837 accessit
2722 1780 2850 1837 inde
2886 1779 3015 1837 Jesu
3033 1823 3048 1848 ,
3077 1795 3167 1837 se-

1884 1863 2052 1920 retro,
2087 1861 2142 1908 et
2169 1851 2345 1923 tetigit
2721 1854 2832 1906 cuti
2861 1862 2986 1908 sunt
3014 1868 3137 1910 eum

1886 1926 2270 1981 vestimentum
2722 1923 2831 1979 duo
2856 1925 3000 1981 caeci
3025 1965 3040 1990 ,
3077 1923 3322 1980 claman-

1884 1995 2021 2064 ejus.
2725 2003 2806 2051 tes
2828 2036 2844 2062 ,
2874 2003 2931 2052 et
2956 1997 3200 2052 dicentes
3232 2012 3247 2050 :

2725 2065 2982 2124 Miserere
3007 2068 3211 2135 nostri,

2723 2137 2802 2193 ﬁli
2829 2139 3016 2194 David.

2721 2208 2815 2284 28.
2859 2211 2924 2266 Et
2952 2209 3031 2284 (a),
3050 2209 3198 2267 venit
3227 2210 3282 2266 in

2721 2281 2976 2348 domum,
3006 2281 3048 2355 '1-
3076 2290 3135 2340 et

2716 2354 3066 2412 accesserunt
3093 2354 3161 2409 ad

2704 2437 2726 2460 τ
2750 2427 2951 2500 umidi
2974 2427 3082 2500 duo
3105 2426 3148 2497 ‘i‘

2712 2499 2887 2557 caeci.
2920 2500 2986 2554 Et
3013 2499 3149 2554 dixit
3175 2502 3182 2510 '

2715 2571 2826 2628 illis
2851 2569 3010 2626 Jesus
3036 2587 3051 2626 :
3076 2569 3212 2626 Cre-

2713 2643 2843 2699 ditis
2866 2642 3010 2714 quod
3039 2657 3168 2714 pos-

2715 2729 2833 2771 sum
2865 2712 3002 2769 baec
3035 2712 3180 2770 face-

2715 2785 2812 2841 re?
2832 2784 3029 2840 Dicunt
3051 2784 3105 2839 ei
3132 2801 3146 2838 :

2716 2855 2917 2926 Utique
2939 2897 2955 2922 ,
2989 2854 3236 2911 Domine.

2714 2928 2808 2984 29.
2832 2925 3002 2982 'Tunc
3028 2927 3204 2998 tetigit

2717 2999 2904 3055 oculos
2927 3013 3116 3054 eorum
3137 3038 3154 3066 ,

1881 2067 1974 2122 21.
2018 2067 2243 2124 Dicebat
2271 2066 2416 2124 enim
2443 2067 2524 2124 in-

1883 2147 1964 2194 tra
1995 2155 2057 2196 se
2078 2159 2093 2196 :
2116 2139 2172 2196 Si
2204 2140 2431 2210 tetigero

1879 2217 2091 2267 tantum
2129 2211 2428 2268 veSIimen-

1877 2289 1990 2354 tum
2021 2285 2173 2354 ejus.
2207 2282 2354 2339 salva
2381 2298 2497 2340 ero.

1877 2353 1968 2408 22.
2013 2353 2092 2410 Ad
2116 2355 2210 2411 ille

1875 2439 2173 2483 conversus
2189 2468 2204 2493 ,

1877 2497 2068 2554 videns
2096 2513 2218 2555 eam
2239 2539 2256 2564 ,

1876 2567 2016 2625 dixit
2040 2586 2054 2624 :
2082 2570 2353 2627 ConStans

1875 2651 1995 2696 esto
2009 2683 2025 2708 ,
2051 2640 2183 2708 ﬁlia,
2218 2639 2357 2698 ﬁdes

1875 2719 1964 2766 tua
1992 2721 2044 2768 te
2071 2713 2276 2767 salvam

1875 2783 2023 2839 fecit.
2054 2783 2124 2838 Et
2147 2784 2299 2840 salva

1874 2854 2011 2911 facta
2037 2865 2121 2909 est
2147 2854 2343 2910 mulier

1873 2941 1944 2981 ex
1975 2927 2064 2982 illa
2096 2925 2251 2982 hora.

1870 2997 1964 3055 25.
2007 3000 2218 3054 Etcum
2248 3011 2343 3053 ve-

1873 3070 2044 3126 nisset
2061 3070 2223 3127 Jesus

1873 3141 1928 3196 in
1958 3143 2178 3198 domum
2207 3141 2358 3212 prin-

1873 3213 2008 3284 cipis
2027 3255 2042 3280 ,
2077 3213 2268 3269 videns
2295 3213 2352 3267 ti-

1870 3285 2077 3341 bicines
2106 3293 2164 3341 et.
2196 3285 2411 3344 turbam

1873 3357 2292 3429 tumultuantem
2318 3403 2334 3429 ,

1869 3428 2104 3485 diccbat.

2719 3070 2907 3126 dicens
2938 3086 2952 3124 :
2984 3069 3190 3126 Secun-

2716 3142 2847 3198 dum
2872 3141 3032 3198 ﬁdem
3053 3156 3152 3197 ve-

2665 3257 2670 3261 .
2713 3224 2882 3296 stram
2912 3213 3190 3296 contingat

2713 3286 2804 3342 50.
2845 3284 3022 3341 vobis.

2710 3358 2781 3412 Et
2813 3372 2972 3428 aper-

2709 3429 2748 3484 ti
2776 3436 2904 3484 sunt
2921 3428 3067 3485 oculi

2344 3544 2573 3603 CODEX
2601 3543 3000 3602 BRleANUS.

1866 3653 1930 3694 ce
1963 3637 2216 3708 princeps
2233 3653 2395 3694 unus.
2437 3637 2664 3694 veniens
2690 3637 2951 3692 adorabat
2981 3653 3104 3693 cum
3132 3641 3340 3697 dicens.
3368 3640 3479 3698 Do-

1866 3710 2012 3765 mine
2043 3711 2152 3765 ﬁlia
2180 3725 2299 3765 mea
2345 3710 2508 3764 modo
2562 3709 2810 3784 defuncta
2850 3718 2951 3764 est.
2983 3711 3077 3766 sed
3110 3712 3232 3767 veni
3259 3713 3475 3784 impone

1867 3796 2084 3835 manum
2117 3791 2259 3834 tuam
2292 3796 2454 3850 super
2478 3796 2597 3836 eam
2629 3790 2686 3835 et
2721 3783 2884 3835 vivet.

1939 3854 2006 3924 Et
2027 3867 2254 3923 surgens
2283 3851 2461 3907 Jesus.
2495 3860 2712 3907 secutus
2738 3862 2822 3906 est
2850 3868 2973 3924 eum
3008 3869 3136 3924 cum
3187 3853 3474 3924 discipulis

1871 3923 2000 3978 suis.
2038 3924 2104 3977 Et
2138 3937 2266 3994 ecce
2297 3924 2490 3978 mulier
2519 3938 2669 3994 quae
2687 3923 2965 3992 sanguinis
2994 3923 3198 3979 ﬂuxum
3233 3923 3474 3994 patieba-

1872 4004 1976 4049 tur.
2005 3993 2294 4066 duodecim
2322 3995 2478 4066 annis
2507 3992 2777 4066 accedens
2811 4005 2958 4048 retro
2995 3996 3170 4066 tetigit
3201 3992 3472 4054 ﬁmbriam

1869 4065 2352 4140 vestimenti_ejus.
2403 4064 2624 4140 Dicebat
2653 4063 2800 4140 enim
2832 4066 2974 4140 intra
3023 4063 3469 4140 se'Si_tetigero

1868 4135 2243 4193 tantummodo
2289 4137 2668 4191 vestimentum
2701 4135 2820 4206 ejus
2849 4137 2998 4192 salva
3047 4154 3163 4192 ero.
3192 4135 3360 4195 Jesus
3374 4157 3469 4196 au-

1866 4217 1975 4265 tem
2025 4223 2322 4264 conversus
2349 4218 2402 4264 et
2443 4206 2632 4263 videns
2657 4223 2776 4263 eam
2819 4208 2983 4264 dixit.
3027 4207 3295 4266 Constans
3351 4224 3469 4268 esto

1864 4281 1974 4335 ﬁlia
2007 4280 2142 4336 ﬁdes
2167 4288 2258 4334 tua
2283 4287 2334 4336 te
2361 4279 2564 4334 salvam
2585 4280 2712 4334 fecit
2737 4279 2966 4334 Etsalva
2995 4281 3134 4337 facta
3160 4294 3245 4338 est
3271 4284 3471 4340 mulier

1862 4350 2287 4426 exgillauhora.
2344 4351 2692 4426 E_t_veniens
2739 4349 2897 4426 Jesus
2958 4353 3012 4406 in
3063 4354 3282 4408 domum
3317 4356 3468 4426 priu-

1862 4423 1998 4500 cipis
2049 4423 2239 4500 videns
2265 4420 2596 4500 _tt_tbici_nes,
2638 4429 2694 4477 et
2756 4423 2968 4500 turbam
3020 4420 3465 4500 tumultuantem.

1862 4494 2077 4568 dicebat
2119 4494 2219 4550 eis.
2265 4493 2560 4568 Discedite.
2594 4509 2700 4568 non
2727 4503 2809 4548 est
2837 4495 2980 4568 enim
3011 4493 3222 4552 mortua
3265 4499 3463 4568 puella.

1861 4568 1956 4621 sed
2017 4567 2234 4621 dormit.
2293 4566 2362 4638 Et
2417 4565 2721 4621 inridebant
2749 4581 2894 4638 eum.
2924 4563 3057 4620 Cum
3083 4563 3467 4638 autem'ejecta

1861 4646 2008 4693 esset
2060 4637 2513 4708 turba.intravit
2575 4649 2630 4692 et
2684 4635 2864 4708 tenuit
2931 4653 3147 4693 manum
3200 4635 3340 4708 ejus.
3397 4641 3466 4696 Et

1862 4709 2104 4765 surrexit
2135 4707 2332 4776 puella.
2355 4708 2424 4763 Et
2456 4708 2629 4764 exivit
2668 4707 2810 4762 fama
2861 4709 2994 4765 haec
3050 4711 3102 4765 in
3159 4707 3466 4766 universam
3507 4762 3514 4767 .

1863 4789 2060 4836 terram
2111 4781 2281 4835 illam.
2309 4778 2381 4834 Et
2429 4788 2742 4836 transeunte
2781 4778 2908 4835 inde
2958 4779 3085 4836 Jesu
3135 4782 3307 4836 secuti
3336 4793 3468 4838 sunt

1860 4868 1983 4908 eum
2033 4852 2140 4906 duo
2195 4851 2364 4906 caeci.
2423 4852 2723 4906 clamantes
2765 4860 2821 4906 et
2868 4851 3132 4908 dicentes.
3202 4852 3464 4911 Miserere

1858 4925 2018 4980 nobis
2045 4925 2118 4979 ﬁli
2146 4921 2338 4978 David.
2369 4921 2634 4979 Veniente
2671 4931 2852 4977 autem
2891 4937 2959 4978 eo
3000 4921 3054 4977 in
3099 4925 3340 4978 domum.
3372 4940 3464 4982 ac-

1858 5004 2140 5052 cesserunt
2186 4995 2252 5051 ad
2303 5009 2426 5049 eum
2467 4995 2617 5050 caeci
2657 4993 2756 5048 illi.
2796 4993 2862 5048 Et
2899 4994 2975 5048 ait
3013 4993 3122 5050 illis
3144 4993 3303 5051 Jesus
3331 4995 3466 5055 Cre-

1859 5067 1982 5122 ditis
2010 5067 2130 5138 qnia
2155 5080 2382 5138 possum
2417 5066 2518 5121 hoc
2546 5065 2726 5138 facere
2751 5063 2926 5138 vobis.
2960 5063 3156 5138 Dicunt
3183 5070 3233 5122 ei
3265 5066 3464 5138 Utique

1860 5136 2108 5196 Domine.
2131 5137 2283 5194 Tunc
2306 5137 2465 5194 Jesus
2487 5136 2660 5209 tetigit
2684 5136 3083 5209 oculosgorum
3123 5137 3332 5195 dicens.
3362 5136 3465 5197 Se-

1856 5211 2091 5268 cundum
2113 5209 2273 5266 ﬁdem
2295 5219 2532 5266 vestram
2555 5206 2649 5264 ﬁat
2673 5207 2846 5264 vobis.
2878 5206 2950 5265 Et
2969 5209 3147 5280 aperti
3174 5212 3461 5269 suntoculi

842 5307 1240 5369 VAKIANTES
1270 5307 1658 5368 LECTIONES
1697 5306 1757 5366 Ci

1869 5304 1964 5364 BIS
2003 5303 2116 5362 MS.
2157 5303 2218 5360 S.
2258 5298 2773 5361 GERMANENSIS.

232 5398 254 5490 ἒ
278 5399 782 5528 ἓιὶ¹ῗη⁶³ὲ¹¹ίεὲίῗιῗιι¹θξῗιίς

234 5522 254 5555 ³
280 5524 486 5579 habebat

233 5587 254 5653 ’ζ
283 5592 627 5653 vestimentum
650 5588 776 5653 ejus.

235 5651 255 5682 '
281 5649 510 5705 Constans
532 5661 645 5704 esto

1924 5398 1948 5430 ⁸
1977 5397 2174 5460 domum
2193 5396 2444 5460 principis.

1923 5462 1944 5493 ⁷
1975 5459 2218 5514 accedens
2240 5459 2402 5510 tenuit

1922 5524 1945 5556 ε
1979 5528 2033 5574 et
2048 5522 2258 5584 venitin
2291 5521 2509 5584 domum,
2534 5525 2589 5574 et
2619 5526 2940 5575 accesserunt
2961 5520 3023 5575 ad
3045 5533 3160 5576 eum
3193 5525 3332 5578 caeci
3367 5525 3462 5580 de-

1860 5593 2142 5651 precantes.
2161 5583 2227 5638 Et
2246 5585 2372 5638 dixit
2393 5583 2530 5638 illis:

1465 5740 1834 5800 BLANCHINI
1859 5741 2088 5800 ΝΟΤᾸΞ.

186 5889 202 5917 9
248 5829 312 5903 (a)
334 5833 464 5917 Post
493 5834 694 5917 dicens,
721 5833 1156 5917 deestDomine,
1187 5843 1244 5892 ut
1269 5836 1324 5893 in
1345 5843 1498 5917 textu
1517 5836 1728 5917 Graeco.
1747 5837 1886 5917 —_-(b)
1904 5837 2076 5917 gusta
2099 5835 2220 5892 cod.
2249 5835 2405 5917 Dant.
2436 5837 2619 5917 ἕλος.»
2649 5871 2716 5882 -
2738 5840 2809 5917 (c)
2843 5842 2920 5904 Ila
2948 5850 3002 5901 et
3031 5843 3154 5902 cod.
3187 5843 3344 5905 Cant.
3375 5852 3460 5911 καὶ

178 5907 356 5976 ελοκετοιι
380 5910 454 5970 εἰς
477 5913 571 5970 τὴν
599 5907 777 5980 οἰκίαν,
812 5910 897 5968 καὶ
921 5909 1226 5989 προσῆλθον.
1257 5939 1328 5951 -
1359 5907 1442 5983 (d)
1473 5909 1757 5982 Addunt,t

1869 5907 1971 5970 (Et
1992 5911 2066 5969 ita
2093 5917 2150 5970 et
2173 5909 2295 5970 cod.
2323 5909 2477 5971 Cant.
2512 5912 2625 5972 δύο.
2671 5937 2692 5988 λ
2746 5907 2800 5917 "
3355 5917 3371 5924 ’
