3894 6336
553 325 651 382 195

937 433 1169 493 CODEX
1203 433 1739 495 VERCELLENSIS.

540 531 684 589 oculi
711 545 901 588 eorum
931 547 946 584 :
1377 529 1470 586 56.
1518 531 1719 587 Videas
1749 539 1928 586 autem

539 615 595 660 et
626 603 937 660 commina-
1380 603 1562 658 turbas
1586 644 1601 670 ,
1631 603 1822 658 miser-

541 685 629 731 tus
652 686 736 731 est
763 675 866 730 illis
886 673 1043 729 Jesus
1067 714 1082 740 ,
1381 685 1465 728 tus
1494 685 1576 729 est
1611 674 1751 743 quod
1778 687 1880 730 es-

537 747 727 803 dicens
753 765 766 802 :
800 745 990 800 Videte
1379 757 1500 801 sent
1524 747 1733 813 vexati,

539 835 607 874 ne
639 819 758 886 quis
785 819 940 872 sciat.
1379 828 1503 872 et...
1537 819 1726 874 céntes

536 891 624 945 5i.
669 889 748 944 llli
789 899 972 943 autem
999 900 1128 944 exe-
1377 891 1516 944 sicut
1541 905 1673 944 oves
1712 904 1819 944 non

537 971 698 1016 uates
723 1002 736 1023 ,
769 959 1018 1015 diﬂ‘ama-
1378 959 1640 1017 habentes
1664 975 1791 1032 pas-

534 1042 729 1089 verunt
757 1032 810 1086 in
840 1043 925 1087 to-
1380 1041 1574 1088 torem.

534 1114 644 1160 tam
675 1112 880 1159 terram
1380 1107 1469 1161 57.
1511 1107 1662 1162 Tunc
1688 1104 1824 1160 dixit
1852 1103 1964 1160 dis-

537 1177 708 1248 illam.
872 1245 885 1248 _
1379 1177 1576 1248 cipulis
1604 1179 1716 1232 suis
1752 1194 1766 1232 :

535 1247 624 1320 52.
671 1245 916 1318 Egressis
939 1254 1119 1301 autem
1373 1245 1562 1304 Messis
1590 1249 1806 1320 quidem

535 1319 673 1387 illis,
703 1333 829 1391 ecce
860 1327 1013 1389 optu-
1373 1323 1539 1375 multa
1570 1363 1586 1388 ,
1609 1319 1821 1391 ’opera-

533 1391 712 1446 lerunt
733 1389 784 1444 ei
807 1389 862 1444 h.
898 1418 947 1444 .-
1373 1394 1418 1447 ri
1447 1402 1626 1447 autem
1662 1389 1794 1462 pan-

537 1462 737 1517 minem
769 1477 888 1517 mu-
1370 1465 1460 1520 58.
1501 1466 1570 1519 ei.
1598 1461 1771 1519 Petite
1794 1464 1972 1533 itaque

535 1543 648 1589 tum
677 1544 732 1590 et
761 1533 1024 1597 surdum,
1376 1537 1666 1592 Dominum
1697 1535 1893 1590 messis
1920 1575 1935 1600 ,

536 1606 879 1678 daemonium
1377 1619 1435 1664 ut
1466 1625 1590 1664 m...
1623 1620 1696 1662 tat
1727 1622 1856 1678 ope—

537 1676 847 1733 habentem.
1376 1695 1510 1735 rar..
1545 1695 1608 1734 os
1633 1693 1763 1734 suos

1377 1752 1444 1807 ad
1474 1767 1705 1808 messem
1731 1765 1818 1804 su-

1592 1865 1820 1922 CAPUT
1851 1862 1918 1920 Χ.

1369 1961 1420 2016 1.
1455 1975 1563 2014 am.
1596 1958 1664 2013 Et
1697 1974 1828 2014 con-

1366 2030 1572 2088 vocatis
1605 2046 1702 2086 xu.

1365 2104 1606 2172 discip...
1642 2119 1668 2157 s
1698 2117 1787 2156 sn-

1364 2177 1434 2242 is,
1468 2174 1615 2230 dedit
1638 2176 1717 2229 eis
1741 2189 1835 2242 po-

1368 2257 1613 2302 testatem
1645 2247 1929 2314 spirituum

1365 2319 1771 2374 immundorum
1793 2358 1810 2387 ,

1366 2399 1424 2445 ut
1445 2393 1687 2446 eieci-ent

535 1750 626 1806 55.
669 1749 738 1805 Et
760 1749 938 1818 ejeeto
963 1747 1091 1804 dae-

537 1824 722 1876 monio
742 1863 758 1887 ,
793 1825 942 1875 locu-

534 1903 620 1948 tus
646 1901 730 1949 est
759 1902 936 1947 mutus
957 1933 970 1956 ,

532 1975 586 2021 et
615 1966 841 2019 miratae

533 2046 660 2092 Sunt
688 2036 876 2091 turbae
896 2079 910 2102 ,

531 2107 778 2163 dicentes
811 2124 823 2160 :
853 2105 989 2176 Quia

532 2195 824 2249 numquam
854 2181 932 2234 sic

531 2251 779 2318 apparuit
806 2250 862 2305 in

532 2323 778 2378 Istrahel.

529 2394 618 2450 55.
663 2394 732 2450 Et
773 2393 1091 2450 circumibat
1128 2391 1289 2450 Jesus

529 2465 776 2521 civitates
801 2481 923 2520 om-

531 2553 629 2592 nes
657 2547 711 2592 et
737 2537 934 2593 castel-

532 2608 581 2662 la
602 2650 616 2674 ,
653 2609 856 2664 docens
888 2609 941 2663 in

532 2679 822 2751 synagogis

528 2767 716 2806 eorum
733 2793 748 2817 ,
781 2763 832 2806 et
865 2765 1016 2822 prae-

528 2822 717 2878 dicans
747 2838 910 2879 evan-

527 2895 728 2965 gelium
758 2911 878 2966 reg-

528 2967 582 3020 ni
609 3007 625 3034 ,
659 2977 714 3022 et
742 2982 939 3022 curans

528 3052 744 3092 omnem
785 3039 933 3092 inlir-

529 3109 774 3165 [nitatem
806 3129 818 3162 :
852 3117 907 3165 et

530 3180 686 3235 multi
713 3181 886 3236 secuti

527 3262 656 3308 811111.
677 3267 821 3308 eum.

1364 2477 1481 2526 eos,
1511 2471 1565 2518 et
1595 2467 1851 2517 curarent

1363 2549 1582 2588 onmem
1613 2532 1730 2586 lan-

1363 2621 1592 2676 guorem
1620 2645 1633 2669 ,
1657 2612 1712 2676 et
1739 2617 1856 2660 om-

1364 2675 1489 2740 nem
1519 2675 1742 2731 infirmi-

1367 2757 1552 2802 tatem.

1365 2820 1419 2874 2.
1464 2819 1757 2875 Duodecim
1786 2833 1883 2872 au-

1369 2902 1475 2948 tem
1505 2891 1791 2961 Apostolo—

1366 2980 1485 3018 rum
1515 2963 1647 3018 haec
1674 2971 1803 3018 sunt

1363 3035 1602 3089 nomina.
1636 3034 1752 3088 Pri-

1363 3122 1513 3169 mus,
1541 3106 1762 3169 Simon,

1363 3179 1450 3246 qui
1481 3177 1677 3231 dicitur
1704 3177 1805 3230 Pe-

1361 3260 1474 3303 trus
1498 3289 1514 3315 ,
1547 3258 1602 3303 et
1630 3249 1840 3304 Andre—

955 3370 1189 3427 CODEX
1218 3367 1689 3426 CORBEIENSIS.

526 3465 669 3518 oculi
701 3479 888 3519 eorum
919 3481 932 3515 :
960 3475 1012 3518 et
1040 3464 1403 3519 comminatus
1430 3471 1513 3516 est
1537 3464 1640 3516 illis
1668 3460 1848 3526 .Iesus,
1879 3460 2068 3517 dicens
2098 3479 2113 3517 :

534 3536 724 3592 Videte
747 3553 812 3591 ne
843 3535 962 3605 quis
984 3537 1136 3589 sciat.
1163 3535 1246 3588 llli
1280 3544 1458 3590 autem
1489 3541 1748 3588 exeuntes
1773 3575 1786 3598 ,
1811 3533 2123 3588 dill‘amave-

532 3619 654 3662 runt
675 3621 797 3663 cum
845 3607 899 3662 in
931 3609 947 3638 ι
988 3615 1096 3661 tota
1129 3615 1271 3662 terra
1306 3608 1414 3660 illa.
1450 3605 1692 3676 Egressis
1747 3613 1925 3659 autem
1977 3606 2080 3660 illis
2103 3647 2117 3672 ,

529 3694 656 3734 ecce
679 3680 989 3736 obtulerunt
1021 3680 1069 3733 ei
1104 3679 1376 3732 hominem
1411 3675 1620 3732 mutum
1651 3678 1671 3707 ³
1700 3685 1754 3729 et
1777 3675 2122 3730 daemonium

531 3750 841 3806 habentem.
879 3751 947 3806 Et
972 3753 1147 3818 ejecm
1169 3750 1453 3805 daemonio
1477 3790 1490 3814 ,
1521 3750 1772 3818 loquutus
1795 3760 1874 3802 est
1907 3759 2085 3802 mutus
2106 3789 2122 3813 ,

525 3834 578 3876 et
632 3823 856 3878 miratae
901 3833 1027 3877 sunt
1070 3824 1292 3886 turbae,
1343 3822 1588 3876 dicentes
1637 3838 1649 3873 :
1698 3819 1998 3888 Numquam
2046 3821 2126 3874 sic

526 3896 772 3964 apparuit
827 3896 877 3950 in
929 3894 1109 3948 Israel.
1149 3895 1419 3949 PhariSaei
1470 3904 1649 3946 autem
1691 3891 1981 3964 dicebant:
2017 3891 2072 3964 In
2104 3890 2125 3920 ³

529 3962 771 4035 principe
800 3966 1206 4021 daemoniorum
1239 3965 1387 4036 ejicit
1417 3965 1730 4030 daemones.
1768 3962 1833 4016 Et
1860 3962 2128 4036 circuibat

525 4037 682 4092 Jesus
711 4040 956 4092 civitates
985 4053 1173 4092 omnes
1215 4035 1277 4090 et
1315 4037 1572 4102 castella,
1621 4036 1824 4088 docens
1867 4035 1917 4087 in
1959 4050 2121 4105 syna-

527 4109 677 4177 gogis
726 4124 948 4174 eorum,
1004 4117 1059 4162 et
1103 4109 1422 4178 praedicans
1466 4108 1817 4178 evangelium
1846 4108 2028 4175 regni,
2070 4114 2126 4160 et

527 4175 724 4232 curans
744 4195 959 4233 onmem
994 4175 1340 4249 languorem,
1365 4189 1420 4232 et
1445 4175 1660 4232 omnem
1683 4177 1703 4206 δ
1734 4175 2122 4249 infirmitatem.

531 4249 729 4304 Vitlens
760 4261 940 4304 autem
969 4248 1151 4304 turbas
1172 4291 1185 4313 ,
1219 4251 1468 4304 misertus
1497 4258 1580 4302 est
1605 4249 1684 4300 eis
1716 4265 1728 4299 :
1770 4249 1890 4316 quia
1919 4248 1939 4276 ⁵
1971 4257 2127 4301 erant

530 4322 738 4386 vexati,
784 4333 837 4375 et
883 4321 1126 4390 jacentes
1181 4323 1318 4375 sicut
1373 4336 1502 4374 oves
1534 4335 1640 4372 non
1690 4319 1950 4373 habentes
2005 4333 2126 4386 pas-

527 4399 722 4446 torem.
757 4392 909 4447 Tunc
951 4393 1080 4447 dicit
1129 4392 1408 4461 discipulis
1459 4392 1572 4446 suis
1615 4409 1628 4444 :
1673 4391 1860 4444 Messis
1907 4391 2126 4460 quidem

527 4463 726 4526 multa,
759 4465 990 4533 operarii
1024 4477 1206 4519 autem
1237 4465 1410 4532 pauci.
1444 4463 1645 4532 Regale
1671 4477 1799 4532 ergo
1835 4463 2123 4516 Dominum

526 4537 754 4598 messis,
813 4544 868 4589 ut
913 4537 1088 4589 mittat
1131 4537 1410 4603 Operarios
1465 4535 1516 4588 in
1551 4548 1781 4588 messem
1833 4549 2007 4589 suam.
2057 4534 2125 4587 Et

523 4609 834 4662 convocatis
865 4607 1147 4662 duodecim
1177 4607 1456 4674 discipulis
1484 4606 1597 4660 suis
1621 4646 1636 4670 ,
1683 4606 1830 4659 dedit
1875 4606 1978 4659 illis
2023 4621 2123 4673 po-

527 4687 780 4734 testatem
811 4679 831 4709 ⁸
859 4679 1144 4749 spirituum
1177 4678 1575 4732 immnndotum
1598 4719 1612 4741 ,
1638 4686 1697 4731 ut
1722 4678 1979 4747 eiicereut
1999 4692 2124 4749 eos,

522 4760 577 4805 et
617 4763 869 4806 curarent
893 4748 1129 4805 omnem
1178 4752 1522 4820 languorem,
1558 4758 1614 4804 ct
1642 4764 1860 4803 omnem
1898 4748 2126 4803 inliruii-

522 4831 709 4879 tatem.
763 4823 1056 4878 Duodecim
1101 4832 1278 4877 autem
1325 4823 1712 4892 Apostolorum
1751 4822 1968 4876 nomina
1998 4827 2126 4874 sunt

523 4893 673 5021 hic:
702 4895 912 5022 Erimus
933 4935 950 4962 ,
985 4893 1171 4950 Simon
1192 4936 1206 4963 ,
1240 4894 1330 4966 qui
1354 4895 1766 4965 cognominatus
1793 4903 1875 4949 est
1902 4893 2117 4959 Petrus,

523 4977 555 5020 e
673 4982 706 5022 n
748 4981 870 5022 reas

523 4972 583 5020 et
623 4972 870 5023 Andreas

1082 319 1352 378 EUSEBII
1391 317 1734 378 VERCELL.
1779 319 2229 378 EVANGELIUM
2268 321 2413 379 CUM
2453 317 2687 379 VARIIS
2724 320 2882 379 COD.
2922 320 3316 382 COLLATUM.
3688 336 3765 393 ιθ]

2675 436 2909 494 CODEX
2951 438 3402 496 VERONENSIS.

3074 534 3274 603 gelinm
3304 536 3446 604 regni
3469 577 3482 600 ,

3075 617 3130 659 Cl.
3159 621 3354 660 curans
3375 622 3572 664 omnem

3078 676 3388 747 languorem
3413 719 3428 742 ,
3450 688 3500 734 et

3077 763 3294 803 omnem
3324 749 3536 805 inlirmi-

3075 827 3242 874 tatem
3277 837 3289 872 :
3318 831 3371 874 et
3410 823 3554 879 multi

3073 892 3241 946 secuti
3274 901 3397 946 sunt
3417 909 3552 950 eum.

3075 962 3166 1016 56.
3211 961 3406 1020 Videns
3434 975 3600 1022 autem

3077 1034 3262 1088 turbas
3285 1075 3300 1099 ,
3329 1036 3568 1092 misertus

3075 1113 3160 1160 est
3188 1105 3295 1160 illis
3321 1123 3334 1161 :
3360 1108 3494 1176 quod

3074 1185 3260 1232 essent
3283 1179 3489 1247 vexati,

3073 1258 3128 1302 et
3149 1252 3395 1317 iacentes

3074 1320 3215 1375 sicut
3239 1335 3368 1376 oves
3406 1335 3506 1376 non

3074 1390 3339 1446 habentes
3365 1404 3639 1461 pasmretn.

3075 1462 3166 1517 57.
3209 1462 3362 1519 Tunc
3376 1464 3502 1518 dicit
3522 1464 3662 1519 disci-

3077 1534 3218 1604 pulis
3247 1537 3359 1590 suis
3391 1553 3405 1590 :
3435 1535 3612 1591 Messis

3075 1605 3293 1676 quidem
3326 1607 3510 1671 multa,

3073 1679 3305 1746 operarii
3338 1682 3524 1740 fantem

3077 1749 3250 1818 pauci.
3288 1750 3492 1820 Rogate

3070 1836 3202 1890 ergo
3235 1821 3514 1875 Dominum

3072 1891 3288 1956 messis,
3319 1903 3376 1946 ut
3407 1893 3575 1947 mittat

3069 1965 3352 2030 operarios
3379 1964 3436 2019 in
3468 1978 3676 2020 messem

3070 2049 3224 2090 suam
3549 2087 3558 2094 .

3285 2105 3510 2163 CAPUT
3540 2107 3602 2163 Χ.

2244 530 2460 586 illorum
2491 550 2504 585 :

2243 612 2297 656 et
2325 603 2684 660 comminatus

2243 685 2326 729 est
2355 674 2458 730 illis
2487 675 2580 730 Je-

2242 761 2333 799 sus
2351 787 2366 811 ,
2394 745 2580 803 dicens
2613 764 2625 799 :

2244 816 2435 872 Videte
2463 834 2531 874 ne

2243 890 2362 955 quis
2390 891 2543 944 sciat.

2245 960 2334 1015 5|.
2379 960 2457 1015 llli
2486 971 2666 1016 autem

2243 1042 2504 1088 exeuntes
2527 1077 2542 1100 ,
2575 1031 2657 1088 di-

2243 1102 2585 1160 [amaverunt

2243 1191 2365 1229 cum
2398 1177 2451 1230 in
2483 1183 2592 1230 tota

2246 1255 2389 1300 terra
2419 1247 2531 1302 illa.

2244 1317 2334 1372 52.
2380 1319 2624 1388 Egressis

2245 1402 2424 1443 autem
2454 1389 2563 1446 illis
2587 1432 2600 1453 ,

2245 1477 2374 1516 ecce
2402 1463 2611 1530 optule-

2246 1541 2371 1587 runt
2399 1535 2446 1586 ci
2481 1533 2654 1587 homi-

2246 1619 2366 1659 nem
2399 1614 2605 1659 ιηιιιιηη

2247 1687 2300 1730 et
2331 1675 2584 1737 surdum,

2242 1757 2297 1800 et
2323 1747 2667 1802 daemonium

2242 1819 2331 1873 55.
2378 1819 2684 1874 habentem.
2721 1819 2786 1874 Ει

2243 1892 2418 1958 ejecto
2448 1890 2738 1946 daemonio
2764 1931 2779 1956 ,

2241 1960 2455 2015 locutus
2479 1972 2563 2016 est
2591 1973 2770 2017 mutus
2786 2004 2802 2030 ,

2233 2041 2288 2086 ct
2317 2034 2544 2087 miratae
2577 2036 2710 2089 'sunt

2232 2104 2446 2169 turbae,
2478 2105 2722 2161 dicentes
2748 2123 2762 2158 :

2232 2174 2532 2246 Numquam
2637 2229 2642 2234 .

2231 2248 2410 2302 taliter
2433 2250 2686 2317 apparuit

2234 2319 2286 2371 in
2316 2319 2565 2373 Istrahel.

2230 2388 2319 2445 54.
2361 2391 2645 2447 Pharisaei
2682 2399 2862 2452 autem

2230 2461 2488 2516 dicebant
2525 2481 2536 2516 :
2568 2463 2626 2517 In

2230 2532 2490 2588 Belzchnl
2519 2550 2646 2603 rege

3076 2179 3126 2233 l.
3172 2178 3240 2233 Et
3262 2181 3570 2234 convocatis

3069 2249 3360 2322 duodecim
3389 2250 3645 2322 discipulis

3068 2322 3184 2378 suis
3205 2363 3219 2386 ,
3248 2321 3401 2376 dedit
3430 2321 3532 2377 illis

3072 2403 3401 2463 potestatem
3427 2394 3579 2463 spiri-

3070 2476 3220 2520 tuum
3252 2465 3637 2520 immundorum
3653 2505 3666 2528 ,

3070 2546 3126 2591 ut
3157 2537 3403 2592 eicerent
3427 2551 3521 2593 eos
3538 2579 3551 2602 ,

2229 2605 2641 2661 daemoniorum
2949 2629 2952 2631 λ
3066 2616 3124 2664 et
3151 2617 3414 2664 curarent
3441 2621 3636 2664 omnem

2229 2675 2358 2731 eicit
2384 2675 2472 2733 hic
2501 2677 2632 2734 dae-
3069 2680 3415 2752 languorem.
3442 2691 3496 2736 et

2230 2763 2445 2802 mones.
3067 2767 3288 2808 omnem
3319 2752 3665 2808 inﬁrmitatem

2228 2819 2318 2894 2'35.
2365 2819 2432 2873 Et
2452 2819 2723 2894 circuibat
3067 2823 3119 2877 in
3147 2823 3327 2894 plebe.

2227 2889 2254 2944 J
2264 2905 2388 2946 esus
2415 2891 2666 2948 civitates
3067 2896 3122 2948 2.
3148 2889 3464 2950 'Duodecim
3488 2903 3651 2950 autem

2230 2977 2424 3017 omnes
2454 2972 2509 3017 ει
2547 2979 2637 3018 C3-

2227 3034 2408 3099 stella,
2437 3033 2646 3090 docens

2228 3104 2281 3158 in
2319 3108 2612 3177 synagogis

3069 2966 3463 3036 Apostolorum

3066 3041 3285 3092 nomina
3320 3049 3447 3094 sunt
3473 3037 3614 3093 haec.

3067 3108 3285 3164 Primus
3315 3153 3330 3176 ,
3359 3111 3542 3166 Simon
3561 3150 3575 3174 ,

2227 3191 2452 3250 eorum,
2487 3185 2543 3232 et
3067 3181 3159 3250 qui
3188 3181 3392 3237 dicitur
3417 3182 3621 3245 Petrus,

2228 3249 2554 3318 praedicans
2579 3264 2744 3305 evan-
3069 3249 3125 3308 et
3154 3252 3408 3311 Andreas

2699 3367 2932 3426 CODEX
2963 3369 3364 3431 BRIXIANUS.

2229 3476 2360 3516 COI‘II
2372 3480 2416 3515 lli
2427 3503 2439 3516 .

2304 3536 2366 3588 Et
2415 3535 2769 3590 comminatus
2820 3545 2904 3591 est
2951 3536 3057 3591 illis
3097 3536 3255 3593 .Iesus
3299 3537 3510 3594 dicens.
3543 3535 3778 3592 Videtcne

2231 3608 2350 3674 quis
2378 3606 2531 3659 sciat.
2588 3606 2663 3661 llli
2704 3618 2906 3662 autem.
2951 3620 3214 3665 exeuntes
3257 3609 3658 3665 dilfamaverunt
3687 3617 3777 3658 eum

2233 3677 2283 3729 in
2319 3689 2425 3730 tota
2474 3688 2609 3730 terra
2647 3680 2754 3732 illa.
2797 3681 3040 3749 Egressis
3070 3691 3249 3736 autem
3296 3682 3406 3737 illis
3452 3696 3574 3737 ecce
3613 3677 3777 3732 obtuleo

2232 3757 2356 3801 runt
2399 3749 2445 3802 ei
2498 3750 2770 3804 hominem
2814 3762 3017 3805 mutum
3058 3751 3084 3790 ι)
3116 3753 3464 3808 daemonium
3499 3753 3774 3806 habentem.

2232 3819 2298 3873 Et
2357 3819 2535 3889 ejecto
2587 3823 2869 3896 daemone.
2930 3823 3138 3896 locutus
3193 3835 3276 3879 est
3351 3836 3550 3880 mutus.
3601 3834 3663 3896 et
3705 3819 3778 3896 nii—

2232 3901 2381 3965 ralae
2408 3902 2531 3945 sunt
2552 3894 2752 3965 turbae
2778 3894 3044 3949 dicentes.
3099 3895 3406 3963 Numquam
3461 3893 3686 3965 apparuit
3714 3893 3776 3965 ⁸εἰς

2234 3963 2286 4016 in
2335 3964 2372 4016 S
2423 3975 2444 4002 ε
2488 3962 2660 4018 rabel.
2703 3964 2978 4020 Pharisaei
3016 3978 3196 4022 autem
3221 3962 3562 4024 dicebant'ln
3582 3962 3777 4035 principe

2232 4035 2644 4090 daemoniorum
2677 4037 2800 4091 eicit
2831 4037 3136 4092 daemonia.
3174 4040 3238 4094 Et
3265 4042 3535 4094 circuibat
3559 4033 3699 4092 Iesus
3717 4033 3778 4084 ci-

2235 4107 2426 4161 vitates
2457 4122 2650 4182 omnes
2681 4115 2736 4162 et
2759 4110 2979 4163 castella
3001 4111 3204 4166 docens
3236 4111 3290 4166 in
3325 4112 3606 4182 synagogis
3629 4118 3778 4161 eorum

2234 4186 2290 4230 et
2329 4179 2646 4245 praedicans
2687 4183 3025 4250 evangelium
3069 4185 3239 4251 regni.
3289 4179 3370 4238 etv
3394 4179 3585 4238 curans
3609 4188 3779 4232 omnem

2236 4251 2547 4325 languorem
2599 4260 2652 4304 et
2704 4268 2918 4305 omnem
2966 4254 3364 4308 inﬁrmitatem.
3420 4254 3777 4325 Vidensautfm

2236 4322 2419 4373 turbas
2449 4322 2704 4376 misertus
2733 4333 2818 4377 est
2847 4325 2928 4378 eis
2963 4328 3218 4390 quoniam
3264 4335 3428 4380 erant
3471 4323 3640 4380 vexati
3662 4322 3783 4385 elin-

2233 4401 2421 4466 ccutes
2449 4395 2746 4466 sicutoves
2776 4412 2880 4448 non
2913 4396 3174 4451 habentes
3217 4410 3516 4466 pastorem.

2306 4463 2464 4539 Tunc
2505 4464 2945 4534 dixitdiscipulis
2994 4469 3107 4523 suis
3153 4461 3343 4524 Messis
3392 4469 3603 4539 quidem
3651 4461 3778 4517 multa

2232 4537 2468 4616 operarii
2510 4546 2697 4616 autem
2742 4539 2914 4616 pauci.
2965 4539 3172 4616 ltogate
3203 4556 3338 4611 ergo
3375 4537 3649 4596 Dominum
3677 4546 3784 4590 ines-

2234 4609 2423 4681 sis._ut
2453 4609 2627 4660 mittat
2657 4611 2938 4676 Operarios
2966 4611 3018 4666 in
3049 4609 3287 4667 messem
3311 4629 3492 4668 suam.
3635 4679 3658 4681 η

2314 4677 2382 4731 Ει
2407 4675 2715 4734 convocans
2737 4681 3024 4737 duodecim
3049 4683 3350 4752 diseipulos
3376 4700 3522 4739 suos.
3551 4679 3685 4735 dedit
3706 4675 3784 4729 illis

2238 4757 2582 4818 potestatem.
2617 4752 2902 4821 spiritmun
2949 4756 3356 4810 immnndorum
3388 4768 3444 4810 ut
3475 4756 3694 4810 eicerem
3716 4758 3786 4800 eos

2234 4829 2292 4874 et
2315 4833 2569 4896 curarent
2599 4839 2812 4896 omnem
2838 4826 3151 4896 languorem
3197 4834 3252 4882 et
3281 4842 3505 4883 omnem
3546 4823 3785 4896 inﬁrmita-

2235 4901 2362 4968 tem.
2423 4893 2719 4968 l_)uodecim
2762 4893 2951 4952 auteni
3001 4900 3393 4968 Apostolorum
3440 4899 3648 4953 nomina
3677 4893 3786 4968 sunt

2232 4964 2385 5020 haec.
2427 4965 2642 5022 Primus
2667 4967 2855 5024 Simon
2885 4970 2975 5040 qui
3010 4962 3214 5027 dicitur
3252 4971 3474 5028 Petrus.
3506 4978 3561 5026 et
3586 4962 3786 5024 Andreas

1228 5119 1620 5181 VARIANTES
1646 5121 2030 5183 LECTIONES
2067 5122 2338 5183 CODICIS
2383 5123 2492 5180 MS.
2526 5124 2585 5182 S.
2627 5123 3142 5186 GERMANENSIS.

584 5244 602 5310 ἦ
638 5249 788 5296 totam
813 5249 999 5310 terram
1023 5242 1578 5310 illamaEgredientihus

585 5309 606 5339 ³
641 5315 694 5358 et
718 5307 938 5369 surdum,
965 5305 1278 5356 daemonium

583 5371 604 5402 ³
638 5370 871 5433 Belzebul
899 5368 1210 5433 principe...._
1227 5369 1481 5433 daemonia
1499 5368 1553 5433 F.

587 5432 608 5463 δ
640 5427 972 5482 infirmitatem
997 5427 1276 5494 iu'pOpulo:
1301 5439 1352 5482 et
1375 5430 1512 5482 multi
1536 5431 1692 5479 secuti
1724 5434 1838 5478 sunt
1862 5440 1993 5478 eum.
2021 5427 2111 5479 Vi-

2221 5243 2347 5292 dens
2370 5252 2538 5294 autem
2563 5241 2712 5292 Jesus

2283 5307 2304 5337 °
2341 5314 2510 5356 essent

2284 5369 2304 5398 ⁸
2340 5368 2571 5431 ejiciendi
2596 5370 2796 5431 spiritus
2818 5369 3120 5431 immundos,
3147 5375 3200 5420 et
3221 5369 3431 5422 curandi
3463 5381 3654 5423 omnem
3680 5360 3786 5414 vale-

2221 5431 2462 5494 tudinem,
2491 5439 2542 5482 ct
2558 5444 2755 5482 omnem
2779 5432 3109 5485 inﬁrmitatem
3134 5435 3185 5484 iu
3210 5433 3413 5497 pOpulo.

1881 5531 2248 5590 BLANCHINI
2279 5535 2510 5594 NOTAE.

600 5643 625 5671 α
666 5628 952 5696 Belzebub,
983 5643 1090 5700 non
1125 5627 1362 5684 Belzebul
1387 5671 1400 5694 ,
1434 5627 1719 5700 legendum
1762 5638 1946 5700 monet
1986 5629 2114 5684 llie-

528 5717 786 5778 ronymus
817 5702 910 5778 lib.
936 5698 1604 5778 de‘NominaHebrahEx
1633 5698 1898 5778 Johanne.
1923 5699 1987 5754 In
2014 5702 2117 5778 ﬁne

526 5772 648 5848 ergo
691 5773 909 5848 uoutinis
933 5813 968 5848 ,_
1004 5772 1205 5848 inquit,
1251 5773 1280 5828 b
1311 5772 1478 5848 littera
1517 5772 1733 5846 legenda
1773 5781 1885 5848 est,
1918 5788 2020 5826 non
2061 5774 2114 5848 ιε

527 5842 707 5906 mea
735 5847 872 5904 enim
893 5843 1047 5903 zebub
1071 5842 1299 5902 uocatur.
1334 5844 1498 5917 Igitur
1525 5842 1773 5916 tempore
1806 5842 2118 5916 Hieronymi

2221 5629 2487 5708 Beelzebul
2512 5633 2794 5708 legebatur
2824 5635 2876 5689 in
2905 5637 3304 5708 exemplaribus
3332 5638 3562 5696 Latinis.

2295 5701 2321 5740 δ
2377 5701 2592 5829 Εἴπω-ἰαί
2629 5717 2712 5760 est
2755 5721 2989 5778 sequens
3034 5701 3136 5765 vox
3164 5750 3179 5778 ,
3210 5711 3458 5782 surdum,
3490 5727 3624 5785 quae
3647 5707 3789 5766 adhuc

2224 5789 2422 5845 appare
2451 5817 2465 5831 .

2302 5857 2322 5885 ε
2364 5846 2573 5905 Extrita
2598 5858 2681 5906 est
2707 5847 2759 5904 ά.
