1947 3168
84 174 126 205 197

543 172 769 207 ΕνΑΝᾶειιιυΜ
789 176 975 206 SECUNDUM
997 171 1216 206 MAT'I‘HEUM.

262 232 378 262 CODEX
395 232 664 264 VERCELLENSIS.

82 290 107 309 as
119 281 194 309 frater
207 280 275 316 ejus.

81 318 105 345 ὅ.
123 316 229 345 Iacobus
241 316 329 345 Zebe-

82 354 128 386 dei,
141 358 165 381 et
177 352 275 380 Johan-

82 391 117 417 nis
129 388 205 416 lrater
216 388 287 423 ejus.

82 425 206 460 Philippus
218 445 224 457 ,
237 430 265 452 et
277 424 343 452 Bar-

83 461 236 488 tholomaeos
244 481 251 491 ,

82 501 105 524 et
115 496 229 524 Mattbe..
245 503 268 523 s.

82 532 224 568 publicanus
236 552 244 564 ,

83 588 88 595 .
106 587 112 595 .
133 588 139 595 .
156 568 271 595 Jacobus
285 567 335 594 Al-

82 603 143 638 phei,
155 606 182 631 et
194 603 277 630 .ludas
292 603 347 631 Ze-

81 639 149 675 lotes,
161 644 187 666 et
198 639 317 667 Thomas
328 660 335 672 ,
353 638 391 675 (ιι)

80 674 102 702 4.
119 674 254 710 eti-Sim.
278 695 285 702 .
308 696 315 702 .
338 695 345 702 .
370 696 376 702 .
398 674 447 703 ha—

81 718 186 739 nanaeus
195 732 202 745 ,
214 715 243 738 et
256 711 303 739 Ju-

80 747 353 781 d......rioth,

81 803 86 809 .
106 803 111 809 .
130 783 153 810 ui
167 786 193 810 et
205 782 317 810 tradidit:

79 826 140 846 eum.

77 854 99 882 5.
117 854 168 882 llos
181 861 228 881 xu.
242 854 316 882 misit

76 890 157 923 Jesus;
168 891 300 925 praecipi-

77 934 116 954 ens
128 927 164 989 tals
177 946 184 958 ,
193 926 238 968 .(b)
253 930 281 954 et
294 926 315 962 -ι-
328 925 421 954 dicens
434 934 441 953 :

146 970 161 989 n
175 970 213 988 vt-

146 970 161 989 u
175 970 213 988 τι·

75 1004 109 1024 am
123 998 238 1033 gentium

76 1041 104 1060 ne
115 1034 233 1061 abieritis
243 1051 253 1065 .-

75 1069 132 1096 etin
146 1070 263 1096 civitati-

75 1105 115 1132 bus
129 1105 270 1132 Samarita-

75 1149 157 1168 norum
169 1149 202 1168 ne
217 1141 260 1168 in-

73 1176 95 1204 ti.
114 1177 244 1205 tmveritis
260 1185 267 1203 :
282 1176 331 1204 sed

74 1214 150 1247 potius
169 1213 205 1240 ite
219 1212 253 1240 ad
269 1220 300 1241 o-

73 1256 113 1276 ves
125 1249 241 1284 perditas

73 1285 158 1312 domus
169 1284 254 1311 Istra-

74 1320 95 1347 7.
114 1320 164 1347 hei.
177 1320 282 1348 Euules
297 1326 344 1348 au-

74 1361 119 1383 tem
138 1356 278 1391 praedica-

74 1397 105 1424 te,
117 1391 235 1420 dicentes
248 1400 255 1419 :
271 1392 339 1426 Quia

74 1427 262 1468 adpropinqua-

73 1468 105 1490 vit
116 1471 223 1499 regnum

73 1499 96 1526 8.
114 1500 258 1527 caelorum.
273 1499 318 1528 ln-

481 286 508 309 te
517 303 524 315 ,
540 287 664 310 mortuos
679 288 738 310 sus-

480 318 565 346 citate
575 340 582 351 ,
600 319 689 353 lepro-

481 361 528 381 sus
540 362 616 383 mun.
641 374 646 381 .
669 358 731 387 ate,

480 389 607 418 daemon.
630 410 637 418 .
660 410 667 417 .
692 411 698 418 .

480 425 560 453 eicite
574 447 580 459 ,
595 427 677 460 gratis

480 462 624 496 accepistis
636 483 643 496 ,
661 469 720 497 gra-

482 498 515 524 tis
526 497 596 525 date.

480 533 508 560 9.
529 533 618 560 Nolite
632 533 750 568 posside!

480 576 512 596 re
523 577 618 596 aurutn
629 590 636 603 ,
652 577 700 597 ne-

481 612 534 638 que
547 610 700 640 argentum,

480 647 568 675 neque
583 641 691 675 pecunia

481 683 525 704 am
537 676 562 703 in
579 676 655 703 zonis

483 711 527 739 ‘10.
549 712 647 740 vestris
664 721 670 738 :
687 719 740 739 non

482 755 572 782 peram
590 749 615 774 in
631 748 718 782 viam,

481 791 572 819 neque
585 784 653 811 duas
667 788 710 811 tu-

482 827 556 847 nicas
564 840 571 851 .
587 827 673 854 neque

480 855 656 882 calciamenta
670 876 677 889 ,

479 898 567 926 neque
582 891 671 925 virgas

479 926 505 954 in
524 927 649 954 manibus

478 963 577 990 Vestris
592 972 597 989 :
613 962 711 998 dignus

479 1002 521 1026 est
535 999 606 1026 enim
622 1005 718 1033 opera-

479 1035 537 1062 rius
550 1033 587 1070 (c)
603 1034 754 1062 mercedem
767 1033 787 1069 1-

480 1077 567 1097 suam.

481 1106 525 1133 11.
547 1105 575 1133 lu
589 1112 758 1140 quacumque
772 1105 808 1132 ei-

479 1142 589 1169 vitatem
605 1142 692 1169 intra-

478 1178 583 1212 vcritis,
600 1177 688 1205 inter-

479 1219 584 1248 rogate,
602 1213 662 1248 quis
675 1213 701 1240 in

478 1257 509 1276 ea
531 1269 537 1275 .
562 1269 568 1276 .
592 1269 598 1276 .
619 1257 688 1283 gnus
701 1254 766 1276 est:

477 1289 505 1313 et
519 1285 555 1312 ibi
569 1289 676 1312 manete

477 1321 565 1348 donec
578 1321 693 1347 exeatis.

478 1356 523 1384 12.
543 1356 677 1384 latrantes
697 1360 786 1383 autem

478 1393 505 1420 in
518 1392 628 1420 domum
638 1413 645 1424 ,
661 1399 703 1419 sn-

478 1428 564 1456 lutate
577 1435 637 1456 eam
650 1427 692 1455 di-

479 1469 571 1492 centes
587 1474 593 1490 :
610 1464 665 1491 Pax
682 1463 745 1490 huic

481 1500 524 1528 15.
545 1500 648 1527 domui.
666 1500 698 1527 Et
714 1499 737 1527 si
748 1498 805 1527 fue-

1665 176 1715 207 198

1130 234 1246 264 CODEX
1266 235 1495 264 VERONENSIS.

915 284 940 309 5.
964 283 1046 310 frater
1062 283 1129 317 ejus.
1149 283 1229 311 Jaco-

915 319 964 346 lius
979 319 1128 346 Zelmilaci.

914 360 942 381 et.
956 355 1095 381 Johnnues

914 390 998 417 frater
1016 392 1091 425 ejus,
1109 391 1174 418 Plii-

914 425 1003 460 lippus
1016 448 1022 459 ,
1038 431 1064 454 et
1086 427 1150 454 Bar-

915 461 1084 489 tholomaeus
1098 483 1106 495 ,

913 502 941 524 et
952 497 1088 525 Mattheus

914 533 1073 567 publicanus
1083 555 1090 566 ,

913 574 941 595 et
952 568 1070 597 Jacobus

913 604 1023 639 Alphei,
1033 610 1060 633 et
1070 605 1154 633 Judas

913 640 1037 672 Zelotes,
1054 646 1081 668 et
1094 641 1169 668 Tho-

914 683 982 706 mas.
999 675 1037 712 (α)
1051 676 1111 712 ειν-ι-

914 713 941 740 d.
965 711 1057 740 SimOn
1073 711 1225 746 Cananeus,

913 753 938 774 et
955 747 1039 775 .lndas
1051 748 1177 781 Cariotb‘,

913 783 958 819 qui
973 783 1084 811 tradidit

913 827 986 846 eum.

914 855 941 881 5’.
963 854 1018 882 Hos
1035 862 1081 882 xtl.
1099 855 1172 882 misit

912 890 1002 923 Jesus,
1016 891 1188 926 praecipiens

913 926 962 960 eis,
982 926 1018 962 (b)
1033 930 1060 953 et
1073 926 1093 962 δε

913 962 1006 989 dicens
1020 971 1026 989 :
1041 962 1069 989 In

913 998 984 1025 viam
999 998 1120 1033 gentium

913 1041 947 1061 ne
962 1033 1094 1064 abit-ritis.
1111 1039 1140 1061 et

912 1069 939 1096 in
953 1070 1108 1097 civitatibus

912 1105 1145 1133 Samaritanorum

912 1148 947 1169 ne
960 1141 1124 1168 intraveritis
1139 1150 1145 1168 :

912 1176 939 1204 6.
961 1177 1008 1204 sed
1025 1177 1115 1212 potius
1132 1178 1169 1206 ite

912 1213 945 1240 ad
960 1220 1035 1246 oves,
1051 1221 1112 1248 qure

914 1248 1052 1283 perierunt
1066 1249 1164 1276 domus

916 1284 1041 1312 lstrahel.

917 1320 943 1347 7.
966 1321 1069 1347 Euntes
1078 1324 1173 1347 autem’

913 1355 1079 1390 praedicate.
1095 1356 1217 1384 dicentes
1234 1365 1240 1383 :

912 1391 982 1425 Quia
994 1392 1191 1427 adpropinqua-

914 1428 952 1454 vit
967 1434 1077 1462 regnnm
1093 1435 1155 1455 cae-

914 1463 1014 1490 lorttm.

915 1500 942 1527 8.
964 1498 1090 1527 lnﬁrmos
1104 1504 1210 1533 curate,

1337 288 1402 315 tate,
1418 284 1541 317 leprosos

1336 320 1474 347 lllllllti-tlt}.
1492 319 1555 346 dac-

1334 356 1423 381 monia
1440 355 1535 386 eicite,

1332 392 1415 425 gratis
1430 390 1572 424 accepistis
1582 411 1588 423 ,

1332 427 1416 460 gratis
1432 427 1503 453 (late.

1331 465 1357 489 9.
1380 462 1467 489 Nolite
1484 461 1623 496 [iussitlere

1331 505 1438 528 aurum,
1456 505 1542 533 neque

1331 539 1484 568 argenturm,
1501 540 1588 569 neque

1331 570 1476 604 pecuniam
1492 570 1518 597 in

1332 605 1408 632 zonis
1423 606 1520 633 vestris
1535 613 1541 631 :

1333 641 1377 682 At).
1399 649 1452 668 non
1470 648 1560 676 peram
1574 640 1601 668 in

1333 684 1413 709 vtam,
1429 684 1516 711 neque

1332 711 1400 740 duas
1416 712 1532 746 tunicas,

1332 756 1421 783 neque
1432 748 1488 775 cal-

1332 790 1477 816 crementa,

1333 827 1422 855 neque
1435 820 1534 856 virgam

1333 855 1359 882 in
1373 855 1497 883 manibus

1332 892 1430 919 vestris
1445 901 1451 918 :
1467 891 1565 927 dignus

1332 931 1373 955 est
1385 927 1456 955 enim
1470 934 1535 963 ope-

1332 964 1420 990 rarius
1439 964 1475 999 (ε)
1490 970 1594 992 merce-

1332 999 1393 1027 dem
1408 999 1429 1034 -ξ-
1444 1006 1532 1026 suam.

1332 1035 1376 1062 11.
1401 1035 1427 1061 In
1443 1042 1603 1070 quamcum-

1332 1078 1384 1105 que
1399 1071 1470 1098 enim
1484 1071 1552 1098 civi-

1333 1111 1387 1134 tate
1402 1107 1426 1134 in
1432 1107 1577 1140 traveritis,

1332 1143 1498 1177 interrogate
1509 1164 1514 1172 .

1331 1178 1393 1213 quis
1411 1179 1436 1205 in
1452 1186 1484 1205 ea
1497 1178 1595 1214 dignus

1332 1215 1369 1242 sit
1382 1223 1389 1241 :
1405 1218 1433 1241 et
1446 1214 1481 1241 ibi
1497 1222 1554 1242 ma-

1333 1254 1396 1277 nete
1411 1250 1500 1278 donec

1335 1285 1379 1313 12.
1400 1286 1515 1314 exeatis.
1530 1286 1572 1313 ln-

1336 1326 1438 1349 trantes
1449 1327 1539 1349 autem

1332 1357 1359 1384 in
1376 1357 1497 1390 domum,
1513 1363 1557 1385 sa-

1333 1392 1416 1420 lulate
1430 1400 1490 1420 eam

1333 1427 1456 1456 dicentes
1470 1428 1547 1456 :‘Pax

1333 1463 1395 1491 huic
1406 1464 1510 1492 domui.

1334 1500 1377 1527 15.
1400 1500 1433 1527 Et
1447 1500 1470 1527 si
1486 1500 1567 1528 fuerit

480 1537 516 1562 rit
530 1535 628 1563 domus
643 1535 687 1563 illa

276 1592 394 1620 CODEX
406 1592 642 1622 CORBEiENSIS.

75 1641 148 1668 frater
158 1641 226 1674 ejus.
238 1640 356 1667 Jacobus
367 1641 509 1673 Zebetlaei,
521 1645 545 1668 et
554 1641 694 1669 Iohannes
701 1641 783 1668 frater
792 1640 861 1674 ejus,

74 1677 213 1712 Philippus,
224 1680 251 1703 et
271 1676 503 1710 Bartholomaeus,
522 1676 656 1710 Thomas,
672 1682 699 1704 et
713 1677 862 1704 blatthaeus

73 1712 233 1746 publicanus,
248 1712 496 1746 JacobusAlpltaei,
506 1717 533 1740 ct
543 1714 551 1728 ι
568 1713 729 1740 Thaddacus
744 1733 750 1744 ,
768 1713 861 1739 Simon

73 1748 376 1780 (lliananaeus,et1ittl:is
388 1748 526 1779 Scarioth,
540 1750 584 1783 qui
599 1756 659 1775 eum
671 1748 791 1775 tradidit.
809 1748 864 1775 Hos

75 1784 206 1811 duodecim
219 1784 291 1811 misit
303 1784 401 1816 Jesus;
419 1784 588 1819 praecipiens
602 1785 653 1817 eis,
675 1785 684 1799 ¹
706 1785 818 1811 dicens:
836 1785 864 1811 in

76 1821 136 1847 riam
149 1821 271 1855 gentium
286 1828 319 1847 ne
333 1820 466 1853 abieritis,
483 1826 510 1847 et
524 1821 549 1847 itt
563 1820 699 1847 civitatem
716 1820 864 1847 Samarita-

76 1864 163 1883 norum
188 1863 223 1883 ne
237 1856 247 1871 ³
264 1856 422 1883 introieritis
439 1864 445 1882 :
461 1856 508 1883 sed
535 1857 571 1883 ite
596 1857 685 1891 ponus
707 1856 739 1882 ad
765 1864 830 1883 oves
853 1855 864 1870 “

77 1891 186 1925 perditas
199 1891 297 1919 doth
312 1890 404 1919 lsrael.
422 1891 525 1919 Euntes
536 1890 626 1919 autem
639 1891 806 1925 praedicate,
824 1891 866 1918 di-

75 1927 191 1955 diccntes
217 1936 224 1954 :
246 1927 314 1961 Quia
337 1928 562 1962 appropinquavit
583 1935 694 1961 regnum
713 1927 863 1955 caelorum.

75 1963 192 1991 lntirmos
219 1968 313 1990 curate
327 1984 333 1996 ,
351 1967 473 1990 mortuos
488 1964 634 1993 suscitate.
653 1963 774 1997 leprosos
790 1971 866 1990 mun-

75 2000 139 2031 date,
155 1999 166 2014 '
180 1999 328 2026 daemones
348 1999 439 2033 ejicite
454 2020 462 2032 ,
489 1999 572 2034 gratis
594 2000 738 2033 accepistis
751 2020 757 2031 ,
782 2000 866 2034 gratis

75 2035 139 2062 date.
162 2034 250 2062 Nolite
267 2034 405 2068 possidere
419 2042 514 2061 aurum
525 2056 531 2066 ,
550 2043 638 2070 neque
652 2040 803 2070 argentum,
821 2043 867 2062 ne—

75 2078 121 2104 que
143 2071 285 2105 pecuniam
308 2071 333 2097 in
349 2070 423 2098 zonis
437 2071 536 2097 vestris
551 2080 557 2097 :
579 2078 631 2098 non
653 2078 744 2105 peram
762 2071 786 2097 in
804 2071 844 2098 via
858 2092 866 2104 ,

75 2114 156 2141 neque
170 2107 239 2133 duas
252 2108 358 2133 tunicas
370 2127 377 2138 ,
400 2113 486 2141 neque
501 2107 677 2134 calciamenta
691 2128 698 2140 ,
712 2114 799 2141 neque
813 2107 868 2133 vir—

74 2149 128 2176 gain
145 2143 156 2158 ⁶
170 2151 177 2169 :
191 2143 289 2177 dignus
304 2142 374 2170 enitn
387 2147 429 2169 est
448 2143 588 2176 operarius
608 2143 732 2170 mercede
753 2150 810 2170 sua.
838 2142 868 2170 In

75 2185 288 2213 quamquutnque
303 2182 393 2205 autem
409 2178 545 2205 civitatem
564 2179 573 2194 ⁷
589 2179 747 2205 iulroieritis
760 2199 767 2212 ,
785 2178 869 2205 inter—

76 2221 163 2248 rogate
175 2234 181 2245 ,
196 2216 258 2249 quis
271 2214 283 2229 ⁸
294 2214 329 2241 ibi
351 2214 447 2249 dignus
468 2214 521 2241 sit:
538 2219 565 2241 et
586 2214 642 2241 illic
658 2219 765 2241 manete
781 2214 869 2241 donec

76 2251 183 2277 exeatis.
200 2251 334 2277 latrantes
348 2254 438 2277 autem
454 2250 481 2277 in
491 2250 613 2282 domum,
625 2251 742 2277 salutate
756 2258 814 2277 eam
829 2250 870 2277 di-

76 2291 162 2314 centes
177 2295 184 2312 :
198 2285 254 2313 Pax
268 2287 279 2302 ⁹
292 2286 384 2313 domui
406 2286 477 2313 huic.
494 2286 522 2314 Si
540 2286 648 2321 quidem
668 2286 750 2314 fuerit
772 2286 870 2313 domus

76 2321 116 2348 illa

74 1534 156 1564 ﬁrmos
168 1543 249 1564 cura—-

1333 1536 1431 1564 domus
1447 1535 1493 1563 illa

1150 1594 1266 1622 CODEX
1285 1585 1498 1623 BBIXIANUSX

919 1642 1000 1669 frater
1015 1642 1084 1675 ejus.
1097 1642 1214 1669 JaColms
1224 1643 1350 1670 Zcbetlci.
1363 1648 1388 1670 rt
1401 1643 1537 1671 Johannes
1551 1646 1633 1672 frater
1647 1646 1715 1679 ejus.

918 1678 1097 1716 i’liilippuset
1114 1679 1330 1716 liat‘tltolotnous.
1349 1680 1465 1716 'i'ltomas
1481 1686 1507 1707 et
1522 1678 1716 1716 Maltltensrpn-
1754 1682 1757 1684 ’

918 1714 1173 1741 lilirauns..lacobus
1187 1715 1291 1747 Alphei.
1306 1721 1331 1742 ct
1350 1715 1484 1743 Lchbeus.
1506 1718 1548 1750 qui
1564 1714 1719 1743 nominatur

916 1750 1052 1776 ’l‘atltloits.
1069 1751 1160 1777 Simon
1176 1750 1349 1787 Chananeus.
1366 1756 1390 1778 et
1407 1752 1489 1779 Judas
1504 1753 1652 1780 Scariotc-s.
1673 1753 1717 1787 qui

917 1791 940 1822 «ιβ
953 1786 1060 1812 ίΓτιιΙῙιΗῐ
1077 1794 1147 1812 eum.
1163 1786 1362 1813 Hosduotlccim
1374 1788 1444 1815 misit
1456 1788 1536 1815 .Iesns
1551 1786 1719 1822 praecipiens

917 1821 1039 1858 cisr(b)et
1087 1822 1189 1849 tlicons.
1204 1823 1229 1849 in
1245 1824 1315 1849 viam
1332 1824 1451 1858 gentium
1464 1821 1672 1851 Iteahiorilisfct
1692 1825 1717 1851 in

917 1858 1041 1885 cirilaIt-s
1056 1859 1286 1885 Samaritanorum
1303 1867 1334 1885 ue
1351 1860 1509 1886 itttroioritis
1521 1861 1567 1886 sed
1587 1860 1719 1894 potiusite

914 1539 1038 1562 mortuos
1048 1535 1134 1563 susci-

919 1895 951 1918 atl
975 1901 1038 1919 oves
1062 1902 1129 1927 quae
1146 1895 1284 1927 perierunt
1306 1895 1402 1921 domus
1419 1895 1531 1922 Israhel.
1550 1896 1652 1922 Euutos
1673 1903 1720 1921 att-

919 1933 982 1955 tcm.
1001 1930 1154 1963 piztetltratc
1178 1930 1309 1956 dicentes.
1335 1930 1400 1963 Quia
1427 1931 1651 1965 adpropinquavit
1678 1939 1720 1957 re-

919 1972 999 1998 gnum
1017 1966 1163 1991 caelorum.
1180 1966 1304 1992 Itilirmos
1326 1970 1418 1992 curate
1443 1968 1566 2001 it‘pl‘OsOS
1582 1966 1719 1993 mumlate.

919 2000 1060 2027 daemonia
1085 2001 1164 2027 eicite
1187 2002 1269 2036 gratis
1291 2002 1433 2035 accepistis
1450 2002 1532 2036 gratis
1546 2003 1617 2029 date.
1631 2001 1721 2029 Nolite

921 2036 1059 2073 possidere
1081 2044 1184 2062 aurum.
1203 2045 1289 2071 neque
1310 2042 1461 2071 argrnlum.
1478 2046 1564 2073 neque
1579 2038 1720 2072 pecuniam

920 2072 946 2109 in
962 2072 1037 2098 zonis
1052 2074 1159 2099 vestris.
1175 2073 1231 2100 Non
1249 2081 1337 2105 peram
1356 2075 1380 2099 in
1397 2074 1476 2100 viam.
1495 2082 1582 2109 neque
1598 2073 1663 2100 duas
1680 2079 1722 2100 tu-

922 2108 1007 2145 nicas.
1025 2116 1112 2143 neque
1126 2109 1316 2136 calciamenta.
1336 2117 1423 2143 neque
1438 2111 1550 2145 virgam.
1568 2110 1665 2145 dignus
1681 2114 1722 2137 cst

921 2144 992 2171 enim
1009 2145 1150 2177 operarius
1166 2146 1199 2179 (ε)
1218 2145 1371 2172 mercedem
1388 2145 1407 2180 -ὶ-
1420 2144 1506 2173 suam.

958 2180 985 2206 ln
1011 2188 1179 2215 quacumque
1199 2186 1287 2207 antetn
1304 2181 1440 2207 civitatem
1457 2187 1502 2208 aut
1524 2182 1664 2209 castellum
1680 2182 1721 2208 in-

923 2215 1063 2243 troieritis.
1081 2218 1256 2252 interrogate.
1278 2216 1338 2251 quis
1355 2217 1380 2244 in
1397 2225 1426 2244 ea
1442 2217 1539 2252 (lignus
1563 2223 1614 2244 est.
1636 2222 1663 2244 et
1687 2217 1723 2244 ibi

924 2256 1042 2278 ntattete.
1054 2252 1141 2279 donec
1153 2253 1264 2280 exeatis.
1278 2253 1449 2280 ltttromttttcs
1461 2258 1549 2280 autem
1563 2254 1587 2279 in
1601 2254 1721 2280 domum.

922 2287 1125 2350 (sialutatelirant.
1139 2289 1270 2316 dicentes.
1284 2289 1338 2315 Pax
1355 2289 1417 2316 huic
1438 2289 1529 2317 domui
1544 2290 1575 2316 Et
1597 2290 1618 2316 si
1642 2288 1724 2316 fuetit

942 2330 1041 2350 omusr
1066 2331 1080 2350 a

942 2330 1019 2350 omus
1035 2324 1080 2350 illa

424 2379 622 2408 VARIANTES
636 2377 831 2408 LECTIONES
849 2377 983 2408 CODICIS
998 2379 1053 2408 MS.
1070 2380 1098 2408 S.
1120 2380 1376 2410 GERMANENSIS.

104 2426 114 2473 ξ
129 2426 206 2484 ﬁdas
215 2426 325 2459 Zelotes,
338 2428 365 2452 et
375 2426 459 2453 Simon
472 2427 495 2452 “.

104 2489 114 2505 ³
130 2490 295 2515 intraveritis:

103 2520 114 2536 ⁸
130 2528 196 2552 quae
209 2522 339 2552 perierunt

103 2551 114 2568 ⁸
129 2551 261 2578 daembnia

956 2426 967 2442 °
984 2427 1009 2451 in
1021 2428 1132 2452 manibus
1144 2428 1233 2453 vestris
1245 2436 1251 2453 :

956 2458 966 2491 ’ζ
984 2462 1026 2483 aut
1035 2459 1163 2491 castellum
1174 2460 1336 2491 intraveritis,

956 2489 968 2522 {3
984 2491 1011 2522 in
1024 2496 1053 2514 ea
1064 2490 1153 2522 dignus
1165 2494 1204 2516 est
1215 2499 1220 2516 :
1231 2496 1256 2517 et
1268 2492 1302 2517 ibi

956 2521 967 2536 ’
984 2520 1042 2546 huic
1052 2520 1145 2548 domui.
1156 2522 1188 2549 Et
1198 2524 1220 2549 si
1232 2522 1308 2549 fuerit
1319 2523 1404 2549 domus

748 2586 933 2635 BLancutnt
946 2606 1063 2635 nom.

112 2658 124 2672 ι
142 2653 215 2682 Nihil
229 2654 317 2681 simile
331 2653 452 2689 reperire
471 2655 546 2690 potui
569 2655 640 2683 inter
654 2656 791 2684 variantes
815 2655 870 2683 lec-

81 2688 165 2717 tiones
184 2690 293 2718 Gratcas
318 2688 369 2717 aut
387 2688 496 2718 Latinas
518 2690 591 2718 Novi
615 2691 780 2719 Testamenti
793 2696 809 2724 ;‘
822 2691 869 2719 sed

82 2732 164 2760 neque
177 2726 248 2758 apnd
262 2725 441 2761 Augustinum
456 2747 463 2759 ,
479 2727 525 2761 qui
540 2728 609 2754 libro
624 2728 742 2755 secundo
753 2728 786 2756 de
799 2728 871 2755 Con-

82 2767 157 2798 sensu
172 2761 405 2798 Evangelistarttm
421 2762 488 2791 dicit
510 2763 611 2790 Lucam
636 2771 689 2790 tton
714 2763 871 2798 discrepare

82 2803 96 2822 a
111 2796 234 2834 Matthteo
254 2797 283 2834 in
307 2797 462 2825 nominibus
475 2798 686 2834 Apostolorum.
705 2800 757 2828 nisi
780 2796 872 2827 inno-

84 2832 152 2860 mine
166 2831 243 2861 Iudae
264 2832 356 2861 Jacobi
367 2854 375 2868 ,
390 2841 470 2870 quem
496 2831 639 2864 Mtttthmus
653 2831 812 2863 Tltaddwum
824 2844 871 2871 ap-

943 2656 1024 2690 ellat;
1051 2657 1176 2685 nonnulli
1202 2662 1292 2685 autem
1317 2657 1427 2686 codices
1449 2657 1551 2686 habent
1577 2658 1724 2687 Le‘b‘bw‘t‘tm.

949 2692 1001 2720 nde
1017 2700 1081 2728 ergo
1094 2693 1245 2721 derivatum
1259 2694 1294 2722 sit
1316 2694 1342 2721 in
1360 2694 1480 2722 codicem
1497 2693 1658 2723 Sam-Germ.
1677 2703 1725 2724 tto-

924 2736 986 2756 men
1000 2729 1071 2767 istud
1083 2729 1167 2767 ludas
1180 2729 1299 2762 Zelotes,
1316 2731 1404 2757 minus
1417 2730 1509 2767 adhuc
1522 2732 1585 2758 mihi
1601 2739 1726 2767 comper-

925 2769 992 2802 tum.
1010 2765 1165 2802 Prmsertim
1176 2773 1241 2802 cum
1264 2766 1356 2794 Simon
1366 2766 1473 2794 dicatur
1489 2766 1589 2794 Zeloles
1600 2765 1726 2802 Luc.‘vt,

926 2801 971 2829 15.
983 2808 1036 2829 non
1052 2801 1135 2829 Judas
1145 2801 1244 2837 aliquis
1256 2810 1272 2831 e
1285 2810 1400 2831 numero
1412 2802 1617 2838 discipulorum.

117 2902 154 2939 (a)
174 2905 294 2943 Addunt,
306 2911 340 2942 et,
352 2910 381 2934 ut
391 2904 452 2934 cod.
462 2905 540 2934 Cant.
564 2908 615 2934 καὶ.
627 2920 663 2928 -
674 2906 711 2943 (b)
723 2906 772 2934 Hic
790 2912 900 2942 quoque
913 2904 1021 2934 additur
1035 2910 1068 2939 ει,
1083 2905 1164 2934 etiam
1187 2905 1214 2933 in
1237 2906 1298 2935 cod.
1312 2906 1381 2935 Cain
1407 2908 1459 2936 ταὶ.
1473 2920 1508 2926 -η
1523 2905 1558 2942 (ς)
1572 2906 1610 2935 Ita
1624 2910 1652 2935 et
1666 2906 1727 2935 cod.

86 2936 159 2970 Cant.
172 2941 273 2981 Mos,
