3894 6336
474 304 580 364 199

867 420 1101 479 CODEX
1131 420 1678 480 VERCELLENSIS.

471 516 655 588 digna,
683 514 867 572 veniet
1308 531 1406 574 vos
1427 515 1720 588 inconcili-

474 587 579 659 ρειί
605 596 786 645 vestra
809 602 901 659 su-
1309 589 1378 652 is,
1401 597 1456 644 et
1476 587 1714 658 ﬂagella-

475 658 576 731 per
599 675 764 731 eam:
796 658 844 714 si
872 666 1052 716 autem
1306 660 1396 716 18.
1440 659 1574 715 bunt
1603 674 1741 714 vos:
1773 667 1830 716 et
1855 673 1953 716 an-

473 729 581 787 non
608 729 772 787 fuerit
1309 739 1362 786 te
1385 745 1541 800 reges
1567 740 1620 786 et
1646 745 1806 801 prae-

470 803 654 874 digna.
685 817 789 872 pax
818 816 946 858 ves-
1307 801 1456 858 sides
1479 801 1556 872 (a)
1581 802 1795 859 stabitis
1817 802 1857 873 -ι-

471 883 554 930 tra
579 874 647 957 ad
673 888 769 930 vos
791 889 877 930 re—
1308 883 1530 957 propter
1558 889 1666 956 me,
1698 875 1754 928 in

471 953 733 1001 vertetur.
1310 953 1681 1001 testimonium

471 1016 561 1072 14.
602 1015 673 1072 Et
701 1015 1032 1089 quicumque

468 1104 577 1144 non
607 1102 830 1160 recepe-

467 1160 542 1216 rit
566 1175 668 1216 vos
693 1175 895 1230 neque,

467 1231 703 1289 audierit
727 1247 846 1288 ser-

466 1318 658 1361 mones
688 1313 904 1360 vestros
936 1319 951 1356 ξ

466 1384 732 1432 exeuntes
761 1374 893 1431 foris

466 1447 537 1504 de
561 1447 724 1503 domo
747 1445 834 1502 vel
859 1444 992 1502 civi-

465 1527 598 1587 tate,
629 1518 871 1575 excutite

463 1591 744 1662 pulverem
770 1590 840 1646 de

465 1661 697 1732 pedibus
723 1675 849 1718 ves-

462 1734 582 1790 tris.

465 1807 555 1862 15.
594 1804 769 1861 Amen
791 1803 918 1861 dico
943 1816 1037 1860 vo-

461 1875 548 1932 bis
576 1893 593 1934 :
624 1875 952 1933 Tolerabili-

461 1962 529 2003 us
556 1948 660 2005 erit
689 1956 866 2004 terrae

457 2019 821 2076 Sodomorum

457 2100 516 2147 et
537 2090 866 2148 Gomorrae-

1308 1015 1519 1087 illis,get
1539 1015 1811 1087 gentibus.
1840 1022 1842 1024 '

1309 1087 1397 1144 19.
1437 1085 1573 1144 Cum
1595 1097 1778 1144 autem
1801 1097 1912 1144 tra-

1305 1158 1438 1215 dent
1469 1174 1590 1226 vos,
1618 1159 1751 1215 noli-

1306 1238 1360 1302 te
1381 1230 1621 1302 cogitare
1647 1231 1764 1302 quit

1304 1301 1599 1374 loquamini
1625 1319 1639 1356 =
1664 1301 1764 1374 da-

1303 1372 1450 1429 bitur
1475 1372 1631 1428 vobis
1660 1373 1714 1426 in

1304 1444 1394 1516 illa
1426 1445 1583 1516 hora,
1614 1443 1744 1516 quid

1302 1515 1622 1587 loquamini.

1298 1587 1390 1642 20.
1432 1587 1548 1642 Non
1580 1587 1728 1643 enim
1751 1603 1850 1644 vos

1301 1659 1434 1730 estis
1462 1659 1552 1730 qui
1570 1658 1757 1730 loqui-

1302 1729 1458 1812 mini,
1482 1729 1583 1786 Sed
1604 1729 1854 1812 Spiritus

1301 1801 1478 1858 Patris
1502 1801 1702 1869 vestri,

1301 1873 1393 1956 qui
1425 1872 1660 1956 loquitur

1299 1944 1354 2000 in
1383 1944 1558 2000 vobis.

1297 2015 1362 2072 2l
1375 2055 1389 2070 .
1431 2015 1633 2072 Tradet
1657 2026 1841 2074 autem

1299 2087 1468 2144 frater
1481 2087 1702 2144 fratrem

1299 2159 1355 2215 in
1382 2167 1635 2226 mortem,
1663 2169 1719 2216 et

1295 2229 1458 2286 Pater
1481 2230 1654 2286 ﬁlium
1686 2248 1701 2287 :
1724 2240 1782 2288 et

1290 2301 1580 2373 "insurgent
1608 2301 1686 2358 ﬁli

1295 2374 1350 2429 in
1384 2381 1662 2445 parentes,

1293 2453 1351 2500 Cl
1374 2454 1552 2501 morte
1582 2460 1680 2500 808

1293 2515 1387 2571 22.
1430 2515 1685 2572 adiicient
1709 2532 1724 2571 :
1752 2526 1809 2573 et

1295 2587 1452 2644 eritis
1471 2585 1600 2643 odio
1627 2602 1746 2643 om-

1296 2659 1456 2715 nibus
1485 2659 1736 2730 gentibus

1294 2741 1515 2802 propter
1539 2745 1738 2802 nomen

1291 2801 1474 2859 meum
1505 2820 1520 2858 :
1545 2801 1637 2872 qui
1659 2818 1754 2858 au-

1293 2883 1403 2931 tem
1436 2889 1689 2944 perseve-

1291 2945 1495 3002 raverit
1528 2959 1699 3002 usaue

1289 3017 1358 3073 ad
1394 3017 1582 3083 ﬁnem,
1614 3017 1706 3072 hic

1289 3088 1475 3145 salvus
1501 3089 1624 3145 erit.

1287 3159 1379 3215 23.
1419 3160 1557 3216 Cum
1590 3167 1771 3217 autem

873 3275 1108 3335 CODEX
1135 3273 1609 3334 CORBEIENSIS.

447 3369 862 3444 digna,_veniet
897 3384 1002 3440 pax
1030 3376 1211 3424 vestra
1240 3383 1406 3444 super
1443 3383 1566 3424 eam
1596 3387 1611 3425 :
1639 3367 1686 3424 si
1730 3377 1911 3444 aute_m
1941 3386 2050 3428 non

447 3439 834 3512 fuéritdigna,
876 3439 981 3514 pax
1009 3450 1192 3514 vestra
1239 3439 1307 3495 ad
1347 3455 1446 3496 vos
1473 3448 1800 3514 revertetur.
1838 3442 1908 3497 Et
1933 3445 2052 3514 qui-

447 3510 722 3587 quumqué
750 3529 857 3569 non
878 3510 907 3544 ’ί
937 3512 1207 3587 receperit
1233 3527 1353 3587 vos,
1381 3527 1560 3582 neque
1574 3510 1819 3587 _audierit
1845 3510 2054 3587 sermo-

457 2177 615 2218 orum
642 2163 698 2218 in
725 2161 814 2218 die

451 2232 643 2305 judicii
665 2274 680 2299 ,
704 2247 866 2304 quam

457 2304 540 2360 illi
565 2304 803 2361 civitati.

457 2321 540 2360 Ill!
565 2321 803 2361 ClVllall.

458 2374 548 2432 16.
590 2375 737 2432 Ecce
760 2389 862 2447 ego
887 2373 1046 2431 mitto

454 2462 555 2531 yos
582 2447 724 2531 sicut
744 2461 881 2531 oves

454 2519 510 2574 in
542 2519 724 2576 medio
751 2519 840 2574 lu-

455 2605 670 2662 porum.
703 2590 894 2662 Estote

454 2661 863 2745 ergopruden-

453 2741 538 2792 tes
565 2741 709 2791 sicut
728 2748 848 2790 ser-

452 2812 668 2878 pentes,
684 2813 754 2878 et
775 2804 908 2860 sim-

489 2877 623 2934 lices
647 2877 792 2934 sicut
812 2891 910 2933 eo-

474 2948 690 3005 umbae.

451 3022 542 3077 17.
584 3018 866 3075 Attendite
893 3017 1048 3075 vobis

447 3091 520 3148 ab
554 3091 886 3148 hominibus.

449 3161 690 3221 Tradent
716 3163 864 3221 enim

366 3641 368 3644 ,
447 3581 546 3642 lies
571 3581 787 3643 vestros
814 3603 827 3639 :
862 3581 1126 3640 exeuntes
1153 3583 1298 3639 foras
1328 3585 1348 3615 ³
1374 3581 1527 3639 extra
1556 3581 1777 3638 domum
1807 3586 1893 3640 vel
1920 3587 2055 3643 civi-

448 3666 639 3757 t‘atem,
663 3656 1204 3757 ercutlte‘pulverem
1232 3655 1306 3757 de
1329 3653 1557 3757 peélib‘us
1582 3655 1794 3757 vestris
1802 3655 1844 3709 ³.
1877 3656 2053 3715 Amen

447 3727 570 3785 dico
596 3728 752 3784 vobis
777 3746 788 3782 :
820 3727 1183 3784 Tolerabilius
1203 3727 1310 3782 erit
1332 3725 1353 3757 ’δ
1384 3725 1655 3783 Sodomae
1675 3736 1730 3782 et
1754 3726 2052 3788 Gomorrae

448 3800 503 3856 in
529 3799 620 3857 die
655 3797 846 3870 judicii
866 3841 884 3867 ,
936 3813 1096 3870 quam
1145 3797 1237 3870 illi,
1269 3798 1500 3854 civitati.
1539 3799 1691 3870 Ecce
1722 3798 1743 3830 ³
1770 3799 1926 3858 mitto
1955 3818 2051 3859 vos

447 3873 590 3928 sicut
616 3869 746 3928 oves
773 3872 793 3902 ⁶
822 3869 963 3926 inter
990 3870 1169 3941 lupos.
1202 3869 1389 3926 Estote
1417 3869 1712 3940 prudentes
1752 3871 1893 3927 sicut
1936 3889 2052 3930 ser-

445 3953 672 4015 pentes,
706 3952 762 4000 et
806 3942 1080 4015 simplices
1132 3942 1151 3973 ⁷
1196 3952 1251 3996 ιιι
1277 3942 1589 4015 columbae.
1629 3941 1827 3999 Cavete
1863 3955 2046 4001 autem

445 4013 516 4071 ab
544 4015 870 4072 hominibus.
899 4013 1141 4069 Tradent
1178 4015 1323 4069 enim
1356 4028 1452 4068 vos
1482 4013 1534 4068 in
1581 4015 1860 4077 conciliis,
1903 4028 1959 4072 et
1990 4017 2047 4072 in

447 4088 735 4158 synagogis
771 4088 885 4142 suis
923 4084 1272 4158 ﬁagellabunt
1303 4100 1440 4158 vos;
1478 4093 1532 4139 et
1561 4085 1583 4116 ⁸
1609 4093 1736 4158 ante
1765 4088 2048 4156 praesides

445 4155 504 4213 et
528 4155 686 4228 reges
712 4168 737 4195 ³
769 4155 984 4213 stabitis
1010 4155 1233 4229 propter
1263 4171 1352 4210 me
1372 4197 1387 4220 ,
1418 4155 1469 4210 in
1499 4155 1868 4229 testimonium
1903 4158 2048 4229 ipso-

446 4243 567 4283 rum
585 4225 615 4293 ,⁷
644 4237 699 4284 et
726 4228 988 4299 gentium.
1035 4225 1210 4299 Quum
1246 4236 1428 4299 autem
1450 4225 1826 4299 tradent‘vos,
1879 4225 2047 4287 nolite

446 4299 664 4380 solliciti
690 4297 826 4380 esse
865 4297 1138 4380 quomodo
1164 4305 1257 4352 aut
1281 4297 1408 4380 quid
1448 4297 1762 4380 loquamini
1767 4315 1795 4380 ⁷ε
1828 4299 2046 4380 dabitur

445 4372 590 4426 enim
621 4370 773 4425 vobis
800 4370 856 4424 in
884 4367 982 4424 illa
1023 4367 1154 4422 liora
1175 4410 1189 4434 ,
1222 4367 1349 4438 quid
1393 4369 1707 4437 loquamini.
1739 4369 1855 4426 Non
1899 4375 2044 4430 enim

445 4457 542 4498 vos
570 4442 703 4514 estis
742 4440 855 4514 qui
880 4439 1190 4514 loquimini,
1234 4439 1329 4514 sed
1360 4440 1598 4514 Spiritus
1616 4440 1808 4514 _Patris
1831 4447 2042 4514 gvestri,

442 4515 534 4585 qui
566 4509 801 4585 loquitur
845 4512 898 4568 in
927 4509 1100 4567 vobis.
1133 4510 1333 4585 Tradet
1367 4513 1388 4544 ⁹
1415 4512 1562 4585 enim
1608 4512 1775 4568 frater
1817 4509 2042 4574 fratrem

442 4581 510 4641 ad
539 4581 792 4652 mortem,
845 4593 901 4640 et
957 4591 1110 4652 pater
1159 4581 1329 4637 ﬁlium
1366 4590 1488 4655 :‘et
1521 4583 1804 4655 insurgent
1855 4587 1950 4643 ﬁlii
1989 4589 2044 4646 in

441 4666 732 4730 parentes,
790 4665 847 4730 et
897 4655 942 4688 ιο
996 4663 1171 4710 morte
1211 4669 1306 4710 eos
1351 4652 1590 4710 afﬁcient
1634 4652 1753 4712 :‘et
1802 4659 1956 4715 eritis
2000 4663 2038 4693 ιι

442 4728 630 4787 odium
670 4728 924 4786 omnibus
965 4737 1199 4798 propter
1230 4740 1430 4798 nomen
1480 4741 1660 4781 meum
1689 4744 1706 4781 :
1737 4730 1828 4798 qui
1859 4740 2039 4789 autem

442 4801 871 4872 perseveraverit
896 4796 1066 4872 usque
1091 4797 1146 4854 in
1177 4797 1361 4865 ﬁnem,
1390 4796 1480 4853 hic
1505 4799 1686 4854 salvus
1711 4796 1837 4856 erit.
1865 4803 2038 4870 Quum

1008 302 1279 364 EUSEBII
1317 300 2147 377 VERCELL._EVANGELIUM
2187 303 2602 376 CUMVARIIS
2629 309 2790 371 COD.
2827 308 3228 374 COLLATUM.
3581 339 3586 344 ο
3672 317 3761 377 200

2601 429 2837 491 CODEX
2877 430 3329 492 VERONENSIS.

2176 521 2360 596 digna,
2394 539 2500 596 pax
2519 534 2701 583 vestra
3009 544 3109 586 vos
3136 528 3191 583 in
3221 526 3451 584 concili-

2176 595 2358 651 veniet
2385 595 2476 653 Su-
2529 669 2540 672 _
3012 600 3082 664 is,
3111 600 3245 672 etin
3275 598 3566 672 synagogis

2175 681 2276 738 per
2303 682 2464 742 eam:
2496 669 2545 742 si
2567 678 2751 726 autem
3010 673 3126 728 suis
3151 669 3393 742 ﬂagella-

2175 737 2283 794 non
2307 737 2474 797 fuerit
2495 739 2680 812 digna,
3013 744 3102 800 18.
3143 737 3278 798 bunt
3301 756 3399 798 vos
3426 759 3442 799 :
3471 751 3529 801 et
3549 753 3678 815 aput

2174 823 2282 886 pax
2314 820 2493 868 vestra
3012 830 3170 886 reges
3191 824 3246 886 et
3268 828 3421 886 prae-

2174 831 2282 880 pax
2314 831 2493 868 vestra
3012 831 3170 942 reges
3191 831 3246 870 et
3268 831 3421 898 prae:
3452 884 3463 896 .

2173 880 2243 936 ad
2271 897 2368 937 vos
2393 898 2474 940 re-
3012 901 3057 942 su
3099 902 3158 943 es
3183 885 3258 958 (a)
3283 887 3498 944 stabitts
3521 886 3565 958 ἰ-

2175 963 2439 1041 vertetur.
2478 1026 2491 1038 ν
3012 967 3242 1041 propter
3263 973 3370 1041 me,
3401 958 3455 1014 in

2173 1023 2264 1079 14.
2305 1023 2376 1080 Ει
2400 1026 2732 1100 quicumque
3011 1023 3382 1086 testimonium

2173 1109 2284 1172 non
2311 1111 2540 1169 recepe-
3009 1101 3137 1166 illis,
3154 1110 3226 1172 Aet
3250 1101 3523 1172 gentibus.

2172 1166 2421 1241 rin_t_vo_s,
2443 1166 2625 1241 neque
3011 1172 3099 1228 19.
3138 1166 3278 1228 Cum
3305 1182 3485 1229 autem
3515 1181 3625 1230 tra-

2171 1238 2443 1295 audierint
2462 1238 2580 1297 ser-
3009 1244 3144 1301 dent
3167 1259 3288 1311 vos,
3320 1245 3454 1300 noli-

2172 1324 2363 1365 mones
2389 1321 2602 1368 vestros
2631 1330 2644 1367 ζ

2171 1391 2441 1438 exeuntes
2465 1384 2612 1439 foras

2170 1451 2240 1508 de
2266 1453 2428 1509 domo
2459 1455 2548 1510 illa
2582 1456 2670 1510 vel

2170 1523 2413 1591 civitate,
2447 1526 2683 1584 excutite

2169 1595 2454 1665 pulverem
2481 1597 2552 1655 de

2170 1667 2404 1737 pedibus
2422 1683 2544 1725 ves-

2171 1738 2288 1794 tris.

2166 1808 2256 1865 15.
2296 1812 2468 1868 Amen
2499 1810 2623 1870 dico
2645 1827 2739 1870 vo-

2166 1880 2251 1938 bis
2276 1881 2648 1953 :zTolerabili-

2166 1967 2234 2007 us
2261 1952 2370 2008 erit
2395 1963 2575 2012 terrae

2168 2022 2529 2082 Sodomorum

2165 2103 2222 2151 et
2245 2095 2539 2155 Gomorre-

2165 2181 2320 2222 orum
2352 2169 2406 2224 in
2437 2169 2527 2226 die

2160 2238 2376 2310 judicii,
2408 2255 2570 2310 quam

2164 2309 2246 2364 illi
2272 2309 2500 2366 civitati.

2165 2380 2255 2436 16.
2298 2383 2440 2439 Ecce
2466 2397 2568 2454 ego
2596 2387 2752 2442 mitto

2162 2467 2263 2508 vos
2292 2455 2434 2510 sicut
2459 2469 2591 2511 oves

2163 2523 2217 2579 in
2250 2524 2430 2582 medio
2457 2525 2546 2581 lu-

2167 2611 2378 2666 porum.
2411 2597 2598 2654 Estote

2163 2682 2293 2737 ergo
2323 2669 2562 2739 pruden-

2165 2745 2249 2795 tes
2278 2741 2421 2796 sicut
2449 2755 2568 2797 ser-
2647 2750 2652 2754 '

2161 2819 2379 2881 pentes,
2409 2821 2467 2868 et
2493 2812 2628 2868 sim-

2201 2881 2337 2939 lices
2365 2884 2508 2940 sicut
2529 2899 2625 2941 co-

2186 2954 2400 3012 umbae.

2165 3024 2253 3079 17.
2295 3025 2366 3081 Ει
2395 3027 2677 3086 adtendite
2709 3029 2860 3088 vobis

2163 3095 2234 3150 ab
2266 3095 2602 3156 hominibus.

2164 3165 2402 3226 Tradent
2424 3171 2570 3230 enim

3012 1324 3064 1388 te
3090 1316 3336 1388 cegitare
3357 1316 3487 1388 quid

3009 1385 3309 1459 loquamini
3336 1408 3349 1440 ;
3374 1385 3475 1443 da-

3008 1458 3156 1515 bitur
3178 1460 3326 1516 enim
3357 1459 3512 1517 vobis
3539 1460 3595 1518 in

3008 1531 3102 1586 illa
3125 1531 3282 1597 hora,
3311 1531 3444 1602 quid

3008 1602 3324 1673 loquamini.

3006 1673 3098 1730 20.
3140 1673 3256 1730 Non
3281 1674 3427 1731 enim
3457 1691 3556 1735 vos

3007 1746 3145 1818 estis
3170 1746 3261 1816 qui
3278 1745 3466 1818 loqui-

3005 1817 3161 1890 mini,
3194 1817 3290 1873 sed
3322 1817 3558 1890 spiritus

3005 1886 3184 1944 Patris
3209 1886 3377 1945 vestri
3396 1930 3413 1954 ,

3005 1957 3246 2031 loquitur
3265 1961 3320 2031 in
3350 1961 3529 2019 vobis.

3001 2030 3094 2085 2i.
3137 2030 3340 2088 Tradet
3365 2042 3552 2092 autem

3003 2101 3174 2158 frater
3194 2103 3417 2160 fratrem

3004 2173 3059 2228 in
3090 2183 3345 2241 mortem,
3369 2186 3426 2233 et

3002 2244 3164 2300 Pater
3189 2245 3358 2302 ﬁlium
3384 2265 3399 2303 :
3428 2258 3488 2305 et

3001 2316 3285 2388 insurgent
3312 2317 3387 2374 ﬁli

3001 2389 3057 2444 in
3087 2397 3346 2459 parentes
3366 2431 3382 2455 ,

3001 2468 3058 2515 ΕΙ.
3084 2469 3262 2517 morte
3288 2476 3385 2518 808

2998 2530 3091 2586 22.
3133 2531 3386 2589 adﬁcient
3419 2551 3435 2590 :
3467 2544 3526 2591 et

2999 2603 3154 2659 eritis
3181 2603 3308 2660 odio
3334 2607 3516 2662 omni-

3000 2673 3105 2730 bus
3130 2673 3448 2733 hominibus

3000 2755 3224 2816 propter
3252 2763 3451 2805 nomen

3002 2832 3185 2873 meum
3216 2834 3231 2873 :
3263 2820 3354 2890 qui

3001 2897 3185 2944 autem
3213 2905 3472 2961 perseve-

3002 2959 3210 3045 raberit
3236 2977 3409 3045 usque

3004 3032 3060 3087 in
3084 3032 3244 3088 ﬁnem
3263 3075 3280 3102 ,
3313 3033 3403 3089 hic

3004 3103 3186 3160 salvus
3207 3107 3332 3161 erit.

3001 3173 3096 3230 25.
3137 3174 3273 3232 Cum
3294 3184 3475 3234 autem

2623 3288 2858 3347 CODEX
2897 3291 3295 3354 BRIXIANUS.

2157 3379 2319 3455 digna
2348 3383 2532 3440 veniet
2573 3397 2679 3455 pax
2709 3394 2890 3442 vestra
2934 3401 3099 3455 super
3139 3405 3282 3446 eam.
3334 3390 3380 3447 si
3427 3403 3612 3450 autem
3656 3409 3754 3451 non

2160 3451 2322 3539 fuerit
2351 3455 2532 3525 digna.
2576 3451 2683 3525 pax
2729 3467 2906 3539 vestra
2947 3451 3018 3514 ad
3053 3475 3150 3516 vos
3178 3471 3504 3539 revertetur.
3552 3466 3622 3520 Et
3647 3467 3758 3539 qui-

2153 3537 2389 3595 cumque
2429 3542 2535 3581 non
2563 3529 2835 3602 receperit
2860 3544 2978 3602 vos.
3019 3533 3451 3602 nequeaudierit
3473 3529 3755 3594 sermones

2154 3607 2369 3652 vestros
2405 3607 2669 3655 exeuntes
2693 3599 2898 3667 bforas
2923 3601 2992 3658 de
3019 3599 3182 3660 domo
3207 3605 3294 3660 vel
3332 3606 3399 3662 de
3424 3607 3651 3665 civitate
3677 3609 3756 3665 illa

2153 3669 2397 3744 excutite
2440 3669 2715 3744 pulverem
2761 3672 2831 3728 de
2872 3672 3101 3744 pedibus
3148 3677 3370 3732 vestris.
3417 3680 3598 3735 Amen
3645 3681 3755 3736 dico

2154 3739 2328 3794 vobis.
2355 3739 2717 3799 Tolerabilius
2749 3739 2891 3799 erit:
2924 3754 3104 3804 terrae
3129 3746 3513 3806 Sodomorum.
3563 3763 3624 3808 et
3657 3751 3755 3809 Go-

2155 3825 2515 3887 morreorum.
2543 3814 2606 3887 in
2626 3815 2919 3884 diejudicii
2949 3832 3108 3887 quam
3137 3819 3213 3873 illi
3239 3821 3470 3876 civitati.

2227 3883 2367 3939 Ecce
2393 3899 2513 3964 ego.
2540 3886 2696 3941 mitto
2722 3883 2817 3964 vos
2844 3883 2978 3943 sicui
3020 3903 3153 3945 oves
3182 3891 3236 3946 in
3269 3891 3449 3948 medio
3479 3893 3751 3964 luporum.

2154 3953 2352 4034 Estote
2377 3953 2675 4034 prudentes
2716 3957 2858 4014 sicut
2886 3969 3176 4034 serpentes
3198 3971 3256 4018 et
3298 3953 3580 4034 simplice-5
3619 3968 3752 4021 sicut

2153 4025 2460 4084 columbae.
2488 4026 2690 4084 Cavete
2703 4039 2883 4086 autem
2910 4042 2931 4070 ο
2959 4025 3054 4087 vos
3075 4033 3144 4087 ab
3163 4031 3249 4090 bis
3271 4025 3608 4093 hominibus.
3630 4037 3756 4093 Tra-

2151 4096 2454 4178 dentenim
2485 4115 2580 4156 vos
2610 4100 2663 4156 in
2691 4103 2970 4166 conciliis,
3002 4105 3140 4178 etin
3189 4107 3478 4178 synagogis
3507 4111 3629 4165 suis
3669 4109 3755 4163 lla-

2149 4169 2428 4239 gellabunt
2455 4187 2572 4248 vos.
2605 4182 2661 4228 et
2697 4174 3139 4248 antepraesides
3186 4169 3242 4232 ei
3290 4169 3451 4248 régé's
3494 4181 3751 4236 ducimini

2154 4252 2374 4312 propter
2387 4257 2485 4319 _i_n_e
2506 4244 2558 4319 in
2585 4245 2953 4319 testimonium
2983 4246 3094 4319 illis
3117 4254 3174 4301 et
3197 4244 3469 4319 gentibus.
3496 4251 3639 4307 Cum
3665 4268 3756 4306 au-

2152 4322 2260 4392 tem
2285 4313 2608 4392 tradiderint
2627 4331 2743 4372 vos.
2765 4318 2935 4392 nolite
2955 4313 3490 4392 cogitare'quomodo
3515 4335 3610 4377 aut
3633 4321 3752 4392 quid

2152 4382 2448 4465 loquamini
2477 4386 2694 4465 dabitur
2719 4382 3126 4465 enim_vobi_s_in
3154 4382 3555 4465 illa'bora.qnid
3573 4382 3755 4465 loqua-

2153 4456 2305 4535 mini.
2351 4455 2471 4512 Non
2491 4458 2640 4535 enim
2660 4475 2756 4514 vos
2784 4461 2916 4535 estis
2933 4463 3025 4532 qui
3048 4461 3354 4535 loqtﬁmini.
3395 4455 3488 4520 sed
3522 4455 3755 4535 Spiritus

2153 4525 2328 4604 fatris
2339 4531 2606 4604 vestriqui
2628 4532 2878 4604 loquetur
2900 4525 3755 4592 in'vobis'.Tradetautemifrater

2150 4596 2374 4678 fratrem
2407 4602 2461 4656 in
2488 4596 2744 4659 mortem.
2774 4613 2826 4660 et
2854 4603 3234 4678 Paterﬁlium.
3267 4615 3322 4662 et
3349 4607 3638 4678 insurgent
3665 4607 3752 4662 ﬁlii

2150 4670 2201 4724 in
2225 4680 2499 4741 parentes.
2524 4682 2578 4730 et
2593 4686 2770 4731 morte
2797 4690 2894 4731 eos
2925 4675 3202 4732 adﬁcient.
3226 4687 3280 4733 et
3300 4679 3451 4734 eritis
3486 4670 3621 4735 o'dio
3643 4694 3755 4734 om-

2149 4743 2307 4797 nibus
2332 4757 2553 4821 p_ropt_er
2567 4762 2761 4821 nomen
2783 4761 2962 4821 meum
2988 4747 3088 4821 qui
3112 4756 3292 4821 autem
3314 4750 3755 4821 perseveraverit

2149 4827 2320 4884 usque
2367 4816 2421 4871 in
2466 4819 2630 4874 ﬁnem
2679 4817 2768 4875 hic
2793 4820 2972 4876 salvus
3007 4816 3137 4876 erit.
3175 4816 3524 4879 Cum'autem
3575 4837 3757 4894 perse-

1153 4914 1549 4974 VARIANTES
1573 4915 1958 4980 LECTIONES
1995 4924 2267 4987 CODICIS
2295 4931 2403 4989 MS.
2433 4931 2492 4990 S.
2536 4932 3050 4994 GERMANENSIS.

507 5011 527 5076 ξ
561 5011 931 5076 receperint...,
948 5008 1208 5076 audierint

505 5075 529 5107 ³
560 5074 627 5124 de
647 5073 791 5125 domo
811 5073 893 5126 vel
915 5073 1118 5124 civitate
1188 5100 1191 5103 ~

507 5138 531 5171 ³
563 5137 615 5186 in
633 5139 962 5187 testimonium
985 5135 1101 5186 illis.

505 5199 531 5232 δ
564 5206 733 5250 terrae
753 5198 1076 5250 Sodomorum
1101 5205 1154 5250 et
1175 5196 1584 5250 Gomorraeorum

505 5263 662 5325 '1‘880

507 5324 531 5357 ⁸
561 5321 625 5376 ἰιῑ
636 5321 799 5373 medio
821 5321 1060 5376 luporum.
1086 5322 1256 5376 Estote
1278 5333 1486 5376 ergo.

449 5394 464 5408 '
502 5389 527 5421 ἰ
560 5387 688 5438 sicut
709 5383 985 5437 columbae.
1009 5385 1267 5440 Attendite
1289 5383 1430 5440 vobis

2213 5020 2236 5053 ⁸
2268 5030 2385 5092 ante
2407 5035 2563 5087 reges
2585 5033 2650 5092 et_
2660 5026 2914 5092 praesides
2933 5026 3125 5092 stabitis
3158 5035 3359 5092 propter
3381 5041 3564 5082 nomen
3591 5043 3755 5092 meum

2043 5145 2048 5148 _
2150 5084 2282 5156 im...
2307 5085 2408 5137 illis
2438 5084 2493 5139 ei
2514 5084 2766 5152 gentibus.
2793 5088 2914 5140 Cum
2948 5084 3237 5144 tradiderint
3248 5084 3428 5144 autem
3449 5106 3565 5156 vos,
3602 5091 3755 5143 nolite

2147 5152 2518 5286 wg:?;t%m....
2543 5215 2596 5265 in
2619 5221 2830 5267 mortem

2209 5274 2257 5306 ιο
2288 5277 2436 5327 morti

2213 5336 2256 5369 ³⁸
2291 5336 2402 5390 odio
2422 5341 2651 5394 omnibus
2674 5339 2952 5394 hominibus

1794 5470 2165 5534 BLANCHINI
2200 5478 2434 5541 ΝΟΤΔΕ.

511 5576 542 5608 ι
577 5566 673 5625 lita
695 5577 781 5626 est
811 5581 921 5626 vox
949 5575 1141 5626 autem.

439 5639 883 5770 nolgtlt'Siiyprianus
933 5638 1066 5712 legit
1106 5641 1313 5698 ambitis
1369 5652 1430 5702 ut
1473 5643 1583 5704 duo
1632 5659 1768 5706 mss.
1822 5645 2044 5706 codices

515 5827 596 5905 (a)
630 5825 710 5890 Ita
736 5837 792 5889 et
810 5827 936 5889 cod.
957 5825 1116 5890 Cant.
1149 5824 1244 5889 (ἓν.
1273 5838 1330 5889 et
1350 5827 1842 5910 ιᾶιησταθήσισθε.

2221 5593 2247 5622 ο
2286 5585 2477 5660 vocula
2503 5585 2704 5660 iliacos
2731 5586 2947 5660 videtur
2968 5587 3061 5645 lita
3089 5587 3159 5646 ab
3181 5585 3518 5660 exscriptore
3539 5586 3751 5646 duabus

2147 5651 2360 5715 lineolis
2384 5659 2541 5731 quasi
2566 5659 2851 5719 abundans
2879 5661 2936 5719 in
2964 5668 3137 5719 textu.
