3894 6336
143 287 222 344 201
1054 284 1507 344 EVANGELIUM
1543 281 1914 344 SECUNDUM
1955 282 2393 342 MATTHIEUM.

495 396 728 457 CODEX
764 400 1305 460 VERCEllLENSlS.
2227 400 2455 459 CODEX
2484 401 2939 459 VEBONENSIS.

145 500 497 575 persequentur
939 496 1153 575 nebris,_
1178 494 1343 552 dicite
1804 504 2196 575 persequentur
2634 498 2731 575 bis
2746 497 2797 552 in
2829 496 3069 575 tenebris
3088 533 3104 558 .

145 579 225 618 vos
246 567 292 618 in
316 567 499 620 civita-
940 568 994 622 in
1026 567 1228 622 lumine
1259 584 1273 620 :
1307 575 1363 623 et
1803 584 1900 624 vos
1930 569 1982 623 in
2015 569 2173 624 istam
2633 569 2797 625 dicite
2828 569 2881 625 in
2914 569 3116 624 lumine
3144 577 3159 616 ε

939 639 1082 711 quod
1112 638 1167 711 in
1196 653 1328 694 aure
1803 641 2078 697 civitatem
2101 681 2116 708 ,
2145 640 2230 696 l‘u-
2310 710 2313 711 ν
2633 650 2687 695 et
2711 641 2859 711 quod
2884 642 2939 696 in
2964 650 3096 696 aure

939 710 1190 783 audistis,
1220 725 1373 780 prae-
1804 712 1913 782 gite
1942 713 1998 767 in
2029 712 2218 769 aliam.
2249 710 2327 783 (a)
2633 710 2865 778 auditis,
2897 712 3210 783 praedicat_e

941 781 1119 838 dicate
1143 778 1311 852 super
1805 778 1960 851 Quod
1992 783 2039 840 si
2064 784 2121 840 in
2260 778 2271 785 ’
2309 778 2315 780 ⁷
2636 783 2728 839 28.
2770 778 2936 852 ευρᾱι*
2963 792 3124 840 tecta.
3156 778 3225 833 Ει

939 852 1033 910 28.
1075 861 1234 909 tecta.
1260 853 1333 908 Et
1352 852 1492 910 noli-
1806 856 1969 911 aliam
1997 871 2325 913 uerseuuen-
2639 855 2809 911 nolite
2842 856 3034 913 timere

944 935 997 981 te
1024 926 1215 981 timere
1245 939 1364 993 eos,
1809 936 1895 983 tur
1915 941 2041 993 vos,
2069 926 2234 997 fugite
2639 941 2763 996 eos,
2798 927 2890 997 qui
2917 928 3059 984 occi-

3283 286 3392 341 202

1804 504 2196 568 persequentur

1803 584 1900 624 vos
1930 569 1982 623 in
2015 569 2173 624 istam

1803 641 2078 697 civitatem
2101 681 2116 708 ,
2145 640 2230 696 fu-

1804 712 1913 785 gite
1942 713 1998 767 in
2026 712 2218 785 aliam.
2249 710 2327 785 (a)

1805 784 1960 851 Quod
1992 783 2039 840 si
2064 784 2121 840 in

1806 856 1969 911 aliam
1997 871 2325 929 persequen-

1809 936 1895 983 tur
1915 941 2012 983 vos
2027 968 2041 993 ,
2069 928 2234 998 fugite

149 646 237 691 tem
259 636 427 703 istam,
455 634 541 690 fu-

147 708 237 779 gite
255 708 301 780 in
325 707 500 780 aliam.
532 707 614 780 (a)

149 777 277 847 Quod
297 778 339 833 si
365 778 416 833 in
444 777 587 835 alte-

146 866 239 906 ram
267 864 577 920 persequen-

148 934 217 978 tur
237 937 341 987 vos,
367 921 534 994 fugite

147 994 192 1071 in
211 994 370 1071 aliam.
401 993 444 1065 -ιέ
529 1065 578 1071 __
943 997 1035 1067 qui
1066 996 1325 1071 occidunt
1809 998 1864 1054 in
1892 999 2075 1055 aliam.
2108 993 2152 1071 αξ
2639 993 2776 1054 dunt
2800 993 3033 1068 corpus,

149 1065 288 1122 Amen
312 1065 432 1121 dico
456 1065 631 1132 vobis,
942 1065 1175 1139 corpus;
1209 1068 1447 1124 animam
1810 1070 1984 1127 Amen
2012 1065 2137 1127 dico
2642 1072 2877 1125 animam
2901 1065 2999 1124 au-

149 1154 233 1211 non
258 1152 489 1211 consum-
942 1148 1123 1196 autem
1149 1155 1257 1195 non
1285 1155 1409 1211 pos-
1810 1143 1998 1211 vobis,
2025 1158 2132 1198 non
2154 1157 2287 1200 con-
2646 1153 2754 1197 lem
2786 1154 2894 1195 non
2926 1156 3049 1210 pos-

146 1209 329 1266 mabitis
355 1209 490 1265 civi-
946 1221 1074 1269 sunt
1100 1209 1317 1268 occide-
1811 1209 2153 1271 summabitis
2648 1222 2776 1268 sunt
2802 1209 3052 1270 occidere
3082 1233 3095 1269 :

147 1280 511 1355 tateslstrabel,
945 1299 1005 1339 re
1031 1302 1044 1336 :
1078 1282 1175 1339 sed
1207 1283 1387 1354 potius
1812 1286 2065 1342 civitates
2092 1286 2254 1343 lstra-
2650 1284 2745 1340 sed
2774 1284 2957 1355 potius

144 1353 289 1410 donec
311 1352 491 1409 veniat

944 1371 1071 1413 eum
1101 1355 1287 1411 timete
1303 1396 1319 1423 ,

143 1426 262 1480 ﬁlius
287 1426 535 1481 hominis.

1021 1371 1071 1410 m
1101 1357 1319 1423 timete,
1814 1357 1935 1425 bel,
1963 1357 2137 1414 donec
2163 1375 2255 1415 ve-

1021 1427 1248 1482 inotest
1287 1467 1302 1481 .
1347 1464 1363 1480 .
1408 1468 1422 1482 .
1469 1464 1484 1479 .
1816 1431 1931 1482 niat
1961 1429 2102 1482 [ilius
2133 1431 2234 1482 ho-

944 1442 1037 1499 qut
1068 1441 1248 1497 pctest
1287 1467 1302 1481 .
1347 1464 1363 1480 .
1408 1468 1422 1482 .
1469 1464 1484 1479 .

1816 1431 1945 1513 niat.
1961 1429 2102 1486 [ilius
2133 1431 2234 1487 ho-

1815 1517 1999 1556 minis.

2652 1372 2777 1440 eum
2805 1357 3021 1423 timete,
3058 1430 3069 1439 _

2650 1438 2743 1499 qui
2774 1438 2955 1498 potest
2983 1438 3100 1484 ani-

141 1496 217 1569 ει.
252 1495 360 1552 Νοιι
381 1506 466 1552 est
491 1495 733 1569 discipu-
950 1495 1095 1554 mam
1128 1506 1202 1553 et.
1251 1538 1264 1552 .
1309 1539 1323 1553 .
1372 1538 1387 1551 .

143 1568 212 1624 lus
236 1584 383 1640 supra
414 1584 534 1624 ma-
636 1568 651 1569 ί
950 1584 1054 1641 pus
1083 1570 1314 1641 perdere
1338 1569 1391 1626 in

142 1641 364 1711 gistrum,
385 1655 569 1710 neque
987 1642 1281 1698 ehennam.

144 1728 307 1768 servus
334 1727 498 1768 super
950 1658 1043 1768 g9.
1084 1712 1275 1768 Nonne

144 1728 307 1768 servus
334 1727 498 1783 super
582 1781 588 1783 Α
650 1782 673 1783 ᾗ
950 1712 1043 1769 29.
1084 1712 1275 1769 Nonne
1300 1712 1408 1768 duo
1437 1726 1559 1781 pas-

141 1783 220 1840 25.
239 1781 507 1840 dominum
525 1781 625 1855 (b).
642 1782 787 1840 Satis
798 1790 884 1841 est
954 1798 1107 1842 seres
1131 1800 1255 1841 asse
1276 1799 1371 1841 ve-

143 1856 403 1927 discipulo,
436 1865 499 1912 nt
524 1856 599 1912 sit
961 1898 974 1912 .
1013 1897 1029 1913 .
1063 1896 1079 1913 .
1112 1866 1172 1912 nt
1199 1874 1214 1911 :
1245 1865 1302 1913 et
1326 1871 1466 1912 unus

143 1927 264 1983 sicut
288 1929 492 1999 magis-
724 1942 729 1945 ·
964 1971 976 1984 .
1014 1969 1028 1982 .
1066 1969 1079 1982 .
1117 1968 1133 1982 .
1167 1968 1182 1983 .
1217 1929 1262 1983 is
1289 1944 1397 1985 non
1425 1943 1516 1983 ca—

143 2008 213 2056 ter
234 1999 374 2071 ejus;
404 2008 462 2071 et
483 2015 604 2055 ser-
964 2041 978 2055 .
1014 2042 1027 2055 .
1065 2040 1079 2055 .
1116 2036 1131 2054 .
1154 2014 1319 2070 super
1349 2008 1462 2056 ter-

142 2086 224 2127 vus
250 2070 385 2128 sicut
412 2070 673 2129 dominus
961 2111 977 2127 .
1015 2112 1030 2126 .
1065 2087 1138 2127 .m
1169 2071 1290 2127 sine
1318 2086 1417 2127 vo-

141 2142 257 2214 ejus.
283 2145 337 2201 Si
360 2159 456 2214 pa-
962 2184 977 2198 .
1016 2184 1029 2198 .
1063 2185 1077 2199 .
1110 2184 1125 2198 .
1154 2152 1262 2200 tate
1288 2143 1466 2200 Patris

144 2210 260 2271 trem
290 2210 491 2271 famili-
959 2215 1051 2273 '50.
1088 2252 1110 2287 ν.
1147 2257 1162 2272 .
1199 2258 1212 2269 .
1250 2255 1265 2269 .
1292 2215 1397 2270 tri?
1420 2213 1495 2287 (ο)
1521 2210 1619 2270 sed
1644 2221 1702 2270 et

145 2301 196 2342 as
218 2287 494 2344 Beelzean
959 2286 1141 2360 capilli
1164 2286 1363 2360 capitis

143 2366 492 2416 vocaverunt:
965 2397 981 2413 .
1018 2357 1044 2413 ,⁷
1066 2397 1081 2413 .
1116 2400 1132 2416 .
1158 2358 1227 2415 tri
1248 2357 1290 2429 -ι-
1319 2372 1508 2415 nume-

144 2440 326 2502 quanto
353 2445 479 2503 mag
524 2467 539 2483 .
584 2468 600 2484 .
646 2468 661 2485 .
966 2471 981 2503 .
1016 2471 1032 2486 .
1064 2470 1079 2484 .
1116 2472 1131 2486 .
1164 2468 1180 2484 .
1210 2439 1481 2503 suntiom-

144 2500 336 2560 domest
375 2543 388 2555 .
440 2500 469 2557 ,⁷
499 2542 513 2556 .
556 2516 623 2558 os
963 2502 1055 2559 ⁸51.
1097 2516 1219 2559 nes.
1252 2500 1431 2558 Nolite
1458 2516 1551 2558 er-

142 2573 218 2647 26.
255 2575 402 2647 ejus?
431 2573 513 2630 Ne
542 2588 675 2646 ergo
970 2614 986 2630 .
1022 2614 1037 2628 .
1070 2613 1084 2627 .
1122 2612 1136 2625 .
1172 2612 1190 2629 .
1221 2611 1235 2628 .
1257 2588 1409 2647 mere
1438 2591 1453 2628 :
1482 2571 1622 2628 mul-

146 2645 411 2704 timue‘ritis
441 2661 563 2703 eos.
613 2645 625 2646 “
964 2662 982 2679 ο
1015 2684 1031 2700 .
1067 2684 1083 2700 .
1119 2685 1135 2701 .
1166 2684 1182 2699 .
1206 2645 1405 2700 melio-

144 2716 270 2773 Nihil
298 2719 443 2774 enim
471 2732 637 2788 oper-
966 2756 982 2773 .
1014 2757 1029 2772 .
1062 2754 1080 2773 .
1122 2758 1137 2773 .
1175 2758 1189 2772 .
1227 2755 1242 2771 .
1277 2751 1291 2769 .
1326 2729 1517 2788 passe-

146 2788 547 2862 tumest,quod
968 2828 985 2845 .
1062 2827 1078 2843 .
1159 2828 1176 2844 .
1256 2825 1272 2844 .
1353 2828 1369 2843 .
1451 2827 1469 2842 .

146 2876 628 2919 nonreve....
969 2896 1465 2917 σου...

145 2931 508 3000 bitur;occul-
970 2948 983 2963 ’
1066 2970 1081 2985 .
1161 2970 1175 2984 .
1258 2971 1274 2987 .
1350 2971 1368 2988 .
1451 2971 1464 2984 .

147 3004 675 3075 tum,qnodn...

146 3074 226 3128 27.
265 3074 485 3133 scietur.
516 3074 675 3145 Quod
970 3112 988 3131 .
1071 3114 1086 3132 .
1165 3115 1181 3132 .
1262 3116 1279 3131 .
1359 3114 1375 3129 .
1451 3113 1467 3130 .

148 3148 609 3206 dicovobis...

562 3261 797 3321 CODEX
819 3258 1305 3319 CORBEIENSIS.

148 3367 313 3416 autem
352 3368 753 3487 persgguentur
792 3372 889 3440 vos
932 3357 985 3412 in
1027 3356 1251 3413 civitate
1289 3356 1427 3423 ista,
1470 3356 1640 3428 fugite
1668 3356 1738 3441 .in

148 3431 316 3488 aliam.
344 3441 371 3470 ι
396 3432 478 3500 Qu
597 3431 642 3486 si
690 3431 745 3485 in
783 3430 945 3484 altam
979 3438 1376 3499 persequentur
1411 3428 1743 3501 vos,7fugtte

151 3504 198 3557 in
222 3506 466 3560 alteram.
498 3506 675 3559 Amen
704 3501 827 3557 dico
849 3502 1028 3567 vobis,
1060 3516 1169 3555 non
1194 3500 1645 3559 consummabilis
1664 3500 1744 3557 ci-

150 3575 331 3632 vitales
368 3574 573 3639 Israel,
600 3572 777 3629 donec
803 3572 988 3627 veniat
1029 3571 1174 3627 ﬁlius
1218 3574 1475 3629 hominis.
1504 3573 1621 3627 Non
1660 3579 1747 3627 est

149 3645 440 3718 discipulus
471 3645 1137 3718 supergmagistru‘mtncc
1163 3658 1362 3718 servus
1380 3660 1542 3715 super
1572 3644 1747 3700 domi-

152 3715 475 3775 nnm'suum.
511 3715 774 3773 {Sufﬁcit
802 3715 1093 3786 discipulo,
1128 3727 1184 3771 ut
1222 3718 1293 3771 sit
1322 3717 1465 3772 sicut
1490 3717 1748 3786 magister

153 3790 291 3857 ejus;
314 3800 371 3846 et
395 3792 418 3823 ³
444 3803 629 3852 servo,
661 3798 719 3843 nt
749 3789 820 3841 sit
845 3789 985 3843 sicut
1005 3786 1261 3843 dominus
1284 3788 1421 3858 ejus.
1454 3787 1511 3843 Si
1539 3798 1747 3858 patrem

151 3860 375 3917 familias
418 3861 710 3917 Beelzebul
751 3868 1083 3915 vocaverunt
1124 3875 1137 3914 :
1186 3857 1390 3929 quanto
1439 3860 1611 3928 magis
1652 3857 1751 3912 do-

154 3933 403 3989 mesticos
432 3932 587 4004 eius?
608 3930 695 4004 ‘Ne
719 3945 848 4004 ergo
867 3930 1164 4004 timueritis
1182 3946 1298 3986 eos.
1333 3930 1478 4004 Nihil
1499 3938 1583 3985 est
1604 3930 1751 4004 enim

155 4015 398 4074 opertum
420 4047 436 4071 ,
465 3998 625 4074 'quod
664 4018 768 4058 non
783 3998 824 4033 ’⁸
852 4001 1153 4074 reveletur;
1185 4013 1242 4074 et
1271 4001 1570 4074 occultum,
1606 3998 1766 4074 quod.

153 4071 255 4131 non
270 4076 292 4107 ‘
306 4071 705 4132 manifestetur.
733 4072 888 4143 Quod
909 4072 1032 4128 dico
1057 4074 1211 4129 vobis
1233 4073 1289 4129 in
1314 4073 1577 4139 tenebris,
1591 4071 1756 4127 dicite

154 4148 205 4202 in
242 4147 447 4204 lumine
491 4164 505 4200 :
553 4156 609 4203 et
654 4145 799 4217 quod
850 4147 902 4201 in
948 4160 1081 4217 aure
1120 4146 1140 4176 "
1186 4145 1403 4212 auditis,
1447 4144 1758 4217 praedicate

154 4234 315 4290 super
367 4230 531 4276 tecta.
581 4215 686 4273 Et‘
717 4217 883 4273 nolite
941 4215 1136 4273 timere
1185 4232 1321 4284 eos,
1367 4215 1459 4288 qui
1505 4215 1759 4290 occidunt

154 4286 384 4360 corpus;
480 4290 716 4345 animam
798 4298 979 4345 autem
1072 4304 1178 4346 non
1266 4286 1495 4359 possunt
1537 4286 1754 4360 occide-

155 4376 213 4417 re
245 4359 261 4416 ἑ
294 4365 316 4395 ⁸
356 4364 547 4419 timete
572 4376 701 4433 ergo
740 4360 907 4430 magis
962 4374 1109 4427 eum,
1169 4362 1260 4432 qui
1308 4367 1491 4433 p0te_st
1538 4368 1593 4416 et
1647 4359 1762 4433 ani-

156 4448 296 4488 mam
349 4444 405 4491 et
432 4430 657 4505 corpus'
678 4432 906 4502 perdere
947 4433 1001 4486 in
1034 4430 1363 4505 gehennam.
1412 4430 1603 4487 Nonne
1647 4431 1764 4505 duo

158 4520 411 4574 passeres
451 4502 576 4561 asse
609 4512 879 4560 vaeneunt
904 4519 918 4557 :
948 4514 1003 4558 et
1025 4518 1165 4558 unus
1191 4520 1261 4559 ex
1287 4504 1392 4559 illis
1425 4518 1533 4558 non
1563 4502 1759 4574 cadet"

158 4572 208 4631 in
238 4587 441 4633 terram
472 4578 594 4633 sine
624 4576 899 4631 voluntate
928 4574 1102 4630 Patris
1132 4575 1335 4643 vestri,
1378 4575 1471 4643 qui
1503 4576 1554 4629 in
1583 4572 1760 4641 .coelis

156 4650 279 4704 est?
305 4648 406 4706 sed
432 4658 489 4704 et
512 4648 692 4718 capilli
718 4648 912 4717 capitis
934 4660 1126 4702 omnes
1142 4648 1163 4678 ⁸
1188 4652 1453 4718 numerati
1476 4656 1621 4702 sunt.
1648 4643 1757 4718 No-

161 4720 253 4776 lite
279 4736 417 4792 ergo
446 4716 642 4776 timere
666 4736 680 4772 :
702 4721 723 4753 θ
751 4716 936 4773 multis
977 4717 1287 4792 passeribus
1325 4718 1583 4792 meliores
1624 4716 1759 4792 estis

158 4808 273 4850 vos.
305 4787 499 4850 Omnis
527 4805 658 4863 ergo
681 4792 772 4862 qui
787 4805 874 4847 me
889 4788 1173 4846 confessus
1199 4788 1365 4846 fuerit
1384 4790 1427 4820 ¹⁰
1453 4803 1641 4845 coram
1663 4787 1761 4843 ho-

1815 1573 1909 1629 26.
1949 1572 2067 1629 Non
2099 1582 2184 1630 est
2213 1574 2299 1631 di-

2655 1515 2799 1571 mam
2832 1509 2886 1555 et
2908 1514 3111 1571 corpus

2728 1570 2887 1627 rdere
2909 1573 2962 1627 in
2989 1570 3086 1643 ge-

2678 1658 2921 1697 iennam.

2655 1713 2748 1769 29.
2790 1713 2985 1771 Nonne
3012 1714 3121 1771 duo

2655 1800 2913 1857 passeres
2938 1800 3064 1843 asse

2658 1858 2887 1913 veniunt
2910 1876 2924 1911 :
2955 1868 3009 1914 et
3032 1872 3171 1914 unus

2660 1943 2728 1984 ex
2758 1929 2868 1985 illis
2892 1945 2998 1987 non

2660 1999 2809 2056 cadit
2836 2016 3001 2072 super
3033 2008 3143 2058 ter-

2662 2086 2781 2127 ram
2804 2072 2927 2127 sine
2955 2073 3147 2128 volun-

2664 2150 2778 2199 tate
2808 2143 2879 2198 Pa
2888 2144 2985 2199 tris
3013 2160 3106 2200 ve-

2663 2215 2783 2285 stri,
2822 2215 2916 2285 qui
2947 2226 3034 2271 est
3055 2217 3108 2271 in

2668 2284 2760 2341 30.
2802 2284 3009 2359 caelis?
3038 2286 3111 2359 (ε)
3133 2289 3231 2346 sed

2672 2365 2730 2414 et
2747 2358 2930 2428 capilli
2962 2358 3157 2428 capitis

2672 2432 2838 2485 vestri
2869 2428 2911 2500 -ί-
2937 2431 3209 2488 numerati

2672 2510 2801 2556 sunt
2830 2515 3040 2557 omnes.

2676 2572 2741 2627 31
2754 2612 2769 2627 .
2810 2571 2992 2629 Nolite
3016 2588 3149 2642 ergo

2680 2644 2873 2700 timere
2904 2660 2919 2697 :
2948 2645 3124 2701 multo

2677 2730 2777 2770 vos
2797 2716 3060 2771 meliores

1818 1645 2059 1715 scipulus
2091 1661 2258 1717 super

1823 1718 2141 1788 magistrum
2157 1759 2173 1785 ,
2206 1733 2298 1775 ne-

1822 1802 1931 1859 que
1956 1803 2147 1845 servus
2175 1806 2270 1846 su-

1822 1873 1923 1946 22'
1950 1859 2229 1946 εξοφίηιιιτι
2248 1860 2361 1946 ,ςωο

1823 1930 1918 1988 25.
1956 1930 2101 1989 Satis
2126 1941 2211 1989 est
2230 1930 2309 1989 di-

1824 2004 2036 2073 scipulo
2060 2045 2077 2070 ,
2107 2014 2166 2060 ut
2194 2006 2264 2061 sit

1825 2074 1968 2147 sicut
1996 2077 2254 2147 magister

1826 2145 1982 2216 ejus;
2015 2157 2070 2204 et
2091 2145 2260 2205 servo
2284 2147 2428 2205 sicut

1827 2216 2082 2290 dominus
2107 2220 2248 2290 ejus.

1827 2287 1885 2345 Si
1918 2287 2150 2360 patrem'
2171 2292 2253 2345 ia-

1830 2361 2013 2418 milias
2041 2362 2299 2419 Velzebul

1830 2434 2169 2491 vocaberunt
2196 2452 2209 2488 :
2241 2448 2417 2506 quan-

1833 2512 1903 2578 to
1920 2507 2093 2578 magis
2119 2506 2316 2578 dome—

1834 2575 1929 2631 26.
1970 2575 2140 2633 sticos
2165 2577 2327 2647 ejus?
2355 2575 2436 2633 Ne

1836 2661 1968 2718 ergo
2000 2649 2288 2705 timueritis

1836 2732 1953 2773 80$.

1837 2789 1986 2847 Nihil
2011 2790 2160 2864 enim
2182 2805 2343 2864 oper-
2680 2788 2816 2864 estis
2846 2801 3031 2857 passe-

1841 2869 1989 2930 tum,
2016 2863 2162 2934 quod
2192 2857 2301 2919 n'on
2333 2876 2423 2919 re-
2682 2857 2858 2934 ribus:

1843 2928 2144 3002 velabit'nr,
2177 2944 2234 2991 et
2263 2948 2358 2991 oc-
2684 2928 2775 2986 52.
2802 2929 3008 3003 _Omnis
3028 2945 3158 3003 ergo
3179 2931 3271 3002 qui

1843 3005 2049 3062 cultum
2072 3047 2088 3073 ,
2118 3000 2265 3077 quod
2684 3000 3033 3077 conﬁtebitur

1844 3092 1954 3133 non
1988 3073 2215 3135 scietur.
2686 3087 2776 3129 me
2801 3086 2987 3129 coram
3016 3073 3119 3129 ho-

1845 3148 1939 3203 27.
1973 3149 2134 3218 Quod
2164 3148 2290 3206 dico
2312 3162 2413 3205 νου
2686 3144 2925 3200 minibus
2944 3187 2960 3213 ,
2990 3146 3163 3202 conti-

2315 3263 2557 3324 CODEX
2589 3261 2990 3319 BRIXIANUS.

1880 3369 2081 3417 nentur
2099 3376 2197 3418 vos
2218 3362 2274 3418 in
2299 3359 2521 3417 civitate
2542 3355 2569 3396 ι)
2595 3357 2778 3412 istam.
2808 3356 2977 3426 fugite
2996 3357 3051 3411 in
3076 3357 3259 3412 aliam.
3279 3356 3452 3413 Amen

1885 3433 1969 3488 ico
2005 3434 2160 3489 vobis
2191 3449 2299 3489 non
2323 3427 2774 3489 consummabitis
2799 3428 3046 3485 civitates
3073 3429 3124 3485 Is
3149 3440 3171 3467 ο
3193 3431 3328 3485 rael.
3355 3430 3454 3484 do-

1846 3520 1948 3561 nec
1974 3507 2158 3562 veniat
2189 3506 2336 3560 lilius
2362 3503 2623 3558 hominis.
2709 3542 2725 3554 .

1920 3576 2037 3632 Non
2076 3586 2162 3632 est
2200 3575 2501 3647 discipulus
2538 3589 2703 3644 super
2741 3574 3081 3647 magistrum.
3125 3587 3227 3628 nec
3250 3588 3457 3647 servus

1848 3663 2015 3718 super
2058 3644 2355 3704 dominum'
2377 3662 2555 3702 suum.
2586 3646 2806 3718 Sufﬁcit
2830 3644 3100 3718 discipulo
3128 3644 3288 3718 utsit
3316 3646 3459 3699 sicut

1850 3716 2111 3789 magister
2132 3724 2250 3783 eius
2280 3730 2336 3775 et
2360 3733 2519 3773 servo
2545 3718 2687 3773 sicut
2710 3717 2963 3772 dominus
2992 3716 3131 3785 ejus.
3159 3716 3215 3789 Si
3246 3728 3457 3785 patrem

1850 3788 2091 3845 familias
2122 3789 2408 3847 Beelzebul
2440 3798 2769 3844 vocaverunt
2794 3798 2996 3858 quanto
3028 3788 3201 3856 magis
3238 3789 3459 3841 domes-

1852 3862 1992 3917 ticos
2011 3861 2129 3933 ejus
2149 3862 2227 3918 Ne
2251 3877 2384 3931 ergo
2407 3860 2698 3933 timueritis
2723 3874 2838 3915 eos.
2866 3859 3007 3933 Nihil
3031 3867 3113 3911 est
3135 3860 3460 3933 enim_oper-

1855 3942 1970 3988 tum
2011 3929 2158 4004 quod
2209 3929 2339 4004 non?
2358 3932 2706 4004 revelabitur.
2747 3930 3116 4004 etgoccul‘tuin
3156 3929 3306 4004 quod
3349 3943 3459 4004 non

1855 3999 2078 4061 scietur.
2098 4004 2256 4072 Quod
2280 4003 2405 4059 dico
2426 4002 2581 4058 vobis
2604 4004 2657 4057 in
2685 4002 2945 4057 tenebris.
2971 3999 3134 4056 dicite
3155 4001 3209 4054 in
3231 3999 3458 4055 lumine.

1857 4076 2081 4147 etquod
2128 4076 2183 4132 in
2212 4091 2343 4131 aure
2382 4073 2606 4147 auditis.
2634 4072 2957 4147 praedicate
2995 4086 3158 4147 super
3194 4081 3356 4127 tecta.
3400 4073 3464 4125 Et

1859 4143 2031 4204 nolite
2048 4150 2239 4205 timere
2267 4161 2363 4202 eos
2383 4148 2473 4217 qui
2495 4145 2753 4201 occidunt
2770 4158 2989 4217 corpus.
3020 4143 3258 4197 animam
3280 4150 3464 4217 autem

1861 4234 1969 4275 non
2000 4228 2226 4291 possunt
2253 4215 2524 4274 occid—ere.
2550 4217 2647 4272 sed
2678 4216 2860 4291 potius
2882 4215 3070 4291 timete
3098 4230 3222 4270 eum
3251 4215 3465 4291 qnipo—

1862 4301 1970 4347 test
1998 4286 2053 4347 et
2078 4293 2314 4347 animam
2336 4300 2391 4345 et
2418 4303 2617 4360 corpus
2631 4286 2862 4359 perdere
2889 4288 2943 4342 in
2961 4286 3290 4360 gehennam.
3320 4286 3466 4343 Non-

1864 4378 1960 4435 ne,
1988 4362 2126 4418 duos
2157 4376 2413 4435 passeres
2442 4376 2566 4417 asse
2592 4360 2846 4435 veniunt.
2870 4368 2928 4414 et
2952 4374 3091 4435 unus
3121 4374 3199 4435 ex_
3220 4359 3327 4413 illis
3359 4375 3466 4435 non

1866 4434 2027 4491 cadet
2083 4430 2250 4505 super
2292 4442 2527 4505 terram.
2569 4433 2688 4505 sine
2733 4431 3019 4487 voluntate
3054 4430 3232 4485 Patris
3265 4434 3465 4505 vestri.

1867 4507 2037 4561 vestri
2059 4501 2240 4562 autem
2269 4514 2325 4560 ct
2352 4504 2535 4575 capilli
2559 4504 2752 4574 capitis
2776 4516 2969 4558 omnes
3006 4501 3278 4575 numerati
3318 4512 3467 4575 sunt.

1867 4576 2067 4649 Nolite
2095 4593 2226 4649 ergo
2274 4572 2467 4632 timere
2495 4572 2683 4649 multis
2715 4574 3031 4649 passeribus
3053 4572 3309 4649 meliores
3335 4573 3471 4649 estis

1865 4664 1982 4705 vos.
2038 4644 2229 4705 Omnis
2273 4663 2403 4718 ergo
2422 4648 2513 4718 qui
2536 4663 2626 4704 me
2654 4644 2937 4704 confessus
2958 4644 3123 4701 fuerit
3148 4658 3333 4700 coram
3364 4644 3462 4699 ho—

1869 4721 2129 4778 minibus.
2175 4721 2349 4779 conﬁ-

868 4893 1264 4954 VARIANTES
1289 4891 1677 4952 LECTIONES
1714 4889 1984 4951 CODIClS
2012 4890 2127 4948 MS.
2155 4890 2215 4947 S.
2256 4886 2761 4947 GERMANENSIS.

222 4998 241 5025 ι
276 4993 512 5043 satisest

221 5057 245 5086 ³
280 5061 340 5106 et
362 5066 540 5105 servus
553 5053 682 5105 sicut

224 5118 247 5180 ἓ
278 5116 615 5178 revelabitur,
634 5127 802 5180 neque

222 5179 248 5211 ⁸
280 5182 489 5231 sciatur.

224 5244 248 5274 ⁸
281 5242 569 5306 audieritis,

1940 4985 1966 5081 ς
1997 4984 2273 5081 seiunctim
2296 4995 2410 5035 eum
2432 4984 2607 5035 timete
2662 5027 2673 5046 ε

1942 5060 1958 5081 τ
1996 5060 2149 5111 super

1942 5111 1966 5143 ⁸
1998 5111 2297 5176 dinumerati
2521 5171 2554 5176 __
2763 5170 2790 5176 ν,
3016 5167 3024 5176 _

1881 5180 1926 5247 '-__
1944 5174 2163 5247 1f‘nnmlto
2178 5175 2418 5247 enimnvos
2437 5171 2677 5247 meliores
2840 5167 3139 5233 passeribus.
3194 5210 3207 5221 .

1885 5236 1996 5298 mm
2020 5236 2189 5298 fuerit,
2213 5235 2486 5288 confitebor
2503 5242 2556 5286 et
2581 5248 2679 5298 ego
2704 5245 2822 5284 eum

1524 5322 1894 5383 BLANCHINI
1928 5321 2163 5380 NOTAE.

234 5433 265 5462 ει
304 5422 678 5480 Consentium
718 5421 910 5480 Graeca
955 5422 1289 5551 exemplaria
1333 5437 1444 5479 non
1475 5436 1683 5494 pauca,
1731 5430 1788 5475 et

234 5495 439 5551 anulla
466 5494 661 5551 Latina
686 5494 1080 5551 vetustissima.
1158 5495 1246 5551 ide
1276 5495 1455 5551 Lucae
1491 5492 1786 5551 Brugensis

164 5495 439 5552 nonnulla
466 5494 661 5551 Latina
686 5494 1080 5552 vetustissima.
1112 5492 1246 5552 Vide
1276 5495 1455 5551 Lucae
1478 5492 1786 5561 'Brngensis

165 5568 458 5625 variantes
482 5568 743 5624 lectiones
772 5566 909 5624 Novi
934 5566 1269 5625 Testamenti
1289 5569 1343 5624 in
1369 5582 1493 5637 cap.
1527 5581 1565 5620 ι
1594 5563 1784 5622 Matth.

1959 5417 1990 5459 ι)
2016 5417 2194 5477 littera
2222 5434 2274 5473 m
2299 5426 2484 5474 notata
2524 5425 2610 5474 est
2634 5415 2797 5475 litura
2818 5415 2886 5474 ab
2911 5413 3268 5487 exscriptore.
3330 5414 3341 5473 ’.

1967 5502 1992 5531 ο
2030 5500 2300 5563 expuncta
2325 5500 2410 5550 est
2437 5491 2616 5547 littera
2642 5489 2700 5545 ά.
3314 5491 3350 5561 ,ς

240 5686 326 5759 (a)
362 5684 623 5751 Addunt,
647 5684 788 5759 quod
809 5686 855 5741 si
887 5692 993 5742 etc.
1026 5699 1249 5759 usque,_
1270 5683 1328 5738 in
1378 5680 1559 5759 aliam.
1600 5680 1670 5759 Et
1704 5678 1748 5759 it

1864 5674 1939 5759 )9.
1969 5673 2128 5758 cant.
2164 5672 2423 5759 Graecus,
2452 5671 2538 5727 ἐὰν
2558 5669 2657 5759 "8:"
2685 5673 2753 5755 Eu.
3054 5672 3495 5759 3tdi20ula'w-ﬁpéc

168 5744 394 5833 φεῦγέτξ
428 5759 497 5819 εἰς
519 5744 807 5833 trivimus),
834 5772 957 5833 cum
988 5744 1182 5813 eodem
1210 5744 1367 5833 Cant.
1402 5752 1678 5833 La_l.—-—(b)
1717 5750 1748 5833 ξ

1869 5747 2171 5815 Dominum,
2194 5745 2534 5802 dcestsuum.
2556 5744 2624 5799 Et
2644 5744 2716 5801 ita
2740 5744 2795 5800 in
2818 5744 3203 5802 Cod.Caut.—
3232 5746 3303 5818 (ε)
3332 5744 3407 5802 Ita
3438 5758 3496 5804 et

340 5830 504 5888 Cant.
534 5830 661 5887 ἀλλὰ
692 5821 861 5886 animi
885 5837 1074 5907 τρῑχες
1094 5838 1186 5891 τῆς
1209 5828 1425 5904 κεφαλῆς
1463 5821 1629 5901 ὑμῶνς
1660 5821 1694 5882 e
1717 5821 1884 5880 Luca.

719 5924 997 5986 PATROL.
1012 5920 1181 6005 ‘XII.

3010 5913 3051 5972 7

2330 5996 2383 6003 Μ
2410 5998 2416 6003 .
