1947 3168
437 197 554 226 CODEX
572 197 844 227 VERCELLENSIS.

656 251 699 273 tur
713 253 771 278 me,
788 253 842 273 non

654 286 696 309 est
710 289 754 309 me
769 281 876 317 dignus.

655 318 700 346 59.
721 318 773 352 Qui
792 320 891 345 invene
911 336 918 343 .
942 336 949 343 .
972 336 980 343 .

656 354 785 386 animam,
807 374 814 380 .
837 373 844 380 .
867 373 874 380 .
898 360 943 380 .r-

656 389 700 418 det
715 389 788 417 illam
806 398 813 416 :
831 393 858 417 et
868 388 914 425 qni

237 284 283 311 55.
303 282 384 311 Patre
399 282 459 311 meo
470 303 477 315 ,
491 281 538 317 qui

238 323 281 347 est
295 319 322 346 in
335 318 416 346 caelis
430 327 436 345 ε

238 354 289 389 Qui
303 359 392 382 autem
406 361 455 382 ne-

237 390 341 425 gaverit
351 398 395 417 me

237 433 330 453 coram
345 425 432 453 honii-
658 425 815 461 perdideri.
839 444 846 452 .
869 445 876 452 .
899 444 907 452 .
929 444 937 453 .
961 444 969 451 .
990 443 998 451 .

239 462 334 494 nibus,
351 461 455 497 negabo
468 461 498 490 et
508 468 559 497 ego
657 462 748 489 anima
769 481 777 488 .
800 481 806 488 .
829 480 836 488 .
859 481 865 488 .
889 481 896 488 .
920 481 926 487 .

239 505 300 525 eum
314 505 408 525 coram
656 505 700 525 am
714 505 745 532 pl“
766 518 772 524 .
798 518 804 524 .
827 518 834 525 .
858 518 864 524 .
887 518 894 524 .
918 516 925 524 .

656 541 712 566 me,
728 533 848 560 inveniet

656 569 700 597 40.
722 576 792 596 eam.
804 569 854 602 Qui
864 568 930 597 reci-

657 605 696 640 pit
706 612 764 637 vos,
781 612 826 632 me
837 613 881 632 re-

655 641 721 675 cipit
740 651 746 669 :
759 646 786 668 et
800 640 846 676 qtti
858 648 902 669 re-

656 676 721 712 cipit
734 684 789 710 me,
805 676 874 704 reci-

656 713 781 753 piteum,
796 720 831 747 qu
853 732 859 739 .
883 731 890 739 .
914 731 920 739 .

656 748 741 775 misit.

656 784 703 812 41.
724 784 777 818 Qui
799 783 896 819 recipit
915 803 922 811 .
947 803 954 811 .
977 804 984 811 .
1007 804 1015 812 .

655 820 766 855 phetam
783 820 810 847 in
832 839 839 847 .
861 839 869 848 .

655 856 726 883 mine
740 863 790 891 pro
811 875 819 882 .
841 875 847 882 .
872 874 879 882 .

239 533 320 570 Patre
334 541 395 561 meo
405 555 413 568 ,
429 534 475 570 qui

237 574 280 596 est
293 569 319 596 in
335 570 429 597 caelis.

237 604 284 633 54.
303 604 394 633 Nolite
406 605 522 633 arbitra-

237 648 268 668 re
283 641 346 675 quia
358 642 418 669 veni

237 677 347 713 mittere
362 684 455 713 pacem

238 712 265 740 in
281 718 379 740 terram
397 721 404 740 :
419 721 473 741 non

238 748 301 776 veni
316 751 411 783 pacem

239 784 349 820 mittere
359 805 367 818 ,
383 784 434 820 ςεᾷ
443 784 499 820 gla—

237 820 283 848 55.
304 819 390 849 dium.
405 819 473 848 Veni

238 856 311 883 enim
324 864 434 892 separa-

240 911 247 918 .
265 912 271 918 .
289 912 295 918 .
315 912 321 918 .
338 912 345 919 .
357 891 371 920 ⁷.
388 912 395 919 .
413 912 419 919 .
435 891 484 919 ad-
656 897 710 924 tae,
724 891 878 919 mercedem

240 947 247 955 .
263 948 271 955 .
288 946 296 955 .
313 948 320 955 .
339 948 346 954 .
366 948 373 956 .
390 948 397 955 .
410 927 515 963 patrem
655 928 815 963 prophetae,
828 934 874 955 ao-

239 983 245 990 .
263 984 270 991 .
289 984 296 990 .
314 984 320 991 .
340 984 346 990 .
366 984 373 992 .
390 983 397 990 .
411 962 423 992 7.
436 963 488 992 ﬁli-
655 963 757 998 cipiet:
771 962 808 999 (ι)
822 968 849 991 et
863 963 908 999 qui
925 971 968 991 re-

238 1019 245 1027 .
262 1020 269 1026 .
285 1019 293 1041 _.
310 999 461 1035 .adversus
654 1000 719 1041 cipit
730 1000 833 1041 justum

236 1039 351 1063 matrem
366 1043 441 1063 suam
452 1057 459 1068 ,
654 1036 681 1063 in
692 1036 801 1064 nomine

237 1079 481 1100 ........um
651 1071 889 1106 justi,mer...

238 1115 489 1135 ......susso-
653 1107 861 1142 demjus...

234 1150 310 1179 crum
324 1150 401 1179 suam
415 1152 421 1170 :
652 1143 743 1179 cipiet.
756 1143 777 1179 ἰ-

233 1178 279 1206 36.
300 1184 327 1206 et
341 1178 441 1206 inimici
459 1178 508 1206 ho-
650 1177 696 1206 42.
717 1179 750 1207 Et
765 1177 818 1214 'qui
862 1199 869 1205 .
916 1199 922 1206 .
971 1197 978 1205 .
1023 1196 1031 1205 .

234 1214 460 1246 minis.domes-
653 1235 660 1242 .
700 1235 706 1241 .
753 1235 760 1241 .
805 1234 812 1241 .
861 1235 867 1241 .
915 1233 923 1242 .
968 1234 976 1243 .
1022 1233 1030 1241 .

234 1249 366 1284 ticiejus.
652 1271 658 1278 .
701 1271 708 1277 .
756 1270 763 1278 .
807 1270 815 1277 .
862 1272 870 1279 .
915 1271 921 1278 .
967 1267 979 1279 .«
1020 1269 1029 1278 .

232 1285 566 1322 57.0uidiligitpatrem
651 1305 659 1313 .
700 1306 707 1313 .
755 1306 762 1313 .
810 1306 817 1313 .
863 1306 870 1313 .
916 1308 922 1314 .
967 1308 974 1314 .
1021 1306 1029 1314 .

233 1326 406 1349 auttnatrem
652 1342 658 1350 .
699 1343 705 1349 .
754 1343 759 1349 .
805 1343 812 1350 .
859 1341 866 1350 .
912 1345 919 1351 .
969 1343 975 1351 .
1021 1342 1028 1350 .

231 1357 374 1392 plusquam
390 1356 449 1389 me,

229 1400 284 1420 non
299 1398 341 1421 est
351 1401 397 1429 me
411 1393 469 1429 dig—

228 1436 281 1465 nus
297 1437 304 1462 ;
323 1428 360 1465 (b)
376 1433 404 1457 et
416 1427 462 1465 qui
477 1427 519 1457 di-

228 1464 288 1500 ligit
302 1464 386 1492 ﬁlium

228 1505 275 1527 aut
291 1501 374 1527 tiliam
390 1501 449 1535 plus

227 1543 308 1571 quam
323 1544 366 1563 me
378 1557 385 1569 ,
402 1538 461 1563 non

226 1576 269 1613 est
284 1579 327 1613 [ne
338 1572 446 1613 dignus.
460 1571 481 1607 -ῐ-

225 1607 272 1635 58.
293 1607 327 1634 Ει
340 1607 385 1642 qui
400 1615 453 1635 non
466 1614 512 1634 ac-

225 1643 291 1678 cipit
305 1650 415 1671 crucem

225 1686 316 1713 suam,
332 1683 360 1707 et
370 1679 461 1715 sequi-

440 1725 556 1755 CODLX
575 1726 809 1755 CORBEIENSIS.

223 1762 357 1796 minibus,
378 1768 405 1790 et
425 1771 476 1798 ego
495 1763 646 1790 conﬁtebor
660 1770 722 1790 eum
738 1770 829 1790 coram
844 1762 925 1791 Patre
939 1770 1001 1791 meo
1014 1784 1022 1797 ,

223 1799 268 1833 qui
282 1804 324 1826 est
337 1799 363 1826 in
376 1799 460 1827 coelis
475 1808 481 1824 :
494 1799 539 1834 qui
553 1802 642 1825 autem
657 1800 799 1834 negaverit
812 1807 855 1826 me
866 1807 956 1827 coram
974 1800 1022 1827 ho-

222 1834 356 1867 minibus,
370 1835 379 1851 ι
392 1840 419 1862 et
442 1842 493 1870 ego
515 1835 619 1870 negabo
644 1842 705 1862 eum
727 1842 820 1863 coram
840 1835 920 1863 Patre
941 1843 1020 1870 meo,

221 1871 267 1904 qui
282 1876 324 1898 est
337 1870 363 1898 in
378 1871 472 1899 coelis.
489 1870 577 1898 Nolite
591 1876 685 1905 putare
697 1872 757 1906 quia
773 1871 833 1899 veni
850 1878 943 1906 pacem
958 1871 1021 1899 mit-

222 1910 278 1942 tere
293 1914 375 1942 super
390 1911 488 1934 terram
513 1916 519 1933 :
540 1914 593 1934 non
619 1907 678 1934 veni
703 1914 796 1941 pacem
818 1908 945 1942 mittere,
970 1907 1019 1935 scd

220 1941 349 1976 gladium.
364 1942 430 1970 Veni
442 1943 513 1970 enim
525 1944 535 1958 ¹
546 1943 668 1970 dividere
679 1942 761 1970 ﬁlium
773 1943 903 1971 adversus
914 1948 1024 1978 patrem

219 1984 298 2006 suum
310 1999 318 2013 ,
334 1984 361 2006 et
375 1979 456 2006 ﬁliam
468 1980 598 2007 adversus
610 1983 723 2006 matrem
739 1987 815 2006 suam
828 2000 834 2008 .
848 1980 859 1995 ³
871 1984 897 2007 et
909 1987 1017 2007 socrum

220 2014 352 2042 adversus
373 2022 471 2042 nurum
486 2023 561 2042 suam
580 2023 586 2041 :
601 2021 628 2042 et
642 2015 743 2042 inimici
760 2015 892 2047 hominis,
909 2015 1019 2043 domes-

219 2049 265 2076 tici
277 2050 345 2085 ejus.
354 2050 501 2084 Qui‘amat
513 2056 614 2085 patretu
626 2055 673 2077 attt
685 2054 797 2078 matrem
812 2059 894 2085 super
906 2058 1017 2078 menon

219 2090 260 2111 est
271 2093 314 2112 me
326 2086 422 2121 dignus
438 2095 444 2112 :
461 2090 488 2113 et
501 2086 546 2121 qui
561 2091 633 2112 amat
650 2086 733 2113 tilium
749 2090 794 2112 aut
817 2087 899 2112 ﬁliam
911 2086 921 2101 ³
936 2093 1020 2120 super

218 2128 273 2154 me,
283 2128 336 2148 non
346 2126 388 2148 est
397 2121 555 2156 medignns.
565 2121 599 2148 Et
611 2121 655 2156 qui
671 2128 724 2148 non
736 2122 747 2137 °
762 2122 898 2156 acceperit
908 2129 1015 2149 crucem

218 2163 306 2187 suam.
322 2162 349 2184 et
364 2162 494 2191 sequutus
519 2164 563 2183 me
579 2157 675 2189 fuerit,
700 2165 754 2184 non
776 2163 817 2183 est
839 2165 882 2184 me
906 2158 1015 2188 dianus.

218 2191 269 2228 Qui
281 2192 291 2207 ⁷
306 2197 379 2219 amat
389 2193 506 2219 animam
519 2199 605 2225 suam,
620 2193 714 2227 perdet
729 2192 801 2220 illam
817 2202 825 2219 :
844 2197 871 2219 et
893 2194 939 2228 qui
957 2202 1018 2227 per-

218 2227 321 2269 diderit
333 2228 450 2269 animum
463 2236 537 2255 suam
556 2232 665 2269 propter
687 2236 739 2261 me,
758 2227 909 2269 inveniet"
928 2229 1013 2269 illam.

217 2263 268 2297 Qui
282 2264 396 2299 suscipit
407 2271 468 2296 vos,
485 2271 528 2290 me
541 2263 654 2298 suscipit
670 2273 675 2290 :
698 2268 724 2291 et
751 2264 795 2299 qui
824 2273 866 2291 me
889 2265 1013 2299 suscipit,

217 2299 332 2336 suscipit
347 2308 421 2333 eum,
438 2300 482 2334 qui
498 2307 541 2326 me
554 2299 637 2326 misit.
656 2299 707 2336 Qui
721 2299 835 2336 suscipit
853 2300 1013 2336 prophetam

215 2335 243 2362 in
259 2336 370 2363 nomine
382 2335 540 2370 prophetae,
559 2335 710 2362 mercedem
727 2335 873 2370 prophetae
888 2336 1013 2370 accipiet:

216 2376 243 2398 et
257 2372 303 2407 qui
320 2372 526 2405 rccipitjustum
540 2371 564 2397 in
577 2371 772 2406 nmninejusti,
785 2372 1014 2407 mercedemjusti

215 2406 341 2441 accipiet.
359 2406 586 2441 thuiquuinque
598 2410 689 2440 potum
702 2407 809 2434 dederit
823 2408 869 2435 uni
883 2416 915 2435 ex
931 2406 1013 2435 mini-

215 2441 268 2468 mis
279 2443 338 2469 istis
350 2443 461 2470 calicem
474 2450 559 2476 aquae
573 2441 686 2477 frigidae
715 2447 818 2475 tantum
846 2444 873 2471 iu
902 2443 1015 2471 nomine

214 2484 298 2504 meo:
324 2485 402 2506 amen
429 2477 491 2505 dico
515 2477 613 2511 vobis,
638 2485 691 2505 non
706 2479 716 2494 ⁹
737 2479 830 2514 perdet
858 2480 1012 2508 mercedem

214 2518 301 2540 suam.

213 2578 215 2581 η
249 2547 296 2575 XI.
309 2547 344 2575 Et
363 2548 462 2576 factum
483 2554 534 2577 est.

649 1398 753 1422 tantum
766 1394 792 1421 in
809 1403 860 1422 no-

649 1430 722 1466 mine
732 1430 850 1466 discipu-

647 1465 665 1493 li
683 1475 689 1493 :
701 1474 781 1494 amen

647 1501 708 1530 dico
722 1502 810 1534 vobis,
822 1503 885 1538 quia
896 1502 938 1538 (ά)

648 1545 702 1565 non
715 1538 812 1573 perivit

647 1581 751 1602 merces
767 1575 827 1609 ejus
837 1573 870 1609 -ι-.

742 1631 857 1660 CAPUT
872 1631 919 1660 XI.

681 1679 707 1706 1.
731 1678 765 1706 Et
775 1678 876 1706 factum
891 1683 950 1712 est,

521 138 658 170 EUSEBII
671 138 843 168 VERGELL.
865 136 1018 167 EVANGEI

1080 135 1091 165 1
1108 135 1181 167 CUM
1193 135 1308 167 VARES
1321 136 1400 167 COD.
1415 137 1616 170 COLLATUM;
1809 147 1850 178 204

1296 195 1412 225 CODEX
1424 192 1647 227 VERONENSIS.

1503 253 1593 279 suam,
1607 250 1633 273 et
1645 247 1750 276 secutos

1503 281 1587 309 fuerit
1600 289 1644 310 me
1651 303 1658 314 ,
1673 284 1723 311 non

1502 321 1546 354 est
1557 325 1600 354 me
1611 317 1712 354 dignus.

1503 353 1548 395 39.
1569 353 1620 387 Qui
1633 353 1734 383 invenit

1502 397 1620 417 animam
1636 396 1724 423 suam,

1500 425 1595 460 perdet
1607 425 1679 453 illam
1691 435 1698 454 :

1501 465 1529 489 et
1540 460 1586 496 qui
1602 461 1725 497 perdidit":

1502 497 1535 525 rit
1546 497 1665 524 animam
1677 505 1752 526 suam

1086 242 1165 271 tehor
1176 247 1203 271 et
1215 250 1267 278 ego

1085 279 1130 307 55.
1153 287 1214 307 eum
1228 287 1320 308 coram
1331 280 1384 308 Pa-

1086 319 1128 343 tre
1143 323 1214 348 meo,
1227 316 1272 348 qui

1085 356 1127 378 est
1142 352 1169 379 in
1184 352 1267 380 caelis
1279 361 1287 379 :

1085 386 1137 420 Qui
1152 391 1243 415 autem

1086 423 1228 458 negaberit

1086 466 1131 487 me
1145 466 1237 487 coram
1253 459 1304 487 lio-

1086 494 1216 528 minibus,
1231 494 1338 532 nega-bro

1086 534 1114 558 et
1126 538 1176 565 ego
1188 539 1248 568 eum
1502 537 1614 568 propter
1627 539 1680 566 me,
1695 534 1733 561 iir-

1086 573 1178 594 coram
1194 567 1273 595 Patre
1502 567 1595 596 veniet
1609 576 1679 597 eam.

1086 610 1159 641 meo,
1176 603 1221 638 qui
1233 608 1273 630 est
1285 602 1312 630 in
1502 603 1550 632 40.
1570 605 1622 638 Qui
1638 604 1732 641 recipit

1086 638 1181 676 caelis.
1195 674 1211 676 __
1284 674 1309 676 Η
1373 673 1379 676 _
1503 648 1563 674 vos,
1580 648 1623 668 me
1636 638 1749 676 recipit:

1086 674 1133 702 54.
1153 673 1242 702 Nolite
1252 673 1387 702 arbitrari-

1087 710 1149 745 quia
1165 710 1225 738 veni
1245 711 1308 738 mit-

1087 751 1145 773 tere
1157 753 1251 780 pacem
1264 746 1291 774 in

1087 786 1187 809 terram
1202 790 1208 808 ἶ
1221 789 1275 809 non

1086 817 1148 846 veni
1162 825 1255 852 pacem

1086 853 1204 885 mittere.
1219 853 1266 881 sed

1085 889 1131 917 55.
1151 888 1281 924 gladium.
1298 889 1366 917 Veni

1086 925 1159 961 enim
1175 932 1303 961 separare
1318 925 1358 961 (a)

1086 960 1171 988 ﬁlium
1185 960 1206 996 -j~
1220 960 1352 989 adversus

1088 1002 1192 1032 patrem
1205 1004 1282 1024 suum
1297 1018 1305 1029 ,

1087 1037 1115 1060 et
1130 1032 1212 1060 tiliam
1224 1033 1357 1060 adversus

1087 1073 1202 1096 matrem
1217 1075 1306 1101 suam,

1085 1110 1113 1132 et
1125 1111 1223 1132 nurum
1237 1104 1369 1132 adversus

1085 1147 1192 1168 socrum
1205 1148 1283 1167 suum
1296 1149 1303 1167 ε

1084 1175 1130 1203 56.
1150 1181 1178 1203 et
1192 1176 1296 1204 inimici
1307 1174 1391 1204 Immi-

1083 1212 1136 1244 nis,
1153 1211 1309 1240 domestici.

1083 1247 1153 1282 ejus.
1201 1271 1203 1273 ,
1292 1270 1294 1272 .

1083 1284 1127 1312 37.
1148 1283 1200 1317 Qui
1214 1283 1304 1319 diligit

1082 1324 1200 1354 patrem,
1214 1324 1264 1347 3οι
1274 1327 1336 1346 maw

1081 1359 1151 1383 trem
1166 1355 1225 1390 plus
1238 1363 1319 1391 quam

1081 1399 1137 1425 me,
1150 1398 1204 1418 11011
1216 1395 1258 1418 est

1080 1435 1125 1455 me
1136 1426 1234 1462 dignus
1251 1435 1258 1454 :
1274 1426 1312 1462 (b)

1080 1467 1108 1491 et
1121 1463 1167 1498 qui
1182 1467 1256 1490 amat

1080 1498 1166 1526 ﬁlium
1180 1504 1226 1526 aut
1239 1498 1325 1526 ﬁliam

1080 1542 1157 1563 suam
1174 1534 1235 1569 plus
1248 1541 1329 1570 quam

1079 1578 1135 1604 me,
1152 1578 1208 1598 non
1223 1569 1265 1598 est
1279 1577 1325 1598 me
1338 1569 1378 1598 di-

1079 1606 1125 1634 38.
1146 1614 1215 1641 gnus
1228 1605 1259 1641 ἦ.

1079 1642 1114 1670 Ει
1126 1642 1171 1678 qui
1188 1650 1242 1669 non

1078 1678 1221 1713 acceperit
1231 1684 1340 1706 crucem

1312 1726 1429 1754 CODEX
1443 1725 1643 1755 BRIXIANUS.
1696 1760 1718 1762 ἓν
1744 1760 1749 1762 Α

1078 1763 1154 1791 tebor
1178 1766 1204 1801 et
1221 1763 1355 1798 egoillum
1380 1771 1470 1801 cornu
1496 1754 1656 1801 Patrech
1674 1760 1722 1801 qui
1744 1760 1769 1801 il}
1792 1754 1860 1801 Cia?“

1076 1804 1127 1837 est.
1145 1800 1189 1834 qui
1204 1795 1293 1826 aniciu
1321 1800 1515 1837 negaveritime
1530 1807 1621 1826 coram
1650 1795 1802 1837 hominibus

1076 1835 1144 1870 gaho
1156 1842 1180 1862 et
1193 1843 1241 1870 ego
1262 1844 1322 1862 cuin
1340 1843 1431 1863 coram
1457 1836 1535 1862 Patre
1556 1843 1616 1861 meo
1628 1834 1674 1870 qui
1688 1838 1730 1861 est
1744 1834 1768 1859 in
1781 1834 1858 1865 caelis-

1111 1871 1201 1898 Nolite
1222 1872 1346 1898 arbitrari
1371 1872 1433 1906 quia
1455 1870 1516 1909 veni
1542 1871 1652 1909 mittere
1676 1876 1767 1909 pacem

1076 1912 1187 1934 terram.
1207 1915 1260 1934 non
1277 1908 1335 1935 veni
1352 1902 1443 1942 paceni
1466 1907 1573 1933 mittere
1586 1906 1633 1933 sed
1657 1902 1858 1942 εἱιιάίυιιιηνεηξ

1074 1943 1147 1969 enim
1160 1951 1285 1977 separare
1303 1939 1437 1970 hominem
1455 1942 1589 1979 adversus
1604 1939 1712 1979 patrem
1735 1939 1860 1979 suntm-fl

1074 1979 1155 2005 tiliam
1173 1970 1301 2006 adversus
1315 1984 1427 2007 matrem
1440 1987 1528 2005 suam.
1543 1982 1569 2006 et
1584 1970 1689 2005 iiiimici
1699 1973 1810 2004 hominis
1820 1970 1860 2000 do-

1072 2015 1179 2041 mestici
1192 2015 1260 2048 ejus.
1783 2043 1785 2045 .

1109 2052 1158 2084 Qui
1176 2051 1261 2086 diligit
1290 2055 1392 2085 patrem
1420 2055 1465 2077 aut
1488 2054 1604 2087 matrem
1630 2048 1693 2087 plus
1718 2050 1858 2087 quantum“:

1074 2079 1131 2112 noii
1142 2092 1179 2113 cst
1197 2079 1238 2114 ιιιῖἰ
1251 2079 1354 2122 dig-nus.
1373 2086 1411 2122 (b)
1426 2092 1452 2113 ct
1467 2086 1511 2121 qui
1527 2079 1711 2122 diligiliilittm
1727 2079 1774 2122 iiut
1792 2079 1859 2108 Ιῖιίιηὶ

1072 2123 1131 2156 plus
1146 2131 1224 2157 quam
1241 2120 1293 2149 me.
1311 2131 1363 2149 non
1378 2120 1420 2149 eSt
1442 2131 1484 2149 me
1495 2120 1601 2158 dignus.
1615 2121 1635 2157 ri-
1650 2120 1683 2148 Et
1694 2120 1739 2156 qui
1762 2126 1810 2146 non
1821 2121 1857 2158 ag-

1072 2151 1137 2192 cipit
1155 2151 1270 2185 ’(ἰλιιαριιι
1290 2167 1364 2185 suam
1389 2161 1415 2184 et
1437 2151 1560 2193 sequitur
1585 2151 1639 2185 me.
1655 2151 1709 2193 non
1723 2160 1765 2184 est
1774 2161 1813 2182 me
1823 2151 1858 2179 ἀί·

1071 2202 1149 2228 guns.
1165 2195 1213 2227 Qui
1240 2195 1341 2221 invenit
1365 2195 1482 2221 animant
1497 2202 1572 2220 suam
1592 2193 1688 2228 perdet
1701 2192 1774 2219 illam
1785 2194 1858 2222 ethI

1074 2227 1224 2267 perdiderit
1242 2231 1359 2256 :mimani
1377 2238 1450 2256 suam
1469 2235 1578 2267 propter
1592 2227 1638 2267 ine
1655 2227 1774 2267 inveniet
1787 2231 1847 2267 eam:

1108 2266 1157 2299 Qui
1174 2266 1271 2303 recipit
1291 2274 1349 2292 vos.
1367 2275 1409 2303 me
1426 2266 1523 2303 recipit
1537 2271 1564 2292 et
1581 2266 1629 2303 qui
1655 2273 1698 2303 me
1714 2265 1808 2303 reciptt
1823 2266 1859 2303 rc-

1071 2302 1137 2336 cipit
1152 2310 1212 2328 enin
1228 2302 1272 2335 qui
1286 2310 1328 2328 me
1341 2302 1426 2328 misit.
1440 2301 1489 2334 Qui
1503 2300 1598 2335 recipit
1611 2300 1771 2336 prophetam
1786 2300 1808 2336 in
1818 2301 1859 2336 ῃος

1071 2330 1144 2364 utine
1161 2330 1308 2371 prophetae
1321 2330 1478 2373 mercedem
1489 2330 1637 2372 propin-tae
1651 2330 1777 2373 accipiet.

1070 2373 1115 2407 qui
1130 2370 1223 2408 ret-ipin
1237 2373 1338 2406 justum
1357 2374 1381 2400 in
1409 2372 1518 2400 nomine
1539 2370 1605 2408 justi
1626 2370 1782 2400 mercedem
1802 2370 1858 2404 jus'»|

1069 2409 1194 2442 accipiet.
1210 2408 1230 2444 -λ-
1730 2443 1734 2444 ν
1768 2441 1773 2444 _

1153 2427 1312 2481 quiciinque
1329 2449 1421 2481 potum
1437 2444 1543 2472 dederit
1556 2445 1601 2471 uni
1619 2453 1652 2471 ex
1670 2441 1788 2481 minimis
1802 2437 1857 2481 ,ἱειίξ

1069 2473 1182 2508 caliccin
1204 2473 1289 2515 aquae
1303 2473 1427 2515 frigidae.
1452 2485 1557 2508 tantum
1573 2480 1600 2508 in
1615 2480 1734 2507 nomine
1745 2473 1858 2510 discipuli

1067 2522 1148 2543 alllell
1161 2516 1220 2552 dico
1235 2516 1321 2544 vobis.
1339 2524 1391 2544 non
1408 2515 1505 2552 perdet
1519 2516 1677 2545 mercedem
1691 2518 1777 2543 suam:

1106 2552 1141 2579 Et
1161 2551 1261 2579 factum
1282 2556 1333 2579 est.

1502 680 1531 704 et
1543 676 1590 711 qui
1604 684 1649 704 me
1661 675 1732 704 reci~

1502 712 1553 751 pit.
1570 712 1625 740 reci
1630 712 1654 751 pi
1659 717 1677 751 t_
1682 714 1751 746 eum,

1501 748 1547 783 qui
1559 751 1603 775 me
1617 747 1701 775 misit.

1501 784 1533 811 Η
1540 804 1548 811 .
1570 783 1621 821 Qui
1637 783 1732 821 recipit

1501 819 1660 854 prophetam
1676 819 1701 847 in

1502 855 1611 882 nomine
1629 855 1742 890 prophe-

1503 896 1553 923 tae,
1569 891 1722 919 mercedem

1502 927 1653 962 prophetae
1670 926 1739 954 acci-

1502 963 1557 997 piet
1577 973 1582 990 :
1601 963 1639 999 (ι’)
1656 968 1681 990 et
1691 962 1736 998 qui

1502 998 1597 1033 recipit
1610 999 1714 1033 justutn

1501 1034 1529 1061 in
1544 1031 1656 1062 nomine
1667 1031 1750 1070 justi‘,

1500 1070 1657 1112 mercedem
1676 1070 1746 1106 justi‘

1500 1111 1629 1176 xliii:
1634 1106 1773 1177 diemque“

1502 1182 1595 1212 potum
1609 1177 1719 1206 dederit

1501 1214 1591 1241 uniex
1606 1213 1729 1241 minimis

1501 1249 1560 1277 istis
1573 1250 1690 1278 calicem

1500 1291 1588 1320 aquae
1601 1284 1721 1321 trigidae

1500 1324 1605 1348 tantum
1621 1321 1648 1348 in
1662 1327 1710 1348 no-

1499 1356 1573 1385 mine
1586 1363 1650 1384 meo
1666 1365 1679 1383 εκ

1498 1399 1579 1420 amen
1593 1392 1657 1420 dico
1673 1396 1718 1420 vo-

1498 1428 1627 1465 biquuia
1641 1428 1683 1465 (τι)
1697 1435 1749 1456 non

1498 1464 1598 1499 peribit
1610 1471 1720 1493 merces

1497 1507 1557 1529 sua.
1570 1499 1591 1536 -ι-

1597 1583 1772 1623 οΑιίυτχι.

1534 1677 1547 1704 t
1555 1695 1562 1703 .
1582 1675 1617 1704 Et
1629 1675 1732 1704 Netum
1747 1674 1806 1707 est,-

567 2593 764 2626 V‘A‘RI'AN'PES
776 2594 1119 2628 LECTiONES‘CODICIS
1134 2599 1191 2627 MS.
1213 2600 1241 2627 S.
1259 2599 1515 2630 GERMANENSIS.

242 2643 250 2658 ¹
269 2641 366 2674 negabo
378 2644 405 2667 et
416 2648 463 2674 ego
476 2647 532 2667 eum

240 2675 251 2689 ³
268 2679 386 2704 separare

239 2706 250 2737 ξ
267 2707 381 2737 et_nurus
392 2704 510 2737 adversus
522 2711 620 2730 socrum
630 2713 700 2732 suam
713 2714 718 2731 ε

240 2736 250 2751 ⁵
267 2735 387 2768 diligit...
399 2735 526 2768 plusquam

237 2767 248 2782 "
265 2767 394 2798 plusquam

1097 2646 1108 2661 α
1125 2646 1242 2677 accipit...
1253 2649 1279 2672 et
1288 2648 1401 2679 sequitur
1412 2654 1462 2679 me,

1098 2678 1107 2692 "
1126 2674 1219 2702 invenit

1096 2708 1109 2743 ξ
1126 2715 1189 2743 eam.
1199 2709 1249 2743 Qui
1260 2709 1608 2743 mctpittsic‘muamauer)‘

1097 2740 1108 2755 ⁹
1126 2741 1221 2771 peribit
1227 2740 1325 2767 meroes
1336 2740 1399 2773 ejus.

868 2801 1054 2831 BLANCHINI
1072 2799 1189 2830 ΝΟΤιΕ.
1750 2834 1752 2836 ν

254 2832 337 2878 q)_lta
347 2838 376 2878 et
387 2833 448 2878 co'd'.
460 2832 540 2878 (iam.
552 2835 616 2876 υἱόγ,
629 2842 645 2863 e
660 2835 741 2878 μιᾳ.
755 2851 790 2857 ——
803 2837 843 2874 (b)
858 2837 934 2872 Haec,
946 2842 970 2878 et
985 2839 1117 2878 qui,‘e_tc.,
1134 2846 1221 2878 usque
1243 2839 1277 2878 ad
1299 2848 1342 2878 lue
1356 2842 1449 2878 dignus
1463 2863 1470 2876 ,
1485 2842 1586 2871 desunt
1599 2842 1634 2871 ill‘
1646 2837 1710 2878 eod.
1723 2837 1799 2869 Cam.
1814 2835 1854 2878 GI:-

201 2868 303 2915 e‘tijlat.
315 2884 354 2913 ‘—
365 2868 481 2915 9);er
493 2890 501 2903 ,
517 2871 598 2914 adqui
612 2872 720 2915 rfeipit‘,
735 2868 904 2915 etc.,‘u'sque
919 2868 976 2908 id,
990 2868 1116 2911 accipiet;
1132 2868 1231 2902 des'tmt
1254 2875 1281 2903 in
1294 2876 1372 2906 Cant.
1384 2868 1736 2915 Erret-Latjm—"ittjﬁita
1751 2879 1778 2905 et
1799 2871 1853 2902 cod-

199 2903 278 2933 Clltl.
296 2905 324 2932 οὐ
346 2903 380 2941 ptri
393 2903 526 2937 ’ἀπόληται
545 2903 772 2945 ὅμισθόςάὖτᾳῡ.
