1947 3168
225 170 278 199 207

423 228 539 257 CODEX
555 227 826 256 VERCELLENSIS.

228 275 350 311 Baptista
367 284 373 301 :
388 274 435 309 qui
643 279 671 302 et
685 275 779 302 dicunt
793 283 799 301 :
814 274 881 302 Dae-

228 317 319 339 aulem
334 311 417 338 mino.
440 329 447 338 .
645 312 764 338 monium
781 311 828 337 ha—

228 348 309 375 estin
325 354 409 382 regno
645 348 689 374 19.
712 347 757 373 bet
773 356 778 371 :
797 346 877 373 Venit
892 346 942 374 lili-

228 383 378 415 eaelorum,
645 391 675 409 us
691 383 805 409 hominis

228 427 266 446 m.
290 439 297 446 .
314 426 328 446 r
339 424 381 446 est
394 418 425 445 il-
644 418 810 445 manducans

229 454 274 482 12.
296 455 331 482 lo.
354 474 362 481 .
382 474 389 481 .
414 453 442 482 d.
465 453 543 482 ebus.
567 473 574 480 .
596 473 604 480 .
642 459 670 481 et
684 454 793 485 bibens,
809 459 836 481 et

226 490 324 517 haunis
338 489 386 518 Ba.
409 509 416 516 .
440 511 447 518 .
643 490 758 516 dicunt:
778 491 845 517 Ecce

228 547 235 553 .
259 545 267 552 .
282 533 324 553 ae.
348 546 354 552 .
378 546 385 553 .
407 545 415 554 .
438 545 446 553 .
468 547 476 554 .
495 547 504 554 .
643 525 726 553 homo
739 533 837 558 vorax,

228 570 546 593 .,......mco-
643 565 872 597 etpotatnr,pu—

225 598 309 632 gitur,
328 602 355 624 et
366 606 463 633 cogen-
644 597 813 624 blicaIIOrum

228 638 269 660 tes
283 633 419 668 deripiunt
646 637 673 660 et
687 637 812 667 peccato-

645 676 706 696 rum
720 669 833 696 amicus.

645 704 680 731 Et
690 704 823 740 iustiﬁca-

645 744 673 767 ta
687 744 730 768 est
744 740 853 775 sapien-

645 776 682 803 tia
693 783 708 802 a
723 776 787 803 ﬁliis
798 777 865 804 suis.

644 811 690 839 20.
712 811 789 839 Tune
802 813 893 848 coepit
906 812 947 840 iu-

645 855 791 882 properare
803 856 841 875 ρι-

645 883 773 910 vitatibus
788 884 814 910 in

644 919 741 953 quibus
756 918 843 946 factae

644 960 707 981 stitit
722 955 854 989 plurimae

645 991 760 1017 virtutes
777 990 845 1025 ejus.

644 1027 715 1060 quod
729 1034 781 1053 non
798 1034 860 1060 ege—

644 1064 698 1088 rint
712 1063 852 1097 paeniten-

643 1098 719 1124 tiam.

643 1134 689 1160 21.
710 1133 766 1160 Vae
781 1134 827 1160 tibi
841 1131 959 1162 Coraza-

644 1170 681 1201 in,
696 1169 733 1205 (b)
747 1174 775 1197 et
790 1169 810 1204 ἰ·
827 1170 957 1198 Bedsaida
973 1179 979 1197 :

644 1206 718 1239 quia,
736 1206 758 1232 si
772 1206 797 1232 in
814 1205 886 1241 Tyro

644 1247 672 1268 et
687 1241 786 1268 Sidone
801 1241 855 1267 fac-

644 1280 688 1304 tae
703 1282 796 1304 essent
809 1276 863 1304 vir-

644 1316 726 1346 tutes,
741 1320 811 1354 quae
825 1312 881 1341 fac-

645 1352 689 1376 tae
702 1354 766 1375 sunt
776 1352 803 1375 in
819 1356 866 1375 VO-

643 1383 695 1415 bis.
711 1384 775 1412 olim
789 1384 816 1411 in
831 1385 870 1412 ci-

538 1441 545 1448 .
595 1439 602 1447 .
642 1419 704 1447 licio
715 1424 743 1447 et
757 1420 831 1447 cine-

642 1463 700 1483 rem
712 1455 853 1490 paeniten-

642 1491 707 1518 tiam
719 1492 849 1526 egissent.

641 1526 686 1553 22.
707 1526 795 1554 Amen
807 1527 869 1554 dico
879 1535 926 1555 vo—

641 1562 685 1590 bis
698 1572 704 1588 :
716 1562 790 1597 Tyro
803 1566 831 1590 et
844 1563 889 1590 Si-

643 1597 715 1625 done
726 1598 825 1625 remis—

642 1634 700 1661 sius
712 1633 766 1661 erit
779 1634 805 1661 in

642 1669 686 1706 die
697 1669 802 1704 indicii,
819 1678 900 1706 quam

641 1705 731 1733 vobis.

228 669 273 696 13.
294 669 371 696 illud.
389 670 490 698 Omnes

227 706 298 732 enim
316 706 433 740 prophe—

227 746 286 777 tae,
296 746 322 777 et
334 741 388 773 lex,
404 750 489 777 usque

226 776 259 802 ad
273 776 414 805 Johannen
427 798 433 810 ,

225 813 412 847 prophetave-

228 848 270 875 M.
292 852 355 875 runt
371 856 378 875 :
394 853 422 876 et
431 849 455 877 si
466 849 526 877 vul-

227 883 262 910 tis
272 883 343 920 seire
354 905 361 916 ,
376 885 435 920 ipse

226 923 268 947 est
284 919 393 953 Helias,
400 921 448 956 qui

225 960 358 983 venturus

225 991 270 1018 15.
292 995 343 1018 est.
357 991 408 1026 Qui
420 992 503 1021 habet

224 1034 304 1054 aures
315 1027 427 1055 audien—

223 1062 267 1095 di,
282 1062 382 1090 audiat.
509 1086 512 1090 ν

227 1098 270 1125 16.
291 1097 340 1125 Cui
354 1104 446 1127 autem
460 1100 498 1128 si—

224 1134 316 1161 milem
328 1136 454 1162 aestima-

224 1169 260 1197 bo
273 1171 426 1204 generatio-

225 1214 287 1232 nem
303 1206 380 1232 istam
389 1207 400 1232 ’ἶ
414 1206 456 1234 Si—

224 1241 297 1268 milis
311 1248 352 1268 est
367 1250 432 1277 pue—

224 1277 262 1304 ris
277 1277 433 1305 sedentibus

225 1312 252 1339 in
266 1313 340 1347 foro,
355 1318 382 1341 et
395 1314 443 1340 ad-

225 1367 233 1374 .
255 1368 262 1375 .
286 1369 294 1377 .
316 1368 324 1375 .
346 1368 353 1376 .
369 1349 507 1377 mantibus

222 1384 353 1419 invicem,
369 1393 397 1413 e.
419 1405 426 1412 .
448 1403 456 1412 .

223 1457 267 1484 17.
288 1464 349 1484 mus
362 1457 449 1489 vobis,
461 1461 490 1485 et

223 1500 279 1519 non
290 1492 410 1520 saltastis
425 1501 432 1519 :

223 1528 431 1555 lamentavimus
446 1528 485 1563 (a)

222 1564 311 1595 vobis,
325 1563 346 1599 1‘
359 1569 386 1591 et
398 1571 453 1592 non

223 1599 376 1634 planxistis.

224 1635 268 1663 18.
290 1634 371 1663 Venit
385 1636 459 1663 enim

221 1670 361 1699 Johannes
372 1678 462 1707 neque

223 1707 390 1735 manducans
400 1728 408 1740 ,

223 1750 313 1778 neque
326 1743 424 1771 bibens
435 1764 443 1776 ,

440 1798 558 1827 CODEX
568 1797 807 1827 CORBEIENSIS.

222 1847 343 1882 Baptista
356 1855 369 1886 εΔ
378 1847 424 1882 qui
434 1851 529 1886 autem
555 1846 644 1873 min0r
668 1846 749 1886 e_st_in
765 1853 848 1886 regno
861 1846 1002 1886 caelorum
1018 1868 1026 1881 ,

224 1881 450 1919 majorestillo.A
463 1883 561 1919 diebus
573 1881 812 1919 autemrJohaimis
828 1882 964 1917 Baptistae
979 1891 1024 1911 us-

223 1917 276 1954 que
285 1927 366 1952 nunc,
376 1926 490 1954 regnum
503 1917 641 1945 coelorum
650 1918 704 1945 vim
721 1918 832 1952 patitur,
845 1923 873 1945 et
887 1919 997 1947 violenti
1014 1920 1022 1935 ί

223 1955 413 1990 rapiuntillud.
422 1954 602 1981 Omnesenim
612 1954 771 1990 prophetae,
781 1959 809 1980 et
820 1954 875 1986 lex,
888 1962 973 1988 usque
988 1955 1023 1983 ad

222 1989 373 2019 Iohannem
385 2012 392 2021 ,
408 1990 657 2025 prophetaveruut:
670 1995 698 2016 et
712 1989 736 2016 si
750 1990 832 2017 vultis
847 1990 856 2005 ’
873 1992 999 2025 recipere
1013 2012 1021 2024 ,

223 2029 282 2062 ipse
293 2031 336 2054 est
352 2027 437 2058 Elias,
449 2026 495 2062 qui
509 2030 640 2052 venturus
651 2025 768 2062 est._Qui
784 2025 865 2062 habet
879 2033 960 2062 aures
974 2034 1023 2053 au—

223 2060 315 2090 diendi
326 2083 333 2095 ,
348 2062 450 2088 audiat.
467 2061 515 2087 Cui
532 2065 622 2096 autem
642 2060 758 2087 similem
774 2060 925 2096 aestimabo
940 2070 1023 2096 gene-

224 2100 357 2125 rationem
382 2097 481 2123 istam?
504 2095 608 2123 Similis
630 2100 671 2123 est
697 2096 788 2130 pueris
812 2095 972 2124 sedentibus
995 2098 1022 2125 in

224 2133 295 2165 foro,
310 2133 321 2147 ³
333 2132 378 2168 qui
394 2132 543 2168 clamantes
556 2131 732 2168 coequalibus
742 2131 835 2168 dicunt
849 2139 856 2157 :
869 2131 1023 2161 Cecinimus

224 2169 313 2201 vobis,
325 2166 353 2196 et
371 2175 425 2194 non
439 2167 558 2203 saltasiis
581 2175 587 2192 :
602 2166 824 2199 lamentavimus,
838 2172 865 2194 et
879 2175 932 2194 non
945 2168 1022 2203 plan-

224 2204 314 2233 xistis.
332 2203 413 2231 Venit
426 2203 499 2230 enim
513 2202 652 2229 Johannes
668 2210 756 2237 neque
773 2202 957 2236 manducans,
975 2212 1022 2232 ue—

245 2248 278 2268 ue
291 2240 396 2271 bibens,
412 2243 439 2266 et
449 2238 545 2266 dicunt
559 2247 565 2264 :
584 2238 760 2265 Daemonium
776 2237 868 2265 habet.
880 2238 891 2253 λ
903 2239 936 2265 Ει
947 2242 1023 2267 venit

245 2249 278 2268 ue
291 2249 396 2271 UIDCHS,
412 2249 439 2266 ει
449 2249 545 2266 ulcunt
559 2249 565 2264 Ζ
584 2249 760 2265 υἱΙεΙΙΙυΙΠυΙΙΙ
776 2249 868 2265 ιωυει.
881 2249 891 2253 ν
903 2249 936 2265 IL!
947 2249 1021 2267 venit

225 2249 297 2304 iilius
313 2275 430 2302 hominis
443 2274 609 2301 manducans
622 2279 650 2301 et
661 2274 770 2306 bibens,
785 2278 812 2300 et
826 2273 938 2301 dicunt:
951 2275 1021 2303 Ecce

224 2313 307 2340 homo
322 2318 417 2342 vorax.
432 2315 460 2337 et
482 2314 588 2344 potator
608 2309 665 2336 vini
676 2330 683 2342 ,
697 2309 903 2344 publicanorum
917 2316 944 2337 et
958 2319 1020 2345 pec-

224 2353 348 2375 catorum
371 2347 485 2373 anticus.
501 2346 533 2372 Et
552 2345 699 2380 justilicala
722 2350 765 2372 est
784 2345 915 2380 sapientia
929 2354 944 2373 a
959 2347 1021 2374 liliis

225 2385 292 2411 suis.
307 2383 384 2410 Tunc
398 2382 409 2397 ⁵
422 2381 511 2416 coepit
528 2382 694 2416 exprobrare
709 2381 863 2408 civitatibus
879 2382 905 2408 in
922 2383 1021 2417 quibus

224 2420 311 2447 factae
326 2423 389 2446 sunt
405 2418 538 2459 plurimae
551 2417 747 2459 virtutesnejus,
761 2424 795 2458 eo
806 2417 877 2459 quod
892 2425 945 2459 non
958 2426 1021 2459 ege—

224 2458 280 2482 rint
294 2451 498 2494 iioeiiitentiam.
512 2452 570 2494 Vae
578 2453 625 2494 tibi
639 2453 650 2468 ³
661 2451 801 2494 Corazain,
815 2451 843 2480 et
856 2451 999 2494 Bethsaida
1011 2464 1018 2482 :

226 2488 306 2526 quia,
322 2492 344 2530 si
358 2490 385 2517 in
400 2490 471 2525 Tyro
492 2494 520 2530 et
543 2488 645 2530 Sidone
668 2489 754 2530 [actae
770 2494 863 2530 essent
887 2490 1018 2530 virtutes.

224 2524 304 2566 quae
323 2525 409 2566 factae
424 2524 497 2566 ’sunlt
512 2526 538 2552 in
549 2524 641 2566 vobis,
657 2524 721 2566 olim
742 2525 769 2551 in
783 2524 873 2566 cilicio
886 2529 914 2552 et
927 2525 1019 2566 cinere

224 2559 421 2596 paenitentiam
450 2560 581 2596 egissent.
605 2559 798 2596 Verumtamen
819 2559 880 2587 dico
910 2561 988 2588 vobis
1010 2571 1018 2589 :

223 2595 298 2633 Tyro
323 2597 384 2633 et_'_’
409 2595 535 2632 Sydonae
561 2595 728 2624 tolerabilius
744 2595 796 2623 erit
809 2596 837 2623 in
849 2596 894 2624 die
905 2596 1018 2632 judicii,

224 2631 308 2669 quam
322 2631 410 2660 vobis.

483 169 618 199 EUSEBH
628 166 799 197 VERCELL.
822 168 1048 199 EVANGELIUM
1067 171 1139 201 CUM
1155 172 1269 203 VARIIS
1283 174 1360 203 COD.
1372 175 1570 207 COLLATUM.

1819 181 1866 209 208

1291 234 1410 263 CODEX
1432 236 1661 264 VERONENSIS.

1496 292 1545 312 nes
1558 292 1647 320 neque

1494 321 1675 354 manducans,

1495 363 1585 397 neque
1600 356 1715 389 bibens.

1496 397 1524 419 et
1536 393 1630 419 dicunt
1646 401 1653 419 :
1667 392 1715 419 Dat

1496 397 1524 419 et
1536 393 1630 419 dicunt
1646 401 1653 419 :
1667 393 1736 420 Dae-

1496 428 1617 455 monium
1631 427 1711 456 habet
1724 437 1731 456 :

1498 464 1542 491 19.
1562 463 1644 491 Venit
1662 463 1736 492 ﬁlius

1496 499 1613 527 hominis
1624 507 1698 527 man—

1495 535 1599 563 ducans
1613 540 1641 563 et

1497 571 1603 600 bibens.
1616 575 1645 599 et
1658 570 1698 600 di-

1496 612 1560 634 cunt
1575 616 1581 634 :
1595 607 1665 635 Ecce

1077 278 1140 307 tista
1154 288 1160 306 :
1176 280 1221 315 qui
1233 288 1281 308 au-

1077 319 1133 342 tem
1148 315 1237 344 minor
1252 322 1295 345 est

1077 350 1105 387 in
1117 358 1201 387 regno
1215 360 1278 380 cae-

1076 385 1176 423 lorum,
1192 388 1278 423 major

1077 422 1137 457 ejus
1148 428 1202 450 est.

1079 458 1123 484 12.
1145 458 1168 486 Δ
1183 459 1281 487 diebus

1078 499 1170 522 autem
1183 494 1286 523 Johan-

1077 530 1119 557 nis
1134 530 1271 565 Baptistae

1077 573 1164 601 usque
1174 575 1255 599 nunc,

1077 609 1191 636 regnum
1207 604 1347 632 caelorum

1077 637 1196 679 cogitur,
1207 643 1232 679 et
1248 647 1349 675 cogen-
1497 642 1581 671 homo
1594 650 1677 672 vorax
1687 665 1696 679 ,

1077 676 1120 714 tes
1136 674 1271 714 diripiunt
1497 684 1524 706 et
1539 684 1647 714 potator
1654 701 1662 713 ,

1077 708 1165 750 illud;
1197 708 1223 750 '_
1291 748 1297 750 >
1496 708 1700 750 publicanorum

1079 744 1124 772 15.
1145 745 1240 786 ρῐηηίε
1253 748 1326 775 enim
1496 744 1522 778 ct
1537 756 1707 786 peccatorum

1098 782 1220 816 ropheta,
1234 787 1262 810 et
1498 782 1610 814 aniicus.

1089 824 1132 852 ex,
1149 824 1236 852 usque
1246 818 1280 846 ad

1078 851 1229 890 Iohannem
1242 874 1250 886 ,
1265 862 1330 890 pro-

1079 888 1279 922 phetaverunt‘:

1078 923 1123 951 11.
1145 929 1172 952 et
1186 925 1210 952 si
1224 926 1306 954 vultis

1078 961 1159 991 scire.
1178 960 1236 995 ipse
1249 966 1291 989 est

1079 996 1171 1023 Helias
1183 1017 1190 1029 ,
1207 997 1254 1032 qui

1078 1036 1209 1059 venturus
1222 1037 1274 1060 est.

1080 1066 1123 1094 15.
1144 1067 1196 1101 Qui
1211 1067 1292 1097 habet
1308 1077 1358 1097 au-

1077 1110 1122 1131 res
1135 1103 1260 1132 audiendi
1272 1126 1280 1137 ,

1077 1138 1179 1166 audiat.

1078 1175 1123 1202 16.
1144 1174 1195 1202 Cui
1209 1182 1300 1204 autem
1314 1178 1350 1205 si-

1076 1210 1140 1238 mile
1153 1212 1304 1240 aestimabo

1077 1247 1280 1281 generationem

1077 1283 1155 1309 istam
1167 1283 1178 1310 ?
1193 1282 1297 1312 Similis

1076 1321 1121 1345 est
1133 1319 1224 1353 pueris
1239 1327 1283 1347 se-

1076 1353 1205 1382 dentibus
1219 1354 1246 1382 in

1077 1389 1148 1422 foro,
1163 1395 1190 1417 et
1201 1391 1259 1417 cla-

1078 1426 1216 1453 mantibus
1231 1426 1266 1453 ad

1078 1460 1206 1494 invicem,
1220 1461 1264 1489 di-

1078 1497 1122 1523 17.
1144 1502 1238 1525 centes
1253 1506 1260 1524 :
1275 1498 1376 1527 Canta-

1078 1532 1167 1560 bimus
1180 1533 1274 1568 vobis,

1078 1572 1106 1595 et
1121 1576 1173 1595 non
1187 1569 1269 1596 salta-

1079 1604 1129 1631 stis
1141 1612 1148 1631 :
1162 1604 1322 1633 lamenlavi-

1078 1647 1140 1667 mus
1150 1640 1189 1676 (a)
1207 1641 1292 1677 vobis,
1306 1642 1327 1677 -ι-

1079 1680 1108 1703 et
1120 1683 1174 1702 non
1190 1676 1266 1711 plan-

1497 823 1542 860 ξι).
1564 823 1638 850 Tunc
1657 824 1747 860 coepit

1499 858 1683 893 improperare

1497 895 1652 922 civitatibus

1499 930 1524 956 in
1539 931 1637 965 quibus
1649 931 1687 958 fa—

1500 971 1558 993 ctae
1574 972 1635 993 sunt
1651 968 1713 1002 pitt-

1500 1003 1583 1029 rimae
1599 1003 1712 1031 virtutes

1499 1038 1568 1072 ejus,
1585 1038 1656 1072 quod

1499 1082 1550 1100 non
1563 1075 1668 1109 egerint
1679 1083 1746 1110 poe-

1497 1110 1650 1137 nitentium.

1497 1145 1542 1172 2i.
1565 1145 1621 1173 Vae
1639 1147 1684 1173 tibi

1496 1181 1625 1208 Corozain
1638 1203 1644 1213 ,
1660 1182 1697 1218 (ὁ)

1497 1222 1523 1243 et
1538 1217 1558 1252 ἦ
1574 1218 1698 1245 Betsaida
1716 1227 1722 1244 :

1498 1253 1569 1287 quia,
1588 1254 1609 1280 si
1625 1254 1649 1279 iu
1662 1253 1714 1289 Ty-

1498 1296 1528 1315 ro
1542 1294 1570 1315 et
1589 1289 1687 1317 Sidone

1497 1324 1585 1352 factae
1595 1329 1688 1353 essent
1699 1325 1753 1352 vir-

1497 1364 1580 1393 tutes,
1595 1368 1664 1395 quae
1678 1360 1734 1389 fac-

1498 1400 1541 1423 tae
1551 1402 1615 1423 sunt
1628 1397 1654 1424 in
1669 1404 1716 1425 vo-

1496 1431 1538 1459 bis
1548 1452 1556 1465 ,
1570 1432 1634 1459 olim
1646 1432 1673 1460 in

1495 1467 1586 1495 cilicio
1600 1473 1628 1495 et

1496 1503 1590 1531 cinere
1600 1504 1693 1539 paeni-

1498 1540 1607 1575 tentiam
1627 1540 1758 1575 egissent.

1496 1574 1539 1600 ἓξ.
1564 1574 1756 1604 Verumtamen

1497 1610 1557 1637 dico
1574 1612 1649 1638 vobis
1665 1621 1670 1638 :
1764 1639 1774 1645 ,

1497 1646 1569 1680 Tyro
1581 1651 1607 1673 et
1618 1647 1720 1682 Sydoni

1498 1681 1665 1710 tolerabilius

1079 1711 1125 1738 18.
1148 1711 1238 1740 xistis.
1251 1712 1333 1742 Venit
1498 1717 1550 1744 erit
1564 1719 1591 1745 in
1602 1718 1646 1746 die

1079 1746 1151 1774 enim
1163 1747 1264 1776 Johan-
1496 1753 1600 1788 judicii,
1616 1763 1695 1790 quam

1310 1805 1429 1835 CODEX
1443 1808 1641 1839 BBIXIANUS.

1078 1848 1201 1913 tisltalﬂui
1217 1855 1307 1880 autem
1328 1854 1418 1882 minor
1432 1855 1516 1883 estin
1532 1864 1617 1893 regno
1629 1857 1770 1886 caelorum
1795 1860 1878 1895 major

1078 1892 1106 1912 es
1132 1894 1139 1913 ι
1163 1894 1190 1913 ο.

1076 1889 1119 1912 est
1132 1889 1190 1913 illo.

1112 1922 1133 1949 Λ
1148 1921 1244 1965 diebus
1258 1930 1350 1965 autem
1363 1925 1494 1955 Johannis
1512 1928 1649 1963 Baptistae
1660 1938 1745 1965 usque
1756 1940 1831 1960 nunc
1838 1941 1878 1960 rc-

1075 1965 1157 2001 gnu‘ni
1171 1961 1307 2001 caelorum
1322 1963 1497 2001 vitn‘patitur.
1510 1970 1536 1992 et
1549 1961 1657 1993 violenti
1676 1961 1787 2001 rapiunt
1802 1968 1875 1996 illud.

1113 1994 1214 2036 omnes
1224 1997 1295 2022 enim
1310 1994 1457 2031 prophetae
1468 2004 1494 2026 et
1511 2000 1562 2027 lex.
1579 2010 1662 2036 usque
1676 1994 1713 2029 ad.
1723 2003 1876 2032 Johannem

1079 2030 1321 2070 prophetare-runt.
1340 2030 1366 2073 et
1378 2035 1398 2073 si
1416 2036 1497 2073 vultis
1511 2030 1650 2071 percipere
1666 2039 1722 2073 ipse
1734 2030 1780 2066 est
1791 2030 1878 2067 Helias

1076 2066 1129 2103 qui
1139 2073 1270 2103 venturus
1284 2074 1335 2095 est.
1348 2070 1398 2102 Qui
1416 2070 1495 2098 habet
1511 2066 1594 2100 aures
1603 2066 1730 2101 audiendi
1746 2066 1850 2103 audiat.

1111 2101 1159 2127 Cui
1175 2108 1270 2141 autem
1282 2101 1440 2132 adsiniilabo
1451 2110 1656 2141 generationem
1667 2109 1759 2137 istam.
1770 2101 1878 2139 Similis

1076 2141 1117 2162 est
1131 2139 1222 2170 pueris
1239 2140 1383 2167 edentibus
1408 2142 1433 2168 in
1454 2139 1519 2170 loro
1535 2150 1562 2171 et
1577 2145 1759 2173 clamantibus
1785 2148 1819 2174 ad
1841 2148 1878 2174 al-

1076 2176 1208 2210 terutrum
1221 2175 1351 2202 dicentes.
1363 2177 1540 2205 Cantavnnus
1554 2180 1628 2207 vobis
1639 2186 1667 2207 et
1679 2189 1730 2208 non
1743 2182 1875 2210 saltastis.

1075 2207 1282 2237 lanicutaviums
1303 2217 1329 2248 et
1355 2221 1407 2240 non
1428 2214 1578 2248 planxistis.
1597 2207 1876 2246 Venit

1075 2251 1123 2269 nes
1141 2252 1227 2284 neque
1243 2247 1410 2284 manducans
1431 2258 1518 2284 neque
1535 2251 1631 2278 bibens
1647 2258 1672 2278 et
1693 2253 1791 2281 dicunt
1813 2254 1878 2282 Dae-

1075 2280 1194 2306 monium
1211 2281 1300 2309 habet.
1321 2283 1399 2310 Venit
1415 2280 1503 2312 autein
1522 2287 1591 2314 lilius
1612 2288 1740 2316 hominis.
1764 2280 1878 2317 mandu-

1074 2321 1138 2360 cans
1159 2321 1185 2356 et
1209 2317 1315 2358 bibens.
1338 2325 1364 2346 ct
1385 2321 1478 2360 dicunt
1494 2321 1565 2349 Ecce
1582 2323 1665 2350 homo
1677 2332 1771 2351 vorax.
1788 2330 1817 2353 et
1831 2333 1877 2360 p0-

1075 2352 1225 2393 tatornvini.
1253 2356 1358 2393 amicus
1373 2356 1575 2389 publicanorum
1594 2364 1620 2385 et
1641 2352 1878 2393 peccatortirn.'Et

1071 2385 1216 2431 juslilicata
1240 2395 1281 2429 est
1295 2385 1435 2431 sapientia
1462 2400 1476 2419 a
1498 2393 1577 2431 liliisr
1592 2385 1878 2431 sttisr.”TuiiVe

1073 2423 1238 2464 caprobrarc
1249 2425 1403 2465 civitatibus
1420 2428 1447 2454 in
1459 2429 1556 2463 quibus
1568 2430 1654 2457 factae
1665 2437 1729 2458 sunt
1741 2423 1875 2465 plurimae

1073 2457 1186 2501 virtutes
1206 2461 1270 2501 ejus
1290 2463 1350 2501 quia
1380 2472 1432 2501 non
1459 2457 1572 2501 egerunt
1594 2457 1802 2501 paeniteiitirmn.
1821 2468 1875 2494 Vae

1075 2493 1125 2538 ubi!
1142 2493 1310 2538 σίνε-πλείηξί
1320 2497 1374 2538 Vae
1399 2499 1450 2538 tibi
1464 2493 1667 2538 Bvetsaida'quia
1681 2493 1745 2529 siin
1761 2493 1836 2538 is...
1850 2493 1876 2531 εἰ

1072 2528 1281 2571 Syldoneni'actae
1301 2533 1413 2561 fuissent
1428 2536 1540 2563 virtutes
1555 2528 1624 2571 quae
1647 2528 1744 2565 factae
1754 2528 1834 2566 sitii'tv

1071 2565 1148 2605 vobis
1164 2566 1338 2608 oliiilutiiiiie
1352 2571 1377 2596 in
1394 2570 1483 2608 cilicio
1499 2576 1526 2598 et
1552 2565 1654 2600 cinere.
1679 2565 1875 2608 paenitentiam

1071 2601 1201 2642 egissent.
1217 2601 1409 2646 Verumtamen
1419 2607 1485 2646 dico
1507 2608 1594 2635 vobis.
1614 2601 1693 2646 ‘Tyro
1719 2601 1746 2638 et
1768 2601 1875 2646 Sydoiii

1071 2638 1211 2665 remissius
1223 2640 1310 2667 critin
1323 2642 1367 2668 die
1379 2642 1471 2676 judicii
1486 2651 1567 2678 quam
1578 2638 1665 2673 vobis.

571 2689 769 2719 VARIANTES
787 2689 981 2720 LECTIONES
1000 2692 1135 2722 CODICIS
1153 2695 1209 2725 lllS.
1230 2696 1259 2725 S.
1282 2697 1538 2729 GERMANENSIS.

253 2751 262 2766 ι
280 2747 399 2779 diripiunt

254 2781 264 2796 ³
280 2780 361 2809 scire,
368 2779 424 2810 ipse

253 2813 263 2827 ³
281 2814 308 2836 et
319 2808 480 2835 clamantibus
491 2808 522 2834 ad
534 2809 648 2842 invicem,
661 2814 687 2836 et
697 2810 837 2836 dicentibus
848 2818 854 2836 :
866 2811 1023 2838 Cantavimus

251 2845 262 2858 ι
280 2842 349 2867 venit

1104 2752 1116 2790 ξ
1132 2751 1207 2790 {esus
1218 2756 1301 2790 coepit
1313 2757 1442 2790 increpare

1105 2782 1116 2798 °
1133 2783 1250 2811 Corozain

1107 2815 1116 2830 "
1136 2816 1219 2842 Sidoni
1229 2819 1356 2846 remissius

868 2885 1064 2924 BLANCHINIj
1077 2888 1193 2918 NOTAE}.

253 2931 294 2968 (α)
310 2930 434 2966 Addunt,
451 2928 532 2959 vobis.
548 2930 585 2959 Et
606 2930 644 2959 ita
660 2935 749 2960 textus
769 2933 880 2961 Graecus
898 2934 972 2969 ὑμῖν.
984 2934 1060 2972 —(b)
1075 2936 1113 2964 lla
1130 2941 1157 2966 et
1170 2938 1232 2967 cod.
1243 2939 1323 2968 Cant.
1337 2943 1390 2969 καὶ.
