3894 6336
161 291 249 349 209

517 415 747 500 coosx
780 415 1318 474 VERCELLENSIS.

158 509 236 566 25.
273 506 336 562 Et
361 516 414 562 lu
450 508 690 581 Caphar—
959 511 1050 566 27.
1093 512 1281 567 Omnia
1320 509 1453 566 mihi

160 595 296 636 nanm
310 620 324 645 ,
353 596 504 634 num-
958 584 1154 638 tradita
1197 592 1323 637 sunt

161 651 266 722 quid
293 665 450 722 usque
473 652 524 706 in
957 670 987 709 a
1019 655 1181 710 Patre
1210 669 1356 710 meo.

161 723 340 778 caelum
368 723 512 778 exal-
956 735 1013 782 et
1035 742 1195 781 nemo
1225 742 1322 782 no-

164 794 371 866 laveris?
395 792 468 866 (ra)
491 803 584 850 aut
605 795 646 866 ἰ-
956 800 1031 853 vit
1053 798 1246 853 Filium
1269 840 1285 865 ,

163 880 311 936 usque
332 865 380 920 in
406 865 574 923 infer—
623 865 629 866 “
959 870 1062 924 nisi
1089 869 1252 925 Pater
1286 887 1299 924 :
1339 885 1434 926 nc-

164 935 268 1012 num
287 935 537 1012 desceng
959 957 1062 1012 que
1088 941 1302 997 Patrem

163 1009 260 1084 des.
282 1008 426 1084 Quia2
448 1011 492 1066 si
524 1009 580 1065 in
957 1008 1077 1084 quis
1107 1014 1290 1081 novit,

162 1079 382 1136 Sodomis
403 1080 511 1138 fac-
958 1079 1061 1150 nisi
1093 1084 1262 1140 Filius
1278 1079 1296 1152 ,

163 1162 234 1206 tae
253 1151 460 1208 fuissent
958 1164 1014 1211 et
1041 1157 1126 1212 cui
1152 1157 1338 1214 volue-

79 1223 86 1234 ‘
161 1223 376 1296 virtutes,
400 1241 541 1296 quae
958 1228 1031 1283 rit
1059 1227 1228 1283 Filius
1277 1247 1362 1286 re-

161 1295 308 1350 iactae
330 1295 450 1351 sunt
954 1299 1158 1354 velare.

163 1367 208 1421 in
233 1376 296 1430 le,
321 1365 486 1426 [ortae

162 1439 454 1494 mansissent
474 1457 568 1498 us—

160 1525 247 1580 que
265 1508 312 1564 in
332 1509 546 1570 hodier-

162 1597 265 1636 num
296 1581 453 1639 diem.

159 1653 235 1709 24.
271 1652 462 1711 Tamen
495 1657 620 1714 dico
647 1664 745 1716 vo:

162 1725 248 1791 bis,
273 1727 388 1796 quia
405 1736 586 1786 terrae

163 1797 488 1854 Sodomorum

163 1870 408 1924 remissius
435 1872 545 1927 erit

165 1941 208 1994 in
231 1940 308 1998 die
331 1941 512 2011 iudicii
532 1987 549 2012 ,

162 2027 297 2078 quam
336 2015 504 2069 vobis.

162 2085 241 2136 25.
277 2081 328 2137 lu
352 2084 450 2160 illo
476 2097 726 2160 tempore

163 2155 468 2224 respondens

163 2225 296 2282 lesus
320 2229 448 2284 dixit
473 2250 487 2286 :
519 2231 662 2287 Con-

166 2297 298 2354 ﬁteor
327 2301 444 2368 tibi,
476 2301 584 2358 Pa-

165 2378 251 2433 ter,
275 2372 492 2430 Domine
519 2389 644 2432 cae-

165 2440 194 2494 li
214 2451 261 2495 et
283 2452 472 2512 terrae,

165 2513 267 2581 quia
297 2515 520 2574 abscon-

953 1370 1046 1427 28.
1087 1369 1282 1428 Venite
1304 1376 1372 1432 ad
1402 1391 1490 1433 me

955 1457 1172 1515 omnes,
1203 1446 1294 1515 qui

959 1513 1250 1584 laboratis,

961 1597 1016 1642 et
1046 1589 1257 1643 onerati

960 1659 1095 1714 estis
1112 1699 1127 1724 ,
1150 1668 1205 1732 et
1222 1675 1330 1732 ego

963 1744 1060 1785 vos
1083 1729 1265 1785 reﬁci-

962 1801 1054 1856 29.
1096 1817 1204 1856 am.
1238 1804 1440 1861 Tollite

962 1873 1149 1944 jugnm
1177 1889 1292 1932 me-

968 1960 1058 2000 um
1092 1960 1259 2015 super

967 2032 1082 2082 vos,
1112 2027 1168 2072 et
1195 2016 1357 2076 disci-

969 2097 1083 2162 tea
1111 2103 1198 2144 me
1222 2131 1237 2158 ,
1260 2093 1390 2162 quia

970 2161 1119 2215 mitis
1140 2161 1284 2228 sum,

969 2240 1027 2286 et
1053 2230 1274 2289 humilis

970 2303 1133 2359 corde
1157 2320 1171 2356 :
1201 2313 1257 2360 et
1283 2309 1363 2364 in-

971 2375 1200 2431 venietis
1222 2392 1314 2433 re-

972 2448 1154 2517 quiem
1185 2451 1306 2504 ani-

972 2519 1076 2573 mis
1098 2521 1315 2577 vestris.

166 2584 273 2641 disti
300 2587 428 2660 haec
974 2591 1064 2645 50.
1105 2589 1300 2660 Jugum
1333 2593 1480 2650 enim

168 2670 192 2728 _a
214 2656 455 2728 sapienti-
975 2674 1160 2717 meum
1179 2656 1312 2718 Eua-

168 2726 251 2803 bus
272 2726 370 2803 ,et
397 2748 524 2803 pru—
976 2748 1043 2788 ve
1064 2742 1169 2799 est,
1203 2745 1257 2791 et
1287 2752 1427 2792 onus

169 2797 429 2869 dentibus',
977 2797 1164 2864 meum
1189 2808 1310 2863 leve

167 2879 211 2924 et
232 2875 454 2930 revelas-
1177 2879 1406 2937 CAPUT
1432 2878 1549 2936 XII.

169 2941 486 3028 gineaparvu-
517 3021 551 3028 _
1050 2951 1106 3005 1.
1148 2959 1250 3006 est.
1277 2952 1334 3007 ln
1361 2953 1456 3008 illo

169 3013 244 3068 26.
279 3013 362 3092 lis.
394 3019 724 3092 ltajPater:
979 3032 1228 3090 tempore
1269 3063 1282 3077 .
1329 3060 1345 3078 .
1389 3065 1404 3079 .
1448 3061 1464 3078 .
1511 3065 1526 3080 .

169 3088 395 3164 (ιμιοιιίειηι
485 3088 494 3092 ⁷
981 3094 1022 3149 it
1044 3088 1204 3150 Iesus
1245 3135 1258 3150 .
1309 3137 1321 3150 .
1367 3133 1382 3150 .
1427 3138 1442 3153 .
1490 3137 1503 3150 .
1549 3134 1563 3148 .
1608 3132 1624 3149 .

171 3160 236 3239 sic
259 3160 293 3214 l'.
338 3203 352 3217 .
398 3204 412 3219 .
447 3167 615 3238 tpla-
980 3181 1047 3250 c_o
1089 3206 1102 3219 .
1149 3206 1161 3219 .
1205 3205 1239 3250 ,ο

171 3238 310 3288 cntum
349 3250 443 3293 an-
983 3247 1049 3293 tts
1080 3237 1122 3294 ι
1151 3256 1163 3292 :
1188 3238 1397 3294 dtscinu
1423 3257 1437 3294 ι

169 3237 310 3311 citum
349 3250 443 3293 an-
502 3237 511 3238 ί
983 3239 1049 3293 tis
1080 3237 1122 3310 1-
1151 3256 1163 3292 :
1188 3237 1437 3311 discipuli

169 3307 212 3355 te
235 3313 302 3360 te.
981 3307 1160 3366 autem
1185 3309 1304 3380 ejus

579 3425 813 3483 CODEX
837 3424 1311 3484 CORBEIENSIS.

168 3508 223 3564 Et
257 3515 747 3590 tu‘Capharnaum
774 3562 790 3584 ,
829 3521 845 3550 ¹
900 3519 1158 3590 numquid
1192 3535 1366 3589 usque
1410 3519 1476 3574 ad
1528 3520 1740 3576 coelum

167 3586 473 3662 imitaberis
493 3589 717 3662 {usque
741 3591 810 3646 ad
850 3586 1118 3646 infernum
1157 3586 1480 3647 descendas.
1510 3593 1666 3658 Quia,
1699 3593 1746 3647 si

169 3653 212 3734 in
238 3655 490 3734 Sodomis
518 3653 695 3734 {actae
726 3672 912 3718 essent
939 3664 1167 3718 virtutes
1192 3704 1205 3726 ,
1239 3679 1378 3732 quae
1417 3653 1593 3719 factae
1622 3653 1749 3719 sunt

169 3731 214 3778 in
244 3740 313 3794 te,
348 3732 365 3762 ¹
391 3731 623 3789 forsitan
655 3735 986 3790 mansissent
1008 3750 1178 3804 usque
1207 3735 1258 3789 in
1289 3735 1431 3790 hunc
1452 3735 1615 3790 diem.
1644 3735 1749 3790 Ve-

170 3810 462 3877 rumtamen
485 3805 612 3877 dico
629 3807 806 3874 vobis,
825 3807 958 3877 quia
989 3807 1009 3836 ³
1042 3807 1312 3861 Sodomae
1335 3807 1616 3861 remissius
1644 3807 1750 3862 erit

170 3870 216 3922 in
245 3871 538 3949 diejudicii
568 3919 582 3941 ,
616 3870 980 3949 quam'vobis.
1027 3879 1082 3932 In
1115 3879 1206 3931 illo
1238 3887 1484 3947 tempore
1509 3878 1529 3908 ⁸
1561 3879 1634 3932 ait
1661 3877 1752 3934 Je-

172 3955 252 3995 sus
280 3961 295 3997 -.
324 3947 648 4003 Conﬁtebor‘
679 3950 772 4005 tibi
801 3991 816 4013 ,
844 3949 990 4005 Deus
1013 3992 1028 4014 ,
1077 3951 1238 4004 Pater
1267 3951 1404 4004 coeli
1434 3958 1486 4004 et
1531 3959 1706 4004 terrae
1733 3992 1748 4013 ,

172 4015 279 4091 quia
308 4019 644 4075 abscondisti
696 4022 828 4078 haec
866 4036 896 4075 a
945 4021 1318 4089 sapientibus,
1371 4033 1426 4075 et
1475 4021 1755 4091 prudenti-

174 4086 261 4163 bus
283 4131 299 4157 ,
324 4103 378 4145 et
411 4093 668 4146 revelasti
714 4109 776 4148 ea
825 4086 1084 4162 parvulis.
1116 4092 1189 4146 lta
1240 4093 1402 4146 Pater
1435 4111 1447 4146 :
1476 4086 1600 4163 quia
1630 4093 1649 4123 ⁸
1677 4093 1758 4147 sic

175 4157 256 4230 tibi
299 4163 520 4230 placuit.
567 4165 761 4219 Omnia
806 4157 936 4218 mihi
969 4165 1162 4218 tradita
1192 4172 1320 4218 sunt
1359 4180 1386 4216 a
1418 4157 1576 4218 Paire
1617 4179 1759 4218 meo.

178 4227 232 4306 iit
257 4227 413 4288 nemo
439 4236 460 4266 ³
481 4239 757 4306 cognoscit
782 4237 973 4300 lilium,
999 4237 1099 4290 nisi
1130 4235 1292 4289 Pater
1317 4253 1330 4289 :
1359 4251 1533 4303 neque
1551 4235 1761 4306 Patrem

176 4301 191 4328 ⁷
219 4307 497 4374 Cognoscit
539 4301 662 4377 quis
686 4351 701 4373 ,
727 4309 829 4362 nisi
881 4308 1094 4371 Filius,
1139 4319 1193 4361 et
1221 4323 1305 4360 rut
1338 4301 1571 4361 voluerit
1598 4305 1766 4362 Filius

178 4378 425 4432 revelare.
439 4378 629 4434 Venite
651 4381 714 4433 ad
733 4397 818 4434 me
835 4395 1047 4442 omnes,
1063 4378 1152 4447 qui
1170 4379 1447 4444 laboratis,
1467 4389 1522 4432 et
1547 4379 1759 4432 onerati

175 4447 314 4511 estis,
343 4459 399 4504 et
429 4466 532 4522 ego
555 4467 652 4505 vos
681 4452 943 4506 reﬁciam.
994 4451 1192 4505 Tollite
1226 4451 1413 4519 jngum
1455 4465 1637 4522 meum
1669 4467 1758 4522 su-

180 4531 264 4582 per
281 4535 396 4593 _vos,
424 4534 481 4576 ct
509 4523 702 4577 discite
741 4542 768 4576 a
801 4539 916 4588 me,
948 4524 1071 4593 quia
1106 4523 1251 4576 initis
1286 4538 1427 4588 sum,
1459 4532 1515 4576 et
1541 4521 1762 4593 humilis

177 4590 326 4645 corde
360 4611 375 4648 :
403 4605 463 4648 et
494 4595 780 4650 invenietis
824 4590 1067 4664 requiem
1121 4593 1403 4647 animabus
1427 4593 1642 4647 vestris.
1668 4592 1764 4647 Ju—

177 4673 289 4728 gum
313 4667 461 4718 enim
493 4681 670 4720 meum
702 4680 866 4720 suave
888 4675 974 4720 est
1000 4707 1012 4730 ,
1045 4674 1100 4720 et
1127 4680 1266 4720 onus
1318 4680 1499 4719 meum
1531 4665 1648 4718 leve
1666 4667 1708 4718 ⁸.

241 4732 350 4789 XII.
391 4737 452 4791 In
485 4746 731 4805 tempore
747 4738 850 4792 illo
871 4738 1002 4792 abiit
1025 4737 1185 4793 Jesus
1211 4739 1231 4770 ’
1254 4736 1533 4791 sabbatbis
1559 4751 1656 4806 per
1680 4751 1767 4790 se-

179 4815 340 4872 getem
366 4827 380 4864 :
412 4810 665 4881 discipuli
695 4819 878 4865 autem
905 4809 1024 4880 ejus
1079 4881 1088 4890 _

1121 296 1574 356 EVANGELIUM
1601 295 1972 357 SECUNDUM
2004 300 2444 362 MATTHIEUM.

3312 305 3422 362 210

2251 418 2487 475 CODEX
2527 419 2980 479 VERONENSIS.

1823 509 1915 586 35.
1941 510 2130 586 _vobis.
2162 511 2232 567 Et
2259 521 2315 568 tu
2657 517 2818 574 Pater
2851 534 2864 570 :
2896 515 3154 586 quoniam

1823 581 2202 653 Capharnaum
2219 626 2234 652 ,
2659 589 2738 644 sic
2755 588 2854 642 fuit
2877 581 3045 644 bene-

1823 653 2084 732 numquid
2121 670 2211 732 u_s-
2657 660 2916 732 placitum
2944 666 3173 732 ante_te.

1823 741 1930 795 que
1956 726 2020 781 ad
2048 727 2257 782 caelum
2658 726 2749 786 '27.
2791 730 2983 786 Omnia
3015 730 3146 786 mihi
3177 740 3291 786 trav

1825 797 2154 872 exaltaberis
2176 800 2199 854 ?
2226 799 2303 872 (a)
2658 803 2772 860 dita
2801 814 2927 858 sunt
2945 818 2978 858 a
3000 803 3162 858 Patre

1824 868 1979 940 aut-l-
2001 885 2170 940 usque
2235 868 2246 872 ⁷
2661 890 2804 931 meo.

1825 940 1882 995 in
1914 939 2188 997 infernum
2662 947 2731 1002 Et
2758 961 2919 1002 nemo
2941 946 3092 1001 novit

1825 1012 2122 1068 discendis.
2663 1017 2886 1078 Filium.
2917 1018 3020 1072 nisi
3049 1017 3211 1074 Pater
3237 1034 3253 1072 :

1825 1083 1992 1161 Quia,
2023 1086 2068 1161 si
2109 1085 2160 1161 in
2663 1105 2839 1161 neque
2878 1088 3098 1144 Patrem

1827 1155 2079 1230 Sodomis
2093 1158 2280 1230 iactae
2665 1155 2788 1230 quis
2817 1163 2985 1228 novit,
3020 1161 3126 1216 nisi

1827 1227 2063 1302 fuissent
2081 1226 2101 1301 (
2124 1229 2206 1285 hic
2239 1232 2352 1302 fue-
2670 1226 2838 1288 Filius
2855 1274 2870 1295 .
2896 1241 2950 1286 et
2971 1226 3065 1286 cui
3093 1231 3285 1287 volue-

1827 1310 1944 1352 runt
1966 1301 2154 1354 omissa
2182 1304 2245 1358 ab
2266 1323 2363 1359 an-
2666 1305 2760 1358 28.
2801 1305 2872 1359 rit
2897 1303 3065 1359 Filius
3082 1304 3347 1360 revelare.

1829 1371 2052 1435 tiquario
2079 1389 2190 1426 ver-
2669 1375 2862 1431 Venite
2883 1373 2951 1431 ad
2975 1391 3062 1431 me

1829 1442 1914 1506 ba,
1945 1444 2115 1497 virtu-
2148 1515 2159 1518 Α
2667 1462 2882 1512 omnes,
2914 1448 3008 1518 qui

1829 1521 1912 1569 tes
1938 1554 1952 1579 ,
1981 1515 2218 1586 quaela-
2669 1515 2948 1586 laboratis,
2980 1528 3038 1573 et

1828 1594 1953 1658 ctae
1977 1594 2103 1640 sunt
2129 1585 2147 1658 )
2173 1588 2226 1643 in
2669 1593 2878 1647 onerati
2907 1591 3073 1657 estis,

1829 1665 1905 1732 te,
1930 1655 2068 1712 forte
2092 1655 2267 1732 man-7
2669 1673 2725 1719 et
2755 1677 2858 1732 ego
2881 1655 3118 1717 reﬁciam

1830 1729 2033 1799 sissent
2059 1744 2227 1799 usque
2258 1731 2311 1787 in
2667 1734 2759 1791 29.
2791 1729 2909 1788 vos.
2942 1733 3139 1788 Tollite

1833 1798 2154 1877 hodiernum
2184 1801 2353 1877 diem.
2666 1807 2852 1877 iugum
2878 1820 3061 1861 meum

1831 1869 1923 1947 9.4.
1946 1871 2146 1947 _Ameni
2165 1875 2290 1930 dico
2666 1869 2834 1947 super
2860 1893 2976 1943 vos,
3000 1885 3058 1931 et

2671 1949 2866 2004 discite
2891 1964 2921 2003 a
2949 1963 3058 2016 me,

2671 2021 2793 2091 quia
2827 2019 2977 2074 mitis

2672 2088 2815 2157 sum,
2849 2100 2905 2146 et
2929 2088 3150 2145 humilis

1832 1944 1990 1998 vobis
2010 1985 2024 2009 ,
2061 1946 2185 2012 quia

1837 2023 2014 2070 terrae
2035 2015 2211 2072 Sodo-

1836 2101 2048 2142 morum
2081 2089 2274 2144 remis-

1837 2159 1951 2214 sius
1973 2159 2075 2214 erit
2113 2160 2166 2215 in

1836 2230 1928 2285 die
1964 2230 2152 2300 judicii
2180 2275 2196 2300 ,

1836 2316 1997 2372 quam
2026 2303 2196 2360 vobis.

1837 2373 1932 2429 25.
1974 2372 2033 2428 In
2058 2375 2152 2431 illo
2175 2384 2313 2432 tem-

1839 2459 1972 2516 pore
1992 2461 2217 2516 respon-

1839 2515 1977 2571 dens
2006 2515 2163 2573 Jesus
2198 2518 2280 2575 di-

1840 2589 1919 2641 xit
1943 2606 1956 2641 :
1981 2587 2221 2647 Conﬁte-

2673 2163 2869 2218 corde:
2900 2173 2956 2219 et
2983 2163 3067 2216 in-

2673 2234 2904 2290 venietis
2930 2250 3017 2290 re-

2715 2309 2856 2362 uiem
2883 2305 3078 2360 animis

2752 2421 2764 2432 .
2809 2377 3020 2432 vestris.
3050 2376 3242 2448 Jugum

2675 2451 2820 2506 enim
2846 2464 3026 2503 meum

2675 2523 2843 2577 suabe
2869 2530 2976 2585 est,
3007 2529 3062 2576 et

2676 2593 2854 2648 bonus
2882 2607 3063 2648 meum

1841 2673 1905 2713 or
1927 2660 2054 2725 tibi,
2081 2660 2185 2714 Pa—
2679 2666 2798 2722 leve
2828 2672 2931 2720 cst.

1845 2740 1926 2806 t_er
1939 2771 1955 2798 ,
1990 2731 2217 2806 Domine
2993 2803 2996 2806 ,

1844 2801 1988 2888 Degis
2009 2805 2150 2859 caeli
2235 2877 2249 2888 ,
2857 2803 3088 2886 CAPUT
3123 2826 3241 2883 xu.

1843 2883 1900 2929 et
1925 2882 2134 2943 terrae,
2159 2882 2284 2948 quia
2869 2882 2972 2886 *π
3008 2882 3031 2884 “
3053 2882 3077 2883 ί
3129 2882 3136 2883 ’

1843 2945 2180 3028 abscondisti
2719 2949 2772 3003 1.
2802 2945 2859 3001 In
2873 2944 2975 3028 ilio
3000 2951 3136 2998 tem-

1844 3016 1982 3072 haec
2004 3033 2034 3071 a
2064 3021 2278 3088 sapien-
2683 3033 2815 3088 pore
2839 3016 2972 3071 abiit

1846 3089 2010 3162 tibus,
2041 3100 2098 3146 et
2118 3107 2248 3162 pru.
2681 3089 2838 3162 Jesus
2865 3099 3144 3162 p€r_3883'

1847 3159 2135 3241 dentibus,
2166 3173 2224 3220 et
2685 3165 2752 3241 tis
2774 3161 2852 3241 (ρ)
2867 3159 3070 3241 sabba-

1847 3234 2100 3305 revelasti
2129 3251 2191 3291 ea
2685 3236 2754 3290 tis
2784 3233 2867 3305 τε
2899 3233 3068 3288 disci-

1847 3303 1940 3361 26.
1989 3308 2250 3378 parvolis.
2292 3307 2372 3364 Ita
2684 3303 2809 3378 puli
2826 3316 3010 3361 autem

2318 3425 2552 3484 CODEX
2592 3425 2986 3483 BRIXIANUS.

1925 3519 1991 3574 El
2022 3529 2077 3574 ῑυ
2098 3517 2478 3594 Capharnaum
2509 3536 2648 3594 Quae
2679 3536 2850 3594 usque
2875 3519 3181 3594 adcaelnm
3196 3513 3444 3594 exaltaia

1853 3605 1913 3645 es
1939 3605 2110 3660 usque
2135 3585 2191 3645 in
2211 3590 2480 3647 infernum
2510 3585 2830 3648 descendes.
2859 3591 2998 3660 Quia
3035 3592 3079 3646 si
3111 3590 3164 3644 in
3193 3585 3449 3660 Sodomis

1854 3657 2033 3718 factae
2061 3662 2290 3718 fuissent
2316 3665 2545 3720 virtutes
2573 3681 2712 3734 quae
2744 3657 2919 3719 factae
2945 3671 3072 3717 sunt
3092 3663 3167 3734 fin
3202 3657 3448 3726 te.vforle

1855 3736 2187 3814 mansissent
2237 3750 2408 3814 usque
2431 3737 2482 3790 in
2509 3733 2832 3814 hodiernum
2858 3735 3026 3790 diem.
3055 3733 3447 3814 Yerumtamen

1854 3806 1976 3860 dico
2002 3806 2157 3860 vobis
2187 3804 2514 3874 quiaterrae
2541 3807 2925 3862 Sodomorum.
2961 3804 3242 3860 remissius
3269 3804 3376 3874 erit
3395 3804 3451 3851 in

1859 3877 1948 3952 die
1981 3877 2172 3952 judicii
2203 3871 2385 3952 quam,
2414 3879 2528 3952 tibi.
2568 3879 2763 3952 lnillo
2814 3888 3058 3952 tempore
3094 3871 3452 3952 respondens

1860 3942 2018 4003 .lesus
2064 3942 2554 4004 dixit'Contitebor
2601 3949 2697 4003 tibi
2747 3942 3363 4003 Pater-Domine’caeli
3401 3949 3457 3995 et

1866 4029 2064 4095 terrae.
2093 4019 2187 4089 qui
2214 4019 2243 4058 ι)
2270 4020 2604 4095 abscondisti
2637 4020 2831 4095 liaecia
2863 4019 3198 4095 sapientibus
3225 4025 3278 4070 et
3330 4028 3455 4095 pru-

1865 4091 2153 4170 dentibus:
2172 4102 2227 4146 et
2250 4093 2501 4170 revelasti
2525 4108 2586 4146 ea
2610 4091 2977 4170 parvrrlis.ulta
3011 4091 3456 4170 Patcrqu-oni‘anm

1868 4167 1946 4218 sic
1977 4163 2304 4231 complacuit
2326 4165 2377 4217 in
2405 4155 2697 4233 conspectu
2732 4172 2841 4218 tuo.
2873 4163 3064 4216 Omnia
3099 4159 3240 4233 mihi
3260 4155 3458 4233 tradita

1870 4242 1996 4290 sunt
2018 4250 2046 4287 a
2071 4235 2238 4310 Patre
2261 4251 2406 4310 meo.
2433 4235 2502 4290 Et
2523 4231 2684 4310 nemo
2720 4235 2875 4310 novit
2888 4233 3118 4310 Filium.
3144 4232 3248 4310 nisi
3277 4231 3454 4310 Pater.

1870 4321 2049 4380 neque
2071 4305 2286 4380 Patrem
2317 4307 2438 4380 quis
2478 4307 2650 4380 novit.
2682 4307 2786 4361 nisi
2819 4305 3010 4360 Filius.
3045 4314 3098 4358 et
3118 4304 3216 4380 cui
3231 4301 3467 4380 voluerit

1874 4377 2040 4433 Filius
2070 4375 2345 4457 revelare.
2376 4378 2567 4433 Venite
2587 4378 2655 4434 ad
2683 4394 2772 4433 me
2822 4391 3013 4457 omnes
3059 4375 3153 4457 qui
3183 4375 3465 4457 .laboi'atis

1869 4458 1925 4528 et
1951 4450 2160 4528 onerati
2185 4450 2340 4515 estis,
2389 4458 2444 4504 et
2471 4465 2574 4518 ego
2599 4466 2693 4506 vos
2725 4441 3308 4528 requiescerelaciam:
3339 4441 3469 4526 Τοι-

1871 4521 1966 4576 lile
1990 4521 2178 4590 jugum
2199 4537 2375 4598 meum
2400 4537 2570 4598 super
2599 4538 2726 4598 vos,
2756 4531 2811 4576 et
2832 4521 3026 4598 discite
3047 4535 3083 4598 _a
3109 4534 3196 4598 me
3223 4521 3345 4586 quia
3361 4521 3470 4598 ,ιιιί-

1875 4595 1942 4646 tis
1964 4608 2104 4646 sum.
2163 4602 2218 4648 et
2266 4591 2485 4648 humilis
2539 4593 2724 4648 corde.
2769 4604 2822 4646 et
2881 4591 3468 4658 invenietis'requiem
3507 4633 3527 4647 ,

1874 4663 2157 4718 animabus
2203 4667 2418 4741 vestris.
2484 4665 2679 4741 Jtigu‘m
2734 4665 2876 4719 cnim
2904 4674 3276 4741 metimusna've
3307 4665 3472 4741 estlet

1875 4750 2016 4814 onus
2042 4750 2220 4814 meum
2254 4736 2370 4790 leve
2396 4747 2498 4791 est.
2535 4726 2591 4791 1?.
2621 4736 2713 4814 illo
2742 4746 2984 4814 ienipore
3011 4733 3164 4814 abiit.
3193 4729 3352 4785 Jesus
3392 4726 3472 4798 (b)

1877 4807 2116 4862 sabbatis
2150 4807 2192 4878 1-
2213 4824 2308 4878 per
2337 4818 2570 4878 segetes.
2623 4807 2872 4878 discipuli
2900 4815 3083 4862 autem
3115 4807 3234 4873 ejus

885 4923 1284 4980 VARIANTES
1315 4920 1705 4979 LECTIONES
1741 4921 2012 4979 CODlClS
2043 4923 2158 4980 MS.
2187 4921 2245 4980 S.
2289 4923 2797 4980 GERMANENSIS.

237 5016 251 5080 ε
284 5030 414 5080 quae
439 5029 600 5080 usque
628 5018 678 5066 in
700 5015 893 5066 coelum
914 5015 1240 5080 exaltaberis,
1266 5027 1425 5078 usque
1449 5015 1500 5064 in
1525 5015 1553 5044 ⁸

234 5079 252 5109 ³
284 5080 412 5130 forte
435 5079 737 5129 mansissent
756 5080 805 5128 in
829 5079 1120 5130 hodiernum
1140 5079 1274 5129 diem

237 5142 256 5172 ³
289 5149 458 5192 terrae
482 5144 808 5194 Sodomorum

237 5205 256 5233 δ
287 5207 600 5268 respondens
618 5205 645 5254 J
653 5218 770 5255 esus
787 5205 947 5268 dixit;
967 5202 1216 5256 Conﬁteor
1239 5204 1330 5255 tibi
1351 5202 1520 5266 Pater,
1542 5201 1773 5265 Domine,

239 5268 260 5298 ⁸
289 5267 524 5330 queniatn
547 5270 619 5320 sic
643 5269 734 5320 fuit
755 5267 1121 5332 beneplacitum
1145 5275 1263 5318 ante
1287 5273 1357 5317 te.

1947 5013 1968 5045 ⁸
2003 5015 2138 5065 novit.

1944 5078 1966 5170 ἔ
2000 5079 2111 5191 qutis
2134 5077 2327 5130 novit...
2352 5085 2406 5128 et
2425 5080 2468 5128 si
2485 5079 2564 5129 cui

2002 5153 2058 5190 es
2084 5175 2098 5190 .

1943 5153 1966 5233 ἓ
2120 5207 2326 5266 segetes
2343 5203 2595 5255 sabbathis

1559 5373 1932 5433 BLANCHINI
1966 5375 2200 5434 NOTAE.

260 5512 287 5541 ι
314 5503 466 5559 Hanc
490 5501 783 5557 lectionem
809 5497 1012 5555 codicis
1034 5496 1566 5570 San-Germanensis
1591 5497 1798 5570 reperit
1899 5497 2095 5570 duplex
2114 5495 2491 5570 intelligentia,
2504 5502 2618 5570 etei
2647 5489 3143 5565 Consuleejnsdem
3164 5490 3502 5556 Comment.,

197 5575 250 5631 S.
284 5575 685 5640 Hieronymus,
715 5572 842 5627 dicit
865 5571 1010 5626 enim
1046 5589 1060 5627 :
1093 5568 1159 5624 In
1201 5569 1364 5624 altera
1396 5568 1678 5641 exemplari
1716 5585 1800 5622 τε-
1898 5565 1995 5641 lib}
2030 5586 2090 5635 ιι,
2124 5571 2180 5624 in
2210 5565 2333 5639 cap.
2366 5582 2445 5622 χι.
2471 5565 2661 5624 Matth.

197 5648 418 5714 perimus
451 5663 465 5700 :
495 5654 549 5699 et
578 5656 666 5709 tu,
698 5643 1110 5714 Capharnaum.
1175 5656 1304 5714 qua;
1355 5640 1548 5714 usque
1589 5640 1800 5714 ιιι-ραι-
1973 5640 2002 5679 δ
2031 5641 2141 5698 Sic.

196 5709 301 5774 lum
333 5717 569 5776 exaltata
593 5731 684 5782 es,
718 5709 890 5786 usque
915 5713 984 5770 ad
1033 5709 1242 5769 inferna
1275 5712 1592 5769 descendes.
1625 5709 1695 5766 Et
1725 5721 1799 5766 est

263 5859 344 5928 (a)
386 5856 641 5923 Addunt,
672 5865 780 5910 aut.
815 5854 884 5910 Et
911 5852 980 5908 ita
1004 5851 1133 5908 cod.
1164 5850 1320 5907 Cant.
1357 5851 1473 5906 Lat.
1504 5862 1557 5906 et
1580 5850 1675 5906 Gr.
1707 5852 1758 5909 ἥ.
1801 5848 1948 5920 —(b)
1993 5845 2066 5902 Ita
2098 5855 2151 5901 et
2179 5852 2354 5900 textus
2382 5839 2604 5901 Grmcits
2627 5886 2643 5913 ,
2669 5850 2775 5904 τοῖς
2801 5844 3049 5900 caseum.
