1947 3168
89 159 132 188 215

267 213 384 247 CODEX
393 214 665 246 VERCELLENSIS.

89 261 120 289 bit
133 268 186 289 ezun
199 265 224 288 et
240 260 279 288 le-
483 265 537 294 tus,
554 260 580 287 in
592 268 646 296 quo

88 296 125 325 l2.
138 296 203 324 vavit
211 295 341 332 {Quanto
483 297 555 325 bene
567 295 658 332 placu-

87 333 159 368 magis
170 331 265 359 melior

87 333 159 368 magis
170 332 265 373 melior
484 333 505 360 it
520 332 560 368 (ὁ)
576 333 665 375 anima
679 341 741 362 mea
754 334 786 371 *ιη

70 378 72 380 ν
86 373 120 397 est
133 367 208 395 homo
220 367 282 395 avt?
485 368 586 396 Ponam
599 374 723 397 sumtum

485 368 586 396 Ponam
599 369 723 411 spiritum

76 404 165 439 itaque
177 403 238 431 licet
250 402 313 439 sab-
485 411 574 432 meum
586 402 632 432 su-

87 459 108 467 ..
122 437 168 481 alis
182 437 292 467 benefa-
487 447 542 481 per‘
550 447 622 481 eum,
633 445 661 469 et

86 475 159 502 cere?
277 509 283 511 _
344 510 347 511 ν
484 475 615 511 judicium

85 511 119 539 l5.
133 529 155 537 ..
168 529 191 537 ..
203 529 210 537 .
219 530 226 537 .
236 530 247 547 ς
256 530 265 538 .
275 509 364 541 homi-
486 509 611 547 'gentibus
624 512 672 540 ad-

86 567 104 574 ..
114 567 121 573 .
131 566 137 573 .
146 565 153 573 .
165 546 261 574 xtende
485 547 629 576 nuntiavit.

148 589 208 610 num
224 586 308 613 luam.
484 582 528 610 19.
544 583 602 610 Νοη
621 591 686 612 con-

85 639 121 646 ...
131 637 152 646 ..
163 637 169 645 .
180 637 188 644 .
197 636 205 644 .
222 617 309 645 tendit
485 618 586 652 tendet,
603 627 647 647 ne-

142 674 148 680 .
158 673 165 681 .
179 661 205 681 m
219 661 308 689 suam,
484 661 536 688 que
548 654 650 682 clama-

85 710 105 718 ..
117 710 122 717 .
134 708 156 716 ..
172 689 249 717 tituta
485 689 534 722 vit,
549 698 638 725 neque

84 746 102 753 ..
112 745 132 753 ..
146 724 213 753 sicut
225 729 253 753 et
484 725 577 753 audiet
589 724 638 754 ali-

82 761 163 789 altera.
326 795 336 796 7
348 795 353 796 γ
484 761 544 796 quis
558 761 584 788 in
602 762 659 796 pla-

487 797 540 824 teis
553 804 647 826 vocem

83 798 118 824 lt.
131 796 162 824 Et
174 800 308 828 exeuntes
323 795 395 829 Pha—
487 797 540 824 teis
553 795 647 826 vocem
737 811 740 818 -

83 832 156 865 risaei,
172 832 261 868 consi-
485 832 531 861 20.
546 832 620 868 ejus:
638 834 739 864 harun-

81 832 156 865 risaei,
172 832 261 860 consi-

81 868 135 896 lium
150 867 281 899 faciebant
484 867 575 897 dinem
589 877 669 904 quas-

81 904 195 932 adversus
209 911 284 938 eum,
485 910 571 931 satam
588 912 641 934 non

81 945 104 967 ut
116 947 170 967 eum
185 939 281 974 perde-
484 939 605 967 confrin-

80 976 117 1016 l5_.
130 979 195 1003 rent.
208 974 291 1003 Jesus
299 978 393 1008 autem
483 980 582 1016 get,_et
595 976 680 1006 linum

79 1018 157 1038 SCICDS
168 1018 274 1039 580088-
484 1018 619 1046 Iumtgan-

80 1047 107 1074 sit
121 1047 194 1075 inde:
209 1051 236 1077 et
249 1055 293 1077 se-
483 1051 538 1074 tem
553 1054 606 1075 non
620 1057 668 1076 ex-

78 1083 217 1118 quebautur
484 1082 596 1117 tinguet,
612 1084 661 1112 do-

79 1117 131 1146 eum
144 1118 230 1152 multi,
244 1122 271 1146 et
484 1125 534 1146 nec
550 1117 631 1148 eiciat

485 1154 511 1181 in
521 1154 630 1184 victoria

487 1188 615 1219 iudicium
629 1200 636 1219 :

507 1225 531 1252 l.
546 1230 574 1253 et
585 1226 612 1254 iu
629 1228 715 1256 nomi-

484 1268 519 1288 ne
531 1261 590 1296 ejus
605 1271 669 1298 geu-

483 1300 524 1324 tes
536 1304 631 1331 spera-

484 1332 561 1359 bunL

481 1367 527 1394 22.
542 1368 618 1397 Tunc
634 1369 743 1399 oblatus

482 1408 524 1431 est
536 1404 559 1431 ei
573 1406 652 1433 homo
663 1406 727 1435 dae-

484 1440 605 1468 monium
620 1441 668 1468 ha-

483 1474 561 1508 bens,
576 1483 684 1509 caecus,

484 1515 511 1538 et
525 1516 628 1545 mutus,
644 1517 671 1541 et
683 1521 731 1542 cu-

483 1547 553 1574 ravit
566 1555 628 1575 eum
641 1549 677 1576 ita

483 1586 512 1608 ut
527 1582 696 1618 loqueretur,

482 1618 529 1646 25.
547 1624 574 1647 et
589 1620 704 1649 videret.
721 1620 755 1648 Et

280 1677 399 1707 CODEX
412 1677 649 1708 CORBEIENSIS.

79 1723 189 1752 hendens
203 1724 321 1753 elevabit
334 1725 404 1752 illam
417 1725 428 1752 ?
451 1725 585 1759 Quantum
599 1733 666 1761 ergo
680 1725 771 1754 differt
785 1725 866 1753 homo

78 1760 105 1787 ab
117 1769 164 1789 ove
175 1761 188 1788 ?
202 1761 296 1796 ltaque
306 1761 371 1788 licet
385 1760 523 1790 sabbathis
537 1760 698 1790 benefacere
710 1783 717 1793 ,
730 1767 776 1789 aut
790 1769 842 1789 non
854 1761 866 1788 ?

78 1795 141 1824 Tunc
156 1797 193 1824 ait
218 1795 258 1824 ad
272 1796 430 1824 hominem:
455 1797 566 1831 Porrige
589 1806 697 1825 manum
723 1802 806 1825 tuam.
831 1797 866 1825 Et

78 1833 207 1865 extendit,
228 1835 237 1855 .³
255 1837 283 1860 et
306 1832 375 1859 facta
399 1837 440 1859 est
456 1834 526 1861 sient
539 1833 634 1861 altera.
657 1833 713 1861 Et'
736 1838 866 1861 exeuntes

77 1867 130 1896 inde
143 1867 285 1900 Pharisaei,
302 1869 444 1896 consilium
460 1871 582 1896 fecerunt
596 1869 726 1897 adversus
742 1877 802 1896 eum
816 1890 823 1902 ,
838 1874 866 1896 ut

78 1902 86 1917 ³
99 1904 237 1938 perderent
253 1904 339 1932 illum.
349 1903 360 1919 ⁸
374 1904 433 1938 Quo
447 1904 557 1939 cognito
569 1905 648 1933 Jesus
662 1905 775 1932 secessit
786 1905 865 1932 inde:

77 1943 99 1966 et
112 1941 193 1968 secuti
207 1945 272 1967 Sllltl
284 1947 346 1968 eum
363 1940 437 1967 tnulti
451 1960 458 1973 ,
474 1944 502 1968 et
524 1941 534 1957 ³
554 1941 658 1968 curavit
675 1941 746 1968 illos.
766 1940 868 1968 Omnes

77 1980 156 2003 autem
186 1983 256 2011 quos
279 1976 383 2005 curavit
405 1976 586 2004 comminatus
614 1981 656 2004 est
681 1977 732 2007 eis,
758 1983 790 2003 ne
805 1984 867 2004 eum

77 2011 285 2039 utanifestarent.
321 2011 356 2040 Ut
392 2011 551 2046 impleretur
582 2012 653 2047 quod
689 2011 790 2039 dictttm
827 2017 869 2039 est

77 2053 118 2081 per
139 2047 246 2075 Esaiam
286 2047 465 2082 propltetam,
503 2047 638 2076 dicentem
666 2056 673 2074 :
698 2048 766 2075 Ecce
803 2055 870 2083 puer

78 2089 145 2111 meus
158 2104 166 2115 ,
182 2091 263 2118 quem
280 2083 348 2117 elegi
364 2104 371 2116 ,
394 2082 510 2110 dilectus
526 2083 536 2099 ⁸
549 2091 630 2117 quem
645 2083 764 2118 suscepit
780 2085 870 2111 anima

79 2125 140 2146 mea.
156 2119 260 2147 Ponam
274 2119 398 2153 spiritum
413 2127 502 2146 metttn
515 2126 598 2154 super
610 2128 682 2153 eum,
700 2124 727 2147 et
739 2119 870 2154 judicium

78 2154 196 2185 gentibus
209 2154 391 2182 adnuntiabit.
414 2154 472 2181 Non
487 2156 634 2182 contendet
647 2176 654 2188 ,
670 2158 757 2189 neque
770 2155 872 2182 clama-

77 2188 119 2222 bit,
134 2197 222 2225 neque
235 2190 329 2218 audiet
340 2190 349 2206 ⁷
370 2190 622 2226 ειυίείμιειιιιννοεεω
638 2191 698 2225 ejus
713 2191 739 2218 in
757 2192 868 2225 plateis:

78 2226 203 2254 calamum
224 2231 379 2261 qttassatum
396 2234 448 2253 non
460 2225 622 2262 confringet,
644 2232 671 2254 et
687 2227 770 2254 linum
793 2226 873 2254 fumi-

78 2268 136 2295 gans
150 2269 205 2289 non
220 2262 371 2297 extinguet,
387 2262 398 2277 ⁸
417 2262 505 2289 donec
519 2267 601 2296 ponat
620 2262 751 2296 judieittm
767 2262 799 2289 ad
815 2263 872 2289 vin-

78 2297 184 2333 cendum
202 2318 208 2324 .
224 2302 253 2325 et
268 2297 293 2325 in
308 2297 419 2325 nomine
432 2297 490 2332 ejus
504 2303 598 2333 gentes
613 2298 772 2332 sperabunt.
797 2298 873 2325 Tunc

78 2331 175 2361 oblatus
181 2339 225 2361 est
236 2333 262 2361 ei
273 2334 282 2350 ³
296 2334 378 2361 homo
386 2331 494 2368 quidam
506 2331 675 2361 daemonium
688 2334 801 2366 habens,
813 2341 873 2361 cae-

78 2370 236 2401 cus,surdus
248 2373 276 2396 et
289 2374 389 2401 mutus,
407 2373 435 2396 et
444 2370 550 2396 sanavit
564 2370 638 2397 illum
651 2370 687 2396 ita
702 2374 731 2397 ut
746 2370 766 2386 ¹⁰
775 2369 874 2397 surdus

79 2403 184 2439 audiret,
198 2409 228 2437 et
242 2405 357 2439 videret,
373 2408 400 2433 et
410 2405 576 2440 loqueretur.
592 2405 626 2433 Et

78 1155 169 1181 curavit
179 1161 236 1182 eos.
251 1152 294 1190 (ιι)

78 1189 164 1217 Omnes
178 1189 268 1218 autem

79 1233 135 1260 quos
148 1226 251 1254 curavit
265 1225 285 1261 ἰ-

79 1261 113 1288 16.
129 1262 264 1297 praecepit
272 1261 324 1296 eis,

79 1305 105 1325 ne
114 1297 231 1333 divulga—

79 1337 129 1360 rent
143 1333 228 1360 illum.

79 1368 114 1396 tl.
129 1368 163 1396 Ut
176 1368 340 1403 adimplere-

79 1409 113 1431 tur
126 1405 194 1439 quod
209 1405 266 1432 dic-

79 1444 124 1467 tum
138 1445 178 1467 est
191 1448 240 1476 per
252 1439 290 1472 Ε-

78 1478 150 1503 seiam
165 1476 281 1511 prophe-

79 1515 133 1541 tam.
147 1511 281 1541 dicentem
293 1519 304 1540 :

79 1547 114 1574 t8.
129 1547 199 1575 Ecce
209 1555 276 1582 puer

79 1590 155 1615 meus,
168 1591 249 1615 quem

79 1617 146 1654 elegi,
163 1617 248 1647 dilec-

560 157 786 188 EVANGELWM
804 157 993 189 δεσυιωωί
1011 157 1230 187 ΜΛΤἸἮΑΕΗΜ.

1664 159 1716 190 914

1138 215 1254 244 ωοΕΧ
1275 216 1502 245 ῚΕΒΟΝΕΝΜΞ.

920 266 1022 298 εηιηνει
1037 262 1158 289 levabit?
1338 265 1417 298 elegi,
1434 265 1547 291 dilectus

921 297 966 325 12.
980 297 1183 335 Quantotnagis
1338 297 1423 333 meus,
1442 301 1467 327 in
1484 308 1537 335 quo

922 335 1018 371 melior
1038 339 1079 360 est
1093 334 1176 361 homo
1337 336 1407 362 bene
1417 334 1517 370 placuit
1531 336 1570 371 (b)

920 370 988 406 ove?
1002 370 1094 403 Itaque
1336 372 1424 398 anima
1441 380 1497 398 utea

920 405 984 433 licet
1000 405 1119 441 sabbatis
1339 407 1439 434 Ponant
1455 405 1577 441 spiritum

920 442 965 478 i3.
980 440 1158 469 benefacere?
1337 450 1428 470 meum
1445 440 1526 478 super

919 477 996 504 Tunc
1338 485 1411 511 eum,
1426 483 1453 506 et

921 513 958 539 ait
975 512 1094 548 homini:
1112 513 1167 540 Ex~
1337 514 1469 548 judicium

920 547 1000 576 tende
1016 555 1126 576 manum

919 588 1004 611 tuatn.
1020 583 1053 611 Et
1063 588 1158 612 exten-

919 619 959 646 dit
974 627 1083 647 manum
1096 628 1185 655 suam,

920 659 947 683 et
962 655 1086 682 restituta

920 696 962 718 est
976 690 1002 718 ei
1014 690 1084 718 sicut

920 726 1016 753 altera.
1113 734 1118 740 '

921 761 966 789 H.
979 761 1013 789 Et
1025 766 1156 791 exeuntes

1338 550 1463 584 gentibus
1476 549 1582 578 adnun-

1340 585 1384 613 19.
1407 584 1493 612 tiabit.
1508 585 1569 613 Non

1338 621 1497 654 contendet,
1509 629 1554 649 ne-

1336 664 1389 692 que
1400 656 1540 689 clamabit,

1336 699 1425 727 neque
1437 692 1529 720 audiet

1337 728 1435 763 aliquis
1449 728 1476 755 in
1488 728 1545 763 pla-

1339 764 1388 791 teis
1404 771 1498 791 vocem

920 797 1063 834 Pharisaei,
1079 805 1145 826 con-
1336 799 1383 828 20.
1395 799 1454 834 ejus
1467 808 1474 826 :

920 833 1012 861 silium
1027 832 1162 862 faciebant
1331 832 1448 862 'arundi-

920 869 1050 896 adversus
1064 877 1136 903 eum,
1339 879 1400 898 Item
1417 876 1570 905 quassatam

921 908 950 942 ut
963 912 1024 932 eum
1037 912 1098 940 per-
1338 914 1392 934 non
1406 907 1557 942 confringet
1566 928 1574 939 .

920 940 1025 968 derent.
1338 948 1365 970 et
1380 942 1465 969 linum
1478 940 1537 970 fu-"

920 975 964 1013 l5.
978 975 1057 1004 Jesus
1070 980 1161 1004 autem
1338 978 1483 1013 migantem

918 1012 1009 1039 sciens
1024 1013 1138 1040 secessit

918 1047 980 1075 inde
991 1055 999 1074 :

919 1082 954 1110 Et
968 1083 1150 1119 sequebantur

919 1126 980 1146 eum
994 1119 1070 1146 multi
1083 1140 1091 1153 ,
1106 1124 1134 1148 et

917 1155 1022 1182 curavit
1037 1162 1093 1182 eos.
1111 1155 1149 1191 (α)
1165 1155 1231 1184 0m-

919 1198 967 1218 nes
982 1194 1071 1218 autem
1083 1199 1151 1226 quos

1337 1022 1390 1041 non
1405 1013 1555 1049 extinguet,

1337 1050 1424 1077 donec
1440 1050 1519 1077 eiciat

1336 1085 1476 1113 victoriam
1488 1086 1522 1113 ad

1335 1121 1382 1162 gl.
1401 1120 1554 1162 judicium:
1574 1125 1602 1149 et

1337 1165 1364 1184 111
1374 1164 1483 1184 nomtne

1337 1192 1395 1228 ejus
1408 1197 1503 1227 gentes
1516 1200 1578 1228 spe-

917 1226 1049 1262 curavit-j-
1061 1235 1138 1262 prae—
1336 1226 1444 1256 rabunt.

919 1261 962 1288 16.
972 1261 1043 1297 cepit
1054 1261 1104 1296 eis,
1335 1264 1381 1291 22.
1402 1263 1478 1292 Tunc

917 1305 952 1324 tte
963 1298 1071 1332 pervul-
1335 1299 1442 1327 oblatus

918 1337 1013 1368 garent
1029 1333 1064 1360 il-
1336 1340 1378 1363 est
1387 1336 1412 1362 ei
1428 1335 1509 1363 homo

919 1369 953 1395 17
974 1368 1039 1395 lum.
1055 1368 1090 1396 Ut
1105 1369 1153 1397 ad-
1336 1370 1509 1398 daemonium

917 1404 1076 1438 impleretur
1337 1405 1451 1439 habens,
1465 1408 1537 1435 cae-'

917 1439 988 1474 quod
1004 1439 1105 1467 dictum
1338 1448 1397 1475 cus,
1412 1447 1439 1468 et
1451 1447 1541 1469 mutus

918 1479 961 1502 est
971 1482 1018 1510 per
1031 1476 1093 1504 Ese-
1336 1481 1364 1505 et
1377 1476 1486 1511 surdus,
1500 1483 1529 1505 et

1337 1513 1442 1540 curavit
1455 1521 1518 1541 eutn

1338 1548 1376 1575 ita
1389 1552 1419 1575 ut
1432 1549 1471 1575 lo-

1338 1588 1476 1618 queretur,
1493 1589 1520 1613 et

1338 1619 1454 1654 videret,
1468 1625 1497 1649 et

1149 1677 1267 1706 CODEX
1285 1677 1481 1714 BRleANUS.

917 1732 988 1753 eam.
997 1724 1130 1753 etlevabit
1136 1724 1170 1752 de
1181 1724 1267 1752 fovea.
1275 1724 1383 1759 Quanto
1390 1725 1474 1760 magis
1482 1724 1578 1752 melior
1585 1728 1628 1760 est
1638 1723 1721 1751 homo

920 1768 980 1788 ove.
995 1761 1086 1795 Itaque
1096 1760 1159 1788 licet
1174 1760 1294 1788 sabbatis
1303 1759 1472 1788 benefacere.
1485 1760 1561 1788 'l‘uue
1570 1760 1607 1787 ait
1618 1759 1721 1788 homini

921 1796 1043 1824 Extende
1055 1805 1163 1824 manum
1178 1800 1261 1823 tuam.
1278 1796 1311 1823 Et
1324 1797 1456 1824 extendit.
1472 1801 1499 1824 et
1512 1797 1579 1824 facta
1593 1800 1635 1824 est
1654 1802 1720 1823 sana

919 1834 990 1860 sicut
1004 1837 1030 1860 et
1042 1832 1137 1860 altera.
1153 1833 1184 1859 Et
1194 1837 1325 1860 exeuntes
1340 1833 1401 1860 inde
1412 1832 1560 1859 Pharisaei.
1576 1832 1719 1859 consilium

919 1868 1042 1904 fecerunt
1055 1868 1184 1896 adversus
1199 1876 1261 1895 eum
1275 1872 1303 1895 ut
1317 1868 1462 1904 perderent
1474 1876 1547 1896 eum.
1569 1867 1648 1895 Jesus
1672 1875 1720 1894 att-

920 1908 973 1931 tem
989 1903 1089 1931 sciens.
1105 1904 1218 1931 secessit
1232 1904 1303 1931 inde.

957 1951 989 1977 Et
1000 1955 1108 1978 secutae
1121 1955 1250 1977 suntcum
1266 1950 1359 1978 turbae
1374 1951 1485 1978 multae.
1501 1954 1528 1977 et
1541 1950 1723 1977 comminatus

921 1990 962 2023 est
976 1986 1015 2013 eis
1031 1994 1064 2013 ne
1081 1985 1285 2023 manifestarcnt
1300 1993 1370 2023 eum.
1391 1985 1424 2013 Ut
1434 1986 1638 2023 adimpleretur.
1650 1982 1723 2023 quod

921 2022 1023 2048 dictum
1037 2027 1079 2048 est
1090 2030 1136 2056 per
1144 2021 1250 2048 Esaiam
1263 2021 1421 2056 prophetam
1430 2021 1648 2049 dicentetn.Ecce
1658 2021 1724 2056 puer

922 2065 999 2085 meus
1011 2065 1090 2093 quem
1106 2057 1184 2092 elegi.
1205 2057 1321 2084 dilectus
1345 2065 1421 2084 nteus
1437 2057 1463 2084 in
1479 2060 1542 2092 quo‘
1556 2056 1628 2084 bene
1648 2064 1725 2086 con)-

923 2092 1024 2129 placuit
1034 2094 1141 2130 animae
1156 2100 1243 2120 meae.
1261 2092 1362 2130 Ponam
1375 2092 1507 2130 spiritum
1522 2100 1613 2130 meum
1641 2099 1725 2128 super

922 2127 995 2157 eum.
1022 2128 1192 2164 etjudicium
1221 2129 1347 2164 gentibus
1370 2127 1551 2156 adnuntiabit.
1576 2127 1635 2155 Non
1660 2135 1728 2155 cott-

924 2165 1017 2192 teudet
1033 2173 1119 2200 neque
1137 2165 1274 2192 clamabit.
1303 2172 1391 2201 neque
1415 2165 1507 2192 audiet
1529 2164 1674 2199 quisquam
1699 2164 1727 2201 in

925 2201 1021 2235 plateis
1038 2208 1131 2228 vocem
1145 2201 1214 2236 ejus.
1229 2200 1407 2228 harttndinem
1419 2204 1574 2236 quassatam
1589 2207 1726 2236 noncon-

924 2237 1032 2272 fringet.
1047 2242 1073 2263 et
1087 2235 1170 2264 linum
1183 2236 1358 2272 fumigantem
1375 2244 1429 2263 non
1456 2237 1607 2272 extinguet.
1638 2235 1727 2263 donec

924 2272 1004 2300 eiciat
1018 2273 1043 2299 iu
1059 2272 1197 2300 victoriam
1210 2271 1351 2307 judicium.
1369 2277 1396 2300 et
1406 2272 1431 2299 in
1442 2273 1552 2299 nomine
1563 2271 1622 2308 ejus
1630 2276 1725 2307 gentes

925 2309 1081 2343 sperabunt.

962 2354 1038 2382 Tunc
1059 2354 1166 2383 oblatus
1195 2358 1235 2382 est
1264 2354 1289 2382 ei
1317 2354 1399 2382 homo
1426 2353 1599 2382 daemonium
1622 2352 1727 2382 habens

926 2398 1024 2454 caecgs
1039 2395 1065 2418 et
1079 2393 1169 2418 mutus
1184 2394 1211 2417 et
1224 2397 1257 2418 cu
1273 2395 1285 2408 ἰ
1305 2389 1374 2418 ravit
1390 2398 1462 2419 eum.
1478 2390 1514 2418 ita
1530 2394 1559 2418 ut
1568 2389 1727 2424 loqueretur

927 2432 953 2454 et
963 2435 989 2454 vt
1009 2431 1077 2455 cret.

918 1511 972 1538 iam
989 1511 1106 1546 prophe-

919 1550 984 1579 tam,
997 1547 1132 1575 dicentem
1145 1556 1152 1574 :

918 1582 963 1609 18.
987 1582 1056 1610 Ecce
1067 1590 1134 1618 puer

919 1625 1006 1652 meus,
1021 1625 1101 1653 quem

431 2495 631 2536 YARIANTES
652 2495 844 2524 LECTIONES
857 2493 990 2524 CODICIS
1008 2494 1063 2522 MS.
1079 2494 1098 2523 S
1117 2493 1371 2523 GERMANENSIS.

106 2545 114 2559 ¹
131 2547 157 2570 et
168 2544 286 2569 restituta

107 2576 116 2590 ¹
132 2579 258 2601 exeuntes
269 2575 428 2600 Pharisaei...
442 2574 563 2600 faciebant

108 2607 117 2622 ³
133 2613 190 2631 eum
201 2607 345 2638 perderent.
556 2612 557 2615 ‘

108 2639 118 2653 ⁵
134 2637 208 2663 Iesus
218 2642 303 2663 autem
314 2639 425 2662 sciens...
436 2640 463 2662 et
473 2637 651 2668 sequebantur.

109 2670 119 2685 '
133 2670 229 2694 curavit
252 2676 298 2701 eos
309 2675 405 2693 omnes.
417 2668 449 2694 Et
461 2667 591 2700 praecepit
603 2670 640 2693 ets
660 2674 692 2694 ne
704 2667 878 2701 provulgarem

81 2707 141 2724 eum.
155 2701 188 2726 Ut
200 2700 379 2732 adimpleretur

960 2541 970 2557 ⁸
987 2548 1069 2573 meus,
1082 2541 1106 2565 in
1118 2548 1167 2573 quo
1178 2542 1244 2566 bene
1257 2540 1408 2573 complacuit.
1414 2539 1510 2573 animae
1520 2545 1602 2564 meae.

959 2573 968 2588 ⁷
989 2571 1077 2604 aliquis
1088 2574 1112 2597 in
1125 2571 1213 2604 plateis
1225 2571 1549 2604 vocem’ejusnArundinem
1561 2573 1699 2602 quassatam

958 2604 969 2620 θ
986 2602 1066 2628 donec
1078 2602 1160 2634 ejiciat
1173 2605 1297 2629 victoriam
1313 2602 1343 2627 ad
1353 2602 1470 2634 judicium
1482 2602 1496 2621 b

959 2636 969 2651 ’³
988 2635 1060 2659 homo
1071 2635 1258 2659 daemonium...
1272 2641 1362 2659 caecus
1375 2638 1400 2658 et
1409 2636 1502 2665 mutus,
1513 2636 1540 2658 et
1550 2634 1643 2659 curavit
1655 2639 1711 2658 eum

962 2667 984 2682 ¹⁰
1001 2670 1084 2691 mutus
1095 2667 1248 2697 loqueretur,
1262 2669 1288 2691 ct
1299 2665 1405 2690 videret.
1419 2664 1450 2690 Et
1460 2665 1595 2697 stupebant
1607 2667 1632 2690 tn
1644 2672 1700 2689 eum

758 2739 942 2774 BLANCHINI
961 2739 1076 2768 NOTAE.

963 2788 1021 2827 lfS.
1036 2787 1172 2816 llilarius:
1198 2786 1286 2815 Donec
1299 2795 1358 2815 cum
1373 2787 1460 2822 ejiciat
1484 2787 1617 2815 victoriam
1637 2787 1672 2814 ad
1686 2788 1732 2827 ju-

117 2795 129 2809 α
142 2792 247 2820 abrasa:
263 2796 326 2820 sunt
337 2791 445 2827 penitus
458 2791 520 2819 duae
531 2791 640 2819 litterae.
928 2791 1024 2851 “igua;

127 2885 154 2918 α)
168 2884 310 2913 Adduntur
322 2884 404 2913 verba
415 2905 423 2917 ,
440 2892 527 2921 omnes
541 2888 626 2911 autem
638 2904 646 2917 ,
660 2892 724 2919 quos
736 2884 852 2919 curavit,
867 2892 869 2898 π

933 2892 949 2912 n
963 2883 1023 2912 eod.
1048 2883 1126 2912 Cant.
1141 2882 1201 2912 Lat.
1224 2886 1252 2911 et
1265 2882 1313 2911 Gr.
1326 2882 1427 2914 πάντας
1451 2881 1479 2911 δὲ
1495 2882 1539 2913 οὓς
1558 2882 1742 2921 ὂθιράπσυσιν.

127 2885 154 2918 α)
168 2885 310 2913 Adduntur
322 2885 404 2913 verba
415 2905 423 2917 ,
440 2892 527 2912 omnes
541 2888 626 2911 autem
638 2904 646 2917 ,

82 2885 155 2963 -ξοδ
166 2921 207 2952 tta
217 2926 244 2955 et
255 2925 346 2954 textus
357 2921 471 2951 Graecus
483 2921 498 2953 ἠ
511 2920 588 2959 ψυχή
601 2931 661 2958 μου.
