1920 3169
221 139 274 167 ⁸215

424 197 539 226 CODEX
559 196 829 226 VERCELLENSIS.

228 244 377 280 stupebant
389 252 449 272 om-
648 244 693 272 28.
717 244 815 280 vestri:
821 243 850 280 Si
862 247 953 271 autem

229 281 271 307 nis
286 280 391 313 turbae,
404 284 432 308 et
648 280 675 307 in
694 279 791 315 spiritu
802 279 849 307 Dei
864 286 916 315 ego

228 316 354 344 dicebant
369 325 376 342 :
392 315 474 344 Num—
647 315 717 343 eicio
735 315 847 342 daemo-

228 351 293 392 quid
299 351 403 392 _liic‘es‘t
416 351 448 378 ﬁ-
648 352 704 392 nia,
711 351 812 392 _utjque
827 350 926 387 adpro-

229 386 282 415 lius
299 386 401 415 David?
647 387 732 422 piavit
747 387 773 414 in
786 394 835 414 vos

226 423 271 451 ‘24.
287 422 424 450 Pharisaei
438 431 485 452 au-
647 430 761 458 regnum
772 422 831 450 Dei.

646 457 693 486 29L
714 459 768 485 Aut
780 457 918 499 quomodo

648 498 740 529 potest
750 498 809 529 quis
822 498 863 521 in-

648 534 722 557 trare
738 531 764 557 in
779 529 830 557 do-

648 573 721 593 mum
740 565 827 598 fortis,

647 605 676 629 et
691 608 753 628 vasa
768 601 828 635 ejus

647 637 774 672 diripere,
788 637 838 664 nisi

649 673 724 707 prius
739 673 869 707 alligave-

649 708 685 736 rit
698 708 816 735 fortem?
832 714 858 736 et

648 749 712 771 tunc
724 744 834 771 domuut

647 779 720 807 illius
733 779 828 815 diripi-

647 815 693 843 50.
715 820 752 843 et.
762 815 814 848 Qui
828 823 883 844 non

647 856 690 879 est
704 859 821 884 mecum,

647 893 741 915 contra
760 895 803 914 me
817 892 860 915 est
874 896 884 914 .‘

647 927 676 951 et
688 923 732 958 qui
745 930 798 950 non
810 930 875 950 con-

647 963 741 994 gregat
751 966 869 992 mecum,

229 465 283 486 tem
296 458 409 486 audien-

226 498 276 527 tes,
291 494 419 521 dixerunt
430 503 437 522 ε

226 530 276 557 Hic
296 537 349 556 non
363 529 430 558 eicit

227 565 368 593 daemonia

226 601 277 638 nisi
294 601 320 638 in
337 601 376 638 (a)
391 602 504 630 Beelze-

227 637 273 664 bnl
288 636 309 672 -νς
325 636 478 672 principem

228 673 449 701 daemoniorum.

228 709 274 735 25.
289 708 367 736 Jcsus
381 714 472 739 autem
488 712 541 740 sci-

227 751 277 771 ens
291 744 435 778 cogitatio-

229 787 279 807 nes
294 787 400 813 eorum,

228 815 298 843 dixit
312 815 354 843 eis
370 826 377 843 :
393 817 460 847 Om-

231 859 294 878 nem
306 859 419 886 regnum

229 887 347 914 divisum
367 896 433 917 con-

231 930 271 950 ira
288 930 328 955 se,
343 923 451 953 desola-

230 959 304 986 bitur
317 968 323 986 :
335 964 363 986 et
376 968 436 989 0m-

232 995 273 1021 nis
284 994 395 1030 civitas,
648 995 805 1030 dispargit.
828 1014 836 1022 .
858 1013 867 1022 .
889 1014 897 1021 .
919 1014 928 1024 .
950 1015 957 1021 .

233 1030 275 1058 vel
289 1029 442 1061 domusdi-
647 1029 700 1058 Si.
715 1030 767 1058 deo
780 1029 843 1058 dico
857 1038 891 1058 vo
912 1049 919 1057 .
942 1049 949 1057 .
967 1039 973 1058 :

232 1066 289 1093 visa
300 1072 394 1095 contra
648 1066 735 1094 Omne
757 1073 790 1100 pe
811 1086 818 1092 .

650 1106 707 1129 tum
721 1105 749 1129 et
762 1101 891 1136 blasphe-

650 1138 705 1165 mia
719 1139 842 1165 remitte-

652 1178 695 1200 tur
708 1172 874 1201 hominibus.

651 1209 697 1237 52.
719 1209 753 1236 Et
765 1209 928 1245 quicumque

232 1109 273 1133 se,
289 1110 344 1129 non
355 1105 449 1132 stavit.

231 1137 278 1165 96.
298 1138 326 1166 Si
341 1139 457 1168 Satanas
467 1140 517 1169 Sa-

233 1179 314 1201 tanatt
330 1175 405 1210 eicit,

232 1210 377 1237 adversum

234 1252 264 1273 se
278 1245 382 1279 divisus
396 1252 439 1275 est
454 1256 460 1274 ε
652 1245 753 1272 dixerit
768 1252 828 1272 ver-

234 1282 372 1315 quomodo
382 1291 428 1310 er-
653 1281 717 1308 bum
732 1285 827 1308 contra

233 1324 269 1352 go
279 1319 360 1354 stavit
372 1326 433 1354 reg-
651 1316 737 1354 ﬁlium
752 1316 840 1354 homi-

236 1360 302 1380 num
314 1353 372 1388 ejus
383 1354 395 1381 ?
406 1352 417 1354 ἡ
652 1353 705 1386 nis,
721 1352 843 1380 remitte-

233 1388 279 1426 a7.
297 1389 378 1426 Quod
394 1390 417 1418 si
439 1397 489 1426 ego
515 1390 543 1418 in
565 1390 616 1418 Be-

235 1424 341 1461 elzebul
356 1426 426 1454 eicio
442 1424 481 1461 (Β)

232 1460 375 1497 daemonia
390 1461 422 1497 1-.
438 1462 469 1489 ﬁ-

233 1496 263 1532 lii
273 1497 356 1532 vestri
373 1497 400 1524 in
413 1505 468 1532 quo
651 1504 707 1524 non
719 1497 841 1524 remitte-

234 1530 355 1559 eiciunt?
371 1530 434 1560 Ideo
651 1537 696 1560 tur
709 1532 745 1565 ei,
761 1539 811 1559 nec
827 1533 854 1559 in

234 1566 286 1602 ipsi
296 1566 398 1602 judicis
411 1573 493 1596 erunt
651 1567 704 1596 hoc
717 1567 843 1601 saeculo,
856 1575 906 1595 ne-

451 1625 566 1655 CODEX
585 1626 822 1655 CORBEIENSIS.

237 1670 406 1709 mirabantur
417 1680 512 1701 omnes
525 1673 629 1706 turbae,
640 1678 668 1701 et
680 1673 809 1701 dicebant
827 1682 834 1700 :
850 1672 982 1709 Numquid
994 1672 1039 1701 hic

238 1712 281 1734 est
291 1707 360 1735 filius
370 1708 612 1737 David?Pharisaei
621 1713 712 1736 autem
720 1710 728 1725 ¹
736 1709 878 1736 audientes
894 1707 954 1742 hoc,
963 1709 1039 1737 dixe-

238 1747 316 1780 runt:
329 1743 433 1780 Hicnon
447 1743 521 1779 ejicit
529 1744 673 1771 daemonia
685 1745 736 1772 nisi
749 1745 774 1771 in
784 1746 794 1760 ²
804 1745 956 1772 Beelzebub
966 1745 1039 1780 prin-

237 1779 326 1812 cipem
342 1779 577 1807 daemoniorum.’
587 1780 687 1808 Videns
699 1785 789 1808 autem
804 1780 885 1808 Jesus
898 1781 1038 1816 cogitatio-

237 1821 286 1841 nes
311 1821 422 1847 eorutn.
449 1816 521 1843 dixit
535 1815 568 1843 ιε
588 1816 676 1844 Omne
697 1823 810 1851 regnum
830 1815 949 1843 divisum
964 1817 975 1832 ⁵
989 1816 1036 1843 ad-

237 1857 345 1877 versum
362 1858 404 1883 se,
415 1851 579 1879 destituetur
595 1861 602 1879 :
619 1857 646 1879 et
659 1852 748 1879 omnis
761 1852 866 1885 civitas,
882 1852 924 1879 vel
940 1852 1036 1879 domus

237 1885 324 1923 divisa
335 1886 345 1901 °
355 1887 498 1915 adversum
513 1895 553 1918 se.
566 1895 619 1915 non
642 1888 734 1915 stabit.
747 1888 756 1904 ⁷
784 1888 811 1916 Si
830 1895 895 1923 ergo
922 1888 1036 1917 Satanas

237 1921 365 1959 Satanam
377 1923 466 1957 ejicil,
482 1923 626 1951 adversum
642 1931 671 1951 se
685 1923 789 1951 divisus
809 1921 874 1951 est?
900 1925 1036 1959 quomodo

237 1964 304 1995 ergo
315 1958 396 1995 stabit
408 1966 519 1994 regnum
533 1959 613 1994 ejus?
628 1959 707 1994 Quod
719 1960 741 1987 si
753 1968 804 1995 ego
818 1960 843 1987 in
857 1960 868 1975 ⁸
880 1958 1035 1988 Beelzebub

237 1993 319 2030 ejicio
341 1993 484 2022 daemonia
498 2015 506 2027 .
539 1993 586 2022 filii
606 1996 689 2023 vestri
713 1996 740 2022 in
767 1993 820 2029 quo
840 1996 972 2030 'ejicient
987 1995 999 2022 f
1014 1996 1036 2011 ¹⁰

236 2028 356 2066 l_deoque
373 2030 480 2064 judices
492 2036 573 2058 erunt
598 2031 693 2058 vestri.
719 2032 746 2058 Si
771 2036 861 2058 autem
877 2028 915 2058 'in
939 2032 1035 2066 spiritu

239 2063 288 2091 Dei
307 2072 358 2098 ego
371 2063 451 2100 ejicio
473 2066 628 2098 daemonia,
655 2067 747 2100 utique
769 2063 997 2101 adpropinquavit
1013 2068 1033 2082 “

238 2106 323 2137 super
336 2107 384 2137 vos
395 2108 508 2136 regnum
523 2101 640 2137 Dei.Aut
650 2102 787 2136 quomodo
802 2106 891 2136 potest
903 2102 923 2118 "
940 2102 1037 2137 aliquis

239 2135 354 2162 introire
367 2136 393 2163 in
409 2135 518 2163 domum
535 2136 623 2169 fortis,
639 2135 667 2165 et
679 2144 742 2164 vasa
758 2135 816 2171 ejus
830 2137 967 2171 diripere,
985 2135 1035 2165 nisi

239 2171 314 2206 prius
329 2171 515 2206 laalligaverit
542 2172 630 2206 ipsum
656 2173 774 2200 fortem?
801 2177 828 2200 et
849 2177 905 2200 tum
924 2173 1035 2201 dotnum

239 2205 314 2233 illius
328 2205 446 2242 diripiet.
461 2207 511 2241 Qui
524 2205 579 2235 non
595 2213 637 2235 est
655 2215 772 2242 mecum,
787 2208 808 2223 “
822 2208 966 2236 adversum
993 2217 1036 2237 me

240 2247 282 2268 est
298 2243 402 2279 :etrqui
418 2251 472 2270 non
484 2250 631 2279 congregat
643 2251 747 2271 mecum
762 2265 769 2277 ,
786 2244 809 2259 ”
834 2245 946 2279 spargit.
973 2244 1036 2273 Ideo

239 2279 302 2305 dico
313 2278 392 2306 vobis
407 2287 414 2305 :
429 2279 516 2315 Omtte
530 2278 668 2314 peccatum
684 2285 712 2307 et
723 2278 930 2315 blasphemia“
944 2283 1036 2308 remit-

239 2318 334 2342 tuntur
348 2314 520 2347 hominibus;
537 2315 582 2350 qui
597 2318 685 2343 autem
704 2316 730 2343 in
744 2315 874 2350 Spiritum
902 2316 948 2344 Dei
980 2318 1036 2344 bla—

237 2350 481 2387 sphemaveritnon
492 2351 639 2378 remittitur
648 2352 683 2379 ei.
693 2351 727 2379 Et
737 2352 922 2387 quiquutnque
935 2352 1036 2380 dixerit

238 2386 349 2413 verbum
364 2386 496 2415 adversus
519 2387 603 2414 tilium
628 2386 767 2421 hominis,
793 2386 948 2415 remittetur
973 2389 1034 2416 illi:

238 2422 284 2455 qui
300 2427 388 2459 autem
404 2423 504 2450 dixerit
518 2427 612 2450 contra
627 2423 758 2459 Spiritum
778 2429 917 2457 sanctum,
943 2432 996 2451 non
1015 2424 1034 2439 ιτ

239 2458 387 2486 remittitur
396 2459 433 2493 ei,
448 2467 536 2494 neque
549 2459 578 2486 in
594 2458 779 2492 hoc’saecnlo,
789 2467 837 2487 ne-

653 1394 697 1416 lur
710 1389 736 1416 ei
751 1397 757 1415 :
770 1389 817 1424 qui
832 1393 923 1417 autem

652 1424 751 1452 dixerit
764 1429 858 1452 contra

653 1460 783 1495 Spiritum
801 1465 938 1494 sanctum,

489 139 623 168 EUSEBll
642 138 811 167 VERCELL.
832 137 1058 167 EVANGELIUM
1076 138 1149 168 CUM
1171 139 1285 168 VARIIS
1302 139 1381 169 COD.
1401 140 1601 170 COLLATUM.

1801 141 1846 169 2W

1289 198 1406 227 CODEX
1426 198 1652 227 VERONENSIS.

1491 249 1575 273 erunt
1586 246 1673 273 vestri.

1491 281 1538 310 28.
1559 281 1589 309 Si
1600 286 1683 309 autem
1692 282 1717 309 in

1075 244 1191 272 audiret.

1074 280 1121 308 23.
1143 280 1176 307 Et
1188 280 1334 315 stupebant

1075 323 1172 343 omnes
1184 317 1289 350 turbae,
1492 317 1591 351 spiritu
1602 317 1647 345 Dei

1076 357 1104 379 et
1118 351 1246 379 dicebant
1259 361 1265 378 :
1491 352 1562 380 eicio
1574 353 1719 386 daemonia,

1075 386 1210 424 Numquid
1231 388 1275 415 hic
1493 388 1586 423 utique
1596 389 1751 424 adpripiavit

1077 428 1119 460 est
1132 423 1204 460 titius
1492 424 1519 451 in
1532 431 1580 451 vos
1590 423 1697 460 regnum
1706 425 1766 452 Dei.

1078 458 1185 495 David?
1213 494 1217 495 γ
1270 494 1275 495 γ
1491 459 1536 488 29.
1558 461 1612 487 Aut
1622 458 1752 495 quomodo

1076 494 1122 522 24,
1139 494 1276 522 Pharisaei

1077 536 1168 558 autem
1181 529 1291 557 audien-

1079 571 1130 599 tes,
1146 565 1272 594 dixerunt
1284 575 1290 593 :

1078 602 1128 629 llic
1137 609 1191 629 non
1205 602 1244 629 ei-

1078 637 1116 665 cit
1130 637 1276 665 daemones

1079 673 1130 709 nisi
1146 673 1172 709 in
1190 672 1229 709 (tt)
1241 673 1334 701 Belze-

1079 708 1125 736 bul
1140 708 1161 744 -ί-
1175 709 1323 743 principem

1080 745 1295 772 daemoniorum.

1078 780 1124 807 25.
1140 779 1220 807 .lesus
1234 785 1323 808 autem

1079 816 1170 844 sciens
1184 815 1328 851 cogitatio-

1081 859 1130 879 nes
1142 859 1247 884 eorum,
1262 852 1331 879 dixit

1080 888 1121 915 eis
1134 895 1141 915 :
1155 887 1243 915 Omne
1253 895 1365 923 regnum

1081 923 1197 950 divisum
1211 928 1307 951 contra

1079 966 1120 991 se,
1131 958 1314 987 desolabitur:

1078 1000 1107 1022 et
1118 994 1206 1021 omnis
1219 994 1287 1022 civi-

1080 1036 1132 1061 tas.
1145 1030 1186 1057 vel
1201 1030 1297 1058 domus

1079 1066 1164 1093 divisa
1176 1071 1271 1093 contra

1080 1109 1120 1134 se,
1135 1108 1187 1129 non
1197 1102 1289 1129 stabit.

1080 1137 1126 1165 26,
1148 1137 1176 1164 Si
1191 1137 1263 1165 enim
1276 1137 1328 1165 Sa-

1080 1177 1158 1200 tanas
1169 1173 1285 1201 Satanan

1081 1209 1154 1241 eicit,
1166 1209 1297 1237 adversus

1082 1251 1112 1272 se
1122 1245 1225 1272 divisus
1238 1250 1295 1273 est:

1081 1280 1219 1315 quomodo
1233 1288 1299 1316 ergo

1081 1316 1165 1344 stabit
1178 1323 1290 1351 regnum

1080 1351 1126 1379 27.
1149 1352 1226 1387 ejus?
1238 1351 1315 1386 Quod

1082 1388 1106 1416 si
1118 1395 1168 1423 ego
1183 1388 1210 1415 in
1227 1388 1287 1415 Bel-

1082 1423 1161 1451 zebul
1175 1423 1243 1451 eicio
1255 1423 1293 1459 (ὁ)

1083 1459 1227 1487 daemonia
1242 1459 1263 1495 ἰ-
1278 1480 1286 1493 ,

1083 1495 1121 1522 ﬁli
1138 1496 1219 1522 vestri
1234 1495 1260 1522 in
1274 1502 1328 1530 quo

1083 1531 1201 1559 eiciunt?
1216 1531 1281 1559 Ideo

1084 1567 1136 1602 ipsi
1150 1566 1257 1602 judiccs

1493 500 1582 530 potest
1595 496 1656 531 quis
1667 496 1703 523 in«

1493 536 1566 559 lrare
1581 531 1607 559 in
1619 532 1724 559 domum

1493 567 1581 599 fortis,
1597 572 1626 595 et
1641 575 1701 595 vasa

1492 603 1552 644 ejus
1563 603 1692 645 diripere,

1493 646 1544 666 IIIS!
1557 646 1632 673 prius
1644 645 1727 672 ipsum

1493 674 1645 709 alligztberit
1658 675 1709 702 for-

1496 710 1572 737 tem?
1586 715 1614 738 et
1628 715 1691 738 tunc

1497 745 1608 773 domum
1622 746 1692 773 illius
1701 744 1813 780 diripiat.

1496 782 1543 810 50.
1562 781 1612 816 Qui
1629 789 1683 809 non
1694 786 1734 809 est
1746 788 1802 808 me-

1497 824 1570 851 cum,
1586 821 1681 845 contra
1693 825 1737 845 me

1497 858 1539 880 est
1550 861 1558 880 :
1569 858 1597 881 et
1607 854 1654 889 qui
1668 860 1718 880 non

1501 894 1650 924 congregat
1665 895 1768 917 mecum

1502 924 1644 960 dispargit.

1499 960 1530 987 51
1538 959 1553 988 ,⁷
1566 959 1630 988 Ideo
1644 961 1705 988 dico
1714 959 1803 987 vobis:

1500 996 1588 1024 Omne
1601 1001 1738 1032 peccatum

1500 1037 1528 1060 et
1542 1032 1708 1066 blasphemia
1722 1039 1765 1058 re-

1500 1068 1623 1095 mittetur
1639 1067 1751 1095 homini-

1500 1103 1567 1139 bus;
1578 1104 1625 1139 qni
1639 1107 1727 1131 autem

1502 1139 1528 1166 in
1544 1138 1677 1173 Spiritum
1691 1146 1753 1166 san-

1500 1180 1574 1202 ctum
1585 1174 1758 1210 blasphema-

1500 1211 1573 1238 berit
1588 1209 1752 1238 non'remit-

1501 1250 1575 1274 tetur
1589 1246 1627 1273 illi
1639 1250 1788 1282 peccatum.

1500 1281 1547 1310 52.
1568 1282 1601 1309 Et
1613 1281 1775 1317 quicumque

1501 1317 1602 1345 dixerit
1617 1318 1730 1345 verbum

1502 1357 1597 1381 contra
1614 1353 1698 1380 ﬁliuni
1712 1352 1762 1380 ho-

1503 1388 1597 1422 minis,
1613 1389 1766 1416 remittetur

1502 1425 1545 1452 ei:
1561 1424 1609 1460 qui
1623 1430 1712 1452 autem
1724 1423 1766 1460 di-

1503 1459 1576 1488 xerit
1587 1465 1682 1488 contra
1690 1459 1773 1494 Spiri-

1505 1500 1561 1523 tum
1573 1501 1710 1529 sanctum,
1725 1502 1777 1522 non

1505 1532 1660 1559 remittetur
1671 1532 1706 1563 ei.
1716 1538 1762 1558 ne-

1505 1575 1559 1602 que
1572 1567 1599 1595 in
1613 1567 1665 1595 hoc
1679 1566 1792 1599 saeculo,

1324 1624 1440 1653 CODEX
1455 1624 1654 1654 BRIXIANUS.

1128 1672 1162 1699 Et
1176 1672 1321 1706 stupebant
1332 1678 1429 1699 omnes
1455 1671 1550 1699 turbae
1560 1676 1587 1700 et
1601 1671 1739 1700 dicebant.
1753 1668 1854 1704 Numquid

1092 1707 1137 1735 hic
1149 1708 1272 1744 estﬁlius
1285 1706 1382 1735 David.
1426 1742 1441 1744 η
1703 1743 1718 1744 η
1826 1739 1846 1744 ..

1127 1743 1266 1771 Pharisaei
1279 1748 1368 1780 autem
1380 1742 1534 1780 audientes.
1550 1744 1687 1771 dixerunt.
1700 1743 1748 1780 ilic
1758 1751 1802 1770 non
1813 1741 1854 1780 eicit

1090 1779 1242 1807 daemonia.
1264 1779 1314 1806 nisi
1335 1779 1362 1806 in
1383 1779 1537 1806 Beelzebul.
1557 1780 1709 1814 principem
1730 1779 1854 1807 daemonio-

1092 1823 1162 1842 rum.
1188 1815 1267 1842 Jesus
1297 1818 1388 1842 autem
1434 1814 1523 1842 sciens
1567 1816 1747 1849 cogitationes
1779 1820 1852 1842 eumut.

1087 1851 1156 1878 dixit
1192 1851 1230 1878 eis
1265 1850 1352 1878 Omne
1388 1858 1499 1885 regnum
1525 1851 1641 1878 divisum
1676 1851 1809 1879 adversum
1826 1855 1854 1874 se-

1087 1888 1188 1921 ipsum.
1223 1886 1402 1914 desolabitur.
1431 1891 1459 1913 et
1484 1887 1573 1914 omnis
1600 1887 1696 1914 civitas
1726 1887 1768 1914 vel
1788 1885 1855 1921 domus

1087 1919 1172 1950 divisa
1199 1922 1329 1950 adversus
1353 1930 1392 1949 se.
1418 1929 1470 1950 non
1492 1922 1584 1950 stabit.
1612 1923 1644 1950 Et
1665 1923 1688 1949 si
1713 1919 1854 1950 Sattnasb'a-

1089 1963 1170 1986 tauan
1192 1959 1269 1986 eicit.
1293 1957 1423 1985 adversus
1438 1959 1615 1992 semetipsum
1640 1958 1744 1985 divisus
1757 1963 1794 1985 est
1810 1962 1854 1992 qutr

1089 1995 1170 2022 modo
1180 2001 1245 2029 ergo
1260 1994 1344 2021 stabit
1358 2000 1470 2028 regnum
1485 1990 1553 2027 ejus.
1567 1994 1643 2027 Quod
1659 1994 1682 2021 si
1701 2001 1752 2029 ego
1766 1993 1788 2020 in
1802 1990 1852 2029 Berl-

1088 2031 1164 2057 zcbul
1176 2028 1245 2057 eicio
1263 2029 1300 2065 (b)
1313 2029 1465 2056 daemonia.
1476 2029 1496 2065 ἰ-
1508 2029 1558 2056 lilii
1571 2030 1653 2057 vestri
1674 2030 1701 2056 in
1721 2037 1772 2064 quo
1784 2028 1854 2065 eiciunt

1088 2066 1161 2093 Ideo.
1175 2066 1224 2100 ipsi
1238 2065 1346 2099 jndices
1363 2070 1444 2092 erunt
1456 2066 1549 2092 vestri.
1565 2065 1593 2093 Si
1617 2070 1706 2092 atttem
1722 2072 1770 2100 ego
1788 2066 1808 2090 in
1819 2069 1855 2095 spl-

1089 2102 1141 2129 ritu
1163 2102 1209 2129 Dei
1224 2102 1293 2128 eicio
1306 2100 1459 2128 daemonia.
1476 2102 1569 2136 utique
1586 2102 1724 2136 praevenit
1738 2101 1763 2127 in
1782 2104 1853 2136 vaste

1087 2144 1170 2172 gnum
1195 2137 1252 2164 Dei.
1275 2136 1329 2164 Aut
1343 2137 1479 2171 quomodo
1494 2133 1593 2171 potest:
1615 2137 1675 2171 quis
1687 2137 1785 2163 intrare
1795 2136 1815 2162 in
1825 2133 1853 2158 (10-

1088 2171 1161 2200 inum
1178 2172 1255 2199 fortis~
1269 2177 1297 2199 et
1309 2172 1439 2207 vasaejus
1455 2171 1585 2207 diripere.
1596 2172 1646 2199 nisi
1655 2172 1730 2206 prius
1743 2172 1855 2206 alligaverit

1089 2208 1186 2236 fortem
1201 2212 1229 2235 et
1244 2213 1307 2235 tunc
1323 2208 1433 2234 domum
1447 2207 1507 2242 ejus
1518 2208 1627 2243 diripict
1642 2208 1693 2241 Qui
1709 2215 1762 2235 non
1775 2211 1808 2234 est
1819 2211 1853 2231 me-

1088 2252 1160 2272 cutn.
1183 2250 1277 2271 contra
1303 2251 1347 2270 me
1370 2248 1422 2270 cst.
1439 2249 1466 2271 et
1489 2244 1534 2279 qui
1552 2252 1604 2270 non
1624 2246 1855 2279 congregattnectltll

1088 2280 1200 2315 spargit.
1214 2279 1278 2306 Ideo
1294 2279 1354 2315 dico
1370 2279 1447 2306 vobis
1461 2276 1549 2306 omne
1566 2276 1704 2313 peccatum
1721 2276 1749 2306 et
1764 2276 1856 2315 blasphe-

1089 2312 1165 2343 mia.—
1173 2316 1328 2342 remittetur
1342 2314 1507 2342 hominibus.
1525 2312 1641 2349 Spiritus
1656 2319 1748 2341 atttetn
1765 2312 1855 2349 blasphtf

1089 2351 1141 2378 mia
1155 2358 1208 2378 non
1226 2351 1381 2378 remittetur
1391 2348 1556 2377 hominibus.
1574 2351 1604 2377 Et
1618 2350 1779 2385 quicumque
1790 2348 1857 2383 dixerit

1089 2387 1200 2414 verbum
1212 2386 1343 2414 adversus
1354 2386 1439 2413 filium
1456 2385 1586 2413 hominis.
1606 2387 1763 2413 remittetur
1782 2385 1810 2412 ei.
1826 2387 1855 2415 qut

1089 2428 1178 2450 autem
1194 2422 1294 2450 dixerit
1309 2422 1441 2449 adversus
1461 2422 1593 2456 Spiritum
1617 2427 1753 2449 sanctum.
1775 2427 1816 2448 non
1830 2424 1856 2444 r8-

1089 2459 1211 2486 mittetur
1225 2458 1262 2486 ei.
1278 2464 1366 2492 neque
1382 2457 1408 2484 in
1425 2457 1477 2485 hoc
1495 2457 1607 2485 sacculo

581 2505 779 2535 VARIANTES
799 2505 994 2535 LECTIONES
1013 2504 1145 2534 CODICIS
1166 2504 1222 2533 MS.
1243 2504 1273 2532 S.
1294 2503 1553 2532 GERMANENSIS.

271 2552 279 2567 ι
298 2550 436 2578 audientes.
448 2552 567 2578 dixerunt
578 2560 584 2577 :

270 2584 282 2599 -
299 2572 437 2608 ῐὲἑῑὶέιῖιῖἱ

270 2617 282 2632 ι
297 2613 384 2638 Sciens

269 2647 281 2662 ι
299 2645 355 2669 eis:

270 2679 281 2694 υ
297 2679 381 2700 contra
392 2682 420 2700 se
432 2675 585 2701 desolabitur
597 2685 603 2702 τ

269 2709 280 2724 ⁸
296 2709 381 2731 contra

268 2741 278 2756 ⁷
297 2738 324 2762 Si
336 2737 403 2762 enim

268 2772 279 2787 8
295 2768 430 2793 Beelzebul

266 2804 277 2819 ο
295 2800 413 2833 ejiciunt?

1126 2552 1149 2567 ¹⁰
1166 2550 1226 2575 Ideo
1236 2551 1282 2581 ipsi

1125 2583 1147 2599 ¹ι
1159 2582 1307 2613 adpropiavit
1319 2582 1344 2605 in
1357 2581 1425 2606 vobis

1125 2614 1148 2629 ²¹
1165 2614 1220 2638 auis
1234 2615 1326 2637 intrare
1458 2617 1462 2619 λ

1125 2621 1148 2629 ¹¹
1165 2621 1220 2645 QUIS
1234 2621 1326 2637 lllll'al'e

1125 2645 1148 2660 ιι
1165 2645 1302 2675 alligaverit
1314 2643 1418 2669 fortem?

1123 2676 1147 2692 ⁸⁸
1163 2680 1247 2700 contra

1122 2707 1145 2723 “'
1162 2707 1292 2738 dispargit.

1121 2738 1144 2754 “
1161 2732 1321 2763 remittuntur
1328 2736 1475 2762 hominibus.
1485 2735 1516 2762 Et
1526 2735 1674 2767 quicumque
1682 2734 1777 2760 dixerit
1786 2732 1854 2760 verbum

1088 2774 1173 2795 contra

1120 2802 1141 2817 ¹⁷
1160 2801 1302 2826 remittetur

908 2853 1093 2883 BLANCHINI
1112 2853 1218 2883 ΝΟΤᾹΞ
1224 2874 1230 2881 .

268 2905 306 2940 (a)
319 2903 420 2932 Tetitus
431 2902 545 2930 Gl‘iECllS
560 2901 748 2937 Βιε).ζεϐούλ,υι
759 2903 844 2931 codex
855 2901 1007 2935 Vercell.;V

1102 2910 1155 2930 non
1166 2899 1393 2938 geniinate.--(b)
1404 2899 1441 2928 lta
1452 2904 1480 2928 et
1492 2903 1583 2928 textus
1590 2896 1749 2932 ϐτωῦυεπὰ
1762 2895 1850 2932 δαιμόνιαι
