3894 6336
150 348 235 404 217

1081 342 1532 401 EVANGELIUM
1572 340 1945 399 SECUNDUM
1984 341 2421 401 MATTHIEUM.

486 460 719 517 CODEX
774 459 1320 518 VERCELLENSIS.

147 573 235 627 que
262 558 310 612 in
335 556 528 611 futuro.

148 626 225 688 33.
262 632 357 685 Aut
383 628 539 683 facite
571 668 585 680 .
623 666 637 681 .
675 626 811 683 .bo-

152 740 211 757 ..
240 742 253 754 .
280 717 325 755 m
356 701 581 767 bonam,

147 784 196 829 et
219 771 402 827 fructus
420 772 537 841 ejus

146 846 294 902 bonos
319 862 330 897 ε
360 853 449 897 aut
475 843 605 899 faci—

149 929 193 971 te
215 915 445 971 arborem
474 931 589 970 ma-

148 989 256 1052 lam,
289 997 339 1042 et
362 986 567 1041 fructus

147 1060 243 1129 ejus
269 1059 466 1113 malos:
497 1074 565 1115 ex

149 1132 293 1187 fructu
334 1132 477 1185 enim

146 1203 282 1257 arbor
295 1216 518 1274 cognos-

147 1284 291 1329 cetur.

146 1346 221 1401 34.
257 1345 539 1415 Progenies
578 1346 727 1417 vipe-

145 1432 315 1479 rarum.
342 1432 573 1486 quomo-

146 1490 202 1544 do
225 1490 434 1559 potestis
464 1490 561 1545 bo-

146 1576 200 1615 na
219 1561 369 1629 loqui,
388 1575 513 1615 cum

148 1632 243 1686 sitis
264 1633 417 1686 mali?
448 1632 529 1688 Ex
555 1648 613 1688 a-

145 1703 402 1758 bnndautia

940 555 1306 613 demnahitur.

941 627 1031 685 38.
1072 627 1227 682 Tunc
1265 623 1561 695 responde-

942 707 1071 755 runt
1098 700 1147 754 ei
1168 696 1386 769 quidam

943 771 1276 833 Scribarum,

943 852 999 899 et
1024 842 1465 908 Pharisaeorum,

944 914 1189 970 dicentes
1215 931 1228 967 :
1264 913 1375 967 Ma-

944 988 1131 1059 gister,
1162 984 1313 1067 volu-

946 1073 1066 1114 mus
1092 1067 1197 1112 ate
1222 1070 1437 1127 Signum

948 1132 1645 1185 59.........au—

947 1210 1056 1257 tem
1083 1216 1304 1270 respon-

947 1274 1081 1328 dens
1110 1274 1182 1327 ait
1215 1272 1319 1326 illis
1343 1288 1357 1323 :

948 1344 1237 1401 Generatio
1267 1357 1379 1397 ma-

949 1417 997 1471 la
1021 1426 1076 1471 et
1105 1415 1345 1469 adultera
1372 1413 1479 1484 sig-

948 1504 1077 1543 num
1102 1487 1316 1558 quaerit
1338 1502 1352 1540 :
1385 1496 1441 1541 et

945 1560 1159 1629 signum
1184 1572 1290 1613 non

947 1631 1163 1687 dabitur
1184 1630 1255 1695 ei,
1287 1629 1370 1683 ni-

947 1704 992 1758 si
1016 1703 1233 1773 signum,
1248 1700 1339 1756 Jo-

2238 459 2472 519 CODEX
2513 460 2970 521 VERONENSIS.

1808 568 1988 625 neque
2011 554 2064 608 in
2096 554 2298 611 futuro.

1808 626 1898 683 ‘53.
1940 625 2219 683 Autfacite

1807 699 2058 753 arborem
2087 698 2305 765 bonam,

1809 781 1864 825 et
1890 770 2121 824 fructum
2150 770 2270 840 ejus

1810 843 2010 898 bonum
2037 864 2051 896 :
2077 853 2167 896 aut
2188 842 2267 896 fa-

1810 914 1918 969 cite
1948 915 2197 969 arborem
2228 928 2343 969 ma-

1812 986 1916 1040 lam
1942 1026 1957 1052 ,
1988 996 2043 1041 et
2070 985 2303 1041 fructum

1810 1056 1927 1127 ejus
1955 1057 2155 1112 malum
2183 1076 2197 1113 :
2229 1072 2354 1113 nam

1812 1144 1876 1184 ex
1910 1127 2088 1184 fructu
2119 1129 2281 1185 arbor

1812 1202 2181 1271 cognoscitur.

1812 1272 1901 1327 54.
1921 1272 2215 1343 Progenies
2246 1274 2396 1343 vipe~

1812 1359 1993 1399 rarum
2018 1386 2032 1409 ,
2067 1346 2340 1412 quomodo

1851 1417 2042 1470 otestis
2070 1415 2211 1472 bona

1836 1488 1959 1558 oqui
1989 1530 2003 1553 ,
2032 1503 2154 1543 cum
2184 1489 2303 1545 sitis

1814 1558 1985 1613 mali?
2012 1559 2098 1614 Ex
2130 1560 2303 1616 abun-

1814 1630 1996 1687 dantia
2028 1631 2172 1686 enim
2199 1648 2321 1688 cor-

1813 1701 1898 1757 dis
1928 1718 1991 1757 os
2018 1703 2274 1773 loquitur.

2644 560 2713 615 de
2732 558 2936 614 Scribis
2959 599 2975 626 ,
3000 567 3055 615 et

2645 629 2940 699 Farisaeis,

2644 702 2889 757 dicentes
2912 719 2926 756 :

2640 773 2914 845 Magister.
2937 788 3034 830 vo-

2642 845 2819 900 lumus
2840 845 3043 917 aliquid

2642 932 2671 971 a
2706 926 2757 973 te
2788 918 3001 987 signum

2643 988 2845 1044 videre.

2640 1060 2732 1116 39.
2772 1059 2929 1115 Jesus
2955 1070 3135 1117 autem

2640 1131 2977 1203 respondens
3004 1134 3079 1187 ait

2644 1202 2750 1263 illis
2783 1220 2797 1257 :
2828 1202 3125 1261 Generatio

2645 1275 2788 1330 mala
2824 1285 2877 1329 et
2907 1276 3150 1331 adultera

2647 1349 2858 1417 signum
2886 1348 3103 1417 quaerit
3138 1368 3152 1404 :

2646 1429 2702 1475 et
2730 1420 2943 1486 signum
2973 1434 3079 1474 non

2644 1490 2860 1545 dabitur
2889 1489 2941 1544 ei
2963 1532 2978 1556 ,
3011 1492 3115 1547 nisi

2644 1563 2855 1633 signum
2878 1561 3049 1617 Jonae

2642 1633 2969 1703 Proplietae.

2642 1704 2731 1759 40.
2773 1705 2924 1761 Sicut
2944 1707 3087 1763 enim

3293 335 3401 392 218

950 1790 1049 1829 nae
1072 1772 1388 1844 Prophetze.

950 1848 1043 1902 40.
1082 1844 1234 1901 Sicut
1262 1846 1405 1899 enim
1431 1844 1511 1900 fn-

950 1919 989 1972 it
1017 1918 1185 1973 Jonas
1216 1917 1267 1971 in
1292 1932 1424 1972 ven-

950 1999 1031 2045 tre
1052 1990 1155 2045 ceti
1179 1988 1352 2043 tribus

948 2060 1162 2126 diebus;
1189 2068 1243 2115 et
1272 2061 1441 2116 tribus

950 2132 1232 2187 noctibus:
1278 2133 1347 2186 ita

948 2206 1051 2276 erit
1083 2202 1160 2276 (a)
1197 2212 1251 2257 et
1276 2204 1317 2275 οξ·
1348 2203 1516 2259 Filius

949 2275 1186 2331 hominis
1217 2278 1268 2329 iu
1300 2292 1423 2331 cor-

949 2346 1018 2402 de
1046 2356 1223 2401 terrae
1249 2349 1342 2403 tri-

950 2420 1051 2473 bus
1073 2419 1284 2481 diebus,
1316 2429 1371 2475 et

950 2492 1123 2547 tribus
1155 2492 1330 2545 nocti-

948 2561 1039 2616 41.
1085 2563 1206 2616 bus.
1247 2562 1355 2616 Viri
1388 2562 1477 2617 Ni-

949 2634 1164 2689 nevitae
1192 2650 1373 2689 resur-

949 2714 1083 2775 gent
1104 2707 1156 2759 in
1187 2706 1333 2775 judi-

950 2779 1036 2833 cio
1058 2793 1177 2832 eum
1210 2793 1373 2848 gene-

952 2850 1161 2904 ratione
1190 2850 1290 2903 ista
1317 2893 1332 2917 ,

950 2930 1003 2977 et
1028 2921 1289 2975 condem-

952 2992 1158 3048 nabuut
1184 3008 1302 3048 eam
1335 3013 1346 3049 :

951 3064 1073 3135 quia
1108 3066 1392 3135 paeniten-

954 3138 1079 3191 tiam
1111 3150 1340 3206 egerunt

953 3207 1005 3261 in
1039 3208 1317 3277 praedica-

952 3280 1098 3335 tione
1121 3279 1294 3336 Jonas.

538 3396 771 3454 CODEX
808 3397 1283 3455 CORBEIENSIS.

138 3507 225 3561 que
270 3494 324 3548 in
373 3492 573 3549 futuro.
624 3496 728 3549 Aut
783 3493 941 3550 facite
1018 3495 1267 3550 arborem
1361 3494 1579 3558 bonam,
1658 3503 1713 3551 et

138 3566 349 3619 fructmn
404 3566 521 3634 ejus
564 3567 765 3622 bonum
814 3585 826 3619 :
886 3574 977 3620 aut
1009 3567 1166 3622 facite
1194 3568 1445 3621 arborem
1489 3567 1711 3633 malam,

139 3645 181 3708 et
202 3636 424 3692 fructum
450 3638 569 3708 ejus
612 3639 813 3693 malum
843 3654 856 3692 :
887 3654 953 3693 ex
984 3637 1156 3692 fructu
1190 3640 1205 3669 ί
1235 3640 1380 3693 enim
1421 3639 1596 3693 omnis
1625 3654 1714 3693 ar-

138 3706 220 3761 bor
244 3706 575 3775 agnoscitur.
626 3710 920 3780 Progenies
951 3711 1280 3778 viperarum,
1315 3710 1589 3779 quomodo
1618 3728 1715 3779 po-

140 3780 267 3851 testis
294 3783 433 3835 bona
460 3781 627 3851 loqui,
654 3798 820 3851 quum
845 3781 960 3836 sitis
986 3782 1146 3835 mali?
1174 3785 1193 3812 ³
1216 3782 1348 3837 Nam
1363 3798 1426 3836 ex
1442 3782 1721 3837 abundan-

138 3850 196 3924 tia
233 3852 411 3906 cordis
463 3850 829 3924 unusquisque
874 3854 1107 3924 loquitur
1151 3853 1218 3908 de
1269 3870 1364 3908 ore
1408 3868 1508 3908 suo
1560 3854 1719 3907 mala.

137 3919 293 3995 Bonus
325 3924 491 3978 homo
516 3923 587 3978 de
616 3919 757 3979 bono
804 3919 1058 3979 thesauro
1092 3925 1295 3995 profert
1319 3926 1493 3978 bona:
1526 3934 1581 3979 et
1608 3940 1720 3979 ma-

138 3992 206 4046 lus
225 3996 385 4050 homo
412 3997 481 4050 de
503 3996 649 4050 malo
678 3996 931 4049 thesauro
962 3996 1163 4065 profert
1191 3992 1352 4052 mala.
1382 3997 1513 4050 Dico
1540 4007 1721 4049 autem

137 4066 288 4138 vobis,
321 4069 581 4135 quoniam
606 4081 769 4121 Omne
794 4070 1021 4122 verbum
1048 4071 1303 4135 otiosum,
1336 4068 1479 4138 quod
1513 4067 1720 4137 loquuti

135 4134 316 4192 fuerint
345 4134 615 4204 homines,
646 4139 879 4194 reddent
909 4138 929 4169 ³
960 4140 1027 4193 de
1053 4154 1119 4194 eo
1146 4134 1411 4195 rationem
1444 4142 1495 4193 in
1523 4134 1611 4194 die
1632 4140 1720 4207 ju~

135 4208 263 4279 dicit.
293 4210 316 4240 ³
356 4212 429 4264 hx
462 4209 644 4266 verbis
673 4211 816 4265 enim
847 4211 952 4264 tuis
982 4212 1393 4279 justilicaberis,
1425 4221 1477 4265 et
1506 4227 1572 4264 ex
1603 4226 1722 4264 ver-

136 4277 208 4352 bis
229 4283 333 4335 tuis
358 4282 833 4336 condemnaberis.
858 4277 1011 4336 Tunc
1038 4283 1436 4352 responderunt
1460 4284 1480 4313 ⁸
1505 4283 1574 4335 illi
1606 4283 1722 4352 qui-

135 4348 241 4405 dam
268 4369 335 4407 ex
385 4353 593 4408 Scribis
621 4353 1062 4418 Pharisaeorum,
1111 4348 1393 4410 dicentes:
1446 4348 1721 4423 Magister,

137 4423 365 4495 tolumus
389 4443 417 4477 a
446 4436 497 4479 te
529 4426 740 4494 signum
772 4424 975 4479 videre.
1006 4434 1026 4463 ⁸
1056 4428 1119 4479 At
1152 4426 1241 4480 ille
1286 4426 1620 4495 respondens
1650 4425 1726 4479 ait

138 4492 256 4565 illis:
289 4492 599 4551 Generatio'
620 4498 759 4550 mala
788 4507 843 4551 et
864 4498 1112 4551 adultera
1143 4498 1355 4564 signum
1377 4492 1598 4565 quaerit
1628 4515 1640 4550 :
1671 4507 1726 4552 et

137 4564 327 4637 signum
357 4582 464 4621 neu
487 4566 711 4621 dabitur
732 4569 802 4633 ci,
831 4568 931 4621 nisi
955 4569 1166 4637 signum
1195 4567 1368 4623 Jonae
1390 4564 1720 4636 Prophetae.

136 4633 270 4691 Sicut
293 4640 444 4694 enim
475 4638 577 4692 fuit
602 4638 767 4693 Jonas
800 4642 849 4693 in
877 4633 1069 4693 ventre
1095 4639 1201 4693 ceti
1232 4640 1399 4693 tribus
1430 4633 1644 4706 diebus,
1670 4649 1725 4695 et

137 4708 287 4762 tribus
315 4710 569 4765 noctibus
598 4726 612 4775 ;
643 4712 723 4765 sie
745 4712 764 4740 ⁷
794 4722 847 4765 et
880 4710 1047 4765 Filius
1077 4710 1311 4765 hominis
1348 4711 1448 4765 erit
1478 4713 1528 4763 in
1561 4711 1725 4767 corde

136 4784 290 4835 terrae
318 4782 492 4836 tribus
518 4782 728 4845 diebus,
760 4791 814 4836 et
843 4783 1014 4838 tribus
1045 4783 1312 4837 noctibus.
1345 4782 1457 4836 Viri
1507 4784 1528 4813 ⁸
1574 4780 1725 4836 Nini-

135 4850 239 4923 vitm
284 4863 516 4922 surgent
558 4851 611 4906 in
655 4852 863 4922 judicio
904 4856 1069 4908 cum9
1117 4854 1218 4907 hac
1240 4855 1612 4923 generatione,
1667 4864 1722 4909 et

136 4920 453 4979 damnabunt
496 4920 703 4997 illam':
750 4925 871 4996 quia
924 4920 1316 4997 poenitentiam
1377 4936 1608 4997 egerunt
1668 4926 1723 4982 in

135 4997 519 5061 praedicatione
561 4995 752 5053 Jonae.

145 1775 263 1830 enim
289 1774 468 1830 cordis

145 1862 193 1901 os
216 1847 456 1917 loquitur.

144 1918 219 1973 35.
255 1917 429 1973 Bonus
451 1918 614 1975 homo

144 1989 200 2044 de
222 1990 355 2045 bono
388 1991 542 2044 then-

145 2076 278 2116 sauro
296 2062 431 2117 bona
466 2078 589 2130 pro-

145 2131 257 2187 feret
287 2152 299 2186 :
329 2144 381 2189 et
413 2135 589 2190 malus

145 2204 281 2259 homo
299 2204 365 2260 de
392 2206 535 2260 malo

145 2274 412 2331 thensauro

145 2348 261 2402 mala
286 2347 512 2418 profert.

143 2418 217 2473 56.
255 2419 381 2474 Dico
405 2428 587 2476 autem
615 2435 709 2474 vo~

145 2488 231 2555 bis,
256 2492 508 2561 quoniam

143 2575 279 2616 omne
294 2564 513 2619 verbum

144 2635 371 2698 otiosum,
400 2635 545 2703 quod

144 2703 279 2760 locuti
308 2707 506 2761 fuerint

144 2772 393 2843 homines,
421 2778 547 2833 red-

142 2847 249 2902 dent
274 2849 342 2904 de
362 2864 431 2905 eo
459 2865 550 2904 ra-

146 2920 319 2974 tionem
343 2921 395 2976 in
418 2921 507 2976 die

142 2992 214 3073 5⁵1Σ
245 2992 454 3076 judicii:
484 2992 664 3049 Unus-

141 3078 343 3132 quisque
367 3081 511 3119 enim

142 3149 195 3187 ex
220 3136 397 3190 verbis
427 3150 515 3191 su-

143 3207 179 3257 is
199 3206 497 3275 iustiﬁcabi-

143 3286 229 3346 tur,
256 3289 349 3334 aut
371 3293 503 3335 con-

1813 1774 1905 1830 35.
1940 1775 2121 1829 Bonus
2146 1776 2289 1831 enim
2318 1776 2412 1831 bo-
2642 1774 2741 1831 fuit
2762 1776 2932 1834 Jonas

1815 1861 1903 1902 mo
1924 1847 1993 1901 de
2016 1848 2157 1900 bono
2644 1848 2695 1903 in
2719 1858 2910 1905 ventre

1817 1918 2111 1973 thensauro
2140 1920 2343 1989 profert
2642 1921 2746 1976 ceti
2777 1921 2948 1977 tribus

1818 1990 1957 2045 bona
1991 2008 2003 2043 :
2029 2000 2084 2045 et
2113 1992 2283 2046 malus
2644 1993 2833 2047 diebus
2855 2035 2869 2057 ,
2898 2006 2956 2049 et

2647 2064 2821 2118 tribus
2852 2067 3028 2121 nocti-

2646 2135 2783 2211 bus:
2801 2136 2898 2211 sic
2914 2141 3019 2194 erit
3039 2138 3115 2211 (η)

1817 2208 1979 2279 mala.
2170 2278 2173 2279 ν
2647 2216 2701 2279 et
2731 2207 2772 2279 -ι-
2800 2206 2969 2263 Filius

1814 2278 1905 2332 56.
1949 2282 2119 2333 Amen
2148 2278 2271 2334 dico
2302 2293 2398 2334 vo-
2652 2278 2889 2334 hominis
2912 2282 2966 2336 in

1817 2350 1932 2412 bis.
1962 2351 2216 2422 quoniam
2651 2351 2817 2406 corde
2838 2361 3016 2408 terrae

1815 2436 1977 2493 omne
2005 2423 2228 2477 verbum
2312 2458 2315 2459 ν
2655 2424 2831 2478 tribus
2856 2424 3048 2480 diebus

1816 2496 2051 2549 otiosum
2074 2536 2091 2561 ,
2125 2494 2267 2564 quod
2652 2503 2709 2548 et
2730 2495 2903 2550 tribus
2926 2498 3099 2553 nocti—

1816 2566 1980 2621 locuti
2011 2566 2216 2621 fuerint
2650 2567 2776 2622 bus.

1819 2637 2069 2693 homines
2093 2680 2108 2702 ,
2141 2637 2374 2694 reddent
2650 2638 2739 2692 41.
2776 2640 2884 2694 Viri
2910 2640 3192 2698 Ninevitae

1816 2710 1932 2779 ejus
1964 2711 2230 2782 rationem
2652 2722 2878 2779 surgent
2903 2714 2953 2766 in
2979 2712 3061 2782 ju-

1818 2782 1870 2835 in
1901 2782 1993 2853 die
2014 2779 2225 2853 judicii.
2653 2782 2798 2837 dicio
2824 2798 2944 2838 cum
2968 2779 3061 2853 ge-

1817 2853 1906 2908 57.
1950 2851 2334 2924 Unusquisque
2650 2854 2931 2909 ncratione
2960 2851 3034 2909 is-

1821 2924 1966 2981 enim
1994 2924 2174 2980 verbis
2650 2934 2734 2990 ta,
2765 2934 2819 2981 et
2849 2926 3107 2982 condem-

1815 2060 1981 2117 homo
2011 2062 2081 2117 de
2109 2064 2254 2117 malo

1815 2136 2111 2189 thensauro
2132 2135 2340 2206 profert

1818 2998 1932 3051 suis
1949 2996 2360 3066 justifieabitur,
2651 2998 2856 3051 nabunt
2882 3012 3000 3053 eam
3036 3014 3050 3052 :

1818 3077 1875 3123 et
1897 3069 2079 3123 verbis
2106 3070 2219 3122 suis
2650 3070 2773 3139 quia
2798 3071 3074 3139 paeniten-

1819 3140 2295 3195 eondemnabitur.
2654 3142 2782 3195 tiam
2815 3151 3045 3210 egerunt

1819 3212 1910 3267 58.
1952 3211 2102 3266 Tunc
2119 3210 2367 3268 adierunt

1819 3299 1942 3340 eum
1970 3282 2186 3355 quidam

2656 3212 2708 3266 in
2735 3213 3090 3279 praedicatio—

2654 3299 2778 3339 nem
2802 3283 2994 3340 Jonac.

2280 3398 2514 3457 CODEX
2551 3399 2950 3457 BRIXIANUS.

1816 3510 1994 3567 neque
2056 3494 2110 3550 in
2162 3495 2362 3550 futuro.
2404 3496 2505 3550 Aut
2572 3494 2731 3550 facite
2780 3495 3030 3550 arborem
3088 3493 3308 3567 bonam.
3365 3501 3423 3546 et

1817 3565 2047 3622 fruetum
2105 3567 2223 3637 ejus
2276 3568 2498 3623 bonum.
2542 3576 2634 3620 aut
2681 3566 2841 3621 facite
2895 3567 3148 3637 arborem
3196 3565 3414 3637 malam.

1819 3648 1876 3694 et
1896 3636 2143 3694 fructum
2166 3640 2286 3708 ejus
2316 3640 2538 3693 malmu.
2572 3654 2635 3692 ex
2665 3639 2839 3692 fructu
2867 3638 3009 3692 enim
3032 3636 3194 3690 arbor
3234 3636 3421 3689 dinos-

1825 3713 1985 3765 citur.
2037 3710 2338 3780 Progenies
2371 3710 2674 3779 viperarum
2708 3710 2983 3779 quomodo
3012 3709 3250 3777 potestis
3279 3708 3419 3760 bona

1827 3782 1971 3850 laqui
2005 3798 2126 3837 cum
2159 3783 2276 3836 sitis
2306 3782 2431 3835 mali
2480 3782 2556 3835 Ex
2584 3782 2920 3835 abundantia
2952 3782 3097 3835 enim
3126 3780 3329 3833 contis.
3359 3793 3423 3850 os

1829 3848 2089 3923 loquitur.
2128 3853 2310 3907 Bonus
2344 3853 2506 3907 homo
2550 3854 2621 3907 de
2664 3853 2806 3906 bono
2848 3856 3144 3923 thensauro
3178 3859 3203 3885 ει
3244 3848 3425 3903 eordis

1827 3920 2033 3994 profert
2060 3927 2220 3979 bona.
2263 3938 2317 3977 et
2358 3926 2529 3977 malus
2574 3922 2757 3977 homo.
2804 3924 2872 3977 de
2925 3922 3066 3975 malo
3107 3920 3420 3974 thensauro.

1827 3997 2029 4067 profert
2087 3996 2250 4050 mala.
2292 3996 2419 4051 Dico
2468 4004 2647 4048 autem
2694 3994 3193 4067 ivobisaquoniam
3258 4005 3423 4067 omne

1826 4061 2050 4123 verbum
2080 4068 2312 4122 otiosum
2330 4066 2471 4137 quod
2498 4067 2657 4137 locuti
2685 4066 2885 4119 fuerint
2908 4061 3155 4137 homines
3194 4061 3426 4137 reddent

1826 4142 1894 4195 de
1921 4156 1987 4193 eo
2015 4141 2281 4194 rationem
2335 4135 2386 4194 in
2414 4139 2503 4192 die
2531 4136 2740 4207 judicii.
2796 4138 2871 4191 Ex
2916 4136 3095 4190 verbis
3124 4135 3272 4207 enim
3317 4136 3423 4207 tuis

1822 4210 2055 4283 justifica
2086 4210 2114 4249 1’
2146 4210 2309 4283 veris.
2340 4220 2394 4265 et
2420 4226 2483 4264 ex
2510 4205 2815 4283 verbistuis
2844 4210 3145 4283 condeman
3196 4205 3224 4244 ι)
3254 4205 3420 4283 veris.

1900 4284 2048 4338 Tunc
2076 4282 2477 4351 responderunt
2505 4282 2553 4335 ei
2584 4281 2827 4351 quidam.
2869 4281 2937 4335 de
2964 4279 3169 4335 Scribis
3200 4287 3255 4331 et
3282 4276 3425 4351 Pha-

1832 4356 2047 4410 risaeis.
2078 4349 2344 4410 dicentes.
2375 4349 2647 4423 Magister.
2682 4352 2935 4406 volumus
2966 4368 2991 4401 a
3020 4362 3068 4404 te
3100 4351 3311 4423 signum
3344 4349 3425 4423 vi-

1827 4427 1980 4481 dere.
2026 4427 2187 4482 Jesus
2230 4435 2410 4481 autem
2454 4420 2793 4494 respondens
2844 4428 2919 4478 ait
2972 4423 3098 4478 illis.
3132 4420 3427 4476 Generatio

1828 4499 1987 4551 mala.
2037 4508 2092 4553 et
2142 4498 2412 4553 adultera.
2456 4498 2667 4567 signum
2710 4497 2924 4567 qumrit.
2956 4505 3011 4548 ct
3055 4494 3269 4562 signum
3320 4505 3425 4567 non

1826 4569 2044 4623 dabitur
2066 4570 2138 4624 ei.
2172 4570 2275 4623 nisi
2306 4562 2522 4640 signum
2547 4562 3067 4640 Jonae'Proplielac.
3104 4567 3256 4620 Sient
3280 4562 3424 4640 enim

1830 4640 1928 4694 fuit
1952 4640 2141 4695 Jonas.
2169 4643 2220 4694 in
2265 4633 2454 4695 venire
2485 4651 2505 4677 ο
2532 4641 2695 4694 coeti.
2729 4633 2901 4693 tribus
2927 4637 3121 4691 diebus
3160 4645 3213 4689 et
3247 4633 3424 4687 tribus

1829 4712 2099 4767 noctibus.
2132 4712 2210 4767 sic
2236 4714 2337 4767 erit
2362 4712 2532 4766 Filius
2564 4710 2799 4765 hominis
2824 4711 2875 4764 in
2906 4708 3071 4763 corde
3101 4715 3282 4761 terrae
3329 4704 3425 4757 tri—

1827 4781 1927 4838 bus
1958 4784 2149 4839 diebus
2178 4794 2231 4837 et
2262 4784 2434 4838 tribus
2459 4784 2731 4837 noctibus.
2768 4781 2877 4835 Viri
2900 4780 3173 4835 Ninivitae
3200 4783 3428 4843 surgent

1827 4854 1884 4909 in
1912 4855 2139 4929 judicio.
2170 4870 2291 4909 cum
2321 4855 2673 4929 generatione
2724 4853 2848 4908 ista.
2896 4863 2951 4929 et
2986 4848 3428 4929 condemnabunt

1827 4920 1967 5055 iam.
2028 4928 2155 4999 quia
2202 4920 2589 4998 paenitentiam
2617 4935 2865 4997 egerunt.
2925 4923 2977 4978 in
3024 4920 3427 4993 praedicatione

1863 5013 2021 5054 ouae.

1863 5013 2021 5054 ouae.

798 5110 1201 5168 VARIANTES
1240 5110 1626 5168 LECTIONES
1664 5111 1930 5172 CODICIS
1970 5115 2084 5173 MS.
2128 5116 2187 5171 S.
2229 5111 2741 5173 GERMANENSIS.

188 5204 202 5233 ¹
236 5206 365 5255 enim
384 5206 533 5256 arbor
554 5209 901 5267 cognoscetur.

188 5268 208 5357 ς
236 5269 620 5381 ἲοδὲἑωᾰιηὶὶει
645 5269 777 5319 enim
802 5268 967 5319 cordis
982 5280 1040 5319 os
1063 5267 1294 5333 loquitur.
1321 5267 1504 5331 Bonus,
1525 5276 1621 5320 etc.

185 5343 570 5458 {iiiiouseqfuisque
596 5396 819 5458 entmex
844 5393 1009 5445 verbis
1030 5395 1147 5455 suis,
1164 5393 1529 5458 justiﬂcabitur,
1548 5398 1632 5445 aut
1652 5407 1715 5445 ex

132 5454 282 5505 verbis
302 5454 404 5505 suis
424 5454 847 5507 condemnabitur.

1887 5210 1909 5239 ⁵
1944 5208 2003 5271 ad
2026 5207 2054 5257 J
2060 5222 2200 5259 esum
2224 5209 2417 5271 quidam
2442 5208 2507 5259 de
2530 5207 2718 5258 Scribis
2738 5213 2791 5256 et
2812 5204 3111 5259 Pharisaeis,

1891 5270 1913 5301 ο
1946 5270 2095 5321 Jesus
2114 5270 2279 5323 autem

1886 5334 1906 5363 ⁷
1944 5335 2039 5382 erit
2063 5343 2116 5386 et

1884 5395 1906 5426 ⁸
1936 5395 2197 5448 Ninevitae

1884 5458 1907 5489 ⁹
1940 5464 2267 5522 generatione
2292 5462 2401 5523 ista,
2430 5463 2483 5510 ef.
2504 5457 2897 5510 condemnabunt
2921 5469 3061 5507 eam:

1457 5565 1825 5624 BLANCHINI
1861 5566 2096 5625 NOTAE.

128 5624 510 5784 ni:‘eslarticnla
542 5659 633 5716 illa
658 5660 832 5717 cordis
860 5658 1058 5717 abrasa
1103 5669 1231 5728 est,
1262 5659 1359 5718 sed
1390 5659 1571 5718 adhuc
1593 5675 1706 5717 ma-

203 5868 277 5939 (α)
303 5870 522 5928 Addunt
568 5879 615 5925 ef
638 5906 655 5938 ,
687 5878 747 5926 ut
769 5870 892 5928 cod.
924 5869 1082 5927 Cant.
1110 5872 1191 5927 καί
1216 5905 1231 5937 ,

1884 5659 1913 5699 b
1943 5676 1974 5714 υ
2001 5676 2102 5730 pro
2137 5662 2166 5715 ὁ
2198 5670 2474 5733 usurpata.

1889 5742 1911 5771 ο
1944 5749 1976 5788 o
2008 5734 2061 5789 in
2086 5734 2212 5789 coeti
2240 5744 2323 5790 est
2354 5733 2572 5791 abrasa.
