1920 3169
255 148 309 177 21]

451 207 564 236 CODEX
592 206 859 236 VERCELLENSIS.

258 254 366 282 Etecce
377 255 436 290 plus
448 255 491 282 hic
673 262 702 282 ra
716 253 802 289 magis
816 260 896 290 quam

260 298 340 325 quam
356 289 447 318 Jdnas.
463 290 512 319 Sa-
536 318 539 321 ,
674 290 773 325 priora.
789 290 835 318 Sic
850 289 903 317 erit

260 326 305 354 62.
326 326 361 354 ba
371 326 470 362 Regina
673 325 843 361 generatioui

259 363 342 389 austri
353 370 443 390 resur~
674 362 738 389 huic
752 361 897 396 pessimae.

259 398 341 433 getin
360 405 474 433 genera-
673 397 721 425 46.
741 397 807 426 Hae.
830 417 838 425 .
860 417 868 424 .
890 417 898 424 .
915 404 995 433 nque.
1009 417 1017 425 .

260 432 331 461 tione
345 432 393 461 ista
406 435 433 461 in
676 438 712 461 te.
731 454 737 461 .
755 441 779 461 a.
804 453 811 460 .
835 454 842 461 .
863 453 870 459 .
886 432 967 462 urbas
981 454 989 467 ,

257 470 358 504 judicio
372 490 379 501 ,
396 476 421 497 et
436 479 502 499 con-
675 476 717 497 ec.
740 489 747 496 .
769 490 776 497 .
800 489 806 496 .
828 488 836 496 .
858 473 945 497 mater

260 505 395 532 demnabit
407 514 465 534 cam
481 516 488 535 :

259 541 320 575 quia
335 543 409 568 venit
426 543 460 570 ab

260 577 362 604 ultimis
376 579 462 612 parti-

260 613 308 639 bus
319 617 411 640 terrae
425 622 470 641 au-

259 648 320 676 dire
330 649 461 683 sapienti-

261 692 304 712 am
320 684 475 714 Solomonis
485 707 493 720 ,

264 725 292 747 et
306 727 369 748 ecce
381 721 443 755 plus
455 723 498 751 hic

264 764 344 790 quam
360 755 502 787 Solomon.

264 792 310 820 45.
331 792 398 820 Cum
410 799 499 825 autem
514 794 565 823 im-

264 827 382 856 mundus
395 829 509 864 spiritus

264 864 361 892 exierit
373 864 407 892 ab
420 865 468 893 ho—

265 900 351 933 mine,
367 901 458 929 ambu-

265 936 302 963 lat
318 943 365 970 per
377 936 435 965 loca

264 972 340 999 arida
357 980 483 1006 quaerens

265 1008 384 1042 requiem
395 1029 403 1041 ,
415 1014 443 1037 et

264 1043 316 1082 μ..
331 1051 383 1082 non
404 1044 517 1074 invenit.
532 1046 608 1082 Tunc

264 1079 329 1107 dicit
344 1089 350 1106 :
366 1080 470 1108 Rever-

266 1120 307 1142 tar
317 1116 344 1143 in
354 1115 466 1144 domum

266 1158 353 1178 meam
366 1173 374 1185 ,
391 1152 464 1180 unde

676 506 735 540 ejus
748 510 774 533 et
787 505 883 533 fratres

676 541 783 569 Stabant
795 541 859 569 foris
867 562 876 576 ,

676 585 692 611 q
697 585 728 604 ue
732 583 821 605 rentes

681 612 754 648 loqui
771 621 831 641 cum
848 620 892 643 eo.

679 648 724 676 47.
748 649 819 677 Dixit
831 653 921 677 autem

680 692 749 712 unus
764 685 803 712 illi
817 695 824 713 :
840 693 904 719 ecce

678 726 766 749 mater
777 726 820 748 tua
829 742 836 755 ,
850 726 879 749 et

677 756 775 784 fratres
790 758 827 785 tui

679 797 752 820 stant
763 793 830 820 foris

679 834 841 863 quaerentes

679 868 705 892 te
718 864 822 893 videre.

677 898 724 927 48.
746 900 923 936 Respondens

678 942 768 964 autem
780 936 859 965 Jesus
870 959 877 972 ,
889 939 930 967 di-

680 972 721 999 xit
736 972 795 1006 illi,
814 975 859 1008 qui
873 982 917 1003 se-

678 1015 740 1035 cum
753 1009 881 1043 loqueba-

680 1047 723 1070 tur
739 1053 746 1071 :
759 1045 824 1078 Quae
840 1050 882 1073 est

681 1084 769 1107 mater
780 1088 840 1108 mea
853 1102 862 1115 ,

682 1121 729 1151 aut
743 1116 789 1151 qui
804 1122 868 1145 sunt

681 1150 779 1179 fratres
794 1151 869 1181 mei?

265 1186 359 1215 exiiet.
378 1187 413 1214 Et
426 1189 538 1218 veniens
680 1187 727 1215 49.
750 1208 756 1214 -
781 1209 787 1215 -
804 1188 954 1218 extendens

266 1223 369 1250 invenit
382 1231 480 1252 vacan-
681 1230 789 1251 manum
805 1224 838 1252 ad

266 1263 320 1295 tem
331 1279 339 1292 ,
354 1264 381 1287 et
396 1268 473 1287 mun-
681 1259 826 1295 discipulos

264 1294 356 1322 datam
366 1316 373 1328 ,
388 1300 417 1324 et
430 1304 475 1330 ογ·
681 1294 762 1329 suos,
777 1295 846 1324 dixit
862 1306 869 1324 :

265 1330 311 1357 45.
332 1336 433 1358 natam.
451 1332 527 1361 Tunc
681 1330 753 1359 Ecce
766 1336 854 1360 mater

265 1367 354 1398 vadit,
367 1372 394 1394 et
409 1368 489 1396 adsu-
681 1374 742 1394 mea
754 1388 761 1400 ,
773 1373 800 1395 et
815 1367 914 1398 fratres

265 1402 314 1430 mit
324 1410 416 1430 secum
432 1403 489 1433 IIII.

264 1439 374 1473 spiritus
390 1440 458 1467 alios
470 1441 565 1478 nequi-

263 1482 324 1501 Orcs
341 1482 418 1509 qualn
430 1483 460 1503 se
471 1486 478 1509 ;

265 1514 292 1536 ct
305 1511 438 1538 intrantes

266 1546 387 1573 habitant
402 1547 428 1573 in
442 1555 472 1575 ea
487 1558 493 1577 :

680 1403 725 1431 50.
747 1404 810 1445 mei.
826 1404 955 1468 (Picum-

680 1447 732 1468 uue
744 1446 818 1467 enim
844 1449 906 1468 ece-

679 1447 732 1474 que
744 1439 818 1467 enim
833 1439 906 1471 fece-

679 1476 716 1502 rit
730 1475 855 1504 volunta—

680 1515 735 1539 tem
748 1511 837 1539 Patris
849 1513 919 1547 mei,

681 1547 729 1584 qui
743 1547 769 1573 in
785 1548 868 1577 caelis
878 1554 931 1584 est,

681 1582 740 1617 ipse
755 1590 832 1610 meus
849 1584 902 1618 fra-

683 1624 735 1652 ter,
751 1623 779 1646 et
792 1627 881 1655 soror,

682 1660 709 1682 ει
724 1659 809 1682 mater
824 1660 875 1684 est.

477 1722 592 1751 CODEX
609 1722 845 1751 CORBEIENSIS.

265 1774 297 1801 Et
309 1781 372 1801 ecce
384 1774 523 1809 plusquam
533 1776 540 1790 ¹
551 1775 634 1802 Jonas
648 1774 700 1801 hic.
712 1774 812 1809 Regina
821 1775 923 1802 austri’
932 1781 1059 1810 exsurget

265 1810 289 1837 in
299 1809 401 1845 judicio
407 1818 467 1837 cum
476 1811 525 1838 hac
531 1812 707 1846 generatione
717 1832 724 1844 ,
735 1816 762 1838 et
769 1811 906 1838 damnabit
913 1819 972 1838 eam
982 1820 988 1837 :
997 1809 1058 1845 quia

265 1846 338 1873 venit
351 1846 378 1873 iu
394 1847 488 1874 finibus
503 1853 590 1874 terrae
602 1847 696 1874 audire
710 1846 867 1881 sapientiam
885 1847 1037 1875 Salomonis
1049 1869 1056 1879 ,

263 1887 291 1908 et
301 1889 365 1909 ecce
382 1882 532 1917 plusquam
543 1882 673 1910 Salomon
690 1882 744 1909 hic.
769 1882 856 1916 Quum
872 1887 962 1909 autem
978 1883 1058 1916 spiri-

264 1922 305 1945 tus
321 1917 475 1946 immundus
488 1919 584 1946 exierit
606 1919 639 1945 ali
656 1918 779 1950 homine,
802 1918 813 1934 ⁸
830 1918 998 1953 perambulat
1011 1926 1058 1953 per

263 1953 322 1981 loca
337 1954 410 1981 arida
428 1959 453 1981 et
468 1954 578 1982 deserta
596 1954 608 1970 ‘
623 1954 780 1982 desiderans
796 1955 935 1989 requiem,
951 1960 978 1981 ct
1003 1962 1057 1982 non

261 1989 412 2017 inveniens.
430 1990 505 2018 ’I‘uuc
520 1991 586 2018 dic;t
603 2000 609 2017 :
626 1991 756 2017 Revertar
770 1991 795 2017 in
810 1990 820 2006 '
834 1991 944 2018 domum
957 1998 1057 2022 meam.

262 2026 424 2053 undeexivi.
444 2026 477 2053 Et
492 2028 602 2054 veniens
625 2026 649 2053 si
669 2027 679 2042 ⁶
702 2027 836 2053 invenerit
851 2031 992 2053 vacantem
1007 2047 1013 2055 ,
1031 2031 1058 2052 et

263 2061 428 2089 mandatam.
444 2062 454 2078 ⁷
465 2062 541 2089 Tunc
567 2062 666 2095 vadet,
681 2066 707 2089 et
728 2067 848 2089 assumet
864 2066 969 2096 septem
990 2061 1059 2088 alios

262 2096 372 2130 spiritus
389 2097 532 2131 nequiores
546 2105 575 2125 se
589 2098 661 2131 ipso;
676 2098 807 2124 intrantes
823 2097 983 2124 habitahunt
1001 2096 1037 2124 ibi
1050 2105 1057 2124 :

263 2138 290 2168 et
304 2131 371 2159 ﬁunt
386 2134 533 2160 novissima
549 2133 666 2160 hominis
678 2133 750 2160 illius
779 2133 870 2168 pejora
888 2134 898 2149 ⁸
913 2132 1057 2166 prioribus.

264 2167 309 2204 Sic
324 2168 375 2195 erit
387 2172 414 2195 et
423 2169 590 2203 gcuerationi
606 2168 667 2195 huic
678 2167 822 2204 pessimae.
840 2170 850 2185 ⁹
870 2168 1011 2204 Loquente
1025 2175 1060 2195 eo

263 2203 296 2230 ad
314 2204 422 2236 turbas,
438 2212 500 2232 ecce
513 2209 599 2231 mater
616 2203 686 2232 illius
701 2209 728 2231 et
742 2204 838 2232 fratres
854 2204 962 2232 stabant
981 2203 1059 2237 foris,

265 2239 486 2267 “desiderantes
511 2239 584 2274 loqui
608 2248 669 2267 cum
695 2248 738 2267 eo.
767 2242 802 2268 At
823 2241 868 2268 ille
892 2239 1060 2274 respondens

262 2275 331 2302 dixit
342 2276 381 2302 eis
397 2276 442 2311 qui
454 2283 545 2303 secum
558 2276 822 2311 loquebantur:Qu:e
834 2281 875 2303 cst
889 2280 975 2303 mater
987 2283 1059 2308 mea,

265 2312 285 2327 “
297 2316 343 2338 aut
354 2311 400 2346 qui
416 2316 479 2339 sunt
490 2312 586 2339 fratres
599 2312 663 2339 mei?
674 2312 861 2339 litextcndens
871 2319 979 2339 manum
990 2312 1012 2327 ¹¹
1026 2311 1059 2338 ad

262 2347 411 2382 discipulos
424 2355 489 2375 suos
501 2369 509 2381 ,
529 2347 615 2375 dixit:
632 2348 702 2375 Ecce
714 2351 800 2375 mater
822 2355 896 2379 mea,
919 2355 946 2374 et
962 2347 1060 2374 fratres

262 2383 326 2410 mei.
336 2384 527 2418 Quiquumqne
539 2384 611 2411 enim
623 2384 889 2411 feceritvoluntatem
900 2383 986 2410 Patris
996 2383 1058 2415 mei,

262 2419 308 2454 qui
323 2420 350 2447 in
360 2420 444 2448 coelis
459 2425 522 2454 est,
539 2419 561 2436 ¹¹
575 2419 618 2448 hic
634 2418 699 2447 mihi
724 2424 751 2447 et
774 2419 869 2453 frater,
882 2424 910 2447 et
929 2426 1018 2453 soror,
1032 2423 1060 2447 ct

263 2460 349 2483 mater
360 2460 412 2484 est.

264 1587 291 1607 et
308 1581 374 1608 fiunt
388 1584 478 1612 novis-

264 1616 333 1644 sima
350 1618 438 1645 homi-

218 1666 220 1668 ν
265 1652 307 1681 nis
318 1652 390 1681 illius
406 1654 482 1690 pejo-

509 149 642 178 EUSEBII
664 147 831 183 VERGELL.
852 148 1080 178 EVANGELIUM
1105 148 1177 178 CUM
1206 149 1413 183 unusnon.
1430 148 1630 178 COLLATUM.
1739 142 1744 151 ’
1808 149 1842 178 320

1319 208 1437 237 CODEX
1459 207 1678 241 VEBONENSIS.

1516 257 1568 298 lius
1583 257 1671 292 pejora
1684 264 1730 285 ma-

1519 300 1561 328 gis
1576 301 1655 327 quam

1522 328 1624 363 priora.
1639 329 1681 356 Sic

1520 364 1575 392 erit
1588 364 1742 399 generatioai

1523 400 1586 428 huic
1599 401 1729 434 pessimae.

1521 436 1567 464 46.
1590 436 1654 463 Haec
1664 444 1694 463 eo
1703 436 1736 464 lo-

1521 477 1622 507 quente
1636 472 1670 499 ad
1683 476 1732 499 tur-

1522 508 1571 535 bas
1581 529 1588 540 ,
1604 515 1668 535 ecce
1681 513 1752 541 mater

1522 543 1581 578 ejus
1596 548 1623 571 et
1638 544 1725 571 fratres

1522 579 1633 607 stabant
1649 579 1724 612 foris,

1522 618 1685 650 quaerentes
1698 615 1731 643 lo-

1523 652 1569 686 qui
1584 659 1647 678 cum
1660 659 1701 680 eo.

1559 687 1605 714 47.
1621 686 1692 714 Dixit
1704 691 1780 715 autem
1790 687 1810 720 ei

1524 723 1633 758 quidam
1651 731 1658 749 :
1670 730 1727 751 ecce

1526 763 1613 786 mater
1630 764 1685 792 tua,
1695 764 1721 786 et

1525 794 1623 822 fratres
1639 795 1676 822 tui
1690 794 1748 822 foris

1526 835 1598 858 stant
1611 836 1761 865 quaerentes

1529 866 1603 900 loqui
1613 871 1709 893 tecum.

1525 902 1570 930 48.
1586 901 1627 929 Ad
1648 901 1704 937 ipse

1528 945 1640 972 reSpon-

1527 973 1606 1006 dens,
1622 973 1721 1004 dicenti

1528 1009 1589 1042 sibi,
1602 1008 1640 1036 ait
1657 1018 1664 1036 :
1680 1011 1748 1045 Quae

1528 1050 1570 1073 est
1583 1045 1649 1072 mihi
1663 1052 1744 1075 mater

1527 1088 1599 1113 mea,
1615 1085 1643 1108 et
1658 1082 1748 1114 fratres

1529 1117 1575 1144 49.
1600 1119 1651 1144 mei
1664 1119 1676 1146 ?

1530 1152 1565 1180 Et
1580 1158 1675 1181 exten-

1529 1188 1596 1216 dens
1611 1197 1718 1217 manum

1530 1224 1557 1252 in
1573 1224 1720 1260 discipulos

1528 1267 1603 1292 suos,
1620 1261 1701 1289 dixit:

1528 1296 1598 1324 Ecce
1611 1301 1698 1325 mater

1528 1340 1599 1365 mea,
1612 1336 1640 1360 et
1658 1334 1750 1362 fratres

1528 1367 1575 1395 50.
1604 1369 1668 1404 mei.
1684 1369 1800 1403 Quicum-

1528 1411 1581 1439 que
1595 1406 1666 1432 enim
1681 1406 1750 1434 fecc|

1528 1439 1565 1467 rit
1577 1439 1741 1469 voluntatem

1530 1475 1618 1502 Patris
1631 1478 1696 1509 mei,

1530 1511 1576 1546 qui
1588 1511 1615 1538 in
1630 1512 1714 1540 caelis

1531 1551 1585 1579 est,
1598 1547 1655 1581 ipse
1671 1555 1745 1577 meus

1531 1587 1558 1610 et
1571 1583 1662 1617 frater,
1678 1589 1705 1611 et

1531 1626 1620 1653 Soror,
1635 1624 1663 1647 et
1676 1624 1760 1650 mater

1531 1659 1584 1683 εει.

1352 1723 1466 1753 CODEX
1486 1724 1684 1753 BRlXIANUS.

1114 1775 1146 1802 Et
1167 1782 1231 1802 crce
1255 1775 1395 1810 plusquam
1410 1774 1477 1802 Jona
1490 1775 1544 1803 hic.
1562 1775 1663 1811 Regina
1675 1770 1862 1811 austrisurgelil

1109 1810 1222 1845 judicio.
1236 1818 1298 1837 cum
1310 1812 1484 1845 generatione
1498 1811 1549 1838 ista
1562 1815 1591 1838 et
1603 1809 1750 1838 condemua
1760 1814 1772 1828 ι
1784 1809 1812 1835 vit
1822 1814 1862 1845 etin.

1110 1842 1173 1882 quia
1197 1846 1268 1873 venit
1283 1854 1297 1872 a
1311 1842 1413 1873 Iinibus
1429 1851 1526 1874 terrae.
1542 1847 1635 1874 audire
1655 1846 1803 1882 sapientiam
1820 1842 1863 1870 ειιψ

1112 1883 1208 1910 monis.
1226 1887 1253 1909 ct
1277 1890 1339 1909 ecce
1356 1883 1415 1916 plus
1428 1882 1574 1910 Salomone
1591 1882 1643 1910 hic.
1797 1916 1800 1917 ν
1842 1914 1844 1917 ι

1145 1918 1211 1945 Cum
1225 1923 1315 1945 autem
1332 1919 1477 1945 inmundus
1494 1918 1604 1953 spiritus
1632 1919 1728 1946 exierit
1747 1918 1778 1945 ab
1796 1916 1864 1943 homin!

1111 1954 1230 1980 ambulat
1255 1962 1300 1984 per
1325 1954 1381 1981 loca
1395 1954 1480 1981 arida.
1509 1962 1642 1989 quaerens
1671 1954 1786 1989 requiem
1805 1956 1863 1989 etho."

1111 1990 1225 2017 invenit.
1241 1989 1316 2017 Tunc
1326 1990 1399 2017 dicit.
1413 1984 1543 2017 Revertar
1558 1991 1583 2017 in
1606 1984 1718 2017 domuui
1731 1996 1815 2017 meam.
1825 1984 1865 2011 unde

1110 2025 1191 2053 exivi.
1210 2026 1242 2052 lit
1265 2025 1376 2053 veniens
1401 2026 1654 2053 invenitvacantem
1682 2027 1770 2060 scopis
1794 2021 1864 2050 arundi-

1112 2066 1177 2088 tanI.
1200 2067 1227 2088 ct
1251 2068 1385 2088 ornatam.
1402 2061 1477 2098 'I'uuc
1494 2061 1567 2089 vadit
1590 2067 1617 2089 et
1632 2062 1749 2093 adsumit
1773 2060 1865 2098 alitesel‘j

1112 2102 1165 2124 terti
1181 2098 1300 2132 spiritus.
1319 2098 1397 2132 nequi
1410 2096 1425 2116 ὶδ
1441 2098 1523 2125 liores
1540 2106 1579 2124 se.
1598 2103 1625 2124 et
1639 2099 1768 2125 intrantes
1791 2094 1866 2133 habita"l

1112 2132 1158 2161 ibi.
1174 2138 1199 2161 et
1217 2134 1283 2159 fiunt
1297 2134 1442 2160 novissima
1456 2133 1573 2160 hominis
1591 2133 1675 2160 illius.
1700 2134 1789 2168 pejora
1800 2135 1866 2168 irino"-

1113 2168 1173 2196 bus.
1191 2169 1236 2196 Sic
1248 2169 1299 2196 erit
1312 2175 1336 2196 el
1354 2169 1519 2201 generatiOni
1534 2169 1597 2196 huic
1613 2167 1759 2204 pessimae.
1773 2167 1866 2204 Adhuf'ee

1112 2205 1237 2235 lnqucnte
1244 2205 1276 2231 ad
1289 2205 1390 2231 turbas.
1403 2210 1559 2232 ecceurater
1570 2201 1629 2240 ejus
1646 2211 1672 2232 et
1687 2204 1790 2232 fratres.
1801 2201 1866 2230 stalunl

1112 2239 1176 2267 foris
1184 2245 1344 2277 quaerentes
1352 2240 1422 2275 loqui
1431 2241 1637 2268 ei.Dixitantem
1645 2241 1668 2268 ei
1676 2242 1782 2277 quidam
1788 2242 1866 2277 etei-iii:-

1113 2280 1153 2303 ter
1161 2281 1215 2303 tua.
1224 2281 1251 2303 ct
1258 2275 1355 2303 fratres
1362 2277 1408 2304 tui.
1415 2277 1479 2304 foris
1486 2281 1557 2303 stant
1564 2284 1642 2312 quaet
1649 2275 1728 2304 entes
1735 2276 1800 2310 loqui
1806 2277 1866 2299 tecum-

1112 2311 1153 2338 Ad
1162 2312 1207 2339 ille
1218 2313 1395 2347 respondens,
1405 2312 1545 2339 aitdicenti
1559 2312 1620 2339 sibi.
1630 2312 1689 2345 Que
1699 2317 1741 2340 est
1756 2315 1825 2338 mater
1835 2311 1866 2332 nt"

1112 2353 1138 2374 et
1153 2347 1198 2383 qui
1209 2352 1271 2375 sunt
1284 2348 1379 2375 fratres
1399 2348 1461 2375 mei.
1491 2348 1522 2375 Et
1545 2349 1694 2375 extendens
1711 2348 1866 2383 nlnnum_5lli”“

1112 2380 1349 2421 sup‘crdiscipulos
1360 2391 1424 2421 suos
1431 2384 1508 2421 dixit.
1520 2384 1587 2421 Ecce
1602 2389 1689 2421 mater
1702 2387 1797 2421 mea‘et
1809 2380 1867 2421 fratn’f

1112 2419 1356 2454 mci.Quicumque
1366 2419 1438 2447 enim
1460 2420 1553 2447 fecerit
1571 2420 1740 2447 voluntatem
1758 2419 1826 2446 Patris
1839 2419 1867 2454 mf“

1112 2456 1156 2490 qui
1167 2456 1192 2482 in
1199 2452 1281 2484 caelis
1291 2452 1333 2483 est
1347 2455 1406 2490 ipse
1414 2463 1490 2483 meus
1503 2455 1587 2484 frater
1600 2460 1628 2483 et
1641 2462 1721 2483 soror
1731 2459 1758 2483 et
1768 2452 1866 2482 nialere‘l'

1104 256 1138 284 Et
1152 263 1215 284 ecce
1227 257 1286 291 plus

1104 292 1150 320 hic
1164 300 1244 321 uuam
1259 292 1352 321 Jonas.

1104 328 1148 356 42.
1172 328 1275 361 Regina
1288 329 1372 357 austri

1104 368 1229 399 resurget
1242 364 1268 392 in

1102 400 1205 435 judicio
1225 408 1287 428 cum

1106 437 1283 470 generatione

1106 472 1157 499 ista
1165 492 1173 504 ,
1189 476 1216 499 et
1229 479 1294 499 cou-

1106 507 1245 536 demnabit
1257 516 1317 541 eam
1334 517 1341 535 :

1106 544 1168 578 quia
1180 544 1254 571 venit

1106 580 1141 606 ab
1156 579 1258 606 ultimis

1107 615 1228 650 partibus
1238 620 1325 645 terrae

1107 651 1202 678 audire
1217 652 1378 686 sapientiam

1108 686 1262 715 Solomonis
1274 709 1282 720 ,

1108 727 1136 749 ct
1149 730 1213 750 ecce
1228 723 1287 757 plus

1108 758 1153 785 hic
1167 766 1247 793 quam
1260 759 1311 787 So-

1110 795 1211 822 lomon.

1109 831 1155 857 45.
1176 829 1242 857 Cum
1258 835 1348 860 autem

1110 866 1266 893 immundus
1281 868 1335 902 spi-

1110 902 1178 929 ritus
1194 902 1290 930 exierit

1110 938 1145 964 ab
1159 938 1268 965 homine
1279 959 1286 971 ,

1110 973 1232 1000 ambulat
1247 981 1294 1008 per

1112 1009 1171 1036 loca
1186 1009 1262 1037 arida
1277 1014 1304 1036 et

1110 1044 1217 1072 deserta
1231 1052 1364 1080 quaerens

1110 1082 1231 1116 requiem
1241 1102 1248 1113 ,
1262 1086 1289 1108 et
1301 1089 1354 1108 non

1110 1115 1156 1144 4L.
1177 1115 1305 1144 inveniet.
1320 1117 1396 1146 Tunc

1111 1152 1178 1179 dicit
1192 1160 1201 1179 :
1217 1153 1348 1181 Revertar

1112 1188 1137 1215 in
1155 1188 1282 1221 domum,
1298 1197 1348 1216 un-

1111 1223 1145 1251 de
1159 1224 1241 1251 exivi.
1256 1225 1289 1251 Et

1111 1260 1224 1288 veniens
1234 1260 1257 1288 si
1274 1260 1348 1288 inve-

1113 1297 1185 1323 nerit
1199 1301 1339 1324 vacentetn
1350 1321 1357 1332 ,

1112 1332 1202 1366 scopis
1215 1332 1370 1362 mandatam
1382 1355 1390 1366 ,

1113 1367 1158 1395 45.
1180 1372 1207 1395 et
1218 1372 1352 1398 ornatam.
1369 1371 1445 1400 'l‘unc

1112 1403 1186 1430 vadit
1196 1424 1204 1436 ,
1219 1408 1247 1431 et
1260 1403 1377 1437 adsumit

1112 1446 1204 1466 secum
1213 1439 1279 1477 alios
1287 1447 1349 1477 sep-

1113 1479 1167 1502 tem
1180 1474 1292 1509 spiritus

1113 1512 1259 1545 nequiores
1272 1519 1352 1546 quam

1113 1554 1159 1577 se;
1175 1551 1203 1573 et
1214 1547 1347 1577 intrantes

1113 1581 1234 1609 habitant
1248 1583 1273 1609 in
1290 1591 1323 1612 eo
1339 1593 1346 1611 :

1113 1623 1142 1646 et
1155 1618 1223 1645 fiunt
1239 1620 1356 1648 novissi-

1115 1662 1157 1681 ma
1175 1654 1291 1682 hominis
1303 1656 1334 1683 il-

601 2525 802 2562 VABIANTES
821 2523 1014 2563 LEC'I'IONES
1032 2523 1165 2558 CODICIS
1185 2524 1241 2553 MS.
1263 2524 1293 2553 S.
1313 2522 1570 2558 GERMANENSIS.

295 2587 304 2602 ¹
322 2585 383 2610 Iona
394 2585 433 2611 hic
445 2589 491 2611 est.

295 2618 306 2633 ²
323 2619 439 2648 surget...
453 2617 509 2647 ista,
521 2619 548 2642 et
559 2616 763 2642 condemnabit...
774 2623 789 2641 a
800 2615 889 2648 finibus

296 2649 307 2665 ι
324 2648 432 2672 ambulat

296 2679 307 2695 ι
324 2685 448 2734 quaerens
459 2679 582 2710 requiem,
597 2683 623 2704 et
635 2685 685 2704 non
697 2679 800 2705 invenit.

296 2711 306 2727 ³
341 2717 430 2734 omum.
445 2710 510 2734 unde

296 2711 306 2727 ³
324 2710 430 2741 doumm,
445 2710 510 2735 unde

298 2743 308 2757 ⁸
325 2742 421 2767 invenit
432 2745 569 2772 vacantem,
581 2742 660 2773 scopis
671 2741 818 2772 mundatam,
833 2744 858 2767 et
868 2742 990 2765 ornatam.

297 2774 306 2790 ⁷
325 2772 396 2799 Tunc
405 2773 482 2805 vadit,
495 2776 520 2797 et
528 2769 632 2799 adsumit
638 2780 752 2799 secum...
761 2769 896 2805 nequiores
906 2776 978 2803 quam
984 2777 1021 2801 se-
1032 2769 1065 2800 Εἰ

1115 2582 1235 2606 intrantes
1246 2582 1390 2607 habitabunt
1402 2582 1426 2606 in
1439 2587 1496 2607 eum
1509 2588 1515 2606 :

1146 2613 1157 2646 εξ
1172 2614 1335 2646 magisquam
1348 2614 1436 2646 priora.

1145 2645 1155 2660 '
1172 2642 1241 2669 Haec
1253 2642 1370 2675 loquente
1382 2644 1413 2669 ad
1596 2674 1600 2676 _
1766 2674 1779 2676 __
1820 2665 1864 2676 ηλιι

1147 2667 1341 2708 manassent;
1347 2667 1416 2732 iisti?qu
1423 2695 1431 2708 ,
1441 2679 1500 2707 etc.,
1510 2678 1538 2706 at
1555 2674 1656 2706 Vulgata
1668 2680 1745 2706 usque
1756 2670 1832 2699 dicenti
1838 2667 1868 2692 si”

1148 2704 1169 2723 ¹¹
1189 2711 1215 2732 et
1226 2706 1315 2732 fratres
1327 2708 1377 2732 mei

1148 2704 1169 2723 ¹¹
1189 2704 1215 2732 et
1226 2706 1315 2732 fratres
1327 2708 1377 2733 mei

1148 2739 1170 2771 ιξ
1188 2739 1212 2763 in
1226 2738 1353 2771 discipulis
1362 2739 1423 2771 suis,

1147 2770 1171 2792 υ
1187 2770 1242 2801 ipse
1254 2777 1325 2795 meus
1340 2769 1427 2801 frater,

930 2837 1114 2877 BLANCHINI
1134 2837 1251 2867 NOTAE.

312 2895 325 2910 ι
340 2888 528 2918 εοηάεηιηαυίι.
544 2896 559 2917 υ
571 2895 621 2925 pro
635 2888 649 2917 ὁ
661 2892 797 2925 usurpata.

313 2929 328 2954 to
340 2927 360 2958 ιε
374 2927 401 2955 in
414 2921 586 2966 καθαίρων-εί,
602 2924 649 2962 lita
668 2928 709 2955 est
723 2921 739 2956 it
754 2923 863 2962 librario
877 2921 974 2960 [incola
999 2925 1161 2955 transversa.
