3894 6336
496 251 604 310 9.95
1024 256 1298 317 EUSEBII
1334 253 1680 314 VERCELL.
1721 251 2173 313 EVANGELIUM
2209 253 2354 315 CUM
2398 254 2624 316 VABIIS
2660 256 2814 315 COD.
2857 257 3251 318 COLLATUM.
3645 263 3730 322 224

878 376 1109 436 CODEX
1162 375 1714 435 VERCELLENSIS.

497 470 706 529 teretur
729 471 798 528 ab
817 486 905 529 eo.

500 545 588 600 l5.
643 543 768 601 ldeo
799 544 850 600 in
880 558 1107 615 paravo-

502 616 570 672 lis
599 616 790 687 loquor
819 617 926 674 illis
950 633 965 673 :

498 698 560 744 ut
589 688 835 744 videntes

499 774 608 816 non
634 759 877 827 videant,

499 840 554 890 et
574 831 857 888 audientes

500 917 608 959 non
639 902 880 959 audiant.

499 973 590 1031 14.
646 974 711 1030 Et
741 983 872 1032 tunc
895 974 1068 1047 inple-

615 1047 974 1201 pﬁiijigseiae
996 1118 1182 1178 dicen-

501 1189 611 1263 tis:
640 1188 718 1263 (_b)
739 1189 893 1263 Vade
921 1189 1009 1246 die
1040 1207 1138 1263 po-

499 1259 628 1331 pqu
658 1259 782 1316 huic
802 1261 845 1332 -ι-
875 1279 890 1326 ;
931 1259 1062 1319 aure

496 1332 752 1389 audietis.
786 1344 840 1388 et
866 1349 974 1389 non

500 1404 590 1460 15.
643 1404 988 1476 intellegetis.
1021 1404 1108 1463 In-

499 1489 681 1531 crassa
711 1490 808 1532 COI‘

499 1547 684 1617 populi
712 1547 870 1619 hujus
885 1589 901 1614 ,

497 1633 678 1685 aures,
705 1628 758 1675 et
779 1635 908 1675 ocu-

498 1689 581 1745 los
608 1705 799 1746 eorum

497 1776 660 1834 grava
695 1782 709 1816 :
738 1778 808 1819 ne
836 1778 1006 1834 quan—

497 1832 570 1888 do
594 1832 916 1891 convertan-

497 1914 609 1972 tur,
632 1915 688 1962 et
713 1921 900 1962 sanem

498 1975 592 2032 16.
632 1991 747 2034 eos.
782 1978 960 2034 Vestri

498 2057 675 2104 autem
710 2050 850 2106 beati
877 2064 939 2105 o-

495 2119 602 2175 culi
630 2121 722 2190 qui
743 2121 949 2190 vident,

497 2200 553 2247 et
581 2206 739 2264 aures
761 2207 903 2264 quae

494 2263 740 2319 audiunt.

496 2335 586 2389 17.
621 2337 794 2392 Amen
821 2335 943 2392 dico
969 2350 1067 2393 vo-

496 2405 602 2472 bis,
632 2408 778 2478 quod
809 2409 950 2463 mul-

495 2479 533 2532 tl
566 2479 860 2549 prophetae

493 2559 550 2606 et
568 2549 702 2620 justi
731 2551 918 2622 cupie-

1331 470 1645 526 audierunt.

1335 542 1423 598 18.
1458 542 1568 599 Vos
1591 557 1724 613 ergo
1751 542 1906 600 audi-

1336 623 1387 670 te
1415 614 1728 684 parabolam

1333 687 1675 741 seminantis.

1335 757 1426 832 19.
1468 758 1655 832 omnis
1678 757 1770 832 qui
1795 773 1890 815 au-

1333 829 1418 884 dit
1446 830 1671 885 verbum

1331 901 1510 971 regni,
1529 910 1585 956 et
1615 916 1723 957 non

1332 970 1621 1042 intellegit,
1649 987 1743 1029 ve-

1338 1043 1417 1098 nit
1447 1045 1622 1100 malus
1636 1087 1650 1109 ,
1682 1054 1739 1100 et

1333 1117 1476 1186 rapit
1499 1115 1645 1187 quod
1670 1131 1758 1172 se-

1337 1190 1601 1242 minatum
1627 1197 1714 1243 est

1336 1258 1389 1314 in
1417 1257 1584 1315 corde
1609 1259 1716 1314 illi-

1339 1345 1403 1385 us
1433 1349 1446 1385 :
1475 1329 1576 1413 hic.
1591 1340 1677 1386 est
1696 1330 1788 1402 qui

1337 1416 1496 1457 secus
1527 1418 1667 1457 Viam

1338 1475 1638 1529 seminatus

1334 1543 1427 1601 20.
1457 1554 1559 1600 est.
1591 1544 1697 1614 Qui
1736 1553 1918 1601 autem

1335 1629 1494 1686 supra
1520 1627 1671 1687 petra

1334 1688 1632 1744 seminatus

1334 1769 1441 1825 est,
1469 1761 1556 1817 hic
1574 1770 1678 1827 est,
1703 1761 1796 1832 qui

1335 1833 1561 1888 verbum
1585 1849 1681 1890 au~

1333 1903 1436 1971 dit,
1468 1913 1526 1961 et
1551 1906 1727 1962 conti-

1335 1992 1445 2032 nuo
1475 1993 1595 2032 cum
1618 1993 1751 2048 gau-

1333 2048 1425 2103 dio
1450 2050 1647 2120 accipit
1676 2049 1740 2104 il-

1333 2121 1424 2175 21.
1457 2121 1564 2175 lum
1595 2138 1607 2174 :
1633 2121 1730 2177 sed
1758 2137 1866 2179 non

1333 2190 1499 2248 habet
1526 2193 1580 2248 in
1607 2209 1668 2248 se
1688 2208 1776 2248 ra-

1331 2263 1532 2330 dicem,
1562 2265 1656 2320 sed
1677 2275 1762 2321 est

1332 2337 1667 2408 gamporalis.
1745 2396 1749 2399 ,

1332 2407 1496 2462 Facta
1527 2416 1709 2464 autem
1741 2407 1839 2462 tri-

1329 2477 1606 2552 bulatione
1640 2481 1710 2552 (c)
1732 2479 1822 2536 vel
1847 2479 1890 2551 -ιι

1329 2551 1710 2622 persecutione

2632 377 2866 436 CODEX
2903 379 3354 439 VERONENSIS.

2196 474 2469 530 auferetur
2498 473 2566 530 ab
2593 489 2680 531 eo.

2200 547 2289 603 15.
2323 545 2447 602 Ideo
2475 561 2582 602 non
2614 547 2668 601 in
2699 561 2793 615 pa-

2198 619 2403 690 rabolis
2431 618 2624 690 loquor
2645 619 2753 674 illis
2784 636 2799 674 :
2827 616 2905 690 (a)

2199 700 2256 744 ut
2281 689 2532 745 videntes
2555 704 2663 744 non
2684 690 2763 744 vi-

2198 761 2383 827 deant,
2411 769 2467 816 et
2487 761 2772 818 audientes

2146 858 2152 863 ·
2198 831 2515 898 audiant,et
2545 849 2650 888 non
2681 835 2765 889 in-

2203 905 2459 975 tellegant
2491 921 2504 958 :
2538 921 2606 960 ne
2635 903 2853 975 quando

2201 974 2962 1046 l4.convertantur.Ettune-j-

2201 1047 2255 1102 in
2279 1047 2385 1102 illis
2415 1064 2596 1102 sermo
2623 1048 2866 1116 Pr0phe-

2203 1118 2588 1192 tae_dicentis:
2609 1119 2685 1192 (ὁ)
2706 1119 2859 1192 Vade

2201 1201 2254 1245 et
2287 1189 2374 1246 dic
2402 1191 2603 1262 popqu
2621 1189 2757 1246 huic
2778 1190 2857 1262 οξ·;

2200 1276 2331 1316 aure
2358 1261 2613 1326 audietis,
2633 1272 2688 1317 et
2716 1261 2822 1317 non

2202 1333 2530 1403 intellegetis
2560 1352 2575 1388 :
2607 1343 2662 1388 et
2705 1333 2894 1390 viden-

2201 1411 2284 1458 tes
2311 1404 2587 1470 videbitis,
2613 1416 2666 1460 et
2693 1421 2802 1460 non

2201 1477 2227 1530 1
2240 1477 2292 1532 5.
2325 1475 2599 1531 videbitis.
2631 1477 2906 1549 lngrassa-

2203 1557 2315 1602 tum
2339 1555 2424 1602 est
2449 1549 2596 1603 enim
2625 1564 2722 1604 cor

2202 1619 2387 1689 populi
2416 1618 2602 1690 hujus,
2633 1631 2689 1676 et
2715 1635 2810 1677 au-

2204 1690 2354 1763 ribus
2380 1691 2492 1746 suis
2520 1693 2756 1763 graviter
2783 1707 2878 1748 au-

2202 1759 2440 1826 dierunt,
2471 1759 2737 1820 et'oeulos

2201 1848 2329 1888 suos
2355 1834 2720 1904 gravaberunt
2748 1854 2761 1890 :
2789 1850 2859 1892 ne

2201 1907 2417 1976 quando
2438 1905 2610 1960 oculis
2637 1906 2891 1976 videant,

2201 1987 2256 2031 et
2282 1977 2502 2031 auribus
2527 1978 2790 2046 audiant,

2201 2059 2258 2106 et
2281 2048 2448 2103 corde
2479 2049 2817 2122 intellegant,

2199 2132 2251 2175 et
2282 2130 2692 2187 convertantur,
2717 2132 2773 2178 et

2200 2207 2384 2246 sanem
2432 2206 2548 2247 eos.
2594 2193 2961 2250 lncrassatum

2198 2273 2283 2334 est
2309 2262 2453 2318 enim
2483 2278 2579 2320 cor
2605 2266 2791 2334 populi

2198 2333 2360 2404 hujus
2387 2376 2401 2400 ,
2451 2343 2506 2389 et
2552 2333 2714 2392 aures
2768 2352 2959 2393 eorum

2197 2406 2444 2473 obstrue,
2473 2416 2528 2462 et
2559 2409 2747 2463 oculos
2774 2424 2867 2463 eo-

2197 2493 2314 2532 rum
2343 2493 2505 2548 grava
2530 2497 2543 2532 :
2575 2495 2642 2536 ne
2669 2479 2886 2549 quando

2195 2557 2608 2616 convertantur,
2637 2560 2692 2607 et
2721 2567 2906 2608 sanem

3029 486 3083 532 et
3108 477 3236 545 justi
3263 475 3536 546 cupierunt
3553 479 3707 538 videre

3034 564 3175 619 quae
3202 548 3425 616 vidistis,
3447 557 3498 604 et
3521 566 3616 606 non

3032 620 3316 696 viderunt;
3342 630 3398 696 et
3424 622 3595 679 audire
3625 639 3734 696 quae

3035 707 3134 747 vos
3162 692 3407 757 audistis,
3431 703 3482 748 et

3040 779 3146 818 non
3179 763 3477 820 audierunt.

3036 835 3125 888 18.
3157 834 3266 891 Vos
3289 850 3416 904 ergo
3439 850 3528 891 au~

3041 905 3152 961 dite
3176 907 3483 976 parabolam

3039 978 3125 1032 19.
3151 979 3483 1050 seminantis.
3509 978 3620 1050 0m-

3036 1050 3120 1105 nis
3143 1049 3234 1117 qui
3257 1049 3406 1104 audit

3036 1121 3260 1175 verbum
3293 1120 3443 1191 regni
3462 1159 3477 1183 ,

3039 1201 3094 1247 et
3119 1206 3226 1247 non
3253 1192 3546 1261 intellegit,

3038 1265 3185 1319 venit
3213 1263 3407 1330 malus,
3436 1272 3488 1317 et

3037 1336 3177 1405 rapit
3203 1333 3344 1406 quod
3375 1333 3530 1390 semi-

3037 1415 3224 1462 natum
3247 1415 3331 1461 est
3353 1407 3405 1461 in

3035 1479 3202 1535 corde
3224 1478 3404 1532 illius:
3426 1476 3511 1532 hic

3035 1558 3121 1605 est
3141 1550 3229 1620 qui
3263 1565 3420 1605 secus

3036 1623 3176 1676 viam
3209 1623 3500 1676 seminatus
3527 1627 3618 1675 est.

3033 1693 3126 1748 9.0.
3156 1692 3262 1761 Qui
3286 1702 3460 1747 autem
3481 1706 3563 1746 su-

3036 1779 3133 1834 pra
3163 1775 3379 1834 petrosa
3409 1765 3484 1819 lo-

3037 1851 3101 1892 ca
3130 1836 3428 1891 seminatus

3035 1915 3139 1969 est.
3163 1907 3256 1962 hic
3285 1916 3389 1970 est,
3420 1906 3507 1976 qui

3034 1979 3264 2035 verbum
3285 1977 3451 2044 audit,
3477 1986 3529 2033 et

3033 2052 3294 2106 continuo
3330 2065 3450 2104 cum
3488 2047 3655 2120 gaudio

3034 2122 3233 2192 accipit
3263 2121 3392 2177 illud
3419 2140 3431 2175 :

3032 2194 3126 2250 2L
3166 2193 3266 2249 sed
3293 2209 3398 2248 non
3428 2192 3578 2248 habet

3035 2265 3089 2321 in
3118 2280 3178 2321 se
3207 2265 3440 2320 radicem
3466 2305 3479 2328 ,

3033 2337 3128 2392 sed
3165 2346 3253 2392 est
3276 2345 3540 2407 tempora-

3033 2409 3119 2464 lis.
3164 2408 3333 2464 Facta
3366 2418 3538 2462 autem

3035 2481 3387 2536 tribulatione
3417 2477 3489 2550 (c)

3029 2554 3120 2608 vel
3165 2552 3209 2624 -ι-
3241 2552 3563 2622 persecutio-

491 2632 618 2678 runt
641 2623 828 2678 videre

492 2709 633 2762 quae
660 2693 876 2760 videtis,

489 2775 547 2821 et
573 2780 679 2820 non
711 2767 899 2822 audie-

489 2845 651 2904 runt;
684 2848 739 2893 et
766 2853 865 2893 au-

489 2907 610 2980 dire
637 2925 778 2980 quae
800 2925 899 2965 au-

489 2979 620 3036 ditis
642 2979 668 3048 ,
687 2991 741 3037 et
771 2998 880 3038 non

1330 2632 1554 2694 propter
1580 2639 1703 2679 vel»

1332 2695 1480 2759 bum,
1511 2697 1771 2753 continuo

1329 2767 1750 2822 scandalizatur.

1327 2838 1419 2922 22..
1456 2840 1567 2922 Qui
1588 2847 1768 2923 autem
1797 2840 1851 2896 in

1326 2925 1502 2981 spnns
1530 2926 1767 2966 semina-

1327 2991 1435 3050 tur,
1469 2981 1556 3038 hic
1579 2991 1687 3052 est,
1709 2983 1800 3054 qui

920 3102 1154 3161 CODEX
1181 3101 1655 3160 CORBEIENSIS.

493 3202 548 3249 et
575 3194 719 3267 quod
743 3195 1200 3254 habetauferetur
1226 3197 1295 3252 ab
1322 3211 1408 3251 eo.
1465 3196 1483 3227 ¹
1533 3195 1765 3267 Propter
1791 3193 1896 3250 hoc
1919 3193 1972 3250 in
2005 3208 2094 3264 pa-

495 3266 696 3338 rabolis
722 3268 914 3338 loquor
941 3270 1048 3325 illis
1078 3287 1091 3322 :
1125 3279 1182 3324 ut
1205 3268 1455 3325 videntes
1488 3283 1594 3323 non
1621 3266 1875 3332 videant,
1906 3275 1963 3322 et
1998 3281 2095 3320 au-

493 3337 704 3410 dientes
762 3337 803 3370 "
828 3355 936 3394 non
993 3341 1251 3403 audiant,
1285 3355 1460 3410 neque
1497 3338 1816 3410 intelligant.
1848 3339 1916 3393 Et
1945 3347 2093 3410 tunc

497 3409 808 3482 implebitur
839 3414 890 3466 in
923 3412 1028 3466 illis
1072 3408 1594 3482 prophetiaVEsaiae
1633 3408 1869 3465 dicentis
1903 3428 1916 3462 :
1944 3408 2093 3465 Vade

499 3489 557 3534 et
575 3481 662 3534 dic
689 3483 884 3551 populo
903 3483 1055 3549 huic;
1073 3486 1093 3514 ³
1113 3481 1243 3538 aure
1267 3483 1521 3546 audietis,
1546 3491 1601 3536 et
1622 3497 1726 3536 non
1752 3482 2090 3552 intelligetis:

499 3561 555 3606 et
590 3553 834 3609 videntes
882 3553 904 3584 ⁸
957 3570 1062 3610 non
1103 3554 1379 3610 videbitis.
1413 3554 1774 3608 lncrassatum
1816 3563 1900 3606 est
1951 3554 2096 3606 enim

495 3636 592 3677 cor
636 3625 816 3694 pepuli
851 3626 1040 3694 hujus,
1078 3638 1133 3682 et
1170 3627 1392 3682 auribus
1458 3625 1694 3696 graviter
1733 3623 2023 3696 audierunt
2054 3625 2097 3689 ³,

501 3704 557 3748 et
583 3695 773 3750 oculos
797 3712 926 3752 suos
953 3699 1230 3754 Cluserunt
1265 3717 1278 3752 :
1308 3695 1597 3766 nequando
1623 3696 1795 3750 oculis
1832 3695 2050 3750 videant
2081 3735 2096 3758 ,

500 3775 556 3819 et
581 3768 801 3823 auribus
830 3770 1051 3824 audiant
1077 3812 1092 3837 ,
1132 3780 1185 3825 et
1222 3769 1390 3825 corde
1418 3767 1758 3838 intelligant,
1793 3775 1847 3822 et
1873 3781 2100 3820 conver-

501 3845 705 3904 tantur,
735 3848 788 3893 ct
817 3855 1002 3894 sanem
1035 3857 1148 3896 eos.
1182 3841 1361 3896 Vestri
1390 3851 1570 3895 autem
1623 3839 1765 3894 beati
1799 3839 1939 3893 oculi
1969 3839 1990 3868 °
2010 3838 2098 3906 qui

499 3909 702 3982 vident,
763 3923 818 3966 et
868 3928 1028 3968 aures
1081 3924 1293 3969 vestrae
1343 3927 1481 3982 quae
1508 3909 1751 3982 audiunt.
1776 3909 1949 3964 Amen
1980 3909 2101 3964 dico

500 3981 654 4056 vobis
688 4023 703 4045 ,
745 3984 868 4049 quia
913 3985 1067 4040 multi
1145 3981 1441 4056 prophetae
1506 3991 1587 4056 et-
1627 3981 1760 4052 jns1i
1818 3983 2102 4056 cupierunt

499 4052 686 4108 videre
737 4069 876 4124 quae
915 4058 933 4087 ⁷
987 4052 1202 4120 videtis,
1235 4052 1290 4111 et
1339 4072 1444 4111 non
1491 4055 1791 4116 viderunt;
1827 4064 1881 4107 et
1912 4053 2104 4124 audire

500 4126 677 4191 quae"
705 4123 928 4191 auditis,
960 4139 1011 4183 et
1043 4145 1148 4183 non
1182 4127 1488 4182 audierunt.
1517 4125 1627 4179 Vos
1653 4139 1784 4194 ergo
1806 4123 1988 4178 audite
2011 4139 2104 4192 pa-

503 4195 751 4251 rabolam
779 4201 1121 4254 seminantis.
1156 4198 1344 4253 Uninis
1373 4199 1464 4265 qui
1503 4197 1652 4250 audit
1675 4196 1902 4249 verbum
1931 4195 2100 4264 regni,

503 4275 558 4320 et
587 4282 694 4321 non
723 4268 995 4341 intelligit,
1021 4271 1170 4326 venit
1193 4270 1407 4335 malus,
1444 4277 1499 4324 et
1527 4269 1667 4341 rapit
1694 4266 1839 4341 quod
1871 4269 2105 4341 semina-

507 4346 619 4392 tum
651 4347 737 4394 est
766 4341 818 4396 in
847 4338 1015 4397 corde
1041 4344 1158 4410 ejus
1190 4357 1204 4394 :
1240 4341 1326 4394 hic
1349 4348 1434 4395 est
1462 4339 1556 4409 qui
1585 4353 1743 4394 secus
1772 4339 1913 4410 viam
1937 4338 2103 4394 semi-

505 4419 666 4482 natus
709 4423 814 4467 est.
869 4412 971 4480 Qui
1001 4423 1182 4468 autem
1210 4427 1374 4482 super
1403 4422 1622 4480 petrosa
1651 4409 1952 4463 seminatus
1997 4418 2104 4482 est,

505 4480 595 4535 hic
623 4493 728 4548 est,
750 4484 840 4554 qui
869 4483 1092 4539 verbum
1123 4480 1311 4551 auditi,
1360 4493 1415 4538 et
1449 4482 1707 4554 continuo
1748 4495 1870 4554 cum
1910 4481 2106 4550 gaudio

504 4556 525 4584 ε’
550 4552 916 4624 ειεεερίιῖιιυό
944 4574 958 4610 :
985 4571 1090 4609 non
1120 4555 1282 4609 habet
1305 4556 1356 4609 in
1378 4569 1439 4610 se
1463 4553 1725 4616 radicem,
1749 4552 1843 4607 sed
1869 4559 1955 4607 est
1971 4564 2107 4607 tem-

506 4627 734 4694 poralis.
770 4625 936 4680 Facta
966 4638 1145 4681 autem
1183 4626 1533 4680 tribulatione
1577 4633 1631 4680 et
1684 4626 2107 4696 persequutione

509 4693 732 4767 propter
761 4699 985 4753 verbum
1009 4740 1024 4761 ,
1057 4699 1320 4753 continuo
1341 4693 1761 4752 scandalizatur.
1789 4693 1896 4762 Qui
1925 4705 2104 4752 autem

508 4769 551 4799 ¹⁰
577 4779 662 4826 est
681 4770 982 4826 seminatus
1007 4771 1060 4826 in
1090 4771 1285 4841 spinis,
1307 4770 1394 4825 hic
1419 4777 1534 4833 est,
1560 4768 1654 4840 qui

2196 2621 2318 2676 illos
2345 2620 2478 2676 dicit
2507 2622 2789 2679 Dominus.

2197 2693 2286 2748 16.
2300 2692 2473 2748 Vestri
2487 2703 2668 2750 autem
2684 2695 2824 2750 beati
2838 2709 2961 2750 oeu-

2195 2764 2229 2820 li
2253 2765 2345 2835 qui
2371 2764 2591 2831 vident,
2613 2775 2669 2822 et
2691 2782 2854 2823 aures

2195 2837 2595 2908 quaeraudiunt.
3031 2838 3124 2892 22.
3164 2839 3275 2907 Qui
3294 2846 3472 2893 autem
3496 2837 3544 2891 in

2196 2907 2285 2964 17.
2316 2907 2490 2965 Amen
2511 2909 2634 2965 dico
2657 2925 2754 2966 vo-
3027 2910 3200 2979 spinis
3227 2910 3519 2966 seminatus
3537 2913 3629 2973 est,

2197 2980 2300 3048 his,
2317 2981 2459 3051 quod
2485 2981 2641 3037 multi
2661 2982 2957 3054 prophetae
3032 2982 3119 3038 hic
3139 2991 3251 3052 est,
3277 2982 3371 3055 qui

2662 3101 2894 3158 CODEX
2922 3100 3327 3160 BRIXIANUS.

2200 3193 2346 3266 quod
2375 3193 2540 3250 habet
2565 3195 2846 3251 auferetur
2872 3196 2942 3251 ab
2971 3211 3059 3250 eo.
3095 3195 3394 3266 Propterea
3432 3193 3483 3249 in
3511 3185 3736 3262 parabolis

2200 3265 2397 3336 loquor
2422 3267 2526 3322 eis.
2546 3266 2670 3337 quia
2698 3268 2945 3323 videntes
2965 3283 3073 3323 non
3095 3265 3285 3323 vident
3311 3276 3367 3323 et
3387 3266 3646 3338 audientes
3661 3272 3739 3338 non

2198 3333 2629 3411 audiuntneque
2657 3339 3002 3411 intellegunt.
3046 3339 3114 3394 Et
3138 3339 3380 3410 adimple
3409 3348 3433 3375 ιι
3468 3345 3604 3391 retur
3623 3333 3667 3387 in
3683 3333 3742 3411 eis

2201 3409 2486 3479 prephetia
2515 3409 2690 3464 Esaia:
2718 3409 2950 3466 dicentis
2991 3411 3180 3465 auditu
3211 3409 3463 3466 audietis.
3493 3418 3543 3462 et
3568 3418 3656 3460 non
3679 3409 3742 3479 jn°

2207 3471 2488 3550 tellegetis.
2520 3491 2574 3535 ct
2604 3482 2850 3538 videntes
2870 3483 3142 3537 videbitis.
3167 3493 3234 3555 _et
3263 3498 3370 3555 non
3410 3471 3742 3555 videbitis...“-

2205 3544 2505 3624 crassatum
2556 3562 2642 3607 est
2687 3555 2832 3608 enim
2892 3569 2988 3609 cor
3020 3553 3204 3624 populi
3255 3554 3436 3623 hujus.
3469 3564 3518 3604 et
3563 3544 3742 3602 auribus

2205 3623 2445 3701 graviter
2471 3624 2779 3701 audierunt.
2813 3636 2866 3682 et
2887 3625 3077 3701 oculos
3097 3623 3240 3701 ’suns
3256 3627 3745 3701 cluseruutqtequfllf-

2205 3685 2276 3749 do
2302 3695 2475 3749 oculis
2507 3695 2723 3750 videant
2752 3709 2808 3752 et
2857 3696 3081 3752 auribus
3109 3696 3354 3766 audiant.
3377 3704 3431 3752 et
3450 3692 3602 3766 corde
3623 3685 3744 3742 intel-

2206 3766 2411 3834 legant.
2445 3775 2501 3821 «ιι
2527 3777 2936 3824 convertantur.
2961 3780 3013 3822 et
3047 3784 3234 3822 sanem
3268 3783 3382 3823 eos.
3414 3765 3581 3822 Vestri
3605 3767 3743 3834 autem

2206 3832 2348 3893 beati
2379 3839 2519 3910 oculi
2540 3838 2663 3910 quia
2688 3840 2961 3896 vident.et
2988 3855 3149 3894 aures
3173 3850 3394 3895 vestrae
3409 3832 3741 3910 quiaaudiunl.

2206 3910 2379 3983 Anien
2412 3906 2745 3983 dico'vobis.
2777 3912 2903 3982 quia
2935 3911 3093 3966 multi
3131 3906 3496 3983 prophetaz'et
3520 3906 3746 3983 justum:

2207 3981 2428 4052 pierunt
2461 3982 2646 4037 videre
2677 3979 2816 4052 quae
2845 3999 2943 4038 vos
2984 3979 3201 4038 videtis.
3236 3979 3286 4038 et
3317 3999 3422 4037 non
3449 3980 3674 4052 viderunt
3703 3979 3742 4021 ct

2206 4050 2396 4128 audire
2421 4069 2558 4123 quae
2574 4069 2669 4128 vos
2697 4050 2914 4109 auditis.
2950 4064 3004 4111 et
3035 4071 3142 4128 non
3174 4054 3482 4128 audierunt.
3517 4050 3612 4128 Vos
3629 4054 3745 4128 6'89'

2207 4125 2391 4196 audite
2435 4121 2749 4196 parabolam
2780 4127 3124 4182 seminantis.
3154 4127 3348 4180 Omnis
3381 4125 3470 4193 qui
3499 4121 3634 4175 audit
3660 4127 3748 4196 ver:

2207 4195 2351 4272 butu_
2386 4191 2558 4268 regni.
2607 4207 2795 4253 etnon
2839 4199 3131 4272 intellegit.
3168 4201 3324 4272 venit
3340 4191 3540 4272 malus.
3572 4199 3619 4272 et
3643 4191 3749 4272 πέριξ

2209 4267 2353 4339 quod
2383 4267 2709 4324 setninatnm
2740 4280 2825 4324 est
2854 4273 2905 4326 in
2935 4271 3102 4324 corde
3127 4269 3387 4339 ejus.‘hic
3407 4276 3488 4322 est
3514 4267 3594 4334 qui
3625 4269 3745 4334 secus

2209 4338 2351 4393 viam
2379 4342 2680 4396 seminatus
2724 4352 2826 4397 est.
2856 4342 2958 4409 Qui
2988 4338 3166 4396 autem
3203 4355 3369 4410 supra
3394 4347 3594 4410 petrosa
3620 4340 3742 4383 senu-

2212 4418 2372 4467 natus
2398 4421 2500 4468 est.
2536 4413 2624 4467 hic
2643 4424 2727 4468 est
2753 4415 2842 4482 qui
2873 4408 3097 4468 verbum
3129 4411 3158 4451 ι)
3188 4408 3368 4467 meum
3396 4408 3542 4464 audit
3572 4412 3620 4458 et
3655 4411 3751 4476 ευρι-

2211 4482 2366 4538 ιίηυυ
2394 4498 2518 4538 cum
2545 4485 2742 4554 gaudio
2773 4487 2970 4554 accipit
3010 4484 3162 4539 illud.
3195 4498 3303 4538 non
3328 4483 3489 4538 habet
3515 4484 3682 4554 autem.
3708 4482 3745 4554 Ill

2209 4568 2270 4610 se
2297 4555 2532 4610 radicem
2545 4539 2652 4612 sed
2685 4567 2769 4612 est
2793 4539 3125 4625 temporalis.
3152 4553 3287 4610 Cum
3326 4565 3502 4609 autem
3524 4539 3751 4625 facta‘lue'

2211 4627 2282 4681 rit
2327 4627 2608 4699 tribulatio
2638 4628 2718 4699 (c)
2751 4628 2830 4683 vel
2962 4627 3272 4697 persecutio
3321 4635 3536 4699 propter
3574 4613 3750 4699 verbut“

2210 4697 2472 4754 continuo
2492 4696 2914 4755 scandalizatur.
2941 4696 3044 4768 Qui
3067 4707 3250 4756 autem
3274 4696 3332 4755 in
3350 4696 3517 4770 Spinis
3535 4699 3612 4748 est
3627 4697 3752 4741 senu-

2213 4779 2374 4825 natus
2402 4770 2488 4825 hic
2528 4780 2611 4826 est
2635 4772 2727 4842 qui

3034 2637 3104 2695 ne
3141 2633 3368 2695 promer
3392 2637 3508 2677 ver-

3035 2694 3188 2761 bum,
3232 2695 3489 2751 continuo

3032 2767 3490 2822 scandalizantur.

1198 4883 1594 4943 VARIANTES
1631 4882 2019 4941 LECTIONES
2057 4884 2327 4943 CODIClS
2364 4862 2470 4943 MS.
2513 4887 2573 4943 S.
2615 4887 3127 4946 GERMANENSIS.

571 4975 586 5007 Ι
625 4975 811 5007 πλοῖ-νυ.
831 4979 843 5007 ἓ

571 4975 586 5007 ,
832 4979 843 4992 .

508 4974 919 5150 Εῑῖἑὲιέῃξιέι
951 5053 1050 5092 non
1087 5041 1407 5107 intellegant;
1447 5041 1709 5105 nequando
1731 5045 2098 5092 convertantur.

551 5111 571 5150 t
587 5106 705 5149 tunc

573 5161 595 5193 ³
627 5162 794 5212 auditu
817 5165 1034 5216 audietis

574 5222 596 5291 ff
632 5224 873 5291 videbitis,
899 5234 953 5278 et
971 5240 1066 5276 non
1092 5230 1353 5291 aspicietis.
1380 5227 1711 5291 Ingrassatum
1735 5237 1812 5282 est
1832 5241 1920 5281 cor

575 5287 596 5317 ⁵
629 5286 918 5351 audierunt;
954 5303 1021 5340 ne
1043 5286 1237 5354 quando

2273 4980 2295 5047 ξ
2327 4982 2444 5043 quia
2467 4981 2664 5047 vident,
2691 4987 2744 5032 et
2765 4994 2915 5047 aures
2936 4995 3065 5047 quae

2271 5043 2294 5108 ἶ
2331 5055 2421 5108 vos
2438 5043 2721 5108 videtis,'el.
2738 5044 2912 5095 audire

2273 5105 2296 5136 ⁸
2330 5105 2554 5163 audistis,

2273 5168 2506 5232 {accipit
2529 5169 2645 5218 illud
2669 5169 2785 5220 :sed
2808 5182 2904 5219 non

2277 5229 2322 5260 ¹⁰
2355 5229 2408 5280 in
2429 5229 2584 5294 Spinis
2604 5235 2874 5284 seminatur

1841 5372 2211 5433 BLANCHINI
2247 5375 2481 5436 ΝΟΤᾸΕ.

588 5473 616 5501 ﬂ
649 5463 929 5544 Drusilla;
953 5465 1151 5522 litterae
1170 5483 1249 5536 re,
1278 5467 1332 5525 in
1362 5469 1754 5544 adimpleretur,
1797 5469 1906 5524 lita:
1931 5476 2061 5525 sunt
2084 5485 2114 5525 a

521 5533 744 5592 librario
766 5533 1317 5608 lineolatransver’sa.

2291 5473 2320 5514 ι)
2361 5475 2631 5534 Particula
2661 5477 2774 5546 illa,
2804 5495 2994 5550 meum,
3031 5479 3227 5536 extrita
3255 5489 3361 5536 est.

588 5677 782 5759 (a)]ta
805 5687 860 5759 et
1032 5688 1177 5735 cant.
1204 5681 1586 5759 ἶνα-βλέποντες
1606 5684 1952 5759 μήᾲβλέπῳᾳι,
1985 5684 2100 5759 xuii

2206 5680 2368 5759 ξσγτες
2389 5686 2460 5754 μὴ
2487 5679 2699 5759 muniet,
2721 5685 2805 5738 καὶ
2832 5688 2902 5759 μὴ
2931 5688 3188 5759 timaret,
3213 5690 3282 5759 μή
3312 5706 3434 5743 ποτε
3449 5676 3756 5759 Δὲπισρέψωσζ

527 5747 748 5828 καὶεί-ἅτε
778 5751 1170 5828 πληρωθήσεται
1191 5747 1576 5828 :_cui'concinit
1600 5747 1654 5812 ἐι
1686 5747 1918 5828 Vercell.
1951 5785 2021 5795 --
2048 5753 2100 5822 (b

2206 5752 2320 5828 dd_it
2347 5747 2474 5805 unde
2499 5762 2545 5828 et
2589 5747 2892 5826 άὶεροριίιο
2919 5757 3067 5824 huic;
3103 5747 3267 5815 etiam
3287 5759 3408 5814 cod.
3435 5747 3586 5814 Cant;
3609 5747 3760 5821 Μεθ’

527 5827 641 5880 θητι
669 5842 757 5877 και
777 5822 896 5878 εἰπὲ
910 5830 984 5893 τῷ
1004 5823 1110 5892 λαῷ
1136 5825 1305 5896 τούτῳ
1324 5866 1340 5894 ,
1372 5840 1440 5882 ex
1469 5827 1648 5884 Esaia.
1676 5855 1746 5870 -
1776 5827 1848 5896 (c)
1874 5825 1951 5883 ita
1975 5835 2030 5882 et
2058 5835 2100 5881 ιε

2206 5839 2235 5880 s
2253 5822 2474 5879 Griecus
2494 5823 2545 5882 ἥ.
