3840 6338
25 356 134 409 2Ξὸ

29 394 112 410 --ι

721 465 1263 526 VERCELLENSIS.

885 565 1146 621 crevisset
1172 563 1294 618 her-

886 637 974 702 ba,
993 645 1047 692 et
1068 634 1299 691 fructum

888 707 1122 772 fecisset,
1151 718 1276 760 tunc

884 780 1132 849 apparuit
1158 777 1233 850 (b)
1259 776 1399 832 ziza-

883 851 974 905 27.
1005 850 1116 906 nia.
1139 850 1337 904 Acces-

887 931 1075 979 serunt
1107 930 1287 976 autem

407 468 659 527 CODEX

25 568 246 623 verbum
272 580 370 621 au-

25 640 119 701 dit,
153 647 209 694 et
235 634 444 692 sollici-

28 711 210 766 tudine
236 723 434 764 saecu-

28 783 86 847 li,
113 792 165 837 et
190 781 442 834 volunta-

29 863 106 909 tes
131 852 447 907 divitiarum
470 891 486 918 ,

28 925 250 981 sulfocat
272 938 402 978 ver-

32 1014 172 1063 vum,
193 1006 248 1050 et
272 992 483 1050 infruc-

35 1078 208 1124 tuosus
238 1066 320 1120 ﬁt.

37 1143 122 1197 25.
146 1139 245 1209 Qui
268 1152 403 1194 vero
433 1136 492 1192 in
526 1143 646 1194 ter-

37 1227 140 1268 ram
168 1213 364 1266 bonam

37 1283 325 1340 seminatus

36 1365 132 1422 est,
157 1354 243 1410 hic
267 1363 383 1422 est,
411 1355 508 1425 qui

37 1428 178 1482 audit
195 1426 418 1481 verbum
439 1469 455 1493 ,

39 1511 91 1556 et
118 1497 383 1569 intellegit
402 1539 417 1562 ,
455 1494 535 1566 (a)

41 1580 160 1625 tunc
183 1570 225 1641 -ι-
256 1571 492 1625 fructum

40 1641 262 1706 adferet,
287 1650 343 1697 et
364 1641 441 1696 fa-

41 1715 116 1769 cit
136 1713 268 1767 aliut
294 1713 411 1782 qui-

44 1785 164 1838 dem
195 1782 254 1838 C.
288 1792 344 1840 et
371 1783 505 1837 aliut

43 1855 430 1926 sexagesimum
447 1894 464 1920 ,

45 1929 171 1981 aliut
199 1943 302 1982 xxx

43 1997 129 2052 24.
161 1999 333 2053 Aliam
363 2008 597 2067 parave-

47 2071 145 2125 lam
167 2069 444 2142 proposuit

47 2142 144 2197 illis
161 2184 177 2209 ,
208 2142 388 2197 dicens
414 2159 428 2194 :

49 2212 224 2269 Simile
245 2223 328 2268 est
355 2228 480 2284 reg-
884 2209 1108 2284 zizania,
1126 2224 1260 2284 era-7

55 2301 166 2340 num
189 2285 360 2341 caelo-
424 2281 445 2284 ⁷
873 2281 1088 2356 dicetis
1112 2282 1196 2351 (ά)
1223 2281 1383 2337 simul

57 2373 158 2411 rum
181 2357 343 2412 homi-
873 2353 938 2425 'et
963 2353 1005 2425 ’ξ’
1028 2353 1284 2408 triticum.

62 2429 140 2493 ui,
165 2428 246 2498 qui
271 2429 432 2484 semi-
849 2435 854 2440 ‘
883 2424 1104 2483 30.'Sed
1132 2425 1294 2481 sinite
1324 2431 1476 2480 utra-

64 2502 195 2555 navit
210 2502 393 2555 bonum
881 2512 986 2566 que
1015 2511 1265 2552 crescere

883 2583 1051 2638 usque
1080 2569 1146 2622 ad
1170 2583 1316 2623 mes-

888 995 1032 1050 servi
1063 993 1231 1063 patris

888 1065 1143 1128 familias,
1172 1073 1226 1120 et
1253 1063 1336 1118 di-

889 1146 1083 1193 xerunt
1110 1137 1158 1190 ei
1186 1154 1198 1188 :
1231 1135 1459 1192 Domine
1476 1174 1492 1199 ,

885 1225 1066 1265 nonne
1092 1207 1294 1262 bonum

884 1295 1070 1337 semen
1098 1281 1263 1334 semi-

888 1351 1025 1407 nasti
1054 1350 1108 1405 in
1136 1365 1268 1422 agro

887 1423 1014 1478 tuo?
1039 1422 1197 1479 Unde
1225 1437 1312 1478 er-

922 1509 955 1549 o
984 1495 1149 1550 habet
1181 1494 1323 1548 ziza-

921 1565 976 1622 8.
1021 1566 1154 1620 nia?
1189 1567 1252 1620 Et
1277 1566 1352 1620 ait
1377 1562 1487 1619 illis
1517 1579 1531 1616 :

884 1637 1140 1694 Inimicus
1170 1637 1266 1691 ho-

887 1725 976 1764 mo
1006 1708 1133 1763 fecit
1153 1708 1276 1764 hoc.
1309 1706 1383 1778 (ε)

885 1780 1082 1837 Dicunt
1105 1789 1131 1816 ⁸
1161 1790 1217 1835 et
1243 1795 1360 1835 ser-

884 1853 934 1907 vi
977 1851 1018 1923 -j-
1045 1892 1060 1916 ,
1088 1850 1181 1906 Vis
1203 1893 1218 1918 ,
1250 1851 1390 1906 imus
1409 1893 1423 1916 ,

884 1931 941 1978 et
965 1923 1270 1992 colligimus

883 1995 975 2051 29.
1003 2010 1066 2051 ea
1083 1995 1108 2047 τ
1135 1995 1281 2049 Dixit
1299 1994 1420 2050 eis:

881 2066 998 2121 Non
1025 2084 1038 2120 :
1072 2082 1140 2121 ne
1166 2066 1306 2122 forte

885 2138 1206 2208 colligentes

67 2585 230 2627 semen
255 2573 300 2626 in
325 2588 382 2626 a-

65 2642 144 2696 25.
181 2659 268 2714 gro
293 2658 409 2699 suo.
439 2644 582 2700 Cum
882 2655 1020 2705 sem,
1047 2646 1103 2694 et
1131 2639 1356 2714 intem-

63 2711 222 2770 autem
250 2715 449 2771 dormi-
883 2725 1014 2781 pore
1040 2711 1236 2766 messis

60 2797 168 2840 rent
188 2786 353 2842 homi-
881 2783 1058 2838 dicam
1088 2795 1294 2837 messo-

60 2858 152 2922 nis,
174 2860 308 2914 venit
333 2859 434 2914 ini—
882 2854 1066 2910 ribus:
1087 2853 1314 2924 Colligi-

60 2930 216 2984 micus
237 2930 353 2999 ejus
378 2973 392 2994 ,
884 2935 935 2999 te
961 2925 1195 2999 primum

884 2995 1110 3058 zizania.
1139 3005 1193 3052 et
1218 2995 1330 3052 col-

889 3069 1050 3139 ligate
1089 3083 1154 3124 ea
1193 3068 1353 3124 fasci-

60 3143 105 3196 in
133 3144 353 3200 triticum
381 3187 396 3211 ,
887 3141 1039 3196 culos
1070 3139 1136 3194 ad
1158 3155 1308 3196 com-

58 3212 140 3269 26.
169 3224 222 3272 et
248 3216 396 3272 abiit.
431 3214 546 3273 Sed
569 3227 706 3271 cum
887 3211 1190 3267 burendum
1215 3253 1232 3280 9

474 3324 724 3385 CODEX
748 3323 1217 3382 CORBEIENSIS.

59 3441 260 3498 verbum
283 3442 454 3512 audit,
475 3452 533 3500 et
556 3440 859 3499 solicitudo
886 3440 1133 3512 saeculi‘
1168 3439 1344 3505 istius,
1369 3445 1420 3495 et
1440 3437 1656 3512 fallacia

61 3515 367 3582 divitiarum,
388 3519 409 3548 ³
439 3510 684 3571 suffocat
711 3515 959 3576 verbum,
983 3522 1038 3568 et
1060 3510 1180 3567 sine
1200 3513 1373 3566 fructu
1397 3510 1653 3566 efficitur.

61 3585 151 3654 Qui
176 3588 367 3642 veroin
388 3597 601 3642 terram
623 3590 817 3642 bonam
831 3583 1130 3639 seminatus
1143 3594 1248 3647 est,
1277 3583 1367 3638 hic
1394 3593 1477 3637 est
1497 3623 1513 3648 ,
1539 3582 1657 3654 qui

63 3651 200 3712 audit
219 3659 466 3725 verbum,
489 3669 547 3714 et
578 3657 858 3728 intelligit,
901 3665 955 3710 et
983 3655 1213 3728 fructum
1246 3656 1423 3716 affert,
1454 3651 1658 3728 etfacit

64 3729 194 3782 aliud
219 3731 436 3800 quidem
488 3725 880 3793 centesimum,
920 3728 1079 3800 aliud
1112 3727 1132 3756 ³
1161 3737 1351 3800 autem
1375 3725 1656 3792 sexagesi-

63 3815 195 3854 mum
221 3797 249 3866 ,⁷
292 3817 458 3870 porro
501 3801 658 3855 aliud
704 3815 834 3855 vero
864 3797 1446 3870 tricesinmm._A|i_am
1494 3811 1653 3864 para-

66 3871 227 3926 bolam
275 3868 567 3943 praposuit
625 3873 755 3936 illis,
807 3869 998 3926 dicens
1046 3887 1060 3923 :
1119 3868 1310 3943 Simile
1335 3868 1542 3943 factum
1574 3877 1657 3920 est

67 3940 590 4010 regnum'coelorum
623 3944 854 4007 homini,
877 3943 970 4011 qui
1016 3940 1301 3994 seminavit
1334 3940 1533 4011 bonum
1571 3953 1658 3992 se-

69 4030 180 4068 men
217 4018 269 4070 in
297 4032 428 4086 agro
469 4032 600 4070 suo.
632 4015 806 4082 Quum
840 4010 1018 4067 autem
1051 4011 1367 4086 dormirent
1387 4010 1658 4086 homines,

68 4087 204 4157 venit
230 4080 483 4141 inimicus
511 4080 677 4157 ejus,
727 4095 783 4139 et
821 4081 1276 4152 superseminavit
1311 4080 1531 4157 ‘zizania
1555 4081 1579 4157 ξ
1605 4081 1660 4136 in

69 4155 235 4211 medio
255 4158 443 4222 tritici,
468 4166 527 4212 et
543 4152 739 4218 abiit."
761 4157 939 4224 Quum
971 4167 1148 4209 autem
1176 4153 1440 4208 crevisset
1467 4152 1655 4220 herba,

70 4238 116 4280 et
145 4228 365 4285 fructum
396 4230 644 4292 fecisset,
675 4237 805 4283 tunc
834 4235 1200 4297 apparuerunt
1220 4235 1275 4280 et
1296 4224 1523 4279 zizania.
1555 4229 1659 4278 Ac-

70 4299 310 4370 cedentes
343 4308 530 4355 autem
573 4301 720 4355 servi
753 4299 773 4329 ⁶
804 4297 1228 4370 patrisfamilias,
1273 4297 1527 4370 dixerunt
1566 4298 1654 4370 ei;

77 4369 304 4438 Domine,
333 4387 520 4426 nonne
551 4372 752 4426 bonum
781 4368 966 4426 semen
991 4370 1270 4426 seminasti
1294 4368 1347 4423 in
1375 4383 1505 4438 agro
1529 4368 1656 4422 tuo?

74 4437 214 4496 Unde
240 4459 368 4514 ergo
397 4444 568 4499 habet
595 4443 846 4497 zizania?
879 4441 946 4514 Et
971 4445 1048 4495 ait
1087 4441 1198 4494 illis
1216 4459 1236 4514 _:
1269 4437 1523 4514 inimicus
1557 4441 1653 4492 lio-

74 4526 154 4563 mo
175 4514 272 4568 hoc
293 4511 437 4570 I'écit.
465 4516 486 4546 "
513 4514 671 4568 Servi
695 4522 878 4569 autem
897 4513 1158 4568 dixerunt
1178 4512 1251 4576 ei,
1278 4511 1392 4574 Vis,
1417 4512 1579 4577 imus,
1603 4518 1661 4565 et

74 4584 358 4654 colligimus
385 4602 447 4640 ea
466 4587 492 4639 ἲ
524 4586 594 4640 Et
613 4587 690 4640 ait
715 4602 728 4639 :
765 4585 882 4639 Non
911 4602 924 4638 :
958 4600 1025 4639 ne
1060 4583 1200 4637 forte
1223 4582 1543 4651 colligentes
1579 4583 1659 4637 zi-

76 4657 231 4722 zania,
263 4658 560 4712 eradicetis
593 4657 755 4712 simul
787 4659 809 4687 “
848 4671 972 4710 cum
1005 4655 1083 4711 eis
1109 4665 1165 4710 et
1195 4655 1454 4709 triticum.
1485 4655 1660 4710 Sinite

79 4737 287 4798 utraque
315 4743 572 4784 crescere
600 4742 772 4797 usque
818 4727 885 4781 ad
935 4741 1166 4782 messem
1194 4768 1208 4791 ,
1246 4736 1303 4781 et
1332 4727 1385 4781 in
1413 4734 1661 4798 tempore

80 4797 255 4852 messis
281 4800 460 4855 dicam
493 4800 828 4855 messoribus
854 4817 867 4852 :
895 4797 1146 4870 Colligite
1170 4798 1402 4868 primum
1428 4797 1658 4862 zizania,

80 4877 129 4921 et
151 4871 360 4942 alligate
385 4876 406 4906 ’
436 4887 504 4928 ea
551 4872 605 4927 in
632 4871 921 4928 fasciculos
947 4871 1014 4925 ad
1044 4870 1474 4926 comburendum
1501 4910 1516 4934 ,

57 3009 105 3053 et
127 3002 443 3083 supersemi-

60 3083 190 3126 ηςινιι
217 3088 414 3128 zizanta

1018 342 1468 404 EVANGELIUM
1508 341 1899 402 SECUNDUM
1939 340 2372 400 MATTHEUM.

1675 2333 1678 2335 Α
1765 2276 1974 2331 audiat.

3253 337 3359 394 226

2198 459 2434 518 CODEX
2473 457 2932 518 VERONENSIS.

1763 557 1990 613 verbum
2022 553 2200 620 audit,
2597 552 2886 608 seminavit
2914 549 3057 606 ziza-

1761 638 1822 685 et
1852 643 1947 698 per
1976 623 2297 698 sollicitudi-
2599 625 2688 680 nia
2717 625 2770 680 in
2805 624 2942 698 triti:

1762 694 1886 756 nem
1911 698 2115 755 saeculi
2141 697 2240 752 hu-
2596 711 2744 759 cum,
2774 707 2829 752 et
2849 694 3000 750 abiit.

1758 773 1872 843 jus,
1896 782 1954 843 et
1977 771 2168 843 volup-
2597 767 2690 843 26.
2731 767 2836 843 Sed
2863 782 2987 843 cum
3009 779 3134 823 cre-

1765 837 1904 899 tates
1927 841 2066 899 divi-
2107 837 2123 842 ’
2415 864 2423 870 ·
2601 839 2771 895 visset
2795 837 2984 903 herba,

1763 916 1984 982 tiarum,
2012 912 2178 969 sull'o—
2600 919 2658 982 et
2677 909 2910 966 fructum
2934 907 3016 964 fe-

1762 995 1892 1043 cant
1913 981 2159 1051 verbum,
2181 995 2239 1040 et
2601 981 2790 1048 cisset,
2818 990 2944 1038 tunc

1763 1058 1884 1114 sine
1905 1057 2084 1114 fructu
2113 1057 2231 1113 efli-
2601 1062 2968 1124 apparuerunt
2997 1051 3075 1125 (b)
3106 1051 3332 1110 zizania.

1762 1131 1924 1186 citur.
2601 1126 2696 1181 27.
2735 1125 3098 1181 Accesserunt

1761 1203 1857 1258 25.
1888 1201 1990 1270 Qui
2018 1217 2149 1258 vero
2171 1201 2225 1257 in
2254 1208 2367 1256 tcr«
2421 1254 2428 1261 .

1765 1289 1883 1329 ram
1909 1276 2106 1328 bonam
2136 1287 2226 1328 se-

1764 1345 2003 1400 minatus
2030 1353 2135 1411 est,
2160 1343 2251 1400 hic

1765 1426 1871 1480 est,
1895 1416 1985 1485 qui
2010 1416 2163 1470 audit

1765 1488 2013 1552 verbum,
2039 1496 2096 1543 et
2129 1487 2211 1542 in-

1766 1559 2010 1630 tellegit,
2038 1558 2116 1629 (a)

1768 1629 1965 1702 tunc-j-
1991 1629 2227 1685 fructum

1768 1702 1997 1767 adferet,
2027 1710 2082 1758 et

1767 1773 1899 1828 facit
1925 1773 2090 1828 alium

1766 1844 1985 1915 quidem
2015 1853 2239 1900 centen-

1767 1917 1966 1971 simum
1984 1959 1998 1981 ,
2025 1915 2161 1971 aliut

1767 1989 2189 2059 sexagesimum,

1767 2059 1916 2114 aliud
1949 2074 2083 2116 vero
2112 2063 2210 2115 tri-

1763 2131 2089 2187 censimum.
2122 2131 2226 2201 Qui

1767 2202 1933 2260 habet
1955 2218 2116 2260 aures

2603 1206 2786 1254 autem
2825 1197 2970 1253 servi

2599 1271 2770 1342 patris
2791 1267 3042 1336 familias,
3065 1276 3119 1326 et

2598 1343 2856 1397 dixerunt
2876 1342 2925 1397 ei
2957 1357 2971 1395 :

2606 1414 2854 1478 Domine,
2888 1428 3070 1472 nonne

2607 1486 2809 1542 bonum
2837 1499 3022 1542 semen

2609 1556 2893 1630 seminasti
2922 1558 2974 1612 in
3004 1572 3137 1630 agro

2610 1630 2750 1685 tuo?
2779 1627 2933 1685 Unde
2957 1627 3046 1686 er-é

2645 1716 2679 1758 ο
2702 1699 2864 1757 habet
2889 1701 3032 1757 ziza-

2645 1775 2701 1830 8.
2743 1773 2876 1827 nia?
2904 1775 2970 1829 Et
2991 1775 3068 1829 ait
3094 1773 3162 1830 il-

2606 1843 2675 1900 lis
2707 1864 2722 1900 :
2746 1843 3004 1901 Inimicus

2607 1915 2773 1990 homo
2803 1916 2908 1990 hoc
2930 1917 3187 1990 fecit.g(c)

2608 1989 2808 2061 Dicunt
2825 1989 2875 2044 ei
2901 1991 3045 2045 servi
3072 1988 3147 2061 1-,

2605 2059 2724 2126 Vis,
2756 2060 2920 2126 imus,
2951 2070 3006 2117 et

2607 2131 2918 2203 colligimus
2940 2147 3006 2189 ea
3027 2134 3053 2188 Ἰ

2607 2203 2702 2260 29.
2743 2204 2826 2262 Ad
2853 2203 2931 2259 ait
2960 2205 3069 2262 illis
3100 2223 3114 2258 :

2607 2275 2788 2332 Nolite
2828 2294 2842 2330 :
2887 2291 2955 2333 ne
2994 2275 3137 2334 forte

2605 2348 2928 2417 colligentes
2954 2349 3100 2404 ziza-

2608 2421 2723 2485 nia,
2751 2420 3040 2493 eradicetis
3075 2420 3158 2493 (ά)

2608 2492 2772 2546 simul
2796 2502 2851 2548 et
2867 2491 2908 2562 -ι-
2931 2493 3019 2548 tri-

2608 2563 2702 2618 30.
2748 2569 2932 2620 ticum.
2959 2563 3065 2620 Sed
3088 2562 3251 2620 sinite

2611 2644 2839 2706 utraque
2868 2650 3120 2691 crescere

2613 2720 2784 2775 usque
2807 2707 2875 2762 ad
2897 2722 3157 2774 messem,

2612 2785 2669 2832 et
2689 2777 2740 2832 in
2767 2787 3011 2847 tempore

2612 2848 2810 2904 messis
2835 2848 3013 2904 dicam

2609 2920 2946 2977 messoribus
2973 2938 2987 2974 :
3012 2919 3139 2979 Col-

2606 2988 2758 3062 ligite
2786 2992 3015 3061 primum

2606 3064 2834 3131 zizania,
2854 3073 2910 3120 et
2937 3065 3154 3131 alligate

2605 3148 2672 3189 ea
2700 3135 2972 3193 fasciculis
2993 3153 3025 3193 a

2605 3207 3063 3278 comburendum,

2237 3320 2472 3381 CODEX
2513 3323 2797 3382 BRIXIAN
2804 3325 2911 3384 US.

1771 3439 1996 3496 verbum
2045 3438 2197 3495 audit
2229 3447 2283 3495 et
2318 3437 2650 3512 “sollicitudo
2697 3442 2898 3497 saeculi
2933 3442 3093 3512 hujus
3119 3451 3175 3500 et
3226 3443 3380 3501 falla-

1769 3513 1854 3567 cia
1901 3512 2210 3567 divitiarum
2241 3509 2472 3566 suﬂ'ocat
2511 3512 2764 3570 verbum.
2810 3524 2867 3570 et
2915 3509 3034 3572 sine
3064 3515 3242 3572 fructu
3268 3526 3294 3554 ο
3323 3533 3378 3573 ιιι

1769 3583 2022 3639 eﬂicitur.
2097 3583 2199 3650 Qui
2263 3598 2393 3638 vero
2414 3584 2465 3638 in
2546 3593 2744 3640 terram
2815 3585 3013 3643 bonam
3081 3587 3379 3645 seminatus

1767 3664 1869 3710 est.
1919 3655 2023 3729 hic_
2049 3667 2133 3709 est
2158 3654 2426 3729 quiaudit
2452 3655 2677 3729 verbum
2722 3665 2779 3713 et
2814 3658 3097 3729 intellegit.
3151 3669 3206 3715 et
3263 3661 3379 3716 fru-

1769 3736 1913 3779 ctum
1947 3726 2124 3782 affert.
2166 3736 2221 3780 et
2254 3727 2396 3781 facit.
2433 3727 2575 3782 aliud
2613 3726 3168 3785 centesimumﬁaliud
3201 3743 3380 3788 autem

1773 3799 2193 3873 sexagesimum.
2227 3799 2372 3873 aliud
2414 3801 2806 3873 tricensimum.
2862 3801 3035 3856 Aliam
3069 3804 3380 3873 parabolam

1772 3870 2056 3993 Eroposuit
2096 3870 2176 3922 eis
2227 3869 2415 3924 dicens
2454 3871 2642 3927 Simile
2678 3883 2762 3926 est
2808 3886 3033 3941 regnum
3070 3869 3374 3928 caelorum.

1814 3940 1982 3993 omini
2031 3939 2122 3993 aui
2154 3941 2358 3993 semina
2393 3939 2420 3977 ι’
2453 3939 2530 3993 bit
2560 3944 2758 3993 bonum
2787 3956 2972 3993 semen
3023 3944 3074 3993 in
3103 3959 3232 3993 auro
3257 3961 3374 3993 sun.

1814 3940 1982 3994 omini
2031 3939 2122 4010 qui
2154 3941 2358 4014 semina
2393 3939 2420 3977 ι’
2453 3939 2530 4014 bit
2560 3944 2758 3996 bonum
2787 3939 2972 3998 semen
3023 3944 3074 3997 in
3103 3959 3232 4014 agro
3257 3961 3377 3998 suo.

1774 4013 1909 4065 Cum
1935 4021 2116 4066 autem
2163 4013 2465 4086 dormirent
2494 4013 2742 4086 homines
2791 4015 2943 4086 venit
2986 4013 3234 4070 inimicus
3264 4017 3380 4086 ejus

1775 4092 1831 4136 et
1875 4083 2332 4153 superseminavit
2360 4084 2566 4138 zizania
2614 4085 2668 4139 in
2725 4085 2906 4140 medio
2939 4087 3004 4140 tri
3058 4097 3081 4125 ο
3139 4083 3382 4143 ιιίεἰδθι

1769 4154 1926 4208 abiit.
1963 4153 2098 4208 Cum
2129 4164 2310 4210 autem
2343 4157 2607 4211 crevisset
2638 4156 2829 4211 herba.
2873 4166 2928 4212 et
2957 4157 3188 4212 fructum
3221 4159 3380 4215 fecis-

1769 4233 1874 4280 set.
1909 4236 2038 4280 tunc
2077 4238 2446 4296 apparuerunt
2470 4236 2523 4282 et
2555 4228 2781 4282 zizania.
2838 4229 3173 4286 Accedentes
3197 4241 3377 4286 autem

1771 4297 1913 4352 servi
1949 4298 2116 4364 patris
2141 4299 2394 4356 familias.
2428 4299 2692 4355 dixerunt
2719 4300 2788 4354 ei.
2822 4300 3051 4356 Domine
3073 4318 3254 4359 nonne
3287 4303 3384 4358 bo-

1771 4384 1901 4446 num
1929 4383 2121 4446 semen
2148 4371 2441 4446 seminasti
2475 4373 2529 4446 in
2557 4387 2690 4446 agro
2723 4383 2832 4446 tuo.
2878 4371 3030 4428 Unde
3061 4389 3192 4446 ergo
3220 4375 3384 4446 liabet

1771 4440 1997 4494 zizania.
2033 4440 2115 4496 Ad
2147 4442 2239 4498 ille
2277 4442 2415 4497 dixit
2441 4443 2541 4498 eis.
2595 4440 2854 4499 inimicus
2903 4447 3068 4499 homo
3097 4440 3200 4500 hoc
3229 4445 3377 4502 fecit.

1771 4510 1926 4568 Servi
1975 4522 2155 4585 autem
2185 4512 2440 4570 dixerunt
2473 4516 2524 4571 ei
2553 4513 2647 4570 Vis
2688 4530 2820 4585 ergo
2849 4523 3043 4571 euntes
3073 4517 3383 4583 colligimus

1773 4599 1858 4638 ea.
1910 4586 1982 4656 At
2018 4584 2112 4656 ille
2141 4585 2218 4656 ait
2242 4586 2322 4640 eis
2369 4586 2508 4642 Non.
2557 4602 2628 4642 ne
2661 4584 2799 4656 forte
2826 4585 3144 4656 colligentes
3176 4588 3382 4642 zizania

1771 4654 2060 4710 cradicetis
2091 4655 2172 4728 (ἀ)
2199 4656 2362 4730 simul
2394 4665 2450 4713 et
2476 4657 2518 4730 1’
2550 4659 2618 4712 tri
2649 4655 2675 4696 ἀ
2709 4657 2919 4714 tticum.
2952 4654 3125 4715 Sinite
3156 4669 3384 4730 utraque

1771 4741 2042 4781 crescere.
2071 4743 2244 4798 usque
2270 4727 2340 4798 ad
2361 4727 2620 4784 messiem.
2651 4738 2706 4784 et
2733 4730 2788 4784 in
2820 4738 3066 4798 tempore
3090 4727 3385 4784 messisidi-

1771 4812 1903 4872 eam
1921 4797 2258 4872 messoribus
2281 4797 2541 4872 Colligite,
2560 4801 2796 4871 primum
2833 4797 3040 4855 zizania
3083 4808 3140 4856 et
3163 4800 3385 4872 alligate

1776 4869 2083 4926 fasciculos.
2113 4870 2183 4924 ad
2212 4869 2644 4928 comburendum
2671 4887 2757 4928 ea.

1766 2347 1857 2402 24.
1902 2347 2078 2403 Aliam
2105 2347 2421 2418 parabolam

1766 2421 2055 2491 proposuit
2077 2421 2208 2487 illis,

1767 2491 1958 2548 dicens
1988 2511 2003 2548 :
2037 2493 2227 2548 Simile

1766 2573 1853 2635 est
1879 2579 2103 2635 regnum
2131 2579 2257 2620 cae-

1768 2634 1954 2690 lorum
1971 2636 2202 2702 homini,

1765 2708 1858 2776 qui
1881 2707 2176 2763 seminavit

1766 2778 1968 2834 bonum
1983 2793 2173 2834 semen

1766 2849 1821 2904 in
1844 2865 1974 2921 agro
1994 2864 2114 2906 suo.

1765 2921 1861 2978 25.
1889 2920 2036 2977 Cum
2057 2930 2241 2978 autem

1765 2993 2068 3050 dormirent
2096 2992 2271 3050 homi-

1766 3080 1865 3122 nes
1895 3067 2036 3136 ejus,
2061 3082 2148 3122 ve-

1765 3138 1850 3193 nit
1878 3137 2133 3194 inimicus

1766 3211 1910 3281 ejus,
1939 3220 1994 3266 et
2015 3225 2208 3281 super-

760 4983 1154 5042 VARIANTES
1191 4981 1576 5041 LECTIONES
1612 4980 1881 5040 CODICIS
1917 4981 2030 5040 MS.
2073 4982 2133 5040 S.
2175 4981 2688 5043 GERMANENSIS.

144 5104 158 5169 ἦ
193 5106 371 5169 saeculi
395 5112 450 5156 et
473 5104 695 5169 voluptas
711 5103 992 5155 divitiarum

145 5168 164 5196 ²
195 5168 430 5220 suffocant.

145 5228 166 5294 ξ
195 5231 318 5294 aliud
345 5231 736 5294 sexagesimum,
758 5227 887 5280 aliud

150 5289 170 5320 δ
201 5292 248 5340 in
271 5289 486 5343 triticum

146 5353 167 5384 ⁸
197 5355 296 5405 Sed
317 5369 432 5407 cum
452 5355 696 5408 crevisset

1847 5098 1868 5128 ⁸
1905 5098 2058 5160 patris
2083 5096 2318 5160 familiae,
2346 5107 2398 5150 et

1843 5161 1864 5224 ’ἶ
1898 5161 2085 5224 Dicunt
2107 5162 2155 5210 ei
2177 5164 2338 5223 servi,
2361 5161 2468 5224 Vis,

1841 5221 1865 5254 ⁸
1901 5222 2045 5273 simul
2071 5230 2126 5272 et
2153 5221 2386 5276 triticum.
2409 5221 2512 5276 Sed
2533 5224 2683 5276 sinite

1841 5286 1864 5317 ³
1900 5297 1962 5336 ea
1984 5284 2241 5337 fasciculos

1463 5429 1830 5491 BLANCHINI
1865 5431 2100 5492 ΝΟΤᾸΕ.

165 5585 189 5648 τι
228 5578 352 5634 min
379 5578 623 5648 fructum,
651 5579 842 5637 derasa
869 5586 957 5636 est
982 5591 1013 5634 a
1042 5581 1378 5635 correctore.

166 5641 192 5684 δ
218 5641 520 5721 δεπιίὴαὒίι,
553 5641 650 5722 pro
680 5653 967 5708 seminavit.

1864 5586 1886 5616 ο
1927 5576 2046 5633 Una
2076 5590 2144 5632 ex
2174 5571 2385 5633 duabus
2413 5584 2433 5632 ε
2458 5575 2652 5635 extrita
2674 5587 2762 5637 est
2783 5595 2815 5636 a
2836 5589 3166 5641 correctore.

1865 5645 1893 5686 ά
1923 5648 1995 5704 Et
2022 5649 2114 5705 hic
2137 5663 2352 5722 quoque
2376 5663 2478 5706 una
2509 5665 2578 5708 ex
2603 5650 2815 5710 duabus
2843 5655 3076 5711 textrita
3106 5663 3209 5713 est.

171 5811 338 5906 ςιίλιω
359 5823 413 5872 et
439 5814 1094 5906 codLCantL-EéraA—‘(bj
1111 5816 1254 5874 Ante
1270 5813 1475 5904 simia
1501 5811 1660 5872 deest
1680 5825 1750 5886 et,
1773 5824 1834 5872 ut
1862 5815 1914 5871 in
1941 5791 2068 5872 cod.
2087 5813 2246 5872 Cant.
2272 5841 2339 5853 -—
2361 5811 2434 5887 (ο)
2467 5813 2541 5872 lla
2570 5822 2629 5873 et
2649 5815 2775 5874 cod.
2800 5816 2956 5874 Cant.
2973 5815 3208 5891 λέγουσιν
3254 5818 3394 5896 αὐτῷ

105 5879 328 5942 οἰδὸῦλοι.
351 5918 420 5929 -
440 5887 520 5961 (d)
541 5887 619 5944 ita
645 5897 698 5944 et
715 5890 836 5945 cod.
875 5879 1033 5948 Cant:
1060 5879 1170 5962 ἅμα
1194 5893 1299 5948 καί.
