1947 3168
218 183 272 213 227

413 240 529 271 conex
549 224 827 268 vERGELLENSIs.

638 286 1020 319 34.Ha.....,.nia

640 327 1021 352 ......,..tusest

637 359 718 388 Jesus
732 360 758 387 in
772 351 912 395 paravoiis
933 378 940 385 .
963 378 970 386 .

671 415 678 423 .
701 416 708 422 .
733 416 739 422 .
761 394 895 430 paravolis
911 402 964 422 non
980 394 1017 421 lo-

221 291 341 319 triiicum
356 297 403 317 au-

222 332 276 354 tem
292 334 404 362 congre-

221 368 284 396 gate
299 362 325 390 in
341 362 437 392 horre-.
510 387 511 390 η

222 395 267 426 51.
284 406 327 426 um
345 405 448 426 meum.
455 423 458 426 .
465 395 523 428 Ali-

221 442 264 462 am
280 434 434 469 parabolam
449 431 488 469 (a)
639 431 826 469 quebatnneis
840 439 850 469 ς
908 459 913 463 ί

221 466 327 507 locutus
337 474 379 498 est
390 469 433 507 -ι-Ῠν
454 466 459 469 ’
478 466 481 467 ⁷
640 467 684 495 55.
707 471 736 495 ut
749 466 911 507 adimplere-

220 507 260 534 eis
275 505 368 537 dicens
384 501 450 534 z'Si-
641 508 684 531 tur
704 523 711 530 .
734 523 741 530 .
763 501 816 530 uod
826 501 884 537 dic-
925 531 927 533 ,
942 532 944 537 ι

220 542 285 570 mile
297 546 339 570 est
351 549 412 577 reg-
435 567 438 572 .
642 559 655 577 ._
674 559 682 566 .
705 560 712 566 .
734 558 741 565 .
764 559 771 565 .
792 546 838 566 era
859 558 866 565 .
890 557 897 565 .
919 544 966 573 per

221 585 285 606 num
297 575 435 605 caelorum
640 575 693 603 Pro
714 595 720 601 .
743 593 750 602 .
766 593 782 610 _.
804 593 811 600 .
823 579 905 610 Jetam

221 595 285 606 uuln
297 595 435 605 unum...
640 595 692 603 ..ν
714 595 720 601 .
743 595 750 602 .
774 595 782 601 .
804 595 811 600 .
831 595 888 607 ...τη

219 621 306 652 grano
318 614 432 652 sinapis,
639 608 774 652 dicentem
791 618 797 636 :
815 595 888 645 dpe-

220 649 292 685 quod
305 670 312 676 .
331 670 338 676 .
357 670 363 676 .
380 649 442 685 .pi-
640 649 707 685 riam
723 649 750 674 in
763 653 842 682 para-

220 683 270 713 ens
285 685 367 713 homo
378 683 418 714 se-
640 683 710 711 bolis

220 721 336 749 minavit
350 722 376 748 in
387 729 418 749 a-
639 726 671 746 os
685 725 787 751 meum,

220 764 297 788 arum
311 764 390 785 suum
405 766 412 785 ζ
639 759 765 782 eructua-

639 789 674 818 bo
688 790 806 817 abscono
823 816 837 824 η

639 833 668 853 sa
683 829 746 853 ante
759 823 860 853 consti-

638 861 767 888 tutionem
783 868 861 888 mun-

636 897 681 925 36.
702 898 738 924 di.
753 896 839 930 Tunc,

635 933 753 960 dimissis
767 937 824 960 tur-

637 968 688 1001 bis,
704 968 770 996 abiit
782 968 808 995 in
823 968 871 996 do-

637 1011 709 1031 mum
725 1013 731 1031 :
746 1009 774 1032 et
783 1011 875 1039 acces-

636 1044 731 1068 serunt
743 1039 777 1067 ad
792 1048 854 1075 cum

636 1075 763 1111 discipuli
777 1074 847 1111 ejus,

220 792 266 820 δὴ,
287 793 358 828 quod
372 793 455 822 mini-

220 836 294 856 mum
307 829 418 864 quidem

219 869 262 892 est
274 865 400 893 omnibus

219 900 369 928 seminibus
384 910 391 928 :

219 943 281 963 011111
295 942 384 964 autem
403 963 407 967 Α

219 972 347 1005 creverit,
366 979 418 1000 ma-

220 1007 261 1035 ius
277 1008 306 1034 lit
317 1006 405 1035 omni-

238 1051 269 1071 us
283 1043 431 1078 holeribus,

218 1084 246 1106 et
262 1079 290 1106 ﬁt
304 1081 400 1110 arbor.

219 1118 306 1147 tanta,
321 1115 357 1142 ita
369 1119 399 1143 ut
425 1144 430 1149 η
636 1111 680 1139 dic
701 1131 708 1138 .
731 1133 738 1139 .
761 1131 768 1138 .
789 1118 819 1139 es
836 1120 842 1136 ε
861 1130 869 1138 .
892 1131 900 1138 .

217 1150 474 1179 volucr...eae-
637 1154 865 1175 ..rran..s

217 1186 235 1214 li
250 1186 413 1221 veniant,“
637 1183 739 1221 parabo
759 1203 767 1210 .
789 1202 798 1221 _.
821 1203 828 1210 .
852 1203 858 1210 .
881 1202 889 1211 .
912 1203 919 1210 .
942 1202 950 1210 .

636 1218 718 1247 tritici
729 1224 757 1247 et
772 1218 845 1246 ziza-

636 1255 743 1282 niorum
755 1255 824 1289 agri.

635 1291 680 1319 57.
692 1290 742 1318 'Ad
755 1287 958 1326 JEsusrrespon-

635 1327 703 1355 dens
720 1327 778 1354 ait:
796 1325 847 1360 Qui
870 1352 875 1361 ί

634 1363 721 1391 semin
744 1383 750 1390 .
773 1382 781 1390 .
803 1382 810 1389 .
833 1381 840 1389 .
863 1362 910 1390 bo-

636 1406 926 1432 numse.....,

634 1434 721 1463 Filius
734 1433 823 1462 homi—
836 1459 840 1461 _
857 1465 860 1469 _

633 1471 679 1499 58.
702 1471 743 1498 nis
755 1475 814 1506 est.
824 1471 895 1506 Ager

634 1511 735 1539 autem,
752 1511 794 1534 est
808 1505 852 1533 hic

634 1543 761 1570 mundus.
778 1542 830 1569 Bo-

634 1586 938 1606 nume.......

633 1622 708 1646 men,
724 1614 751 1641 bi
762 1617 827 1641 sunt

633 1647 682 1677 ﬁlii
696 1650 781 1685 regni.
794 1649 870 1677 Ziza-

633 1685 678 1713 nia
691 1691 796 1718 autem,
814 1685 846 1712 ﬁ-

632 1721 660 1749 lii
675 1725 738 1749 sunt
755 1721 851 1756 nequi—

428 1780 545 1809 CODEX
565 1780 803 1808 CORBEIENSIS.

214 1839 333 1867 triticum
359 1843 449 1867 autem
482 1842 645 1874 congregate
683 1837 712 1874 in
751 1837 879 1865 horreum
914 1845 1017 1874 meum.

213 1875 302 1904 Aliam
327 1875 481 1910 parabolam
518 1873 660 1910 proposuit
691 1873 731 1901 eis
766 1874 860 1901 dicens
886 1873 1017 1910 :rSimile

214 1917 258 1939 est
287 1909 398 1945 regnum
426 1909 575 1938 coelorum’
594 1918 679 1946 grano
704 1909 815 1944 sinapis,
844 1909 916 1946 quod
943 1911 1015 1937 acci-

214 1948 292 1982 piens
315 1947 397 1975 homo
419 1946 566 1975 seminavit
594 1947 619 1973 in
643 1953 709 1981 agro
737 1953 787 1973 suo
812 1954 819 1972 :
843 1945 913 1980 quod
939 1946 1016 1973 mini—

213 1991 288 2010 mum
310 1984 418 2018 quidem
440 1989 481 2010 est
504 1982 631 2010 omnibus
655 1982 804 2009 seminibus
827 1990 834 2009 :
863 1990 944 2016 quum
969 1990 1018 2009 au-

215 2024 268 2046 tem
296 2017 428 2052 creverit,
464 2019 550 2054 majus
571 2018 635 2045 ‘est
648 2018 773 2045 clunibus
785 2017 914 2054 oleribus,
939 2022 967 2044 et
988 2018 1017 2044 fit

214 2056 308 2087 arbor,
333 2055 369 2082 ita
386 2059 416 2081 ut
428 2054 555 2081 volucres
570 2054 639 2081 coeli
669 2054 779 2080 veniant
800 2058 827 2080 et
852 2053 974 2080 habitent
989 2053 1015 2080 in

214 2090 299 2117 rantis
309 2089 375 2124 ejus.
393 2090 479 2117 Aliam
495 2089 648 2124 parabolam
663 2088 790 2123 loquutus
801 2089 903 2124 ostreis.
921 2088 1016 2116 Simile

215 2129 258 2153 est
273 2123 383 2159 regnum
408 2123 546 2153 coelorutii
575 2124 721 2157 fermento,
746 2125 755 2139 '
776 2123 847 2158 quod
874 2129 1015 2159 acceptum

214 2161 314 2189 mulier
327 2160 470 2188 abscondit
485 2161 510 2188 in
527 2160 630 2187 farinae
642 2160 652 2174 ³
664 2160 729 2187 satis
740 2160 837 2193 tribus,
857 2160 944 2186 donec
960 2159 1015 2187 fer.

214 2202 363 2224 mentatum
379 2201 421 2224 est
437 2201 533 2224 totum.
549 2195 620 2223 Haec
633 2195 723 2222 omnia
740 2197 923 2230 loquutusest
936 2194 1016 2223 Jesus

214 2233 242 2260 in
256 2233 390 2266 parabolis
406 2232 438 2259 ad
461 2234 553 2259 turbas
568 2240 574 2258 :
588 2237 616 2258 et
628 2232 688 2263 sine
702 2231 836 2265 parabolis
850 2239 902 2258 non
918 2231 1013 2266 loque-

206 2268 294 2298 .halur
307 2268 346 2296 eis
370 2277 377 2295 :
402 2272 430 2295 ut
456 2267 648 2302 adiiupleretur
667 2267 738 2302 quod
764 2266 864 2294 dictum
888 2272 945 2295 erat
969 2275 1016 2302 per

214 2304 377 2339 Proplietam
407 2304 566 2335 dicentem:
588 2302 714 2337 Aperiunt
752 2303 777 2330 in
811 2302 947 2337 parabolis
983 2311 1015 2331 os

214 2348 321 2375 metnn,
346 2339 474 2368 eructabo
496 2339 627 2367 absconsa
648 2346 663 2365 a
686 2339 880 2375 constitutione
909 2339 1013 2367 mundi.

214 2375 299 2411 Tunc.
315 2375 546 2411 dimissisrturbis,
562 2375 636 2402 venit
652 2375 678 2411 in
692 2374 802 2401 dominii
818 2383 827 2411 Δ;
844 2379 871 2411 et
889 2382 1014 2402 accesse‘

213 2409 277 2447 runt
294 2412 327 2439 ad
354 2420 415 2439 eum
431 2410 555 2447 discipuli
571 2409 796 2447 ejiis,'dicentcs;
817 2409 827 2424 ⁵
843 2410 1015 2447 Dissereno-

213 2446 256 2474 bis
267 2447 422 2482 parabolam
449 2445 614 2474 zizaniorum
636 2451 663 2474 et
687 2446 753 2482 agri.
778 2445 1015 2482 Qnirespondens

213 2483 252 2509 ait
266 2491 272 2509 :
286 2483 336 2517 Qui
349 2484 359 2499 ³
373 2484 489 2511 seminat
503 2483 604 2511 bonum
616 2481 720 2513 seuien,
755 2487 796 2509 est
820 2481 901 2508 Filius
932 2481 1016 2508 homi-

213 2518 266 2545 nis.
276 2518 455 2553 Agerautem.
469 2523 510 2546 est
521 2519 531 2534 ⁸
542 2517 668 2545 mundus.
681 2518 786 2548 Bonum
798 2525 862 2545 vero
869 2524 973 2550 semen,
987 2518 1013 2544 lii

213 2558 275 2582 sunt
292 2552 338 2581 lilii
350 2555 434 2590 regni.
447 2554 554 2582 Zizania
578 2559 681 2586 autem,
708 2553 718 2569 ⁷
735 2553 782 2581 lilii
798 2552 863 2581 sunt
885 2561 1013 2588 nequam.

216 1221 341 1251 habitent
355 1223 407 1250 inr
429 1241 437 1249 .
459 1242 467 1250 .

219 1278 227 1285 .
251 1279 258 1286 .
281 1278 288 1286 .
308 1258 332 1286 is
346 1259 418 1294 ejus.
495 1286 498 1291 λ

216 1294 262 1322 35.
286 1315 292 1322 .
316 1315 322 1321 .
344 1293 437 1322 {liam
448 1293 563 1330 parabo-

218 1350 227 1358 .
247 1350 254 1358 .
278 1350 284 1357 .
308 1351 316 1359 .
336 1338 363 1358 m
378 1330 446 1358 dixit
457 1330 508 1358 eis.

217 1372 508 1402 ......estreg:

216 1410 280 1430 num
303 1422 310 1430 .
333 1422 340 1429 .
362 1402 432 1430 aelo-

215 1445 275 1465 rum
292 1439 409 1469 fermen-

215 1478 253 1506 to.
268 1474 339 1509 quod
356 1482 447 1509 accep

217 1513 273 1537 tum
287 1510 384 1538 mulier
391 1540 403 1543 η

214 1545 356 1573 abscondit
371 1546 398 1573 in

214 1579 329 1608 farinam
342 1589 415 1609 men-

213 1617 286 1645 suris
298 1617 395 1648 tribus,

213 1652 302 1680 donec
316 1652 436 1680 fermen-

215 1693 299 1716 latum
310 1692 353 1717 est
364 1692 405 1716 ιο-

214 1724 271 1752 ιιῑηι
276 1744 282 1751 .

494 180 631 214 ΕυεΕΒιι
651 178 822 211 veneram.
844 168 1009 209 EVANCEL

1090 178 1163 210 cun
1185 178 1302 209 vanus
1319 168 1397 209 beo.
1418 180 1614 210 common.
1789 184 1829 211 ειΞί

1292 228 1411 267 cobex
1430 231 1655 269 VERONENSIS'.

1073 286 1191 314 triticum
1203 291 1294 328 autem
1492 287 1597 329 locutus
1611 293 1651 315 est
1687 318 1691 320 _

1072 327 1235 358 eongregale
1247 323 1274 349 in
1491 323 1572 351 Jesus
1584 324 1609 351 in
1620 330 1693 359 para:

1072 357 1200 398 horreum
1216 365 1328 398 meum.‘
1347 393 1352 398 _
1381 393 1391 397 η
1419 393 1425 398 _
1445 393 1450 398 η
1492 359 1562 398 bolis
1575 359 1606 386 ad
1622 359 1707 387 turbas
1723 369 1728 386 -.

1073 394 1117 431 51.
1140 394 1228 421 Aliam
1245 393 1400 431 parabolam
1416 393 1454 429 (a)
1491 400 1519 431 et
1534 395 1591 422 sine
1604 403 1678 431 para-

1073 430 1179 457 locutus
1191 434 1233 458 est
1247 429 1268 465 σι-
1491 430 1561 458 bolis
1572 429 1622 458 non
1637 431 1674 458 lo-

1072 465 1125 503 illis
1134 466 1232 503 dicens
1247 474 1253 493 :
1489 467 1622 503 quebatur
1635 468 1673 497 eis
1685 477 1691 495 :
1704 495 1705 503 η

1073 501 1167 529 Simile
1184 506 1224 529 est
1490 499 1536 530 '55.
1551 508 1579 529 ut
1592 499 1739 537 impleretur

1073 546 1184 572 regnum
1198 537 1285 564 caelo-
1490 539 1562 573 quod
1573 538 1671 573 dictum

1073 581 1132 600 rinn
1147 581 1230 607 grano
1267 608 1270 609 ν
1490 578 1550 602 erat
1566 582 1612 609 per
1627 578 1689 602 Pro-

1072 609 1185 643 sinapis,
1201 608 1273 644 quod
1491 608 1601 644 phetam
1613 610 1653 638 di-

1072 646 1209 686 aecipiens
1226 645 1309 686 homo

1072 686 1215 708 setnnmvtt
1232 689 1256 707 Ill

1072 724 1166 751 agrum
1183 725 1259 743 suum
1278 727 1284 744 :

1492 651 1598 687 centeni
1611 655 1616 672 :
1630 647 1695 681 Ape-

1492 690 1559 708 riam
1572 690 1596 708 In
1610 690 1683 716 [lill‘ﬂ‘

1493 717 1561 744 bolis
1572 725 1602 743 os
1613 726 1709 749 meum,

1073 753 1116 779 52!.
1139 753 1209 787 quod
1228 752 1308 779 mini-
1492 753 1636 780 ruclnabor

1073 797 1146 815 mum
1160 788 1267 823 quidem
1491 790 1622 816 abSConsa
1637 794 1696 816 ante

1073 829 1114 851 est
1126 826 1251 851 omnibus
1490 825 1706 852 constitutionem

1074 860 1242 887 seminibus:
1492 861 1595 887 mundi.

1491 896 1537 923 '56.
1558 896 1641 928 Tunc,
1659 895 1769 923 dimissis

1492 932 1588 965 turbis,
1602 932 1665 959 abiit

1491 967 1518 994 in
1531 967 1641 995 domum
1654 976 1662 995 ;
1677 972 1704 996 et

1490 1010 1600 1031 8602558
1604 1008 1665 1031 runt

1490 1039 1523 1066 ad
1539 1047 1600 1066 eum
1614 1039 1693 1067 disci-

1072 903 1133 923 cum
1147 901 1237 924 autem

1071 932 1195 963 creverit,
1209 932 1267 957 nia-

1068 967 1113 1006 ius
1125 969 1154 1006 ιιι
1166 967 1254 1006 ρηιξιῖτ

1070 1003 1121 1031 bus
1135 1003 1286 1035 holeribus,

1070 1044 1099 1067 et
1113 1039 1142 1066 lit
1154 1040 1235 1066 arbor

1071 1075 1143 1109 talis,
1160 1075 1195 1102 ita
1207 1080 1237 1102 ut

1069 1111 1196 1138 volucres
1210 1109 1280 1138 caeli

1069 1147 1192 1179 veniant,
1209 1150 1236 1174 et

1070 1182 1196 1210 habitent
1210 1182 1237 1210 in

1068 1219 1153 1246 ramis
1167 1218 1237 1253 ejus.

1068 1254 1114 1283 55.
1136 1254 1222 1282 Aliam
1240 1256 1316 1288 para-

1070 1290 1160 1318 bolam
1176 1290 1249 1317 locu-

1490 1075 1545 1109 puli
1557 1075 1627 1110 ejus,
1643 1075 1683 1106 di:
1722 1103 1724 1106 ,

1489 1114 1583 1138 centes
1601 1120 1607 1138 :
1624 1110 1723 1138 Enarra

1490 1146 1568 1173 nobis
1580 1147 1693 1181 parabo-

1489 1181 1543 1221 lam
1558 1183 1639 1221 tritici
1650 1187 1678 1210 et
1709 1212 1714 1221 ι

1489 1217 1658 1246 zizaniorum
1673 1217 1738 1253 agri.

1490 1254 1536 1282 57.
1558 1254 1599 1282 Ad
1611 1254 1689 1282 Iesus

1486 1297 1601 1324 respon-
1688 1318 1689 1323 η

1488 1324 1557 1353 dens
1569 1326 1609 1354 ait
1621 1335 1627 1353 :
1639 1324 1701 1360 ραι,
1716 1356 1717 1359 η

1489 1362 1608 1390 seminat
1623 1363 1720 1390 bonum

1490 1405 1595 1430 semen,
1614 1403 1656 1425 est
1671 1398 1714 1425 Fi-

1491 1433 1541 1459 lius
1558 1433 1686 1461 hominis.

1491 1470 1534 1496 38.
1557 1470 1629 1504 Ager
1645 1475 1743 1502 autent,

1491 1509 1533 1532 est
1548 1505 1590 1532 hic
1609 1514 1685 1533 mun-

1491 1541 1551 1567 dus.
1568 1541 1673 1569 Bonum

1490 1585 1555 1604 vero
1571 1584 1678 1609 semen,

1491 1612 1516 1639 lii
1533 1617 1596 1639 sunt
1611 1609 1657 1640 lilii

1490 1649 1576 1682 regni.
1593 1648 1702 1676 Zizania

1491 1689 1594 1717 autem,
1615 1686 1661 1713 ﬁlii

1491 1725 1554 1747 sunt
1568 1721 1667 1756 iniqui.

1070 1330 1114 1353 tus
1129 1331 1170 1354 est
1180 1325 1232 1355 eis.

1070 1361 1167 1390 Simile
1178 1366 1221 1389 est

1070 1405 1182 1432 regnum
1198 1397 1272 1424 caelo

1071 1441 1130 1460 runt
1147 1434 1290 1463 fermento.

1071 1469 1142 1503 quod
1159 1474 1300 1503 acceptum

1071 1506 1167 1532 mulier
1179 1505 1293 1532 abscon-

1072 1541 1111 1568 dit
1123 1541 1149 1567 in
1168 1541 1280 1567 farinam

1072 1578 1208 1604 mensuris
1219 1577 1253 1603 tri
1261 1592 1267 1598 -

1070 1612 1131 1646 bus,
1145 1612 1233 1640 donec

1070 1648 1262 1676 fermentatum

1071 1690 1113 1711 est
1124 1688 1221 1712 totum.

1073 1720 1119 1748 54.
1141 1719 1214 1748 Haec
1229 1719 1320 1748 omnia

1312 1760 1428 1808 cortex
1451 1779 1647 1810 BRIXIANUS.

1073 1838 1108 1865 tri
1128 1842 1141 1856 α
1163 1837 1255 1865 tticum
1285 1842 1385 1866 autem.
1412 1843 1574 1874 congregate
1588 1839 1617 1867 in
1632 1839 1756 1867 horreum
1769 1842 1852 1874 meum.

1075 1874 1166 1906 Aliam
1194 1874 1359 1908 parabolam.
1396 1873 1435 1910 (a)
1464 1873 1570 1902 locutus
1595 1881 1638 1903 est
1661 1874 1682 1910 -ιη
1707 1874 1746 1902 eis
1766 1873 1851 1910 dicens.

1074 1910 1171 1938 Simile
1195 1907 1246 1937 Vest
1293 1907 1406 1945 regnnui
1426 1907 1595 1938 "caelorum.
1644 1907 1728 1946 grano
1769 1907 1853 1946 sinapis

1072 1945 1143 1980 quod
1165 1946 1302 1981 accipiens
1323 1941 1404 1973 homo
1427 1947 1572 1974 seminavit
1595 1947 1621 1974 in
1642 1941 1708 1982 agro
1730 1953 1776 1973 suo
1796 1941 1853 1978 quod

1071 1982 1214 2009 mit-imum
1231 1982 1340 2016 quidem
1353 1988 1395 2010 est
1406 1981 1526 2010 omnium
1539 1981 1688 2010 seminum.
1705 1990 1764 2009 cum
1779 1984 1853 2007 autem

1071 2018 1199 2045 creverit.
1224 2017 1311 2052 majus
1325 2022 1367 2046 est
1390 2018 1516 2045 omnibus
1530 2017 1664 2051 oleribus,
1685 2023 1712 2045 et
1738 2016 1853 2053 ﬁtarliot.

1073 2053 1108 2080 ita
1134 2059 1161 2080 ut
1184 2053 1310 2081 volucres
1324 2054 1391 2081 caeli
1414 2053 1534 2081 veniant.
1556 2059 1583 2082 et
1600 2054 1722 2086 habitent
1746 2053 1769 2079 iu
1785 2056 1853 2078 ramis

1070 2090 1141 2123 ejus.
1166 2088 1253 2116 Aliam
1269 2089 1437 2124 parabolam.
1465 2090 1572 2118 locutus
1587 2089 1630 2118 est
1654 2092 1705 2117 eis.
1726 2087 1855 2124 Siinileesl

1072 2133 1185 2158 regnum
1200 2122 1336 2152 caelorum
1357 2126 1500 2158 ferruento.
1523 2126 1594 2159 quod
1613 2129 1752 2159 acceptum
1774 2122 1855 2151 mulier

1071 2161 1225 2188 abscondit.
1244 2161 1269 2188 in
1288 2161 1391 2189 farinae
1413 2161 1547 2189 mensuris
1559 2162 1645 2190 tribus
1660 2162 1745 2189 donec
1756 2159 1855 2187 ferinen-

1072 2200 1158 2223 talum
1173 2202 1215 2223 est
1229 2200 1324 2225 totum.
1338 2197 1409 2224 Haec
1421 2198 1510 2224 omnia
1522 2198 1628 2230 locutus
1638 2202 1682 2225 est
1696 2197 1772 2226 Jesns
1785 2195 1807 2221 ill
1821 2200 1857 2226 μέν

1071 2232 1172 2259 rabulis
1187 2232 1219 2258 ad
1242 2234 1343 2260 turbas.
1359 2238 1386 2261 et
1403 2233 1462 2263 sine
1479 2234 1616 2268 parabolis
1633 2233 1701 2260 nihil
1717 2230 1857 2266 loquebatur

1070 2268 1121 2295 eis.
1136 2273 1164 2295 ut
1174 2268 1369 2302 aditnpleretnr
1381 2269 1453 2304 quod
1465 2267 1572 2296 dictum
1582 2274 1635 2297 est.
1651 2276 1700 2303 per
1712 2267 1856 2304 Propheta“!

1070 2303 1207 2341 dicentem
1225 2299 1350 2338 Apertam
1368 2299 1397 2331 in
1410 2304 1546 2337 parabolis
1562 2299 1709 2335 osmcum.
1722 2299 1857 2341 eructat”?

1072 2339 1106 2366 bo
1127 2340 1269 2367 absconsa.
1298 2348 1313 2367 a
1328 2341 1520 2369 constitutione
1543 2341 1647 2368 mundi.
1670 2340 1745 2367 Tunc
1757 2338 1858 2366 dimiSSIS

1072 2374 1158 2403 turbis
1174 2376 1246 2404 venit
1262 2376 1287 2403 iu
1300 2376 1410 2403 domum
1424 2376 1513 2407 Jcsns.
1531 2381 1558 2404 et
1574 2380 1748 2404 accesserunt
1763 2373 1793 2401 ad
1808 2377 1858 2398 eum

1072 2411 1199 2447 discipuli
1214 2412 1284 2447 ejus.
1300 2411 1433 2443 dicentes.
1457 2412 1585 2441 Edissere
1609 2412 1699 2441 nobis.
1718 2408 1858 2447 parabolqln

1070 2445 1237 2474 zizaniorum
1253 2448 1320 2482 agri.
1337 2448 1396 2482 [pse
1417 2454 1506 2475 autem
1535 2449 1704 2482 respondens
1718 2445 1795 2474 'dixit
1809 2445 1858 2482 eis.

1069 2482 1122 2516 Qui
1139 2483 1252 2510 seminat
1270 2479 1371 2510 bonum
1389 2491 1481 2511 semen
1498 2488 1540 2511 est
1554 2479 1640 2511 Filius
1660 2483 1786 2511 hominis.
1802 2479 1861 2513 Ager

1070 2524 1161 2560 autem
1176 2525 1218 2560 est
1230 2519 1410 2560 lii_t_:_mupdus.
1425 2520 1529 2557 Bonum
1542 2516 1797 2560 ﬁliiﬁlii-$51.]?!le
1809 2516 1861 2542 sunt

1068 2553 1118 2581 ﬁlii
1140 2554 1227 2590 regni.
1251 2554 1360 2582 Zizania
1376 2551 1467 2583 autem
1486 2548 1559 2583 sunt.
1576 2551 1621 2583 [iiii
1638 2548 1760 2591 maligni;

568 2599 769 2641 “mures
785 2602 979 2641 moriones
993 2611 1010 2641 c

1071 2612 1129 2641 iClS
1144 2613 1199 2642 MS.
1221 2614 1250 2642 S.
1264 2614 1520 2644 GERMANENSISJ

244 2671 254 2686 ί
272 2670 299 2695 tit
310 2670 422 2696 omnibus
434 2669 551 2702 oleribus,
565 2671 597 2696 ita
608 2673 637 2696 ιιι

243 2702 254 2718 ¹
271 2708 320 2734 quo
338 2706 439 2734 accepto

243 2733 255 2750 ³
271 2733 394 2758 mensuris

243 2764 255 2780 ⁸
270 2764 394 2790 Enarra...
408 2764 481 2790 tritici
498 2767 524 2790 et
540 2763 685 2791 zizaniorum
696 2765 760 2797 agri.
773 2764 805 2791 At
822 2763 897 2791 Jesus
910 2770 1016 2798 respon-

1073 2671 1137 2697 deus

1105 2701 1120 2725 θ
1133 2704 1263 2731 Seminavit

1105 2734 1116 2749 ⁸
1133 2734 1174 2761 hic

1104 2765 1114 2781 ⁷
1132 2765 1167 2791 hii
1177 2770 1235 2793 sunt
1247 2767 1290 2794 lilii
1302 2768 1434 2801 nequitiae

905 2818 1094 2860 BLANCHIN!
1112 2830 1228 2860 nom.

247 2894 261 2909 α
276 2888 310 2917 Ει
320 2888 365 2916 hic
374 2887 500 2917 similiter
512 2894 565 2915 una
579 2894 613 2915 ex
626 2886 730 2916 duabus
744 2886 874 2916 (extrita.

221 2993 223 2996 _
247 2958 286 2995 (a)
300 2958 339 2988 Ita
351 2962 379 2988 et
390 2957 451 2996 cod.
463 2957 542 2987 Cant.
552 2957 683 2989 item...

1112 2886 1127 2906 ι’
1145 2886 1303 2923 Ενιιειιιαὺο,
1316 2895 1367 2926 pro
1381 2890 1512 2918 tractabo.
