1947 3168
240 151 294 180 235

307 187 309 189 ’
431 205 548 235 conss
568 203 838 233 VERCELLENSIS.

239 256 267 283 in
279 256 366 284 locum
382 255 475 282 deser-
657 252 735 280 ferite
751 259 798 280 eos
810 251 847 287 (a)
862 251 896 279 ad

240 296 296 319 tum
306 299 439 320 seorsum.
658 289 703 317 i9.
725 296 778 316 me.
791 288 823 315 Et
837 294 897 314 cuin

240 327 347 356 Etcum
359 327 452 354 audis-
655 325 781 360 jussisset
796 323 902 351 turbam

238 369 301 391 sent
312 363 417 396 turbae,
435 370 479 390 sc-
658 360 830 389 discumbere

239 400 293 429 cuti
308 405 368 427 sunt
383 406 444 426 cum
658 404 739 432 supra
755 396 873 428 faenum,

239 435 354 472 pedibus
368 435 401 462 de
417 434 483 462 civi-
655 432 774 472 acceptis
788 439 813 459 ν.
822 438 876 472 _pa-

238 467 346 500 t'atibus.
656 469 752 501 nibus,
770 473 797 495 et
813 467 879 494 duo-

239 509 283 536 14.
305 506 340 534 Et
352 510 380 534 ut
393 505 461 533 vidit
475 505 555 533 Jesus
655 505 707 532 bus
721 503 835 538 piscibu.
847 523 853 534 ,
869 509 913 530 as-

237 544 344 572 turbam
360 542 429 569 mul-
656 540 759 575 piciens
774 540 799 566 in
806 546 877 575 care-

237 585 304 611 tam.
319 579 447 606 misertus
656 574 710 603 lum
727 574 877 608 benedixit,

237 620 279 643 est
294 614 357 646 illis,
371 619 399 642 et
413 621 460 641 cu-

237 651 309 679 ravit
322 649 427 685 langui-

237 687 288 714 dos
303 693 408 713 eorum.

237 722 281 750 15.
303 720 423 756 Vespere
437 725 527 749 autent

655 611 734 640 etf.
758 631 764 637 .
788 609 972 643 ..t,etde-

655 648 695 675 dit
709 646 850 681 discipulis

655 684 712 710 suis
724 689 817 717 panes,
830 681 885 709 dis-

654 719 737 754 cipuli
750 723 841 745 autem

236 759 320 789 Iacto,
338 764 430 785 acces-
655 755 751 782 turbis.

237 798 332 822 serunt
347 792 380 820 ad
396 800 457 820 eum
653 791 697 819 20.
720 790 753 817 Et
774 809 780 816 .
804 810 810 815 .
837 811 844 817 .
866 789 967 817 nduca—

236 828 362 864 discipuli
377 828 445 863 ejus,
656 831 756 854 verunt
770 833 829 853 om-

657 871 715 895 nes,
731 868 759 889 et
772 862 883 889 saturati

654 903 727 926 sunt.
743 898 775 925 Et
788 898 854 925 reli-

236 865 361 893 dicentes
376 873 382 891 :
394 864 446 892 De-

236 904 328 929 sertus
342 901 416 927 locus

234 942 288 969 εει,
303 941 330 963 et
346 936 411 963 liora
421 936 477 972 jam
654 935 730 969 quias
742 933 859 968 college-

236 971 394 1007 praeteriit:
421 968 430 972 ⁷
654 968 727 1002 runt,
736 977 792 1007 an.
808 968 903 1004 cophi-

236 1006 344 1035 dimitte
360 1013 416 1035 tur-
655 1013 703 1033 nos
717 1006 821 1040 plenos.

653 1042 699 1069 2L
721 1041 907 1068 Manducanti-

655 1085 700 1104 um
713 1082 804 1104 autem
816 1076 857 1104 fu-

655 1113 676 1141 it
689 1120 818 1140 numerus

654 1149 775 1184 quinque
790 1148 864 1176 milia

654 1185 785 1218 virorum,
799 1191 847 1212 ex-

653 1221 739 1255 ceptis
751 1220 843 1255 pueris

653 1260 681 1284 et
696 1256 866 1283 mulieribus.

651 1291 698 1318 ‘22.
721 1292 754 1320 Et
770 1291 862 1319 statim

234 1045 308 1075 ham.
322 1048 349 1071 et
364 1051 431 1070 eun—

236 1083 277 1107 tes
288 1079 315 1107 in
329 1080 440 1107 castella

234 1119 328 1142 emant
341 1115 392 1142 sibi
404 1122 448 1143 es-

234 1158 293 1178 cas.

236 1186 281 1214 l6.
300 1186 380 1214 Jesus
390 1190 482 1214 autem
494 1185 578 1213 dixit:

233 1221 294 1249 Non
311 1223 412 1250 habent

234 1265 349 1285 necesse
360 1258 398 1286 ire
412 1267 418 1284 :

233 1293 298 1321 date
310 1294 364 1321 illis
377 1301 426 1322 vos

233 1329 409 1357 manducare.
652 1327 731 1355 Jesus
741 1327 823 1362 jussit

233 1364 444 1400 ReSponderunt
652 1363 793 1400 discipulis
809 1362 847 1398 (b)

233 1401 278 1428 17.
292 1398 326 1429 ἐἰ
343 1410 350 1428 :
366 1401 424 1429 Non
440 1400 523 1428 habe—
652 1400 708 1427 suis
721 1399 742 1435 -ι-
756 1398 886 1426 ascende-

232 1444 293 1464 mus
307 1437 358 1465 nisi
373 1445 398 1464 ν.
415 1444 462 1472 pa-
652 1443 682 1472 re
696 1435 722 1462 in
737 1436 847 1462 navicu-

231 1480 292 1505 nes,
308 1478 335 1500 et
350 1470 423 1500 duos
433 1473 473 1508 pi—
594 1506 599 1508 _
652 1471 689 1504 la,
699 1477 732 1508 et
747 1470 895 1508 praecede-

232 1508 278 1536 18.
293 1506 550 1537 εοεε.Ειεῖι]θειιςε
562 1506 616 1534 Ad—
651 1514 681 1534 re
694 1506 729 1544 (c)
746 1512 820 1534 trans
835 1506 890 1534 fre-

448 1565 562 1594 CODEX
583 1564 816 1593 CORBEIENSIS.

232 1615 260 1643 in
282 1615 371 1643 locum
403 1614 540 1641 desertum
580 1613 589 1628 ‘
626 1613 709 1640 solus.
742 1612 819 1646 Quod
855 1618 916 1638 cum
944 1611 1034 1638 audis-

231 1656 293 1678 sent
319 1650 412 1678 turbae
427 1671 433 1681 ,
461 1653 571 1676 secutae
596 1653 659 1675 sunt
684 1655 746 1675 eum
773 1649 782 1663 ’
806 1647 918 1681 pedibus
944 1654 958 1674 a
974 1647 1035 1674 civi-

230 1687 332 1714 tatibus
349 1687 414 1713 suis.
441 1685 451 1700 ³
471 1685 504 1712 Et
535 1691 661 1719 egressus
686 1684 754 1711 vidit
782 1685 886 1710 turbam
910 1683 1033 1716 multam,

231 1727 260 1749 et
278 1723 404 1749 misertus
421 1725 463 1749 est
482 1721 532 1753 eis,
554 1725 581 1747 et
605 1720 616 1735 ⁸
639 1721 743 1747 sanavit
764 1719 906 1753 languidos
927 1726 1031 1746 eorum.

230 1757 298 1785 Cum
317 1766 379 1785 sero
398 1764 488 1784 autem
511 1756 609 1784 factum
630 1761 712 1789 esset,
733 1760 908 1783 acceSserunt
923 1755 955 1781 ad
969 1763 1030 1782 eum

229 1793 355 1829 discipuli
371 1794 438 1829 ejus,
453 1793 574 1819 dicentes
590 1801 596 1817 ε
610 1792 738 1829 Desertus
751 1792 825 1829 locus
841 1791 851 1806 ⁸
870 1795 911 1829 est
926 1791 975 1829 ubi_
986 1798 1031 1818 su-

230 1826 307 1863 mus;
319 1833 347 1857 et
376 1826 441 1856 liora
465 1828 520 1863 jam
545 1827 682 1861 praeteriit
718 1835 724 1854 :
755 1826 859 1854 dimitte
885 1826 896 1842 θ
925 1826 1030 1854 turbam

229 1865 310 1893 istam
329 1886 336 1897 ,
367 1869 395 1893 ut
422 1862 518 1892 euntes
544 1864 570 1890 in
597 1863 663 1890 vicis
679 1866 771 1890 emant
793 1862 843 1890 sibi
872 1862 982 1889 escas.7
998 1863 1031 1889 Et

229 1901 266 1928 ait
290 1901 343 1928 illis
358 1901 458 1928 Jesus:
483 1899 539 1926 Non
564 1899 664 1926 habent
689 1906 801 1926 necesse
816 1899 854 1925 ire
871 1907 876 1913 ·
898 1898 961 1925 date
976 1898 1030 1925 illis

228 1944 277 1964 vos
299 1936 472 1964 manducare.
490 1936 501 1950 ’⁸
522 1935 556 1963 At
577 1935 616 1962 illi
632 1934 758 1962 dixerunt
775 1944 780 1960 ;
798 1934 856 1962 Non
873 1934 1004 1961 habemus
1020 1935 1030 1951 °

229 1973 370 2000 nobiscum
388 1972 437 1999 nisi
458 1971 576 2005 quinque
600 1979 692 2005 panes,
704 1975 730 1997 et
744 1970 812 1997 duns
828 1970 926 2004 pisces.
941 1971 961 1985 ¹⁰
978 1970 1031 1997 Re-

227 2009 365 2043 spomlens
375 2009 455 2035 Jesns
468 2008 505 2035 ait
518 2006 633 2043 :Aﬂ'crtc
647 2006 707 2033 illus
719 2006 780 2033 huc.
799 2006 831 2032 Et
848 2007 866 2021 “
883 2007 961 2039 jussit
975 2010 1030 2033 tur-

228 2042 291 2072 bam
306 2044 478 2071 discumbere
490 2050 571 2077 super
585 2043 605 2057 “‘
616 2042 770 2070 l‘uenum.ct
782 2043 899 2075 acceptis
911 2043 1030 2075 quinque

227 2080 361 2112 panibus.
387 2085 414 2106 et
437 2079 543 2105 dnubus
564 2078 699 2112 piscibus.
718 2077 739 2093 ¹³
752 2080 899 2110 respiciens
920 2077 952 2103 ad
967 2084 1029 2104 coc-

229 2114 284 2141 lum
300 2114 534 2142 benedixiteuset
546 2114 634 2147 fregit,
648 2118 675 2139 et
686 2113 760 2139 dedit
775 2114 913 2146 discipulis
928 2113 958 2143 ¹”,
974 2113 1028 2139 dis-

228 2151 309 2185 cipuli
326 2155 414 2177 autem
436 2150 532 2177 turbis.
558 2149 590 2175 Et
606 2148 835 2185 nutuducavcrunt
848 2148 985 2185 universi,
1003 2153 1030 2175 et

228 2183 341 2213 saturati
364 2190 436 2212 sunt.
455 2186 476 2200 ¹⁵
493 2185 522 2211 Et
538 2184 704 2211 sustulerunt
718 2183 788 2219 quod
800 2184 941 2217 superfuit.
959 2184 1028 2211 dun-

228 2222 316 2250 decim
332 2222 463 2256 cophinos
480 2221 584 2255 plenos.
603 2220 624 2235 ¹⁸
640 2219 672 2246 Εῑ
686 2225 763 2256 erant
782 2220 826 2254 qui
849 2219 1029 2247 manducave-

228 2264 309 2291 runt,
332 2255 470 2285 hominum
494 2258 612 2291 quinque
634 2255 735 2287 millia,
750 2256 870 2289 exceptis
893 2257 982 2290 pueris
1001 2260 1027 2283 et

228 2294 397 2322 mulieribus.
416 2294 436 2308 ¹⁷
453 2293 528 2319 Tunc
544 2291 624 2326 jussit
642 2291 782 2325 discipulis
802 2292 858 2319 suis
880 2291 1027 2320 ascendere

228 2330 255 2358 in
268 2330 432 2362 naviculam,
449 2333 476 2356 ct
491 2329 513 2344 ¹⁸
528 2328 568 2355 ire
580 2332 654 2354 trans
666 2327 774 2360 fretum,

505 146 643 178 EUSEBII
662 147 832 176 VERCELL.
854 146 1079 176 EVANGELIUM
1099 147 1170 177 CUM
1193 147 1309 177 VARllS
1328 147 1406 177 COD.
1426 147 1622 178 COLLATUM.

1815 147 1857 175 2‘56

1310 205 1425 234 CODEX
1452 206 1671 236 VERONENSIS.

1092 253 1163 285 cuia,
1179 253 1206 280 in
1222 253 1311 281 locum
1510 254 1590 282 Jesus
1603 264 1609 282 :
1624 253 1729 282 Adferte

1092 288 1229 326 desertum
1244 296 1320 317 seor-
1510 298 1558 318 eos
1573 290 1610 326 (a)
1625 290 1657 318 ad
1673 298 1722 317 me.

1510 326 1554 354 19.
1577 325 1609 354 Et
1623 333 1683 353 cum
1696 325 1783 361 jussis-

1511 367 1553 391 set
1567 363 1669 390 turbam

1511 399 1614 427 discum
1619 398 1681 425 bere

1510 442 1591 469 supra
1604 434 1692 462 fenum
1701 453 1709 466 ,

1509 471 1627 505 acceptis
1640 469 1752 505 quinque

1510 504 1634 542 panibus,
1648 504 1674 533 et
1685 504 1749 533 duo-

1510 543 1561 570 bus
1577 541 1694 577 piscibus
1701 560 1708 573 .

1509 578 1646 613 aspiciens
1661 578 1687 604 in

1510 614 1614 642 caelum
1633 613 1678 641 be—

1511 649 1626 683 nedixit,
1638 653 1666 677 et

1509 685 1602 720 fregit,
1618 689 1645 712 et
1656 683 1729 712 dedit

1510 721 1651 755 discipulis
1666 720 1731 753 suis,

1511 756 1638 792 discipuli
1653 763 1700 783 au-

1511 797 1565 820 tem
1580 794 1727 827 posuerunt

1510 828 1556 856 20.
1577 828 1675 856 turbis.
1689 827 1722 855 Et
1733 833 1799 853 man-

1511 864 1680 892 ducaveruut
1692 871 1747 891 om-

1510 907 1569 933 nes,
1585 906 1614 927 et
1627 899 1736 926 saturati

1509 941 1583 964 sunt.
1603 935 1637 963 Et
1650 935 1712 963 reli-

1509 973 1587 1007 quias
1601 971 1764 1007 collegerunt

1508 1007 1731 1042 fragmentorum,

1510 1043 1656 1071 duodecim
1669 1042 1766 1070 oolinos

1508 1079 1555 1106 21.
1577 1079 1683 1113 plenos.
1695 1078 1765 1106 Mau-

1510 1115 1667 1142 ducantium
1678 1121 1723 1141 au-

1509 1155 1564 1179 tem
1580 1149 1631 1178 fuit
1645 1158 1736 1179 nume-

1509 1194 1555 1214 rus
1568 1194 1595 1213 ν.
1614 1186 1688 1214 milia

1509 1222 1644 1255 virorum,
1660 1229 1707 1250 ex-

1508 1259 1597 1293 Ceptis
1612 1258 1703 1293 pueris

1508 1299 1535 1321 et
1546 1293 1716 1321 mulieribus.

1506 1328 1553 1356 ‘22.
1576 1330 1610 1357 Et
1625 1329 1714 1356 statim
1729 1328 1800 1356 Jesus

1505 1365 1588 1400 jussit
1602 1365 1746 1400 discipulos
1760 1363 1793 1400 (θ)

1510 1407 1574 1428 suos
1586 1401 1608 1437 -ι-
1620 1400 1763 1428 ascendere

1510 1437 1537 1464 in
1554 1437 1716 1469 naviculam,

1091 331 1162 353 sum.
1178 324 1286 352 Etcum
1298 332 1345 352 au-

1091 360 1197 388 dissent
1211 362 1315 393 turbae,

1091 402 1200 424 secutae
1213 401 1276 424 sunt
1291 404 1354 424 eum

1092 433 1232 468 pedestres
1244 432 1278 459 de

1090 467 1256 501 civitatibus,
1267 472 1294 495 et

1092 504 1136 532 Μ.
1158 504 1241 531 villis.
1258 504 1289 531 Et
1303 508 1331 530 nt

1091 539 1159 567 vidit
1174 539 1281 567 turbam

1091 575 1215 607 multam,
1233 576 1362 603 misertus

1091 616 1133 639 est
1148 612 1212 643 illis,
1228 615 1255 638 et
1266 618 1314 638 cu-

1090 646 1160 674 ravit
1171 646 1313 682 languidos

1090 690 1195 710 eorum.

1092 719 1135 746 15.
1159 718 1278 753 Vespere
1290 722 1382 746 autem

1090 754 1173 787 iacto,
1189 761 1313 782 accesse-

1090 794 1155 817 runt
1166 790 1200 817 ad
1213 798 1276 818 eum

1091 825 1229 861 discipuli,
1240 826 1332 854 dicen—

1091 865 1133 889 tes
1146 870 1153 889 :
1169 862 1296 889 Desertus

1090 897 1166 925 locus
1181 902 1233 931 est,
1248 903 1276 925 et

1091 933 1157 961 hora
1171 933 1228 968 jam

1090 970 1231 1004 praeteriit
1243 977 1249 996 :
1267 969 1307 997 di-

1090 1005 1168 1032 mitte
1183 1009 1238 1032 tur-

1090 1040 1150 1073 bas,
1167 1045 1197 1068 ut
1207 1044 1304 1069 euntes

1090 1077 1117 1104 in
1130 1077 1240 1104 castella

1089 1117 1183 1140 emant
1194 1112 1245 1140 sibi

1090 1154 1177 1175 escas.

1090 1184 1134 1211 16.
1155 1183 1235 1211 Jesus
1248 1187 1339 1211 autem

1089 1219 1158 1247 dixit
1174 1228 1180 1245 :
1196 1218 1255 1246 Non
1272 1219 1320 1246 ha-

1089 1256 1155 1283 bent
1167 1262 1280 1282 necesse
1291 1255 1331 1283 ire
1345 1264 1350 1282 :

1089 1290 1153 1318 date
1166 1291 1220 1318 illis
1237 1298 1284 1318 vos

1090 1326 1265 1354 manducare.

1088 1362 1301 1397 Responderunt

1089 1398 1135 1426 17.
1156 1398 1180 1425 ei
1194 1407 1200 1425 :
1216 1397 1274 1425 Non
1287 1398 1418 1426 habemus

1090 1434 1143 1461 nisi
1155 1436 1273 1468 quinque
1285 1442 1331 1469 pa-

1089 1477 1151 1511 nes,
1165 1474 1192 1497 et
1207 1469 1276 1511 dugs
1292 1470 1331 1511 νῇ·
1509 1476 1537 1500 et
1552 1472 1716 1511 praecedere
1729 1471 1763 1507 (ο)
1776 1470 1794 1505 1'

1090 1506 1133 1533 t8.
1156 1512 1226 1533 sees.
1242 1506 1275 1532 Et
1288 1506 1329 1533 ait
1510 1506 1585 1536 trans
1601 1508 1710 1541 fretum,

1320 1562 1439 1593 CODEX
1458 1565 1660 1595 BRIXIANUS.

1089 1610 1116 1638 in
1134 1610 1222 1638 locum
1244 1611 1381 1639 desertum
1394 1620 1515 1640 seorsum
1528 1613 1562 1640 Et
1575 1620 1638 1641 cum
1651 1610 1862 1641 audissentttirbae

1088 1651 1138 1683 sal
1147 1652 1233 1675 ecutaa
1244 1652 1306 1674 sunt
1315 1655 1376 1674 eum
1389 1648 1530 1683 pedestres
1542 1649 1577 1677 de
1585 1650 1749 1677 civitatibus.
1757 1648 1862 1675 Etexiens

1087 1682 1176 1710 Jesus.
1193 1683 1259 1710 vidit
1273 1683 1379 1710 turbam
1391 1682 1527 1713 ’multam.
1543 1690 1570 1713 et
1593 1687 1720 1713 misertus
1733 1690 1771 1713 est
1789 1684 1830 1711 eis.
1843 1686 1862 1709 et

1087 1719 1191 1746 curavit
1205 1719 1328 1746 inlirmos
1342 1723 1447 1747 eorum.
1464 1720 1584 1755 Vespere
1598 1727 1689 1749 autem
1707 1722 1780 1748 facto.
1792 1725 1863 1746 acces-

1087 1759 1182 1796 serunt
1204 1755 1238 1782 ad
1258 1763 1320 1796 eum
1335 1755 1459 1796 discipuli
1474 1756 1532 1791 ejus
1547 1757 1680 1796 dicentes.
1698 1758 1812 1796 Desertus
1827 1757 1862 1796 est

1084 1789 1129 1817 hic
1143 1791 1229 1824 locus,
1258 1796 1286 1818 et
1311 1791 1377 1818 liora
1403 1791 1458 1826 jam
1488 1789 1639 1827 praeteriit.
1663 1793 1769 1821 demitte
1791 1790 1863 1818 turbas

1085 1830 1114 1853 ut
1138 1832 1234 1854 euntes
1249 1826 1274 1853 in
1299 1827 1421 1854 castella.
1447 1833 1538 1855 emant
1563 1829 1614 1856 sibi
1642 1836 1726 1857 escas.
1747 1828 1816 1855 .leSus
1827 1832 1862 1852 au-

1084 1866 1140 1889 tem
1155 1861 1223 1889 dixit
1237 1863 1287 1889 cis.
1304 1862 1360 1890 Non
1379 1863 1480 1891 habent
1495 1871 1608 1892 necessu
1626 1865 1675 1893 ire.
1693 1864 1752 1892 date
1766 1862 1811 1890 illis
1826 1867 1862 1887 vos

1084 1898 1259 1938 manducare.
1278 1898 1317 1925 Ad
1341 1899 1379 1926 illi
1394 1899 1520 1938 dixerunt
1536 1900 1575 1938 ei.
1601 1900 1658 1938 No_u
1682 1900 1804 1938 habemus
1821 1897 1860 1923 hic.

1084 1933 1140 1970 nisi
1150 1934 1269 1969 quinque
1291 1941 1373 1968 panes
1389 1940 1415 1962 et
1429 1935 1497 1962 duos
1518 1936 1614 1970 pisces.
1633 1936 1667 1963 Et
1679 1937 1715 1963 ait
1728 1936 1777 1962 illis
1790 1933 1860 1970 κερε-

1084 1967 1197 2006 Adrerte
1218 1967 1349 2006 niilii’eos
1362 1971 1422 1998 huc.
1440 1971 1473 1998 Et
1493 1967 1555 1998 cum
1566 1972 1695 2006 jussisset
1711 1971 1807 1999 turbam
1820 1967 1861 1995 dis-

1083 2005 1211 2043 cumbere
1234 2012 1313 2043 supra
1339 2005 1429 2033 fenum
1452 2005 1573 2043 acceptis
1593 2009 1714 2043 quinque
1734 2006 1832 2043 panibus
1843 2007 1862 2043 ei

1083 2039 1190 2077 duobus
1213 2042 1330 2076 piscibus
1352 2043 1487 2077 aspiciens
1513 2039 1540 2070 i'n
1564 2039 1678 2071 Caelum'
1695 2039 1828 2070 benedixit.
1841 2042 1860 2065 ει

1082 2075 1219 2117 frangens
1229 2077 1305 2117 dedit
1318 2075 1457 2112 discipulis
1477 2085 1561 2114 panes
1576 2079 1701 2113 discipuli
1722 2083 1804 2117 autem
1818 2081 1861 2117 tu:

1083 2110 1134 2138 bis.
1152 2111 1185 2138 Et
1203 2110 1438 2140 manducaver'uul
1455 2110 1561 2142 omnes.
1583 2119 1610 2142 et
1633 2110 1742 2142 saturati
1761 2116 1824 2140 sunt.
1839 2110 1862 2136 Et

1082 2149 1253 2187 sustulerunt
1277 2148 1404 2187 reliquias
1434 2149 1648 2187 fragmentnrum
1674 2149 1805 2177 duodecim
1827 2154 1862 2187 co:

1084 2183 1181 2224 Phillps
1200 2184 1303 2224 plcnns.
1320 2181 1370 2224 Qui
1386 2181 1489 2213 autem'
1497 2186 1727 2224 mranducaverunt
1743 2187 1812 2213 erant
1822 2181 1861 2208 viri

1083 2219 1163 2259 Quasi
1178 2219 1542 2259 quinque_milia._exceptis
1556 2223 1725 2259 mulieribus.
1739 2225 1765 2249 et
1782 2224 1860 2259 pur)!"-

1083 2253 1127 2291 lis.
1144 2255 1177 2281 Et
1192 2253 1282 2282 statim
1302 2256 1383 2290 jussit
1399 2253 1547 2291 discipulos
1560 2258 1709 2286 ascendere
1728 2259 1752 2284 in
1772 2253 1862 2283 navicu-

1082 2288 1135 2316 lam
1150 2296 1176 2318 et
1191 2288 1356 2326 praecedere
1367 2300 1429 2320 eum
1445 2288 1521 2321 trans
1542 2293 1652 2322 fretum.

569 2384 764 2412 VARIANTES
782 2383 976 2413 LECTIONES
994 2384 1129 2414 CODIClS
1149 2386 1205 2416 MS.
1227 2387 1256 2416 S.
1278 2387 1534 2419 GERMANENSIS.

261 2436 270 2452 ί
288 2441 409 2460 seorsum.
421 2435 453 2460 Et
463 2440 520 2459 cttm

260 2467 270 2481 ¹
287 2467 419 2497 pedestres
429 2467 461 2491 de

260 2498 271 2513 ⁸
289 2500 380 2522 etcum
395 2498 489 2522 exisset

257 2528 270 2575 ἶ
390 2529 497 2553 inlirmos
510 2533 603 2553 eorum.
618 2527 732 2559 Vespere
743 2529 825 2552 autem
839 2525 902 2552 facto

289 2563 336 2587 est,
352 2563 378 2583 et

257 2590 268 2605 ο
287 2590 372 2614 turbas
383 2590 407 2614 in
419 2590 518 2615 castella

258 2621 268 2636 ν
285 2620 360 2645 Jesus
369 2624 451 2645 autem
462 2622 525 2647 dixit
536 2622 585 2647 illis

258 2651 269 2668 ⁸
287 2651 335 2681 Qui
345 2652 461 2677 dixerunt
471 2653 496 2677 ci

259 2684 269 2699 ⁹
288 2683 329 2707 hic

258 2715 281 2731 ¹ο
298 2714 330 2739 Ει
341 2714 376 2739 ait
388 2712 435 2739 illis
448 2713 538 2739 Jesus:
551 2714 646 2741 Aﬂ‘erte
656 2721 700 2741 eos
711 2715 741 2740 ad
753 2721 793 2740 me

1117 2434 1138 2449 “
1157 2441 1211 2459 cum
1219 2435 1333 2466 iussisset

1118 2466 1140 2499 εξ
1157 2465 1267 2499 foenum,
1281 2469 1391 2499 acceptis

1116 2497 1139 2513 η
1156 2497 1278 2529 aspiciens
1288 2497 1490 2530 in...'benedixit,
1501 2504 1527 2525 et

1116 2528 1138 2543 ¹⁵
1156 2536 1244 2553 naues.

1113 2559 1136 2605 ἒξ
1153 2549 1352 2605 ἓὶἓέῑῖεεεεξειξ
1361 2561 1483 2605 {sissis

1080 2586 1350 2646 lﬂammidanduct‘a'utium
1360 2586 1443 2619 anteiri
1455 2586 1501 2619 fuit
1512 2600 1630 2620 numerus
1637 2595 1747 2626 quinque.
1755 2586 1858 2618 mnum,

1113 2653 1135 2688 ξζ
1152 2653 1182 2678 Ει
1194 2655 1275 2688 statim
1285 2655 1358 2686 jussit
1369 2655 1443 2681 Iesus
1456 2656 1590 2688 discipulos
1602 2663 1660 2683 suos

1114 2683 1137 2699 ¹⁸
1153 2683 1307 2716 praecedere

892 2756 1076 2786 BLANCHINI
1095 2758 1210 2788 NOTAE.

262 2810 274 2824 ε
295 2805 317 2832 Α
332 2805 357 2831 in
372 2808 502 2838 suculae,
520 2803 616 2832 extrita
633 2809 683 2833 est.

262 2876 305 2915 (η)
322 2876 385 2915 [lost
406 2885 463 2909 eos,
485 2876 564 2915 deest
583 2876 647 2915 huc.
664 2877 744 2905 etiam
767 2879 793 2905 in
815 2878 876 2906 cod.
900 2877 982 2915 Carm.
993 2876 1070 2915 —-(b)
1091 2878 1172 2908 Addit
1181 2887 1240 2908 suos
1253 2888 1261 2907 .·
1277 2884 1304 2908 et
1317 2880 1353 2909 ita
1365 2879 1481 2910 Vc'rcell‘.
1499 2886 1526 2910 et
1542 2885 1630 2910 textus
1641 2881 1748 2911 σηοως
1758 2899 1765 2914 ,
1780 2878 1855 2907 αὐτοῦ.

226 2925 261 2934 --
275 2912 310 2949 (ε)
331 2912 395 2941 Post
418 2912 582 2948 praecedere,
600 2913 674 2941 deest
691 2921 767 2947 eum,
792 2920 819 2941 ut
842 2915 868 2942 iu
891 2914 952 2943 cod.
965 2912 1044 2943 Cant.
