3894 6336
457 291 566 349 εδει

845 402 1075 462 ΟΟΒΕΧ
1115 401 1658 460 ι·ειιςει.ιΕΝειδ.

462 514 516 559 et
543 502 804 558 adorave-
1301 496 1618 566 grcdiuntnr

460 585 586 630 runt
611 590 732 630 eum
753 613 766 636 ,
790 571 871 626 di-
1303 570 1647 623 traditionem
1709 590 1716 598 -

459 658 647 701 centes
677 663 689 697 :
720 645 857 698 Vere
1299 640 1610 694 seniorum?

1300 727 1406 764 non
1437 711 1579 765 enim
1613 711 1688 765 la-

1299 793 1425 836 vant
1452 798 1644 836 IllallllS

1298 869 1445 918 suas,
1475 869 1596 908 cum
1632 869 1724 922 pa-

1301 941 1422 981 nem
1455 926 1683 980 mandu-

1297 1007 1443 1051 cant.

1297 1070 1350 1125 ’5.
1394 1069 1513 1136 Ipse
1542 1077 1721 1125 autem
1747 1085 1860 1127 res-

1301 1140 1545 1210 pendens
1571 1144 1647 1196 ait

1301 1212 1408 1267 illis
1434 1229 1448 1267 :
1481 1211 1658 1279 Quare
1684 1222 1740 1269 et

1299 1299 1397 1338 vos
1424 1293 1699 1354 transgre-

1300 1355 1488 1410 dimini
1515 1370 1667 1409 man-

1301 1427 1484 1482 datum
1516 1426 1610 1498 Dei
1637 1442 1801 1498 prop-

1301 1507 1383 1554 ter
1409 1497 1652 1553 traditio;

1300 1586 1422 1624 nem
1451 1571 1723 1626 vestram?

1299 1641 1432 1697 Nam
1467 1641 1610 1696 Deus
1639 1641 1774 1697 dixit
1807 1660 1820 1696 :

1300 1712 1355 1770 4.
1399 1713 1612 1768 Honora
1637 1728 1734 1783 pa-

1300 1793 1443 1858 trem
1476 1784 1552 1858 (ὁ)
1589 1793 1670 1837 ιιι-

1301 1872 1390 1911 um
1419 1856 1563 1928 ’l-,'et
1587 1872 1699 1911 ma-

1303 1936 1439 1985 trem
1472 1939 1614 1983 tuam
1635 1944 1648 1991 ;

1299 2007 1354 2055 et
1380 2017 1393 2053 :
1423 2001 1679 2068 Quicum-

464 719 628 772 Filius
661 715 752 770 Dei
778 731 860 770 es.

457 789 548 844 Si.
594 790 657 844 Et
688 803 810 842 cum
836 795 1010 840 trans-

457 863 753 916 fretassent
782 883 788 890 κ

461 933 784 987 invenerunt

459 1003 512 1057 in
544 1013 739 1058 terram

456 1076 548 1132 35.
591 1073 895 1130 Gennesar.
932 1072 997 1128 Et

457 1161 578 1201 cum
605 1161 809 1217 cogno-

459 1219 666 1274 vissent
694 1219 845 1272 illum

456 1291 556 1344 viri
591 1290 691 1344 luci
727 1289 831 1345 illi—

459 1376 542 1425 us,
569 1361 870 1416 adorahant

457 1448 604 1489 eum.
640 1433 704 1486 Et
733 1447 862 1487 con-

458 1505 636 1560 festim
669 1503 830 1558 mise-

458 1585 586 1630 runt
616 1576 668 1630 in
699 1576 818 1630 uni-

455 1662 668 1702 versam
699 1649 874 1718 regio-

457 1735 580 1774 nem
612 1719 780 1786 illam,
813 1729 868 1775 et

455 1791 774 1858 Oplulerunt

457 1863 506 1917 ei
531 1878 722 1918 omnes
751 1876 864 1916 ma-

457 1934 506 1989 le
535 1933 819 1989 habentes.

456 2005 546 2060 56.
590 2005 659 2060 Et
685 2007 948 2073 regabant

454 2092 578 2132 eum
607 2088 664 2131 ιιι
693 2071 776 2132 vel
800 2079 919 2132 lim-
1299 2085 1405 2142 que
1430 2071 1598 2126 male-

455 2148 627 2202 hriam
649 2148 812 2204 vesti-
1300 2143 1428 2198 dicit
1455 2146 1593 2212 patri

455 2221 627 2276 menti
655 2220 772 2296 ejus
795 2231 916 2296 tan-
1299 2225 1478 2296 morte
1506 2230 1620 2270 mo—

452 2301 663 2361 gerent.
701 2293 769 2347 Et
790 2293 910 2360 qui-
1299 2293 1490 2361 rielur.

1299 2355 1352 2411 5.
1400 2357 1506 2412 Vos
1532 2364 1713 2412 autem
1743 2357 1825 2412 di-

452 2378 684 2434 cumque
709 2365 901 2434 tetige-

1296 2429 1419 2483 citis
1452 2446 1464 2482 :
1496 2429 1754 2496 Quicum-

456 2445 604 2496 runt.
631 2436 766 2490 salvi
793 2436 901 2490 lac-

458 2507 494 2561 ti
523 2515 668 2562 sunt.
1295 2514 1402 2583 que
1428 2501 1626 2583 dixerit

642 2620 872 2678 “Pl”
911 2619 1030 2675 κν·
1299 2571 1721 2696 Εῆ¹ἷ⁵.;ηἷξῑ.;“³’

1297 2713 1678 2782 quodcumque

1297 2800 1364 2840 ex
1393 2802 1499 2848 me.
1531 2787 1624 2840 tibi
1659 2801 1782 2855 prn-

1297 2857 1349 2911 6.
1393 2858 1555 2920 derit.
1588 2856 1661 2929 (c)
1691 2873 1798 2914 non
1829 2857 1924 2914 ho-

1298 2930 1603 2983 norilicavit

1296 3007 1506 3071 patrem
1529 3016 1620 3055 su-

528 2717 549 2770 -l
567 2755 580 2768 .
623 2713 777 2770 Tunc
808 2727 1054 2769 accesse-

452 2797 581 2843 rnnt
602 2785 668 2842 ad
689 2801 812 2842 enm

453 2858 696 2923 Scribae,
730 2867 787 2914 ct
815 2856 952 2913 Pha-

453 2931 611 2986 risaei
635 2932 702 2985 ab
727 2930 915 2984 lliero-

452 3003 683 3071 solyma,
715 3001 901 3056 dicen-

451 3071 506 3125 2.
551 3081 669 3127 tes:
694 3073 873 3138 Quare
892 3071 1002 3126 dis—
1298 3087 1385 3124 nm
1413 3089 1425 3125 :
1457 3083 1509 3126 et
1539 3072 1763 3128 inritum

453 3142 616 3214 cipuli
645 3145 718 3198 tui
742 3151 919 3198 trans-
1295 3141 1500 3198 fecistis
1533 3158 1654 3200 ver-

883 3257 1114 3318 CODEX
1151 3257 1401 3316 CORBEI
1413 3260 1628 3317 ENSIS.

453 3357 821 3413 adoraverunt
859 3370 1005 3418 eum.
1036 3354 1280 3410 dicentes
1311 3371 1323 3407 :
1354 3353 1495 3410 Vere
1540 3353 1712 3409 Filius
1750 3353 1842 3408 Dei
1879 3369 1958 3410 es.
1995 3354 2065 3410 Et

453 3445 617 3499 quum
646 3429 1110 3484 transfretassent.
1148 3428 1724 3499 venernntinterram
1750 3427 1765 3499 ξ
1795 3425 2063 3482 Genesar.

453 3497 522 3555 Et
549 3509 607 3554 ut
653 3506 1028 3570 cognoverunt
1059 3499 1307 3553 homines
1337 3498 1439 3553 loci
1478 3498 1624 3552 illius
1650 3541 1665 3562 ,
1698 3497 2064 3554 adoraverunt

451 3587 599 3626 eum.
648 3573 712 3625 Et
767 3571 1058 3625 Confestim
1111 3572 1373 3623 miserunt
1404 3571 1454 3623 in
1488 3584 1706 3624 omnem
1751 3570 2058 3635 confinem,

453 3654 508 3697 et
537 3644 853 3697 obtulerunt
891 3643 940 3696 ei
976 3656 1167 3696 omnes
1189 3642 1330 3695 male
1376 3640 1661 3696 habentes.
1704 3641 1767 3695 Et
1801 3643 2063 3710 rogabant

453 3729 577 3768 eum
626 3717 732 3768 nt’
768 3724 974 3769 tantum
1025 3714 1295 3767 fimbriam
1349 3714 1654 3784 vestimenti
1706 3713 1824 3782 ejus
1870 3724 2060 3784 tange-

454 3795 595 3841 rent.
639 3786 704 3839 Et
763 3787 1090 3856 quicumque
1145 3784 1455 3853 tetigerunt,
1485 3783 1505 3814 ⁸
1532 3785 1721 3856 salvati
1750 3791 1894 3837 sunt.

526 3856 642 3911 XV.
684 3854 836 3911 Tunc
874 3865 1221 3912 accesserunt
1257 3856 1326 3909 ad
1377 3872 1497 3910 eum
1529 3855 1546 3885 "
1585 3857 1652 3910 ab
1695 3854 2061 3926 Jerosolymis

450 3927 674 3982 Scribae
709 3943 756 3984 et
800 3928 1112 3992 Pharisaei,
1155 3926 1401 3982 dicentes
1435 3944 1448 3981 :
1482 3926 1660 3992 Quare
1706 3927 1954 3997 discipui
1983 3927 2060 3981 ιιιί

451 4001 923 4068 transgrediuntur
945 3999 1288 4054 traditionem
1319 3998 1633 4054 seniorum?
1673 4014 1779 4052 non
1812 3999 1955 4052 etiiin
1984 3999 2060 4051 la-

451 4084 579 4126 vant
607 4073 628 4102 ³
653 4087 845 4126 manus
868 4087 1015 4130 snas.
1039 4087 1204 4141 quum
1235 4086 1424 4138 panem
1450 4069 1795 4124 mandurant.
1821 4071 1841 4101 θ
1868 4071 1938 4125 At
1966 4071 2058 4123 ille

451 4145 787 4211 respondens
837 4144 914 4196 ait
959 4143 1064 4196 illis
1102 4159 1116 4196 :
1149 4142 1329 4208 Quare
1372 4151 1427 4196 et
1473 4157 1568 4194 vos
1602 4141 2056 4212 transgredimini

449 4214 762 4267 nnndatum
809 4214 901 4268 Dei
946 4223 1166 4283 propter
1213 4221 1447 4267 vestram
1497 4211 1880 4266 traditionem?
1920 4211 2053 4266 Nam

450 4284 596 4339 Deus
639 4284 811 4339 dixit:
844 4285 1058 4339 Honora
1111 4295 1350 4353 patrem,
1403 4291 1460 4338 et
1506 4295 1768 4347 matrem;
1803 4292 1901 4338 et:
1953 4283 2053 4350 Qui

451 4355 791 4410 maledixerit
840 4359 974 4426 patri
1003 4397 1016 4418 .
1068 4356 1086 4385 τ
1136 4356 1220 4409 vel
1280 4354 1475 4420 matri,
1538 4369 1739 4426 morte,
1771 4357 2051 4426 morietur.

455 4427 562 4481 Vos
608 4438 786 4482 autem
839 4427 1063 4482 dicitis:
1112 4427 1133 4459 ⁸
1181 4428 1518 4494 Quicumque
1570 4425 1913 4480 maledixcrit
1961 4442 2056 4495 pa-

449 4497 556 4564 tri,
611 4501 694 4554 vel
751 4499 948 4564 matri,
1009 4515 1132 4553 rens
1181 4501 1283 4552 erit
1329 4497 1613 4568 gehennae
1667 4497 1802 4568 ignis
1846 4514 1858 4550 :
1909 4498 2054 4567 quod

453 4586 560 4626 non
589 4571 966 4626 lionorilicavit
993 4581 1200 4640 patrem
1228 4585 1406 4636 suum,
1441 4572 1461 4601 ⁸
1491 4569 1578 4624 vel
1609 4579 1835 4624 matrem
1868 4584 2051 4624 suam:

447 4651 504 4697 et
530 4645 741 4698 irritum
797 4641 1002 4698 fecistis
1020 4642 1062 4673 ¹⁰
1078 4657 1201 4698 vero

989 286 1262 349 EUSEBII
1300 283 1643 344 VERCELL.
1686 281 2140 345 EVANGELIUM
2179 284 2320 344 GU.“
2360 282 2588 344 VARllS
2625 283 2783 345 COD.
2825 281 3222 344 COLLATUM.
3612 291 3697 351 2:0

2597 403 2826 461 CODEX
2869 402 3320 465 VERONENSIS.

3009 495 3279 551 seniorum
3299 498 3321 550 ?

3013 584 3118 620 non
3144 570 3282 623 cnim
3308 570 3378 625 la-

2169 502 2222 549 et
2245 492 2505 550 adorave-

2169 575 2295 620 runt
2323 582 2468 632 eum,
2502 565 2687 622 dicen-

2171 647 2250 692 tes
2276 657 2289 692 :
2323 637 2461 694 Vere
2493 638 2660 694 Filius
3013 650 3136 693 vant
3167 655 3350 696 manus

2173 709 2266 763 Dei
2299 723 2359 763 es
2391 709 2466 834 in)
3011 726 3160 777 snas,
3193 728 3310 767 cum
3341 729 3431 783 pa-

2173 779 2308 834 tn-i'.
2354 784 2385 834 5
2433 820 2446 834 .
2490 779 2698 834 Etcum
3012 797 3134 834 nem
3169 784 3431 834 manduca

2173 790 2226 834 ttt
2250 779 2308 850 -ξκ
2354 779 2451 835 δικ
2490 779 2698 835 Etcum
3012 797 3134 837 nem
3169 779 3503 851 manducanl,

2171 851 2638 919 transfretassent,
3011 855 3064 909 ὅ.
3111 854 3230 925 Ipse
3254 865 3424 912 autem

2172 933 2436 996 venerunt
3014 927 3346 996 respondens

3016 997 3090 1050 ait
3109 997 3214 1052 illis
3243 1015 3256 1052 :

3016 1067 3193 1136 Quare
3215 1077 3271 1125 et
3297 1085 3390 1126 vos

2171 995 2225 1049 in
2258 1004 2455 1049 terram

2171 1066 2265 1123 35.
2289 1065 2551 1123 Genesar.
2585 1067 2651 1122 Et

2171 1153 2292 1192 cum
2321 1141 2609 1209 cognovis-
3017 1141 3443 1208 transgredimini

2172 1223 2294 1264 sent
2312 1226 2436 1265 eum
2469 1211 2568 1265 viri
3018 1213 3327 1269 mandatum

2174 1281 2276 1336 loci
2304 1281 2467 1346 illius.
3016 1281 3108 1337 Dei
3137 1293 3355 1354 propter

3015 1355 3358 1413 traditiOnem

3013 1429 3282 1482 vestram?
3313 1427 3439 1484 Nam

3014 1498 3156 1553 Dens
3183 1499 3320 1555 dixit
3345 1519 3358 1555 :

3011 1569 3068 1625 4.
3103 1570 3316 1626 Honora
3341 1586 3432 1641 pa-

3016 1651 3152 1696 trem
3187 1641 3265 1712 (b)
3299 1651 3444 1699 tuum
3473 1642 3528 1713 κζ’,

3015 1721 3070 1768 et
3096 1722 3322 1770 matrem

3016 1793 3184 1848 tuam;
3215 1794 3270 1840 et
3303 1803 3317 1842 :
3345 1785 3446 1854 Qui

3016 1855 3357 1913 maledixerit

2172 1355 2471 1409 adorahant
2499 1369 2648 1414 eum.

2177 1423 2242 1478 Et
2267 1425 2555 1482 confestim

2175 1496 2438 1552 miserunt
2469 1498 2522 1553 in

2175 1567 2485 1624 universam

2175 1641 2450 1710 regionem
2483 1640 2654 1708 illam,

2179 1718 2234 1764 et
2259 1713 2576 1780 olitulerunt

2178 1782 2228 1837 ei
2258 1800 2446 1839 omnes
2473 1784 2615 1840 male

2176 1855 2264 1908 26.
2302 1853 2582 1911 habentes.
2617 1854 2684 1910 Et

2177 1927 2437 1996 rogabant
2465 1943 2590 1981 eum
3017 1929 3182 1998 patri,
3215 1930 3296 1984 vel
3320 1944 3431 1985 ma-

2176 2007 2234 2051 ιιι
2256 1999 2338 2080 vel
2365 1999 2628 2082 fimbriam
3019 2000 3110 2067 tri,
3140 2009 3318 2084 tnorte

2175 2079 2480 2125 vestimenti
3016 2079 3304 2128 moriatur.

3013 2142 3064 2198 5.
3124 2143 3232 2198 Vos
3261 2151 3439 2198 autem

2173 2141 2292 2213 ejus
2322 2151 2621 2213 tangerent.

3013 2214 3193 2270 dicitis
3228 2231 3241 2272 :
3271 2215 3513 2284 Quicum-

2174 2212 2243 2267 Et
2271 2212 2575 2285 quicunquc

2175 2285 2488 2356 tetigerunt,
3013 2302 3119 2356 que
3146 2285 3351 2341 dixerit

2173 2354 2308 2410 salvi
2336 2356 2460 2412 facti
3015 2354 3178 2426 patri,
3212 2359 3294 2412 vel
3329 2372 3440 2412 ma-

2173 2435 2321 2483 sunt.
3013 2429 3082 2483 tri
3113 2429 3361 2496 corbam,

2350 2498 2578 2572 QAPUT
2624 2501 2743 2557 XV.
3013 2501 3155 2572 quod
3181 2510 3290 2566 est,
3317 2516 3431 2555 mu-

2248 2571 2297 2624 -l.
2349 2571 2504 2644 Tunc
2533 2588 2780 2631 accesse-
3015 2571 3115 2627 nus
3139 2573 3444 2644 quodcum--

3017 2659 3123 2714 que
3143 2656 3232 2699 est
3270 2661 3338 2699 ex

3020 2730 3127 2787 the,
3151 2716 3255 2787 tibi
3281 2729 3411 2787 pro-

3021 2785 3074 2843 6.
3128 2781 3300 2851 derit:
3319 2786 3390 2857 (c)
3414 2799 3513 2839 non
3541 2781 3624 2836 bo-

3022 2858 3333 2914 norilicavit

3017 2940 3228 3000 patrem
3257 2945 3439 2994 suum,

3013 3011 3068 3056 et
3097 3012 3329 3058 matrem
3361 3018 3376 3055 ι

3015 3084 3068 3129 et
3099 3072 3318 3128 irritum

3015 3143 3192 3200 facitis
3225 3144 3449 3202 verbum

2637 3261 2872 3320 CODEX
2909 3258 3317 3318 BRIXIANUS.

2171 3366 2226 3414 et
2239 3359 2603 3414 adoraverunt
2623 3374 2747 3414 eum
2763 3353 3176 3412 dicentes.Vere
3195 3353 3298 3410 Dei
3314 3345 3728 3414 Filiusesdﬂtcum

2173 3409 2918 3502 (asangm;mea;
2941 3409 3005 3502 aj._.*_
3017 3409 3221 3502 te"...
3242 3409 3554 3502 cenem,
3573 3409 3728 3502 2......

2170 3503 2548 3570 cognovissent
2567 3518 2690 3558 eum
2721 3501 2816 3555 viri
2835 3503 2932 3554 loci
2952 3497 3451 3570 illius.Miseruntin
3473 3497 3728 3570 universam

2171 3563 2450 3645 regionem
2482 3574 2712 3628 illatn.et
2731 3572 3044 3627 obtulerunt
3058 3571 3318 3645 eiomues
3336 3569 3482 3645 male
3496 3563 3730 3645 habentes;

2170 3638 2259 3697 Et'
2272 3646 2532 3714 rogabant
2551 3662 2672 3700 eum
2691 3656 2745 3698 ut
2767 3654 2972 3698 tantmu
2993 3643 3073 3696 vel
3097 3643 3112 3694 l
3137 3650 3161 3678 °
3183 3642 3438 3714 itubriam
3469 3638 3730 3714 νθξιῇηξεηξξ

2173 3716 2292 3784 ejus
2324 3703 2607 3786 tangerent
2658 3717 2725 3770 Et
2769 3715 3097 3786 quicumque
3126 3713 3424 3786 tetigerunt
3469 3703 3728 3786 salvi-“lztcli

2172 3773 2320 3842 sunt.
2353 3773 2506 3842 Tiiiic
2531 3773 2882 3842 accesserunt
2906 3785 2970 3840 ad
3011 3773 3200 3840 Ilcsum
3228 3773 3463 3855 "Scriba;
3508 3792 3556 3855 et
3582 3773 3732 3855 Pilali;

2171 3861 2265 3913 stei
2297 3860 2365 3914 ab
2397 3859 2455 3912 lli
2485 3859 2512 3897 ι)
2541 3858 2864 3930 erosiilymis
2896 3857 3159 3930 dicentes.
3220 3855 3402 3924 Quare
3431 3847 3730 3930 disi-ipttlillli

2173 3914 2642 4001 transgrediuntur
2674 3914 3018 3984 traditionem
3047 3914 3348 4001 seniorum.
3386 3940 3488 4001 non
3511 3914 3730 4001 eninrlaj

2176 4011 2197 4039 ο
2232 3996 2363 4056 bant
2413 4018 2603 4057 manus
2644 4017 2764 4056 cum
2801 4015 2990 4070 panem
3043 3999 3398 4054 manducant.
3426 3996 3541 4066 Ipse
3587 3999 3730 4072 ειιιιςηξ

2170 4073 2508 4142 respondens
2560 4075 2635 4127 ait
2665 4061 2812 4127 illis.'
2843 4072 3022 4139 Quare
3071 4081 3125 4126 et
3179 4085 3280 4125 vos
3336 4061 3729 4142 transgredi‘mini

2171 4132 2483 4199 mandatum
2520 4146 2632 4199 Dei.
2685 4132 2904 4214 pronte'r
2933 4144 3279 4197 traditionem
3313 4132 3563 4214 vestram.
3610 4132 3726 4214 Deus.

2166 4217 2312 4270 enim
2353 4216 2626 4288 praecepit
2656 4201 2842 4293 dicens
2875 4214 3094 4293 Honora
3120 4225 3330 4293 patrem
3363 4211 3441 4293 (ὁ)
3467 4201 3732 4293 tuqmjf!

2166 4279 2396 4341 matrem
2431 4279 2596 4342 tuan'i.
2641 4297 2698 4342 et
2743 4287 2844 4356 Qui
2903 4279 3247 4342 malediierit
3297 4279 3436 4355 patri
3482 4279 3558 4334 vel
3596 4281 3728 4331 mall“!

2167 4372 2342 4413 tntIrlc
2368 4371 2652 4415 moriatur.

2241 4430 2348 4485 Vos
2371 4442 2552 4486 autem
2585 4429 2762 4503 dicitis
2789 4429 3127 4500 Quicumque
3154 4419 3730 4503 dixeritpatrivclma:

2165 4500 2234 4555 tri
2279 4517 2474 4556 munus
2526 4491 2902 4572 quodcumque
2933 4512 3018 4557 est
3041 4491 3125 4556 ὀι
3159 4516 3248 4555 me
3281 4491 3650 4568 tibi‘proderit.
3688 4491 3731 4541 ct

2165 4587 2274 4627 non
2328 4572 2654 4629 lionorilicat
2708 4587 2914 4644 patrem
2967 4589 3148 4630 suum.
3203 4582 3299 4628 aut
3329 4577 3554 4626 inatrcm
3584 4573 3728 4623 suam,

2161 4653 2217 4699 et
2241 4646 2458 4700 inritum
2488 4644 2692 4700 fecistis
2721 4660 2879 4700 man-

2173 2652 2300 2697 runt
2326 2643 2391 2696 ad
2423 2660 2546 2700 eum

2173 2715 2415 2777 Scribae,
2449 2728 2500 2772 et

2172 2784 2407 2842 Farisaei
2430 2789 2498 2842 ab

2174 2857 2588 2931 Dierosolyinis,

2171 2928 2225 2982 2.
2271 2928 2518 2986 dicentes
2542 2948 2556 2986 :
2589 2931 2766 3000 Quare

2171 3003 2422 3070 discipuli
2452 3004 2524 3057 tui

2173 3075 2644 3142 transgrediuntur

2175 3145 2521 3203 traditionem

1131 4804 1531 4862 VARIANTES
1569 4803 1956 4861 LECTIONES
1995 4803 2266 4864 CODICIS
2307 4805 2420 4862 MS.
2464 4805 2522 4863 S.
2563 4804 3080 4863 GERMANENSIS.

513 4947 526 4975 ι
565 4943 805 5019 Genesar.
829 4941 1021 4995 Etcum
1041 4943 1389 5019 cognovissent
1413 4955 1527 5019 eum
1548 4942 1639 4993 viri
1658 4940 1755 4992 loci
1779 4940 1927 5004 illius,
1953 4943 2049 4992 mi-

443 5015 617 5098 serunt
633 5009 688 5116 lin
707 5009 984 5058 universam
1007 5005 1271 5070 regionem
1288 5005 1438 5066 illam,
1464 5013 1518 5056 et

565 5083 627 5118 ve

510 5131 531 5161 ³
565 5130 683 5178 salvi
704 5130 812 5182 facti
843 5140 958 5183 sunt

507 5192 526 5258 ξ
562 5193 782 5256 Scribae,
811 5205 861 5244 et
882 5195 1133 5246 Pharisaei
1159 5195 1222 5246 ab
1240 5193 1578 5258 Hierosolyma

504 5256 524 5286 δ
558 5268 750 5317 manus,
775 5270 883 5307 cum

2219 4943 2241 5008 θ
2277 4942 2389 5008 Ipse
2406 4952 2574 4996 autem

2217 5007 2236 5037 ⁷
2273 5018 2415 5058 aut...
2443 5009 2676 5058 moriatur

2215 5056 2452 5142 {notius
2466 5056 2812 5135 quodcumque
2831 5083 2901 5123 ex
2922 5083 3004 5123 me
3027 5070 3116 5122 tibi
3144 5069 3386 5135 proderit,
3410 5079 3506 5120 non
3529 5056 3729 5117 honoriﬁ-

2212 5258 2256 5289 ιο
2291 5258 2567 5311 mandatum

1767 5361 2142 5420 BLANCHINI
2181 5363 2416 5423 ΝΟΤΙΕ.

515 5488 538 5553 fl
567 5478 622 5534 ln
651 5478 835 5534 vocula
869 5479 957 5535 illa
990 5481 1267 5548 fimbriam,
1300 5481 1476 5553 post,’
1513 5479 1706 5537 extrita
1740 5489 1824 5536 est
1851 5481 2033 5538 littera

439 5549 596 5615 cujus
629 5553 925 5622 vestigium,
946 5567 1052 5606 non
1083 5564 1186 5608 est.

512 5623 535 5660 l’
571 5622 628 5677 In
658 5621 846 5678 vocula
885 5621 1277 5695 Hierosolymis,
1330 5627 1503 5698 prima
1547 5625 1750 5682 vocalis
1807 5632 1947 5694 erat,
1999 5643 2032 5696 y

2139 5493 2295 5557 posta
2323 5499 2352 5538 a
2379 5493 2692 5543 correctore
2721 5485 2933 5546 derasis
2955 5488 3235 5557 cornibus,
3266 5497 3330 5546 ut
3356 5489 3375 5544 ί
3405 5489 3578 5547 fieret.

2214 5568 2235 5593 ι’
2270 5556 2464 5622 labant,
2503 5573 2601 5629 pro
2631 5559 2825 5614 lavant.

507 5752 584 5828 fa)
626 5751 786 5808 Addit
813 5739 892 5828 tu,
915 5752 1079 5809 etiam
1103 5753 1271 5810 codex
1295 5755 1452 5813 Cant.
1480 5757 1568 5812 σύ.
1585 5756 1732 5828 -(ι›>
1749 5754 1915 5813 Addit
1938 5764 2100 5822 mum,
2125 5752 2290 5811 etiam
2314 5760 2492 5814 textus
2519 5752 2746 5812 Graecus
2769 5753 3041 5827 coa.—-(c)
3063 5752 3205 5812 Ante
3235 5770 3373 5823 non,
3404 5752 3554 5810 deest
3597 5753 3661 5810 et,
3682 5741 3723 5794 ill

437 5823 806 5906 COti.'l|110f|ue
831 5825 988 5881 Cant.
