3894 6336
180 351 261 407 941

524 467 757 525 (ΣΟΠΕΧ
798 469 1345 529 VERCELLENSIS.

167 559 273 616 bum
296 558 381 632 Dei
406 574 571 632 prop-
974 566 1322 621 scandalizati

170 640 235 687 tei-
254 631 484 687 traditio-
509 631 518 632 ί
973 639 1142 694 sunt?

168 715 543 781 nein_ve5tram.
605 775 619 781 _
975 711 1063 781 l3.
1124 710 1189 765 Et
1215 709 1374 781 Jesus
1403 722 1629 781 respon-

167 776 210 830 7.
249 774 577 846 Hypocrilae,
605 775 701 832 δε-
976 780 1114 835 deus
1137 784 1205 834 ait
1236 780 1400 835 :Out-

170 862 225 902 ne
253 847 528 916 propheta-

975 854 1060 908 nis
1092 852 1372 923 plantatio,

166 921 227 991 vit
250 919 308 991 tle
325 918 471 991 vobis
503 918 583 991 (a)

972 940 1130 993 quam
1163 942 1267 978 ttntt
1300 924 1453 995 plan~

166 989 402 1061 Esaias-la
432 989 621 1048 dicens
648 1009 660 1047 :
972 989 1110 1050 tavit
1136 989 1429 1051 Pater'mc-

166 1062 207 1117 8.
246 1060 392 1116 Plebs
418 1062 553 1120 haec
972 1082 1034 1122 us
1064 1068 1338 1130 caelestis.

167 1134 298 1187 labiis
319 1149 401 1190 me
970 1140 1352 1193 eradicahitur.

169 1205 387 1272 honorat,
972 1211 1059 1264 11.
1090 1210 1264 1266 Sinite
1290 1210 1412 1266 illos
1441 1228 1452 1266 :
1487 1226 1614 1271 cae-

164 1291 240 1332 cor
257 1286 421 1333 autem
970 1282 1019 1336 ci
1050 1292 1178 1338 sunt
1202 1282 1371 1339 duces

166 1364 324 1403 eorum
347 1351 461 1404 lon-
968 1368 1277 1417 caecorum,
1305 1369 1428 1410 cae-

162 1434 215 1489 ge
236 1428 309 1474 est
331 1436 357 1475 a
382 1437 489 1478 me.
970 1440 1067 1481 cus
1092 1440 1271 1480 autem
1299 1426 1345 1480 si

163 1494 205 1547 9.
244 1490 358 1547 Siue
380 1508 543 1551 causa
970 1512 1136 1552 caeco
1164 1501 1418 1555 ducatum

162 1573 311 1617 autem
328 1579 411 1620 me
966 1578 1225 1633 praestet,
1247 1584 1363 1622 am-

162 1636 335 1701 colunt,
362 1636 457 1692 do-
968 1636 1042 1697 bo
1075 1642 1124 1695 in
1160 1640 1368 1697 foveant

160 1717 316 1763 centes
339 1707 465 1764 doc-
968 1713 1190 1768 cadunt.

161 1780 321 1853 trinas,
348 1791 399 1834 et
423 1797 575 1836 man-
971 1784 1061 1839 15.
1099 1784 1453 1853 Respondens

160 1848 263 1903 data
297 1852 463 1907 homi-
969 1863 1149 1911 autem
1181 1848 1369 1912 Petrus

969 1926 1103 1983 dixit
1130 1930 1177 1981 ei
1206 1944 1223 1981 :
1258 1927 1425 1982 Euar-

968 2015 1029 2055 ra
1070 2000 1223 2055 nobis
1248 2014 1401 2069 para-

971 2070 1148 2125 bolam
1181 2071 1359 2125 istam.

976 2142 1064 2197 16.
1115 2142 1196 2199 Ad
1233 2143 1321 2197 ille
1354 2141 1529 2199 dixit:
1562 2142 1657 2200 ad-

976 2213 1082 2269 huc
1108 2224 1163 2270 et
1190 2229 1287 2270 vos
1307 2214 1381 2269 si-

970 2302 1039 2340 ne
1068 2286 1355 2341 intellectu

972 2359 1059 2413 17.
1104 2357 1280 2421 estis?
1308 2356 1425 2413 Non
1452 2358 1532 2413 iu-

974 2430 1232 2499 tellegitis
1249 2472 1265 2497 ,
1300 2430 1427 2500 quia

972 2516 1133 2556 omne
1158 2501 1301 2569 quod

973 2573 1029 2628 in
1061 2589 1122 2626 os
1145 2573 1334 2635 intrat,
1368 2573 1421 2627 in

161 1937 286 1976 num.

160 1994 233 2047 10.
275 1994 335 2050 Ει
356 1998 669 2055 convocatis

156 2065 214 2119 ad
230 2081 281 2119 se
308 2068 493 2135 turbis,

155 2136 273 2192 dixit
292 2138 364 2193 eis
388 2157 401 2192 :
434 2140 607 2196 Audi-

158 2218 219 2283 iej
243 2220 294 2265 ει
319 2212 580 2283 intellegi-

157 2281 231 2335 11.
274 2293 337 2337 te.
370 2283 487 2339 Non
507 2281 653 2354 Quod
684 2286 765 2342 in-

159 2354 316 2426 tratin
343 2369 423 2419 os,
454 2356 631 2426 inqui-

154 2438 227 2477 nat
251 2424 514 2483 hominem
533 2424 554 2483 ξ

153 2495 231 2568 sed
260 2498 393 2563 quod
420 2514 542 2568 pro-

154 2567 292 2623 cedet
312 2570 373 2624 de
396 2567 515 2636 ore,

155 2638 373 2709 inquinat
390 2641 485 2698 ho-
974 2655 1221 2703 ventrem
1250 2659 1348 2697 va-

152 2713 351 2783 minem.
974 2716 1074 2783 dit,
1107 2726 1161 2772 et
1193 2717 1243 2770 iu
1275 2730 1451 2771 seces-

154 2781 227 2837 12.
266 2784 409 2840 Tunc
435 2786 695 2845 acceden-
974 2802 1036 2841 sn
1063 2781 1348 2843 emittitur.

158 2862 223 2927 tes
242 2856 481 2927 discipuli
977 2860 1065 2915 18.
1108 2860 1256 2927 Quae
1286 2868 1468 2916 autem

158 2926 275 2993 ejus.
310 2926 557 2986 dixerunt

151 2997 190 3078 ei
212 3016 224 3051 :
245 3000 531 3078 _Scis_quod
558 3001 700 3059 Pha-

154 3074 255 3126 risci
286 3074 465 3130 audito

152 3138 237 3199 hoc
264 3148 445 3213 verbo,

976 2932 1281 3000 procedunt
1307 2934 1376 2986 de

973 3017 1091 3067 ore,
1122 3004 1187 3057 de
1209 3004 1373 3058 corde

972 3086 1192 3129 exeunt.
1226 3074 1295 3129 Et
1316 3089 1379 3131 ea

974 3146 1327 3217 coinquinant

557 3284 790 3343 cooex
819 3284 1295 3361 coneEtENSIs.

152 3376 256 3433 bum
294 3378 401 3451 Dei
450 3390 671 3451 propter
725 3380 1066 3436 traditionem
1120 3381 1135 3411 ¹
1203 3388 1436 3435 vestram
1495 3389 1521 3417 α
1566 3395 1730 3450 quam

153 3450 459 3521 tradidistis.
504 3450 842 3521 ilypocrittc,
911 3454 1044 3508 bene
1114 3453 1455 3521 prophetavit
1515 3453 1584 3507 de
1637 3469 1732 3506 vo-

152 3520 220 3575 his
256 3523 465 3590 Esaias,
522 3520 761 3579 dicens:
818 3526 839 3555 ³
890 3523 1050 3580 Plebs
1105 3520 1229 3579 ista,
1283 3524 1437 3578 labiis
1494 3540 1579 3579 me
1636 3523 1732 3577 ho-

152 3604 315 3659 norat,
374 3612 496 3651 nam
560 3611 654 3651 cor
725 3611 911 3650 eorum
1007 3600 1163 3666 longe
1215 3605 1297 3650 cst
1355 3612 1384 3650 a
1438 3611 1540 3649 me.
1598 3595 1729 3651 Siue

151 3678 288 3719 causa
332 3677 513 3722 autem
583 3668 767 3722 colunt
815 3683 922 3733 me,
969 3668 1247 3729 docentes,
1279 3668 1299 3697 ³
1327 3668 1651 3726 doctrinam.
1678 3678 1731 3723 et

156 3740 387 3792 mandata
414 3740 714 3794 hominum.
743 3739 809 3794 Et
849 3742 1161 3793 convocatis
1191 3740 1255 3792 ad
1285 3754 1343 3792 se
1372 3740 1563 3804 turbis,
1596 3740 1734 3794 dixit

153 3806 243 3881 fad
269 3810 391 3865 illos
420 3828 432 3864 :
468 3811 665 3866 Audite
681 3826 796 3875 vos,
822 3820 875 3865 et
900 3812 1203 3881 iutelligite.
1236 3811 1349 3864 Non
1394 3810 1537 3880 quod
1572 3812 1735 3865 intrat

153 3878 294 3942 inos,
337 3883 660 3949 coinquinat
706 3882 978 3937 hominem
1009 3878 1141 3937 ssed
1198 3883 1339 3944 tlllttd
1399 3878 1733 3952 procedith

153 3954 276 4005 ore”
326 3957 643 4024 coinquinat
700 3954 990 4008 hominem.
1025 3954 1177 4009 Tunc
1204 3954 1224 3985 °
1269 3964 1617 4007 ειρορμδρτηηι
1668 3956 1732 4008 ad

152 4034 255 4095 eum
301 4026 556 4094 discipuli
609 4027 759 4095 ejus,
808 4025 1050 4080 dicentes
1093 4043 1103 4077 :
1147 4025 1266 4081 δεῦε
1312 4028 1434 4094 quia
1486 4025 1741 4081 Pharismi

151 4094 311 4148 audito
334 4099 352 4127 τ
387 4100 491 4152 hoc
522 4094 793 4161 sermone,
826 4098 1173 4151 scamlalizati
1204 4099 1353 4149 sunt?
1380 4095 1537 4151 Jesns
1561 4110 1739 4151 autem

153 4169 473 4239 respondens
502 4171 577 4222 ait
606 4187 617 4222 :
652 4170 838 4223 Omnis
872 4170 1153 4238 plan'atio,
1196 4186 1355 4235 quam
1389 4184 1494 4222 non
1535 4169 1743 4239 planta-

150 4238 215 4289 vit
258 4241 417 4294 Pater
452 4242 473 4271 ⁸
499 4242 775 4303 coelestis,
808 4240 1191 4294 eradicabitur.
1218 4241 1389 4295 Sinite
1432 4238 1549 4295 illos
1579 4244 1741 4296 :cat-ci
1778 4250 1791 4264 ⁶

153 4321 257 4362 sunt
297 4314 445 4366 enim
480 4312 647 4366 duces
688 4326 955 4366 caecorum
984 4352 998 4377 ,
1048 4326 1224 4365 ca2cus
1265 4323 1442 4366 autem
1500 4314 1541 4365 si
1597 4328 1743 4369 caeco

155 4384 172 4408 θ
215 4384 345 4436 viam
378 4384 740 4440 demonstret.
770 4393 997 4453 uterque
1030 4385 1079 4436 in
1110 4382 1319 4436 foveam
1352 4385 1570 4437 cadunt.
1601 4383 1740 4439 Res-

152 4456 581 4519 pondensautem
615 4455 807 4509 Petrus
840 4456 972 4509 dixit
1003 4456 1080 4508 ‘°:
1114 4457 1203 4508 Dic
1238 4456 1393 4509 nobis
1424 4455 1735 4509 similitudi-

153 4537 258 4575 nem
291 4527 472 4581 istattt.
504 4528 712 4593 Quibus
741 4530 851 4580 ait:
885 4527 1073 4581 Adhuc
1105 4538 1159 4581 et
1205 4541 1301 4580 γωδ
1360 4528 1615 4582 ittScttsati
1648 4543 1732 4583 es-

153 4595 241 4648 tis?
270 4598 383 4652 Non
424 4600 741 4665 iutelligitis,
776 4600 1029 4669 quoniam
1061 4614 1224 4653 omne
1270 4599 1412 4668 quod
1456 4600 1508 4652 in
1551 4614 1613 4653 os
1654 4600 1735 4653 iu-

154 4673 262 4739 lrat,
298 4670 348 4723 iu
374 4684 621 4725 vetttrcttt
654 4670 790 4724 vadit
817 4711 832 4733 ,
864 4681 918 4724 et
945 4672 985 4701 ¹¹
1014 4686 1107 4739 per
1135 4684 1409 4723 secessum
1463 4671 1731 4737 abjicitur.

152 4738 287 4812 Quae
317 4752 503 4796 autem
524 4743 565 4781 ¹²
592 4751 793 4796 exeunt
822 4742 889 4795 tle
919 4738 1035 4810 ore,
1092 4742 1160 4797 de
1201 4741 1367 4797 corde
1412 4742 1731 4812 procedunt.

152 4808 233 4864 lila
275 4824 403 4870 sunt
432 4828 573 4885 quae
611 4814 960 4884 coinquinant

1109 353 1560 411 EVANGEUUM
1601 353 1973 416 SECUNDUM
2013 355 2448 416 MATTIIEUM.

2275 476 2507 534 CODEX
2548 477 2998 539 VERONENSIS.

1844 572 1943 628 Dei
1974 581 2196 642 propter

1844 644 2192 700 traditionem

1842 715 1896 770 7.
1939 724 2195 790 vestram.
2228 718 2339 790 lly-

1844 788 2071 857 pocrite,
2104 789 2241 845 bene

1844 858 2191 930 protihvtavit

1842 929 1913 985 de
1945 931 2097 984 vobis
2126 929 2200 1002 (a)

1846 1002 2030 1057 Eseias
2061 1002 2102 1073 ιι-
2127 1045 2142 1067 ,
2170 1003 2250 1057 di-
2372 1040 2375 1041 ν

1844 1074 1899 1127 8.
1939 1088 2071 1127 cens
2103 1092 2115 1126 :
2146 1074 2303 1131 Plebs
2334 1076 2469 1134 haec

1848 1144 2008 1199 labiis
2039 1160 2124 1198 me
2150 1146 2236 1200 di—

1846 1216 1962 1285 ligit
1984 1256 1999 1279 ,
2033 1232 2127 1271 cor
2154 1234 2249 1272 au-

1846 1298 1952 1341 tem
1986 1288 2198 1343 illorum

1844 1358 2005 1424 longe
2035 1371 2116 1413 est
2140 1376 2167 1413 a
2202 1379 2308 1421 me.

1845 1431 1899 1485 9.
1941 1430 2073 1486 Sine
2098 1445 2259 1490 causa

1844 1513 2024 1557 autem
2059 1502 2246 1560 colunt

1843 1589 1932 1628 tne
1954 1616 1967 1638 ,
1994 1573 2254 1634 docentes

1844 1644 2117 1700 doctrinas
2141 1689 2154 1710 ,
2193 1659 2247 1704 et

1846 1718 2093 1772 mandata
2128 1718 2228 1774 ho-

1848 1790 2075 1843 tuinutn.

1844 1860 1930 1915 10.
1978 1860 2043 1915 Et
2065 1866 2379 1921 convocatis

1842 1931 1909 1985 ad
1948 1947 2007 1985 se
2032 1935 2202 1990 turbis
2223 1977 2237 2001 ,

1842 2002 1973 2057 dixit
2004 2004 2084 2059 eis
2117 2023 2129 2058 :

1842 2075 2040 2129 Audite
2070 2092 2165 2131 vos
2190 2122 2203 2143 ,

1841 2154 1897 2199 ct
1926 2147 2242 2215 intellegite.

1844 2217 1931 2272 11.
1975 2217 2089 2272 Non
2116 2222 2258 2281 quod

1843 2288 2007 2363 intrat
2035 2290 2089 2344 in
2112 2305 2180 2363 cs
2196 2333 2211 2357 ,

1843 2360 2087 2429 inquinat
2110 2360 2209 2418 ho-

1843 2432 2043 2487 minem
2075 2452 2087 2488 :

1843 2504 1939 2559 sed
1951 2506 2105 2576 quod
2136 2521 2262 2576 pro-

1842 2575 1987 2630 cedit
2013 2578 2080 2631 de
2102 2575 2197 2633 ore
2214 2620 2229 2643 ,

1843 2646 1947 2728 hoc
1980 2648 2225 2718 inquinat
2253 2650 2367 2705 ho-

1842 2733 2043 2772 minem
2056 2760 2068 2773 .

1843 2789 1932 2844 12.
1977 2788 2126 2845 Tunc
2152 2792 2419 2849 acceden-

1846 2870 1928 2915 tes
1954 2860 2204 2932 discipuli

1842 2933 1981 3002 ejus,
2011 2934 2265 2990 dixerunt

1844 3007 1894 3059 ei
1924 3022 1937 3057 :
1963 3004 2082 3059 Scis
2110 3007 2254 3075 quod

1845 3075 2087 3131 Farisaei
2116 3092 2209 3132 au-

1845 3147 2563 3222 dito(b).........
2683 3193 2695 3206 .
2778 3191 2791 3204 .
2872 3191 2889 3209 .
2970 3194 2981 3206 .
3066 3192 3080 3207 .
3163 3193 3177 3209 .
3262 3193 3271 3202 .
3358 3194 3371 3207 .

2317 3286 2551 3345 CODEX
2592 3286 2986 3345 BRIXlANUS.

1836 3380 2020 3453 datum
2047 3380 2403 3453 Deipropter
2447 3381 2791 3437 traditionem
2840 3390 3095 3437 vestram.
3132 3381 3445 3453 Ypocritae,

1837 3452 1978 3525 bene
2020 3452 2362 3522 prophetavit
2404 3453 2472 3508 de
2517 3455 2689 3508 vobis.
2740 3453 2817 3525 (a)
2890 3453 3077 3508 Esaias
3142 3452 3182 3524 ’ξ-
3232 3453 3441 3508 dicens.

1835 3524 2247 3594 Adproniuquat
2273 3542 2331 3579 se
2364 3527 2492 3579 mihi
2523 3526 2753 3594 populus
2802 3524 2891 3579 hic
2917 3540 3014 3579 ore
3038 3539 3137 3579 suo
3195 3534 3249 3579 et
3290 3524 3448 3579 labiis

1839 3597 1953 3650 suis
2006 3613 2091 3649 me
2148 3597 2373 3651 honorat
2438 3613 2532 3650 cor
2588 3609 2766 3652 autem
2821 3612 3007 3652 eorum
3069 3596 3229 3665 longe
3277 3604 3361 3649 est
3416 3612 3447 3650 a

1840 3683 1947 3722 me.
1981 3668 2110 3722 Sine
2132 3683 2293 3722 causa
2327 3680 2505 3723 autem
2538 3686 2622 3722 me
2644 3670 2830 3723 colunt
2871 3668 3129 3723 docentes
3146 3668 3443 3721 doctrinas.

2685 2403 2698 2415 ο
2783 2405 2794 2417 ι
2878 2408 2891 2422 ο
2972 2409 2984 2422 ι
3069 2405 3081 2419 ο
3164 2408 3177 2419 ι
3261 2409 3275 2421 ο
3357 2407 3372 2423 ο

1842 3747 1897 3792 et
1940 3739 2191 3793 mandata
2241 3740 2539 3794 hominum.
2576 3740 2645 3795 Et
2688 3755 2999 3795 convocans
3036 3740 3102 3792 ad
3126 3754 3184 3792 se
3208 3740 3445 3795 turbam.

1841 3810 2095 3882 dixiteis.
2133 3814 2327 3866 Audite
2357 3824 2405 3866 et
2437 3814 2741 3882 intelligite.
2780 3810 2895 3867 Non
2929 3812 3070 3880 quod
3113 3811 3279 3865 intrat
3304 3812 3357 3865 iu
3386 3826 3449 3865 os

1844 3882 1927 3934 coi
1954 3881 1984 3920 δ
2009 3887 2235 3949 nquiuat
2268 3883 2564 3939 hominem.
2594 3884 2688 3937 sed
2719 3882 2860 3952 quod
2886 3882 3123 3952 procedit
3143 3898 3206 3935 ex
3232 3897 3328 3937 ore
3346 3882 3449 3936 hoc

1846 3953 1929 4006 coi
1959 3960 1979 3985 ε
2016 3953 2241 4018 ttuuiuat
2284 3954 2581 4009 hominem.
2630 3954 2781 4009 Tunc
2823 3954 3145 4007 accedentes
3195 3952 3447 4020 discipuli

1848 4024 1986 4093 ejus.
2035 4024 2287 4079 dixerunt
2326 4028 2393 4079 ei.
2436 4027 2558 4081 Scis
2597 4029 2721 4093 quia
2758 4025 3025 4094 pharisaei
3074 4024 3258 4077 audito
3284 4026 3447 4077 verbo

1849 4094 1974 4148 hoc.
2017 4096 2366 4150 scandalizati
2412 4108 2555 4151 sunt.
2602 4100 2667 4151 At
2702 4098 2792 4152 ille
2821 4095 3157 4167 respondens
3197 4098 3289 4149 ait.
3320 4096 3451 4149 0m-

1848 4167 1933 4238 nis
1978 4167 2258 4235 plantatio.
2299 4186 2457 4238 quant
2491 4185 2595 4223 nou
2639 4169 2906 4238 plantavit
2954 4169 3113 4223 Pater
3145 4184 3299 4221 meus
3329 4182 3451 4221 cac-

1849 4237 2023 4293 lestis.
2075 4237 2460 4295 cradicabitur.
2496 4237 2669 4295 Sinite
2720 4240 2864 4294 illos.
2916 4241 3063 4294 caeci
3111 4250 3238 4293 sunt
3280 4241 3450 4293 duces

1848 4325 2157 4365 caecorum.
2204 4326 2397 4366 caecus
2433 4325 2613 4366 autem
2640 4312 2685 4367 si
2726 4328 2888 4367 caeco
2911 4310 3161 4366 ducatum
3213 4321 3453 4380 praestet

1848 4387 2008 4436 ambo
2058 4384 2108 4436 in
2146 4382 2351 4437 foveam
2399 4387 2616 4439 cadunt.
2669 4383 3222 4454 Itespoudeusautem
3256 4382 3452 4439 Petrus

1842 4456 1974 4510 dixit
2001 4456 2049 4509 ei
2083 4454 2335 4511 EdiSserc
2362 4455 2519 4511 nobis
2548 4456 2858 4524 parabolam
2887 4456 3064 4509 istam.
3086 4454 3244 4508 .lesus
3268 4468 3447 4507 autem

1842 4526 1977 4580 dixit
1998 4526 2209 4581 .Adhuc
2237 4530 2488 4582 vos.siue
2518 4528 2795 4582 intellectu
2822 4528 2973 4583 estis.
3009 4527 3125 4580 Non
3152 4526 3453 4593 intelligitis

1842 4598 1967 4667 quia
2025 4613 2188 4653 omne
2240 4600 2382 4669 quod
2404 4599 2457 4653 in
2481 4614 2541 4651 οδ
2568 4602 2734 4653 intrat
2765 4601 2816 4652 iu
2842 4609 3085 4651 ventrem
3112 4598 3275 4651 vadit.
3307 4610 3360 4649 et
3397 4600 3451 4650 in

1843 4677 2120 4723 secessum
2150 4668 2439 4725 emittitur.
2465 4674 2596 4737 Qum
2625 4679 2804 4725 autem
2830 4670 3130 4740 procedunt
3150 4684 3217 4725 ex
3258 4683 3353 4724 ore
3382 4668 3451 4722 de

1843 4742 2009 4796 corde
2034 4754 2255 4798 exeunt.
2293 4743 2359 4798 Et
2393 4744 2482 4798 illa
2511 4744 2595 4798 coi
2630 4753 2651 4780 ο
2697 4742 2986 4812 inquinant

820 4929 1222 4988 VARIANTES
1261 4929 1646 4990 LECTIONES
1683 4932 1953 4992 CODICIS
1992 4935 2103 4991 MS.
2148 4934 2204 4991 S.
2247 4930 2760 4989 GERMANENSIS.

206 5017 223 5085 ξ
258 5020 811 5085 vestram._1{ypocritae

207 5080 226 5144 ξ
259 5081 478 5144 P0pulus
500 5080 640 5135 bié.'..
664 5099 748 5136 cor
774 5091 941 5136 autem

210 5142 228 5172 ³
257 5142 509 5197 doctrinas

210 5206 227 5234 ⁸
262 5210 333 5257 eis

207 5268 350 5320 'boc

211 5330 229 5359 ⁸
261 5334 564 5386 accedentes
586 5334 826 5387 dixerunt
849 5338 895 5386 ei

211 5394 227 5423 ⁷
264 5395 354 5449 hoc
380 5398 536 5449 verbo

1918 5030 1940 5061 ⁸
1973 5042 2117 5079 meus

1916 5093 1937 5123 θ
1973 5094 2203 5141 ducatum
2222 5092 2477 5153 praebeat,
2501 5090 2705 5153 ambo...
2722 5088 2901 5153 cadent

1919 5156 1963 5186 ⁸ο
2002 5157 2048 5205 ei
2074 5150 2255 5205 :Narra
2279 5154 2418 5203 nobis
2442 5151 2719 5217 parabolam
2752 5152 2911 5201 istam.
2929 5150 2994 5202 At
3020 5150 3104 5203 ille
3138 5150 3325 5205 dixit...
3347 5152 3458 5202 sine

1856 5217 2111 5267 intellectu
2136 5217 2295 5269 estis?

1923 5282 1964 5311 ιι
2003 5281 2053 5328 in
2075 5293 2326 5330 secessum
2350 5280 2591 5329 emittitur

1924 5344 1967 5374 η
2004 5342 2337 5406 procedunt...
2363 5350 2573 5408 exeunt,
2594 5350 2647 5393 et
2671 5342 2775 5406 ipsa
2798 5341 3114 5404 coinquinant

1474 5465 1845 5526 BLANCHINI
1881 5469 2119 5529 NOTAE.

222 5564 246 5591 λ
278 5555 355 5613 Ex
391 5559 637 5629 ejusdem
674 5558 838 5615 Marci
870 5560 1102 5631 septimo
1132 5562 1331 5631 capite,
1364 5578 1508 5629 vers.
1546 5564 1635 5629 15,
1665 5563 1762 5620 de-

156 5638 362 5697 sumpta
396 5640 523 5687 sunt
548 5633 709 5687 verba
738 5632 925 5687 istha-c
955 5648 1061 5689 ms.
1093 5634 1463 5697 Corbeiensis.

219 5696 248 5737 δ
280 5696 471 5757 vocula
520 5705 537 5758 ἱ
603 5705 653 5759 in
703 5704 1029 5777 coinquinat,
1092 5696 1287 5762 abrasa
1329 5718 1412 5763 est
1452 5723 1483 5763 a
1530 5707 1758 5765 Correc-

224 5796 301 5863 (a)
342 5797 427 5874 ita
472 5808 525 5855 et
562 5810 739 5859 textus
762 5800 985 5859 Graecus
1004 5801 1239 5874 Ἠσαίας,
1267 5819 1332 5867 ex
1353 5803 1669 5866 Latinorum
1715 5803 2110 5867 consuetudine
2152 5802 2403 5864 vertendi
2435 5815 2470 5863 tt
2511 5803 2757 5866 Graecum
2780 5802 2835 5862 in
2867 5802 2934 5861 E.
2958 5830 3028 5847 --
3058 5800 3137 5873 (ὁ)
3164 5797 3327 5859 Deest
3371 5815 3462 5872 pa-
3556 5822 3567 5829 ~

157 5866 275 5935 gina
306 5870 519 5929 abrasa.

1877 5578 2015 5641 tore,
2052 5570 2176 5625 licet
2200 5577 2481 5641 appareat,
2506 5569 2663 5625 sicuti
2687 5578 2744 5626 et
2768 5570 2822 5627 in
2850 5568 3098 5641 sequenti
3122 5567 3262 5627 loco.

1936 5652 1956 5679 ο
1986 5640 2198 5698 Rursus
2221 5640 2414 5698 abrasa
2452 5644 2645 5699 vocula
2672 5644 2711 5699 ἱ.
