1947 3168
212 141 264 169 245
477 141 612 171 EUSEBII
633 141 801 179 VERCELL.
824 142 1048 177 EVANGEIJUM
1068 141 1139 178 CUM
1162 142 1276 171 VARIIS
1295 142 1372 171 (τοι).
1393 142 1589 172 COLLATUM.
1809 142 1856 170 (ΞΗ

407 200 523 228 CODEX
544 199 817 235 VERCELLENSIS.

212 245 349 273 hominem
362 255 369 274 :

213 282 258 309 I9.
279 281 313 309 de
326 281 408 310 corde
418 281 489 310 enim

213 321 314 345 exeunt
328 318 400 350 cogi-

210 353 326 381 tationes
341 353 438 387 malae,

212 388 369 420 homicidia,
386 388 440 416 for-

212 424 372 456 nicationes,
390 424 446 452 iur-

212 464 250 492 ta.
265 459 331 487 falsa
347 460 425 487 testi-

212 496 313 527 monia.
331 495 456 530 blasphe-

211 531 247 558 20
262 531 340 558 miae.
359 532 432 564 Haec
442 539 506 564 sunt

212 574 281 602 quae
296 566 422 601 coinqui-

211 606 279 630 nant
295 602 441 634 hominem.

211 637 271 666 Non
288 638 353 665 lotis
366 647 456 671 autem

211 673 337 701 manibus
351 682 429 706 man-

212 708 322 741 ducare.
338 717 393 738 non

212 745 369 780 coinquinat

212 780 360 808 hominem.

211 817 271 852 21-,
280 817 311 843 El
325 824 453 852 etil'essus
466 821 509 848 in-

212 852 246 879 de
259 851 353 886 Jesus,
365 864 457 885 seces.

211 888 246 915 sit
258 888 284 915 in
301 894 385 922 partis

212 923 321 986 ξέιιίὲιι
330 924 450 956 Sidonis.

252 979 258 986 .
327 968 390 986 ρει-ρ
406 973 449 986 mn

327 968 390 992 ecce
406 963 486 992 mtili-

212 1003 243 1022 er
254 994 398 1028 Cananaea

212 1038 228 1058 a
245 1030 341 1059 ﬁnibus
352 1035 405 1063 illis

213 1074 321 1107 egressa
333 1071 391 1107 ita-

213 1105 308 1134 maVil,
324 1105 418 1134 dicens
432 1116 438 1134 ε

214 1138 345 1169 Miserere
357 1143 412 1170 mei

213 1173 333 1215 Domine
345 1178 381 1205 tili
399 1178 449 1205 0a-

212 1209 282 1253 vid_:
297 1211 351 1253 ﬁlia
366 1221 427 1242 mea

214 1252 356 1276 sevissime
369 1257 384 1276 a

214 1280 358 1312 daemonio

213 1316 259 1344 25.
282 1325 405 1348 vexatur.
423 1320 502 1349 Jesul

214 1358 304 1382 autem
320 1364 374 1384 non

214 1391 358 1425 respondit
369 1392 395 1420 ei

213 1426 335 1455 verbum.

214 1460 249 1488 Et
261 1463 422 1492 accedentes

214 1497 340 1534 discipuli
353 1500 412 1534 ejus

215 1536 345 1568 rogabant
359 1543 422 1562 eum

214 1568 336 1597 dicentes
348 1580 354 1598 :
371 1571 467 1598 Dimit~

630 249 656 272 te
670 253 730 273 eam
748 253 754 272 :
769 245 831 280 quia

628 281 726 309 clamat
741 285 802 316 post

629 316 675 344 2t.
698 324 757 343 nos.
773 316 832 350 Ipsc

630 356 719 379 autem
735 360 847 386 respon-

628 388 695 416 dens
707 388 744 429 ait
762 397 768 414 :
782 387 841 416 Non

629 431 689 451 sum
702 431 801 451 llllSSllS

633 459 683 486 nisi
700 460 732 486 ad
748 467 814 487 oves
823 481 830 493 ,

630 502 700 530 quae
714 495 802 529 perie‘

630 535 691 558 rant
703 530 800 558 domus

630 565 676 593 25.
693 565 817 594 Istrahel.
831 566 871 595 Ad
887 566 919 594 il-

631 602 656 629 la
670 602 756 635 venit,
771 606 799 629 et
812 610 842 630 a—

629 637 734 665 doravit
749 645 822 671 eum,

628 673 724 701 dicens
739 682 744 699 :
760 673 845 708 Adju-

632 717 662 736 va
675 718 728 741 mc,
746 709 867 738 Domine.

628 745 674 772 26.
689 745 746 778 Ipse
763 751 851 773 autem

628 780 795 816 respondens
811 782 844 808 ad

628 824 687 843 eam
701 817 782 843 dixit:
793 817 829 851 (b)
842 820 900 848 Non

629 852 691 879 licet
704 851 724 886 νζ-
736 854 840 886 accipc~

629 896 658 914 re
675 896 768 921 panem
785 889 851 916 ﬁlio—

630 931 699 955 rum,
712 924 810 951 ctdare

629 959 674 985 27.
690 960 811 989 canibus.
830 964 869 990 Ai]
885 964 916 990 il-

632 994 655 1034 la
672 995 758 1034 dixit:
776 995 874 1034 Utique

634 1031 744 1057 Domine
760 1041 765 1057 :
784 1031 845 1061 nam
862 1040 889 1061 et

631 1073 711 1093 canes
725 1067 807 1096 cduat

632 1102 665 1128 de
676 1102 764 1139 micis.
781 1113 850 1139 quae

632 1138 731 1164 cadunt
743 1139 775 1167 de
790 1138 866 1169 men-

632 1180 660 1199 sa
678 1174 849 1204 dominorum

631 1216 754 1237 suorum.
836 1232 840 1235 .

631 1243 676 1283 28.
694 1245 770 1283 Tunc
785 1256 898 1283 respon-

631 1280 699 1317 dens
712 1281 803 1317 Jesus,
819 1280 856 1312 ait
872 1295 878 1313 :

631 1315 654 1343 0
668 1318 776 1355 mulier,
791 1315 865 1355 mag-

632 1360 666 1380 na
681 1359 722 1381 est
735 1354 803 1383 ﬁdes

632 1393 680 1427 tua
692 1398 698 1416 :
712 1392 851 1427 contingat

634 1424 682 1452 tibi
696 1426 766 1454 sicut
778 1424 828 1455 vis.

632 1461 666 1488 Et
678 1467 771 1489 sanata
785 1468 827 1490 est

632 1497 684 1524 ﬁlia
700 1500 758 1532 ejus
772 1506 805 1527 ex
816 1500 852 1527 ii-

632 1533 657 1560 Ia
673 1534 748 1561 liora.

631 1570 677 1596 29.
695 1569 802 1598 Etcum
811 1576 888 1599 tran-

1285 201 1402 230 CODEX
1419 202 1647 232 VERONENSIS.

1159 302 1166 309 .
1206 303 1214 311 ι
1255 303 1261 309 ι
1302 302 1311 310 ο
1350 303 1356 310 ι
1397 302 1405 310 ο
1439 304 1445 311 ο

1067 482 1073 488 .
1114 481 1121 488 ι
1162 481 1169 488 ι
1209 483 1217 490 .
1257 482 1263 488 .
1305 482 1311 489 ι
1353 482 1359 488 ι
1400 481 1408 489 ι
1439 483 1445 489 .

1066 517 1073 524 ο
1115 517 1121 524 ι
1162 517 1169 524 .
1210 518 1216 525 .
1258 518 1265 525 ι
1306 519 1312 525 .
1353 517 1359 525 ι
1399 516 1407 525 ο
1438 517 1445 524 ι

1067 624 1074 631 ο
1115 625 1121 631 .
1163 625 1169 632 α
1210 624 1217 631 ο
1257 625 1264 630 -
1304 626 1311 632 .
1353 625 1360 632 ι
1400 625 1407 632 ι
1439 626 1446 633 ο

1067 803 1074 811 ι
1114 803 1121 810 ι
1162 803 1168 810 ο
1209 804 1215 811 ο
1256 805 1264 812 ο
1304 803 1312 811 ι
1353 803 1359 810 .
1400 805 1407 811 ι
1439 804 1447 813 ο

1068 840 1074 847 η
1115 840 1123 847 ι
1164 839 1170 846 ι
1210 839 1217 847 ι
1258 839 1264 846 ι
1305 839 1313 847 .
1353 838 1360 846 ι
1400 839 1407 846 ι
1440 840 1447 849 ,

1069 875 1076 882 ο
1116 875 1123 882 ι
1163 875 1170 882 ι
1211 876 1217 882 .
1258 876 1264 882 .
1307 876 1312 882 .
1354 875 1360 881 ι
1402 875 1408 881 .
1440 876 1447 883 .

1070 911 1077 918 α
1118 911 1125 919 ο
1166 910 1172 917 ο
1212 911 1220 918 .
1260 912 1266 918 .
1308 911 1315 919 ι
1355 909 1363 917 ο
1403 910 1409 917 ι
1441 915 1448 921 ,

1071 948 1077 954 ι
1119 947 1125 954 ι
1166 946 1173 953 ι
1213 947 1220 955 .
1260 946 1267 953 ο
1308 948 1314 955 ε
1355 946 1361 953 ο
1402 946 1409 954 α
1441 951 1447 958 ,

1070 1019 1077 1026 .
1119 1019 1125 1024 .
1167 1017 1173 1024 ι
1214 1020 1220 1025 ,
1261 1017 1268 1024 ι
1308 1019 1316 1027 .
1357 1017 1364 1024 ι
1404 1018 1411 1025 ι

1071 1055 1077 1061 ι
1119 1055 1125 1061 ι
1166 1053 1173 1060 ι
1213 1054 1222 1062 ο
1263 1054 1270 1062 υ
1310 1055 1318 1062 ο
1357 1053 1364 1060 ι
1404 1055 1411 1062 η

1073 1199 1078 1205 .
1120 1197 1127 1204 .
1167 1196 1175 1204 ο
1215 1197 1222 1203 ι
1263 1195 1271 1203 ι
1312 1197 1319 1205 .
1359 1196 1365 1203 ι
1407 1198 1413 1203 .

1071 1233 1079 1241 ι
1119 1234 1126 1240 .
1167 1233 1175 1239 1
1215 1232 1222 1239 α
1264 1233 1270 1239 .
1311 1233 1319 1241 ι
1359 1233 1366 1240 .
1407 1233 1413 1240 α

1070 1391 1115 1419 23.
1134 1396 1255 1419 vexatur.
1269 1391 1309 1419 Ad

1070 1428 1150 1456 .Iesus
1162 1435 1215 1455 non
1228 1435 1286 1455 res-

1071 1463 1165 1498 pondit
1177 1463 1201 1490 ei
1213 1463 1338 1490 verbum.

1071 1499 1106 1527 Et
1116 1498 1276 1526 accedentes

1070 1534 1194 1570 discipuli
1206 1535 1336 1568 rogabant

1071 1578 1134 1599 eum
1148 1571 1286 1599 dicentes:

1486 248 1595 276 Dimitte
1605 255 1664 276 eam
1675 256 1683 275 :

1485 284 1547 319 quia
1563 284 1696 319 sequitur,

1485 325 1512 347 et
1525 320 1623 347 clamat
1637 325 1698 356 post

1485 363 1545 383 nos.

1483 391 1528 419 2t.
1545 391 1606 425 Ipse
1617 396 1707 419 autem

1484 427 1653 462 respondens

1484 464 1521 490 ait
1536 472 1542 489 :
1557 463 1614 490 Non
1626 470 1685 490 sum

1484 499 1584 526 missus
1598 499 1649 526 nisi

1484 534 1516 560 ad
1529 542 1603 563 ovcs.
1621 542 1689 569 quae

1485 571 1621 604 pcricruul
1633 571 1682 597 d0-

1486 613 1545 632 mus
1559 605 1681 632 Istrahel.

1546 642 1585 668 Ad
1603 642 1645 668 illa
1659 649 1706 668 ve—

1485 678 1561 704 niens
1577 677 1616 711 (a)
1632 679 1696 705 ado—

1486 713 1563 739 rabat
1578 713 1598 748 ἧι
1613 721 1685 746 eum,

1486 749 1591 775 dicens:
1608 749 1704 782 adjuva

1487 792 1539 818 mc,
1557 785 1677 810 Domine.

1484 819 1530 846 26.
1547 820 1605 855 Ipse
1615 824 1707 848 autem

1486 856 1655 890 respondens

1486 891 1521 917 ait
1536 900 1541 932 ξ
1554 891 1592 925 (lt)
1610 891 1667 918 Non
1679 891 1772 927 licet?

1486 935 1609 961 accrpere
1623 935 1719 962 panem

1487 963 1614 994 ﬁliorum,
1625 968 1652 990 cl.

1486 999 1550 1025 dare
1562 999 1686 1025 canibus.

1485 1034 1529 1060 27.
1553 1035 1591 1060 Ad
1608 1035 1651 1061 illa
1666 1034 1751 1062 dixit:
1791 1052 1794 1053 ν

1489 1069 1586 1105 Utique
1600 1071 1730 1097 Domine:

1488 1114 1549 1132 nam
1564 1110 1589 1132 ct
1603 1106 1694 1133 catelli

1488 1141 1570 1168 edunt
1584 1141 1618 1167 dc
1630 1142 1679 1168 mi-

1488 1176 1537 1209 cis,
1557 1185 1625 1211 quae
1639 1185 1683 1204 ca-

1488 1212 1553 1239 dunt
1569 1213 1603 1239 dc
1619 1221 1712 1240 mense

1489 1248 1660 1275 dominorum

1489 1291 1610 1311 suorum.

1489 1319 1620 1347 28.’I‘unc
1634 1319 1805 1355 respondens

1489 1355 1580 1388 Iesus,
1595 1356 1651 1383 ait:
1666 1356 1689 1383 0
1703 1356 1813 1390 mulier,

1491 1399 1589 1426 magna
1603 1395 1645 1419 est
1660 1391 1691 1418 ﬂ-

1489 1426 1539 1454 des
1550 1432 1595 1455 tua
1608 1436 1615 1454 :
1630 1427 1677 1454 ﬁat
1692 1427 1740 1454 tibi

1491 1462 1560 1491 sicut
1578 1464 1627 1490 vis.
1644 1463 1676 1490 Et
1691 1466 1786 1490 sanata

1490 1503 1532 1526 est
1544 1498 1596 1526 ﬁlia
1609 1499 1669 1534 ejus

1490 1542 1522 1562 ex
1537 1535 1582 1562 illa
1601 1535 1676 1562 hora.

1491 1570 1536 1598 29.
1550 1570 1658 1598 Etcum
1670 1575 1744 1598 tran-

432 1627 548 1656 CODEX
562 1626 801 1661 CORBEIENSIS.

218 1674 354 1702 hominem
371 1674 420 1702 :de
433 1674 515 1706 corde
530 1674 602 1702 enim
616 1679 717 1701 exeunt
728 1674 906 1709 cogitationes
918 1674 1016 1708 malae.

216 1709 374 1741 homicidia,
388 1710 531 1741 adulteria.
545 1709 748 1742 fornicationes.
764 1711 847 1743 torta,
858 1710 926 1739 t'alsa
943 1711 1019 1738 testi-

215 1746 317 1777 monia,
331 1746 529 1781 blasphemiae,
542 1745 550 1760 ‘
563 1745 705 1781 avaritiae.
724 1746 872 1780 nequitiae,
887 1746 952 1779 duli,
971 1746 1018 1773 im-

216 1782 374 1816 pudicitiae,
391 1780 488 1810 oculus
502 1781 599 1808 malus.
623 1780 693 1808 Haec
706 1786 769 1808 sunt
783 1790 852 1816 quae
865 1782 1018 1809 communi-

215 1822 278 1844 cant
294 1817 442 1845 hominem.
456 1816 513 1844 Non
529 1817 591 1844 lotis
602 1821 691 1844 autent
704 1818 829 1844 manibus
841 1818 1016 1851 manducare,

216 1860 270 1880 non
291 1853 449 1888 coinquinat
469 1853 617 1882 hominem.
645 1852 679 1887 Et
697 1861 823 1888 egressus
844 1853 906 1882 inde
924 1853 1015 1887 Jcsus,

215 1889 331 1916 accessit
349 1889 375 1916 in
392 1890 401 1905 ¹
415 1888 553 1924 regionem
570 1888 634 1924 Tyri
647 1893 674 1916 et
688 1888 818 1917 Sidoniae.
834 1889 867 1916 Et
878 1897 942 1917 ecce
958 1897 1018 1917 mu-

215 1924 265 1952 lier
279 1924 439 1952 Cliananaea
449 1922 487 1951 ile
505 1922 604 1952 ﬁnibus
618 1924 671 1951 illis
684 1932 794 1959 egressa
812 1925 822 1940 ³
835 1925 969 1952 clamabat
984 1924 1018 1953 ad

215 1967 278 1987 eum
292 1981 300 1993 ,
316 1960 411 1988 dicens
429 1970 435 1987 ί
450 1959 578 1988 Miserere
589 1960 640 1987 mei
656 1961 768 1988 Domine
784 1960 821 1987 ﬁli
836 1960 920 1987 David
938 1970 944 1987 :
964 1960 1018 1987 lilia

216 2003 274 2024 mea
284 2004 298 2024 a
306 1995 451 2024 daeumnio
460 1996 529 2023 male
539 1995 675 2023 vexatur.‘
683 1996 730 2023 Ille
739 2003 827 2024 autem
840 2005 892 2024 non
902 2004 1017 2031 respon-

215 2031 254 2059 dit
273 2033 298 2059 ei
313 2033 435 2060 verbum.
452 2032 483 2059 Et
497 2031 508 2047 ⁸
522 2036 697 2059 accesserunt
712 2031 837 2066 discipuli
851 2038 878 2058 et
889 2033 1020 2067 rogabant

215 2075 276 2094 eum
290 2067 412 2096 dicentes
423 2067 554 2106 :_Dmiit_te
563 2075 622 2106 eam
632 2075 637 2093 :
646 2068 705 2102 quia
716 2067 814 2106 clamat
823 2073 883 2106 post
890 2075 950 2106 nos.
961 2067 1021 2101 Ipse

215 2107 304 2129 autem
325 2103 491 2137 respondens
512 2103 549 2127 ait
568 2112 575 2129 :
592 2102 647 2128 Non
659 2111 719 2130 sum
736 2104 833 2132 missus
847 2103 897 2131 nisi
912 2103 944 2129 ad
954 2110 1021 2131 oves
1044 2117 1051 2124 -

216 2137 226 2152 '
236 2137 353 2171 perditas
362 2139 460 2169 domus
467 2137 560 2165 Israel.
571 2138 603 2164 At
615 2137 670 2164 illa’
686 2140 797 2165 veniens
805 2138 937 2166 adorabat
945 2146 1018 2165 eum.

216 2172 312 2200 dicens
329 2182 335 2199 :
349 2173 453 2206 AtIJUVEI
467 2181 519 2205 me,
533 2173 657 2200 Domine.
672 2174 683 2189 ⁸
696 2174 731 2201 At
746 2174 791 2201 ille
803 2174 973 2208 respondens
983 2175 1020 2201 ait

216 2208 250 2235 ad
267 2209 359 2241 illam:
374 2209 432 2236 Non
447 2208 512 2236 licet
526 2210 651 2243 accipere
663 2216 759 2243 panem
775 2209 903 2241 ﬁliorum,
918 2216 945 2237 et
959 2210 1020 2236 mit-

216 2249 273 2277 tere
288 2245 412 2272 canibus.
430 2248 463 2272 At
483 2245 528 2271 illa
545 2243 614 2271 dixit
629 2253 635 2270 :
648 2246 657 2261 θ
675 2245 712 2272 ita
731 2245 861 2273 Domine:
878 2253 940 2272 nam
954 2251 982 2273 et
996 2245 1018 2261 ιο

214 2281 296 2307 catuli
321 2281 404 2308 edunt
415 2280 449 2307 de
472 2280 549 2308 micis
571 2281 590 2295 “
614 2279 785 2308 dominorum
802 2289 922 2308 suorum.
942 2282 1017 2308 'l‘unc

214 2315 294 2343 Jesus
311 2317 489 2351 respondens,
514 2316 585 2343 dixit
600 2318 712 2352 adeam
728 2326 733 2343 :
750 2316 772 2344 0
793 2317 902 2350 mulier,
918 2325 1014 2352 magna

214 2356 257 2378 est
270 2352 336 2379 ﬁdes
351 2357 394 2379 tua
407 2353 426 2367 “
442 2360 448 2379 :
464 2352 603 2387 contingat
618 2351 666 2379 tibi
683 2357 709 2379 ul
722 2352 772 2379 vis.
785 2353 806 2368 “
816 2353 851 2379 Et
865 2360 930 2380 sana
946 2354 1014 2380 facta

215 2392 255 2415 est
270 2388 323 2415 ﬁlia
335 2388 395 2423 ejus
407 2396 439 2416 ex
455 2388 500 2415 illa
515 2387 634 2415 liora.Et
644 2395 725 2422 quum
740 2387 761 2404 "
776 2395 868 2416 reces-

1310 1625 1430 1656 CODEX
1450 1625 1647 1661 BRIXIANUS.

1437 1661 1450 1673 4⁷

1071 1673 1258 1704 hominem.de
1265 1674 1348 1701 corde
1355 1674 1427 1700 enim
1436 1674 1725 1708 exeuntcogitationes
1732 1673 1820 1704 malae
1828 1673 1874 1705 ho-

1071 1710 1181 1738 micidia
1198 1709 1330 1737 adulteria
1346 1708 1542 1737 fornicationes
1551 1709 1620 1737 furta
1630 1710 1696 1738 falsa
1706 1710 1872 1742 testimonia.

1073 1745 1401 1781 blaspheutiaeilmcsunt
1409 1753 1468 1779 qtnc
1475 1745 1652 1780 coinquinant
1663 1745 1873 1773 Imminem.Nim

1077 1780 1140 1809 lotis
1150 1786 1239 1808 autem
1257 1780 1381 1808 manibus
1401 1781 1574 1809 manducare.
1593 1789 1646 1809 non
1658 1782 1817 1816 coinquinat
1829 1781 1874 1808 lio-

1072 1817 1219 1845 minem.Et
1228 1824 1356 1852 egressus
1373 1816 1524 1844 indeJesns
1539 1820 1653 1845 secessit
1667 1818 1693 1843 in
1710 1822 1801 1851 partes
1812 1816 1874 1852 Tyri

1071 1858 1099 1881 et
1126 1852 1254 1888 Sydouis.
1274 1852 1306 1879 Et
1320 1860 1384 1880 ecce
1399 1852 1667 1880 inulichliananaea
1682 1861 1697 1879 a
1711 1853 1811 1880 ﬁnibus
1823 1853 1872 1880 iliis

1071 1888 1321 1924 egressamlaiuavit
1333 1888 1365 1915 ad
1377 1895 1440 1915 eum
1453 1888 1750 1916 dicenleisereretnei
1762 1888 1873 1915 Domina

1072 1923 1108 1952 ﬁli
1127 1923 1219 1951 David.
1237 1923 1292 1950 ﬁlia
1304 1931 1362 1951 mea
1377 1924 1448 1951 male
1462 1931 1477 1950 a
1491 1924 1637 1953 daemonio
1656 1924 1821 1951 venturam
1832 1925 1874 1951 illo

1072 1969 1126 1988 non
1147 1959 1287 1995 respondit
1311 1959 1336 1986 ei
1356 1960 1479 1986 verbum.
1502 1960 1535 1986 Et
1557 1960 1722 1988 accedentes
1748 1960 1872 1993 discipuli

1072 1996 1141 2031 ejus.
1158 1995 1290 2030 rogabant
1305 2002 1366 2031 eum
1381 1994 1515 2023 dicentes.
1535 1996 1644 2022 Dimitte
1660 2004 1721 2024 eam
1736 1996 1799 2029 quia
1820 1996 1873 2023 cla-

1074 2038 1129 2059 mat
1155 2036 1216 2066 post
1245 2038 1303 2058 nos.
1333 2030 1411 2058 .lesus
1436 2037 1526 2058 autem
1554 2032 1724 2065 respondens
1742 2032 1790 2058 ait.
1815 2031 1872 2059 Nuu

1073 2075 1132 2095 sum
1154 2067 1252 2094 missus
1282 2066 1332 2093 nisi
1353 2066 1386 2093 ad
1408 2074 1473 2094 oves
1495 2075 1564 2101 quae
1582 2068 1723 2100 perierunt
1737 2067 1835 2094 dumus
1849 2067 1872 2094 Is

1072 2102 1086 2122 ι)
1111 2103 1198 2130 ralicl.
1227 2103 1261 2129 At
1289 2101 1333 2128 illa
1356 2103 1467 2130 veniens
1495 2102 1618 2129 adoravit
1632 2111 1694 2130 eum
1709 2103 1804 2130 dicens
1824 2104 1873 2129 Do-

1073 2140 1146 2167 mine
1174 2138 1275 2173 adjuva
1300 2145 1354 2166 me.
1385 2138 1435 2171 Qui
1469 2139 1640 2172 respondens
1665 2140 1713 2166 ait.
1746 2139 1804 2165 Non
1832 2143 1872 2165 est

1074 2176 1172 2202 bonum
1201 2174 1325 2207 accipere
1356 2181 1452 2208 panem
1477 2174 1605 2202 ﬁliorum.
1625 2178 1652 2201 et
1665 2175 1775 2202 mittere
1798 2175 1871 2201 cani-

1072 2210 1133 2238 bus.
1151 2211 1186 2238 At
1198 2210 1241 2236 illa
1252 2209 1321 2236 dixit
1332 2209 1420 2236 Etiam
1436 2210 1559 2238 Domine.
1577 2218 1639 2237 nam
1655 2216 1682 2237 et
1692 2210 1873 2238 catellieilunt

1072 2247 1106 2273 de
1120 2245 1197 2273 micis
1215 2253 1275 2280 qua),
1290 2246 1391 2273 cadunt
1404 2245 1438 2273 de
1451 2253 1544 2272 mensa
1561 2246 1735 2272 dominorum
1748 2253 1870 2273 suorum.

1070 2281 1146 2309 Tunc
1161 2281 1331 2315 respondens
1345 2280 1432 2309 Jesus.
1455 2281 1491 2308 ait
1506 2281 1554 2309 illi.
1570 2281 1593 2309 0
1608 2282 1705 2309 mulier
1721 2290 1817 2317 magna
1830 2285 1872 2309 est

1068 2317 1137 2345 ﬁdes
1155 2323 1209 2344 tua.
1227 2317 1274 2344 ﬁat
1289 2317 1336 2344 tibi
1358 2317 1428 2344 sicut
1444 2317 1497 2344 vis.
1518 2317 1552 2344 Et
1566 2322 1661 2345 sanata
1674 2323 1716 2345 est
1731 2318 1783 2345 ﬁlia
1800 2317 1870 2352 ejus.

1068 2361 1100 2381 ex
1113 2352 1243 2380 illabora.

1103 2388 1139 2416 Et
1159 2397 1219 2416 cum
1241 2393 1316 2416 tran-

561 2457 760 2486 VARIANTES
778 2457 971 2487 LECTIONES
988 2456 1123 2487 CODICIS
1139 2456 1194 2485 MS.
1212 2456 1244 2485 ὃ.
1263 2456 1520 2486 GERMANENSIS.

247 2514 256 2529 ί
277 2514 309 2538 σι
318 2513 345 2538 in
359 2513 488 2545 Vulgata'

247 2545 258 2576 ξ
275 2548 365 2576 partes.
371 2564 388 2569 ..
401 2545 499 2576 Sidonis

247 2575 259 2592 ⁸
274 2575 395 2607 clamavit,
405 2575 491 2602 dicens
503 2578 527 2603 ei

247 2605 259 2622 δ
276 2606 308 2630 At
318 2605 331 2630 Ι
335 2613 392 2631 esus
402 2613 450 2632 non

247 2637 258 2670 ξ
279 2637 310 2662 Ut
325 2636 398 2670 Vulg.

247 2668 258 2683 '
274 2674 339 2699 quae
352 2668 480 2700 perierunt

1100 2514 1110 2529 "
1127 2514 1206 2545 venit,
1218 2516 1245 2538 et

1101 2545 1111 2561 ⁸
1129 2544 1185 2570 Ipse
1196 2544 1279 2570 autem

1100 2576 1111 2592 ⁹
1129 2576 1220 2607 Utique

1101 2607 1125 2623 ¹⁰
1142 2607 1225 2632 catelli

1100 2638 1120 2671 ιξ
1139 2639 1174 2671 yt
1190 2637 1303 2671 Vulgata.

1100 2669 1123 2686 ¹¹
1138 2669 1171 2695 Et
1181 2669 1265 2695 sanata
1276 2674 1316 2695 est

1100 2701 1123 2717 "
1141 2701 1270 2727 transisset
1280 2701 1420 2732 inde,venit

879 2741 1063 2771 BLANCIIINI
1082 2742 1199 2771 NOTAE.

253 2794 266 2808 η
287 2788 362 2823 Quae
392 2793 545 2825 sequuntur
564 2790 591 2817 in
621 2790 780 2825 Corblensi,
808 2790 864 2818 huc
887 2790 1017 2818 translata

216 2829 279 2852 sunt
304 2832 319 2852 e
338 2822 565 2861 capite'septimo
588 2825 679 2853 Sancti
704 2822 802 2860 Marci,
817 2833 890 2854 vers.
917 2825 962 2853 22.

1069 2790 1238 2859 Ιδὲνέᾙῗοθ
1254 2790 1462 2823 Israheiabrasa
1474 2796 1516 2822 est
1526 2792 1554 2826 ά,
1565 2792 1697 2830 scriptum
1714 2796 1775 2829 erat
1796 2792 1869 2829 enim

251 2893 294 2933 (α)
305 2894 342 2922 tta
354 2898 384 2924 et
396 2899 488 2924 textus
500 2894 617 2924 Graecus
630 2897 827 2934 «pecudvm—
839 2895 878 2934 (ο)
896 2895 935 2924 Ita
949 2898 978 2923 et
995 2893 1060 2926 θοι.
1075 2893 1154 2924 Cant.
1169 2896 1214 2925 οὐκ
1227 2895 1324 2932 “an.
