3894 6336
446 329 549 384 9.47

833 440 1063 496 CODEX
1108 437 1655 496 VERCELLENSIS.

444 553 544 593 tut.
576 537 721 592 milia
748 535 844 592 ho—
1294 548 1487 603 porum
1520 545 1625 586 non
1653 542 1749 603 po-

445 611 675 672 minum,
695 625 790 662 ex-
1295 601 1448 660 testis
1471 601 1671 658 nosse?

447 681 529 736 Ira
561 695 778 752 pueros,
813 687 898 752 et”
1290 676 1584 752 _Gen_eratio
1611 687 1722 726 ma-

445 753 536 808 39.
561 748 832 807 inuberes.
860 751 948 816 Et,
1290 748 1338 802 la
1369 749 1579 818 signum
1605 757 1771 809 quae-

446 825 667 880 ditniSsa
699 833 810 876 Iur-
1290 820 1391 875 rit:
1422 827 1479 873 et
1507 819 1718 888 signum

446 896 536 955 ba.
560 894 805 948 ascendit
1292 907 1399 945 non
1431 890 1645 944 davitur

449 969 502 1040 in
536 965 836 1040 naviculam
864 984 876 1018 :
1291 961 1344 1040 ei
1374 1005 1388 1028 ,
1421 961 1524 1040 nisi
1554 960 1762 1040 signum

447 1031 501 1093 ὁι
529 1038 672 1092 venit
701 1039 752 1089 itt
779 1038 838 1090 li-
1291 1033 1444 1090 Jona‘
1475 1031 1716 1094 Pronhe-

439 1109 596 1165 nibus
624 1109 919 1180 Magvdam.

616 1223 848 1280 CAPUT
889 1221 1032 1278 XVI.

441 1321 494 1374 l.
520 1319 585 1373 Et
612 1331 795 1372 acces-

441 1401 630 1446 serunt
651 1389 714 1443 ad
735 1403 857 1442 cum

436 1462 672 1517 Farisaei
704 1470 757 1514 et
784 1459 918 1514 Sad-

441 1533 631 1588 ducaei
666 1540 770 1587 tem
781 1549 837 1598 p-

438 1614 614 1660 tantes
650 1623 662 1658 :
693 1614 747 1657 et
778 1615 932 1672 roga-

435 1687 632 1732 verunt
660 1690 806 1734 eum.

435 1760 495 1804 ut
528 1749 738 1818 signum
761 1746 830 1798 de

436 1820 592 1876 caelo
624 1819 730 1873 illis
759 1826 941 1873 osten-

442 1894 617 1947 deret.

437 1965 495 2019 2.
531 1961 609 2017 Ad
639 1961 754 2022 ipse
774 1975 997 2030 respon-

440 2036 599 2100 dens,
631 2036 708 2088 ait
732 2050 746 2088 :
775 2032 910 2087 Cum

439 2122 566 2162 sero
590 2107 786 2160 factum

443 2187 550 2242 est,
579 2177 760 2231 dicitis
785 2195 798 2230 :
828 2176 987 2232 Sere—

445 2267 574 2306 num
605 2250 728 2309 erit.
751 2264 841 2302 ru-

444 2321 744 2376 bicundum
772 2328 856 2374 est

448 2394 593 2449 enim
617 2407 739 2446 cum
773 2407 864 2445 utt-

444 2465 607 2520 bibus
628 2464 859 2520 caelum.

444 2537 500 2591 5.
535 2536 603 2590 Et
634 2550 828 2589 mane:
862 2537 970 2593 Ilo.

447 2609 537 2663 die
566 2614 862 2674 tempestas

446 2681 572 2744 erit,
605 2682 728 2744 quia
759 2695 848 2732 ru-

446 2750 741 2806 bicundum
774 2763 858 2808 est

449 2825 504 2878 4.
539 2824 771 2876 caelum.
801 2824 956 2881 Faci-

449 2911 534 2950 em
558 2895 781 2964 quidem

450 2965 588 3021 caeli
620 2968 792 3023 nostis

452 3039 742 3092 aestimare
763 3057 774 3092 :
805 3040 912 3111 sig-

450 3124 522 3164 na
545 3118 724 3166 autem
759 3121 897 3168 tent-

1293 1115 1400 1161 tae.
1427 1105 1493 1159 Et
1522 1103 1724 1158 relictis

1291 1179 1346 1231 5.
1390 1177 1523 1236 illis,
1550 1175 1712 1228 abiit:
1747 1173 1808 1229 Et
1836 1187 1960 1228 cum

1291 1247 1525 1304 venisset
1551 1255 1698 1300 trans

1293 1319 1527 1383 fretum;
1557 1316 1711 1370 obliti

1291 1401 1414 1446 sunt
1441 1390 1669 1458 disciptto

1290 1463 1326 1517 li
1359 1463 1476 1532 ejus
1504 1475 1669 1532 panes

1292 1530 1564 1602 accipere.
1593 1530 1667 1603 (ὁ)

1289 1607 1343 1661 6.
1381 1601 1540 1660 JeSIIS
1571 1601 1751 1657 autem
1783 1602 1824 1671 ’ἲ
1846 1601 1981 1656 dixit

1287 1678 1395 1732 illis
1421 1697 1433 1730 :
1461 1675 1723 1731 Adtendi-

1288 1759 1342 1804 te
1370 1748 1520 1802 vobis
1549 1765 1576 1800 a
1614 1747 1718 1801 fer-

1285 1833 1471 1875 mento
1501 1819 1692 1872 Phari-

1285 1907 1558 1947 saeorum.
1591 1888 1663 1960 (ε)

1289 1965 1341 2018 7.
1384 1964 1535 2019 Tunc
1561 1961 1602 2032 -ι-
1633 1959 1940 2029 cogitabant

1293 2035 1430 2090 intra
1455 2051 1512 2087 se
1533 2034 1719 2088 dicen-

1293 2116 1374 2162 tes
1401 2125 1412 2160 :
1441 2106 1574 2172 Quia
1603 2118 1770 2174 partes

1294 2195 1400 2234 non
1423 2177 1636 2246 accepi-

1295 2266 1436 2305 mus.

1294 2325 1347 2378 8.
1390 2319 1593 2388 Quibus
1622 2319 1860 2385 cogitan-

1295 2394 1440 2448 tibus
1462 2436 1474 2458 ,
1505 2391 1645 2446 dixit
1675 2391 1782 2446 illis

1295 2465 1454 2522 Jesus
1480 2483 1493 2519 :
1520 2463 1659 2532 Quid
1686 2463 1828 2533 cogi-

1296 2539 1422 2594 tatis
1446 2536 1586 2590 intra
1617 2550 1713 2590 vos

1296 2609 1541 2664 modicae
1565 2606 1720 2673 ﬁdei,

1296 2681 1421 2746 quia
1455 2696 1617 2745 panes
1659 2693 1766 2732 non

1297 2753 1352 2808 9.
1397 2752 1639 2806 habetis?
1667 2750 1816 2805 Non-

1296 2823 1422 2880 dum
1452 2823 1657 2878 intelle-

1568 2908 1949 2965 n..queme-

1299 2967 1463 3022 minis
1481 3009 1494 3021 .
1515 3006 1528 3020 .
1550 3009 1562 3023 .
1587 2968 1747 3038 quin-

1298 3055 1404 3107 que
1427 3055 1622 3106 panum
1639 3081 1654 3104 ,

1299 3121 1355 3167 et
1395 3111 1632 3183 quinque

885 3249 1120 3307 CODEX
1155 3247 1623 3306 CORBEIENSIS.

455 3375 612 3421 erant
659 3367 773 3436 t‘ere
825 3375 1083 3434 quattuor
1135 3367 1304 3421 millia
1342 3408 1357 3429 ,
1437 3365 1680 3434 exceptis
1763 3365 1947 3436 pueris
2004 3374 2059 3420 et

456 3433 801 3492 mulieribus.
848 3433 977 3496 Et.
1031 3439 1272 3494 dimissis
1317 3439 1509 3495 turbis.
1562 3433 1806 3491 ascendit
1855 3437 1906 3491 in
1961 3451 2056 3490 na-

454 3510 688 3563 viculam
729 3527 740 3562 :
773 3519 828 3563 et
857 3512 1005 3565 venit
1035 3513 1084 3564 iu
1134 3512 1269 3565 lines
1302 3510 1580 3578 Magedan.
1621 3511 1683 3563 lit
1708 3519 2058 3563 accesserunt

457 3581 522 3634 ad
547 3597 666 3633 eum
690 3581 965 3634 Pharisaei
995 3592 1050 3636 et
1080 3581 1378 3638 Sadducaci
1411 3590 1680 3636 tentantes
1706 3597 1720 3632 :
1753 3581 2057 3635 etinterro-

457 3661 726 3720 gaverunt
780 3668 902 3705 cum
939 3653 1206 3716 dicentes,
1241 3655 1256 3684 ¹
1291 3653 1686 3707 ntus-tenderet
1736 3652 1814 3706 eis
1844 3653 2056 3722 signum

460 3723 530 3775 de
566 3723 737 3776 enelo.
779 3722 938 3778 Jcsus
965 3733 1142 3777 autem
1197 3724 1554 3794 respondens,
1605 3727 1678 3778 ait
1727 3725 1876 3778 illis:
1926 3726 2058 3776 (lum

460 3809 587 3847 sero
629 3796 824 3848 factum
869 3793 1052 3860 fuerit,
1082 3793 1300 3850 dicitisf
1344 3796 1609 3851 Serenum
1641 3798 1766 3861 erit,
1804 3796 2061 3850 rubicun-

457 3865 587 3919 dum
647 3866 786 3920 enim
819 3869 840 3896 ²
870 3878 952 3921 cst
990 3870 1220 3921 coelum.
1250 3868 1403 3922 Mane
1446 3877 1624 3922 autem
1654 3885 1666 3920 :
1718 3868 2058 3934 Tempestas,

460 3937 820 4011 rubicundum
851 3948 936 3993 est
965 3955 1094 4011 cum
1118 3939 1330 3992 tristitia
1363 3942 1594 4011 coelum.
1625 3939 1948 4011 llyporritae
1981 3939 2060 3992 fa-

459 4009 597 4063 ciem
647 4009 668 4038 ³
717 4011 932 4080 quidem
964 4009 1100 4065 eueli
1128 4011 1278 4065 scitis
1320 4010 1631 4065 discernere
1656 4009 1850 4074 {signa
1883 4021 2063 4065 autem

461 4089 766 4148 temporum
825 4098 928 4135 non
963 4081 983 4110 "
1009 4083 1228 4151 potestis
1287 4082 1462 4136 scire?
1514 4082 1803 4138 Generatio
1835 4082 1968 4134 mala
1995 4082 2068 4135 si-

460 4166 624 4233 gnum
672 4151 993 4233 “desiderat
1031 4170 1043 4206 :
1096 4165 1150 4233 et
1195 4155 1404 4233 signum
1457 4169 1560 4233 non
1607 4154 1935 4233 dabiturei.
1969 4154 2069 4206 nisi

462 4222 674 4289 signum
704 4223 893 4278 Junae.
931 4225 995 4278 Et
1041 4225 1247 4279 relictis
1291 4226 1394 4278 illis
1420 4267 1432 4284 .
1476 4225 1603 4277 abiit
1639 4225 1658 4254 ⁶
1689 4225 1738 4277 in
1794 4222 2066 4290 regionem
2117 4250 2122 4254 ·

463 4309 605 4362 quae
639 4306 783 4347 trans
809 4305 1013 4358 erat,et
1040 4297 1190 4350 obliti
1214 4305 1338 4348 sunt
1367 4296 1610 4364 discipuli
1637 4298 1754 4363 ejus
1781 4309 1943 4363 panes
1970 4296 2071 4349 tol-

465 4365 576 4419 lere
604 4380 808 4419 secum.
848 4367 910 4420 Et
940 4367 1076 4422 dixit
1106 4369 1170 4421 ad
1202 4383 1326 4421 eos:
1358 4366 1576 4426 Videte.
1608 4375 1664 4421 et.
1701 4376 1886 4421 cavete
1910 4381 1940 4419 a
1965 4365 2071 4420 ler-

462 4446 648 4490 mento
702 4436 1154 4503 Pharisaeorum,
1206 4447 1262 4493 et
1311 4437 1769 4493 Sadducaeorum.
1826 4439 1843 4468 ⁷
1877 4437 1943 4490 At
1994 4437 2069 4492 illi

461 4507 774 4577 cogitabant
825 4510 961 4563 intra
1015 4525 1075 4565 se
1112 4511 1356 4564 dicentes
1400 4508 1572 4564 :ldeo
1622 4509 1723 4564 hoc
1745 4509 1910 4570 dicit.
1945 4508 2068 4580 quia

461 4594 630 4649 panes
684 4596 788 4634 nnn
824 4582 1122 4635 attulimus.
1172 4583 1193 4612 ⁸
1218 4580 1335 4648 Quo
1361 4580 1577 4649 cognito
1624 4580 1809 4640 Jcsus.
1841 4580 1974 4636 dixit
2002 4580 2068 4634 ad

460 4651 615 4706 illos:
672 4652 809 4719 Quid
841 4653 1088 4722 cogitatis
1130 4652 1267 4706 intra
1321 4666 1417 4707 vos
1462 4652 1704 4706 modicae
1753 4652 1910 4718 ﬁdei,
1944 4653 2065 4721 quia

459 4737 630 4805 panes
677 4739 782 4805 non
835 4724 1081 4805 habetis?
1132 4723 1379 4805 Nondum
1433 4724 1764 4805 intelligitis,
1819 4740 1993 4793 neque
2046 4726 2066 4756 θ

462 4795 721 4851 intuente
769 4796 981 4852 habetis
1029 4795 1095 4852 de
1125 4797 1363 4866 quinque
1409 4795 1668 4865 panibus,
1730 4805 1786 4851 et
1830 4801 2064 4867 quinque

984 324 1260 382 EUSEBII
1302 323 1646 381 VERCEIL.
1685 315 2138 376 EVANGEIJU“
2168 313 2304 372 GU.“
2350 311 2578 370 VARUS
2618 311 2772 367 COD.
2814 309 3216 367 COLLATUM.
3643 307 3729 363 ets

2603 427 2833 484 CODEX
2877 423 3330 484 VERONENSIS.

2991 522 3280 578 Generatio
3304 517 3466 582 mala,

2991 604 3044 649 et
3066 593 3313 648 adultera

2991 664 3204 736 quaerit
3227 663 3436 734 signum
3466 679 3480 716 :

2993 746 3048 793 et
3077 740 3290 807 signum

2994 824 3100 863 non
3127 807 3346 862 dabitur

2991 881 3060 943 ei,
3095 880 3193 934 nisi
3227 878 3437 949 signum

2157 955 2399 1008 navicula
2423 972 2434 1007 :
2466 964 2521 1009 et
2547 968 2638 1008 ve-
2819 1013 2825 1017 _
2991 952 3160 1006 Jonae
3189 950 3510 1017 Propltetae.

2159 1027 2237 1081 nit
2266 1027 2318 1080 in
2352 1025 2546 1080 ﬁnibus
2995 1023 3064 1078 Et
3087 1023 3292 1077 relictis
3319 1020 3443 1082 illis.

2160 1108 2316 1154 terra:
2349 1097 2627 1159 Magmlan.
2994 1095 3047 1150 5.
3091 1094 3260 1148 abiit:
3293 1092 3503 1147 Etcum
3527 1105 3618 1145 ve-

2336 1167 2562 1224 CAPUT
2598 1165 2740 1226 XVI.
2998 1166 3165 1220 nisset
3201 1174 3349 1219 trans
3380 1165 3614 1228 fretum;

2159 1243 2213 1300 1.
2259 1243 2325 1298 Et
2351 1248 2696 1295 accesserunt
2999 1238 3154 1293 obliti
3185 1246 3307 1290 sunt
3329 1235 3410 1290 di-

2159 1315 2226 1370 ad
2251 1329 2372 1366 eum
2407 1311 2700 1378 Pharisaei,
2999 1309 3188 1378 scipuli
3217 1308 3334 1375 ejus
3362 1322 3454 1377 pa-

2159 1396 2214 1442 et
2243 1383 2522 1443 Sadducrei
2558 1394 2691 1438 tem-
2861 1415 2864 1418 ~
3000 1379 3381 1452 nesaccipere.
3412 1378 3493 1452 (bl

2160 1468 2405 1528 ptantes:
2435 1465 2488 1510 et
2511 1470 2595 1508 ro-
2997 1452 3048 1528 ti.
3090 1449 3248 1528 des-us
3269 1449 3446 1506 autem
3470 1449 3512 1520 ’ξ’

2159 1523 2423 1600 gaverunt
2452 1542 2574 1600 eum
2596 1567 2610 1588 .
2993 1523 3130 1600 dixit
3160 1524 3267 1600 illis
3293 1564 3305 1576 .

2160 1593 2216 1655 ut
2245 1602 2455 1670 signum
2483 1599 2551 1653 de
2574 1611 2702 1670 cae-
2996 1596 3269 1670 Atlendite
3295 1593 3445 1648 vobis

2165 1674 2216 1727 lo
2246 1667 2557 1727 ostenderet
2595 1669 2720 1724 illis.
2996 1683 3024 1720 a
3053 1667 3321 1721 fermento

2197 1744 2252 1798 2.
2281 1744 2360 1800 Ad
2393 1743 2479 1796 ille
2515 1741 2853 1811 respondens
2877 1779 2891 1805 ,
2997 1738 3436 1811 Pharisaeorum,

2162 1818 2238 1870 ait
2261 1815 2364 1870 illis
2389 1832 2401 1866 :
2426 1813 2561 1868 Cum
2610 1807 2624 1811 ⁷
2995 1818 3050 1865 et
3077 1809 3538 1865 Sadducacorttm.
3569 1807 3643 1878 (ε)

2162 1889 2502 1946 seroJactum
2534 1894 2616 1938 est
2637 1923 2652 1949 ,

2162 1959 2342 2013 dicitis
2367 1975 2379 2009 :
2410 1956 2710 2023 Serenum,

2163 2027 2524 2086 rubicundum
2554 2036 2638 2081 est

2155 533 2410 593 quattuor
2431 523 2531 578 mi-

2156 597 2223 652 lia
2249 597 2522 651 hominum
2543 636 2556 659 ,

2155 678 2307 725 extra
2332 683 2528 735 pueros
2544 710 2556 734 ,
2591 673 2648 719 et

2157 741 2432 795 mulieres.

2156 811 2246 868 59.
2291 812 2355 866 Εῑ
2382 811 2600 864 dimissa
2633 815 2744 864 tur-

2161 883 2223 937 ba
2246 925 2260 947 ,
2284 882 2526 936 ascendit
2555 882 2606 935 in

2997 1881 3048 1936 7.
3092 1881 3242 1936 Tunc
3264 1881 3305 1952 ’ξ’
3340 1882 3486 1952 cogi-

2997 1954 3184 2008 tabant
3216 1953 3356 2007 inter

2998 2039 3058 2079 se
3089 2025 3369 2080 dicentes:

2999 2095 3133 2165 Quia
3169 2111 3336 2167 panes

3001 2184 3108 2223 non
3140 2167 3473 2238 accepimus.

3001 2240 3054 2296 8.
3097 2240 3303 2305 Quibus
3332 2239 3480 2308 cogi-

3005 2313 3259 2372 tantibus.
3289 2310 3432 2365 dixit

2163 2102 2307 2156 enim
2333 2115 2455 2156 cum
2489 2098 2717 2152 nubibus

2163 2174 2217 2227 5.
2261 2174 2490 2226 caelum.
2518 2169 2705 2224 Etma-

2164 2260 2234 2301 ne
2262 2243 2471 2308 dicitis;
2509 2241 2612 2296 llo-

2162 2316 2251 2371 die
2283 2323 2574 2384 tempestas
2596 2353 2612 2379 ,

2164 2381 2521 2443 rubicundum
3002 2383 3160 2439 Jcsus
3192 2401 3204 2436 :
3236 2381 3374 2452 Quid

2165 2469 2248 2516 est
2277 2459 2421 2513 enim
3002 2455 3249 2525 cogitatis
3279 2455 3421 2508 inter

2164 2546 2287 2586 cum
2317 2528 2532 2584 tristitia
3003 2542 3100 2582 vos
3130 2526 3375 2582 modicae

2163 2604 2216 2659 4.
2259 2603 2476 2657 caelum.
3006 2599 3157 2661 ﬁdei,
3181 2598 3303 2665 quia

2164 2679 2424 2744 pocritae.
2455 2673 2495 2744 οξ·
2517 2672 2590 2746 (a)
2616 2673 2723 2746 Hy-
3005 2685 3173 2746 panes
3195 2686 3300 2746 non
3323 2668 3422 2746 ha-

2167 2737 2359 2800 l‘aciem
2470 2737 2482 2744 ⁷
2522 2737 2535 2745 ’
2573 2737 2585 2746 ’
2665 2737 2682 2746 ”
3007 2737 3064 2797 ξ).
3110 2740 3294 2797 betis?
3326 2737 3580 2795 Nondum

2163 2818 2296 2874 caeli
2325 2817 2495 2873 nostis

2163 2891 2452 2945 aestimare
2483 2907 2495 2944 :
2528 2890 2679 2959 signa

2163 2972 2345 3016 autem
2376 2971 2679 3028 temporum

2167 3048 2274 3087 non
2305 3035 2531 3102 potestis

2165 3119 2500 3176 cognoscere
2527 3104 2550 3160 ’ἰ

3010 2812 3348 2884 intellegitis.

3007 2901 3185 2956 neque
3199 2882 3524 2939 meministis

3006 2958 3073 3013 de
3098 2958 3338 3027 quinque

3007 3029 3261 3100 panibus,
3293 3037 3350 3083 et

3006 3099 3241 3173 Quinque
3263 3099 3484 3156 milibus

2633 3244 2872 3302 CODEX
2910 3241 3310 3301 BRIXIANUS.

2161 3375 2420 3438 quattuor
2446 3365 2612 3421 millia
2642 3366 2877 3420 virorum
2907 3364 3148 3438 exceptis
3174 3363 3492 3438 mulieribus
3507 3371 3562 3417 et
3588 3375 3766 3438 parvo-

2163 3434 2564 3493 lis.Etdimissa
2597 3439 2750 3492 turba
2772 3436 3016 3491 ascendit
3051 3437 3101 3489 itt
3137 3436 3438 3491 naviculam
3469 3444 3525 3488 et
3549 3435 3697 3489 venit
3721 3434 3765 3486 itt

2165 3510 2360 3565 ﬁnibus
2392 3510 2668 3580 Magednn.
2716 3509 2780 3563 Et
2811 3509 3130 3563 accedentes
3161 3508 3225 3562 ad
3258 3523 3380 3562 eum
3414 3505 3694 3580 Pharisaei
3721 3514 3767 3580 et

2163 3575 2501 3638 Sadducaei:
2538 3590 2826 3636 temtantcs
2866 3590 3199 3651 rogaverunt
3240 3586 3444 3634 eumut
3469 3575 3768 3650 signumde

2163 3654 2305 3708 coelo
2333 3653 2650 3708 ostenderet
2675 3653 2802 3707 illis.

2239 3727 2306 3779 At
2339 3726 2430 3779 illc
2457 3723 2789 3792 respondens
2814 3723 2887 3778 ait
2919 3723 3043 3778 illis.
3077 3724 3242 3778 Facto
3297 3737 3551 3792 vespere.
3606 3719 3769 3776 dicitis

2164 3796 2428 3852 Serenum
2460 3800 2585 3851 erit.
2638 3797 2996 3850 rubicutnlum
3031 3806 3114 3851 est
3136 3797 3282 3850 enim
3314 3796 3535 3850 caelum.
3566 3793 3638 3847 Et
3667 3807 3770 3846 ma-

2168 3884 2237 3921 ne
2266 3869 2424 3922 hodie
2455 3877 2772 3937 tempestas.
2820 3868 3001 3921 rutilat
3056 3869 3198 3921 enim
3247 3867 3399 3921 triste
3428 3866 3670 3937 cor-lum.
3699 3864 3768 3929 (η)

2169 3937 2461 4000 Ynocritae
2487 3936 2678 3992 facient
2709 3953 2840 4007 ergo
2886 3938 3020 3992 caeli
3052 3938 3348 4008 dijudicare
3400 3938 3597 3992 nostis.
3633 3936 3768 4006 signa

2171 4023 2348 4065 autem
2385 4022 2684 4080 temporum
2717 4025 2824 4064 non
2859 4012 3105 4078 potestis.

2251 4079 2544 4137 Generatio
2569 4083 2726 4136 mala.
2759 4091 2812 4136 ct
2834 4081 3098 4136 adultera.
3149 4083 3360 4151 signum
3389 4079 3610 4151 quaerit
3634 4089 3686 4134 et
3708 4079 3772 4133 si-

2175 4169 2336 4222 gnum
2370 4171 2472 4207 non
2506 4154 2720 4209 dabitur
2744 4163 2768 4189 η
2797 4154 2896 4208 eis.
2931 4153 3033 4207 nisi
3055 4154 3266 4224 signum
3315 4152 3485 4207 .Ionae
3536 4151 3770 4224 Prophej

2175 4235 2280 4280 tae.
2309 4228 2372 4281 Et
2400 4227 2605 4280 relictis
2639 4225 2748 4279 illis
2777 4225 2930 4280 abiit.
2962 4224 3028 4279 Et
3055 4222 3175 4280 cum
3203 4224 3481 4280 venissent
3521 4222 3772 4293 discipuli

2176 4299 2293 4363 ejus
2347 4308 2494 4351 trans
2550 4298 2743 4350 fretum
2801 4297 2952 4350 obliti
3001 4310 3126 4351 sunt
3176 4311 3342 4367 panes
3391 4293 3770 4367 acciperes“)

2174 4368 2332 4423 Jcsus
2360 4380 2536 4424 autem
2561 4368 2602 4439 -ι-
2625 4369 2757 4422 dixit
2787 4367 2912 4422 illis.
2947 4367 3142 4423 Videte
3165 4366 3218 4422 et
3247 4377 3434 4422 cavete
3485 4381 3584 4439 vos
3612 4384 3642 4420 a
3672 4366 3772 4418 fer-

2178 4452 2361 4494 mento
2419 4437 2831 4494 Pharisaeorum
2877 4451 2930 4493 et
2975 4439 3437 4494 Sadducaeorum.
3481 4437 3563 4492 Illi
3599 4447 3773 4492 autem

2175 4513 2481 4579 cogitabant
2509 4512 2644 4565 intra
2677 4526 2735 4565 se
2762 4511 3031 4567 dicentes.
3060 4511 3194 4580 Quia
3228 4526 3394 4580 panes
3429 4526 3534 4564 non
3565 4507 3775 4576 accepi-

2175 4599 2311 4637 mus.
2344 4585 2532 4639 Scicns
2564 4594 2740 4636 autem
2763 4582 2922 4638 Jesus
2953 4582 3115 4638 dixit.
3166 4583 3302 4651 Quid
3350 4582 3604 4651 cogitatis
3643 4583 3777 4634 inter

2172 4670 2268 4708 vos
2297 4655 2538 4709 modicae
2567 4654 2688 4708 lidet
2719 4656 2842 4724 quia
2869 4668 3034 4723 panes
3059 4670 3163 4709 non
3192 4656 3499 4726 accepistis.
3529 4651 3772 4726 Nondum

2168 4727 2486 4798 intellegitis
2514 4741 2687 4796 neque
2707 4726 3068 4782 recordamini
3095 4725 3337 4799 quinque
3354 4741 3522 4798 panes
3553 4725 3610 4781 in
3624 4725 3775 4797 quin-

2169 4814 2274 4871 que

1137 4957 1525 5014 VARIANTES
1562 4957 1954 5015 LECTIONES
1990 4957 2258 5015 CODICIS
2295 4955 2403 5014 MS.
2445 4955 2503 5012 S.
2544 4951 3050 5010 GERMANENSIS.

531 5104 545 5132 ¹
585 5110 635 5150 ut
656 5101 847 5162 slgnum
871 5100 936 5150 de
959 5099 1101 5150 coelo
1127 5097 1223 5162 illi_s
1241 5096 1546 5148 ostenderet.
1573 5097 1638 5147 At
1655 5096 1738 5146 ille

530 5166 552 5195 "
585 5160 926 5212 cum'uubibus
945 5162 1156 5212 coelum.
1179 5160 1244 5210 Et
1265 5173 1409 5210 mane

529 5227 554 5258 ³
588 5237 709 5287 ergo
732 5225 1028 5287 coelinostis
1052 5226 1316 5275 aestimare

530 5287 551 5318 ἰ
593 5286 797 5349 potestis
822 5301 832 5336 :
852 5286 1115 5338 Generatio

529 5351 552 5382 ⁵
585 5352 788 5398 (ιιηιειιὶιΔ

538 5413 559 5442 ⁰
595 5409 783 5462 Etcum
809 5413 1061 5462 venissent
1099 5417 1231 5462 trans
1269 5411 1473 5473 fretum;
1515 5411 1656 5461 obliti
1694 5417 1808 5460 sunt
1843 5409 2064 5469 discipuli

2177 5099 2286 5172 eius
2310 5110 2463 5160 panes
2483 5098 2730 5160 accipere.
2759 5095 2906 5146 Jesus
2924 5101 3090 5146 autem
3111 5093 3236 5144 dixit
3261 5091 3389 5143 illis:
3417 5092 3677 5144 Attendite
3701 5104 3776 5144 vo-

2175 5161 2256 5254 blg
2290 5220 2427 5271 Tunc
2453 5221 2518 5272 illi
2543 5223 2822 5285 cogitabant
2841 5223 2969 5285 inter
2993 5234 3071 5283 se,
3095 5229 3212 5285 et_c.,
3238 5223 3291 5269 ut
3309 5217 3375 5285 in_
3392 5217 3540 5285 Vulg.

2235 5285 2257 5352 ξ
2292 5285 2485 5352 Quibus
2497 5283 2826 5352 cogitantibus
2846 5284 2974 5334 dixit
2997 5298 3008 5334 :
3030 5283 3155 5352 Quid
3181 5283 3404 5344 cogitatis
3427 5283 3566 5352 inter
3582 5293 3676 5352 vos

2235 5349 2257 5378 θ
2293 5338 2586 5411 meministis
2601 5350 2820 5411 quinque
2845 5338 3310 5411 lmnuquuinqu'e,
3337 5352 3458 5408 etc.,
3480 5353 3529 5395 ut
3549 5342 3600 5396 in
3629 5338 3774 5407 Vulg.

2173 5421 2324 5475 usque
2345 5409 2763 5462 Sadducaeorum'.

1787 5512 2155 5572 BLANCHINI
2191 5514 2423 5575 ΝΟΤᾹΞ.
2460 5564 2470 5573 .

545 5648 566 5674 α
606 5638 661 5693 Is
690 5638 741 5692 itt
775 5638 849 5692 eis
879 5636 1070 5691 abrasa
1093 5646 1196 5692 est.

557 5779 635 5849 (α)
677 5775 903 5851 Additur
959 5775 1286 5851 Hypodcritm,
1330 5777 1490 5833 etiam
1518 5777 1570 5832 in
1602 5783 1751 5834 textu
1781 5775 1971 5833 Grarco
1997 5775 2063 5831 ὑπ

2180 5776 2287 5831 νταί.
2317 5770 2478 5845 —(b)
2508 5772 2584 5829 lla
2606 5781 2659 5830 et
2691 5777 2867 5829 textus
2889 5769 3111 5828 Graccus
3139 5769 3165 5826 ὁ
3195 5769 3249 5828 δὲ
3271 5769 3480 5832 Ἰησοῦς.
3509 5796 3575 5812 -—
3598 5767 3676 5841 (c)
3705 5768 3778 5824 tta

472 5860 528 5908 et
550 5847 703 5907 Cant.
732 5847 830 5905 Lat
859 5859 912 5904 et
939 5851 1032 5904 (ir.
1065 5848 1202 5904 τότε.
