1947 3168
109 146 156 174 Si!)

285 204 397 234 CODEX
419 204 691 234 VERCELLENSIS.

107 253 199 281 milium
211 251 296 279 ltomi-
512 254 555 280 Μ.
578 253 617 280 Ad
636 253 672 280 illi
692 252 839 280 dixerunt:
855 252 890 289 (e)

107 297 163 317 num
177 310 183 321 ,
196 292 221 316 et
231 289 303 323 quod
512 290 662 317 Johannem
673 290 690 324 ἠ·
707 289 775 324 Bap-

106 325 225 360 eophinos
240 333 333 359 sump-
511 327 599 352 tistam
615 334 621 356 ;
637 326 682 352 alii
694 332 742 351 au-

106 361 144 389 i0.
164 360 250 387 sistis?
264 369 353 397 neque
512 367 563 388 tem
582 362 687 393 lltslian,
702 360 745 387 alii

106 401 197 432 septem
214 404 310 431 panum
319 420 328 432 ,
510 406 573 425 vero
588 397 703 425 .lcremi-

107 438 130 461 et
146 440 214 460 llll.
229 433 303 460 milia
317 435 365 463 ho—
510 441 555 466 an,
572 438 617 461 aut
630 441 711 461 unum

106 470 195 497 minum
204 490 212 501 ,
228 473 255 496 et
509 476 541 497 ex
557 470 707 504 prophetis.

106 505 166 541 quod
179 510 283 538 sportas
509 503 562 533 i5;
576 505 644 533 Dicit
659 506 712 533 illis
727 513 734 531 :
749 503 804 531 Vos
826 510 873 532 au-

107 542 144 568 Η.
163 541 310 578 sumsistis?
325 543 395 578 Qua-
511 546 562 568 tcm
580 550 658 574 quem
675 549 716 568 me

106 584 132 604 re
144 584 191 603 non
204 576 284 604 intel-
331 575 348 578 τ
510 578 553 604 16.
575 578 663 604 dicitis
675 585 734 604 esse
747 577 758 603 ‘3
772 575 838 604 Res-

106 612 181 648 legilis
192 633 199 645 ,
210 612 268 647 quia
284 623 338 643 non
511 614 630 646 pondens
643 614 736 641 Simon

106 648 139 687 de
147 655 207 687 pane
220 648 256 685 (b)
271 651 325 679 dixi
340 652 376 687 1-:
508 650 681 687 Petrusidixit
694 658 702 675 .-

105 684 234 712 Adtendite
247 693 262 712 a
277 686 331 715 fer-
347 684 354 687 ’
507 686 546 712 Tn
562 694 590 712 es
604 686 737 718 Christus,
751 684 836 712 Filius

105 725 185 748 mento
197 720 288 749 Phari—

103 764 213 784 saeorum
224 778 231 789 ,
247 763 273 786 et
286 758 353 787 Sad-

102 793 247 820 ducaeorum
258 794 269 821 ?

103 828 139 855 12.
159 830 228 857 Tunc
241 830 345 859 intelle-

102 871 185 892 xerunt
194 887 200 895 ,
217 866 277 900 quia

100 909 145 927 non
162 902 193 935 (t‘)
209 901 275 928 dixit
326 904 356 930 il-

100 937 127 963 lis
142 943 165 963 ut
178 938 293 965 abstine-

508 722 555 748 Dci
571 722 634 749 vivi.

506 758 549 785 17.
572 757 749 791 Itespondens

505 793 595 826 .lcsns,
611 795 676 821 dixit
688 795 743 821 illi:

506 829 603 856 Beatus
622 838 652 856 es
668 830 759 857 Simon

505 865 639 892 Bur-Jona
656 875 661 892 2
679 867 739 901 quia

504 908 568 929 caro
582 906 608 929 et
619 909 682 929 san-

503 938 563 972 guis
577 946 629 965 non
641 945 681 965 re—

99 977 151 1000 rent
164 973 175 1000 l'
186 994 192 1000 .
206 993 212 1000 .
226 993 233 1000 .
245 993 253 1000 .
265 994 271 1002 .
283 996 289 1002 .
304 995 310 1001 .
326 996 332 1002 .
502 973 604 1001 velavit
628 974 692 1006 tibi,

97 1013 180 1035 mento
191 1030 198 1040 ,
212 1009 259 1037 sed
502 1009 549 1036 sed
566 1010 645 1037 Pater
659 1012 722 1037 me-'

97 1051 109 1070 a
121 1044 233 1072 doctrina
250 1046 321 1074 Pha-
502 1053 544 1078 us,
559 1047 604 1078 qui
620 1050 661 1073 est
678 1046 703 1072 in
719 1047 810 1074 caelis.

96 1080 242 1117 risaeorum,
503 1082 547 1109 18.
569 1080 626 1117 Ego
637 1082 708 1109 enim
731 1082 778 1110 tibi

95 1116 262 1146 adtenderent
503 1117 574 1152 dico,
594 1116 721 1151 quoniam

95 1152 149 1180 sibi.
502 1158 528 1180 tu
544 1161 573 1181 es
589 1154 698 1184 Petrus,
714 1159 738 1181 ct

95 1189 133 1216 i5.
154 1188 228 1216 Venit
239 1196 330 1219 autem
500 1197 584 1224 super
598 1190 668 1217 hanc
682 1197 727 1224 pe-

501 1230 569 1253 tram
585 1225 679 1253 aediﬁ-

501 1262 570 1288 cabo
585 1261 705 1288 Ecclesi-

499 1305 542 1324 am
561 1305 659 1329 meam,
676 1302 704 1325 et

500 1338 593 1368 portae
608 1334 689 1360 inler—

500 1370 526 1396 ni
543 1377 594 1397 non
611 1369 717 1396 vincent

500 1406 543 1433 19.
564 1405 682 1434 eam.,Et
694 1405 764 1433 dabo

500 1442 546 1469 tibi
559 1442 648 1469 claves
664 1448 725 1477 reg-

94 1223 163 1252 .lesus
177 1225 202 1252 in
219 1232 322 1260 partem

93 1261 229 1290 Caesareae

93 1295 208 1331 Philippi.
223 1303 250 1326 et
266 1298 307 1326 in-

93 1333 235 1368 terrogabat

92 1368 226 1403 discipulos
239 1378 286 1398 su-

91 1411 125 1436 os,
140 1405 231 1444 dicens
241 1415 253 1444 γε
267 1409 352 1440 Quem
369 1407 409 1444 (ιι)

91 1448 127 1468 me
140 1441 161 1476 1‘-
175 1441 300 1470 homines

90 1476 173 1504 dicnnt
183 1485 252 1510 esse.
268 1478 313 1506 Fi-
498 1478 525 1505 ni
540 1478 689 1505 caelorutn.

90 1511 144 1540 lium
161 1512 275 1543 hominis
290 1516 302 1542 ἲ
499 1514 532 1541 Et
548 1513 697 1549 quodcum-

290 1560 410 1588 CODEX
428 1559 662 1588 CORBEIENSIS.

89 1607 165 1634 millia
180 1607 316 1636 hominum
330 1629 336 1641 ,
351 1613 418 1644 quot
444 1607 577 1643 cophinos
590 1607 756 1636 sustulistis?
769 1613 794 1635 et
806 1615 869 1642 sep-

89 1648 132 1670 tein
157 1651 238 1678 panes
264 1645 290 1672 in
318 1643 446 1679 quattuor
471 1644 555 1671 millia
581 1643 735 1674 hominum.
760 1649 787 1671 et
812 1648 875 1678 quot

89 1686 185 1714 sportas
210 1680 353 1708 tuleritis?
377 1680 519 1716 Quomodo
548 1687 599 1707 non
625 1680 791 1716 intelligitis,
806 1680 875 1716 iquia

89 1723 131 1741 non
155 1716 189 1743 de
207 1724 274 1750 pane
300 1716 354 1743 dixi
377 1717 472 1743 vobis:
498 1715 598 1743 Cavete
621 1724 635 1743 a
661 1715 875 1743 fermentole-

87 1752 238 1784 risaeurum,
270 1757 297 1779 et
321 1751 649 1780 Sadducaeorum?Tunc
665 1752 872 1782 intellexerunt.

87 1788 136 1821 quia
151 1796 204 1814 non
227 1787 296 1815 dixit
329 1788 381 1816 illis
397 1788 603 1815 utabstinercnt
628 1795 641 1814 a
658 1788 790 1815 fermento
806 1786 875 1814 Pha-

88 1823 525 1855 risaeorum,etSadducaeorum,
555 1823 602 1850 scd
631 1823 783 1850 adoctrina
812 1823 874 1850 illo-

88 1865 145 1886 rum.
174 1861 181 1875 ¹
211 1860 244 1886 Ει
282 1868 342 1887 cum
369 1859 486 1886 venisset
507 1859 587 1886 Jcsus
612 1859 637 1885 in
655 1859 791 1894 regionem
807 1858 876 1886 Cac-

88 1901 169 1923 sareae
205 1895 343 1930 Philippi,
381 1896 564 1930 interrogabat
602 1895 751 1929 discipulos
788 1902 874 1927 suos.

88 1929 165 1959 dicens
201 1940 208 1958 :
237 1932 247 1946 ¹
272 1929 394 1965 έῺιιθιη
420 1939 462 1958 me
487 1929 581 1958 dicunt
624 1939 685 1958 esse
729 1930 850 1957 homines
867 1951 874 1963 ,

89 1965 168 1995 Filium
200 1967 342 1995 hominis?
365 1968 400 1995 At
426 1967 462 1994 illi
478 1967 488 1982 ³
516 1967 714 2001 responderunt
734 1966 874 1993 dicentes:

87 2001 222 2038 Johannem
241 2003 409 2038 Baptistatu;
435 2003 480 2029 alii
494 2008 582 2029 autem
609 2003 722 2033 llcliam,
748 2003 792 2028 alii
810 2009 875 2029 vero

88 2037 250 2071 Hieremiam,
265 2045 310 2066 aut
328 2047 409 2067 inium
424 2047 456 2066 ex
475 2038 623 2072 prophetis.
638 2038 646 2052 "
663 2039 749 2065 Atille
761 2038 798 2065 ait
810 2037 872 2065 illis:

88 2072 132 2101 Vos
144 2083 206 2103 vero
220 2083 301 2108 quem
316 2084 358 2102 me
370 2082 429 2102 esse
446 2074 534 2101 dicitis
549 2074 561 2100 ?
586 2074 763 2108 ltespondeos
779 2074 872 2101 Simon

88 2108 168 2138 Petrus
195 2111 267 2138 dixit
287 2111 319 2138 ad
344 2119 424 2138 eum:
446 2110 485 2137 Tu
512 2118 541 2137 es
556 2109 690 2142 Christus,
718 2110 800 2137 Filius
825 2110 873 2137 Dei

88 2146 139 2173 vivi.
154 2147 185 2174 Et
204 2146 373 2179 respondens
389 2146 478 2178 Jesus,
494 2145 560 2173 dixit
573 2146 605 2172 ad
617 2154 677 2173 etim
696 2154 702 2172 :
731 2146 828 2172 Beatus
842 2154 871 2172 es

87 2181 165 2210 Simon
179 2182 314 2210 Bar-Jona
329 2192 335 2210 :
353 2190 405 2209 non
421 2183 491 2209 enim
505 2189 568 2208 caro
583 2185 610 2208 et
633 2182 744 2216 sanguis
764 2181 872 2208 revela-

88 2217 116 2243 vit
133 2219 187 2250 tibi,
210 2218 258 2245 scd
280 2219 359 2246 Pater
374 2225 461 2250 mens,
489 2217 532 2252 qui
556 2223 599 2245 est
614 2217 639 2244 in
656 2218 749 2244 coclis.
768 2218 799 2244 Et
824 2225 874 2252 ego

87 2253 244 2283 tilii‘dicam.
254 2254 316 2289 quia
327 2259 353 2280 tu
370 2261 399 2280 cs
413 2254 508 2281 Petrus
523 2258 550 2280 et
562 2258 573 2271 ιι
584 2261 665 2287 super
675 2256 751 2280 istam
769 2258 872 2287 petram

87 2289 220 2318 aediﬁcabo
232 2290 383 2317 Ecclesiatn
401 2297 500 2322 meam,
513 2293 540 2315 et
555 2294 650 2323 portae
662 2289 807 2316 inferorum
821 2297 873 2315 non

87 2324 178 2353 vincent
191 2333 264 2354 eam.
280 2325 342 2354 Tibi
370 2326 440 2353 dabo
468 2325 560 2352 claves
581 2325 655 2360 regni
678 2325 827 2352 eoelorum.
841 2324 875 2353 Et

87 2366 235 2397 quaequom-

112 2445 118 2459 '
133 2445 327 2471 Sadducaeon
344 2445 504 2470 attenderem.
520 2445 576 2470 sibi.
594 2445 668 2471 Venit
681 2449 793 2471 autem...
813 2452 868 2477 par-

86 2477 177 2513 tes...net
188 2478 370 2513 interrogabat.
424 2508 430 2513 .
558 2506 602 2513 .....

111 2508 118 2523 ⁸
133 2508 205 2538 Quem
217 2515 258 2534 me
268 2506 353 2533 dicunt
364 2508 477 2533 homines
489 2513 546 2534 esse
557 2506 645 2532 Filium
658 2507 781 2534 hominis?
792 2508 806 2528 δ

581 146 806 176 EVANGELIUM
827 145 1013 174 SECUNDUM
1034 145 1248 176 MATTHIEUM.

1159 205 1276 235 CODEX
1297 207 1524 237 VERONENSIS.

1364 256 1515 284 Johannem
1529 257 1550 293 1-

1364 293 1514 327 Baptistam
1528 302 1535 326 ;

1364 328 1408 355 alii
1423 334 1512 356 autem

1363 372 1428 392 vero
1441 364 1588 398 Jcremian,

1361 405 1408 427 aut
1423 409 1505 429 unum
1519 409 1552 429 ex

1362 437 1511 472 prophetis.

1362 473 1407 500 15.
1428 472 1498 500 Dicit
1512 472 1565 502 illis

1361 508 1457 536 Jesns:
1476 508 1529 536 Vos
1542 517 1590 537 au-

1363 549 1415 571 tem
1428 552 1506 579 quem
1521 554 1563 572 me

1361 580 1449 607 dicitis
1465 582 1546 608 esse?

1361 616 1405 642 16.
1428 616 1606 649 Ιιιξςιιοηόρης

1361 652 1454 679 Simon
1474 653 1567 680 l’nlrus

946 252 1096 286 hominum,
1112 258 1139 281 et

944 289 1015 322 quod
1030 290 1166 324 cophinos

945 325 989 351 10.
1011 326 1188 359 sumpsistis?
1203 334 1251 355 nc-

944 368 996 395 que
1011 360 1049 396 (a)
1065 367 1168 396 septem

945 404 1028 430 panes
1041 397 1070 432 1-,
1083 403 1110 424 et

944 437 1072 467 quattuor
1086 433 1160 461 utilia

943 468 1095 501 hominum.
1112 473 1139 496 et

942 505 1013 539 quod
1026 510 1133 539 sportas

943 541 988 576 li.
1009 541 1186 576 sumpsistis?

943 575 1033 609 Quare

944 620 996 639 non
1010 612 1178 648 intellegitis,

942 649 1004 683 quia
1020 656 1072 675 non
1085 649 1119 677 de

942 692 1011 722 pane
1027 684 1067 722 (li)
1082 685 1136 713 dixi
1150 687 1187 722 1-:

941 721 1082 748 Attendite
1097 729 1111 748 a
1127 721 1182 751 ler-

1360 687 1450 714 dixit:
1466 688 1547 715 'l‘nes

1359 724 1493 757 Christus,
1512 724 1595 753 Filius

940 762 1032 783 mento
1042 757 1137 784 Phari-
1360 760 1406 787 Dei
1423 760 1485 786 vivi.

939 800 1076 831 saeorum,
1090 798 1118 821 et
1175 830 1179 831 ν
1357 796 1400 823 17.
1423 796 1598 831 Respondens

937 828 1156 857 Sadducaeorum
1171 830 1183 856 Ἰ
1356 836 1446 859 autetn

939 865 981 892 12.
1003 865 1078 893 Tunc
1357 867 1446 900 JcSns,
1461 867 1528 895 dixit

936 901 1140 935 intellexerunt,
1359 904 1383 930 ei
1397 912 1404 929 :
1418 903 1517 932 Beatus
1532 911 1561 932 es

1357 939 1449 967 Simon
1465 939 1542 968 Bar-J
1549 948 1599 968 ona
1613 950 1619 969 :

1356 976 1418 1010 quia
1435 983 1498 1003 caro
1513 982 1539 1004 et

1354 1013 1462 1046 sanguis
1476 1020 1529 1039 non
1549 1021 1626 1042 reve-

1355 1047 1421 1074 labit
1431 1047 1492 1081 tibi,
1507 1049 1553 1076 sed

1355 1082 1436 1121 Pater
1451 1091 1537 1117 mens,
1549 1086 1593 1121 qui

1357 1119 1383 1146 in
1400 1120 1484 1147 caelis
1494 1125 1547 1148 est.

1355 1155 1399 1182 18.
1421 1156 1454 1183 Et
1468 1163 1519 1191 ego
1532 1157 1593 1186 dico

1354 1191 1412 1227 tibi.
1427 1192 1488 1227 quia
1508 1197 1535 1219 tu
1551 1201 1581 1222 es

1353 1226 1459 1265 Petrus,
1472 1232 1499 1254 et
1511 1236 1595 1265 super

936 937 997 975 quia
1011 945 1062 965 non
1078 937 1115 974 (ε)
1131 939 1201 967 dixit
1213 940 1233 975 'l‘

936 981 950 999 a
967 973 1111 1006 ferntento,
1126 975 1174 1002 sed

936 1017 950 1036 a
967 1009 1089 1037 doetrina
1102 1010 1174 1038 Pha-

936 1045 1099 1079 risaeorum,

936 1081 1075 1109 attendere
1090 1082 1152 1110 sibi.

936 1118 980 1144 15.
1001 1117 1082 1145 Venit
1095 1123 1184 1146 autem

935 1153 1014 1180 Jesns
1026 1153 1053 1180 in
1067 1162 1125 1188 par-

937 1193 989 1216 tem
1002 1189 1152 1219 Caesareae

936 1225 1062 1259 Philippi.
1076 1231 1103 1253 et

935 1261 1120 1298 interrogabat
1353 1262 1423 1290 hanc
1433 1269 1538 1298 petram
1546 1261 1628 1294 'aedi-

934 1297 1082 1331 discipulos
1095 1306 1170 1331 suos,
1353 1297 1442 1325 licabo
1457 1299 1610 1329 Ecclesiam

934 1332 1029 1371 dicens
1038 1341 1061 1371 ,ε-
1249 1355 1251 1358 ,
1352 1341 1450 1371 meam,
1465 1342 1493 1363 et
1504 1342 1600 1371 portae

934 1368 1019 1406 Quem
1033 1367 1072 1405 (d)
1080 1376 1130 1406 _me
1141 1371 1160 1406 -ξ

934 1404 1059 1432 homines
1071 1404 1164 1433 dicunt

934 1447 1005 1473 esse,
1024 1440 1122 1468 Filium

1354 1370 1430 1397 inferi
1448 1370 1628 1405 non’praeva-

1352 1406 1398 1433 19.
1421 1406 1514 1434 lebunt
1526 1408 1561 1435 ei.
1578 1409 1612 1436 Et

1353 1442 1401 1469 tibi
1417 1443 1487 1470 dabo
1501 1443 1606 1472 clavem

935 1476 979 1513 7174.
995 1476 1121 1513 hominis
1135 1478 1147 1504 Ὺ
1166 1478 1208 1505 Ad
1351 1479 1426 1513 regni
1441 1479 1588 1507 caelorum.

936 1512 974 1540 illi
985 1512 1110 1541 dixerunt
1122 1522 1130 1541 :
1147 1513 1183 1551 (e)
1352 1512 1393 1541 Et
1400 1522 1588 1551 quaecumque

1164 1559 1283 1589 CODEX
1302 1560 1501 1590 BRIXIANUS.

929 1606 1001 1644 milia
1017 1606 1157 1634 hominum
1166 1612 1195 1635 et
1212 1613 1224 1627 ο
1240 1607 1311 1643 quod
1324 1607 1455 1642 cophinos
1470 1608 1627 1636 sustulistis.
1646 1616 1733 1644 neque

929 1642 967 1679 (α)
983 1648 1086 1679 septem
1104 1651 1187 1678 panes
1213 1643 1234 1679 -ιη
1251 1642 1291 1670 ⁷ἱη
1324 1648 1451 1678 quattuor
1478 1644 1549 1672 milia
1581 1642 1729 1672 hominum.

927 1677 961 1706 ct'
979 1677 992 1697 ά
1017 1680 1087 1713 quod
1105 1677 1226 1713 ’sportas'
1255 1677 1400 1706 snmsistis.
1427 1680 1568 1713 Quomodo
1589 1688 1652 1715 ergo
1677 1688 1731 1709 non

928 1715 1080 1751 intellegitis
1093 1716 1154 1750 quia
1172 1723 1224 1742 non
1239 1715 1273 1742 de
1286 1716 1400 1751 panibus
1413 1716 1467 1743 dixi
1489 1716 1575 1743 vobis.
1600 1715 1700 1743 CziVete
1714 1725 1728 1744 a

930 1750 1062 1778 fermento
1070 1751 1278 1779 Pharisaeorum
1286 1758 1309 1778 et
1326 1752 1554 1779 Sadducaeorum.
1567 1752 1642 1779 Tunc
1653 1752 1732 1779 intel-

930 1786 1054 1814 lexerunt
1077 1788 1137 1822 quia
1155 1795 1207 1814 non
1231 1788 1266 1822 (ε)
1281 1787 1356 1814 dixit.
1373 1786 1394 1823 -ι-
1409 1788 1557 1815 tavcinlnm
1571 1788 1731 1815 atl'ermento

929 1823 1007 1857 panis
1020 1823 1090 1850 seda
1105 1823 1227 1850 doctrina
1241 1823 1446 1850 Pharisaeorum
1462 1829 1489 1850 et
1501 1824 1729 1851 Sadducaeorum.

965 1860 1031 1885 Cum
1060 1860 1179 1886 venisset
1202 1862 1291 1886 autem
1312 1858 1389 1886 Jesns
1419 1859 1445 1885 in
1469 1864 1559 1894 partes
1582 1859 1731 1887 Caesareae

930 1894 1057 1930 Philippi.
1074 1900 1085 1913 ο
1098 1895 1271 1930 interrogabit
1288 1895 1434 1929 discipulos
1444 1902 1508 1921 suos
1521 1895 1624 1922 dicens.
1642 1896 1728 1928 Quem

932 1929 972 1966 ((1)
984 1939 1026 1957 me
1039 1930 1059 1966 1'
1071 1930 1164 1957 dicunt
1179 1930 1301 1957 homines
1316 1937 1376 1957 esse
1388 1929 1483 1966 Filium
1498 1931 1624 1957 hominis.
1640 1931 1672 1957 At
1689 1930 1729 1958 illi

930 1965 1065 1993 dixerunt.
1094 1967 1200 2001 quidam
1225 1966 1375 2001 Johannem
1402 1965 1547 2000 Baptistam
1564 1966 1609 1993 alii
1635 1969 1725 1994 autent

929 2002 1024 2029 Ellam.
1038 2003 1083 2030 alii
1096 2000 1159 2029 vero
1183 2000 1347 2029 Hieremiam
1367 2006 1412 2027 aut
1429 2009 1511 2028 tnnnn
1527 2009 1559 2029 ex
1576 2002 1726 2038 prophetis.

929 2038 996 2065 Dicit
1010 2040 1049 2066 eis
1064 2038 1151 2065 Jesus.
1180 2038 1233 2065 Vos
1254 2041 1344 2063 autem
1372 2045 1451 2069 quem
1468 2045 1511 2064 me
1539 2038 1629 2065 dicitis
1655 2045 1726 2065 esse.

927 2073 1104 2108 Rcspnndens
1116 2079 1205 2102 autem
1221 2074 1313 2101 Simon
1329 2073 1425 2100 Petrus
1438 2074 1507 2100 dixit
1522 2073 1560 2100 Tn
1585 2081 1615 2100 es
1629 2073 1724 2100 Chiis-

926 2113 968 2136 tus
983 2110 1068 2137 Filius
1085 2111 1129 2136 Dei
1157 2110 1219 2136 vivi.
1243 2110 1273 2136 l‘lt
1297 2109 1465 2141 respondens
1481 2108 1561 2136 .lc-ns
1589 2110 1660 2136 dixit
1688 2109 1726 2136 ei.

927 2146 1024 2173 lleatus
1036 2154 1064 2173 cs
1080 2146 1173 2173 Simon
1188 2146 1300 2172 Bariona
1316 2145 1376 2179 quia
1392 2152 1456 2171 caro
1469 2149 1497 2171 et
1521 2146 1631 2178 sanguis
1646 2154 1698 2172 non
1717 2145 1725 2163 Γ

927 2182 1055 2208 rebelavit
1084 2182 1142 2209 tibi.
1159 2181 1206 2208 sed
1222 2181 1301 2208 Pater
1317 2188 1394 2208 meus
1407 2181 1451 2214 qui
1477 2181 1501 2207 in
1525 2182 1606 2208 caelis
1629 2186 1680 2209 est.
1695 2181 1726 2208 Et

927 2225 976 2250 ego
991 2218 1038 2244 tibi
1054 2217 1123 2245 dico.
1143 2219 1203 2252 quia
1221 2222 1248 2244 tu
1270 2224 1300 2243 es
1323 2217 1427 2243 l’etrus.
1441 2221 1468 2243 et
1484 2225 1565 2252 super
1591 2217 1660 2244 hanc
1682 2224 1728 2251 pe-

927 2258 1007 2279 tram.
1024 2254 1171 2281 aediﬁcabo
1187 2253 1335 2280 Ecclesiam
1352 2258 1495 2280 nteant..et
1512 2259 1605 2287 portae
1627 2253 1725 2279 inferni

928 2297 979 2316 non
994 2290 1186 2324 praevalebunt
1199 2289 1328 2316 adversus
1342 2295 1411 2315 eam.
1431 2289 1462 2316 Et
1478 2288 1524 2315 tibi
1540 2289 1610 2316 dabo
1634 2288 1725 2317 claves

927 2326 1002 2360 regni
1016 2326 1164 2353 caelorum.
1182 2325 1213 2352 Et
1228 2331 1414 2361 quaecumque

403 2396 604 2425 VARIANTES
624 2397 815 2426 LECTIONES
834 2397 970 2427 CODICIS
990 2398 1047 2426 MS.
1069 2398 1098 2426 S.
1119 2397 1376 2427 GERMANENSIS.

956 2447 966 2462 ³
982 2446 1101 2470 dixerant
1112 2444 1248 2470 Johannem

954 2477 965 2493 ⁴
981 2475 1044 2502 utin
1061 2476 1132 2509 Vulg.
1143 2483 1228 2508 usque,
1244 2477 1276 2509 Et
1288 2484 1336 2507 ego

954 2509 965 2525 ⁵
982 2509 1048 2540 dico,
1062 2511 1087 2533 tu
1100 2508 1136 2539 es,
1150 2512 1209 2539 etc.,
1224 2512 1247 2534 ut
1260 2508 1285 2535 in
1300 2509 1372 2542 Vulg.
1385 2514 1470 2541 usque,
1485 2512 1511 2534 et
1521 2514 1692 2540 quaecumque

737 2550 920 2579 BLANCHINI
939 2551 1054 2579 ΝΟΤΕ.

115 2602 125 2616 ε
139 2599 189 2627 Hoc
203 2600 285 2627 modo
295 2600 426 2635 scripturn
441 2604 499 2635 erat
514 2599 541 2627 in
551 2599 752 2635 exemplaribus
765 2600 868 2628 Latinis

85 2640 182 2672 quorum
197 2644 306 2663 usuram
319 2634 448 2672 habuitS.
465 2634 627 2672 Cyprianus.
645 2635 761 2663 Consule
771 2644 867 2665 novatn

85 2669 214 2707 editionem
229 2673 348 2706 Operum
363 2669 639 2707 ejusdem'lilarlyris.

114 2704 125 2723 ¹³
141 2706 235 2735 Eadem
249 2704 465 2735 occurrit—lectio
484 2707 554 2743 apud
573 2704 725 2741 'Hilarium,
745 2707 866 2736 Leonem

85 2739 226 2776 Magnnmet
240 2744 321 2776 alios,
337 2743 384 2779 qui
395 2739 513 2778 antiquae
527 2743 648 2778 Vulgata;
667 2739 867 2778 exemplaribus

85 2778 223 2807 utebantur.
239 2779 292 2808 Sed
307 2784 335 2807 et
347 2778 429 2814 iapud
442 2779 623 2814 Augustinum
639 2780 686 2807 lib.
708 2779 773 2807 nde
794 2780 867 2808 Con-

85 2818 154 2840 sensu
168 2814 399 2851 Evangelistarum
415 2835 424 2849 ,
436 2816 486 2843 etsi
501 2816 555 2843 illic
566 2820 677 2843 secutus
700 2816 735 2844 sit
750 2816 867 2852 castiga-

925 2606 980 2628 tum
996 2601 1030 2629 ab
1046 2600 1211 2637 llieronymo
1225 2605 1379 2628 contextum
1395 2599 1497 2637 Latina:
1522 2599 1720 2637 translationis.

921 2637 976 2664 Nec
991 2637 1126 2664 immerito
1141 2636 1363 2671 li-gitpronomcn
1375 2636 1494 2671 me.quia
1507 2641 1594 2663 exstat
1607 2636 1632 2662 in
1645 2636 1721 2662 Grai-

921 2673 960 2701 cis
975 2672 1105 2710 fontibus,
1123 2675 1183 2701 Τίνα
1193 2684 1224 2708 με
1238 2673 1365 2710 λέγουσιν,
1379 2673 1404 2699 id
1416 2677 1468 2704 est,
1481 2672 1561 2706 Quem
1571 2680 1610 2699 me
1621 2671 1718 2699 dicunt.

960 2714 971 2728 ε
989 2709 1065 2743 Quod
1081 2717 1129 2744 pro
1139 2714 1201 2744 quot
1217 2709 1281 2736 vitio
1296 2709 1485 2744 exseriptoris.

957 2745 970 2763 ⁴¹
986 2745 1064 2780 Quod
1075 2754 1124 2781 pro
1134 2750 1204 2780 quol.

959 2786 970 2817 '7
986 2782 1169 2817 lnlerrogabit,
1186 2788 1235 2816 pro
1248 2781 1423 2817 interrogavit.

959 2816 968 2836 ί
986 2817 1126 2850 Rebelavit,
1143 2824 1191 2853 pro
1206 2817 1336 2845 reuelauit.

115 2864 149 2901 (α)
158 2865 194 2894 ita
206 2873 232 2908 e_t
242 2872 332 2896 textus
340 2868 454 2908 grzccns
464 2870 526 2908 τοὺς
540 2869 606 2908 ἑπτὰ
619 2867 870 2908 dprou;.—-_(b)Posl

930 2869 945 2896 i.
955 2869 1032 2908 deest
1044 2869 1125 2908 vobis,
1135 2869 1216 2897 etiam
1231 2870 1294 2908 et_in
1306 2868 1453 2908 codﬁant.
1462 2868 1575 2908 -—_(c)lta
1587 2873 1614 2896 et
1628 2871 1718 2908 textus

85 2899 191 2937 Griccus,
208 2902 270 2932 clm.
284 2918 321 2925 -ν
335 2904 376 2939 (d)
388 2903 469 2932 Addit
491 2906 531 2931 me
545 2906 625 2933 etiam
637 2899 731 2933 'tcxtus
745 2899 867 2938 Graccus,
876 2904 1066 2941 {aL—(emitte
1075 2899 1233 2940 Johannem,
1249 2905 1326 2935 dee'st
1339 2904 1385 2934 alii
1400 2906 1425 2934 in
1440 2899 1619 2940 codfq'uoque
1633 2904 1714 2933 Cant.
