3840 6338
43 276 146 332 9.55

413 388 652 448 CODEX
697 389 1239 462 VERL‘ELLENSIS.

37 486 226 558 jestate
251 483 428 540 Patris
883 483 1200 558 illi‘rﬂoyses
1229 495 1282 540 et

43 555 120 612 Sui
142 571 262 611 cum
289 569 454 625 ange-
883 555 1216 612 Helias‘cum

45 629 106 684 lis
126 628 238 698 ejus
263 645 276 680 :
300 636 354 683 et
373 626 498 682 red-
829 681 832 684 ἠ
879 642 947 698 co
975 628 1282 698 loquentes.

43 700 129 756 det
155 697 440 770 unicuique
881 697 937 754 4.
977 697 1339 770 Respondeas

879 778 1060 824 autem
1093 769 1284 826 Petrus

882 841 1020 896 dixit
1049 841 1116 898 ad
1147 841 1329 898 Jesnm
1357 858 1370 896 :

879 913 1134 976 Domine,
1168 915 1370 970 bonum

43 771 330 854 secundum

41 856 486 980 ἓὲῗῗὶὲἓῗᾘίοο
509 915 698 984 vobis,

46 995 160 1042 sunt
179 986 340 1056 aliqui
367 986 438 1042 de
877 993 1088 1042 estnos
1117 986 1204 1042 hic

47 1057 154 1112 isus
176 1055 434 1112 adstanti-
877 1071 1000 1112 esse
1035 1074 1048 1110 :
1079 1057 1126 1111 si
1149 1059 1252 1128 vis,
1279 1055 1354 1113 fa-

46 1129 156 1202 bus,
187 1130 274 1200 qui
309 1145 418 1184 non
449 1143 582 1202 gus-
876 1129 1086 1202 ciamus
1109 1129 1196 1184 hic

877 1201 980 1255 tria
1014 1201 1268 1256 taberna-

877 1273 1018 1334 cula,
1045 1273 1142 1327 tibi
1177 1287 1362 1342 unum,

877 1353 930 1399 et
957 1343 1130 1416 Moysi
1161 1359 1350 1410 unum,

877 1425 932 1468 et
963 1415 1150 1470 lleline
1169 1431 1358 1470 unum.

876 1486 931 1542 5.
971 1484 1168 1542 Adhuc
1195 1501 1262 1542 eo
1289 1486 1370 1542 lo-

875 1573 1016 1628 quen
1026 1569 1100 1624 te,
1119 1573 1250 1614 ecce

881 1629 1019 1686 nubs
1043 1629 1218 1686 lucida

877 1700 1208 1756 inutnbravit

877 1787 992 1827 eos.
1022 1773 1088 1827 Et
1120 1788 1248 1828 ecce
1269 1787 1373 1828 vox

876 1843 946 1900 de
967 1845 1110 1900 nube
1129 1844 1282 1900 audi-

47 1201 226 1256 tabunt
249 1201 504 1268 mortem,

47 1271 206 1328 donec
225 1273 446 1328 videant

49 1343 226 1400 Filium
253 1345 426 1399 homi-

48 1413 124 1470 nis
149 1416 455 1472 venientem

51 1486 96 1540 in
127 1487 398 1559 majestate

201 1602 423 1660 CAPUT
475 1601 650 1660 XVII.

115 1700 162 1756 Ι.
199 1712 310 1778 sua:
333 1695 410 1770 (ὁ)
437 1695 658 1778 Etim-

53 1780 154 1824 tunt
183 1780 258 1825 est
277 1769 319 1840 1-
348 1769 469 1839 post
495 1770 620 1824 dies

54 1857 138 1896 sex
169 1841 466 1912 adsumpsit

55 1912 193 1968 lesus
212 1911 450 1980 Petrum,
475 1973 490 1982 _
878 1925 940 1982 ta_
955 1925 1058 1982 est,
1091 1917 1278 1972 dicens
1305 1933 1320 1971 :

55 1993 102 2038 et
117 1984 378 2050 Jacobunt,
407 1994 465 2040 et
879 1985 974 2042 Hic
999 1997 1085 2043 est
1103 1987 1230 2042 Fili-

55 2056 311 2110 .loltannen
877 2074 940 2114 us
969 2074 1120 2114 meus
1139 2059 1304 2114 dilec—

61 2125 254 2182 l‘ratrem
280 2126 414 2194 ejus,

876 2138 980 2196 tus,
1013 2131 1064 2186 in
1097 2147 1203 2202 quo
1235 2132 1336 2187 mi-

59 2209 104 2254 et
121 2200 256 2254 duxit
271 2199 390 2253 illos

878 2203 930 2257 hi
961 2201 1095 2257 bene
1115 2201 1264 2258 eom-

61 2271 108 2324 in
127 2281 344 2346 montem
877 2274 1052 2344 placui
1079 2293 1092 2330 :
1119 2279 1296 2346 ipsum

63 2343 304 2399 excelsum
343 2357 430 2398 se-
875 2343 1080 2400 audite.

63 2412 110 2467 2.
144 2428 305 2468 orsum
335 2432 348 2468 :
381 2421 438 2470 et
467 2423 656 2470 tratts-
876 2417 929 2472 6.
971 2417 1040 2472 Et
1059 2417 1340 2474 audientes

71 2483 313 2558 ﬁguratum
440 2557 447 2558 ί
877 2489 1124 2558 discipuli
1155 2505 1243 2544 ce-

72 2545 142 2610 est
166 2557 227 2630 (ε)
247 2545 398 2612 Jesus
425 2557 464 2630 ει-
483 2565 618 2614 ante
875 2545 1124 2616 cider'uut
1153 2563 1204 2615 in

71 2641 166 2701 eos.
195 2631 252 2701 Et
275 2631 522 2701 resplen-

67 2697 166 2754 duit
187 2699 338 2756 facies

67 2773 166 2838 ejus
189 2773 315 2826 sicut
337 2773 420 2829 sol
453 2791 466 2827 :

65 2844 354 2900 vestimenta

64 2927 220 2984 autem
239 2916 350 2984 ejus

62 2983 185 3040 facta
204 2983 320 3042 sunt
345 2989 422 3044 al-

875 2631 1068 2687 l'aciem
1101 2647 1276 2700 suam,

875 2713 928 2759 et
952 2704 1248 2760 timuerunt

877 2775 930 2831 7.
973 2775 1148 2831 valde.
1181 2775 1250 2831 Et
1276 2790 1370 2830 ac-
1427 2791 1432 2794 ·

875 2849 1039 2902 cessit
1069 2845 1248 2915 Jesns,
1283 2857 1338 2902 et

880 2919 1050 2990 tetigit
1069 2935 1198 2986 eos;
1232 2919 1328 2974 di-

879 2989 1062 3061 xitque
1083 2993 1164 3046 eis
1187 3010 1199 3045 :
1225 2991 1360 3047 Sur-

65 3057 107 3110 5.
149 3057 206 3112 ba
227 3061 360 3115 sicut
389 3063 502 3118 nix.
531 3062 608 3120 Et
915 3057 1006 3126 ite.
1039 3072 1094 3118 et
1117 3063 1282 3118 nolite

65 3141 174 3186 ecce
202 3129 274 3190 id)
299 3135 548 3190 apparuit
577 3133 625 3190 -l-
980 3135 1190 3190 timere.
1217 3135 1282 3190 Le

63 3141 174 3186 ecce
202 3129 274 3204 (ἀ)
299 3135 548 3206 apparuit
577 3133 625 3206 ἰ-
879 3129 936 3192 8.
980 3135 1190 3191 timere.
1217 3135 1429 3192 Levan-

449 3271 698 3330 CODEX
735 3269 1209 3330 CORBEIENSIS.

61 3361 432 3438 jestateAPatris
485 3368 578 3428 sui
629 3381 756 3422 cum
805 3368 1017 3438 angelis
1065 3369 1180 3424 suis
1213 3385 1227 3423 :
1263 3377 1318 3424 et
1346 3379 1474 3424 tunc
1513 3367 1640 3423 red-

65 3435 144 3490 det
166 3436 447 3510 unicuique
479 3441 784 3494 secundum
814 3440 830 3470 ¹
863 3435 999 3494 facta
1031 3455 1242 3494 eorum.
1293 3440 1465 3498 Anien
1518 3439 1644 3502 dico

67 3509 222 3576 vobis,
251 3512 270 3540 ²
297 3509 416 3582 quia
445 3521 578 3564 sunt
612 3511 698 3565 hic
723 3509 885 3580 aliqui
919 3511 985 3566 de
1017 3511 1378 3580 adstantibus,
1413 3511 1506 3582 qui
1535 3529 1640 3582 nun

66 3581 330 3646 gustabunt
355 3595 615 3646 mortem,
644 3583 816 3638 donec
847 3582 1063 3638 videant
1111 3583 1306 3638 Filiutn
1357 3585 1596 3642 hominis
1621 3581 1642 3617 ³

67 3654 346 3723 venientem
373 3655 424 3708 in
459 3671 690 3723 regnum
718 3653 890 3708 Patris
921 3655 1024 3710 Sui.

131 3722 274 3778 XVII.
301 3726 368 3780 Et
396 3722 599 3780 factum
625 3737 708 3779 εει
743 3733 864 3794 post
889 3725 910 3756 ⁵
936 3726 1077 3782 diem
1127 3737 1347 3782 sextum
1389 3727 1648 3784 assumsit

67 3791 204 3848 Jcsus
227 3797 461 3864 Petrum,
502 3806 561 3852 et
601 3791 864 3854 Jacobum
894 3839 906 3858 .
960 3807 1016 3852 et
1067 3796 1370 3853 Johaunem
1423 3799 1644 3858 fratrem

70 3865 200 3934 ejus,
230 3870 448 3924 etdncit
507 3869 632 3923 illos
693 3869 746 3922 in
797 3872 962 3922 altum
1011 3880 1252 3924 nllllllt‘ln
1283 3879 1536 3926 secreto:
1593 3881 1648 3938 et

71 3939 456 4010 Itattsligut'atus
503 3949 593 3998 est
640 3941 802 3996 Jesus
843 3955 1029 3996 coram
1075 3941 1203 3994 illis.
1239 3941 1302 3996 Et
1333 3939 1534 3998 eiTttlsil.
1563 3942 1646 3998 la-

67 4008 164 4062 cies
191 4008 299 4082 ejus
337 4013 640 4068 sicutlux:
675 4020 728 4066 ct
755 4014 1074 4068 vestimenta
1131 4013 1278 4070 illius
1335 4013 1472 4068 facta
1523 4023 1649 4072 sunt

69 4082 270 4160 candida
293 4085 430 4160 sicut
461 4083 580 4138 nix.
620 4083 685 4137 Et
713 4099 842 4138 ecce
871 4085 890 4114 ⁵
925 4085 1022 4160 visi
1049 4096 1172 4138 sunt
1199 4101 1406 4160 cumet)
1433 4085 1647 4160 Moyses

69 4159 114 4226 et
141 4151 331 4226 Helias,
365 4155 652 4226 loquentes
678 4169 799 4209 cum
835 4170 922 4212 en.
957 4155 1046 4218 Ait
1100 4166 1280 4212 autent
1331 4151 1539 4214 Pctt'us'
1577 4157 1646 4214 ad

67 4219 232 4308 {esum
265 4244 278 4280 :
309 4219 562 4308 pont'ine,
589 4227 789 4308 bonum
819 4237 902 4308 est
924 4243 1023 4282 nos
1051 4227 1333 4308 hic_esse_:
1380 4239 1438 4308 et
1465 4231 1510 4284 si
1539 4231 1642 4308 vis,

69 4291 238 4372 faciant
265 4297 361 4353 tria
395 4291 770 4372 tabernacula,
800 4299 892 4354 tibi
925 4315 1112 4362 unum,
1148 4297 1168 4330 ⁸
1198 4311 1250 4355 et
1272 4291 1642 4372 Moysiunttm;

70 4374 114 4418 et
145 4365 316 4441 Heliae
339 4387 531 4424 nnuut.
566 4367 757 4424 Adhuc
789 4385 854 4426 eo
892 4372 1147 4441 loquente
1178 4413 1192 4436 ,
1244 4365 1376 4428 ecce
1423 4375 1596 4430 nubes
1623 4365 1642 4405 θ

69 4439 272 4512 candida
301 4443 646 4496 obumbravit
673 4457 786 4496 eos.
817 4442 880 4496 Et
905 4439 1035 4498 ecce
1066 4459 1171 4498 vox
1203 4442 1273 4496 de
1315 4444 1458 4500 nube
1489 4487 1504 4512 ,
1562 4445 1646 4500 di-

71 4521 182 4585 cens
209 4529 220 4585 ς
245 4510 336 4566 Hic
355 4524 438 4568 est
469 4513 638 4569 Filius
670 4529 822 4585 meus
863 4514 884 4546 ⁸
923 4515 1260 4582 carissimus,
1291 4523 1341 4570 in
1366 4510 1644 4585 qttoctitn-

73 4577 264 4644 placui:
311 4585 496 4642 audite
525 4601 668 4640 eum.
700 4577 819 4654 Quo
858 4585 1046 4642 audito
1092 4577 1342 4654 discipuli
1385 4577 1644 4652 concide-

71 4664 176 4704 runt
207 4655 254 4730 in
297 4654 486 4730 [aciein
533 4673 707 4730 suam,
758 4667 814 4712 et
840 4657 1134 4714 timuerunt
1182 4659 1553 4730 vehementer,
1587 4671 1642 4724 et

71 4725 276 4804 accessit
297 4725 506 4804 Jesus,
625 4725 854 4802 tetigit}
881 4731 1004 4786 illos
1037 4747 1052 4800 ;
1087 4739 1140 4786 et
1171 4729 1247 4786 ait
1279 4725 1554 4804 gSurgiIe,
1589 4742 1644 4790 et

73 4793 222 4851 nolite
246 4797 452 4864 timere.
469 4793 511 4832 ί⁰
536 4793 768 4864 Elevat’i-

1023 271 1472 332 EVANGELIUM
1513 269 1886 338 SECUNDUM
1925 268 2360 342 MATTHEUM.

1660 2853 1666 2858 ’
1753 2855 2080 2908 vestimenta

3231 259 3340 320 254

2185 390 2414 462 CODEX
2451 387 2904 460 VEHONENSIS.

1752 485 1930 544 Patris
1955 485 2037 542 sui
2063 500 2186 556 cum
2579 483 2829 556 apparuit
2857 481 2896 556 ἰ·
2925 479 3036 536 illis

1751 557 1960 632 angelis
1980 559 2093 632 suis
2113 555 2204 632 (α),
2579 555 2790 632 stop-es
2812 564 2868 610 et

1751 631 1956 686 sanctis
1983 629 2024 700 -ι-
2054 647 2066 684 :
2091 629 2147 684 et
2171 629 2178 632 “
2583 629 2766 684 Helias
2787 641 2910 682 cum

1753 711 1806 757 tu
1814 717 1878 757 nc
1910 699 2034 757 red-
2579 715 2648 771 eo
2677 699 2982 771 loquentes.

2581 769 2637 826 4.
2679 769 3038 840 Respondens

2581 851 2764 898 autem
2799 841 2990 896 Petrus

2581 914 2720 969 dixit
2750 913 2816 968 ad
2845 912 3028 968 Jesum
3055 929 3069 967 :

2585 985 2834 1052 Domine,
2855 987 3054 1041 bonum

2583 1068 2668 1113 est
2695 1073 2792 1113 nos
2823 1057 2908 1111 ltic

2581 1143 2704 1186 esse
2727 1147 2740 1186 :
2772 1129 2816 1183 si
2844 1128 2945 1194 vis,

2582 1201 2774 1257 faciam
2803 1200 2890 1254 hic

2583 1275 2684 1328 tria
2718 1273 3036 1328 tabernacu-

2581 1345 2654 1411 la,
2689 1345 2782 1400 tibi
2813 1357 2998 1408 unum,

2585 1416 2773 1472 Heliae
2797 1431 2986 1480 unum,

2583 1499 2636 1544 et
2665 1487 2834 1560 Moysi

2585 1561 2642 1618 5.
2684 1555 2870 1614 unum.
2903 1555 3094 1614 Adhuc

2583 1647 2650 1688 co
2679 1632 2960 1702 loquente,

2584 1719 2712 1760 ecce
2747 1701 2882 1758 nubs
2907 1701 2990 1756 Iu-

2585 1776 2702 1832 cida
2729 1771 3058 1830 inumbravit

2583 1863 2699 1904 eos.
2734 1847 2796 1902 Et
2825 1860 2952 1901 ecce

2585 1935 2687 1974 vox
2719 1918 2788 1974 de
2811 1917 2973 1984 nube,

2587 1991 2773 2047 dicens
2803 2005 2816 2042 :
2845 1987 2944 2044 Hic

1753 773 1844 829 det
1872 771 2161 844 unicuique

1749 844 2048 930 secundum
2079 859 2247 916 opera

1749 932 1890 985 ejus.

1747 988 1838 1044 28.
1881 990 2054 1058 Amen
2083 986 2207 1058 dico

1747 1061 1898 1116 vobis
1917 1101 1932 1124 ,
1966 1057 2223 1129 qdoniam

1747 1141 1875 1186 sunt
1896 1133 2060 1203 aliqui

1747 1203 1818 1260 de
1847 1203 1966 1260 istis
1995 1203 2214 1259 adstan-

1748 1275 1914 1338 tibus.
1933 1275 2024 1346 qui
2045 1290 2152 1330 non
2287 1317 2292 1322 .

1747 1347 2040 1418 gustabunt
2071 1355 2326 1418 mortem,

1749 1417 1926 1474 donec
1946 1417 2164 1484 videant

1748 1490 1946 1546 Filium
1985 1489 2222 1548 hominis

1749 1561 2058 1618 venientem
2099 1563 2156 1618 in

1749 1649 1918 1706 regno
1947 1649 2067 1690 suo.

1911 1703 2140 1762 CAPUT
2179 1705 2322 1762 XVII

1825 1777 1876 1859 ι,
1917 1777 2000 1859 μ)
2025 1778 2092 1834 Et
2129 1769 2332 1834 factum
2361 1785 2445 1846 est
2472 1775 2512 1856 -ι-

1751 1847 2235 1991 ξὲἓῖηῗιΐξίῖἓέευε

1753 1991 1999 2058 Petrum,
2031 2003 2085 2049 et
2105 1993 2265 2050 Jaco-

1752 2063 1904 2130 bum,
1934 2075 1984 2120 et
2013 2063 2218 2120 Johan-

1755 2151 1878 2191 ttetn
1910 2134 2133 2204 fratrem

1752 2207 1895 2276 ejus,
1917 2217 1970 2263 et
1993 2207 2142 2264 ducit

1754 2279 1880 2334 illos
1909 2281 1964 2334 in
1985 2291 2226 2346 montem

1750 2351 2030 2406 excelsum
2063 2367 2212 2408 seor-

1751 2421 1808 2476 2.
1849 2437 1968 2478 sum
1999 2441 2012 2478 :
2043 2433 2099 2479 et
2127 2423 2345 2480 transii-

2589 2072 2672 2118 est
2702 2062 2873 2118 Filius
2903 2073 3058 2114 meus

2587 2131 2838 2196 dilectus.
2861 2131 2916 2186 in

2587 2223 2694 2280 quo
2721 2203 2858 2280 mihi
2882 2205 2978 2280 be-I

2589 2273 2658 2335 tie
2683 2273 2988 2346 complacui
3019 2291 3034 2328 :

2586 2351 2762 2418 ipsum
2790 2348 2993 2402 audite.

2588 2421 2642 2479 6.
2687 2422 2754 2476 Et
2775 2419 3058 2474 audientes

2587 2493 2836 2562 discipuli
2859 2507 2949 2547 ce-

2587 2565 2837 2621 ciderunt
2863 2563 2916 2626 in

2587 2635 2780 2692 faciem
2813 2651 2989 2700 suam,

2589 2719 2646 2764 et
2675 2709 2968 2764 timuerunt

2591 2779 2648 2834 7.
2690 2779 2865 2834 valde.
2899 2779 2968 2834 Et
2993 2791 3082 2832 ac-

2591 2851 2754 2908 cessit
2780 2851 2938 2908 Jesus
2957 2891 2974 2916 ,

2592 2933 2648 2980 et
2669 2923 2842 2994 tetigit
2871 2935 3006 2994 eos;

2592 2993 2835 3066 dixitque
2863 2993 2944 3050 eis
2977 3009 2988 3046 :

2594 3067 2808 3138 Surgite
2831 3107 2848 3134 ,
2869 3075 2925 3121 ct
2955 3077 3049 3132 no-

2593 3140 2688 3196 lite
2715 3140 2926 3196 timere.

1750 2505 1978 2568 guratus
1999 2505 2084 2551 est
2115 2495 2186 2568 (c)

1749 2565 1910 2622 Iesus
1929 2566 1971 2638 -ξ-
2000 2565 2129 2624 ante

1749 2653 1868 2692 eos.
1895 2639 1960 2694 Et
1981 2655 2098 2694 res-

1753 2709 2002 2781 plenduit
2033 2707 2200 2766 facies

1750 2781 1870 2851 ejus
1895 2781 2034 2836 sicut
2059 2782 2144 2838 sol
2175 2800 2187 2835 :

1755 2937 1936 2980 autem
1968 2925 2086 2994 ejus

1757 2994 1896 3050 facta
1927 3007 2052 3052 sunt

1756 3069 1984 3122 candida
2011 3069 2152 3124 sicut

1757 3140 1814 3196 5.
1857 3139 1970 3198 nix.
1997 3142 2063 3197 Et
2091 3155 2219 3198 ecce
2247 3139 2328 3214 (ά)

2213 3275 2444 3336 CODEX
2485 3275 2884 3334 BRIXIANUS.

1749 3377 1926 3433 Patris
1959 3377 2040 3432 sui
2081 3393 2206 3434 cum
2251 3375 2456 3446 angelis
2503 3375 2618 3430 suis
2653 3382 2712 3430 et
2743 3383 2870 3430 tunc
2909 3371 3099 3430 reddet
3139 3367 3350 3426 unicui-

1746 3465 1854 3522 que
1883 3451 2180 3506 secuudum
2207 3465 2370 3518 opt-ra
2398 3447 2536 3522 ejus.

1819 3523 1992 3578 Anien
2015 3521 2138 3580 dico
2169 3511 2322 3576 vobis
2345 3511 2466 3590 quia
2503 3529 2632 3586 sunt
2657 3517 2873 3590 quidam
2905 3515 2974 3572 de
3007 3515 3094 3590 hic
3125 3511 3349 3590 adstup-

1749 3593 1894 3667 tibus
1917 3595 2008 3667 qui
2039 3610 2144 3654 non
2165 3583 2458 3664 gustabiint
2489 3583 2738 3667 mortem.
2794 3587 2968 3646 donec
2993 3585 3214 3667 videant
3249 3583 3350 3667 fi-

1751 3665 1880 3720 liutn
1915 3655 2146 3722 lintttinis
2166 3655 2476 3722 venientem
2505 3655 2560 3716 in
2591 3669 2816 3732 regumﬂ
2837 3677 2958 3732 syo.
2995 3661 3058 3716 Et
3083 3669 3206 3732 post
3229 3656 3348 3714 dics

1749 3751 1844 3790 sex
1875 3737 2142 3792 adsumsit
2177 3735 2334 3791 Jcsus
2363 3735 2601 3792 Petrum.
2656 3727 2718 3788 ut
2763 3727 3025 3788 Jacoliutn
3057 3727 3113 3784 et
3141 3727 3339 3792 Johan-

1751 3823 1873 3862 netn
1907 3807 2128 3864 fratrem
2155 3809 2292 3876 ejus.
2315 3819 2368 3860 et
2401 3807 2554 3858 duxit
2585 3805 2705 3862 illos
2725 3805 2775 3858 in
2799 3814 3042 3858 montem
3067 3801 3346 3876 excelsum

1749 3894 1994 3944 seorsum
2022 3889 2076 3934 et
2107 3874 2502 3946 transliguravit
2533 3892 2590 3930 se
2623 3876 2674 3930 itt
2707 3885 3002 3946 consnectu
3039 3888 3250 3926 eorum.
3283 3874 3348 3938 1⁸4

1752 3951 2086 4020 rcsplenduit
2135 3945 2301 4006 facies
2325 3951 2444 4016 ejus
2473 3949 2612 4020 sicut
2654 3947 2755 4020 sol.
2812 3945 3131 4000 vestimenta
3163 3954 3344 3998 antetu

1751 4017 1892 4092 ejus.
1925 4023 2064 4076 facta
2083 4031 2210 4078 sunt
2233 4023 2356 4076 alba
2384 4021 2522 4082 sicut
2553 4019 2666 4092 nix.
2713 4017 2776 4070 lit
2801 4031 2929 4070 ecce
2975 4022 3348 4092 apparuerunt

1751 4087 1829 4148 eis
1853 4092 2064 4164 Moyses
2087 4102 2148 4160 et
2173 4093 2520 4164 Heliasncum
2549 4105 2619 4150 eo
2649 4091 2950 4164 loquentes.
2985 4087 3347 4158 ltespundens

1750 4159 2153 4220 atttetu'Petrns
2175 4165 2312 4220 dixit
2338 4163 2404 4218 :td
2433 4161 2616 4218 Jesutn
2649 4161 2894 4216 Domine.
2923 4159 3118 4212 bunutn
3141 4168 3224 4214 rsl
3249 4173 3348 4214 tms

1749 4237 1836 4292 hic
1863 4251 2004 4292 esse.
2063 4239 2105 4292 si
2148 4237 2230 4292 vis
2273 4235 2528 4292 iaciamus
2583 4231 2669 4288 hic
2717 4232 2816 4286 tria
2859 4229 3206 4294 tabernacula
3249 4229 3346 4288 tibi

1751 4324 1914 4374 unum
1948 4321 2002 4364 et
2030 4308 2389 4382 Moysiununt
2423 4317 2474 4382 et
2506 4305 2691 4382 Heliae
2721 4319 2905 4382 unum.
2939 4301 3228 4382 Adlinch
3270 4303 3347 4356 Ξο-

1748 4373 2100 4452 quenteecce
2119 4373 2303 4438 nubes
2335 4379 2508 4434 lucida
2551 4375 2894 4452 oluimbravit
2945 4389 3082 4452 eus._
3111 4373 3176 4430 Et
3215 4390 3346 4452 ecce

1747 4445 1852 4508 vox
1885 4453 1952 4508 de
1985 4454 2124 4508 nube
2147 4455 2336 4510 dicens
2363 4454 2460 4506 llic
2491 4459 2576 4510 est
2603 4449 2771 4506 Filius
2809 4461 2964 4502 tttetts
3011 4445 3244 4502 tlilcctus
3291 4447 3344 4510 in

1750 4539 1859 4594 quo
1889 4527 2018 4590 inihi
2053 4525 2190 4582 bene
2219 4524 2551 4594 conplat'uit.
2583 4522 2760 4594 ipsum
2785 4519 2989 4574 audite.
3025 4516 3094 4574 Et
3119 4518 3347 4594 audien-

1751 4591 1834 4652 tes
1863 4597 2109 4664 discipuli
2139 4591 2546 4664 cabecidernnt
2567 4595 2617 4648 in
2643 4593 2833 4648 l‘acietn
2867 4605 3018 4664 suam
3058 4601 3110 4644 et
3153 4591 3348 4664 liniue-

1751 4677 1876 4724 runt
1917 4659 2093 4726 valde.
2137 4671 2203 4724 Et
2245 4668 2477 4728 accessit
2504 4663 2664 4724 Iesus
2694 4673 2750 4720 et
2785 4663 2963 4734 tetigit
3012 4674 3108 4717 cos
3158 4659 3348 4716 dicens

1751 4739 1972 4814 Surgite
1997 4751 2055 4798 .et
2081 4743 2248 4804 nolite
2273 4740 2485 4796 timere.
2521 4737 2728 4798 Levan-

727 4937 1127 5002 YARIANTES
1161 4937 1548 5002 LECTIONES
1575 4943 1643 5004 Β(

1781 4945 1856 5004 LIS
1897 4947 2008 5004 HS.
2045 4945 2108 5004 S.
2151 4943 2662 5004 GERMANEHSIS.

125 5030 142 5095 ξ
171 5041 314 5094 Opera
335 5033 443 5095 ejus

127 5092 146 5122 ³
173 5092 388 5168 quoniam
411 5105 526 5148 sunt
549 5097 698 5162 aliqui
721 5097 786 5148 de
807 5097 886 5148 hic
903 5098 1147 5156 stantibus

128 5155 147 5185 ³
173 5153 374 5209 hominis
395 5161 446 5210 in
467 5173 623 5210 retzno
644 5173 734 5210 suo

128 5175 147 5246 ζ
175 5175 374 5230 ιιυξηιῐηδ
395 5175 446 5210 ιιι
467 5175 623 5235 regno
644 5175 734 5210 suo

130 5279 146 5290 .
202 5217 306 5269 άιθε
327 5229 508 5290 δειλία
528 5237 584 5290 ρει
611 5223 757 5290 ναις.
781 5235 950 5290 ΜΨ,
971 5223 1037 5290 Et
1059 5235 1182 5290 ecce

127 5279 148 5372 ε
179 5286 392 5343 apparuit
411 5279 504 5336 illis
527 5279 738 5352 Moyses:
764 5279 964 5352 etciftit
985 5285 1040 5344 in
1069 5285 1212 5355 Vulg.

177 5348 227 5394 et
245 5341 408 5406 losae
427 5360 575 5400 unum

1811 5041 1834 5072 ⁷
1869 5041 2026 5092 lucida
2047 5041 2343 5092 inumbravit
2362 5053 2450 5091 eos
2537 5099 2576 5103 ᾔ
2697 5101 2724 5103 __
2955 5099 2962 5103 _
3097 5091 3142 5103 _.

1807 5103 1830 5136 ⁸
1863 5104 2130 5154 dilectus...
2155 5107 2311 5167 ipsum
2328 5103 2514 5154 audite.
2537 5099 2600 5154 Et
2613 5101 2895 5162 audientes,
2917 5099 3034 5160 610.,
3051 5098 3106 5148 ιιι
3122 5093 3174 5148 in
3197 5093 3344 5160 Vulg.

1745 5168 2082 5261 “tussiat

1863 5241 1971 5293 e_os,
1993 5241 2164 5279 dicens

1807 5293 1853 5336 βο
1885 5291 2136 5344 ιε’ναηωε

1369 5453 1739 5532 ΒιΑαοωΝ]
1777 5457 2008 5534 now.

79 5547 295 5679 gaza-'2,
320 5546 524 5618 ypsilon
567 5563 665 5620 pro
694 5565 746 5605 u.
779 5549 925 5622 quod
947 5557 1004 5606 et
1022 5549 1152 5608 alibi
1183 5551 1464 5621 usurpavit
1487 5553 1632 5609 anti-

1805 5553 1834 5596 δ
1861 5575 1893 5612 a
1915 5557 1966 5614 ia
1992 5558 2342 5638 caeciderunt,
2376 5558 2571 5632 abrasa
2596 5565 2700 5616 est.

179 5747 464 5834 (‘1)..Addil
515 5757 728 5824 sanctis,
779 5759 943 5830 etiam
999 5761 1122 5832 god.
1161 5759 1320 5830 Cant.
1379 5761 1638 5840 ἁίοιςμ-

184 5837 232 5878 tn
259 5839 308 5890 tu
331 5827 447 5886 cod.
477 5826 656 5896 Cant"
689 5829 1111 5896 ὃἸησοῦβ-(ιί)
1137 5835 1218 5896 Ita
1245 5842 1300 5892 et
1321 5785 1445 5896 0ολ
1473 5831 1628 5896 Cant.

1781 5765 2096 5896 ξὲθθὶὴῖἓὲ·
2129 5764 2285 5844 (ἔαρι,
2331 5769 2416 5850 tegi
2911 5757 3140 5828 Additur
3165 5754 3339 5821 ηψπ,

85 5818 308 5890 etiamin
331 5827 447 5886 cod.
477 5818 656 5900 Catth,
689 5818 1111 5913 iungas—"(4)
1137 5827 1218 5896 Ita
1245 5842 1352 5908 etc

1473 5831 1628 5902 calli;
1647 5831 1812 5926 βρθηρ
1836 5857 1868 5906 0
1895 5839 2096 5912 Marco.
