3894 6336
153 366 238 416 ΞΞΠ

503 474 738 536 CODEX
768 476 1307 536 VERCELLENSIS.

150 575 220 629 17.
257 572 317 626 Et
335 572 628 642 increpavit
945 573 1206 629 Futurum
1238 584 1352 640 est,

149 661 250 703 eum
275 644 423 699 Iesus
449 685 462 706 ,
494 655 550 698 et
945 658 1002 702 ut
1031 646 1200 701 Filius
1229 645 1403 700 homi-

148 717 266 774 exiit
289 717 352 770 ab
373 731 438 771 eo
463 715 592 772 dae-
943 719 1028 773 nis
1057 718 1298 773 tradatur

147 789 356 846 monium
381 828 395 853 ,
427 797 482 843 et
945 795 997 844 in
1029 805 1240 845 manus.
1265 831 1278 844 .
1309 831 1320 844 .
1351 829 1364 844 .
1396 828 1408 842 .

149 871 336 917 curatus
358 869 439 915 est
941 861 1032 916 22.
1079 901 1093 915 .
1140 902 1154 916 .
1202 903 1214 915 .
1259 901 1274 916 .
1321 903 1334 916 .
1379 874 1507 915 um:
1545 867 1602 917 et

181 949 262 988 uer
282 948 342 987 ex
371 930 459 986 illa
945 934 1196 990 occident
1218 951 1362 997 eum,

181 951 262 988 uer
282 951 342 987 ex
371 951 459 986 iua
945 951 1196 990 occment
1218 951 1362 997 eum,

152 951 297 1078 lioraL
946 1015 1000 1078 et
1028 1005 1105 1078 (a)
1135 1015 1260 1078 post
1288 1003 1508 1062 tertium

156 1078 223 1133 l8.
259 1076 401 1132 Tunc
427 1089 646 1132 acesse-
676 1095 683 1104 ·

153 1158 256 1204 runt
279 1147 424 1203 disci.
449 1187 462 1202 .
487 1189 500 1204 .

153 1221 182 1275 Ii
203 1220 258 1274 ad
284 1220 458 1276 Jesum
490 1234 577 1275 se-

153 1303 294 1356 creto,
322 1301 371 1347 et
395 1291 549 1346 dixe-

155 1375 254 1418 runt
278 1365 320 1418 ei
347 1378 359 1414 :
386 1364 527 1430 Qua-

151 1451 197 1491 re
221 1451 307 1491 nos
336 1449 441 1490 non

153 1507 348 1578 poliiim.
374 1547 388 1561 .
413 1545 428 1560 .
467 1507 547 1562 ei-

148 1595 252 1635 cere
279 1578 420 1634 illum
439 1578 462 1631 ?

153 1650 222 1705 19.
259 1651 391 1706 Dixit
415 1649 525 1705 illis
551 1669 563 1704 :
591 1650 763 1722 Prop-

150 1731 216 1777 ter
241 1722 478 1778 incredu-

150 1794 324 1850 litatem
352 1809 469 1850 ves-

149 1875 280 1920 train.

147 1938 290 1993 Amen
318 1937 437 1994 dico
463 1952 560 1994 vo-

147 2009 306 2076 vobis,
332 2012 373 2064 si
404 2010 605 2066 habue-

146 2083 244 2137 ritis
270 2081 418 2137 tidem
441 2123 457 2147 ,

146 2154 264 2206 sicut
287 2168 507 2224 granum

145 2224 322 2295 sinapis
339 2265 354 2289 ,
378 2225 526 2280 dice-

147 2295 205 2349 lis
225 2298 378 2352 monti
409 2297 533 2352 huic
556 2337 572 2362 ,

145 2366 310 2423 Transi
338 2368 461 2424 hinc

143 2436 285 2503 illuc,
315 2451 363 2494 et
395 2450 536 2496 tran-

144 2510 281 2576 sibit,
308 2519 359 2566 et
379 2512 510 2568 nihil

144 2582 430 2648 inpossibile

141 2654 219 2708 20.
255 2655 352 2710 erit
378 2655 551 2712 vobis.
584 2655 698 2712 Hoc

141 2736 296 2797 atttEiii
324 2742 492 2797 genus

139 2796 378 2853 daemonii
407 2816 513 2856 non

140 2867 314 2924 eicitur
339 2871 436 2926 nisi

140 2954 226 3007 per
250 2943 540 2999 oralionem

139 3021 184 3082 et
205 3012 473 3082 jejunium.

138 3081 215 3135 2|.
252 3081 376 3152 Ipsis
404 3097 584 3143 autem
611 3099 744 3142 con-

137 3157 453 3213 vchantibus

138 3223 180 3277 in
204 3225 420 3282 Galilaea
442 3269 459 3296 ,

135 3296 253 3352 dixit
277 3299 380 3355 illis
401 3299 564 3357 Jesus
585 3317 601 3355 :

535 3415 766 3473 CODEX
805 3415 1277 3473 CORBEIENSIS.

135 3509 184 3564 Et
215 3510 485 3582 imperavit
504 3512 552 3566 ei
573 3511 816 3576 Jesus,et
837 3511 1093 3566 continuo
1109 3507 1629 3582 exivitdacmonium
1647 3507 1713 3563 ab

139 3583 236 3641 illo.
276 3591 329 3638 et
355 3594 576 3639 Sanatus
597 3592 680 3638 cst
712 3599 844 3648 piter
873 3598 942 3636 ex
976 3582 1062 3635 illa
1090 3584 1241 3635 liora.
1275 3581 1428 3636 Tunc
1466 3597 1715 3635 accesse-

133 3664 245 3708 runt
266 3654 329 3709 ad
375 3655 560 3711 Josum
593 3668 805 3710 secreto
835 3654 1104 3722 discipuli,
1130 3661 1184 3708 et
1206 3652 1461 3709 dixerunt
1490 3670 1504 3706 :
1538 3656 1714 3718 Quare

134 3740 218 3798 nos
253 3743 352 3779 non
392 3727 669 3798 potuimus
711 3726 913 3795 ejicere
955 3727 1146 3798 illuni?
1189 3723 1712 3798 AitfilliszAPropter

133 3795 541 3853 incredulitatem
570 3810 828 3852 veSIram.
870 3798 1044 3852 Amen
1071 3797 1192 3852 divo
1221 3797 1373 3850 Vobis
1395 3838 1409 3861 ,
1439 3795 1483 3848 si
1507 3795 1710 3850 habue-

133 3869 234 3940 ritis
254 3869 404 3924 tidem
424 3911 438 3935 ,
464 3871 842 3940 sicutgranuin
871 3869 1096 3938 sinapis,
1129 3869 1318 3940 dicetis
1345 3867 1667 3940 huicnionti
1691 3907 1706 3934 ,

133 3937 301 3996 Transi
326 3942 447 3996 hinc
470 3937 726 4005 illucfet1
755 3937 1005 4006 transiet,
1023 3940 1220 3993 ctuihil
1247 3938 1583 4006 impossibile
1607 3941 1712 3993 erit

947 1077 1087 1133 diem
1117 1077 1160 1148 -ι-
1190 1094 1372 1133 resur-

943 1156 1050 1220 get.
1079 1149 1197 1216 Quo
1224 1150 1379 1205 audi-

947 1235 999 1275 to
1028 1222 1320 1277 contrista-

947 1293 983 1348 ti
1013 1303 1138 1346 sunt
1165 1295 1330 1348 vehe-

945 1375 1176 1419 menter.

942 1436 1034 1491 25.
1077 1436 1146 1490 Et
1170 1451 1292 1491 cum
1323 1433 1501 1492 venis-

945 1518 1066 1565 sent
1090 1507 1348 1564 Cafarna-

947 1597 1035 1635 um
1057 1621 1070 1644 ,
1103 1595 1349 1635 accesse-

945 1661 1072 1707 runt
1101 1652 1167 1707 ad
1200 1651 1420 1707 Petrum

945 1727 1036 1795 qui
1067 1725 1321 1779 tributum

947 1795 1262 1866 exigebant,
1294 1804 1348 1851 et

946 1867 1198 1922 dixerunt
1227 1869 1276 1922 ei
1301 1884 1316 1920 :

945 1937 1200 2009 Magister
1230 1953 1352 1994 ves-

949 2020 1032 2066 ter
1057 2027 1162 2065 non
1191 2012 1300 2066 Sol-

946 2083 1022 2137 vit
1053 2082 1352 2137 tributum?

945 2154 1036 2210 24.
1077 2157 1152 2208 ait
1178 2163 1234 2209 et
1255 2153 1381 2209 ille:
1415 2152 1532 2209 Uti-

943 2240 1069 2296 que.
1113 2226 1181 2280 Et
1210 2225 1418 2280 intran-

945 2307 1026 2353 tes
1057 2298 1108 2351 in
1137 2298 1382 2362 domum,

944 2369 1228 2440 praevenit

943 2439 1066 2497 eum
1093 2440 1251 2496 Jesus
1269 2481 1283 2505 ,
1309 2439 1494 2497 dicens
1521 2457 1532 2492 :

941 2512 1081 2580 Quid
1114 2513 1210 2568 tibi
1237 2511 1388 2568 vide-

943 2657 1119 2727 Reges
1164 2695 1176 2709 .
1222 2694 1236 2712 .

944 2744 973 2783 a
1003 2726 1198 2798 quibus
1220 2726 1363 2782 acci-

946 2801 1099 2870 piunt
1141 2799 1309 2854 tribu-

947 2881 1056 2926 tum
1085 2871 1171 2925 vel
1200 2885 1330 2926 cen-

947 2983 959 2996 .
1006 2984 1020 2999 .
1069 2981 1083 2996 .
1126 2943 1218 2997 in?
1257 2957 1286 2996 a
1317 2940 1442 2996 ﬁliis
1468 2953 1560 2994 su-

944 3015 1013 3078 is,
1047 3023 1140 3069 aut
1163 3015 1232 3068 ab
1261 3013 1396 3068 alie-

942 3085 1032 3140 25.
1075 3085 1196 3140 nis?
1225 3085 1291 3140 Et
1323 3085 1411 3140 ille
1440 3082 1522 3138 di-

946 3159 1060 3212 xit:
1097 3157 1180 3213 Ab
1208 3156 1419 3212 alienis.

947 3229 1089 3284 Dixit
1124 3230 1202 3283 illi
1229 3228 1426 3284 Jesus:

948 3301 1088 3372 Ergo
1117 3301 1316 3356 libera-

130 4013 285 4066 vobis.
306 4013 754 4067 '“Redeiintibus
771 4011 1139 4067 autemillisin
1165 4011 1486 4075 Galilaeam,
1520 4011 1595 4063 ait
1623 4008 1714 4064 Je-

129 4095 224 4136 sus.
248 4085 267 4115 ³
293 4085 517 4153 lncipiet
549 4083 715 4138 Filius
763 4083 998 4137 hominis
1031 4083 1165 4138 tradi
1199 4083 1251 4138 in
1306 4083 1555 4135 inanibus
1585 4097 1710 4150 pec-

128 4165 387 4211 catorum:
421 4165 477 4212 et
514 4157 765 4212 occident
811 4156 994 4219 illum,
1025 4165 1078 4209 et
1113 4153 1268 4209 tertia
1301 4153 1391 4209 die
1439 4160 1706 4222 resurget.

128 4224 230 4292 Quo
266 4229 446 4283 audit»
473 4227 723 4296 discipuli
767 4226 884 4297 ejus
926 4227 1229 4280 COtlll‘islalt
1258 4235 1384 4280 sont
1409 4225 1706 4297 vehemen-

130 4306 217 4368 ter.
249 4301 309 4353 Et
342 4317 506 4368 quum
538 4295 820 4355 venissent
862 4298 1277 4368 Czipltztrtialltn,
1309 4305 1654 4351 accesserunt
1683 4295 1703 4326 ”

128 4366 170 4420 lli
199 4373 285 4434 qui
315 4366 576 4428 tributum
604 4373 858 4442 exigunt,
891 4366 1220 4442 et'dixeriint
1245 4387 1258 4421 :
1293 4368 1548 4442 Magister
1576 4383 1702 4442 ves-

128 4446 199 4494 ter
227 4443 247 4473 ³
269 4460 434 4512 quare
466 4461 573 4499 non
606 4439 766 4499 solvit
796 4443 1054 4496 tributum
1074 4440 1199 4512 ἳᾼΕι
1225 4456 1386 4509 quum
1426 4439 1708 4512 introisset

126 4509 327 4585 domum
359 4518 573 4579 Petrus,
603 4513 881 4585 praeviinit
915 4513 1066 4567 illum
1095 4509 1276 4576 Jesus,
1306 4511 1492 4585 dicens
1521 4529 1545 4585 :_
1567 4511 1706 4585 Quid

126 4583 207 4638 tibi
238 4588 445 4641 videtur
477 4583 707 4645 Simon?
738 4585 916 4655 Reges
948 4595 1125 4639 terrae
1154 4599 1183 4637 a
1212 4583 1408 4655 quibus
1436 4583 1710 4650 accipiunt

126 4658 366 4713 tributum
408 4659 495 4714 vel
542 4657 802 4715 censmn?
835 4654 876 4711 7a
908 4658 1045 4721 suis,
1083 4670 1151 4710 an
1181 4654 1250 4709 ab
1278 4655 1594 4710 extraneis?
1641 4661 1710 4708 At

122 4727 202 4801 i_lle
229 4731 597 4801 respondens,
625 4729 701 4786 ait
725 4747 739 4783 :
773 4727 854 4786 Ab
881 4728 1177 4784 extraneis.
1213 4727 1363 4783 Dixit
1392 4726 1470 4782 illi
1511 4724 1668 4782 .lesus
1692 4742 1705 4778 :

121 4796 255 4874 Ergo
278 4796 438 4858 liberi

154 366 238 421 237
1084 363 1536 423 EVANGELIUM
1573 362 1709 422 SEC‘

1820 347 1948 422 )Uii
1988 360 2422 421 MATTHAEUM.

3303 359 3409 418 258

2237 475 2470 533 CODEX
2515 475 2970 536 VERONENSIS.

1812 572 1900 628 17.
1943 572 2012 627 Et
2042 571 2339 642 increpavit
2648 581 2708 627 ut
2742 571 2910 627 Filius
2936 571 3032 626 ho-

1811 659 1933 700 eum
1965 644 2143 710 Jesus,
2176 653 2231 698 et
2649 643 2808 699 minis
2841 643 3082 700 tradatur

1809 719 1942 770 exiit
1976 716 2044 770 ab
2075 731 2142 772 eo
2650 715 2702 770 in
2731 717 2978 772 manibus
3006 717 3102 772 ho-

1809 787 2157 843 daemonium
2182 827 2196 854 ,
2235 794 2292 842 et
2646 787 2738 842 22.
2782 788 3020 844 niinum:
3049 799 3106 845 et

1810 869 2028 914 cui-aius
2061 869 2145 914 est
2648 859 2898 916 occident
2929 876 3072 916 eum.

1814 946 1957 1004 puer,
1972 948 2037 986 ex
2068 932 2157 986 illa
2207 930 2358 985 liora.
2649 940 2703 1004 e_t
2731 930 2806 1004 (a)
2838 941 2960 1002 post
2989 942 3097 988 ter-

1815 1003 1900 1058 18.
1945 1003 2096 1076 Tunc
2123 1016 2370 1076 ac‘cessc-
2649 1002 2950 1059 tiumdiem
2977 1004 3019 1076 'j‘

1811 1085 1938 1128 runt
1965 1074 2216 1145 discipuli
2647 1086 2915 1146 resurget.
2950 1074 3020 1131 Et

1809 1146 1876 1200 ad
1907 1146 2094 1202 Jesum
2125 1162 2216 1202 ses
2647 1160 2769 1201 cum
2804 1151 2903 1202 hoc
2925 1162 3020 1202 au-

1811 1229 1982 1284 creto,
2009 1227 2065 1273 et
2084 1220 2176 1292 idi-
2646 1217 2855 1292 disserit
2874 1219 3127 1292 discipuli

1813 1298 2006 1345 xerunt
2046 1291 2119 1356 ei,
2647 1291 2949 1346 contristati

1815 1361 2041 1418 Domine
2067 1380 2079 1417 :
2108 1361 2287 1430 Quare
2648 1371 2777 1416 sunt
2802 1363 3211 1420 vehenmenter.

1813 1448 1912 1487 nos
1944 1449 2050 1489 non
2082 1449 2182 1504 po-
2268 1503 2295 1504 η
2420 1503 2427 1504 γ
2650 1433 2740 1490 25.
2787 1436 2992 1491 Etcum
3023 1451 3117 1492 ve-

1813 1505 2013 1559 tuimus
2039 1503 2218 1561 eicere
2247 1503 2434 1559 illum?

1812 1577 1900 1632 19.
1946 1577 2086 1632 Dicit
2127 1577 2237 1631 illis
2269 1575 2358 1631 Je-

1811 1663 1904 1702 sus
1930 1666 1942 1701 :
1973 1649 2201 1719 Propter

1814 1719 2244 1775 incredulitatem
2294 1728 2552 1775 vestram.

1813 1791 1985 1846 Amen
2018 1792 2143 1847 dico

1813 1863 1988 1929 vobis,
2016 1864 2061 1918 si
2091 1862 2291 1919 habue-

1813 1935 1930 1989 ritis
1957 1937 2140 2000 tidem,

1813 2007 1955 2062 sicut
1992 2021 2220 2078 granum

1813 2078 2018 2148 sinapis
2034 2123 2049 2143 ,
2078 2079 2224 2134 dice-

1816 2151 1947 2207 retis
1980 2151 2149 2206 monii

1815 2220 1962 2290 huic,
1990 2220 2186 2279 Transi

1814 2292 1942 2349 hinc
1970 2296 2117 2362 illuc,
2147 2301 2202 2349 et

1815 2367 2099 2433 transibit,
2126 2373 2183 2422 et

1814 2436 1949 2510 nihil
1979 2435 2314 2510 impossibile

1813 2508 1916 2563 erit
1949 2508 2122 2566 vobis.

1813 2579 1904 2635 20.
1947 2580 2061 2637 Hoc
2087 2590 2268 2637 autem

1813 2667 1986 2734 genus
2011 2653 2235 2734 daemo-

1816 2738 1965 2778 nium
2007 2741 2114 2780 non
2143 2739 2222 2780 el-

1815 2793 1955 2849 citur
1985 2795 2087 2851 nisi
2120 2810 2218 2866 per

1815 2867 2142 2936 orationem,
2166 2877 2223 2922 et

1810 2936 2096 3007 jejunium.

1815 3010 1906 3064 2i.
1951 3010 2091 3078 Ipsis
2113 3019 2294 3067 autem

1817 3083 2264 3139 conversantibus

1818 3153 1870 3207 in
1900 3153 2221 3223 Galilaeam,

1816 3224 1952 3279 dixit
1980 3224 2176 3281 Jesus:

1820 3296 2080 3353 Futurum
2112 3306 2197 3354 est
2217 3341 2231 3365 ,

2653 1508 2863 1562 nisseut
2892 1508 3134 1578 Caphar-

2653 1592 2838 1646 naum,
2865 1593 3116 1636 accesse-

2651 1659 2775 1722 runt
2804 1651 2895 1722 qui
2922 1650 3007 1706 di-

2649 1721 2872 1794 dragma
2899 1723 3080 1794 exige-

2649 1792 2778 1848 bant
2807 1794 2874 1849 ad
2906 1792 3146 1862 Petrum,

2650 1872 2704 1919 et
2725 1863 2985 1922 dixerunt

2653 1937 2701 1991 ei
2727 1952 2742 1991 :
2775 1937 3028 2008 Magister

2652 2020 2834 2066 vester
2862 2025 3033 2080 quare

2653 2096 2760 2136 non
2783 2082 2943 2137 solvit
2963 2081 3044 2136 di-

2652 2153 2894 2223 dragma,
2927 2154 3010 2208 vel

2651 2223 2744 2278 24.
2786 2226 3044 2281 censum?
3067 2224 3142 2279 ait
3179 2243 3183 2250 ’

2653 2293 2852 2361 Utique
2887 2314 3015 2353 non.

2653 2368 2724 2442 Et
2755 2368 2829 2442 (ὁ)
2855 2368 3077 2424 intranti
3102 2367 3144 2439 -ξ-

2653 2441 2708 2495 111
2740 2441 2982 2507 domum,
3016 2456 3175 2512 prae-

2653 2513 2800 2568 venit
2819 2529 2941 2568 eum
2975 2513 3062 2569 Je-

2653 2598 2766 2650 sus,
2796 2585 2984 2640 dicens
3018 2603 3030 2637 :

2653 2654 2789 2722 Quid
2823 2656 2914 2710 tibi
2938 2655 3087 2710 vide-

2654 2734 2740 2780 tur
2769 2727 3003 2782 Simon?
3029 2727 3206 2797 Reges

2653 2805 2854 2862 terrae,
2884 2813 2914 2853 a
2943 2798 3138 2866 quibus

2652 2868 2928 2938 accipiunt
2958 2870 3121 2924 tribu-

2653 2947 2768 2994 tum
2800 2941 2885 2997 bet
2914 2939 3172 2997 censum?

2654 3027 2684 3066 a
2704 3011 2829 3068 [iliis
2859 3013 2992 3076 suis,
3023 3019 3118 3068 aut

2652 3083 2745 3139 25.
2786 3084 2855 3138 ab
2875 3083 3106 3140 alienis?
3128 3083 3198 3138 Et.

2655 3155 2749 3211 ille
2770 3154 3032 3211 dixitzAb
3061 3153 3270 3211 alienis.

2658 3227 2804 3281 Dixit
2831 3227 2904 3282 illi
2939 3245 2953 3286 :

2655 3298 2798 3368 Ergo
2829 3296 2985 3355 liberi
3013 3307 3140 3354 sunt

2285 3413 2517 3470 CODEX
2557 3412 2950 3471 BRIXIANUS.

1821 3505 1887 3562 Et
1931 3508 2294 3564 comminatus
2338 3516 2423 3564 est
2465 3509 2513 3564 ei
2553 3507 2731 3564 Jesus.
2780 3518 2835 3565 et
2876 3508 3161 3566 confestim
3191 3507 3219 3548 ι’
3250 3508 3422 3566 exibit

1817 3579 1885 3632 ab
1917 3595 1984 3633 eo
2012 3580 2378 3635 daemonium.
2411 3590 2465 3635 et
2503 3591 2720 3635 curatus
2752 3592 2834 3636 est
2865 3598 2998 3648 puer
3021 3598 3085 3637 ex
3142 3582 3232 3636 illa
3260 3581 3416 3637 liora.

1820 3650 1973 3721 Tunc
2021 3663 2371 3707 accesserunt
2421 3651 2675 3721 discipuli
2745 3653 2809 3708 ad
2852 3654 3037 3709 Jesum
3097 3662 3311 3709 secreto
3365 3659 3423 3708 et

1816 3720 2072 3793 dixerunt
2113 3724 2180 3778 ei.
2219 3725 2395 3790 Quare
2427 3740 2527 3778 nos
2557 3720 2663 3778 non
2721 3727 2992 3793 potuimus
3023 3725 3202 3780 cicere
3246 3725 3418 3779 illum.

1816 3792 1975 3848 Jesus
2019 3805 2197 3850 autem
2241 3797 2375 3849 dixit
2419 3795 2548 3850 illis.
2585 3792 2812 3864 Propter
2839 3795 3271 3852 incredulitatem
3301 3811 3423 3850 ves-

1819 3873 1977 3918 iram.
2020 3869 2194 3922 Amen
2219 3866 2342 3921 dico
2369 3867 2521 3920 vobis
2552 3868 2594 3920 si
2617 3867 2913 3921 habueritis
2942 3869 3097 3922 [idem
3131 3868 3273 3921 sicut
3299 3882 3423 3936 gra-

1817 3953 1942 3989 llllm
1984 3937 2206 4006 sinapis.
2246 3939 2436 3992 dicetis
2467 3939 2634 3992 monti
2669 3937 2813 3992 huic.
2871 3939 3060 3992 Transi
3119 3937 3244 3991 hinc
3295 3937 3422 3993 illuc

1814 4016 1869 4062 et
1905 4008 2150 4064 transiet.
2180 4020 2232 4065 et
2268 4009 2398 4064 nihil
2429 4009 2746 4078 inpossibile
2775 4008 2878 4064 erit
2910 4009 3082 4062 vobis.
3113 4009 3419 4063 Ilocautem

1815 4095 1984 4148 genus
2037 4083 2088 4134 in
2142 4082 2289 4135 nullo
2321 4081 2534 4135 eicitur.
2591 4080 2695 4135 nisi
2745 4082 2795 4135 in
2841 4083 3086 4135 oratione
3115 4090 3168 4134 ct
3189 4080 3416 4148 jejunio.

1814 4151 2276 4207 Conversantibus
2309 4162 2486 4207 autem
2521 4154 2600 4207 eis
2639 4154 2690 4206 iu
2717 4150 2955 4208 Galilaea
2980 4151 3423 4208 dixitillisJusus

1819 4233 1840 4259 θ
1867 4222 2070 4277 Futuru
2093 4233 2178 4278 est
2208 4237 2260 4277 ut
2286 4224 2455 4279 Filius
2480 4223 2736 4279 hominis.
2767 4227 3010 4278 tradatur
3038 4226 3086 4277 in
3107 4238 3298 4279 manus
3324 4223 3424 4279 ho-

1814 4293 2018 4348 minum
2043 4304 2097 4350 et
2123 4297 2374 4352 oecident
2412 4313 2535 4352 eum
2567 4306 2622 4350 et
2645 4297 2800 4352 tertia
2831 4295 2920 4351 die
2951 4307 3155 4366 surget.
3198 4297 3263 4349 Et
3289 4312 3422 4351 con-

1817 4367 2012 4421 tristati
2044 4379 2167 4420 sunt
2192 4369 2371 4422 nimis.
2392 4367 2749 4422 Venieutibus
2785 4379 2964 4422 autem
2989 4368 3066 4420 eis
3097 4367 3149 4422 in
3179 4367 3422 4437 Caphar-

1817 4451 2000 4510 naum.
2030 4451 2378 4494 accesserunt
2398 4439 2490 4508 qui
2515 4439 2772 4494 tributum
2792 4438 3084 4510 exigebant
3109 4441 3174 4493 ad
3202 4439 3423 4495 Petrum

1817 4518 1870 4581 ct
1895 4507 2169 4564 dixerunt.
2197 4511 2450 4581 Magister
2483 4521 2682 4565 vester.
2713 4527 2819 4565 non
2859 4507 3022 4566 solvit
3052 4511 3338 4566 trilinlum.
3367 4517 3424 4565 et

1816 4579 1890 4650 ait
1918 4583 2103 4635 etiam.
2136 4582 2205 4636 Et
2230 4579 2354 4636 cum
2384 4583 2640 4638 intrassvt
2669 4583 2724 4636 in
2751 4581 2972 4637 domum
3000 4583 3279 4650 praevenit
3298 4596 3421 4636 eum

1816 4649 1978 4707 Jesus
2007 4653 2216 4709 dicens.
2250 4653 2388 4720 Quid
2422 4656 2514 4708 tibi
2547 4653 2760 4710 videtur
2786 4654 2972 4710 Simon
3011 4653 3183 4724 Reges
3221 4662 3418 4724 terrae.

1817 4737 1847 4777 a
1878 4724 2071 4792 quibus
2092 4725 2392 4796 accipiunt
2425 4725 2678 4781 tributum
2709 4725 2795 4781 vel
2825 4740 3069 4796 censum.
3096 4723 3130 4779 a
3161 4723 3283 4796 ﬁliis
3309 4723 3423 4796 suis

1818 4809 1884 4848 an
1918 4795 1986 4850 ab
2027 4793 2251 4852 alienis.
2279 4797 2347 4852 Et
2384 4796 2519 4852 dixit
2541 4797 2593 4854 ei
2622 4796 2835 4853 Petrus.
2865 4797 2949 4852 Ab
2973 4795 3184 4852 alienis.
3213 4793 3306 4850 Ait
3343 4793 3424 4851 illi

1815 4865 1995 4922 Jesus.
2022 4866 2167 4940 Ergo
2195 4868 2351 4924 liberi

800 4981 1196 5041 VARIANTES
1234 4979 1620 5040 LECTIONES
1657 4980 1926 5040 CODICIS
1963 4983 2073 5043 MS.
2119 4985 2182 5042 S.
2221 4984 2728 5044 GERMANENSIS.

181 5103 195 5134 ¹
232 5104 453 5156 transibit

178 5167 196 5231 ξ
229 5167 336 5231 ῌοο
356 5175 524 5219 autem
547 5167 595 5227 ⁸,
619 5173 741 5225 etc.,
766 5170 828 5231 ut,
844 5163 994 5231 Vulg.
1020 5174 1188 5228 usque,
1214 5161 1241 5231 .1
1239 5176 1382 5231 _es_us.

175 5228 196 5260 ³
227 5229 462 5282 Futurum
487 5239 565 5282 est
579 5223 700 5280 ut...
725 5223 967 5290 tradatur;
987 5223 1108 5290 etcf,
1133 5223 1185 5278 ut
1213 5223 1364 5291 Vulg.
1386 5236 1536 5290 itaque
1560 5226 1715 5278 vehe-

1818 5108 2345 5278 mgniﬁiididragmam
2369 5164 2656 5229 exigebant,
2684 5163 2746 5216 ad
2763 5163 2967 5215 Petrum

1881 5228 1903 5259 ⁸
1987 5233 2006 5278 t
2033 5225 2179 5278 γυια.
2203 5241 2374 5278 usaue.
2397 5234 2571 5278 aperto
2595 5241 2684 5278 ore

1987 5233 2006 5279 ι
2033 5225 2374 5294 νιιιῃῖιιεᾳιιε,
2397 5225 2571 5292 apérto
2595 5225 2684 5279 ore

1442 5309 1809 5368 BLANCl-IlNl
1850 5311 2083 5370 NOTAE.

183 5409 428 5466 "Totum
453 5408 604 5482 quod
655 5407 856 5482 dicitur
914 5407 985 5465 de
1047 5420 1263 5482 genere
1291 5404 1708 5482 diemoniorum,

120 5483 253 5551 quod
289 5477 500 5552 eiicitur
541 5496 638 5550 per
665 5479 971 5537 orationem
1017 5487 1074 5534 et
1097 5479 1360 5552 jejunium
1386 5517 1403 5542 ,
1447 5477 1709 5552 omissum

119 5549 196 5608 est
240 5556 292 5609 iu
322 5549 440 5610 'nis.
498 5549 690 5610 cudice
754 5549 1107 5616 Corbeieusi;
1136 5550 1233 5606 sed
1263 5549 1544 5619 exemplar
1574 5549 1714 5604 Sau-

117 5623 476 5683 Germanense
503 5625 655 5680 illum
685 5640 899 5680 versum
929 5625 1193 5695 integrum
1222 5621 1604 5695 retinetprout
1634 5621 1714 5676 le-

115 5696 251 5767 gitur
276 5700 329 5753 in
355 5699 577 5771 Vulgata
602 5696 795 5753 Latina
817 5738 832 5766 ,
853 5695 999 5768 quod
1022 5693 1155 5752 satis
1177 5694 1411 5750 innuunt
1434 5693 1715 5748 Variantes

1815 5405 2125 5466 Lectiones.
2254 5476 2256 5478 τ

1889 5477 1918 5518 δ
1957 5480 2149 5544 exibit,
2182 5479 2282 5551 pro
2312 5480 2488 5536 exivit.

1896 5563 1934 5626 οξ
1960 5550 2223 5626 milnalis
2263 5553 2316 5608 in
2372 5553 2624 5626 futurum
2650 5550 2828 5626 deest.
2859 5551 3006 5610 nulla
3036 5553 3202 5611 etiam
3231 5565 3428 5626 super-

1819 5624 1996 5696 posita
2025 5625 2251 5695 lineola,
2280 5640 2404 5697 quae
2435 5623 2569 5681 illud
2593 5623 2863 5696 designet.

182 5814 260 5884 (a)
291 5813 407 5888 Cod
452 5811 612 5870 Cant.
647 5814 782 5884 μετά
827 5818 967 5888 τρεῖς
997 5811 1210 5885 ἡμέρας,
1242 5818 1302 5866 ιιι
1345 5808 1399 5866 111
1429 5807 1706 5880 superiori

1820 5806 1930 5875 )ilc,
1967 5821 2021 5862 v.
2048 5805 2235 5881 Ἦοξ-
2277 5802 2357 5880 (ὁ)
2388 5803 2464 5863 Ita
2497 5813 2551 5865 et
2579 5805 2701 5865 cod.
2737 5803 2894 5865 Cant.
2939 5805 3224 5864 εἰσελθόντι.
3263 5775 3429 5866 γένει

118 5885 273 5943 ctiam
302 5887 452 5942 Brix.

1493 5981 1528 6014 ἢ
