3894 6336
493 357 602 417 259
1025 356 1302 418 EUSEBII
1338 354 1676 416 VERCELL.
1719 347 2174 416 EVANGELIUM
2208 354 2350 416 CUM
2391 355 2619 415 VARIIS
2657 351 2814 414 COD.
2859 349 3252 412 COLLATUM.

891 472 1124 532 CODEX
1167 469 1701 531 VERCELLENSIS.

501 551 539 606 ti
569 560 694 606 sunt
721 549 838 606 filii.

497 623 589 679 96.
630 621 704 680 Ut
731 631 917 678 autem
943 631 1050 676 non

499 695 866 751 scandalixzt.~

499 783 619 822 mus
641 783 735 824 eos
755 809 769 834 ,
799 763 937 820 vade

497 840 563 892 ad
593 854 764 905 mare,
795 847 850 895 et
879 835 1006 890 mit-

498 920 550 966 te
576 910 796 966 hamum
821 925 835 963 :
866 916 924 964 et

496 997 620 1038 eum
655 983 879 1051 piscem,

495 1053 588 1126 qui
618 1054 827 1126 primus

495 1125 829 1190 ascenderit,

499 1197 663 1252 tolle:
695 1208 747 1253 et
775 1199 967 1266 aperto
989 1208 1049 1251 o—

496 1285 558 1325 re
583 1269 722 1340 ejus,
757 1271 907 1340 inve-

496 1336 818 1424 nies'(a)__ibi
843 1339 886 1412 1-
913 1336 1082 1395 stated

495 1427 612 1468 rem
638 1430 651 1466 :
693 1413 846 1468 illum
876 1426 970 1467 suo

496 1499 652 1538 mens
677 1483 745 1539 da
774 1485 857 1538 eis

496 1570 596 1626 pro
622 1570 731 1622 me,
762 1564 820 1612 et
849 1565 920 1610 te.

638 1666 867 1725 CAPUT
906 1657 1097 1724 XVIII.

498 1765 548 1819 I.
592 1762 650 1818 In
683 1763 774 1819 illa
801 1763 892 1818 die
914 1769 1099 1818 acces-

493 1847 683 1892 serunt
711 1833 878 1890 disci-

496 1908 608 1978 puli
631 1907 698 1962 ad
727 1905 937 1971 Iesum,

492 1980 766 2036 dicentes:
812 2021 827 2035 .
871 2017 887 2033 .
929 1979 976 2034 is

493 2061 652 2122 putas
678 2050 852 2121 major

491 2132 575 2179 est
603 2122 656 2178 in
690 2136 859 2194 regno

491 2194 805 2250 caelorum?

490 2265 546 2319 2.
591 2263 661 2321 Et
687 2264 848 2321 Jesus
876 2280 1036 2323 voca-

492 2337 567 2392 vit
587 2336 654 2392 ad
681 2351 741 2392 se
765 2351 898 2408 pue-

490 2423 636 2475 rum,
664 2418 720 2464 et
743 2417 914 2464 statu-

490 2480 530 2534 it
553 2495 679 2535 eum
704 2479 761 2535 in
789 2495 903 2535 me-

489 2551 545 2607 5.
586 2553 678 2607 dio
703 2566 921 2621 eorum,
942 2559 999 2608 et

487 2623 660 2679 dixit:

488 2697 662 2751 Amen
686 2695 810 2752 dico
834 2699 930 2752 vo-

489 2765 592 2829 bis.
622 2769 722 2823 nisi
742 2782 974 2825 conver-

485 2839 531 2893 si
560 2839 792 2902 fueritis,
817 2849 874 2896 et

486 2909 798 2966 efficiamini

485 2979 625 3036 sicut
651 2983 835 3052 pueri;

487 3067 598 3107 non
629 3053 855 3108 intrabi-

486 3123 558 3195 tis
586 3124 639 3179 in
667 3129 837 3195 regite

485 3193 540 3248 4.
581 3193 877 3253 caelorum.
910 3194 1041 3263 Qui-

486 3279 718 3338 cumque
745 3281 880 3338 ergo

487 3335 812 3394 Itumi'liave-

487 3409 559 3464 rit
582 3424 641 3465 se
662 3410 800 3465 sicut
831 3423 964 3480 pue-

1334 563 1362 602 r
1386 546 1510 628 iste,
1535 546 1631 629 hic
1655 545 1759 602 erit

1335 634 1509 688 major
1535 635 1586 672 m
1609 631 1730 688 reg-

1336 705 1404 745 no
1426 690 1723 745 caelorum.

1334 763 1393 844 5_.
1435 762 1498 816 Et
1519 761 1612 830 qui
1623 765 1882 832 acc‘oepe-

1333 843 1402 888 rit
1431 847 1598 887 unum
1628 848 1761 902 pue-

1333 919 1450 958 rum
1476 904 1656 972 talem,
1687 905 1777 960 me‘

1333 975 1388 1030 6.
1431 975 1646 1045 accipit.
1679 975 1779 1047 Qui
1809 989 1905 1031 au-

1335 1057 1440 1103 tem
1466 1045 1741 1103 scandali-

1333 1120 1535 1173 zaverit
1563 1133 1732 1173 unum

1332 1189 1401 1245 de
1429 1191 1660 1259 pusillis,
1692 1191 1784 1261 qui

1334 1261 1388 1315 in
1415 1277 1500 1316 me
1528 1262 1778 1329 credunt,

1330 1332 1546 1402 expedit
1569 1333 1617 1388 ei
1641 1342 1699 1388 ut

1332 1403 1700 1470 suspendatur

1334 1475 1477 1530 mola
1493 1477 1640 1531 asina
1650 1475 1730 1530 riu

1333 1546 1386 1602 in
1415 1547 1558 1602 collo
1582 1547 1722 1617 ejus,

1335 1627 1390 1672 et
1418 1617 1701 1690 demerga-

1335 1697 1423 1744 tur
1444 1690 1500 1744 in
1531 1691 1757 1758 profun-

1333 1761 1460 1816 dum
1483 1764 1669 1817 maris.

1334 1832 1388 1886 7.
1434 1831 1545 1889 Vae
1573 1845 1752 1889 autem
1785 1832 1911 1890 huic

1333 1905 1537 1960 mundo
1560 1920 1588 1958 a
1616 1921 1776 1961 scan-

1330 1975 1488 2031 dalis.
1527 1975 1673 2034 Nece
1721 2018 1734 2030 .
1785 2018 1797 2030 .
1845 2018 1860 2033 .
1906 1985 1990 2033 est

1329 2047 1474 2103 enim
1507 2049 1662 2104 venir
1708 2089 1721 2103 .
1775 2088 1788 2102 .

1327 2118 1688 2177 scandalazv
1737 2159 1751 2174 .
1799 2161 1814 2175 .
1865 2158 1880 2174 .

1328 2191 2040 2248 tam...vaeho...

1328 2261 1428 2327 illi,
1458 2277 1554 2333 per
1579 2278 1744 2333 quem

1326 2335 1643 2390 scandalum

1326 2406 1494 2460 venit.

1325 2475 1380 2532 8.
1421 2475 1575 2545 Quod
1605 2477 1650 2534 si
1687 2478 1879 2535 manus

1328 2557 1439 2614 tua,
1464 2549 1546 2604 vel
1578 2565 1672 2619 pes
1697 2561 1784 2606 tu-

1326 2633 1390 2673 us
1417 2621 1683 2676 scandali-

1326 2699 1414 2744 zat
1443 2698 1518 2759 te,
1549 2693 1770 2749 abscide

1325 2778 1472 2834 eum,
1505 2774 1558 2819 et
1587 2764 1774 2834 proice

1322 2833 1420 2890 abs
1449 2843 1534 2890 te:
1562 2833 1762 2891 bonum

1324 2906 1419 2960 tibi
1448 2917 1531 2962 est
1554 2907 1606 2962 in
1637 2909 1715 2963 vi-

1327 2985 1435 3032 tam
1463 2979 1656 3035 venire

1322 3047 1561 3104 debilem
1586 3051 1674 3106 vel

1322 3120 1562 3193 clodum,
1590 3137 1754 3193 quam

1326 3191 1463 3262 duos
1487 3191 1650 3262 pedes
1681 3193 1765 3250 vel

1325 3261 1460 3319 duas
1483 3261 1672 3320 manus

1327 3333 1618 3391 habentem

1325 3407 1464 3461 mitti
1499 3409 1551 3462 in
1581 3409 1763 3480 ignem

2631 467 2865 529 CODEX
2905 463 3356 528 VEBONENSIS.

2199 546 2336 602 ﬁlii?
2365 545 2666 618 Respondit

2197 618 2289 673 26.
2329 617 2497 674 certe.
2526 617 2595 675 Ut
2614 627 2793 674 autem

2198 705 2306 746 non
2329 690 2664 747 scandalize-

2199 777 2320 818 mus
2345 777 2461 829 eos,
2495 762 2631 818 vade

2196 833 2264 889 ad
2288 848 2455 901 mare,
2488 844 2543 889 et
2569 834 2722 889 mitte

2201 905 2420 960 hamum
2445 923 2458 960 :
2489 915 2543 960 et
2565 919 2690 960 eum

2199 979 2423 1046 piscem,
2453 977 2545 1048 qni
2573 977 2689 1048 pri-

2199 1063 2321 1104 mus
2343 1049 2671 1112 ascenderit,

2199 1121 2331 1176 tolle
2361 1137 2374 1175 :
2404 1132 2456 1176 et
2485 1129 2676 1191 aperto

2198 1206 2296 1247 ore
2317 1192 2457 1260 ejus,
2488 1191 2640 1247 inve-

2200 1264 2316 1318 nies
2348 1261 2427 1337 (α)
2455 1263 2525 1337 ibi
2553 1261 2594 1333 -ιν
2623 1269 2732 1318 sta-

2198 1335 2372 1390 tereni
2396 1352 2410 1389 :
2441 1335 2591 1390 illum
2621 1348 2713 1388 su-

2199 1421 2355 1461 mens
2380 1404 2448 1461 da
2478 1407 2560 1462 eis
2577 1419 2674 1475 pro

2203 1492 2312 1545 me,
2338 1488 2392 1534 et
2422 1493 2519 1548 pro
2546 1485 2622 1532 te.

2355 1617 2584 1676 CAPUT
2615 1617 2804 1674 XVIII.

2274 1763 2326 1818 1.
2370 1763 2426 1818 In
2457 1761 2540 1816 illa
2565 1761 2653 1818 die
2678 1776 2769 1817 ac-

2202 1843 2482 1892 cesserunt
2499 1834 2750 1904 discipuli

2201 1907 2268 1962 ad
2293 1905 2500 1971 Iesum,
2529 1906 2714 1962 dicen-

2202 1989 2286 2034 tes
2315 1997 2328 2032 :
2358 1979 2490 2044 Quis
2512 1978 2698 2048 utique

2200 2049 2374 2120 major
2401 2059 2484 2105 est
2509 2048 2564 2103 in

2199 2138 2370 2191 regno
2389 2121 2703 2177 caelorum?

2198 2194 2254 2248 ἓ.
2295 2192 2364 2247 Et
2392 2193 2734 2259 Jesusyoca-

2198 2265 2280 2322 bit
2300 2279 2550 2335 puerum,
2577 2273 2641 2320 et

2198 2339 2386 2392 statuit
2407 2351 2529 2392 eum
2555 2337 2607 2390 in

3037 540 3090 596 5.
3121 542 3346 624 runt..Et
3373 543 3457 613 qui

3033 625 3300 681 acceperit
3325 630 3484 669 unum

3035 700 3261 768 puerum
3293 687 3447 741 talem

3033 772 3088 811 III
3122 772 3333 812 nomine

3031 843 3176 900 meo,
3205 844 3287 883 me
3312 829 3512 900 accipit.

3035 899 3086 954 6.
3120 899 3221 968 Qui
3247 910 3419 956 autem
3447 909 3590 958 sean-

3035 969 3231 1026 dalizat
3259 988 3416 1027 unum

3033 1042 3122 1123 de.
3135 1043 3338 1126 pusillis
3367 1046 3494 1111 istis,

3074 1131 3122 1169 Ul
3154 1131 3205 1168 ΙΙΙ
3238 1130 3322 1169 me
3349 1131 3462 1172 (31⁸8⁸

3079 1196 3191 1252 unt,
3224 1187 3437 1257 expedit

3035 1257 3084 1313 ei
3114 1266 3170 1312 ut
3190 1259 3481 1328 suspenda-

3035 1337 3122 1384 tur
3153 1329 3292 1384 mola
3320 1331 3487 1386 asina-

3035 1400 3114 1455 ria
3145 1401 3198 1456 in
3229 1400 3373 1456 collo

3035 1471 3174 1541 ejus,
3203 1482 3266 1544 et
3289 1472 3493 1544 demer-

3037 1554 3194 1613 gatur
3224 1543 3276 1597 in
3310 1543 3520 1613 profun-

3036 1613 3166 1670 dum
3194 1616 3381 1670 maris.

3037 1686 3088 1740 7.
3124 1685 3234 1741 Vae
3262 1695 3442 1742 autem

3043 1755 3170 1813 huic
3203 1758 3404 1814 mundo

3037 1828 3108 1884 ah
3137 1830 3423 1885 scandalis.

3037 1900 3275 1958 Necesse
3299 1909 3386 1956 est

3039 1973 3186 2029 enim
3224 1973 3413 2029 venire

3038 2045 3293 2100 scandala
3315 2064 3327 2097 :
3358 2059 3560 2100 verum.

3041 2127 3221 2172 tamen
3256 2131 3356 2173 vae
3390 2116 3484 2172 ho-

3037 2189 3169 2244 mini
3203 2187 3302 2254 illi,
3335 2204 3430 2259 per

3038 2276 3203 2330 quem
3237 2259 3550 2317 scandalum

3037 2333 3207 2389 venit.

2200 2409 2384 2464 medio
2407 2422 2626 2474 eorum,
3037 2404 3093 2460 8.
3124 2403 3285 2474 Quod
3319 2403 3370 2460 si

2197 2479 2254 2536 3.
2295 2490 2350 2536 et
2374 2480 2509 2534 dixit
2537 2495 2549 2532 :
2578 2483 2754 2533 Amen
3039 2491 3237 2532 manus

2197 2550 2322 2607 dico
2350 2565 2443 2605 vo-
3041 2557 3129 2603 tua
3155 2546 3489 2603 scandalizat

2196 2622 2302 2690 bis,
2335 2622 2436 2677 nisi
2465 2636 2594 2677 cou-
3035 2627 3112 2683 te,
3144 2620 3232 2676 vel
3265 2627 3363 2690 pes

2199 2694 2347 2750 versi
2374 2693 2601 2758 fueritis,

2196 2776 2251 2820 et
2281 2765 2591 2822 efficiamini

2196 2838 2336 2893 sicut
2360 2834 2538 2908 pueri,

2197 2923 2306 2964 non
2336 2906 2605 2963 intrabitis

2197 2980 2252 3052 in
2284 2995 2452 3052 regno
2473 2993 2598 3034 cae-

2196 3051 2395 3106 lorum.

2194 3120 2252 3206 _4.
2284 3123 2619 3206 Quicumque
2651 3135 2782 3191 ergo

2195 3193 2568 3250 humiliaberit
2593 3207 2656 3248 se

2195 3268 2337 3321 sicut
2361 3282 2492 3336 puer
2521 3267 2644 3329 iste,

2196 3336 2287 3409 hic
2313 3337 2486 3409 major
2513 3337 2618 3409 erit

2193 3407 2251 3464 in
2279 3407 2450 3481 regno
2477 3408 2658 3467 caelo-

3039 2701 3188 2758 tuus,
3219 2688 3450 2746 abscide

3035 2777 3184 2826 eum,
3219 2772 3275 2817 et
3306 2762 3490 2832 proice

3037 2835 3134 2890 abs
3161 2843 3246 2890 te:
3281 2833 3483 2888 bonum

3040 2905 3135 2960 tibi
3165 2913 3252 2962 est
3278 2905 3331 2960 in
3358 2904 3438 2958 vi-

3044 2986 3153 3030 tam
3185 2978 3379 3032 venire
3406 2975 3501 3030 de-

3044 3047 3216 3103 bilem
3242 3047 3329 3103 vel
3353 3047 3472 3103 cio-

3032 3118 3187 3185 dum,
3219 3133 3386 3191 quam

3033 3191 3171 3247 duos
3203 3191 3376 3262 pedes

3033 3264 3116 3318 vel
3144 3263 3284 3318 deas
3317 3273 3508 3317 manus

3035 3333 3328 3390 habentem
3359 3333 3497 3388 mitti

3035 3406 3087 3460 in
3121 3407 3304 3476 ignem
3346 3415 3524 3460 aeter-

3638 361 3717 417 260

910 3499 1144 3556 CODEX
1179 3497 1655 3560 CORBEIENSIS.

487 3581 616 3627 sunt
646 3573 762 3628 lilii.
787 3572 877 3628 Ait
898 3571 1092 3627 Petrus
1122 3574 1227 3627 :lta
1261 3573 1597 3629 Domine.Ne
1612 3585 1788 3628 tamen
1820 3569 2092 3628 scandali-

489 3655 674 3698 zemus
703 3658 828 3710 eos,
862 3643 998 3699 vade
1027 3646 1092 3698 ad
1120 3660 1301 3712 mare,
1323 3655 1374 3697 et
1410 3647 1561 3700 mitte
1586 3648 1801 3700 hamum
1838 3661 1851 3698 :
1882 3655 1934 3697 et
1965 3659 2088 3699 eum

491 3714 715 3784 piscem,
762 3715 854 3786 qui
902 3718 1107 3786 primus
1134 3717 1461 3778 ascenderit.
1492 3718 1623 3772 tolle
1650 3735 1662 3771 :
1695 3726 1752 3772 et
1783 3723 1970 3786 aperto
1993 3730 2090 3771 ore

489 3787 633 3857 ejus,
674 3786 920 3844 invenies
952 3789 967 3818 ’
996 3795 1252 3844 staterem
1305 3805 1319 3841 :
1371 3787 1520 3843 illum
1569 3787 1724 3845 dabis
1753 3803 1851 3858 pro
1883 3803 1990 3854 me,
2035 3797 2092 3843 et

489 3869 602 3931 ΡΨ
619 3870 704 3931 19,-,
1015 3930 1024 3931 ,

564 3929 750 3986 XVIII.
793 3931 848 3986 In
877 3931 966 3986 illa
996 3930 1086 3986 die
1117 3942 1466 3988 accesserunt
1500 3931 1749 4002 discipuli
1782 3929 1846 3985 ad
1876 3930 2085 4002 Iesum,

487 4001 737 4057 dicentes
763 4020 776 4056 :
801 4004 933 4072 Quis
960 4003 982 4034 ³
1007 4005 1111 4057 erit
1137 4004 1307 4074 major
1333 4005 1383 4059 in
1420 4019 1586 4075 regno
1616 4001 1940 4059 caelorum?
1972 4001 2088 4075 Et’

489 4088 694 4128 vocans
741 4075 1000 4130 infantem
1069 4073 1275 4139 .lesus,
1356 4073 1544 4130 statuit
1595 4091 1718 4130 cum
1791 4076 1842 4127 in
1911 4073 2090 4128 medio

491 4159 680 4199 cntum
708 4186 723 4210 ,
780 4153 835 4199 et
882 4147 959 4200 ait
1001 4163 1013 4200 :
1069 4148 1241 4201 Amen
1294 4147 1418 4203 dico
1464 4146 1638 4212 vobis,
1691 4145 1792 4199 nisi
1837 4143 2088 4199 conversi

493 4215 722 4282 fueritis,
756 4216 777 4246 ⁸
805 4216 925 4271 facti
974 4217 1110 4272 tales
1137 4221 1278 4272 sicut
1329 4218 1506 4273 infans
1544 4218 1630 4272 hic
1685 4224 1770 4272 est
1794 4257 1809 4280 ,
1845 4233 1948 4270 non
2009 4216 2092 4269 iu-

493 4287 708 4341 trabitis
772 4288 824 4342 in
881 4303 1046 4359 regno
1100 4290 1426 4345 coclerum.’
1461 4290 1481 4320 ⁵
1537 4289 1604 4342 Ει
1675 4288 1763 4353 qui
1809 4289 2086 4357 exceperit

492 4373 661 4413 unum
709 4360 870 4414 talem
941 4360 1196 4416 infantem
1249 4366 1300 4416 in
1360 4361 1578 4415 nomine
1635 4375 1796 4426 meo,
1844 4374 1930 4414 me
1985 4374 2084 4414 ex-

493 4431 1026 4502 cipitaQuicumque
1087 4442 1266 4487 autem
1313 4432 1760 4487 scandalizavcrit
1809 4445 1972 4485 unum
2021 4430 2090 4485 de

491 4501 701 4574 pusillis
721 4505 856 4566 istis,
878 4501 967 4570 qui
993 4504 1042 4557 in
1069 4518 1154 4558 me
1175 4503 1423 4568 credunt,
1443 4503 1660 4574 expedit
1685 4504 1758 4557 illi
1781 4512 1836 4556 ut
1858 4518 2086 4572 suspen-

491 4571 652 4628 datur
675 4576 814 4630 mola
847 4575 1081 4646 asinaria
1105 4575 1248 4630 collo
1288 4579 1424 4646 ejus,
1458 4571 1523 4630 et
1549 4571 1570 4604 ⁸
1615 4571 1997 4644 praecipitetur
2031 4573 2085 4629 in

494 4646 816 4714 profundum
840 4647 1025 4701 maris.
1046 4645 1157 4702 Vae
1187 4645 1364 4702 autem
1386 4647 1509 4703 huic
1536 4647 1738 4701 mundo
1761 4650 1829 4699 ab
1859 4648 2072 4702 scanda-

492 4717 821 4774 lis.Necesse
847 4727 928 4774 est
958 4719 1101 4774 enim
1128 4721 1317 4774 venire
1341 4717 1595 4774 scandala
1626 4737 1639 4772 :
1669 4727 2039 4774 verumtamen
2065 4717 2086 4749 ⁷

489 4797 592 4846 vae
622 4792 696 4847 illi
731 4789 959 4854 homini,
996 4803 1090 4860 per
1117 4803 1280 4861 quem
1306 4791 1616 4846 Scantlalum
1649 4791 1845 4845 veniet.
1880 4789 2036 4856 Quod
2066 4790 2087 4822 ⁸

490 4862 539 4918 si
579 4870 634 4919 te
661 4878 852 4919 manus
883 4873 993 4929 tua,
1023 4862 1105 4917 vel
1133 4877 1226 4932 pes
1254 4863 1605 4928 scandalizat,
1635 4863 1885 4932 praecide
1914 4861 2084 4928 illum,

493 4941 550 5004 et
578 4935 780 5004 projice
802 4951 831 4990 a
859 4947 940 4991 te:
969 4935 1171 4990 bonum
1199 4942 1282 4989 est
1310 4933 1405 4989 tibi
1443 4935 1702 4996 adsvitant
1733 4936 1919 4990 venire
1939 4933 2090 4990 debi-

494 5002 604 5090 lem
629 5002 715 5060 vel
749 5007 1023 5090 claudum,
1050 5021 1218 5090 quam
1250 5005 1387 5062 duos
1417 5007 1583 5090 pedes
1608 5007 1693 5062 vel
1722 5006 1856 5061 duas
1898 5020 2090 5062 manus

493 5074 784 5133 habentem
809 5079 949 5135 mitti
973 5079 1025 5135 in
1049 5074 1394 5150 ﬁgehennam
1417 5074 1577 5150 ignis.

2664 3498 2896 3558 CODEX
2939 3497 3344 3555 BRIXHNUS.

2193 3583 2323 3628 sunt
2346 3573 2458 3628 lilii.
2483 3572 2551 3630 Ut
2573 3582 2751 3628 autem
2779 3591 2884 3630 non
2911 3571 3346 3626 scandalizemus
3375 3583 3471 3624 eos
3500 3577 3524 3605 ⁸
3545 3609 3558 3622 .
3590 3606 3600 3618 .

2194 3647 2328 3700 vade
2359 3645 2424 3700 ad
2451 3661 2598 3700 mare
2627 3655 2679 3700 et
2700 3649 2851 3700 mitte
2877 3647 3091 3698 hamum
3119 3653 3172 3698 et
3202 3657 3330 3696 eum
3358 3643 3560 3718 piscem
3586 3639 3661 3718 qui
3682 3639 3759 3718 pri-

2197 3733 2316 3770 mus
2345 3718 2652 3771 ascenderit
2686 3719 2833 3772 tolle.
2860 3725 2916 3772 et
2943 3724 3131 3783 aperto
3181 3730 3280 3770 ore
3321 3715 3441 3783 ejus
3480 3713 3694 3766 invenies
3716 3717 3756 3783 t_n

2193 3803 2260 3842 eo
2287 3787 2592 3843 denarium.
2637 3790 2790 3843 illum
2824 3773 3065 3844 sumens.
3097 3785 3161 3840 da
3194 3788 3276 3840 eis
3307 3773 3408 3854 pro
3459 3799 3542 3838 me
3568 3790 3616 3836 et
3639 3789 3694 3854 te.
3719 3773 3760 3852 In

2195 3860 2284 3914 illa
2311 3859 2441 3915 hora
2466 3871 2813 3916 accesserunt
2839 3859 3085 3928 discipuli
3115 3851 3760 3928 adJesumdicenteszQuiS

2195 3945 2348 4000 putas
2377 3931 2550 4002 major
2568 3942 2651 3987 est
2684 3933 2736 3987 in
2769 3946 2936 4002 regno
2963 3919 3624 4002 caelorum.Etadvnca_ns
3638 3919 3760 4002 Iesus

2195 3995 2498 4073 parvulum.
2523 4004 2710 4058 statuit
2727 3995 2859 4057 enni
2883 4005 2933 4056 in
2965 4001 3142 4073 medio
3169 4013 3377 4073 eorum
3395 4011 3448 4073 et
3471 3995 3760 4073 dixit._Atnc!t

2195 4066 2318 4128 dico
2350 4075 2526 4130 vobis.
2561 4076 2662 4130 nisi
2695 4076 2944 4134 conversi
2966 4071 3200 4128 fueritis.
3229 4082 3288 4126 ut
3319 4068 3626 4126 efficiamini
3655 4066 3762 4117 sicut

2196 4148 2402 4214 parvuli
2433 4161 2539 4202 non
2590 4147 2862 4203 intrabltis
2909 4161 2940 4200 τι
2963 4159 3132 4216 regno
3152 4144 3446 4202 czclorum.
3475 4141 3766 4216 Quicumque

2198 4213 2328 4286 ergo
2360 4217 2387 4256 ι’
2430 4219 2778 4273 ltumilavcrit
2808 4234 2866 4272 se
2896 4213 3048 4272 sicut
3066 4217 3328 4284 parvulus
3363 4215 3486 4269 iste.
3519 4213 3600 4266 hic
3629 4213 3766 4286 major

2197 4281 2298 4344 erit
2347 4290 2399 4345 in
2455 4306 2623 4361 regno
2679 4291 2977 4361 caelorum.
3029 4281 3096 4342 Et
3142 4286 3478 4356 quicumque
3544 4281 3767 4361 receperit

2197 4377 2362 4416 unum
2415 4354 2696 4431 parvulum
2743 4362 2902 4416 talem
2949 4360 3002 4414 itt
3035 4354 3258 4414 nomine
3300 4354 3765 4431 meometccipll;

2193 4431 2294 4501 Qui
2326 4427 2504 4488 autem
2539 4431 3005 4489 scandaliztverit.
3046 4445 3211 4484 unum
3237 4445 3307 4485 ex
3336 4428 3543 4498 pusillis
3572 4427 3675 4501 istis
3699 4429 3766 4496 qtll

2195 4493 2246 4558 iit
2280 4520 2366 4559 me
2395 4505 2624 4560 credunt
2653 4505 2976 4575 expeditei.
3026 4513 3083 4557 ut
3113 4493 3489 4571 suspendatur
3517 4493 3653 4575 mola
3679 4493 3766 4575 asi-

2195 4577 2427 4647 nariaﬂin
2458 4579 2602 4634 collo
2625 4568 2761 4647 ejus.
2795 4586 2846 4630 et
2870 4568 3224 4647 demergatur
3252 4568 3660 4647 in__profundum
3684 4574 3770 4647 tua:

2194 4649 2289 4703 ris.
2322 4646 2433 4702 Vae
2461 4648 2584 4704 huic
2607 4643 2828 4704 mundo.
2883 4647 2950 4701 ab
2977 4643 3270 4701 scandalis.
3299 4645 3538 4719 Necesse
3561 4643 3768 4719 est-enini

2193 4730 2251 4774 ut
2287 4721 2506 4774 veniant
2533 4721 2810 4776 scandala.
2840 4730 3213 4774 verumtamen
3244 4732 3354 4771 vae
3385 4713 3592 4770 homini
3615 4705 3772 4772 illipet

2195 4807 2358 4862 quem
2389 4793 2703 4847 scandalum
2731 4791 2934 4846 veniet.
2963 4789 3026 4862 Si
3051 4799 3232 4844 autem
3267 4802 3476 4862 manus
3499 4795 3585 4838 tua
3610 4777 3771 4862 vellith

2199 4851 2368 4918 tuus.-
2399 4864 2729 4919 scandalizat
2757 4873 2809 4916 te
2841 4859 3062 4916 abscide
3087 4876 3209 4915 eum
3251 4866 3314 4915 et
3357 4858 3546 4929 proice
3588 4851 3675 4906 abs
3715 4855 3769 4929 le:

2197 4917 2398 4991 melius
2427 4917 2813 4992 estienimtihi
2842 4934 2894 4988 in
2932 4935 3096 4988 vitam
3151 4917 3373 5002 ingredi
3394 4925 3631 5002 debilem
3660 4917 3770 5002 Vslf

2197 5007 2412 5090 cladum
2441 5023 2602 5090 quam
2635 5009 2768 5090 duas
2797 5019 2988 5060 manus
3009 5003 3098 5060 vel
3126 4994 3266 5060 duos
3297 5001 3472 5074 pedes
3525 4994 3772 5054 habentem

2199 5080 2338 5134 mitti
2369 5079 2423 5133 in
2458 5079 2635 5150 ignem
2664 5087 2821 5133 :eter-

1156 5153 1554 5228 VARIANTES
1589 5153 1976 5228 tentiones
2012 5169 2280 5229 CODICIS
2317 5170 2428 5228 us.
2469 5168 2526 5228 s.
2570 5153 3093 5227 GERMANENSIS.

556 5258 575 5325 ξ
610 5258 712 5325 ibi,
735 5267 854 5325 etc.,
876 5265 930 5325 tu
954 5262 1105 5325 Vulg.

551 5321 574 5387 ξ
607 5321 780 5386 utique
803 5321 954 5387 major
979 5333 1057 5377 est

554 5383 578 5415 ³
610 5383 800 5435 vocavit
822 5383 972 5438 Je'sus
994 5389 1266 5456 parvulum,
1289 5400 1343 5442 et

553 5444 579 5511 ξ
616 5447 680 5511 Ut
706 5446 852 5511 Vulg.

553 5509 584 5584 ⁸,
603 5509 916 5584 Quicumque
942 5515 1071 5563 enim
1103 5513 1429 5584 humiliaverit
1464 5527 1521 5584 se
1553 5517 1681 5566 sicut
1715 5517 1840 5584 puer
1862 5514 1990 5576 iste,
2014 5513 2094 5566 hic

489 5576 644 5636 major
669 5576 764 5625 erit
785 5576 835 5624 in
857 5587 1015 5637 regno
1040 5576 1307 5630 caelorum.
1329 5579 1393 5630 Et
1412 5581 1495 5642 qui
1513 5578 1765 5642 acceperit
1794 5589 1944 5627 unum
1967 5590 2093 5641 pue-

2197 5277 2307 5316 rum
2327 5263 2496 5327 talem,
2523 5270 2642 5324 etc.,
2668 5268 2722 5314 ut
2756 5261 2906 5326 Vulg.

2259 5327 2280 5358 ⁶
2313 5325 2635 5389 demergatur

2256 5389 2278 5420 "
2314 5402 2408 5439 vae
2431 5387 2643 5449 homini,
2669 5397 2820 5452 per...
2849 5387 2988 5438 venit

2258 5452 2281 5522 ξ
2313 5453 2355 5522 si
2380 5465 2550 5502 manus
2575 5440 2719 5522 tua...
2745 5453 2880 5516 tuus,
2901 5458 3026 5512 etc.,
3042 5451 3096 5500 td
3125 5447 3275 5514 Vulg.
3310 5455 3492 5512 usque,
3515 5440 3678 5497 ventre

2260 5516 2282 5548 ⁹
2318 5515 2488 5578 ignem
2509 5519 2772 5567 aeternum

1821 5660 2194 5719 BLANCIIINI
2235 5661 2471 5721 NOTAE.

564 5740 592 5768 λ
621 5729 716 5786 llic
737 5731 935 5788 desunt
958 5732 1012 5787 in
1027 5730 1229 5790 Codice
1248 5733 1444 5792 litterae
1460 5746 1514 5792 et
1534 5735 1709 5792 media
1732 5735 1902 5792 ferme
1923 5735 2086 5791 linea.

562 5799 591 5840 ι)
626 5799 992 5873 Humitaverft,
1021 5813 1122 5877 pro
1145 5819 1212 5863 eo
1236 5807 1379 5878 quod
1399 5817 1485 5864 est
1513 5807 1880 5865 humiliavcrt‘t.

579 5893 658 5966 (α)
680 5893 847 5955 Addit
869 5895 961 5967 ibi,
988 5896 1155 5958 etiam
1175 5896 1314 5958 Cod.
1331 5897 1487 5956 Cant.
1507 5899 1630 5955 hut.

2273 5747 2296 5775 ο
2327 5735 2567 5808 Clarium,
2601 5753 2699 5809 pro
2721 5737 2990 5796 claudum.
