3894 6336
169 293 247 361 Elii
1091 285 1542 362 EVANGELIUM
1579 287 1955 362 SECUNDUM
1995 291 2429 363 umnam.

512 401 745 475 εοοεί
784 398 1318 476 VBﬁCELLENSlS.

953 512 1251 576 montibus,

953 596 1008 640 et
1033 584 1180 639 vadit
1205 595 1374 654 quae-

886 689 892 696 ι
953 670 1075 713 rere
1093 670 1210 710 eam
1238 660 1382 724 quae'

957 728 1042 783 l5.
1073 726 1314 784 erravit?
1340 735 1391 782 et
1421 725 1468 782 si

165 523 402 573 aeternum
412 552 424 565 .

165 589 207 645 9.
241 588 298 642 Et
315 587 358 641 si
376 579 561 641 oculus
584 584 706 641 tuus
726 595 882 641 scan-

163 659 326 716 dalizat
352 668 423 722 te,
454 662 586 712 erue

161 747 280 798 eum,
301 738 351 785 et
369 729 549 798 proice

161 803 236 856 abs
261 812 335 857 te:
368 802 564 854 bonum
953 802 1241 870 contigerit

163 874 234 929 tibi
260 883 334 929 est
360 886 484 927 ocu-
952 879 1013 927 ut
1041 871 1280 927 inveniat

159 946 244 1000 lunt
273 949 440 999 unum.
953 957 1073 999 eam
1095 961 1109 997 :

159 1017 410 1072 habentem
951 1017 1124 1071 Amen
1145 1014 1269 1072 dico
1295 1029 1390 1070 vo-

157 1087 198 1144 in
219 1092 366 1142 vitam
389 1095 481 1139 ve-
952 1087 1056 1158 bis,
1089 1086 1229 1157 quod
1257 1101 1391 1158 gau-

158 1160 269 1226 nire,
291 1173 444 1229 quam
952 1157 1102 1214 debit
1128 1159 1182 1213 in
1209 1157 1330 1214 eam

156 1231 265 1284 duos
289 1229 468 1285 oculos
955 1231 1124 1301 magis
1145 1245 1304 1300 quam

158 1302 414 1358 habentem
440 1370 453 1373 _
955 1301 1008 1356 in
1032 1317 1234 1357 xcvnu.
1256 1306 1395 1373 quae

155 1373 271 1428 mitti
296 1373 343 1428 in
372 1370 575 1442 gehen-
956 1388 1064 1428 non
1093 1370 1316 1429 errave-

155 1460 254 1499 nam
281 1445 428 1516 ignis.
958 1444 1046 1500 14.
1077 1453 1222 1500 runt.
1256 1444 1346 1500 Sic
1373 1453 1480 1502 non

955 1526 1040 1572 est
1063 1520 1316 1572 voluntas

956 1596 1082 1644 ante
1103 1587 1320 1644 Patrem

157 1517 226 1599 ιθ.
253 1516 428 1599 Videte
453 1519 522 1568 ne
551 1521 684 1596 con-

153 1597 370 1644 temnatis
397 1599 562 1643 unum

155 1674 205 1715 ex
226 1658 300 1715 his
337 1660 582 1729 pusillis‘:
956 1669 1214 1726 vestrum,
1249 1659 1343 1728 qui

157 1731 258 1786 dico
278 1735 416 1787 enini
958 1739 1045 1786 est
1069 1732 1121 1786 in
1149 1731 1339 1798 caelis,
1364 1731 1424 1786 ut

156 1802 302 1868 vobis,
332 1799 470 1871 qn'od
494 1811 594 1856 an-
961 1811 1149 1872 pereat
1177 1817 1315 1858 unus

155 1874 237 1945 geli
258 1883 434 1929 eorum
959 1873 1034 1945 de
1056 1875 1265 1945 pusillis
1295 1874 1367 1945 iss

962 1943 1071 2001 15;
1088 1946 1174 2000 tis.
1211 1943 1366 2012 Quod

958 2015 1007 2071 si
1035 2016 1339 2087 peccaverit

957 2087 1010 2143 in
1043 2099 1098 2145 te
1124 2087 1293 2144 frater

956 2168 1099 2226 tuus,
1133 2159 1286 2225 vade,
1320 2165 1375 2215 e't

951 2233 1167 2302 corripe
1188 2245 1310 2287 eum

953 2304 1093 2359 inter
1124 2312 1197 2370 te,
1226 2313 1281 2359 et
1312 2303 1389 2375 ip-

951 2389 1074 2430 sum
1101 2375 1298 2430 solum.

951 2446 1011 2503 Si
1038 2457 1090 2502 te
1111 2446 1363 2510 audierit,

952 2519 1191 2573 lucratus
1213 2518 1324 2573 eris

952 2590 1174 2644 fratrem
1209 2598 1380 2643 tuum.

954 2660 1043 2716 16.
1074 2660 1133 2716 Si
1161 2667 1342 2716 autem
1375 2665 1483 2714 nOn

955 2741 1008 2787 te
1031 2731 1284 2797 audierit,
1313 2729 1398 2786 ad-

953 2802 1081 2860 hibe
1109 2811 1290 2859 tecum

952 2875 1132 2930 adhuc
1159 2883 1214 2930 et
1237 2887 1428 2941 unum,

955 2947 1041 3002 vel
1069 2947 1206 3002 duos
1230 2961 1246 3011 ;
1280 2954 1336 3001 ut
1363 2943 1422 3000 in

955 3031 1052 3073 ore
1077 3017 1310 3072 duorum

155 1947 198 2000 in
219 1945 370 2002 caelis
389 1957 529 2000 sem-

156 2031 234 2086 per
254 2017 430 2073 vident
452 2016 528 2071 fa-

154 2089 270 2144 ciem
297 2089 463 2144 Patris

153 2161 258 2224 mei,
287 2160 370 2228 qui
399 2161 450 2214 in
481 2173 607 2215 cae-

153 2232 221 2286 ll.
247 2232 309 2286 lis
333 2240 429 2286 est.
463 2230 624 2287 Venit

149 2311 304 2358 autem
325 2299 488 2358 Filius

152 2371 356 2430 hominis
377 2375 484 2429 sal-

151 2460 274 2526 vare,
300 2447 438 2518 quod
467 2451 556 2516 pe-

150 2526 312 2572 ruerat.

150 2588 220 2642 12.
246 2588 375 2658 Quid
394 2599 578 2646 autem
603 2603 698 2645 vo-

147 2659 215 2716 bis
238 2662 474 2717 videtur?

146 2732 183 2786 si
200 2731 388 2788 fuerint
412 2733 514 2788 ali-

147 2802 216 2857 cui
239 2803 310 2877 (δ)
342 2803 544 2861 homini
570 2803 612 2876 1-

144 2885 333 2931 centum
357 2891 512 2936 ονεε.

146 2956 191 3000 et
212 2949 253 3002 si
273 2948 536 3004 erraverit

145 3032 229 3072 una
256 3036 320 3074 ex
345 3021 452 3076 eis:
485 3033 621 3076 nou-

143 3103 200 3144 ne
217 3091 470 3162 relinquet

143 3174 322 3223 xcvnu.
355 3165 408 3219 in

956 3089 1196 3172 testium,
1231 3087 1313 3143 vel

955 3169 1116 3216 trium
1148 3169 1254 3217 stet
1283 3176 1403 3215 om-

541 3295 772 3353 CODEX
810 3293 1286 3353 CORBEIENSIS.

139 3409 195 3467 Et
216 3411 258 3467 si
278 3413 466 3469 oculus
489 3426 614 3469 tuus
637 3411 1016 3478 scandalizat,‘
1041 3414 1220 3470 exime
1249 3413 1486 3478 illum,et
1515 3412 1720 3483 projice

137 3491 222 3539 ate
255 3504 266 3538 :
294 3487 474 3541 utilius
511 3491 598 3542 eet
627 3487 768 3542 enim
794 3487 888 3540 tibi
917 3501 1080 3540 unum
1100 3485 1314 3541 oculum
1335 3486 1624 3542 habentem
1645 3485 1726 3540 in-

139 3560 260 3627 trare
272 3557 337 3611 ad
351 3558 702 3627 vitam,qu:un
725 3557 860 3612 duos
877 3557 1063 3612 oeulos
1081 3557 1367 3612 habentem
1393 3558 1527 3610 mitti
1554 3558 1604 3610 in
1628 3571 1694 3627 ge
1711 3587 1727 3598 -

135 3624 350 3682 bennam
368 3624 730 3699 ignis.Videte
763 3645 827 3684 ne
856 3631 1248 3684 contemnatis’
1268 3630 1334 3682 de
1365 3629 1446 3682 his
1471 3624 1718 3698 pusillis“

132 3699 464 3755 credentibus
488 3703 540 3756 in
575 3717 688 3756 me:
718 3701 840 3758 dici)
867 3701 1012 3756 enim
1042 3702 1228 3765 vobis,
1261 3700 1513 3770 quoniam
1543 3700 1718 3771 angeli

133 3782 299 3842 eorum
322 3771 343 3802 ³
361 3774 544 3827 vident
573 3787 790 3842 semper
818 3773 1006 3828 faciem
1042 3772 1213 3827 Patris
1241 3771 1371 3835 mei,
1395 3771 1486 3842 qui
1515 3772 1564 3842 in
1588 3787 1711 3826 coe-

131 3837 184 3892 lis
206 3851 306 3897 est.
339 3843 358 3873 ⁸
381 3843 408 3882 b
439 3843 577 3912 Quid
612 3837 764 3900 vobis
786 3844 1030 3900 videtur?
1057 3845 1102 3898 si
1135 3843 1155 3874 ⁸
1175 3844 1262 3898 cui
1292 3837 1496 3898 homini
1519 3841 1722 3897 fuerint

129 3923 328 3969 centum
358 3931 516 3980 oves,
546 3927 599 3969 et
627 3919 891 3971 erraverit
922 3931 1027 3970 una
1057 3931 1122 3971 ex
1150 3915 1254 3970 illis
1281 3933 1293 3969 :
1344 3930 1524 3968 nonne
1567 3913 1588 3944 °
1629 3929 1716 3968 re-

127 3982 304 4055 linquit
335 3988 826 4058 nonagintanovem
861 3988 913 4042 iu
957 3988 1228 4042 montibus
1249 4027 1265 4053 ,
1297 3996 1352 4041 et
1396 3985 1544 4040 vadit
1571 4001 1718 4056 qua:-

129 4069 232 4110 rere
270 4058 421 4130 illam
469 4075 588 4130 qua:
617 4060 864 4114 erravit?
902 4070 956 4114 et
984 4061 1027 4114 si
1060 4058 1351 4128 contigerit
1395 4067 1453 4130 ut
1480 4059 1720 4112 inveniat

125 4139 228 4180 eam
254 4145 267 4182 :
297 4128 630 4185 Amen'dico
653 4131 829 4198 vobis,
861 4131 882 4163 ⁷
910 4130 1053 4200 quod
1087 4131 1206 4200 plus
1230 4129 1483 4202 gaudebit
1513 4131 1564 4183 in
1596 4145 1715 4202 eam

121 4211 267 4265 quam
301 4203 354 4256 in
389 4199 1211 4271 nonagintanovem,quaenon
1235 4199 1578 4257 erraverunt.
1622 4199 1719 4256 Sic

121 4284 215 4322 non
245 4284 330 4327 est
359 4274 616 4328 voluntas
644 4285 770 4328 ante
793 4271 1010 4328 Patrem
1040 4285 1301 4341 vestrum,
1351 4273 1439 4344 qui
1467 4273 1518 4326 in
1545 4274 1720 4328 coelis

122 4349 196 4395 est
217 4386 231 4408 ,
264 4353 321 4397 ut
349 4355 544 4415 pereat
572 4361 708 4400 unus
734 4345 802 4400 de
830 4345 1037 4414 pusillis
1067 4346 1201 4399 istis.
1243 4345 1394 4412 Quod
1446 4344 1488 4399 si
1523 4359 1716 4413 pecca-

119 4416 246 4471 verit
275 4416 326 4470 in
365 4429 419 4471 te
469 4419 634 4473 frater
667 4428 789 4472 tuus
815 4459 828 4480 ,
862 4417 997 4472 vade
1019 4461 1032 4485 ,
1066 4417 1088 4448 ⁸
1123 4419 1336 4486 corripe
1373 4415 1525 4470 illum
1567 4417 1718 4472 solus

119 4497 230 4538 cum
261 4489 410 4544 solo.
444 4487 502 4544 Si
535 4499 585 4542 te
614 4488 875 4554 audierit,
908 4490 1146 4545 lucratus
1176 4504 1234 4541 es
1291 4488 1509 4544 fratrem
1545 4497 1716 4541 tuum.

120 4555 139 4586 ’
162 4559 310 4623 Quod
343 4566 395 4616 si
439 4569 495 4615 te
543 4576 648 4614 non
689 4561 963 4627 audierit,
1003 4559 1200 4615 adhibe
1234 4575 1433 4623 unum,
1463 4569 1552 4612 aut
1581 4560 1722 4614 duos

119 4631 287 4758 ἓξὲξ)
325 4649 342 4698 ;
375 4639 434 4687 et
465 4634 840 4703 praesentibus
870 4633 1079 4688 duobus
1107 4673 1122 4698 ,
1174 4631 1258 4688 vel
1292 4631 1461 4686 tribus
1493 4631 1722 4687 testibus

302 4718 422 4758 om-

121 4704 276 4758 stabit
302 4718 422 4760 om-

3307 305 3418 366 262

2257 405 2490 475 cooax
2537 400 2987 478 VERONENSIS.

2661 515 2824 581 tibus,
2857 525 2910 570 et
2943 514 3088 570 vadit

2659 601 2924 656 quaerere
2945 600 3064 642 eam

2658 673 2794 726 quae
2822 659 3045 727 erravit,

2661 729 2748 785 l5.
2776 740 2830 786 et
2855 732 2900 786 si

2662 803 2955 869 contigerit
3013 801 3018 805 ⁴

2665 885 2720 928 ιιι
2749 875 2986 928 inveniat
3016 887 3170 931 eam:

1821 530 1972 569 num.
2294 576 2297 577 ν

1821 586 1873 641 9.
1909 587 1974 641 Et
2001 585 2047 640 si
2077 585 2265 641 oculus

1825 667 1946 713 tuus
1972 657 2304 714 scandalizat

1823 737 1902 796 te,
1934 745 2064 785 erue
2090 746 2236 794 eum,

1823 809 1881 857 et
1909 802 2091 872 proice
2119 801 2219 858 abs

1825 882 1877 928 te
1902 871 1921 931 ξ
1950 873 2151 929 bonum
2184 871 2280 928 tibi

1823 956 1908 1000 est
1937 949 2081 1000 enim
2118 960 2248 1000 ocu-

1825 1016 1934 1070 lum
1963 1015 2248 1072 habentem

1823 1088 1878 1142 in
1911 1089 2074 1142 vitam
2107 1089 2276 1144 intra-

1824 1174 1905 1224 re,
1937 1173 2095 1228 quam
2123 1159 2261 1216 duos

1823 1229 2013 1286 oculos
2037 1229 2322 1287 habentem

1823 1302 1963 1356 mitti
1996 1303 2047 1356 in
2073 1302 2275 1372 gehen-

1824 1389 1952 1428 nam
1981 1373 2140 1443 ignis.

1827 1444 1916 1500 10.
1955 1444 2144 1500 Videte
2169 1460 2238 1501 ne
2262 1459 2400 1503 con-

1827 1515 2079 1571 temnatis
2110 1531 2276 1573 unum

1826 1602 1894 1642 ex
1923 1586 2008 1642 his
2036 1587 2206 1657 pusil-

1827 1658 1916 1725 lis,
1947 1657 2024 1722 (a)
2054 1659 2144 1730 qui
2172 1663 2291 1716 ore.

1827 1731 1964 1803 dunt
1992 1733 2044 1785 in
2075 1747 2160 1786 me
2188 1731 2265 1803 1‘:

1826 1801 1950 1857 dico
1969 1803 2115 1858 enim
2142 1801 2238 1857 vo-

1825 1872 1931 1939 bis,
1960 1869 2110 1944 quod
2132 1879 2229 1928 an-

1825 1945 1931 2014 geli
1957 1960 2148 2001 eorum

1825 2016 1882 2071 in
1905 2017 2072 2072 caelis
2097 2031 2242 2086 sem-

1827 2101 1925 2158 per
1945 2088 2127 2144 vident
2156 2087 2232 2142 fa-

1829 2160 1971 2216 ciem
1996 2158 2172 2215 Patris'

1830 2233 1961 2298 mei,
1990 2233 2081 2303 qui
2111 2230 2164 2286 in

1831 2303 1920 2358 ll.
1944 2293 2118 2360 'ca'elis
2144 2311 2248 2359 est.
2275 2293 2381 2360 Ve-

2662 947 2834 1000 Atnen
2857 945 2981 1001 dico
3010 953 3104 1002 Vo-

2661 1016 2767 1089 bis,
2801 1017 2943 1088 quod
2971 1033 3102 1089 gau-

2661 1086 2888 1143 debit'iu
2919 1086 3044 1143 ea'm'

2666 1161 2837 1230 magis
2867 1176 3028 1231 quam
3061 1157 3121 1216 lr‘t

2662 1247 2866 1286 xcvnu.
2891 1243 3032 1301 quae

2661 1318 2770 1359 non
2795 1318 3014 1360 errave-

2662 1385 2805 1430 runt.

2662 1445 2750 1501 M.
2780 1446 2870 1502 Sic
2900 1462 3006 1500 non
3038 1447 3122 1502 est

2665 1517 2916 1574 voluntas
2945 1525 3074 1573 ante

2665 1588 2880 1645 Patrem
2909 1598 3168 1658 vestrum,

2665 1664 2755 1731 qui
2785 1663 2837 1716 in
2867 1661 3034 1721 caelis

2665 1729 2773 1799 est,
2806 1746 2864 1788 ut
2887 1729 3074 1803 pereat

2667 1819 2807 1876 unus
2834 1819 2903 1876 ex
2932 1819 3033 1876 pu-

2667 1875 2801 1930 sillis
2824 1875 2960 1930 istis.

2667 1943 2755 2002 15⁷.
2791 1943 2943 2019 Quod
2965 1947 3010 2002 si
3039 1961 3165 2019 pec-

2665 2021 2870 2074 caverit
2899 2018 2950 2072 in
2985 2025 3042 2075 te

2665 2088 2831 2144 frater
2861 2097 3006 2156 tuus,

2665 2162 2820 2227 vade,
2845 2169 2901 2217 et
2924 2176 3048 2216 cor-

2665 2231 2782 2302 ripe
2802 2247 2924 2288 eum
2945 2233 3028 2287 in-

2667 2312 2750 2358 ter
2773 2314 2844 2370 te,
2873 2313 2928 2358 et
2954 2303 3130 2374 ipsum

2665 2375 2866 2432 solum.
2897 2374 2955 2431 Si
2989 2387 3040 2431 te

2665 2447 2897 2502 audierit
2916 2488 2934 2513 ,
2967 2447 3142 2504 lucra-

2669 2527 2754 2572 tus
2783 2519 2892 2574 eris
2920 2519 3142 2575 fratrem

2669 2597 2842 2644 tuum.

2669 2659 2759 2716 16.
2790 2660 2845 2714 Si
2871 2670 3051 2717 autem
3074 2667 3181 2718 neu

2668 2741 2720 2786 te
2747 2730 3002 2798 audierit,
3032 2731 3129 2787 a‘d—

2667 2800 2796 2858 bibe
2825 2812 2999 2858 tecum
3023 2802 3119 2858 ad-

2666 2872 2772 2929 huc
2795 2889 2987 2942 unum,
3021 2875 3106 2930 vel

2666 2944 2839 3012 duos;
2872 2955 2930 3000 ut
2950 2946 3004 3000 lii

2665 3030 2763 3072 ore
2791 3013 3028 3072 duorum

2666 3088 2910 3155 testium,
2940 3087 3031 3146 vel

2667 3161 2830 3214 trium
2864 3169 2972 3217 stet

1832 2373 1914 2428 nit
1937 2374 2106 2430 Filius
2130 2371 2229 2429 h‘o-

1829 2445 1992 2500 minis
2021 2447 2255 2511 salvare,

1830 2517 1973 2584 quod
2003 2518 2257 2586 perierat.

1832 2587 1920 2642 l2.
1953 2585 2089 2655 Quid
2117 2585 2272 2642 vobis

1829 2658 2078 2714 videtur?
2106 2661 2150 2714 si
2182 2657 2296 2716 (αε-

1827 2728 1938 2784 rint
1961 2730 2121 2784 alicui
2163 2727 2244 2801 (ὃ)

1829 2801 2034 2856 homini
2065 2801 2106 2874 -ί-
2129 2816 2256 2857 cen-

1830 2882 1942 2927 tum
1969 2887 2118 2940 oves,
2146 2883 2202 2928 et

1828 2946 2093 3000 erraverit
2117 2949 2227 3000 una

1829 3029 1896 3070 ex
1920 3016 2034 3070 eis:
2067 3021 2252 3071 nonne‘

1830 3086 2100 3156 relinquet
2127 3093 2198 3144 xc

1831 3166 1888 3213 et
1918 3173 2050 3214 vnn.
2079 3157 2135 3215 in
2163 3174 2318 3215 mon-

2297 3291 2528 3350 CODEX
2570 3293 2971 3354 BRIXIANUS.

1829 3425 1980 3465 num.
2018 3410 2082 3465 Et
2112 3411 2154 3465 si
2185 3411 2374 3467 oculus
2405 3421 2526 3468 tuus
2563 3411 2898 3469 scandalizat
2936 3423 3008 3471 te.
3041 3429 3173 3470 erue
3198 3429 3346 3470 eum.
3381 3425 3437 3472 et

1833 3485 2019 3551 proice
2058 3484 2156 3538 abs
2204 3492 2276 3539 te.
2325 3485 2520 3539 melius
2554 3497 2639 3540 ρει
2664 3487 2810 3540 enim
2843 3485 2958 3540 tibi.
2983 3503 3105 3541 cum
3141 3503 3248 3541 uno
3274 3487 3436 3543 oculo

1834 3555 1889 3608 in
1915 3555 2080 3609 vitam
2128 3555 2356 3625 ingredi.
2397 3572 2556 3625 quam
2579 3556 2717 3611 duos
2738 3558 2926 3612 oculos
2957 3557 3264 3614 habentem.
3298 3559 3434 3612 mitti

1834 3626 1890 3679 in
1924 3627 2099 3695 ignem
2133 3639 2418 3681 aatcrnum.
2461 3625 2653 3682 Videte
2689 3644 2756 3683 ne
2780 3631 3141 3684 contemnatis
3174 3647 3338 3684 unum
3367 3645 3434 3684 ex

1833 3696 2048 3770 pusillis
2093 3697 2232 3752 istis.
2272 3700 2396 3752 dico
2422 3700 2565 3770 enim
2608 3699 2784 3770 vobis.
2815 3704 2936 3768 quia
2965 3703 3350 3770 angelicorum
3375 3700 3431 3756 in

1830 3769 1997 3842 caelis
2027 3784 2244 3842 semper
2287 3770 2472 3842 vident
2505 3768 2706 3842 faciem
2741 3771 2913 3842 Patris
2941 3768 3056 3826 mei
3079 3773 3169 3842 qui
3195 3774 3245 3826 in
3271 3773 3437 3828 caelis

1831 3839 2115 3914 estﬂenit
2135 3842 2276 3914 enim
2306 3839 2478 3914 Filius
2503 3840 2740 3914 hominis
2765 3841 2978 3914 salvare
3002 3839 3144 3914 quod
3178 3847 3433 3914 perierat.

1831 3910 1968 3979 Quid
1999 3913 2150 3969 vobis
2183 3910 2395 3968 videtur
2425 3913 2468 3966 si
2501 3911 2702 3967 fuerint
2726 3912 2888 3967 alicui
2913 3909 2990 3982 (ὁ)
3017 3909 3218 3968 homini
3246 3912 3286 3984 νι-
3308 3930 3438 3968 cen-

1831 3992 1944 4037 tum
1976 3997 2126 4038 oves.
2178 3995 2233 4038 et
2257 3984 2523 4038 erraverit
2554 3999 2656 4038 una
2695 3999 2760 4038 ex
2793 3985 2892 4038 eis.
2941 4000 3124 4039 nonne
3171 3985 3439 4055 relinquet

1829 4055 2161 4125 nonnaginta
2180 4070 2370 4110 novem
2398 4055 2448 4109 in
2479 4056 2837 4110 montibus.et
2863 4057 3012 4111 vadit
3030 4072 3292 4126 quaerere
3317 4073 3438 4111 eam

1825 4141 1972 4253 guae
1997 4129 2218 4182 erravit.
2247 4137 2301 4182 et
2331 4128 2376 4182 si
2405 4127 2717 4197 contigerit.
2749 4141 2804 4181 ut
2829 4127 3070 4183 inveniat
3093 4144 3234 4183 eam.
3264 4131 3439 4184 Amen

1869 4199 1951 4253 ico
1967 4198 2139 4253 vobis.
2160 4198 2280 4253 uuia
2301 4198 2556 4253 gaudebit
2573 4214 2738 4253 suner
2751 4214 2868 4253 eam
2882 4239 2895 4252 .
2915 4202 3258 4253 macisuuam
3277 4215 3439 4253 super

1869 4199 1951 4254 ico
1967 4198 2139 4271 vobis.
2160 4198 2280 4269 quia
2301 4198 2556 4268 gaudebit
2573 4214 2738 4268 super
2751 4214 2868 4254 eam
2882 4239 2895 4252 .
2915 4202 3258 4270 magisquam
3277 4215 3441 4271 Super

1827 4268 2157 4340 nonnagiuta
2185 4268 2377 4326 novem
2428 4285 2563 4340 quae
2594 4287 2699 4324 non
2733 4268 3073 4326 erraverunt.
3105 4268 3195 4327 Sic
3221 4287 3327 4326 non
3348 4268 3442 4327 ’ρει

1827 4342 2077 4397 voluntas
2104 4343 2154 4396 in
2185 4351 2477 4412 conspectu
2507 4342 2682 4397 Patris
2711 4345 2872 4397 vestri
2896 4344 2984 4412 qui
3015 4346 3066 4398 in
3089 4344 3254 4398 eaelis
3272 4346 3443 4398 (δείλη

1902 4423 2015 4469 reat
2048 4429 2187 4468 unus
2215 4414 2283 4485 de
2315 4413 2523 4483 pusillis
2550 4413 2750 4469 istis.Si
2776 4426 2956 4469 autem
2983 4417 3288 4485 peccaverit
3312 4417 3361 4469 in
3388 4426 3440 4470 te

1856 4494 2000 4539 rater
2032 4494 2154 4540 tuus
2190 4484 2326 4540 vade
2351 4497 2401 4540 et
2425 4486 2638 4556 corripe
2667 4501 2789 4540 eum
2816 4486 2956 4541 inter
2979 4484 3030 4541 te
3058 4498 3111 4541 et
3143 4488 3314 4555 ipsum
3353 4501 3442 4540 so-

1830 4556 1962 4612 lum.
1992 4557 2046 4612 Si
2082 4566 2134 4612 te
2164 4557 2392 4612 audierit
2422 4557 2657 4612 lucratus
2673 4556 3157 4612 esfratremtuum.
3183 4557 3436 4614 Siautem

1831 4644 1938 4684 non
1972 4638 2025 4683 te
2060 4629 2294 4684 audierit
2321 4627 2520 4684 adhibe
2551 4635 2730 4685 tecum
2753 4630 2930 4684 adhuc
2973 4645 3138 4684 unum
3167 4633 3247 4685 vel
3277 4630 3436 4684 duos.

1831 4711 1891 4756 ut
1909 4702 1959 4755 in
1980 4715 2076 4756 ore
2100 4703 2328 4756 duorum
2355 4700 2572 4756 testium
2592 4700 2674 4757 vel
2698 4701 2859 4756 trium
2878 4709 2986 4757 stet
3004 4717 3124 4756 om-

799 4862 1195 4922 VARIANTES
1231 4860 1624 4920 LECTIONES
1661 4856 1936 4917 CODICIS
1974 4856 2089 4916 MS.
2130 4857 2187 4915 S.
2228 4855 2752 4916 GERMANENSIS.

169 5003 188 5069 ξ
219 5009 293 5069 te,
309 5018 448 5055 erue
464 5015 579 5069 eum
589 5003 744 5069 ._._._Aab‘s
755 5007 806 5054 te
828 5019 840 5069 ς
857 5002 1038 5069 bonum
1057 5002 1142 5069 tibi
1162 5010 1299 5053 est...
1313 5003 1364 5053 in
1379 5001 1532 5054 vitam
1547 5002 1724 5053 venire

166 5065 190 5130 ξ
219 5065 376 5117 unum
404 5071 482 5117 ex'
503 5065 688 5130 pusillis
707 5065 733 5098 ‘
758 5068 842 5130 qui
861 5065 1070 5117 credunt
1093 5065 1144 5115 in
1169 5072 1258 5117 me

166 5127 188 5194 ξ
217 5130 268 5194 iu
291 5131 461 5194 coctis
485 5127 684 5194 semper
713 5127 881 5194 vident

109 5195 114 5243 ζ
167 5191 188 5260 ξ
218 5192 377 5260 Yenit
401 5191 435 5230 h
466 5190 620 5260 enim,
645 5198 695 5246 ut
719 5190 868 5260 Vulg.

167 5254 190 5286 ⁸
219 5253 424 5310 fuerint
453 5254 602 5308 alicui

1897 4998 1920 5030 ο
1952 4996 2206 5061 relinquet

1893 5061 1919 5156 ζ
1950 5059 2510 5156 adsuescam
2531 5071 2661 5124 θεων
2681 5059 2843 5126 ωεείέ
2863 5057 3014 5126 dum

1894 5123 1919 5156 ⁸
1954 5120 2022 5185 et,
2051 5120 2171 5182 etc.,
2197 5128 2247 5174 ut
2277 5120 2436 5191 Vulg.“

1893 5187 1916 5218 ο
1949 5183 2002 5234 Si
2025 5189 2210 5249 autem,
2237 5191 2334 5238 etc.
2344 5225 2360 5252 ,
2379 5190 2431 5240 ut
2455 5183 2606 5253 Vulg.

1446 5344 1810 5419 BLRNCHINI
1840 5357 2073 5418 nom.

177 5513 203 5542 ι
227 5500 306 5559 Ita
338 5502 591 5560 Hilarius
618 5499 824 5558 addens
846 5515 971 5558 cum
1013 5515 1143 5557 mss.
1187 5499 1431 5568 nostris,

113 5645 378 5706 Saxonica
405 5644 519 5703 Th.
553 5644 958 5703 Mareschallus.

177 5513 203 5542 ι
228 5507 306 5559 ita
338 5507 591 5560 Hilarius
618 5507 824 5558 addens
846 5515 971 5558 cum
1013 5515 1143 5557 mss.
1187 5507 1431 5568 nostris,
1482 5507 1570 5572 (μή
1617 5507 1728 5555 cre-

113 5575 232 5630 dunt
256 5578 313 5630 in
340 5592 429 5631 me
463 5591 484 5645 ;
511 5573 656 5645 quod
683 5588 838 5644 teque
864 5573 1143 5630 adnotavit
1169 5573 1222 5629 in
1255 5573 1522 5630 Versioue
1550 5571 1726 5645 Anglo

1906 5495 2183 5573 bplnte'ger
2203 5498 2501 5573 versiculus
2526 5500 2615 5556 hic
2647 5514 2863 5573 quoque
2888 5501 3232 5559 desideratur
3256 5503 3310 5560 in
3334 5514 3438 5560 ms.

1834 5571 2191 5628 Corboiensi:
2221 5571 2470 5628 eumdem
2500 5586 2632 5629 vero
2658 5571 2860 5631 retinet
2881 5575 3055 5632 codex
3077 5575 3444 5635 Sen-Germa-

1835 5642 2022 5701 nensis
2041 5684 2058 5714 ,
2096 5642 2338 5724 Vulgata
2364 5643 2588 5701 editioni
2617 5646 2996 5704 consentiens.

183 5785 496 5864 (a)_A_ddit,
546 5787 630 5864 qui
656 5787 872 5864 credunt
913 5786 970 5844 in
1022 5804 1120 5864 me.
1165 5786 1230 5842 Et
1282 5785 1351 5864 ita
1380 5787 1517 5864 cod.
1562 5786 1713 5844 Cant.

1841 5811 1864 5844 ν
1917 5785 2264 5845 πιστευόντων
2318 5787 2390 5852 εἰς
2453 5787 2580 5864 did;
2632 5802 2665 5848 e
2708 5803 2868 5848 versu
2913 5787 2947 5846 6
2994 5787 3155 5860 hujus
3201 5803 3320 5861 cap.
3373 5819 3443 5830 —-

117 5859 201 5937 (ὁ)
217 5859 388 5923 Addit
417 5859 640 5927 homini,
665 5860 830 5918 etiam
859 5867 1036 5918 textus
1062 5859 1285 5917 Graicus
1309 5861 1584 5936 ἀνθρώπῳ.
