3894 6336
483 297 592 354 265

889 407 1124 466 CODEX
1163 400 1700 461 VERCELLENSIS.

1324 497 1553 554 Petrus.
1586 535 1598 548 .
1628 536 1640 548 .
1669 493 1746 549 xit

1323 570 1373 624 ei
1401 586 1413 621 :
1439 567 1666 622 Domine
1690 565 1734 620 si
1763 578 1888 636 pec-

1323 641 1530 696 caverit
1553 639 1606 694 in
1637 653 1723 694 me

1324 711 1493 794 frater
1517 725 1689 775 meus,

1323 796 1572 855 quotiens
1594 797 1685 855 Are—

1325 853 1534 910 mittam
1558 853 1606 907 ei
1629 853 1652 906 ?
1679 867 1767 907 us-

1325 943 1428 994 que
1451 924 1686 994 septies?

1325 993 1416 1052 22.
1446 993 1584 1051 Dicit
1604 996 1678 1050 illi
1702 993 1896 1052 Iesus?
1914 1008 2021 1050 non

1327 1070 1452 1125 dico
1481 1068 1573 1122 tibi
1606 1082 1781 1138 usque

1328 1142 1529 1210 septies
1553 1156 1567 1193 :
1592 1137 1806 1194 sedus-

1330 1227 1436 1283 que
1461 1218 1677 1280 septua-

1331 1284 1447 1354 gies
1478 1283 1697 1354 septies.

1329 1351 1423 1411 25.
1451 1351 1581 1409 Ideo
1608 1351 1786 1408 simile
1815 1358 1898 1406 est

1334 1426 1549 1482 habiltts
1577 1439 1699 1495 reg-

1335 1499 1388 1553 ni
1411 1497 1685 1553 caelorum

1335 1569 1539 1625 homini
1567 1567 1701 1636 regi,

1335 1643 1425 1712 qtti
1456 1639 1624 1694 voluit
1649 1652 1738 1692 ra-

1336 1715 1538 1769 tionem
1570 1724 1736 1781 pone-

1335 1800 1395 1841 re
1416 1799 1538 1843 cum
1567 1781 1739 1837 servis

1334 1857 1427 1912 24.
1461 1857 1597 1910 suis.
1630 1853 1844 1918 Etcum

1335 1927 1603 1999 coepisset
1631 1940 1718 1980 ra-

1339 2002 1540 2056 tionem
1575 2011 1744 2067 pone-

1339 2087 1418 2140 re,
1447 2071 1658 2126 oblatus
1681 2074 1766 2140 est

1339 2145 1386 2199 ei
1406 2139 1582 2208 unus,
1615 2140 1706 2210 qui
1733 2139 1830 2194 de-

1340 2215 1444 2272 beb
1631 2225 1784 2266 eccm

1340 2287 1486 2341 milia
1516 2287 1687 2340 talen—

1336 2357 1430 2412 25.
1464 2369 1537 2412 ta.
1563 2356 1698 2411 Cum
1728 2359 1907 2409 autem

1339 2447 1446 2485 non
1477 2427 1702 2482 haberet

1341 2502 1483 2557 unde
1509 2499 1704 2555 redde-

1340 2584 1460 2637 ret,
1487 2570 1646 2640 jussit
1673 2583 1797 2624 eum

1340 2643 1596 2700 dominus
1619 2656 1826 2696 venun-

1343 2716 1496 2781 dari,
1527 2725 1577 2770 et
1612 2728 1748 2768 uxo—

1342 2803 1458 2844 rem
1483 2787 1624 2856 ejus,
1650 2791 1706 2841 et
1740 2784 1800 2838 li-

1344 2859 1470 2923 lios,
1499 2869 1554 2914 et
1583 2857 1767 2912 omnia

1343 2948 1465 3001 qua:
1489 2927 1748 3001 habebat,

1342 3000 1401 3058 et
1422 3001 1574 3058 reddi
1605 3000 1757 3054 debi-

1342 3075 1436 3130 26.
1479 3084 1614 3128 tum.
1644 3070 1777 3126 Pro;

490 523 560 566 ne
591 506 834 562 verbum.

493 581 584 635 17.
613 578 767 648 Quod
799 577 842 631 si
872 590 978 630 non

490 651 722 706 audierit
748 663 843 704 eos
876 664 890 700 :

490 723 578 782 dic
607 720 887 778 ecclesiae.

489 796 547 851 Si
571 805 748 849 autem
774 791 947 846 eccle-

490 868 626 921 siam
655 879 760 919 uon
789 878 883 917 au-

490 935 672 1001 dierit,
705 934 776 989 sit
816 933 911 989 tibi

489 1009 629 1064 sicut
654 1006 830 1064 ethni-

489 1095 584 1137 cus
613 1088 671 1135 et
697 1077 939 1149 publica-

495 1153 581 1209 18.
615 1165 734 1206 nus.
769 1149 942 1204 Amen

491 1223 616 1282 dico
642 1220 796 1275 vobis
823 1235 988 1290 quae-

492 1308 724 1365 cumque
750 1293 935 1363 alliga-

493 1369 682 1423 veritis
704 1379 869 1434 super

496 1447 721 1502 terram,
746 1443 904 1490 erunt

496 1509 714 1580 alligata
743 1507 795 1562 in
827 1520 948 1563 cae-

496 1582 550 1637 lo
577 1599 588 1634 :
619 1589 675 1636 et
695 1585 984 1648 quaecum-

496 1669 604 1724 que
633 1651 863 1708 solveri—

463 1765 467 1770 -
499 1727 567 1780 tis
595 1739 760 1794 super
790 1730 1014 1786 terram,

500 1804 662 1853 erunt
691 1795 865 1850 soluta

499 1868 558 1924 in
589 1867 764 1925 caelo-

502 1939 590 1996 19.
624 1938 686 1994 Ι.
711 1978 727 1995 .
757 1952 908 1994 .rum
943 1934 1022 2008 (a)
1050 1931 1263 2004 amen?

500 2013 623 2068 dico
648 2009 822 2071 vobis.
855 2010 980 2077 quia

500 2084 545 2138 si
576 2082 787 2138 duobus
815 2097 948 2137 con-

500 2157 710 2212 venerit
743 2168 908 2222 super

505 2236 726 2292 terram,
757 2224 825 2280 de
850 2240 967 2280 om-

504 2299 558 2354 ni
581 2313 640 2354 re
663 2311 954 2365 quaecum-

503 2385 610 2439 que
631 2367 906 2439 petierint,

503 2441 596 2497 llet
622 2441 728 2496 illis
751 2454 781 2493 a
808 2439 970 2494 Patre

503 2528 649 2578 meo,
679 2510 770 2582 qui
797 2511 849 2566 in
882 2525 1006 2582 cae-

503 2585 595 2643 20.
626 2578 815 2640 lis—est.
849 2581 954 2639 Ubi
974 2578 1120 2637 enim

503 2665 630 2714 sunt
659 2655 765 2710 duo
790 2653 875 2711 vel

503 2735 614 2785 tres
643 2742 874 2799 congre-j

503 2799 610 2872 gati
637 2799 692 2855 in
726 2798 904 2855 nemi-

502 2871 574 2929 ne
591 2886 734 2938 meo,
760 2871 831 2926 ibi
854 2878 911 2926 et

504 2958 606 3018 ego
635 2958 754 3018 sum
783 2941 836 2997 in
868 2954 982 3018 me-l

503 3008 594 3072 2i.
627 3016 715 3071 dio
743 3028 953 3071 eorum.
973 3008 1126 3065 Tunc

505 3086 772 3144 accedens
795 3086 864 3141 ad
893 3097 1017 3140 eum

925 3215 1158 3275 CODEX
1193 3206 1669 3271 CORBEIENSIS.

507 3332 578 3374 ne
589 3312 991 3383 verbum.Quod
1013 3311 1088 3366 ‘si
1110 3317 1166 3364 et
1193 3322 1290 3362 eos
1318 3319 1423 3383 non
1437 3299 1673 3383 audierit
1687 3317 1701 3381 ε
1717 3296 1804 3354 die
1825 3295 2103 3383 ecclesiae:

507 3365 1119 3446 sistiieiﬁéiaétésim
1136 3396 1242 3435 non
1258 3375 1485 3432 audierit
1498 3375 1589 3438 ,sit
1605 3370 1698 3446 tibi
1715 3380 1970 3438 tanquam
1987 3365 2110 3420 eth-

508 3443 748 3517 niens’ct
775 3466 832 3512 ut
858 3443 1195 3528 publicanus.
1225 3452 1396 3505 Amen
1426 3447 1547 3501 dico
1571 3443 1754 3528 vobis,
1781 3455 2116 3528 quaequom-

509 3512 980 3604 que—alligave'ritis
1003 3540 1166 3595 super
1193 3533 1417 3604 terram,
1441 3526 1599 3572 erunt
1622 3514 1643 3545 ⁸
1668 3514 1882 3584 alligata
1917 3512 1967 3564 in
1991 3525 2118 3604 ene:

510 3589 564 3660 lo
590 3622 602 3658 :
655 3589 1153 3670 et'iptaeqnumqne
1183 3591 1452 3670 solveritis
1478 3601 1642 3670 super
1689 3596 1888 3670 terram
1917 3623 1932 3646 ,
1961 3589 2119 3670 erunt

509 3653 823 3730 silmilia
851 3653 1026 3729 cilicio.
1061 3653 1233 3724 Amen
1259 3664 1379 3720 dico
1409 3653 1581 3725 vobis,
1625 3658 1748 3727 quia
1778 3656 1821 3710 si
1849 3654 2062 3708 duobus
2092 3653 2113 3684 ⁸

509 3745 826 3804 convenerit
871 3757 1035 3811 super
1080 3749 1300 3811 terram,
1355 3734 1436 3811 de_
1463 3731 1609 3787 omni
1661 3744 1719 3782 re
1746 3740 2117 3808 quaecumque

882 3797 1168 3890 continget
1198 3797 1305 3890 illis
1347 3822 1376 3859 a
1407 3807 1562 3890 Patre
1592 3815 1714 3856 tneo
1740 3797 1777 3864 ,ί
1802 3802 1909 3890 qui
1929 3808 2011 3890 est
2059 3797 2113 3851 in

509 3871 844 3948 Eéé'tisJUiu
879 3888 1025 3942 enim
1053 3871 1180 3938 sunt
1208 3882 1314 3934 duo
1343 3877 1428 3932 vel
1457 3885 1568 3930 tres
1597 3871 1912 3948 congregati
1941 3871 1958 3899 ⁷
1993 3879 2113 3922 tau-

510 3945 623 4018 tum
660 3963 714 4016 in
745 3961 965 4015 nomine
991 3970 1112 4012 meo
1141 3995 1155 4018 ,
1190 3954 1212 3985 ⁸
1240 3949 1312 4006 ibi
1339 3965 1440 4021 ego
1466 3945 1670 4021 suntin
1698 3947 1876 4021 medio
1902 3955 2110 4021 eorum.

508 4012 974 4090 fu'ncmaccedens
1017 4028 1084 4082 ad
1127 4012 1250 4081 eum
1279 4012 1473 4077 Pet'rus
1500 4019 1634 4074 dixit
1665 4016 1715 4070 ei
1746 4032 1758 4066 :
1820 4012 2115 4090 Domin_e__si

510 4082 901 4176 peccaverit-iu
913 4082 1201 4176 frater
1233 4109 1408 4176 meus,
1438 4090 1980 4176 quotiens-remittam
2004 4082 2117 4136 illi?

511 4158 540 4211 ⁵
557 4158 767 4247 septies
787 4171 977 4247 ?rl)icit
999 4169 1079 4226 illi
1099 4170 1265 4247 AJesus
1291 4158 1470 4247 χΝοιὶ
1498 4162 1622 4216 dico
1650 4158 1746 4212 tibi
1774 4170 1944 4226 usque
1989 4169 2113 4224 sep-

517 4237 775 4326 ties'aeeﬂ
799 4246 840 4326 ‘f’
857 4245 1178 4326 .sevtstasieﬁ
1196 4237 1420 4326 Set’l‘cs-

816 4297 945 4373 me};
970 4297 1010 4347 ίί
1039 4297 1214 4368 simile
1243 4297 1327 4365 est
1351 4320 1576 4376 regnum
1609 4299 1884 4376 caelorum
1909 4297 2116 4376 h_omi_t_ti

513 4368 976 4462 regﬁiii'véilin
1002 4388 1269 4462 rationem
1301 4368 1502 4450 ponére
1525 4390 1645 4462 cum
1670 4371 2003 4462 servis-suis.
2049 4368 2117 4422 Et

513 4444 677 4535 quiuit
703 4444 971 4535 coepisset
1002 4457 1273 4535 rationem
1302 4444 1524 4535 ponere,
1547 4445 1758 4535 oblatus
1777 4452 1860 4498 est
1874 4444 1928 4535 ei
1953 4455 2110 4507 unus,

512 4517 602 4607 qui
635 4517 1280 4607 debeb'atdecem_millia
1304 4517 1530 4607 talenta.
1582 4517 1758 4607 Quum
1787 4525 1978 4607 autem
2008 4527 2116 4607 non

515 4587 922 4664 Haberei'uildo
977 4599 1260 4660 redderet,
1303 4593 1466 4663 jussit
1490 4606 1611 4664 eum
1647 4589 1689 4619 "
1712 4587 1964 4664 dominus
1987 4598 2119 4639 suus

512 4659 868 4736 vaetiuindari
894 4717 909 4742 ,
938 4683 992 4730 et
1019 4659 1728 4742 uxorem’ejus,_etlilios_,et
1748 4659 1929 4713 omnia
1952 4671 2121 4728 quae-

514 4733 791 4824 quomque
820 4733 1140 4834 habebat,et
1161 4733 1314 4799 reddi
1335 4736 1600 4794 debitum.
1625 4733 1758 4788 Pro—

1004 288 1275 352 EUSEBII
1313 275 1654 376 VER‘CELL.
1698 281 2147 342 EVANGELIUM
2183 280 2325 339 CUM
2366 277 2597 336 VARUS
2635 273 2791 334 COD.
2829 273 3227 334 COLLATUM.
3631 281 3714 338 264

2627 389 2858 450 CODEX
2899 388 3343 449 VERONENSIS.

2193 504 2356 546 omne
2383 487 2628 545 verbum.
3103 483 3196 538 2|.
3238 483 3382 540 Tunc
3411 486 3640 546 accedens

2196 564 2286 619 17.
2329 561 2483 629 Quod
2506 562 2550 614 si
2583 573 2692 615 non
3031 556 3098 612 ad
3129 572 3252 629 eum
3287 556 3465 629 Petrus

2195 627 2433 690 audierit
2458 647 2553 688 eos
2587 651 2600 686 :
3031 627 3170 683 dixit
3195 628 3243 683 ei
3277 647 3289 683 :
3318 627 3415 682 Do-

2195 706 2282 762 dic
2306 705 2599 768 ecclesiae,
3036 703 3182 755 mine
3209 700 3252 756 si
3287 699 3523 768 peccabe-

2197 778 2254 834 Si
2277 787 2457 832 autem
2486 776 2662 832 eccle-
3035 773 3109 826 rit
3139 772 3194 826 in
3225 786 3310 826 me
3342 772 3495 826 frater

3037 859 3191 898 meus
3207 884 3223 908 ,
3253 844 3488 914 quotiens

3036 913 3304 969 remittant
3335 915 3425 971 ei?
3452 928 3532 970 us-

3037 1001 3142 1054 que
3169 985 3406 1055 septies?

3036 1058 3128 1111 22.
3175 1058 3316 1112 Dicit
3340 1056 3412 1112 illi
3439 1056 3616 1116 Jesus:

3038 1128 3155 1184 Non
3186 1128 3308 1184 dico
3336 1129 3429 1184 tibi

3041 1216 3211 1270 usque
3237 1202 3461 1271 septies;

3038 1271 3132 1328 sed
3159 1288 3327 1343 usque
3356 1283 3556 1344 septua-

3039 1345 3155 1410 gies
3185 1353 3241 1398 et
3266 1346 3480 1414 septies.

3037 1415 3128 1470 25.
3171 1415 3298 1471 Ideo
3329 1415 3512 1471 similis

3039 1497 3119 1542 est
3153 1486 3368 1542 habitus
3395 1502 3476 1542 re-

3040 1559 3129 1628 gni
3155 1559 3426 1614 caelorum

3044 1631 3247 1685 homini
3275 1631 3384 1702 regi
3407 1672 3421 1695 ,

3042 1704 3129 1772 qui
3159 1701 3521 1758 Voluit’ratio-

3041 1789 3164 1845 nem
3193 1789 3398 1845 ponere
3422 1790 3539 1828 cum

3041 1844 3135 1902 24.
3178 1843 3354 1901 servis
3375 1847 3499 1900 Suis.
3529 1843 3589 1899 Ει

3042 1933 3165 1972 cum
3194 1918 3469 1987 coepisset
3494 1931 3571 1971 ra-

3045 1990 3248 2044 tionem
3281 2003 3481 2061 ponere
3495 2029 3509 2055 ,

3043 2061 3259 2117 oblatus
3283 2071 3366 2117 est
3386 2061 3433 2116 ci

3043 2148 3206 2198 unus,
3236 2135 3327 2202 qui
3354 2149 3383 2186 χ
3413 2131 3503 2188 dc-

3045 2205 3207 2259 bebat
3231 2205 3381 2260 milia
3407 2212 3483 2259 ta—

3043 2277 3135 2332 25.
3181 2277 3350 2333 lenta.
3383 2276 3514 2330 Cum
3542 2288 3623 2328 au-

3049 2358 3154 2403 tem
3188 2365 3299 2404 non
3331 2347 3549 2403 haberet

3048 2419 3189 2475 unde
3218 2420 3493 2484 redderet,

3041 2492 3204 2562 jussit
3227 2507 3355 2549 eum
3378 2489 3476 2546 d0-

3050 2565 3232 2620 minus
3257 2568 3379 2634 ejus
3440 2594 3455 2630 τ

3049 2635 3374 2692 venumdari
3397 2676 3412 2703 ,

3046 2716 3104 2764 et
3129 2723 3362 2763 uxorem

3045 2781 3184 2850 ejus,
3212 2790 3274 2836 et
3294 2779 3454 2839 ﬁlios,

3045 2863 3101 2907 et
3125 2853 3312 2906 omnia
3345 2863 3480 2922 quae

3052 2923 3317 2989 habebat,
3341 2931 3397 2977 et

3053 2994 3204 3049 reddi
3238 2995 3501 3050 debitum.

3051 3064 3143 3122 26.
3187 3065 3489 3122 Procidens

2678 3203 2910 3261 CODEX
2948 3203 3360 3262 BRIXIANUS.

2214 3314 2282 3353 ne
2307 3299 2553 3352 verbum.
2589 3297 2746 3366 Quod
2795 3299 2840 3352 si
2874 3312 2980 3354 n0n
3013 3297 3249 3354 audierit
3283 3315 3382 3354 eos
3414 3296 3499 3352 dic
3528 3292 3759 3366 ecclesiae.

2214 3372 2269 3424 Si
2300 3382 2479 3426 autem
2510 3361 2794 3425 ecclesiam
2825 3385 2933 3424 non
2960 3371 3212 3424 audierit.
3244 3371 3317 3425 sit
3351 3371 3446 3425 tibi
3472 3370 3603 3424 sicut
3628 3361 3764 3420 etimi-

2218 3457 2315 3498 cus
2341 3453 2394 3496 et
2427 3443 2764 3511 publicanus.
2800 3445 2972 3497 Amen
3029 3442 3152 3497 dico
3204 3443 3388 3496 vobis.
3447 3447 3765 3511 quaecumque

2219 3509 2517 3583 ligaveritis
2545 3530 2710 3584 super
2734 3521 2957 3569 terram.
2994 3525 3153 3568 erunt
3184 3514 3354 3584 ligata
3387 3522 3440 3568 ct
3471 3513 3520 3568 in
3544 3509 3700 3584 caelis.
3728 3510 3767 3584 et

2226 3581 2597 3710 quaeetlnnque
2619 3581 2916 3640 solveritis
2953 3602 3117 3657 super
3151 3581 3359 3640 teri-am
3385 3594 3542 3641 erunt
3567 3581 3770 3652 solutact

2226 3672 2280 3710 tn
2311 3671 2407 3710 cae
2437 3674 2501 3710 IS.

2224 3672 2280 3711 ιη
2311 3671 2501 3710 caelis.

2295 3725 2496 3802 lterum
2527 3728 2604 3799 (a)
2637 3744 2792 3784 amen
2826 3728 2866 3802 ’ξ-
2897 3728 3020 3785 dico
3055 3729 3212 3785 vobis
3249 3731 3378 3801 quia
3419 3729 3463 3785 si
3509 3725 3694 3783 duobus
3723 3731 3769 3773 ei

2223 3801 2376 3854 vobis
2400 3803 2715 3872 convenerit
2745 3801 2907 3872 super
2941 3813 3162 3857 terram.
3195 3801 3268 3858 de
3295 3802 3446 3857 omni
3488 3817 3544 3854 re
3567 3808 3773 3872 quacum-

2223 3888 2329 3944 que
2355 3871 2627 3941 petierint.
2660 3873 2751 3928 liet
2781 3867 2886 3928 illis
2911 3890 2938 3926 a
2969 3875 3129 3929 Patre
3162 3891 3290 3929 meo
3323 3875 3413 3944 qui
3447 3876 3496 3927 in
3518 3867 3675 3944 caelis
3695 3871 3771 3943 cst-

2229 3936 2329 3998 Ubi
2355 3936 2501 3998 enim
2546 3954 2670 3998 sunt
2716 3944 2822 3998 duo
2869 3946 2954 3999 vel
2994 3958 3127 4000 tres.
3164 3936 3483 4016 congregati
3515 3943 3566 3998 in
3605 3936 3773 4016 nurnine

2226 4030 2367 4071 meo.
2410 4016 2480 4070 ibi
2513 4016 2542 4054 ιι
2575 4031 2694 4087 sym
2729 4017 2780 4070 in
2814 4016 2992 4071 medio
3032 4033 3246 4071 eorum.
3276 4001 3451 4071 “l‘u'nc
3491 4011 3696 4087 accessit
3727 4001 3776 4056 ίιιί

2226 4103 2348 4141 cmn
2380 4087 2570 4142 Petrus
2605 4086 2660 4143 et
2687 4087 2820 4143 dixit
2849 4089 2918 4142 ei.
2949 4089 3174 4144 Domine
3205 4091 3249 4142 si
3301 4088 3604 4156 peccaverit
3643 4086 3773 4156 in_mc

2225 4158 2395 4213 frater
2428 4173 2602 4213 meus.
2651 4160 2904 4228 quotiens
2949 4159 3219 4214 dimittam
3269 4149 3346 4217 ei.
3383 4172 3556 4230 usque
3586 4149 3775 4230 septies:

2229 4231 2366 4284 Dicit
2397 4231 2473 4284 illi
2525 4217 2709 4285 Jesus.
2753 4230 3037 4303 Nondico
3085 4232 3180 4286 tibi
3233 4247 3420 4303 usque
3460 4217 3667 4303 septies.
3709 4217 3778 4303 sed

2224 4317 2394 4373 usque
2424 4303 2734 4372 septuagics
2766 4302 2992 4373 septies.
3021 4295 3778 4374 Proptereaadsinnlatumcst

2228 4368 2454 4444 regnum
2485 4368 2786 4430 caelorum.
2833 4368 3051 4428 homini
3083 4368 3194 4444 regi
3232 4375 3331 4444 qui
3366 4373 3515 4428 venit
3564 4368 3780 4444 rationem

2227 4443 2406 4501 facere
2426 4461 2549 4501 eum
2582 4449 2755 4500 servis
2794 4447 2930 4502 suis.
2969 4443 3223 4513 Quicum
3265 4443 3781 4516 coepissetdiscutcrc

2227 4519 2440 4572 oblatus
2463 4528 2548 4572 est
2577 4518 2629 4572 ei
2660 4533 2798 4573 unus
2825 4519 2914 4589 qui
2937 4519 3171 4573 debebat
3195 4513 3393 4572 deccui
3427 4517 3573 4571 milia
3601 4513 3780 4589 lalcttla-

2229 4591 2364 4644 Cum
2396 4600 2578 4644 autem
2611 4607 2716 4645 non
2745 4585 2996 4646 haberet.
3041 4590 3185 4644 unde
3222 4589 3487 4644 redderet
3514 4585 3781 4657 jussitettm

2226 4661 2479 4716 dominus
2516 4661 2633 4731 ejus
2672 4661 2992 4718 venundari.
3019 4674 3073 4716 et
3101 4675 3331 4716 uxorem
3395 4651 3532 4729 ejus'
3553 4665 3605 4712 et
3655 4651 3778 4731 ﬁlios

2226 4743 2282 4788 et
2319 4733 2500 4788 omnia
2542 4721 2682 4804 quae
2743 4734 2998 4790 habebat.
3047 4740 3103 4789 et
3157 4731 3317 4789 reddi
3375 4721 3637 4789 debitum.
3680 4721 3782 4778 Ρτοε

2197 851 2333 903 siam
2357 864 2464 903 non
2495 847 2680 901 audie-

2198 921 2298 986 rit,
2329 920 2400 975 sit
2423 918 2520 973 tibi

2199 993 2341 1047 sicut
2367 990 2621 1046 etlmicus

2199 1073 2254 1118 et
2284 1063 2623 1133 publicanus.

2203 1133 2293 1190 18.
2337 1134 2510 1190 Amen
2533 1133 2658 1187 dico

2201 1205 2377 1271 vobis,
2407 1219 2680 1274 qutecum-

2201 1293 2306 1346 que
2332 1275 2682 1347 alligaveritis

2201 1364 2365 1419 super
2394 1360 2613 1413 terram,

2203 1428 2365 1476 erunt
2384 1420 2603 1489 alligata

2205 1501 2261 1547 et
2288 1493 2339 1547 in
2369 1491 2521 1546 caelo
2552 1509 2563 1543 :

2203 1572 2259 1618 et
2289 1576 2662 1633 quaecumque

2205 1635 2484 1690 solveritis
2515 1648 2678 1703 super

2209 1714 2433 1766 terram.
2466 1714 2625 1760 erunt

2209 1778 2388 1832 soluta
2409 1787 2464 1832 et
2487 1778 2540 1831 in

2209 1850 2382 1905 caelo.

2209 1922 2298 1978 19.
2343 1919 2542 1975 lterum
2567 1919 2642 1992 (a)
2671 1934 2826 1976 amen
2858 1919 2898 1990 ἧι

2208 1992 2332 2048 dico
2354 1993 2504 2047 vobis
2520 2035 2535 2059 ,

2207 2067 2334 2134 quia
2356 2064 2400 2118 si
2431 2064 2566 2119 duo-

2208 2136 2314 2191 bus
2343 2151 2406 2190 ex
2441 2136 2591 2191 vobis

2208 2208 2528 2262 convenerit
2551 2222 2715 2276 supra

2210 2288 2432 2340 terram,
2465 2279 2533 2334 de
2555 2279 2702 2333 omni

2209 2365 2269 2406 re
2290 2366 2663 2420 quaecumque

2210 2423 2496 2493 petieritis,
2526 2422 2620 2477 [iet

2209 2495 2364 2550 vobis
2391 2509 2420 2547 a
2448 2495 2604 2548 Patre

2211 2580 2356 2631 meo,
2389 2565 2480 2634 qui
2507 2567 2559 2619 in

2207 2637 2302 2693 20.
2345 2637 2514 2692 caelis
2543 2645 2648 2693 est.
2690 2635 2792 2692 Ubi

2211 2711 2357 2764 enim
2386 2718 2511 2763 sunt

2210 2781 2320 2835 duo
2342 2782 2426 2836 vel
2452 2793 2562 2836 tres

2212 2853 2524 2923 congregati
2556 2853 2610 2908 in

2216 2939 2436 2979 nonnnc
2469 2939 2612 2989 meo,

2214 2995 2287 3067 ibi
2317 3005 2372 3051 et
2398 3011 2500 3067 ego
2526 3012 2645 3052 sum

2215 3065 2269 3121 in
2295 3065 2476 3124 medio
2505 3084 2716 3124 eorum.

1219 4897 1612 4963 VARIANTES
1649 4873 2033 4954 LECTIONES
2071 4887 2338 4948 CODICIS
2374 4889 2489 4947 MS.
2531 4890 2591 4948 S.
2633 4889 3146 4948 GERMANENSIS.

584 5059 603 5092 ί
637 5057 800 5108 sinon
819 5051 1029 5105 audierit
1052 5059 1140 5102 eos

583 5123 606 5154 ²
640 5124 691 5170 et
710 5118 1012 5182 publicanus.

589 5185 611 5217 ³
642 5182 792 5244 ligata
814 5188 866 5230 et

584 5246 609 5278 ⁸
643 5231 764 5296 εἴιη
781 5241 938 5294 coelo.
955 5239 1144 5291 Iterum
1160 5246 1305 5287 amen
1320 5231 1432 5284 dlco

582 5311 605 5343 ³
640 5321 708 5358 ex
731 5306 870 5356 vobis

583 5373 604 5404 ⁸
639 5370 725 5421 ﬁet

583 5434 602 5470 ⁷
637 5428 927 5496 congregati
951 5429 1000 5478 in

2224 5097 2234 5108 ν
2282 5031 2305 5062 ⁸
2339 5031 2537 5107 ibisum
2560 5040 2615 5084 et
2643 5045 2796 5108 ego...
2825 5045 3014 5084 eorum.
3040 5030 3149 5084 Non
3173 5033 3200 5063 °
3221 5035 3364 5084 enim
3394 5036 3514 5084 sunt
3544 5019 3786 5091 congregatl

2222 5102 2272 5145 in
2283 5102 2498 5222 32:31::
2514 5109 2628 5148 meo
2649 5102 2778 5146 inter
2801 5109 2923 5160 quos
2948 5109 3043 5160 ego
3061 5109 3158 5146 non
3174 5109 3291 5147 sum

2287 5223 2332 5284 Ψ
2367 5234 2523 5284 usque

2290 5283 2333 5350 ξξ
2368 5283 2538 5335 similis
2561 5289 2640 5336 est
2655 5283 2849 5350 habitus
2869 5285 3018 5350 regni
3036 5284 3293 5339 coelorum

2291 5346 2337 5377 ¹²
2373 5359 2487 5398 eum
2511 5349 2810 5400 vaenundari

1846 5492 2215 5552 BLANCHINI
2241 5495 2473 5556 NOTAE.
2521 5523 2532 5532 -

595 5628 622 5659 ει
649 5615 822 5688 Hujus
847 5604 1139 5688 additionis
1164 5602 1449 5676 vestigium
1479 5591 1981 5670 aliquod‘invenire
2031 5591 2130 5646 ali-

523 5692 650 5750 cubi
676 5677 808 5747 mihi
837 5699 949 5742 non
980 5677 1151 5737 licuit.

597 5832 677 5910 (a)
707 5828 873 5890 Addit
902 5825 1096 5891 Amen,
1127 5817 1288 5877 etiam
1313 5812 1637 5887 Cod.Cant.
1666 5810 1838 5887 ’Δμήνο

2302 5590 2331 5630 ι)
2363 5593 2474 5650 Sic.
