3894 6336
520 310 624 370 267

910 422 1145 482 CODEX
1184 405 1727 481 VERCELLENSIS.

519 531 666 580 esset
693 522 733 593 -ι-
759 534 967 578 sermo-
1357 587 1379 593 Α
1421 530 1550 593 u_na.

520 609 620 651 nes
644 585 779 649 istos
800 593 960 649 Jesus
981 633 995 658 ,
1348 587 1401 644 6.
1445 587 1633 657 Itaque
1651 585 1762 658 jam
1779 597 1894 644 non

522 665 800 722 transtulit
825 680 886 722 se
983 655 990 658 ’
1348 668 1476 714 sunt
1497 655 1606 713 duo
1623 699 1636 722 ,
1656 655 1758 712 ’sed

518 753 547 791 a
574 737 834 799 Galilaea,
863 743 920 791 et
1349 746 1453 786 una
1479 745 1629 786 caro.

520 809 670 864 venit
699 809 751 862 in
782 807 903 862 tini-
1345 800 1502 869 Quod
1524 815 1654 871 ergo
1679 801 1783 856 De-

514 880 617 936 bus
636 877 839 934 Judeae
858 887 914 934 et
1344 888 1409 928 us
1427 871 1709 941 conjunxit

1347 945 1401 999 in
1429 959 1596 1000 unum
1613 985 1629 1010 ,
1664 957 1771 1000 non

1346 1015 1474 1071 licet
1505 1029 1725 1084 separa-

513 959 664 1006 trans
686 948 880 1006 Iorda-

511 1022 569 1075 2.
613 1037 741 1085 nen,
767 1029 823 1076 et
851 1034 1004 1076 secu-

513 1103 603 1148 tae
627 1083 753 1146 sunt
770 1106 895 1148 eum
1345 1086 1397 1139 7.
1444 1086 1510 1140 ri.
1545 1083 1744 1140 Dicunt
1766 1083 1845 1141 illi
1879 1105 1893 1141 :

511 1163 701 1219 turbae
724 1162 866 1220 mul-
895 1233 907 1239 _
1343 1156 1485 1226 Quid
1511 1172 1640 1239 ergo
1667 1157 1818 1239 Μογ-

510 1243 621 1302 tae,
647 1243 703 1290 et
725 1233 936 1290 curavit
1342 1243 1432 1284 ses
1457 1227 1732 1283 mandavit

507 1305 652 1355 illos.
701 1347 716 1355 -
762 1343 776 1355 .
822 1343 838 1355 .
885 1345 900 1355 .
943 1346 956 1355 .
1339 1299 1456 1355 dari
1485 1300 1680 1354 librum

505 1305 652 1360 illos.
701 1347 716 1361 .
762 1343 776 1358 .
822 1343 838 1358 .
885 1345 900 1360 .
943 1346 956 1360 .
1339 1305 1456 1355 dari
1485 1305 1680 1354 librum

507 1376 564 1432 5.
607 1377 674 1432 Et
701 1383 1051 1436 accesserunt
1341 1369 1583 1440 repudii,
1611 1381 1666 1427 et
1685 1367 1772 1426 di-
1877 1382 1880 1385 ·

1341 1441 1592 1498 mittere?

1339 1511 1394 1567 8.
1438 1514 1527 1567 Ait
1554 1511 1662 1567 illis
1689 1511 1846 1570 Jesus
1871 1527 1884 1566 :
1907 1510 2061 1581 .Quo-

1339 1584 1488 1639 niam
1515 1583 1584 1639 ad
1611 1582 1764 1640 duri-

1342 1656 1470 1710 tiam
1498 1653 1682 1711 cordis

1339 1727 1507 1782 vestri
1537 1726 1738 1798 permi-

1339 1799 1410 1853 sit
1430 1797 1584 1870 vobis
1606 1797 1748 1870 Moy-

1336 1883 1427 1925 ses
1453 1869 1730 1926 dimittere

509 1447 577 1503 ad
599 1462 723 1504 eum
747 1447 937 1503 Phari-

507 1520 620 1574 saei
645 1528 910 1588 temptan-

505 1597 590 1646 tes
617 1599 671 1646 et
697 1590 884 1645 dicen-

507 1668 590 1716 tes
618 1677 632 1715 :
665 1661 722 1718 Si
745 1661 871 1716 licet
896 1659 997 1716 ho-

506 1733 639 1787 mini
659 1732 842 1786 dimit-

503 1811 621 1860 tere
643 1817 867 1860 uxorem

501 1887 655 1929 suam
674 1916 688 1939 ,
714 1888 974 1945 quacum-

501 1960 609 2013 que
628 1961 696 2001 ex
723 1945 926 2002 causa?
1335 1956 1533 1997 uxores
1561 1956 1683 2013 ves:

497 2011 555 2070 ι.
600 2017 670 2072 Et
690 2016 1028 2086 respondens
1333 2021 1446 2068 tras
1471 2031 1485 2068 :
1518 2013 1586 2068 ab
1608 2011 1762 2068 initio

497 2087 660 2144 Jesus
680 2089 755 2143 ait
785 2105 799 2142 :
829 2087 948 2144 Non
1331 2094 1510 2140 autem
1537 2099 1646 2140 non

497 2157 704 2229 legistis
720 2201 736 2226 ,
773 2159 899 2228 quia
1333 2153 1562 2229 [uit_sic.

1333 2225 1387 2282 9.
1435 2227 1564 2282 Dico
1587 2234 1768 2282 autem
1795 2240 1890 2282 vo-

1333 2297 1419 2353 bis
1433 2337 1451 2364 ,
1482 2298 1556 2370 (ὁ)
1583 2299 1829 2370 quicum-

1332 2384 1441 2440 que
1471 2369 1745 2425 dimiserit

495 2233 592 2312 qui
612 2231 737 2285 fecit
766 2229 842 2301 (a)
872 2230 940 2287 ab
969 2229 1011 2285 i-

496 2309 631 2355 nitio
653 2315 867 2355 mascu-

491 2369 606 2427 lum
636 2382 691 2427 et
718 2372 873 2426 femi-

496 2457 622 2498 nam
652 2437 816 2500 iecit?
843 2451 901 2499 et
1332 2437 1557 2496 uxorem
1583 2456 1736 2498 suam
1760 2481 1777 2509 ,
1809 2437 1885 2512 (ε)

494 2513 636 2569 dixit
668 2531 682 2568 :
1331 2512 1432 2568 nisi
1463 2512 1534 2567 ob
1559 2526 1777 2568 causam

565 2585 623 2642 5.
663 2585 893 2656 Propter
923 2587 1028 2642 hoc
1328 2582 1645 2656 fornicatio-

565 2654 812 2713 remittet
1325 2655 1440 2726 nis,
1464 2654 1506 2726 -ι-
1528 2664 1583 2711 et
1610 2654 1773 2710 aliam

566 2727 733 2784 homo
763 2743 856 2800 pa-
1323 2725 1570 2800 duxerit,
1600 2742 1750 2783 moe-

560 2808 700 2856 trem
724 2799 780 2856 et
807 2815 922 2856 ma-
1042 2823 1050 2829 -
1321 2809 1498 2854 catur.
1524 2799 1604 2869 (Α)

563 2882 724 2938 trem,
757 2881 815 2928 et
841 2871 937 2929 he-
1324 2870 1412 2925 10.
1457 2867 1651 2925 Dicunt
1672 2869 1723 2926 ei
1749 2867 1860 2926 dis-

561 2943 703 2998 rebit
723 2959 858 2998 uxo—
1321 2941 1486 3013 cipuli
1515 2941 1635 3012 ejus
1665 2961 1678 2997 :
1710 2941 1770 2997 Si

561 3014 608 3069 ri
635 3029 766 3069 suae
787 3056 804 3081 ,
837 3022 893 3070 et
1323 3013 1402 3068 sic
1423 3022 1509 3068 est
1536 3027 1700 3068 causa

560 3095 723 3140 erunt
750 3085 858 3140 duo
1321 3083 1425 3138 viri
1453 3099 1574 3139 cum
1602 3099 1737 3140 uxo-

561 3157 618 3212 in
638 3171 804 3214 carne
1326 3169 1418 3222 re,
1442 3170 1547 3210 non
1571 3169 1738 3228 expe-

893 3247 1146 3307 -CODEX
1185 3247 1663 3306 CORBEIENSIS.

485 3359 676 3401 mones
707 3343 871 3410 istos,
905 3350 931 3379 ιι
955 3341 1233 3397 transtulit
1261 3355 1322 3396 se
1351 3355 1381 3394 a
1420 3339 1664 3396 Galilaea
1688 3382 1703 3405 ,
1736 3350 1791 3396 et
1833 3338 1982 3395 venit
2031 3337 2089 3396 in

487 3418 625 3472 lines
653 3417 669 3448 ¹
701 3415 937 3472 Iudaeae
965 3423 1020 3468 et
1062 3424 1212 3468 trans
1250 3411 1544 3467 Iordanem
1566 3454 1580 3477 ,
1617 3420 1672 3467 et
1701 3419 1921 3467 secutae
1965 3419 2092 3465 sunt

483 3504 610 3545 eum
654 3489 842 3542 turbae
873 3486 1109 3551 multae,
1142 3493 1196 3540 et
1223 3485 1438 3539 curavit
1466 3498 1562 3540 eos
1613 3483 1708 3538 ibi.
1745 3483 1812 3537 Et
1835 3496 2089 3537 accesse-

486 3567 613 3615 runt
641 3559 709 3614 ad
733 3573 854 3614 eum
902 3553 1179 3610 Pharisaei
1210 3565 1484 3610 tentantes
1529 3569 1650 3609 eum
1671 3596 1684 3617 ,
1710 3562 1765 3610 et
1792 3554 2037 3609 dicentes
2071 3572 2083 3606 ε

484 3630 541 3688 Si
589 3631 712 3685 licet
756 3625 958 3683 homini
1002 3627 1277 3681 dimittere
1322 3641 1555 3681 uxorem
1601 3639 1793 3691 suam,
1845 3625 2087 3696 ex'qua-

483 3716 760 3772 quumque
781 3701 802 3731 ⁸
833 3699 1304 3772 causs-aiQuibus
1338 3696 1682 3772 respondens
1713 3698 1829 3772 ait;
1863 3695 1983 3751 Non
2011 3696 2087 3772 [c-

481 3765 820 3843 gistis,'qui_a
850 3775 938 3840 qui
985 3769 1111 3843 [ecit
1137 3769 1156 3800 ³
1183 3768 1254 3843 b,
1279 3765 1578 3843 masculum
1621 3778 1677 3843 et
1708 3767 1963 3823 feminam
2008 3765 2088 3822 fe-

483 3840 556 3898 cit
586 3843 647 3897 ‘i
681 3840 734 3898 et
771 3841 910 3897 dixut
942 3859 954 3894 :
985 3840 1216 3910 Propter
1245 3841 1346 3895 hoc
1391 3841 1634 3896 remittet
1667 3841 1830 3893 homo
1872 3847 2083 3910 patrem

479 3927 536 3972 et
558 3925 805 3978 matrem,
832 3923 886 3970 et
911 3907 1226 3968 adhaerebit
1254 3912 1407 3967 uxori
1457 3927 1608 3977 suae,
1663 3921 1718 3966 et
1763 3907 1922 3967 erunt
1976 3910 2087 3968 duo

481 3987 535 4042 in
573 4003 738 4043 carne
779 4001 903 4040 una.
935 3985 1118 4054 Itaque
1162 3987 1272 4052 jam
1316 3999 1421 4038 non
1462 3992 1587 4037 sunt
1635 3983 1744 4039 duo
1770 4025 1786 4050 ,
1829 3983 1924 4037 sed
1971 3997 2081 4036 una

482 4075 629 4113 caro.
665 4057 818 4123 Quod
849 4071 978 4126 ergo
1009 4057 1149 4126 Deus
1179 4057 1198 4085 ³
1223 4055 1400 4126 iunxit
1444 4054 1497 4108 in
1529 4071 1734 4126 unum_,
1779 4054 1942 4108 homo
1972 4069 2079 4108 non

479 4128 771 4197 disjﬂllgzll.
811 4124 1070 4180 Dixerunt
1110 4125 1183 4179 illi
1229 4124 1619 4197 {Quarecrgo
1665 4124 1879 4197 Moyses
1917 4139 2079 4197 prae-

482 4145 771 4254 UISJUIISSIL
811 4145 1070 4180 Ulthl‘lllll
1110 4145 1183 4179 llll
1229 4145 1451 4204 Iul];th
1491 4145 1619 4206 ergo
1665 4145 1879 4233 Moyses
1917 4145 2076 4206 prae-

482 4202 626 4267 cepit
697 4213 788 4253 are
819 4198 1060 4252 libellum
1094 4195 1301 4265 repudit
1323 4236 1348 4267 ,7
1375 4207 1426 4250 et
1455 4194 1765 4249 dmnttcrc‘.
1802 4195 1890 4250 Att
1929 4195 2076 4267 illis:

481 4265 743 4340 Quoniam
791 4269 858 4340 ad
906 4268 1157 4340 duritiam
1203 4265 1384 4321 cordis
1426 4268 1590 4319 vestri
1639 4268 1882 4340 permisit
1924 4266 2080 4321 vobis

483 4337 738 4413 “Valoyses
788 4339 1064 4413 dimittere
1103 4351 1300 4392 uxores
1334 4337 1672 4413 _vestrasz‘ab
1710 4337 1867 4390 initio
1897 4347 2077 4413 autem

480 4430 588 4469 non
616 4407 715 4466 luit
749 4412 852 4466 sic.
885 4411 1013 4464 Dico
1051 4418 1230 4464 autem
1261 4409 1444 4472 vobis,
1472 4409 1490 4438 "
1522 4407 1890 4478 quiquumque
1917 4407 2077 4463 dimi—

479 4487 617 4541 serit
648 4498 869 4538 uxorcm
897 4495 1046 4536 suam
1075 4523 1088 4543 ,
1132 4490 1354 4550 excepta
1382 4495 1569 4534 caussa
1611 4479 1859 4533 adulterii
1885 4522 1900 4548 ,
1949 4479 2080 4533 facit.

479 4573 599 4614 eam
634 4554 929 4610 moechari.
966 4552 1157 4607 Dicunt
1184 4553 1233 4608 ei
1263 4551 1508 4623 discipuli
1539 4569 1551 4605 :
1586 4551 1642 4606 Si
1673 4553 1741 4604 ita
1768 4560 1852 4606 cst
1884 4566 2074 4608 caussa

478 4631 500 4662 ⁸
519 4644 643 4686 cum
675 4643 874 4693 uxore,
906 4639 1010 4680 non
1038 4639 1198 4694 cxpe-

1063 305 1334 382 EUSEBII
1376 299 1710 362 VERCELL.
1756 293 2213 360 EVANGELIUM
2244 297 2386 358 CUM
2426 294 2657 357 VARUS
2691 295 2848 355 COD.
2889 293 3280 379 COLLATUM.

2157 1540 2168 1545 -
2213 1525 2369 1578 eum,
2401 1519 2456 1568 et
2491 1511 2675 1568 dicen-

2655 413 2889 488 CODEX
2928 414 3366 474 VERONENSIS.

2220 527 2503 570 sermones
2531 511 2604 575 is-
3059 511 3153 566 sed
3182 525 3281 565 una
3301 525 3437 574 caro.

2222 593 2306 639 tos
2334 583 2520 650 Iesus,
2553 592 2728 640 trans-
2991 591 2998 599 ‘
3057 582 3208 655 Quod
3233 597 3358 655 erga

2220 657 2341 728 tulit
2365 671 2424 712 se
2449 671 2480 710 a
2503 655 2608 712 Ga—
3054 649 3201 728 Dens
3227 649 3508 728 conjucxit,

2217 727 2374 783 lilaea
2391 767 2406 791 ,
2437 737 2491 782 et
2516 742 2610 783 ve-
3053 724 3214 781 homo
3239 724 3344 782 non
3367 741 3452 794 se-

2218 798 2298 854 nit
2327 799 2380 853 in
2412 798 2547 854 ﬁnes
3053 806 3227 854 Daret.

3093 909 3106 922 .
3148 868 3340 924 Dicunt
3367 869 3440 932 illi
3464 887 3479 927 :

3049 939 3186 1009 Quid
3215 955 3342 1015 ergo
3367 941 3503 1015 Moy-

3054 1025 3142 1067 ses
3173 1013 3440 1072 mandavit

3054 1082 3170 1138 dari
3193 1083 3386 1144 librum

3055 1154 3296 1224 repudii,
3323 1164 3377 1211 et

3054 1225 3327 1284 dimittere
3351 1241 3478 1289 ιω)-

3054 1298 3206 1353 rem?

3056 1366 3109 1423 8.
3159 1367 3251 1425 Ait
3276 1368 3382 1426 illis

3054 1437 3214 1495 Jesus
3239 1458 3253 1495 :

3053 1512 3320 1576 Quoniam
3347 1510 3413 1567 ad
3435 1511 3520 1576 du-

3054 1583 3236 1668 ritiam
3263 1583 3462 1668 cordis.

3049 1663 3219 1710 vestri
3251 1663 3488 1724 permisit

3053 1725 3227 1810 vobis
3240 1727 3449 1798 Moyses

3049 1796 3484 1855 dimittere‘uxo-

3051 1883 3138 1924 res
3167 1879 3413 1925 vestras:
3443 1870 3506 1928 ab

3050 1939 3211 1996 initio
3240 1949 3422 1997 autem

3052 2027 3165 2068 non
3199 2011 3300 2067 fuit
3322 2013 3419 2069 sic.

3051 2083 3105 2139 9.
3150 2082 3285 2139 Dico
3309 2092 3485 2144 autem

3048 2155 3236 2220 vobis,
3263 2155 3485 2239 (ὁ).ᾳῴ-

2216 869 2454 925 Judaeae
2482 879 2629 925 trans

2213 940 2272 996 2.
2314 940 2605 1002 Iordanem
2619 981 2637 1010 ,
2659 950 2723 998 et

2215 1020 2435 1068 secutae
2467 1021 2594 1068 sunt

2214 1098 2336 1139 eum
2371 1085 2558 1142 turbae

2215 1155 2416 1210 multae
2438 1196 2452 1220 ,
2485 1165 2539 1211 et
2567 1169 2660 1211 cu-

2217 1227 2356 1280 ravit
2383 1240 2480 1282 eos
2499 1226 2593 1288 ibi.

2216 1298 2273 1353 3.
2314 1297 2383 1352 Et
2403 1305 2751 1359 accesserunt

2215 1367 2282 1423 ad
2307 1383 2430 1424 eum
2471 1367 2660 1426 Phari-

2215 1441 2328 1495 saei
2357 1447 2684 1509 temptantes

2216 1591 2298 1638 tes
2323 1599 2337 1637 :
2356 1577 2429 1637 Si
2459 1583 2585 1638 licet
2607 1577 2707 1640 ho-

2211 1653 2346 1708 mini
2375 1653 2651 1712 dimittere

2213 1741 2436 1782 uxorem
2476 1741 2630 1782 suam
2647 1769 2664 1794 ,

2210 1811 2550 1868 quacumque
2643 1839 2652 1846 .

2210 1882 2278 1924 ex
2304 1870 2502 1924 causa?

2209 1938 2268 2024 ς.
2312 1941 2377 1995 Ει
2403 1940 2739 2024 respondens

2209 2011 2368 2070 Jesus
2398 2012 2470 2066 ait
2493 2011 2638 2069 illis:

2209 2082 2326 2138 Non
2360 2083 2564 2154 legistis
2582 2125 2596 2150 ,

2208 2155 2334 2224 quia
2363 2157 2451 2226 qui
2481 2153 2562 2210 ie-

2207 2226 2286 2282 cit
2309 2226 2728 2299 _(a)_mascultttn
3047 2226 3284 2299 cumque
3304 2226 3459 2286 dimi-

2207 2305 2266 2353 et
2299 2296 2554 2354 feminam
3046 2296 3434 2364 serit—uxorem

2204 2368 2275 2442 ab
2310 2369 2465 2425 initio
2495 2369 2572 2426 l‘e—
3046 2383 3235 2442 suam,
3270 2367 3342 2442 (c)
3370 2371 3467 2442 nisi

2205 2439 2282 2495 cit
2320 2441 2450 2497 eos?
2482 2448 2537 2497 et
3047 2441 3120 2497 ob
3145 2439 3365 2498 causam
3395 2441 3476 2500 to:

2206 2510 2344 2588 dixit
2373 2529 2386 2566 :
2566 2582 2581 2588 _
3047 2514 3370 2588 nicationis,
3393 2511 3435 2588 1-

2207 2581 2279 2654 5.
2305 2584 2533 2654 Propter
2563 2582 2670 2643 hoc
3046 2593 3103 2639 et
3128 2585 3296 2640 aliam
3319 2581 3419 2642 du;

2207 2653 2476 2725 relinquet
2506 2656 2670 2720 homo
3042 2658 3220 2723 xerit,
3253 2672 3403 2714 moe-

2207 2734 2416 2793 patrem
2443 2734 2498 2781 et
2523 2742 2636 2802 ma-
3039 2735 3218 2802 catur.
3243 2728 3326 2802 (ά)

3042 2798 3132 2854 10.
3178 2798 3375 2857 Dicunt
3391 2798 3445 2857 ei
3466 2798 3545 2860 di-

3039 2870 3240 2942 scipuli
3270 2871 3418 2942 ejus:

2206 2805 2375 2863 trem,
2405 2807 2459 2852 et
2484 2796 2685 2856 adhae-

2205 2867 2348 2924 rebit
2374 2869 2527 2924 uxori
2557 2884 2688 2930 suae
2704 2912 2721 2940 ,

2199 2946 2258 2993 et
2284 2950 2447 2995 erunt
2473 2941 2581 2996 duo
3041 2941 3101 2998 Si
3128 2941 3200 2997 ita
3224 2941 3462 3002 estcau-

2200 3010 2255 3064 in
2281 3025 2444 3067 carne
2473 3027 2599 3067 una.
3041 3027 3102 3070 sa
3131 3014 3239 3071 viri
3274 3029 3399 3071 cum

2201 3081 2256 3136 6.
2298 3080 2485 3153 Itaque
2507 3083 2620 3156 jam
3041 3099 3218 3143 uxore
3237 3127 3255 3156 ,

2203 3167 2310 3209 non
2337 3163 2466 3211 sunt
2493 3163 2631 3221 duo,
3044 3171 3155 3211 non
3177 3171 3279 3213 ex-

2671 3246 2903 3305 CODEX
2936 3247 3343 3308 BRIXIANHB.

2196 3355 2392 3414 mones
2421 3341 2578 3397 istos.
2601 3341 2883 3414 transtulit
2911 3357 2970 3398 se
2999 3357 3030 3397 a
3055 3342 3322 3400 Galilaea.
3350 3351 3403 3398 et
3431 3341 3565 3414 venit
3585 3340 3631 3398 in
3651 3338 3740 3394 fini‘

2197 3412 2301 3487 bus
2352 3411 2578 3487 Judeae.
2611 3422 2764 3468 trans
2801 3412 3096 3487 Jordanen.
3157 3422 3214 3470 et
3255 3423 3442 3487 sequtc
3494 3411 3608 3469 sunt
3649 3425 3739 3466 eum

2197 3485 2390 3540 turbae
2432 3485 2656 3540 multae.
2685 3494 2740 3540 et
2779 3495 2805 3526 ο
2832 3485 3044 3542 curabit
3079 3501 3180 3544 eos
3211 3486 3313 3544 ibi.
3334 3485 3419 3542 Et
3453 3487 3741 3540 accesserunt

2201 3555 2265 3609 ad
2293 3570 2417 3610 eum
2452 3553 2726 3610 Pharisaei
2753 3566 3045 3614 temtantes
3075 3573 3202 3614 eum
3226 3567 3281 3613 et
3305 3558 3556 3615 dicentes.
3580 3556 3626 3612 Si
3650 3553 3741 3608 licet

2200 3625 2410 3700 homini
2435 3625 2704 3682 dimittere
2736 3643 2959 3682 uxorem
2993 3644 3527 3700 suannquactnnque
3553 3643 3609 3700 ex
3642 3638 3743 3700 cauo

2201 3713 2288 3781 sa.
2321 3696 2498 3783 Jesus'
2524 3712 2705 3783 autem
2751 3700 3090 3783 respondens
3131 3687 3233 3783 εἰὶ-
3256 3691 3383 3758 illis.
3431 3687 3743 3783 fjondegis'tis

2195 3771 2324 3840 quia
2353 3771 2442 3838 qui
2479 3769 2603 3842 fecit
2625 3769 2807 3842 (τιυὶ)
2838 3763 2990 3842 initio
3027 3772 3333 3828 masculum
3361 3783 3416 3829 et
3446 3763 3668 3828 fetninain
3689 3763 3743 3820 ie-

2194 3842 2270 3896 cit
2297 3856 2411 3894 eos.
2445 3851 2499 3896 et
2525 3840 2697 3914 dixit.
2714 3840 2941 3912 Propter
2964 3841 3068 3898 hoc
3087 3843 3369 3914 relinquet
3401 3843 3554 3898 homo
3581 3850 3740 3914 patrem

2192 3921 2248 3966 et
2281 3923 2507 3968 matrem
2539 3925 2594 3966 et
2633 3909 2924 3969 adherébit
2973 3914 3127 3969 uxori
3177 3909 3330 3971 suae.
3382 3927 3436 3971 et
3483 3909 3623 3969 erunt
3663 3909 3740 3964 duo

2190 3984 2243 4037 in
2268 3998 2432 4039 carne
2463 3998 2590 4040 una.
2617 3984 2799 4054 Itaque
2823 3983 2932 4054 jam
2964 4000 3070 4040 non
3099 3996 3229 4040 sunt
3257 3987 3369 4048 duo
3395 3985 3487 4042 sed
3517 3999 3610 4054 una
3629 3995 3740 4037 caro.

2190 4055 2340 4130 Quod
2375 4071 2504 4126 ergo
2533 4055 2676 4130 Deus
2695 4053 2990 4122 coniunxit.
3015 4057 3566 4130 homognonseparet.
3593 4053 3742 4130 Dicunt

2190 4120 2240 4182 ei
2267 4120 2603 4202 Quare'ergo
2635 4120 2844 4202 Moyses
2871 4127 3144 4202 mandavit
3173 4128 3292 4184 dari
3325 4120 3557 4202 libellum
3579 4120 3743 4202 repudii

2197 4205 2253 4252 et
2294 4193 2568 4251 dimittere
2600 4193 2740 4254 eam:
2772 4197 2860 4251 Ait
2889 4199 3016 4254 illis.
3049 4198 3282 4268 Propter
3311 4199 3557 4255 duritiam
3606 4193 3744 4250 cardis

2192 4270 2383 4345 vcsnji.
2399 4268 2644 4338 permisit
2665 4269 3046 4345 vobis-Moyses
3063 4270 3338 4345 dimittere
3357 4275 3740 4345 uxoresvestras.

2191 4339 2260 4393 ab
2291 4338 2421 4393 nitio
2462 4349 2639 4394 autem
2669 4357 2776 4394 non
2810 4338 3047 4406 fuit'sic.
3078 4341 3209 4397 Dico
3251 4353 3437 4399 autem
3477 4340 3617 4397 vobis
3652 4338 3744 4406 quia

2191 4410 2517 4487 quicumque
2557 4411 2819 4487 dimiserit
2852 4428 3074 4487 uxorem
3105 4429 3261 4470 suam
3301 4417 3375 4486 (ε)
3422 4414 3520 4469 nisi
3555 4411 3616 4466 ob
3651 4421 3745 4487 cauj

2190 4495 2305 4565 sam
2323 4481 2746 4566 “fornicationis.
2776 4483 2816 4566 ςι-
2838 4491 2893 4539 et
2914 4485 3072 4538 aliam
3099 4481 3365 4566 duxerit
3393 4494 3665 4566 moecatutl',
3705 4482 3744 4557 (ξι

2191 4554 2279 4621 qui
2304 4553 2581 4608 dimissam
2607 4547 2818 4610 duxerit
2843 4566 3139 4611 moecatur.
3163 4555 3233 4611 Et
3255 4557 3510 4612 dixerunt
3553 4555 3594 4610 ei
3622 4547 3746 4607 disci-

2190 4625 2301 4692 puli
2325 4625 2438 4694 ejus
2464 4625 2522 4680 Si
2554 4629 2624 4679 ita
2655 4636 2738 4681 est
2759 4641 2922 4682 causa
2941 4625 3175 4684 hominis
3201 4625 3554 4685 cumduxore
3575 4635 3744 4681 nonet-

1179 4738 1570 4797 VARIANTES
1607 4737 1991 4796 LECTIONES
2031 4738 2300 4798 CODlCIS
2340 4741 2448 4797 MS.
2491 4742 2548 4799 S.
2591 4740 3102 4800 GERMANENSIS.

538 4843 556 4873 ⁸
595 4841 820 4893 Iudaeae
843 4848 975 4890 trans

538 4906 559 4936 ²
597 4920 657 4954 ex
685 4917 872 4954 caussa.
899 4901 957 4952 Et
979 4898 1288 4962 respondens
1307 4896 1452 4947 Jcsus
1474 4898 1540 4947 ait
1564 4898 1638 4947 eis

543 4967 564 4998 ³
596 4967 713 5016 fecit
732 4970 792 5015 ab
817 4966 954 5014 initio
978 4961 1009 4998 ι)

541 5028 562 5058 ⁵
598 5042 702 5085 eos,
722 5036 776 5078 et
799 5026 1087 5077 benedixit:
1113 5024 1323 5085 Pmpter
1340 5022 1434 5070 hoc
1456 5021 1696 5084 relinquit

537 5090 561 5123 ³
595 5083 865 5154 conjunxit,
889 5090 1034 5139 homo
1055 5100 1154 5136 non
1177 5083 1401 5149 separet,
1426 5093 1546 5146 etc.,
1572 5083 1624 5136 ut
1654 5083 1802 5151 Vulg.

2246 4837 2270 4930 ’τ
2301 4837 2474 4961 Si???
2501 4899 2592 4963 nisi
2613 4899 2678 4948 ob
2700 4909 2892 4949 causam
2918 4897 3282 4963 fornicationis,
3311 4906 3368 4952 et
3388 4897 3530 4950 aliam
3559 4889 3740 4950 duxerit»

2183 4960 2487 5011 moechatur.
2515 4960 2698 5012 Dicunt

2245 5024 2270 5057 ⁸
2306 5025 2397 5075 viri
2419 5037 2530 5075 cum

1802 5165 2177 5227 BLANCHINI
2213 5169 2448 5228 ΝΟΤιΕ.

549 5278 575 5306 ⁸
611 5267 704 5323 Sic
726 5266 870 5334 legas
904 5262 1044 5333 apud
1074 5261 1336 5318 llilarium
1369 5260 1424 5316 in
1456 5267 1607 5316 textu
1633 5259 2067 5318 Commentario-

473 5355 594 5396 rum
621 5339 674 5394 in
703 5335 1028 5392 Matthasum.

542 5411 571 5451 ι’
601 5409 850 5478 Vulgata,
881 5407 966 5476 qui
1001 5405 1117 5478 [θεὶς
1158 5406 1416 5478 hominem
1440 5405 1520 5478 _ab
1546 5404 1719 5478 initio.
1761 5403 2062 5478 Utrumque

469 5483 669 5536 omittit
696 5475 970 5546 exemplar
994 5475 1326 5530 Corbeiense
1354 5519 1368 5543 ,
1401 5475 1456 5530 id
1497 5487 1615 5540 est,
1650 5475 1908 5530 hominem
1930 5518 1941 5540 ,
1967 5491 2020 5534 et
2041 5519 2058 5544 ,

469 5555 531 5608 ab
560 5554 706 5607 initio
738 5567 755 5605 :
800 5547 974 5604 codex
1000 5557 1183 5601 autem
1213 5546 1744 5603 San-Germanensis
1787 5547 1916 5618 legit
1939 5549 2060 5620 qni-

2176 5262 2331 5343 dem,
2377 5265 2441 5318 ab
2469 5265 2651 5343 initio;
2677 5265 2772 5321 sed
2801 5280 2922 5343 _nou
2961 5265 3130 5343 legit,
3159 5266 3444 5343 hominem.
3469 5261 3732 5343 ωψσε,ωὲ

2174 5337 2497 5409 rito,_quum
2529 5337 2674 5392 idem
2701 5338 2926 5409 verbum
2952 5337 3185 5409 poSitum
3215 5338 3447 5395 minime
3475 5337 3731 5408 πίεραι-ὀίων

2173 5405 2665 5534 ερῖόδξὲἰετοηγηι.
2699 5405 2986 5466 Comment
3013 5411 3067 5465 in
3101 5409 3296 5466 Matth.

2246 5547 2274 5587 ἀ
2306 5549 2509 5607 Finalis
2534 5568 2586 5606 m
2612 5552 2806 5610 detrita
2837 5560 2923 5610 est
2949 5567 2980 5608 a
3011 5561 3340 5610 correctore.

542 5670 616 5740 (a)
644 5669 767 5724 Post
793 5665 942 5736 fecit,
975 5661 1123 5716 deest
1156 5663 1439 5724 hontinem,
1465 5662 1623 5717 etiam
1648 5664 1700 5718 in
1731 5673 1878 5720 textu
1901 5665 2111 5722 Crzeco.
2138 5696 2206 5706 —
2236 5665 2312 5736 (ὁ)
2341 5666 2470 5728 Post
2498 5669 2672 5735 vobis,
2703 5668 2858 5725 deest
2881 5670 3004 5740 quia
3034 5668 3091 5726 in
3118 5666 3240 5725 cod.
3327 5680 3496 5739 noque
3518 5662 3649 5721 Cant.
3668 5683 3720 5695 -—

573 5742 643 5795 lta
671 5749 724 5794 et
754 5737 876 5792 cod.
916 5735 1075 5790 Cant.
1119 5734 1367 5795 παρεκτὸς
1407 5735 1561 5795 λόγου
1594 5739 1853 5795 πορνείας.
1877 5766 1950 5778 —-
1972 5737 2053 5795 (ά)
2087 5736 2218 5794 Post
2252 5736 2574 5795 moechatur.
2603 5740 2755 5795 deest
2797 5751 2844 5795 et
2868 5741 2956 5795 aui
2987 5741 3252 5795 dimissam
3283 5684 3502 5795 auxerit.
3525 5728 3720 5792 medul-

464 5734 643 5816 (c)‘|ta
671 5749 724 5816 (ξι
754 5734 876 5816 cbt‘i.
916 5735 1075 5816 Cant.
1118 5734 1368 5816 παρέκτρς
1407 5735 1561 5816 λόγον
1594 5739 1853 5811 πορνείας,
1877 5766 1950 5778 -.

2199 5747 2218 5792 ι
2248 5734 2574 5804 moechatur,
2603 5740 2755 5796 deest
2797 5751 2844 5795 et
2868 5734 2956 5814 q'ut'
2987 5741 3252 5797 dimissam

463 5801 586 5884 iur,
633 5810 795 5869 etiam
837 5808 894 5865 in
941 5804 1065 5864 cod.
1115 5801 1270 5863 Cant.
1317 5801 1446 5874 hic,
1476 5801 1545 5862 ἐι
1591 5801 1713 5877 cap.
1756 5822 1828 5876 v,
1858 5801 2000 5866 vers}
2029 5801 2122 5864 32.

3649 305 3732 366 268

3319 5728 3502 5809 uxe'rit,
3525 5728 3720 5792 moedta-
3811 5789 3813 5808 ς
