1947 3168
82 172 123 199 £69
541 172 655 201 EVANG
661 172 766 202 ELIUM
785 172 848 202 SEC

907 173 971 203 )UM
990 173 1210 205 MATTIIAEUM.

255 228 370 258 CODEX
391 228 659 259 VERCELLENSIS.

477 277 562 312 posita
576 276 628 305 illis
644 285 700 305 ma-

476 320 513 340 nu
524 334 531 346 ,
549 313 613 341 abiit
628 313 701 341 inde.

482 348 523 376 l6.
545 349 579 376 Et
592 356 654 376 ecce
668 356 737 384 unus

476 385 591 412 accessit
603 385 637 412 ad
651 392 712 413 eum
723 405 731 419 ,

476 424 503 447 et
516 420 583 447 dixit
596 420 633 448 illi
647 429 654 448 :

476 455 604 491 Magister
611 477 618 489 ,
634 456 697 491 quid

476 491 539 519 boni
555 491 651 519 faciam

477 532 505 554 ut
520 527 631 555 habeam

476 563 557 589 vitam
573 568 661 590 aeter-

542 600 624 636 nam?
636 599 675 636 Adi
690 598 770 636 Jesus

444 659 449 663 ,
476 633 543 661 dixit
554 634 577 661 ei
591 644 595 661 :
610 635 678 668 Quid

476 677 519 697 me
535 671 648 698 interro-

474 712 521 737 gas
532 705 565 733 de
578 706 667 734 bono?

476 740 550 768 Unus
563 746 604 769 est
621 742 667 769 bo-

80 276 111 304 dit
122 276 226 309 nubere.

82 313 115 340 ll.
134 310 199 339 Dixit
211 316 299 344 autem

80 347 122 375 illis
134 347 225 390 Iesus;
238 347 298 380 Non

80 391 159 411 omnes
168 391 238 418 capt-

79 423 118 446 unt
129 419 231 447 verbum

78 454 146 487 istut,
157 454 203 481 sed
216 456 276 490 qni-

79 490 118 518 bus
130 490 187 518 datu

124 498 264 569 ’ἓέΐιὲιιηε
276 528 349 562 enim

78 561 205 603 spadones,
216 562 261 597 qui

78 596 104 638 tle
116 601 199 638 matris
212 603 291 630 utero

77 641 109 660 516
118 638 165 660 nati
176 639 237 661 sunt
249 641 256 661 ζ

76 672 161 696 etsunt
172 676 232 704 spa-

76 704 160 736 dones,
172 703 216 738 qui

76 739 125 767 iacti
139 744 197 767 sunt
208 740 242 768 ab

75 774 210 804 hominibus
224 785 231 810 ς
476 784 536 803 nus.
552 777 604 805 Sed
619 778 659 805 vis

76 814 96 838 et
108 816 164 840 sunt
174 811 272 848 spado;
475 811 502 848 in
513 813 595 840 vitam
608 821 654 847 ve-

76 854 127 879 nes,
139 847 179 882 qui
191 847 224 876 'se
247 847 251 848 ⁷
475 847 550 876 nire?
563 856 641 877 serva
679 851 686 856 ‘

75 882 135 920 ipsos
147 891 228 911 eunu-
475 889 630 920 praecepta.

74 918 211 947 cinvemut
475 919 519 957 εδ.
541 918 612 947 Dicit
623 919 661 957 illi
673 920 787 957 :AQttae?

74 960 167 988 propter
182 962 242 992 reg-
472 954 755 992 Jesusautemdix’it‘:

74 997 125 1027 nutu
137 990 281 1022 caelorum.
544 990 604 1027 Non
616 990 688 1027 oeci;

73 1024 112 1058 Qui
127 1031 211 1061 potest
232 1061 237 1063 _
546 1026 595 1055 des
608 1036 615 1055 :
631 1024 689 1063 Non

73 1069 168 1097 capere,
180 1061 278 1097 capiat.
544 1063 686 1096 moeeabe-

74 1096 105 1124 l5.
124 1098 194 1125 Tunc
204 1096 286 1129 oblati
302 1101 368 1130 sunt

73 1133 92 1159 ei
102 1133 205 1161 infantes
214 1154 222 1167 ,

73 1172 96 1195 ut
105 1177 193 1197 manus
207 1169 248 1197 eis

73 1203 212 1238 inponeret,
230 1209 259 1233 et.

72 1245 173 1268 curaret.
189 1241 248 1268 Dis-

71 1276 139 1309 cipuli
155 1281 245 1304 autem

71 1382 104 1422 lt.
117 1383 192 1411 Iesus
198 1383 310 1421 verum)
316 1383 380 1419 ait-3'
389 1383 440 1417 :Si-

70 1422 115 1445 nite
127 1427 223 1452 pueros
236 1439 244 1452 ,

70 1458 90 1480 et
103 1455 179 1483 nolite
192 1463 242 1484 eos

70 1490 197 1523 prohibere
212 1490 246 1518 ad

544 1098 588 1135 ris,
596 1107 602 1125 :
615 1098 677 1135 Non
685 1106 715 1135 a-

544 1133 714 1165 dulterabis:

545 1169 603 1197 Non
618 1169 683 1199 faci-

545 1212 575 1233 es
589 1205 689 1234 furtum
703 1215 709 1233 :

547 1240 606 1268 Non
619 1241 715 1274 falsum

551 1276 703 1305 testimoni-

548 1320 592 1339 um
606 1312 680 1340 dices
691 1321 697 1339 :

549 1347 592 1375 i9.
617 1348 724 1376 Honora

548 1388 651 1418 patrem
667 1387 711 1410 tu-

548 1427 591 1445 utn
601 1440 607 1451 ,
619 1424 645 1445 et
663 1427 720 1446 ma-

547 1459 615 1481 trem
631 1459 702 1481 luam
717 1465 722 1481 ;

546 1495 588 1521 et,
603 1490 696 1524 diliges

550 1533 701 1560 proximum

548 1566 620 1588 tttum
637 1562 673 1588 si—

69 1532 103 1564 tne
114 1527 202 1554 venire
214 1536 226 1564 εγ
239 1531 278 1554 ta-

69 1559 121 1588 lium
132 1567 171 1590 est
183 1563 258 1596 enim

68 1603 163 1631 regnum
173 1605 237 1626 οδε-
548 1603 593 1624 ent
610 1602 634 1624 te
652 1597 749 1632 ipsum.

70 1631 106 1659 15.
123 1633 219 1662 lorum.
231 1633 266 1662 Et
277 1633 320 1661 in-
475 1632 521 1661 ‘20.
545 1633 615 1659 Dixit
630 1631 720 1660 autem

261 1689 376 1719 COBEX
394 1688 630 1719 COBBEIENSIS.

67 1748 98 1777 dit
114 1750 222 1781 nubere.
251 1750 259 1765 ¹
285 1750 357 1778 Dixit
392 1754 481 1776 autern
512 1748 543 1775 ad
579 1748 638 1775 illos
664 1747 741 1775 Jesus
768 1757 773 1773 :
795 1748 853 1776 Non

67 1792 146 1817 omnes
178 1786 289 1821 capiunt
312 1786 422 1813 verbum
459 1784 544 1821 istud,
577 1784 745 1821 sedquiluis
761 1784 851 1810 datum

66 1825 107 1847 est.
137 1819 219 1855 Sunt'
243 1822 314 1851 enim
353 1825 366 1839 α
401 1820 551 1854 spadones,
597 1820 641 1854 qui
686 1819 719 1846 de
758 1820 852 1847 matris

68 1860 130 1884 utero
145 1857 184 1886 sic
211 1857 266 1885 nati
289 1861 351 1885 sunt
381 1865 387 1883 :
414 1861 439 1884 et
463 1860 526 1882 sunt
556 1855 708 1889 spadones,
743 1856 786 1889 qui
818 1856 852 1882 ab

68 1890 206 1925 hominibus
226 1893 289 1920 iacti
307 1897 389 1920 sunt:
407 1896 507 1919 etsunt
522 1892 670 1925 spadones,
687 1891 730 1924 qui
748 1891 853 1924 St'ipsos

67 1927 74 1941 ¹
87 1933 300 1957 excastrauerunt
319 1932 428 1962 propter
452 1935 562 1961 regnum
583 1927 729 1953 Cor-lorum.
744 1926 791 1959 Qui
808 1934 853 1959 po-

67 1967 109 1991 test
119 1972 229 2000 capere,
245 1964 342 1999 capiat.
359 1963 436 1990 Tunc
449 1963 529 1990 oblati
555 1968 625 2000 sunt
642 1962 683 2000 illi
711 1962 826 2000 iut‘uutcs
845 1983 852 1994 ,

66 1997 189 2030 tlttnatius
207 2000 246 2029 eis
259 1997 411 2034 imponeret
423 2020 429 2031 ,
447 2005 472 2026 et
493 2003 593 2024 oraret.
619 1997 747 2034 Discipuli
762 2004 852 2024 aulctn

68 2032 140 2073 ‘eus
151 2032 332 2073 prohibebant
348 2042 404 2062 eos.
426 2034 587 2073 .iesus‘vero
601 2033 661 2073 uiui
679 2041 684 2058 ε
702 2033 787 2060 Sinite
799 2053 804 2063 ,
816 2037 853 2073 χει

66 2068 137 2101 "alite
149 2068 197 2100 eos
220 2072 365 2107 prohibere
380 2072 471 2097 venire
484 2069 515 2107 ad
538 2077 598 2107 me»:
616 2069 711 2107 talium
726 2074 766 2095 est
780 2068 852 2107 enim

65 2113 163 2139 regnum
174 2104 326 2136 caelorum.
345 2107 376 2134 Et
391 2106 400 2121 ⁵
416 2105 549 2139 impositis
566 2105 618 2131 illis
633 2105 771 2133 munibus.
787 2104 852 2131 abiit

66 2140 126 2170 ἰικίο.
142 2142 176 2172 Et
186 2151 251 2171 ecce
264 2151 334 2171 unus
350 2143 465 2169 accessit
486 2141 610 2173 adeum,
624 2145 650 2167 et
670 2142 707 2166 ait
724 2140 781 2166 illi:
798 2140 852 2166 Ma-

65 2178 171 2211 sister“,
188 2179 253 2214 quid
276 2179 337 2205 boni
355 2177 450 2204 faciam
474 2176 632 2214 utAhabeam
654 2177 739 2214 ritum
764 2180 851 2214 acter-

66 2214 136 2248 nam?
148 2215 159 2230 ⁷
174 2212 222 2243 cui
240 2214 379 2248 respondit
393 2213 487 2240 Jesus:
503 2212 572 2245 Quid
589 2220 630 2238 tne
654 2212 805 2245 intui-rugas
820 2212 852 2238 ile

65 2247 143 2277 bono?
155 2251 166 2267 ⁸
178 2249 257 2279 Unus
271 2247 313 2277 est
329 2249 401 2277 Deus
425 2249 520 2275 bonus.
539 2248 570 2275 Si.
590 2252 679 2274 autem
700 2247 740 2274 vis
756 2248 788 2273 ad
813 2248 852 2273 \‘i—

66 2287 129 2316 l-‘mt'
143 2286 264 2321 ingredi.
282 2292 358 2313 serva
374 2285 508 2321 mandata.
527 2283 595 2321 Dicit
614 2283 672 2309 illi:
692 2283 787 2321 Quae?
808 2282 853 2321 le—

65 2326 103 2349 Sus
114 2318 202 2349 auteiu
214 2321 303 2350 dixit:
318 2320 375 2347 Non
391 2320 412 2335 ¹⁰
426 2319 534 2347 occides
548 2328 553 2344 :
571 2318 629 2345 Non
646 2318 832 2346 nioechabcris
846 2327 852 2345 :

65 2353 113 2384 Non
131 2357 234 2386 [ut-tum
249 2356 348 2385 iacies:
365 2355 425 2383 Non
445 2355 542 2382 faISum
560 2355 741 2381 lestitnOttittnt
756 2354 851 2380 dices:

65 2389 162 2421 Honora
187 2399 291 2428 patrem
317 2396 393 2420 tuum
404 2412 411 2425 ,
428 2395 455 2419 et
475 2395 588 2428 matrem
604 2395 675 2428 tuitui
691 2399 699 2428 ς
717 2395 743 2417 et
757 2389 851 2424 diliges

67 2426 209 2460 proximum
231 2433 304 2456 tuum
328 2433 464 2462 tamquam
491 2427 615 2460 teipsuni.
640 2426 710 2452 Dixit

1655 178 1708 207 270

1124 233 1241 263 CODEX
1260 232 1486 263 VERONENSIS.

1329 281 1374 309 15.
1397 281 1429 308 Et
1439 281 1573 316 impositis

1329 316 1383 343 illis
1394 317 1520 351 manibus
1534 339 1541 350 ,

1329 352 1394 380 abiit
1408 352 1480 381 inde.

1326 387 1374 415 46.
1395 388 1430 415 Et
1443 395 1508 416 ecce
1521 395 1591 419 unus

1329 424 1443 450 accessit
1460 424 1492 451 ad

1330 459 1424 492 illum,
1449 465 1475 487 et
1494 461 1531 488 ait

1330 494 1367 521 illi
1384 504 1389 521 :
1404 495 1528 530 Magister

1331 530 1401 557 honc
1412 552 1419 561 ,
1430 531 1492 565 quid

1331 566 1395 593 boui
1411 566 1505 594 faciam

1332 607 1360 629 ut
1376 602 1487 629 habeam
1501 604 1539 630 vi~

1332 642 1383 664 tam
1400 639 1554 666 aeternam?

1332 673 1364 699 17
1384 673 1425 700 Ad
1439 673 1517 701 Jesus
1533 675 1572 702 di-

1330 709 1368 735 xit
1383 710 1406 736 ei
1421 718 1427 737 :
1444 710 1513 742 Quid

1330 752 1373 771 mc
1386 745 1535 778 interrogas

1328 780 1362 807 de
1376 781 1446 808 bono
1458 781 1468 807 ?
1480 780 1554 809 Unus

1327 820 1370 843 est
1385 816 1471 846 bonus

1329 851 1411 880 Deus.

910 278 985 313 pedit
999 279 1110 307 nubere.

911 315 955 342 Η.
976 315 1049 342 Dixit
1059 320 1147 343 autem
1162 338 1166 341 .

911 350 966 377 illis
978 349 1057 378 Jesus
1070 360 1077 377 :

910 385 969 413 Non
983 393 1079 414 omnes
1093 394 1139 415 ca-

909 422 987 463 piunt
1002 422 1114 463 verbum

910 457 989 493 istut,
1001 457 1049 485 sed
1060 458 1116 493 qui-

910 492 960 520 bus
972 493 1063 521 datum
1074 498 1126 521 est.

912 528 956 556 12.
976 528 1045 556 Sunt
1059 529 1132 564 enim

909 564 1059 599 spadones,
1073 566 1118 600 qui

911 600 945 627 de
960 601 1054 628 matris
1070 608 1135 629 suae

911 640 989 663 utero
999 636 1039 663 sic
1051 637 1105 671 nati

910 675 991 699 sunt:
1005 675 1033 699 et
1044 675 1109 700 sunt

909 707 1045 742 spadones
1054 728 1061 740 ,
1075 708 1119 742 qui

910 742 973 770 facti
987 748 1051 770 sunt
1065 751 1080 770 a

911 778 1066 807 hominibus
1080 787 1087 806 :
1102 783 1130 809 et

910 819 973 842 sunt
987 812 1136 850 spadones,

909 850 953 885 qui
969 857 999 877 se
1015 850 1089 885 ipsos

908 890 1096 915 castraverunt
1330 888 1383 916 Sed
1398 889 1422 916 si
1436 888 1477 916 vis
1492 890 1518 917 in

908 926 1020 957 propter
1329 924 1412 951 vitam
1424 929 1565 957 aeternam

909 965 1023 993 regnum
1330 960 1425 988 venire
1435 980 1443 992 ,
1460 967 1537 990 serva

908 993 1055 1030 caelorum.
1330 995 1374 1023 18.
1396 996 1532 1023 mandata.
1548 995 1593 1030 Di-

909 1028 960 1062 Qni
971 1033 1061 1064 potest
1070 1037 1115 1060 ca-
1329 1031 1367 1059 cit
1380 1031 1419 1062 illi
1434 1040 1441 1059 :
1458 1031 1532 1065 Quae
1541 1032 1554 1061 τ

1328 1066 1408 1095 Jesus
1420 1073 1509 1095 autem

1329 1102 1397 1130 dixit
1414 1112 1421 1130 :
1434 1102 1493 1131 Non
1508 1111 1554 1134 oc-

1329 1138 1398 1166 cidis
1411 1147 1418 1165 :
1434 1138 1492 1166 Non

1329 1174 1496 1204 adulterabis
1512 1183 1519 1202 :

911 1067 1108 1130 ig'eiiié’iféz

910 1135 959 1163 lati
971 1142 1035 1178 sunt
1047 1138 1073 1167 ei

910 1178 987 1206 puert
995 1192 1003 1206 ,

912 1212 941 1234 ut
955 1215 1051 1236 manus
1328 1209 1387 1237 Non
1401 1209 1504 1237 furtum

911 1243 952 1270 eis
965 1244 1135 1280 imponeret,
1327 1245 1411 1273 facies
1425 1254 1432 1273 :
1444 1245 1503 1273 Non

910 1282 939 1306 et
953 1284 1054 1307 oraret.
1327 1280 1426 1308 falsum
1441 1282 1516 1309 testi-

911 1313 1043 1350 Discipuli
1059 1324 1108 1346 au—
1326 1317 1446 1345 monium
1460 1317 1501 1345 di-

912 1353 965 1386 tem
977 1351 1159 1385 prohibebant
1327 1352 1370 1380 19.
1391 1360 1437 1380 ces
1453 1361 1459 1378 :
1477 1353 1585 1386 Honora

912 1385 967 1423 Η..
978 1393 1035 1423 eos.
1051 1387 1131 1423 Jesus
1146 1395 1192 1416 ve-
1326 1394 1431 1422 patrem
1446 1393 1519 1418 tuum
1532 1409 1540 1423 ,

911 1428 942 1458 ro
958 1420 996 1458 (α)
1010 1422 1046 1449 ait
1061 1422 1083 1458 -ξ-
1098 1431 1105 1450 :
1326 1420 1353 1450 et
1367 1428 1481 1451 matrem

911 1455 999 1485 Sinite
1012 1455 1080 1490 eos',

910 1492 1036 1528 etnolite
1051 1500 1114 1528 pro-

910 1526 1005 1556 hibere
1018 1526 1059 1556 ad”
1068 1537 1113 1558 me

912 1564 1006 1591 venire
1023 1572 1030 1590 :
1048 1558 1142 1595 talium

910 1603 952 1626 est
962 1600 1034 1627 enim
1050 1607 1094 1628 re-
1326 1601 1426 1636 ipsum.

910 1642 991 1669 gnum
1007 1636 1155 1664 caelorum.
1325 1637 1373 1666 20.
1395 1637 1466 1665 Dicit
1478 1636 1517 1665 illi
1531 1636 1598 1665 adu-

1135 1692 1251 1722 CODEX
1270 1693 1470 1724 BRlXMNUS.

905 1750 979 1785 pedit
1013 1750 1124 1779 nubere.
1161 1751 1204 1779 Ad
1245 1751 1291 1779 ille
1317 1751 1384 1779 dixit
1428 1751 1479 1785 eis.
1511 1751 1572 1780 Non
1608 1760 1705 1786 omnes

905 1787 1140 1822 capiuntverbum
1164 1787 1235 1815 istud
1259 1787 1307 1815 sed
1330 1788 1428 1822 quibus
1447 1788 1539 1816 datum
1560 1793 1612 1818 est.
1634 1788 1706 1820 Sunt

905 1821 979 1849 enim
997 1821 1124 1850 eunuchi.
1142 1823 1186 1857 qui
1208 1831 1241 1852 ex
1265 1821 1345 1851 utero
1365 1823 1467 1857 mauis.
1491 1824 1531 1851 sic
1551 1824 1606 1853 nati
1629 1828 1702 1851 sunt.

906 1861 933 1884 et
945 1862 1008 1886 sunt
1021 1858 1148 1886 eunuchi.
1164 1859 1209 1893 qui
1225 1858 1289 1886 facti
1303 1863 1367 1886 sunt
1380 1859 1413 1886 ab
1423 1858 1589 1890 hominibus.
1603 1864 1629 1887 et
1643 1864 1706 1891 sunt

906 1894 1032 1930 eunuchi.
1049 1894 1093 1930 qui
1110 1902 1139 1921 se
1160 1894 1232 1928 ipsos
1254 1899 1444 1923 castraverunt
1464 1900 1573 1928 prapter
1592 1902 1705 1930 regnum

907 1929 1044 1956 caelorum
1060 1929 1110 1962 Qui
1126 1934 1214 1963 potest
1229 1937 1325 1962 capere
1338 1931 1436 1964 capiat.
1449 1929 1524 1956 Tunc
1537 1929 1631 1957 ohlati’
1641 1933 1703 1957 sunt

906 1964 931 1991 ei
944 1964 1055 1997 parvuli.
1068 1969 1096 1991 ut
1108 1973 1204 1991 manus
1215 1965 1254 1992 eis
1263 1966 1413 1999 imponeret
1424 1970 1451 1992 et
1461 1971 1562 1993 oraret.
1571 1965 1703 1998 Discipuli

905 2006 995 2029 autem
1002 1999 1060 2034 ejus
1071 1999 1251 2033 prohibebant
1260 2008 1318 2027 eos.
1328 2000 1504 2029 Jesusautem
1515 2000 1552 2029 ait
1562 2000 1623 2027 illis.
1632 2000 1702 2030 Sini-

907 2039 932 2072 te
946 2036 1080 2069 parvulos.
1098 2040 1125 2063 et
1140 2035 1222 2063 nolite
1235 2043 1282 2063 eos
1296 2035 1441 2072 prohibere
1453 2036 1544 2063 venire
1560 2036 1592 2063 ad
1608 2044 1649 2066 me
1663 2040 1702 2072 ta-

906 2070 971 2098 lium
993 2074 1036 2098 est
1056 2072 1128 2098 enim
1152 2079 1263 2106 regnum
1277 2070 1425 2099 caelorum.
1445 2072 1479 2098 Et.
1501 2072 1636 2104 inponens
1660 2071 1701 2099 eis

905 2114 1011 2134 manus.
1037 2106 1103 2134 abiit
1122 2107 1194 2134 inde.
1212 2107 1243 2134 Et
1259 2114 1322 2134 ecce
1346 2115 1415 2134 unus
1429 2107 1543 2134 accessit
1555 2107 1588 2135 ad
1602 2110 1703 2135 cumet

904 2141 970 2169 dixit
994 2141 1119 2177 Magister
1137 2142 1206 2169 bone
1234 2142 1297 2176 quid
1323 2143 1385 2170 b0ni
1410 2142 1516 2172 faciam.
1544 2148 1571 2169 ut
1586 2142 1701 2172 habeam

905 2178 988 2205 vitam
1012 2183 1134 2206 etei-nam
1149 2177 1199 2211 Qui
1224 2177 1291 2206 dixit
1306 2179 1342 2206 ei.
1363 2178 1431 2212 Quid
1449 2186 1490 2206 me
1507 2177 1574 2205 dicis
1585 2177 1698 2206 bonum.

906 2212 992 2241 Nemo
1006 2213 1092 2242 bonus
1117 2213 1168 2241 nisi
1182 2222 1251 2241 unus
1263 2214 1343 2241 Deus.
1361 2214 1389 2241 Si
1404 2218 1493 2241 autem
1517 2214 1556 2240 vis
1570 2214 1603 2242 ad
1618 2215 1700 2241 vitam

906 2249 1013 2284 ingredi
1024 2257 1102 2277 serva
1117 2249 1256 2279 mandata.
1270 2249 1310 2278 Ad
1326 2250 1369 2276 ille
1382 2249 1451 2277 dixit
1471 2250 1507 2276 ei.
1520 2249 1605 2282 Quae.
1620 2249 1700 2276 .lesns

906 2290 995 2312 antem
1020 2284 1100 2313 dixit.
1125 2285 1182 2312 Non
1210 2284 1329 2313 occides.
1357 2284 1415 2312 Non
1437 2284 1613 2313 adulter-abis.
1642 2284 1701 2312 Non

905 2319 919 2339 ιτ
932 2320 1076 2349 iuraveris.
1090 2320 1149 2348 Non
1163 2322 1259 2349 l'alsum
1283 2320 1467 2349 testimonium
1485 2320 1567 2348 dices.
1593 2319 1702 2347 llonora

906 2360 1010 2392 patrem
1027 2361 1099 2384 tuum
1115 2360 1143 2384 et
1163 2361 1287 2387 matrem.
1308 2361 1335 2385 et
1347 2356 1443 2392 diliges
1458 2356 1610 2391 proximum
1627 2360 1701 2383 tuum

906 2392 976 2420 sicut
991 2397 1017 2420 te
1030 2392 1127 2428 ipsum.
1156 2391 1224 2420 Dicit

1327 1462 1398 1486 tuam
1416 1468 1423 1486 :
1437 1464 1465 1487 et
1479 1481 1486 1492 ,

1326 1494 1422 1530 diliges
1433 1502 1495 1530 pro-

1326 1530 1431 1558 ximum
1447 1536 1520 1559 tuum

1326 1567 1396 1593 sicut
1412 1571 1438 1594 te

404 2483 601 2513 VABIANTES
620 2482 816 2512 LECTIONES.
832 2481 965 2511 CODICIS
985 2482 1040 2510 MS.
1061 2482 1089 2511 S.
1110 2481 1364 2518 GERMANENSIS.

91 2545 99 2561 ί
113 2545 182 2571 Dixit
193 2548 278 2570 autem
288 2544 335 2571 illis
347 2551 353 2569 :
362 2544 416 2570 Non

90 2577 100 2592 ¹
114 2579 284 2602 castraverunt

92 2608 102 2623 ³
116 2608 277 2634 increpabant
289 2608 335 2633 eis.

91 2638 101 2671 ξ
118 2640 154 2665 eis
166 2648 172 2665 :
181 2638 261 2671 Sinite
273 2638 397 2671 patulos,

91 2669 101 2686 '
118 2671 149 2696 Ut
163 2669 237 2703 Vulg.
250 2669 334 2706 usque,
346 2671 412 2696 bone

937 2543 948 2559 ⁸
967 2543 1043 2574 bone,

937 2575 947 2590 ⁷
965 2575 1011 2604 Qui
1022 2575 1084 2600 dixit
1096 2575 1120 2599 ei
1131 2581 1137 2598 :

937 2605 948 2622 ⁸
964 2605 1042 2631 Nemo
1053 2606 1133 2631 bonus
1142 2606 1187 2631 nisi
1198 2612 1263 2631 unus
1273 2605 1342 2632 Deus
1355 2607 1377 2631 ο.

936 2637 947 2653 ⁸
965 2637 1062 2662 venire.

938 2668 960 2684 ιθ
980 2669 1012 2693 Ut
1025 2667 1099 2701 Vulg.
1113 2675 1196 2702 usque,
1211 2668 1361 2696 adolescens.

705 2709 889 2740 BLANCHINI
907 2709 1023 2740 NOTE.

96 2766 109 2781 ⁸
122 2761 237 2791 Tertull.
251 2767 280 2790 et
288 2760 416 2798 Cyprian.
426 2759 519 2798 legunt
532 2766 595 2787 cum
609 2757 716 2798 duobus
731 2765 796 2787 mss.
809 2764 858 2785 no-

65 2798 125 2825 stris
146 2793 386 2831 codicibusfs'unt
405 2793 553 2832 spadones;
581 2799 608 2832 et
639 2793 677 2822 ita
700 2798 859 2832 constanter

66 2839 157 2862 nomen
171 2830 320 2868 spadonum
339 2830 457 2861 retinent
469 2831 496 2860 in
511 2831 617 2860 caeteris
632 2838 681 2866 pro
693 2830 803 2859 nomine
813 2837 860 2859 eu:

67 2869 224 2898 nuchorum.

68 2963 75 2970 _
99 2934 135 2972 (α)
149 2935 217 2964 Post
229 2936 285 2971 ait,
299 2935 377 2965 deest
390 2936 427 2964 eis
436 2955 446 2970 ,
460 2933 544 2964 etiam
565 2933 593 2963 in
608 2937 681 2962 textu
698 2932 806 2962 Graeco.

946 2757 961 2815 ξ
975 2758 1174 2831 ῗὶξὶιυεεήρῑιιε
1186 2793 1280 2824 Codex
1296 2794 1555 2831 San-Germanens‘is
1568 2793 1649 2824 habet
1662 2790 1706 2831 hic

912 2830 984 2865 loci,
1000 2830 1072 2867 quod
1093 2830 1191 2866 legitur
1206 2831 1278 2868 apud
1295 2831 1415 2861 Marcum
1432 2839 1492 2868 cap.
1512 2840 1531 2860 x
1543 2852 1550 2866 ,
1566 2839 1637 2861 vers.
1662 2830 1707 2860 18.
