3894 6336
495 281 597 336 2η
1035 277 1302 338 EUSEBII
1339 271 1680 335 VEBCELL.
1723 274 2178 336 EVANGELIUM
2219 273 2365 335 CUM
2407 273 2639 336 VARIIS
2666 274 2822 334 COD.
2855 273 3244 334 COLLATUM.
3628 278 3710 335 2Ἱὲ

2642 389 2877 448 CODEX
2915 388 3356 447 VERONENSIS.

887 391 1120 450 CODEX
1153 390 1699 450 VERCELLENSIS.

434 504 436 506 '
493 488 574 544 illi
603 487 963 544 adulescens:
1332 486 1387 557 in
1418 501 1587 557 regno
1616 500 1740 542 cae-

499 559 692 617 Omnia
722 560 856 615 haec
1336 556 1535 611 lorum.

497 631 764 686 custodivi
789 646 820 686 a
843 630 936 700 ju-
1334 627 1427 700 25.
1474 627 1567 700 [iis
1584 637 1774 700 autem
1798 643 1894 683 au-

499 711 724 757 ventute
755 698 903 767 mea,
1335 698 1466 770 ditis
1490 740 1504 762 ,
1538 699 1779 770 discipu-

496 772 626 843 quid
656 773 831 826 adhuc
847 841 858 843 Α
1334 768 1374 824 li
1401 770 1676 843 miraban-

497 840 656 924 i'lihi.
680 843 829 924 $169?!
842 841 878 924 ‘3.
1076 912 1132 924 η.
1332 847 1459 924 ἓυτιέ
1478 840 1556 924 (9)
1582 851 1642 924 et.
1667 842 1824 924 time:

494 914 588 970 21.
629 914 720 968 Ait
745 912 823 969 illi
846 911 1006 970 Iesus
1033 930 1046 967 :
1076 912 1136 969 Si
1332 910 1465 967 bant
1488 910 1749 983 f'valde,
1781 913 1867 970 di-

493 985 578 1040 vis
607 984 880 1054 perfectus
1333 990 1519 1038 centes
1550 1001 1563 1035 :
1595 984 1728 1052 Quis

489 1071 647 1120 esse,
676 1057 845 1120 vade,
872 1069 1005 1112 ven-
1333 1069 1466 1124 ergo
1497 1055 1699 1124 poterit

489 1126 562 1182 de
587 1127 728 1182 bona
754 1137 839 1182 tua
856 1167 872 1191 ,
1331 1125 1516 1181 salvus
1541 1127 1712 1182 esse?

486 1207 545 1254 et
567 1197 635 1253 da
663 1213 860 1268 paupe-
1330 1195 1424 1251 26.
1468 1197 1754 1268 aspiciens
1775 1212 1875 1252 au-

484 1266 674 1335 ribus,
703 1279 760 1324 et
781 1269 945 1325 habe-
1330 1275 1441 1321 tem
1467 1266 1627 1323 Iesus
1646 1308 1662 1334 ,
1693 1268 1830 1324 dixit

489 1339 579 1394 bis
605 1341 864 1396 thensau-
1327 1337 1439 1393 illis
1473 1356 1489 1393 :
1518 1337 1665 1407 Aput
1691 1340 1787 1395 lio-

482 1424 606 1467 rum
637 1411 692 1466 in
712 1426 841 1468 cae-
1328 1410 1504 1464 mines
1533 1408 1638 1464 hoc

483 1481 542 1536 lo
575 1500 588 1535 :
618 1493 674 1537 et
701 1482 859 1550 veni,
891 1499 982 1540 se-
1329 1480 1671 1550 impossibile

484 1568 657 1622 quere
678 1569 787 1608 me.
1329 1559 1418 1607 est
1440 1569 1452 1604 :
1482 1551 1633 1622 apud,
1659 1551 1827 1608 Deum

487 1621 580 1678 22.
622 1624 760 1680 Cum
800 1626 1041 1683 audisset
1329 1636 1462 1678 vero
1489 1621 1670 1676 omnia

486 1707 670 1752 autem
709 1695 841 1751 adu-
1325 1693 1608 1764 possibilia
1631 1701 1778 1748 sunt.

483 1765 704 1823 lesceus
736 1767 840 1823 hoc
1323 1765 1416 1818 27.
1459 1763 1611 1819 Tunc
1638 1764 1980 1834 respondens

481 1839 711 1894 verbum
728 1878 742 1901 ,
769 1839 886 1895 abi—
1323 1835 1524 1890 Petrus
1545 1877 1561 1900 ,
1593 1835 1731 1890 dixit

479 1907 526 1963 it
553 1910 724 1964 tristis
756 1926 769 1963 :
797 1920 918 1967 erat
1316 1907 1368 1962 ei
1397 1924 1410 1959 :
1446 1907 1582 1961 Ecce
1611 1921 1714 1962 nos
1743 1922 1831 1964 re-

475 1981 620 2035 enim
650 1979 858 2037 habens
1315 1977 1573 2047 liquimus
1593 1991 1712 2032 om-

476 2051 680 2106 multas
707 2066 833 2120 pos-
1319 2050 1410 2103 nia
1433 2090 1448 2114 ,
1478 2059 1533 2103 et
1556 2048 1729 2104 secuti

475 2125 776 2177 sessiones.
1319 2134 1508 2175 sumus
1535 2128 1588 2174 te
1621 2136 1634 2173 :
1667 2120 1797 2190 quid

1319 2205 1450 2262 ergo
1477 2191 1582 2262 erit
1607 2205 1706 2246 no-

1317 2261 1409 2317 28.
1455 2261 1584 2317 bis?
1611 2262 1768 2318 Jesus
1794 2276 1886 2318 au-

1319 2343 1430 2390 tam
1452 2332 1590 2388 dixit
1621 2333 1725 2388 illis
1760 2353 1773 2388 :

1315 2406 1493 2460 Amen
1525 2405 1651 2460 dico
1679 2420 1773 2460 vo—

1314 2475 1431 2540 bis,
1464 2474 1610 2546 quod
1637 2490 1734 2531 vos

1313 2549 1406 2617 qui
1427 2545 1603 2602 secuti
1633 2561 1722 2602 es-

1313 2619 1384 2672 tis
1411 2633 1500 2673 tne
1525 2659 1540 2682 ,
1571 2618 1624 2671 iu
1650 2632 1806 2690 rege—

1314 2690 1600 2744 neratione
1628 2704 1752 2744 cum

1311 2759 1516 2816 sederit
1542 2759 1718 2816 Filius

1312 2830 1551 2886 hominis
1578 2829 1632 2886 in

476 2193 573 2249 25.
612 2192 770 2249 Jesus
789 2205 973 2251 autem
1004 2194 1089 2250 di-

476 2264 562 2319 xit
586 2264 825 2334 discipu-

475 2336 548 2392 lis
573 2336 685 2391 suis
713 2350 729 2388 :
757 2339 930 2393 Amen

475 2407 605 2463 dico
636 2405 790 2462 vobis
809 2449 825 2474 ,

519 2477 626 2533 uod
656 2477 810 2533 dives

517 2549 701 2604 iflicile
725 2549 811 2604 in-

475 2621 644 2677 travit
667 2619 722 2675 in
763 2634 886 2690 reg-

474 2708 553 2748 no
578 2692 875 2748 caelorum.

473 2763 568 2820 24.
609 2763 811 2818 lterum
841 2761 966 2818 dico
998 2777 1094 2817 vo-

467 2834 561 2891 bis
592 2851 606 2888 :
638 2833 878 2890 Facilius

471 2915 558 2963 est
582 2904 877 2961 camellam
1310 2902 1444 2958 sede
1486 2901 1686 2971 majes-

470 2991 575 3047 per
599 2975 846 3032 foramen
1240 3045 1244 3047 ἓ
1311 2975 1440 3047 tatis
1469 2987 1602 3047 suae
1622 3014 1637 3039 ,
1669 2986 1756 3027 se-

470 3043 607 3102 acus
637 3047 833 3102 transi-
1240 3045 1244 3048 ’
1313 3043 1516 3099 debitis
1542 3053 1598 3098 et
1626 3057 1723 3099 vos

469 3132 568 3184 re,
600 3132 762 3187 quam
793 3115 932 3172 divi-
1312 3129 1480 3187 super
1505 3114 1666 3187 sedes

469 3195 586 3246 tem
608 3184 814 3244 intrare
1311 3191 1412 3241 xli.
1461 3184 1768 3254 iudicantes

903 3321 1140 3380 CODEX
1175 3319 1649 3379 CORBEIENSIS.

473 3421 553 3478 illi
600 3419 916 3476 adolescens
980 3435 993 3470 :
1051 3416 1246 3487 Omnia
1316 3416 1450 3487 haec
1533 3416 1800 3474 custodivi
1849 3426 1907 3484 α,
1950 3418 2079 3487 quid

480 3493 660 3548 adhuc
707 3489 838 3544 mihi
889 3488 1084 3544 deest?
1135 3486 1226 3542 Ait
1275 3487 1350 3540 illi
1382 3486 1660 3558 Jesus:Si
1696 3489 1777 3542 vis
1808 3486 2080 3558 perfectus

474 3579 630 3630 esse,
667 3564 683 3594 ¹
709 3561 846 3616 vade
864 3602 881 3628 ,
934 3569 1009 3630 et
1041 3559 1215 3630 vende
1244 3557 1425 3612 omnia
1452 3573 1591 3630 quae
1617 3557 1863 3629 possides
1885 3601 1899 3622 ,
1933 3569 1988 3614 et
2013 3561 2078 3614 da

473 3629 826 3706 pauperibus,
850 3641 904 3687 et
930 3629 1157 3706 halnbis
1189 3629 1501 3706 thesaurum
1524 3629 1580 3684 in
1601 3630 1758 3706 coelo
1782 3648 1807 3706 _:
1837 3639 1893 3686 et
1918 3631 2077 3706 veni,

475 3700 868 3776 sequereme.
921 3703 1118 3776 Qumu
1147 3700 1388 3776 audisset
1444 3700 1996 3776 aut_em_adolesceus
2047 3705 2068 3733 ³

473 3771 701 3833 verbum
726 3774 829 3829 hoc
853 3814 868 3840 ,
891 3773 1023 3828 abiit
1052 3772 1224 3826 tristis
1270 3788 1283 3823 :
1311 3779 1428 3826 erat
1455 3773 1599 3826 enim
1633 3771 1841 3828 habens
1871 3779 2071 3828 multas

472 3845 873 3920 possessiones.
900 3844 1092 3920 _._lesus
1144 3850 1327 3920 autem
1375 3841 1516 3920 dixit
1557 3843 1855 3920 discipulis
1908 3847 2068 3920 suis:

475 3913 651 3975 Amen
677 3916 799 3972 dico
828 3915 1012 3980 vobis,
1043 3913 1185 3981 quod
1219 3915 1372 3968 dives
1403 3913 1628 3969 difﬁcile
1654 3915 1882 3970 intrabit
1908 3916 1961 3970 in
1985 3931 2072 3970 re-

477 4006 652 4064 gnum
687 3988 986 4064 coelorum.
1009 3985 1030 4016 ⁸
1061 3986 1258 4040 Iterum
1304 3984 1428 4039 dico
1458 3987 1616 4064 vobis
1647 4003 1660 4040 :
1706 3986 1957 4064 Facilius
1990 3997 2076 4041 est

479 4056 750 4117 Eamelum
781 4074 875 4126 per
901 4056 1142 4111 foramen
1187 4070 1317 4110 acus
1365 4058 1599 4110 transire
1622 4099 1636 4118 ,
1667 4073 1828 4126 quam
1851 4057 2074 4112 divitem

481 4131 538 4186 in
565 4144 732 4200 regno
761 4128 1067 4200 coelorum.
1089 4126 1208 4192 Quo
1245 4127 1469 4200 audito,
1499 4127 1750 4196 discipuli
1777 4129 1894 4196 ejus
1921 4127 2074 4200 “Ami-

484 4195 750 4254 rabautur
776 4197 933 4251 valde
959 4237 974 4260 ,
1015 4195 1296 4251 dicentes:
1338 4197 1481 4266 Quis
1511 4195 1653 4265 ergo
1671 4195 1871 4266 poterit
1893 4198 2077 4254 salvus

485 4269 652 4326 esse?
679 4269 700 4299 "
727 4267 1084 4335 Conspiciens
1113 4275 1291 4320 autem
1321 4265 1480 4322 Jesus
1503 4309 1518 4333 ,
1558 4265 1696 4322 dixit
1725 4268 1831 4324 illis
1876 4287 1888 4321 :
1917 4270 2072 4336 Apud

486 4338 740 4396 homines
779 4337 882 4391 hoc
925 4336 1261 4406 impossibile
1313 4346 1398 4392 est
1443 4355 1457 4391 :
1501 4339 1641 4406 apud
1697 4339 1862 4393 Deum
1892 4350 2074 4395 autem

487 4414 671 4469 omnia
721 4407 998 4480 possibilia
1051 4416 1210 4480 sunt.
1250 4406 1401 4462 Tunc
1450 4409 1786 4479 respondens
1846 4411 2074 4476 Petrus,

486 4482 670 4540 dixit‘
695 4477 880 4537 {Ecce
899 4493 996 4532 nos
1022 4477 1338 4546 reliquimus
1363 4477 1581 4545 omnia,
1610 4490 1666 4536 et
1691 4483 1864 4537 secuti
1889 4497 2078 4537 sumus

489 4563 545 4611 te
570 4576 584 4612 :
614 4553 740 4625 quid
768 4566 899 4622 ergo
927 4547 1044 4625 erit
1082 4549 1276 4625 nobis?
1315 4550 1475 4625 Jesus
1519 4561 1697 4607 autem
1749 4553 1883 4607 dixit
1929 4555 2074 4625 illis:

489 4621 663 4682 Amen
689 4624 814 4680 dico
840 4621 1008 4678 vobis
1030 4661 1048 4689 ,
1074 4621 1199 4691 quia
1221 4635 1316 4676 vos
1359 4622 1449 4692 qui
1480 4638 1566 4678 me
1604 4625 1778 4680 secuti
1822 4625 1989 4679 estis:
2023 4624 2079 4680 in

490 4695 942 4770 regeneratione,
1005 4692 1422 4770 quum_s_e_derit
1483 4693 1652 4750 Filius
1711 4694 1994 4770 hominis_"
2022 4695 2079 4750 in

489 4763 690 4825 thFono
713 4767 920 4839 gloriae
946 4779 1096 4832 suae,
1111 4763 1366 4820 sedebitis
1385 4772 1440 4821 et
1468 4780 1565 4821 vos
1585 4768 1926 4839 superasedes
1945 4766 2080 4822 duo-

494 4839 671 4896 decim
691 4883 706 4907 ,
731 4838 1038 4910 iudicantes

2203 484 2416 542 lescens
2448 502 2460 538 :
2489 483 2617 542 0m-

2201 558 2290 612 nia
2322 557 2454 612 haec
2477 565 2663 612 custo-

2201 628 2310 683 divi
2333 644 2360 682 a
2377 629 2572 696 juven-

2203 707 2317 754 tute
2345 714 2464 754 mea
2481 741 2496 763 ,

2203 771 2330 840 quid
2354 770 2534 826 adhuc

2203 841 2334 897 mihi
2365 841 2558 898 deest?

2201 911 2294 967 21.
2338 914 2427 967 Ait
2457 913 2535 968 illi

2200 982 2362 1039 Jesus
2389 1001 2406 1043 :
2432 984 2488 1040 Si
2519 985 2602 1040 vis

2199 1055 2474 1124 perfectus
2502 1070 2590 1111 es-

2198 1140 2294 1192 se,
2323 1126 2460 1183 vade
2483 1169 2500 1195 ,

2195 1197 2376 1253 vende
2399 1213 2519 1252 om-

2196 1268 2284 1322 nia
2309 1277 2398 1325 tua
2413 1309 2428 1333 ,
2460 1277 2517 1324 et

2195 1338 2266 1393 da
2299 1353 2501 1409 paupe-

2192 1409 2344 1465 ribus
2365 1453 2381 1478 ,
2416 1421 2473 1467 et
2501 1412 2596 1465 ba-

2192 1479 2349 1536 bebis
2381 1482 2638 1538 thensau-

2191 1565 2314 1607 rum
2341 1553 2394 1608 in
2421 1554 2573 1610 caelo
2603 1570 2616 1606 :

2193 1631 2250 1677 et
2281 1625 2440 1693 veni,
2469 1639 2696 1696 sequere

2191 1709 2301 1750 me.

2191 1765 2283 1820 22.
2327 1764 2464 1822 Cum
2494 1766 2738 1824 audisset

2189 1846 2371 1894 autem
2403 1838 2591 1894 adule-

2189 1923 2352 1965 scens
2377 1910 2602 1964 verbum

2189 1978 2295 2035 hoc
2319 2022 2334 2046 ,
2375 1979 2509 2035 abiit
2541 1980 2635 2034 tri-

2190 2059 2305 2106 stes
2338 2069 2352 2105 :
2379 2060 2498 2106 erat
2526 2051 2672 2106 enim

2187 2119 2397 2177 habens
2426 2121 2622 2177 multas

2185 2193 2588 2262 possessiones.

2185 2263 2282 2318 25.
2324 2263 2483 2320 Jesus
2514 2273 2693 2320 autem

2185 2335 2328 2390 dixit
2355 2335 2635 2405 discipulis

2185 2406 2301 2461 suis
2333 2424 2346 2459 :
2377 2407 2549 2462 Amen

2184 2475 2309 2548 dico
2339 2477 2493 2532 vobis
2510 2520 2525 2542 ,
2557 2477 2702 2548 quod

2182 2546 2336 2602 dives
2367 2546 2588 2604 difﬁcile

2184 2617 2406 2673 intravit
2437 2622 2490 2675 in
2516 2636 2603 2676 re-

2182 2704 2290 2757 gno
2306 2691 2604 2746 caelorum.

2182 2759 2278 2815 24.
2323 2761 2522 2816 lterum
2552 2761 2672 2816 dico

2181 2831 2338 2888 vobis
2373 2850 2388 2887 :
2419 2833 2654 2888 Facilius

2182 2911 2269 2960 est
2291 2904 2569 2959 camillum

2182 2989 2280 3044 per
2309 2976 2550 3031 foramen

2180 3059 2313 3100 acus
2344 3046 2577 3102 transire
2605 3087 2620 3112 ,

2181 3131 2342 3185 quam
2364 3117 2586 3172 divitem

2182 3187 2391 3244 intrare
2416 3189 2469 3244 iu
2500 3203 2588 3245 re-

3036 498 3201 552 gnum
3223 481 3494 536 caelorum.

3035 553 3128 608 25.
3171 552 3374 608 Auditis
3397 559 3556 609 autem

3037 623 3318 688 discipulis
3342 623 3466 679 haec
3486 665 3500 688 ,

3036 695 3385 759 mirabantur,
3407 694 3486 767 (α)

3035 777 3092 822 et
3115 767 3368 822 timebant
3391 765 3429 836 ’ξ-

3036 837 3193 893 valde
3208 879 3223 904 ,
3253 838 3481 892 dicentes
3505 854 3517 891 :

3034 908 3167 978 Quis
3193 924 3322 978 ergo
3342 923 3432 979 po-

3035 981 3164 1036 terit
3187 980 3364 1034 salvus
3393 980 3547 1034 esse?

3031 1050 3122 1106 26.
3171 1051 3447 1121 Aspiciens
3476 1058 3629 1108 autem

3029 1122 3190 1178 Jesus
3213 1164 3228 1189 ,
3259 1123 3368 1178 dixi

3025 1193 3136 1264 illis
3169 1211 3182 1246 :
3215 1194 3359 1264 Aput

3029 1263 3279 1321 homines
3295 1264 3397 1321 hoc

3028 1335 3365 1406 impossibile
3391 1345 3471 1394 est
3499 1354 3512 1391 :

3029 1416 3159 1490 aput
3183 1407 3351 1464 Deum
3373 1479 3386 1490 .

3029 1489 3210 1552 autem
3222 1551 3231 1552 ί
3243 1489 3420 1552 omnia

3029 1551 3312 1616 possibilia
3339 1559 3474 1606 sunt.

3026 1620 3118 1694 27.
3163 1621 3319 1694 Tunc
3334 1621 3634 1694 respondens

3027 1692 3224 1749 Petrus
3244 1735 3260 1760 ,
3292 1693 3426 1749 dixit

3025 1765 3078 1820 ei
3103 1781 3118 1820 :
3155 1763 3298 1822 Ecce
3328 1780 3426 1821 nos

3023 1835 3346 1906 reliquimus

3021 1909 3206 1962 omnia
3236 1947 3252 1973 ,
3303 1915 3358 1961 et
3412 1922 3492 1962 se—

3021 1979 3129 2033 cuti
3160 1993 3351 2033 sumus
3375 1988 3425 2034 te
3453 1996 3466 2032 :

3021 2049 3148 2120 quid
3171 2065 3306 2120 ergo
3327 2049 3430 2106 erit

3021 2121 3177 2177 nobis
3196 2121 3220 2174 ?

3021 2191 3110 2248 28.
3157 2191 3321 2248 Jesus
3355 2200 3524 2247 autem

3019 2263 3158 2319 dixit
3186 2264 3298 2318 illis
3343 2281 3357 2318 :

3019 2336 3191 2391 Amen
3223 2335 3352 2391 dico

3019 2407 3174 2462 vobis
3198 2446 3216 2474 ,
3249 2405 3400 2477 quod

3019 2491 3117 2532 vos
3146 2479 3238 2547 qui
3277 2493 3365 2534 se-

3017 2549 3128 2604 cuti
3153 2550 3292 2604 estis
3320 2565 3435 2615 me,

3019 2619 3074 2675 in
3098 2635 3396 2688 regenera—

3016 2691 3166 2746 tione
3195 2705 3324 2745 cum

3015 2762 3220 2818 sederit
3245 2761 3428 2818 Filius

3017 2833 3259 2888 hominis
3301 2833 3356 2888 in

3015 2905 3147 2962 sede
3176 2903 3481 2976 majestatis

3016 2990 3149 3031 suae
3178 3017 3194 3042 ,

3019 3047 3286 3103 sedebitis
3313 3055 3370 3102 et

3018 3132 3116 3190 vos
3144 3133 3316 3190 super
3343 3133 3432 3190 se-

3019 3189 3118 3246 des
3147 3206 3244 3245 xu.
3277 3189 3428 3261 judi-

2655 3328 2889 3386 CODEX
2917 3328 3324 3387 BRIXIANUS.

2181 3421 2259 3477 illi
2281 3422 2621 3481 adulescens.
2637 3424 2828 3480 Omnia
2842 3423 2997 3480 haec.
3011 3424 3279 3479 custodivi
3299 3440 3328 3479 a
3349 3424 3614 3490 iuventute
3623 3431 3728 3472 mea.

2182 3493 2312 3562 quid
2339 3494 2516 3550 adhuc
2545 3495 2677 3550 mihi
2707 3495 2880 3552 deest.
2903 3495 2991 3550 Ait
3012 3497 3086 3550 illi
3113 3495 3298 3551 Jesus.
3330 3496 3387 3551 Si
3411 3497 3488 3549 vis
3513 3491 3732 3562 perlectus
3840 3531 3841 3534 η

2183 3579 2327 3649 esse.
2356 3565 2493 3649 vade
2531 3566 2706 3649 vende
2733 3567 2914 3649 omnia
2941 3583 3081 3638 quae
3109 3566 3386 3649 possides:
3414 3575 3469 3623 et
3491 3566 3554 3649 da
3579 3571 3734 3649 paupe-

2184 3635 2356 3690 ribus.
2383 3646 2439 3692 et
2483 3638 2706 3692 habebis
2751 3631 3125 3692 thensaurum"
3155 3638 3210 3692 in
3260 3639 3440 3694 caelo.
3471 3647 3524 3693 et
3548 3631 3734 3688 venise-
3840 3685 3841 3700 ξ

2185 3721 2357 3781 qucre
2383 3723 2487 3763 me.
2521 3709 2635 3763 Hoc
2674 3709 2860 3781 audito
2890 3709 3214 3764 adulescens
3255 3708 3402 3781 abiit
3445 3707 3618 3763 tristis.
3645 3707 3734 3781 ετξξ

2176 3771 2322 3849 enim
2347 3779 2553 3834 habens
2583 3779 2782 3834 multas
2819 3781 3214 3849 possessiones.
3247 3780 3413 3836 Iesus
3440 3771 3736 3849 θυιδαμ,ὐὶξῇ

2175 3847 2456 3922 discipulis
2499 3851 2636 3906 suis.
2680 3840 2852 3906 Amen
2898 3851 3020 3906 dico
3050 3850 3226 3906 vobis.
3272 3853 3403 3922 quia
3443 3840 3738 3922 dillicilendi-
3840 3911 3841 3916 η

2176 3933 2272 3974 ves
2304 3913 2523 3976 intrabit
2548 3922 2600 3976 iu
2633 3936 2858 3989 regnum
2883 3923 3180 3977 caelorum.
3213 3913 3419 3978 lterum
3445 3930 3615 3976 autem
3636 3913 3730 3967 dico
3840 3913 3841 3974 ξ

2176 3990 2335 4046 vobis
2357 3991 2593 4048 Facilius
2615 4003 2698 4048 est
2718 3994 2986 4048 camelum
3037 4009 3133 4062 per
3173 3993 3428 4049 foramen
3475 4004 3596 4062 acus
3619 3996 3732 4042 tran-
3840 4029 3841 4032 η

2178 4062 2314 4136 sire.
2356 4080 2515 4133 quam
2557 4065 2780 4136 divitem
2834 4061 3069 4136 introire
3117 4065 3168 4119 in
3223 4081 3454 4136 regnum
3485 4061 3733 4136 caelorum.

2179 4125 2392 4188 Auditis
2440 4145 2619 4190 autem
2676 4135 2760 4189 his
2813 4135 3088 4206 discipuli.
3125 4125 3468 4191 mirabantur
3504 4130 3646 4187 valde
3677 4125 3736 4179 di-
3840 4197 3841 4204 γ

2178 4213 2364 4278 centes
2389 4205 2529 4278 Quis
2545 4222 2677 4276 ergo
2723 4209 2927 4276 poterit
2952 4205 3136 4262 salvus
3163 4222 3310 4263 esse.
3365 4207 3738 4278 Aspiciensuactl-

2188 4283 2296 4330 tem
2323 4268 2481 4332 JeSiis
2503 4268 2636 4332 diin
2667 4268 2765 4332 eis.
2819 4281 2962 4347 Aput
3011 4279 3259 4334 homines
3316 4268 3737 4347 hoc'inpossibilc
3840 4337 3841 4342 γ

2178 4355 2264 4402 est
2287 4388 2301 4412 ,
2333 4359 2461 4424 aput
2506 4349 2672 4424 Deum
2706 4340 2883 4424 autem
2913 4349 3095 4424 omnia
3126 4350 3413 4424 possibilia
3444 4340 3585 4424 sunt.
3625 4340 3741 4424 Tum}

2179 4419 2521 4487 respondens
2579 4421 2772 4475 Petrus
2821 4420 2959 4476 dixit
3004 4423 3075 4476 ei.
3131 4421 3270 4476 Ecce
3325 4437 3427 4476 nos
3468 4419 3740 4480 reliquimus

2186 4490 2389 4566 om_uia.
2424 4499 2480 4545 et
2506 4495 2889 4566 secutisumus
2919 4491 3128 4566 tequid
3158 4507 3290 4566 ergo
3323 4493 3431 4566 erit
3458 4487 3632 4566 nobis.
3659 4554 3670 4566 ο

2256 4560 2414 4617 Jesus
2443 4573 2624 4617 autem
2645 4561 2780 4617 dixit
2804 4563 2936 4617 illis.
2966 4560 3142 4617 Amen
3186 4560 3315 4618 dico
3346 4563 3502 4617 vobis
3528 4560 3740 4630 quoniam

2186 4645 2286 4687 vos
2316 4633 2406 4703 qui
2435 4634 2608 4688 secuti
2630 4635 2761 4688 estis
2790 4648 2876 4688 me
2903 4634 2957 4688 in
2979 4637 3409 4690 resurrectione.
3439 4627 3558 4688 cuni
3579 4627 3745 4684 sederit

2185 4703 2357 4775 Filius
2404 4703 2637 4759 hominis
2700 4720 2864 4775 supra
2928 4705 3115 4760 sedem
3167 4707 3473 4775 majestatis
3535 4706 3745 4775 suaese'

2185 4774 2406 4831 debitis.
2454 4784 2510 4831 et
2561 4791 2659 4832 vos
2703 4773 2868 4847 super
2916 4775 3204 4832 duodecim
3254 4773 3443 4833 sedes.
3486 4773 3746 4847 iudicantes

1173 4972 1570 5033 VARIANTES
1608 4973 1992 5040 LECTIONES
2030 4973 2295 5033 CODICIS
2333 4975 2446 5032 MS.
2489 4973 2547 5031 S.
2589 4973 3099 5033 GERMANENSIS.

556 5115 576 5146 ι
612 5112 755 5177 vade,
775 5113 936 5164 vende
955 5125 1086 5177 quae
1106 5112 1284 5173 habes,

552 5178 575 5207 ⁸
608 5175 833 5238 verbum,
857 5175 987 5225 abiit‘
1022 5236 1029 5238 Α
1217 5203 1220 5205 λ

553 5239 576 5304 _'
607 5236 690 5304 Et,
719 5236 836 5304 etc.,
855 5243 908 5288 ut
934 5236 1082 5303 Vulg.
1101 5249 1272 5304 usque,
1292 5236 1595 5288 mirabantur

550 5299 574 5330 ⁵
606 5299 770 5350 mirati
786 5305 918 5359 sunt,

560 5509 584 5537 α
613 5498 772 5573 Notat
796 5497 982 5573 Lucas
1009 5498 1301 5573 Brugensis
1341 5500 1505 5568 illud,
1546 5517 1580 5555 a
1614 5503 1886 5573 juventute
1925 5519 2071 5567 mea,

538 5657 677 5698 nece
717 5641 786 5698 ab
828 5642 1121 5711 interprete
1173 5640 1401 5711 Latino,
1448 5659 1550 5701 nec
1587 5645 1816 5717 proinde
1879 5644 2069 5701 Latine

2248 5114 2270 5206 ξ
2303 5109 2562 5188 Aspiciens

2307 5189 2390 5224 εις

2249 5237 2270 5268 ⁷
2312 5238 2374 5288 Ut
2403 5233 2552 5302 Vulg.
2573 5249 2724 5302 usque
2742 5235 2810 5290 ad
2831 5236 2981 5290 aliam
2999 5236 3276 5290 sectionem.

1776 5385 2142 5443 BLANCHINI
2169 5385 2400 5445 NOTAE.

795 5497 982 5582 Lucas
1009 5498 1301 5582 grugensis
1341 5500 1505 5582 illud,
1546 5517 1580 5555 a
1614 5503 1886 5582 juventute
1912 5519 2071 5582 _m_ea,
2176 5503 2358 5560 datum
2387 5521 2530 5582 esse.
2580 5505 2756 5582 Quod
2786 5507 3008 5582 veritati
3047 5519 3352 5582 consonum
3392 5503 3617 5582 probant
3664 5497 3748 5582 du?

487 5572 629 5698 gund
657 5571 899 5638 sequitur
932 5570 986 5623 in
1017 5569 1239 5640 Vulgata
1268 5579 1452 5628 nostra
1480 5615 1494 5639 ,
1543 5569 1648 5627 non
1680 5575 1877 5629 lectum
1908 5575 2070 5631 fuisse
2173 5579 2530 5648 manuscripti
2587 5569 2761 5635 nostri
2833 5579 3046 5645 Latini,
3115 5587 3172 5636 et
3257 5578 3366 5634 alia
3394 5569 3748 5634 'vetustissima

538 5657 677 5698 nece
717 5641 786 5698 ab
828 5642 1121 5698 interprete
1173 5640 1401 5698 Latino.
1448 5659 1550 5698 nec
1587 5645 1816 5698 nroinde
1879 5644 2069 5698 Latine
2173 5649 2528 5698 exemnlaria.

2173 5649 2528 5720 exemplaria.

533 5773 611 5847 (α)
641 5775 850 5833 Addunt
883 5785 928 5829 et
957 5774 1218 5845 timebant,
1267 5792 1389 5833 cum
1432 5780 1550 5836 cod.
1579 5780 1738 5838 Cant.
1766 5784 1848 5838 καὶ
1876 5781 2180 5856 ἐφοϐήθσαν.
