3894 6336
160 353 244 410 273

1076 351 1530 412 EVANGELIUM
1567 349 1934 412 SECUNDUM
1970 351 2405 411 MATTH/EUM.

506 469 740 527 CODEX
781 469 1327 527 VERCELLENSIS.

155 581 232 620 xu.
259 562 428 619 tribus
443 562 518 618 ls-

155 635 318 690 traltel.

151 708 219 763 29.
262 705 324 761 Et
346 704 519 776 omnis
547 706 640 776 qui
671 720 755 762 re.

154 779 346 848 liquerit
366 775 584 832 domum
606 817 620 841 ,

149 849 217 904 vel
240 848 422 903 fratres
444 889 460 914 ,

150 929 222 976 aut
244 933 447 974 sorores
469 959 488 986 ,

150 1001 226 1047 aut
249 1001 444 1061 patrem
470 1029 487 1054 ,

149 1072 219 1119 aut
255 1072 470 1117 matrem
496 1103 514 1127 ,

149 1142 219 1188 aut
240 1133 369 1189 filios
394 1174 409 1198 ,
437 1141 532 1186 aut

149 1221 278 1277 agros
299 1247 312 1270 ,
339 1211 562 1274 propter

149 1291 313 1332 nomen
336 1290 448 1330 me-

147 1364 216 1403 um
235 1391 249 1413 ,
277 1344 526 1417 centuplo

150 1419 348 1490 accipiet
373 1459 390 1486 ,
419 1424 479 1473 et
503 1416 585 1472 vi-

146 1498 233 1544 tam
255 1500 523 1545 aeternam

145 1562 216 1616 50.
247 1559 558 1632 possidebit.
587 1556 727 1615 Mul-

147 1634 177 1687 ti
196 1642 355 1704 autem
383 1639 512 1686 sunt

147 1704 275 1773 primi
305 1704 483 1759 novis-

146 1775 240 1829 simi
259 1817 274 1842 ,
303 1787 355 1830 et
383 1773 566 1830 novis-

147 1847 244 1902 simi
264 1846 438 1918 primi.

301 1959 527 2020 CAPUT
560 1961 680 2018 XX.

145 2057 184 2110 Ι.
215 2055 388 2111 Simile
411 2066 495 2110 est
523 2055 668 2110 enim

330 2163 346 2180 .
391 2127 737 2184 .umcaelo—

143 2213 238 2253 rum
274 2197 473 2252 homini

145 2269 260 2339 patri
285 2268 515 2324 familias
531 2309 548 2337 ,

143 2342 213 2410 qui
236 2341 360 2396 exiit
389 2341 499 2410 pri-

145 2426 218 2467 Illo
243 2427 394 2467 mane
419 2426 552 2467 con-

105 2517 109 2520 -
144 2482 314 2540 ducere
335 2498 528 2553 Opera-

143 2553 233 2610 rios
258 2555 308 2609 in
329 2555 480 2610 vine—

142 2625 186 2679 Ξ.
214 2641 293 2680 am
319 2639 492 2681 suam.
513 2624 658 2683 Con-

143 2697 364 2752 ventione

145 2778 300 2824 autem
328 2769 463 2826 facta

143 2853 240 2894 cum
265 2841 502 2908 operari-

145 2910 181 2964 is
203 2927 261 2966 ex
291 2912 513 2968 denario

142 2980 310 3038 diurno
331 3024 347 3045 ,
377 2983 480 3039 mi-

145 3054 202 3106 sit
227 3068 314 3110 eos
341 3053 396 3111 in
423 3055 576 3111 vine-

142 3137 212 3178 am
235 3139 402 3181 suam.

143 3193 187 3275 ξι.
218 3196 273 3252 Et
302 3212 554 3275 egressus

145 3271 310 3324 iterum
340 3271 490 3326 circa

947 564 1136 619 horam
1154 563 1312 620 terti-

943 651 1030 690 am
1061 676 1077 701 ,
1108 635 1185 706 (a)
1215 634 1421 690 invenit
1445 633 1489 705 -ιί

943 707 1086 762 alios
1112 714 1323 762 stantes

947 779 1002 832 in
1028 777 1144 833 foro
1171 778 1312 833 otio-

944 847 1002 903 4.
1045 863 1136 904 sos
1156 888 1171 913 ,
1201 859 1255 904 ct
1281 847 1418 904 dixit
1445 847 1510 903 il-

948 919 1013 975 lis
1044 937 1059 976 :
1091 919 1169 975 lte
1197 929 1254 975 et
1275 934 1370 975 vos

948 991 1022 1047 in.
1075 1031 1087 1044 .
1132 1031 1147 1046 .
1190 1006 1350 1047 neam

945 1061 1440 1132 m.....quod

946 1170 962 1186 .
1188 1131 1442 1189 .mfue-

943 1204 1018 1260 rit
1043 1204 1185 1260 dabo
1211 1219 1307 1260 vo-

945 1276 1000 1332 5.
1042 1276 1145 1332 bis.
1178 1275 1259 1330 llli
1282 1283 1465 1331 autem

943 1348 1214 1418 abierunt.
1248 1345 1322 1418 (c)

941 1418 1140 1474 lterum
1163 1417 1206 1490 ἰ-
1231 1417 1365 1474 exiit
1393 1417 1501 1472 cir-

943 1503 1004 1544 ca
1032 1498 1240 1545 sextam
1269 1498 1326 1544 et

943 1575 1141 1617 nonam
1171 1559 1365 1615 horam
1397 1575 1412 1612 :

945 1631 1077 1688 fecit
1105 1631 1382 1689 similiter.

941 1702 997 1758 6.
1037 1702 1191 1759 Circa
1223 1702 1394 1759 unde-

942 1777 1084 1830 cima
1107 1784 1287 1830 autem

944 1847 1111 1911 exiit,
1140 1855 1197 1902 et
1222 1847 1376 1902 inve-

943 1918 1188 1988 nitalios
1214 1927 1365 1972 stan-

945 1999 1028 2045 tes
1046 2031 1062 2057 ,
1093 1998 1149 2043 et
1177 1989 1310 2043 dicit
1341 1989 1405 2044 il—

943 2060 1012 2114 Iis
1044 2077 1059 2114 ε
1089 2058 1228 2128 Quid
1260 2059 1347 2115 hic

941 2131 1098 2186 statis
1127 2138 1242 2186 tota

943 2201 996 2256 7.
1033 2202 1120 2257 die
1144 2201 1350 2257 otiosi?
1379 2201 1467 2258 Di—

944 2283 1075 2329 cunt
1101 2275 1148 2329 ei
1177 2291 1190 2328 :
1221 2273 1359 2342 Quia

944 2360 1106 2400 nemo
1134 2359 1236 2400 nos

943 2415 1225 2471 cond‘uxit.

944 2487 1085 2543 Dicit
1112 2487 1220 2542 illis
1243 2503 1257 2540 :

942 2558 1022 2615 lte
1051 2566 1107 2613 et
1136 2572 1234 2613 vos
1261 2558 1316 2614 in

940 2631 1153 2686 vineam
1183 2643 1305 2684 me-

942 2701 998 2756 8.
1039 2716 1149 2756 am.
1185 2697 1321 2756 Cum

942 2787 1458 2832 ser........m

946 2844 1146 2900 factum
1174 2885 1189 2898 .
1222 2882 1237 2897 .
1278 2885 1289 2896 .
1323 2853 1429 2913 set,

945 2915 1078 2972 dicit
1107 2915 1361 2973 dominus

942 2986 1134 3043 vineae
1158 3003 1282 3054 pro-

936 3057 1174 3114 curatori
1198 3075 1298 3115 suo
1321 3077 1335 3114 :

952 3129 1098 3184 Voca
1129 3145 1322 3200 opera-

947 3201 1082 3264 rios,
1111 3210 1168 3257 et
1194 3203 1318 3257 red-

948 3271 1018 3328 de
1042 3271 1152 3328 illis
1177 3289 1322 3330 mer-

2243 469 2478 528 CODEX
2518 470 2974 528 VERONENSIS.

1806 573 1994 620 cantes
2018 562 2230 620 duode-

1798 636 1909 692 cim
1937 635 2108 692 tribus
2134 634 2184 692 Is

1808 706 2010 762 trabel.

1805 777 1899 833 29.
1942 779 2010 833 Et
2037 777 2218 835 omnis

1813 851 1906 976 aui
1940 848 2226 918 reliquerit

1853 935 2058 976 omum.
2091 920 2175 975 vel

1853 935 2058 984 omum,
2091 920 2175 975 vel

1815 991 2058 1057 fratrem,
2091 1001 2188 1047 aut

1814 1077 2058 1129 sorores,
2088 1073 2182 1116 aut

1814 1142 2069 1197 matrem,
2097 1145 2192 1192 aut

1811 1204 1978 1271 ﬁlios,
2009 1213 2104 1259 aut

1813 1291 1994 1347 agros,
2028 1287 2253 1349 prOpter

1811 1362 2015 1402 nomen
2045 1361 2250 1416 meum,

1809 1419 2121 1487 centuplum
2152 1435 2243 1477 ac-

1809 1490 1994 1558 cipiet,
2023 1496 2080 1543 et
2107 1491 2188 1546 vi-

1814 1569 1921 1615 tam
1941 1568 2216 1618 aeternam

1812 1629 2130 1700 possidebit.

1812 1703 1901 1758 30.
1943 1701 2092 1758 Multi
2123 1715 2304 1762 autem

1811 1782 1939 1828 sunt
1968 1773 2130 1842 primi

1812 1845 2120 1914 nobissimi,
2146 1856 2201 1904 et

1812 1915 2098 1972 uobissimi

1811 1989 1995 2058 primi.

1997 2070 2227 2159 CAPUT
2266 2100 2386 2157 xx.

1807 2197 1860 2252 1.
1904 2194 2093 2252 Simile
2122 2203 2208 2250 est

1804 2283 2030 2338 regnum
2055 2266 2237 2322 caelo-

1807 2354 1928 2394 rum
1961 2338 2166 2394 homini

1807 2409 2208 2480 patrifamilias,

1806 2481 1899 2551 qui
1927 2481 2062 2536 exiit
2099 2481 2210 2551 pri-

1806 2566 1898 2608 mo
1925 2567 2084 2607 mane
2108 2565 2245 2608 con-

1806 2622 2008 2679 ducere
2034 2637 2226 2692 opera-

1806 2695 1918 2750 rios
1949 2694 2002 2749 in
2031 2696 2246 2750 vineam

1806 2765 1862 2819 2.
1905 2781 2080 2822 suam.
2123 2769 2270 2822 Con-

1810 2837 2066 2892 ventione
2098 2851 2194 2892 au-

1809 2916 1919 2963 tem
1947 2909 2087 2963 facta
2112 2924 2233 2966 cum

1807 2980 2070 3052 operariis
2098 2995 2167 3036 ex

1809 3049 2034 3108 denario
2059 3052 2207 3109 diur-

1812 3138 1906 3189 no,
1944 3123 2094 3178 misit
2118 3138 2214 3180 eos

1811 3195 1866 3250 in
1897 3195 2110 3250 vineam
2142 3210 2316 3252 suam.

1812 3266 1868 3322 3.
1912 3265 1980 3321 Et
2007 3280 2262 3338 egressus

2649 565 2794 621 circa
2825 565 3018 620 horam

2647 637 2885 698 tertiam,
2923 634 3000 708 (a)
3030 635 3116 692 in-

2646 708 2795 764 venit
2822 708 2864 779 -ι-
2884 707 3030 779 alios

2647 777 2854 834 stantes
2879 777 2934 832 in
2962 777 3081 836 foro

2646 849 2703 903 4.
2745 850 2970 913 otiosos,
3002 861 3060 909 et

2646 919 2725 978 ait
2752 920 2857 976 illis
2877 939 2890 975 :
2927 919 3009 975 Ite

2649 1005 2706 1048 et
2737 1007 2836 1046 vos
2865 993 2917 1046 in
2949 990 3026 1062 (ὁ)
3054 994 3138 1049 vi-

2649 1077 2808 1134 neam
2835 1065 2898 1134 τ,
2926 1071 2982 1117 et

2649 1132 2793 1205 quod
2830 1132 3038 1205 justum

2647 1203 2813 1260 fuerit
2841 1204 2985 1260 dabo

2645 1275 2700 1332 5.
2742 1275 2920 1330 vobis.
2962 1275 3044 1333 Illi
3071 1294 3175 1336 au-

2648 1354 2760 1402 tem
2789 1347 3064 1405 abierunt.

2645 1416 2723 1491 (ο)
2744 1416 2952 1491 lterum
2981 1420 3024 1491 λς

2645 1488 2782 1544 exiit
2810 1489 2956 1544 circa
2985 1488 3112 1547 sex-

2649 1567 2757 1614 tam
2784 1569 2839 1614 et
2868 1574 3066 1618 nonam

2648 1628 2838 1685 horam
2863 1648 2877 1683 :
2919 1639 2974 1685 et
2998 1633 3078 1690 fe-

2646 1700 2722 1756 cit
2745 1699 3018 1758 similiter.

2647 1771 2700 1826 6.
2744 1770 2904 1828 Circa
2931 1775 3160 1833 undeci-

2647 1857 2790 1897 mam
2824 1852 3004 1900 autem
3035 1849 3166 1904 exiit

2645 1923 2698 1968 et
2726 1913 2935 1970 invenit
2960 1916 3099 1974 alios

2645 1994 2874 2050 stantes,
2905 1996 2961 2041 et
2984 1987 3118 2044 dicit

2645 2054 2753 2112 illis
2776 2075 2790 2112 :
2825 2057 2967 2123 Quid
2995 2057 3084 2116 hic

2645 2129 2804 2183 statis
2835 2136 2944 2183 tota
2971 2128 3061 2185 die

2648 2199 2701 2252 7.
2744 2199 2905 2254 otiosi
2928 2200 2953 2254 ?
2993 2201 3084 2255 Di—

2645 2279 2776 2325 cunt
2801 2271 2850 2326 ei
2881 2287 2894 2324 :
2927 2270 3066 2337 Quia

2645 2355 2807 2397 nemo
2828 2342 3089 2400 conduxit

2641 2427 2761 2468 nos.
2791 2413 2929 2470 Dicit
2953 2413 3022 2468 il-

2638 2482 2706 2538 lis
2741 2503 2752 2538 :
2782 2484 2859 2540 Ite
2875 2496 2930 2540 et

2637 2568 2735 2611 vos
2763 2560 2817 2611 in
2841 2561 3055 2616 vineam

2638 2642 2838 2686 meam.

2634 2700 2690 2752 8.
2728 2698 2863 2758 Cum
2885 2718 3010 2760 sero

2635 2778 2820 2828 autem
2850 2774 3049 2833 factum

2635 2849 2815 2909 esset,
2843 2845 2976 2900 dicit

2639 2912 2894 2970 dominus
2923 2918 3006 2971 vi-

2632 2998 2769 3040 neae
2789 3001 3046 3056 procura-

2635 3055 2739 3110 tori
2761 3055 2862 3112 suo
2885 3077 2898 3112 :
2926 3059 3098 3118 Voca-

2645 3129 2926 3196 operarios
2941 3171 2956 3194 ,
2978 3139 3035 3186 et

2647 3196 2816 3254 redde
2851 3199 2964 3256 illis

2646 3272 2977 3339 mercedem,

3312 346 3424 405 974

541 3397 772 3465 CODEX
813 3407 1281 3468 CORBEIENSIS.
2279 3403 2513 3463 CODEX
2550 3407 2944 3467 BRIXIANUS.

143 3521 401 3598 duodecim
426 3525 600 3582 tribus
617 3526 1065 3583 lsrael.Etomnis
1091 3527 1716 3598 quicumquereliquerit
1815 3520 2103 3598 duodecim
2132 3519 2306 3598 tribus
2335 3519 2364 3559 ι’
2408 3520 2660 3577 Sdrahel.
2717 3522 2786 3577 Et
2812 3525 2992 3580 omnis
3019 3524 3112 3596 qui
3141 3524 3415 3596 relinquet

144 3591 1710 3666 domum,velfratres,autsorores,nautmatrem,autiilios,
1817 3593 2062 3648 domum.
2102 3591 2183 3647 vel
2236 3591 2464 3659 fratres,
2517 3603 2609 3648 aut
2644 3608 2880 3666 sorores.
2912 3604 3006 3652 aut
3036 3591 3276 3666 patrem.
3300 3591 3418 3652 'aut

142 3677 217 3720 aut
232 3684 405 3739 agros,
436 3679 657 3740 propter
683 3685 878 3726 nomen
908 3687 1109 3736 meum,
1133 3665 1441 3738 centuplum
1464 3671 1712 3740 accipiet,
1819 3673 2071 3720 matrem.
2101 3672 2195 3717 aut
2226 3679 2479 3740 uxorem._
2507 3675 2600 3719 aut
2640 3665 2801 3740 ﬁlios.
2843 3675 2937 3721 aut
2977 3682 3138 3740 agros
3186 3679 3410 3738 propter

143 3747 186 3790 et
208 3736 360 3812 vitam
384 3736 662 3797 aeteritam
695 3742 1009 3812 possidebit.
1037 3742 1188 3797 Multi
1217 3736 1362 3798 enim
1396 3755 1522 3797 sunt
1555 3736 1717 3811 primi
1821 3751 2021 3812 nomen
2045 3751 2241 3812 meum
2263 3736 2575 3812 centuplum
2602 3737 2914 3812 accipiet.et
2943 3737 3106 3812 vitam
3133 3736 3408 3812 aeternam

144 3809 529 3886 itov_i_s_simi,7et
557 3805 837 3868 novissimi
883 3815 1062 3886 primi.
1244 3885 1249 3886 7
1374 3885 1379 3886 7
1432 3885 1439 3886 7
1555 3805 1568 3811 ’
1614 3881 1655 3886 77
1823 3805 2144 3886 possidebit.
2196 3805 2347 3886 Μιμιὶ
2393 3814 2571 3861 autem
2623 3816 2784 3862 erunt
2826 3809 2986 3879 primi
3027 3808 3313 3863 novissimi
3353 3815 3412 3862 et

202 3879 310 3954 XX.
334 3877 529 3940 Simile
551 3891 636 3938 est
665 3877 895 3954 regnum
927 3885 1206 3940 coelorum
1240 3885 1444 3940 homini
1487 3881 1712 3954 patrifa-
1815 3877 2096 3954 novissimi
2130 3877 2308 3954 primi.

144 3952 296 4026 utilias
321 3995 335 4016 .
361 3957 456 4026 qui
483 3957 498 3987 ⁸
520 3955 688 4026 exivit
711 3946 885 4025 primo
916 3972 1074 4012 mane
1101 3956 1406 4011 conducere
1428 3946 1711 4025 operarios
1824 4019 1842 4026 _
1888 3948 2077 4026 δὲῃιίιθ
2120 3957 2204 4026 es}
2231 3946 2376 4026 enim
2423 3962 2649 4026 regnum
2680 3946 2978 4026 caelorum.
3019 3949 3226 4003 homini
3271 3947 3412 4026 patri

144 4023 186 4076 in
207 4018 410 4097 vineam
433 4042 610 4082 suam.
642 4018 1016 4083 conventione
1043 4039 1222 4083 autem
1254 4028 1389 4082 facta
1420 4018 1540 4082 cum
1583 4037 1714 4097 0pc-
1820 4018 2072 4097 familias.
2104 4018 2192 4087 qui
2235 4019 2390 4097 exiit_
2410 4019 2580 4086 prima
2602 4033 2767 4097 tuane
2797 4018 3104 4097 conducere
3130 4021 3412 4087 onerarias

144 4096 278 4150 rariis
304 4113 372 4152 ex
399 4098 625 4153 denario
644 4097 873 4162 diurno,
899 4100 1046 4154 misit
1074 4114 1168 4153 eos
1200 4102 1251 4153 iu
1294 4099 1508 4153 vineam
1537 4088 1710 4151 suam.
1824 4092 1876 4146 in
1905 4091 2116 4162 vineam
2143 4104 2318 4162 suam.
2350 4088 2931 4162 conventioueautem
2961 4089 3100 4145 facta
3127 4107 3249 4145 cum
3282 4105 3413 4157 ope-

145 4161 199 4237 Et
224 4183 472 4237 egressus
501 4173 643 4224 circa
689 4159 876 4229 horam
909 4171 1141 4235 tertiam,
1173 4172 1305 4224 vidit
1331 4171 1464 4223 alios
1511 4178 1717 4224 stantes
1824 4161 2005 4237 rariis.
2034 4175 2099 4214 ex
2127 4159 2351 4237 denario
2380 4161 2598 4237 diurno.
2622 4161 2770 4237 misit
2795 4175 2889 4214 eos
2915 4162 3211 4237 iuviueam
3235 4176 3411 4214 suam.

144 4235 184 4288 iu
214 4231 321 4293 ευῖο
347 4244 576 4304 otiosos,
603 4251 658 4295 ει
682 4241 817 4295 dixit
845 4243 984 4296 tuis;
1039 4231 1139 4296 ιιο’
1169 4254 1224 4297 et
1276 4255 1373 4294 vos
1421 4241 1473 4293 in
1506 4242 1717 4294 vineam
1828 4233 1894 4288 Et
1919 4246 2174 4304 egressus
2212 4232 2356 4286 circa
2403 4231 2592 4286 horam
2635 4233 2846 4304 tertiam
2878 4232 3012 4287 vidit
3039 4234 3175 4287 alios
3205 4240 3415 4287 stautes

145 4323 333 4384 meatu,
367 4326 419 4367 et
448 4302 591 4382 quod
618 4313 820 4381 justum
856 4312 1016 4368 fuerit
1055 4313 1197 4368 dabo
1225 4313 1400 4366 vobis.
1434 4312 1512 4366 llli
1545 4321 1722 4384 autem
1829 4305 1883 4360 in
1933 4303 2056 4358 foro
2105 4304 2331 4384 otiosos.
2384 4311 2439 4384 et
2491 4305 2571 4384 ait
2615 4302 2720 4384 illis
2753 4302 2840 4384 _lte
2879 4312 2932 4358 et
2969 4319 3066 4384 vos
3103 4305 3416 4384 ir_t__7vineam
3477 4373 3482 4378 7

143 4373 392 4438 abierunt.
424 4373 661 4438 lt'erutu"
684 4384 854 4438 exivit
877 4386 1022 4438 circa
1069 4394 1279 4438 sextam
1309 4394 1363 4438 et
1402 4398 1601 4438 nouant
1630 4381 1728 4438 lto-
1829 4389 2026 4430 meam.
2059 4383 2114 4428 et
2138 4375 2284 4441 quod
2310 4375 2515 4444 justum
2548 4374 2712 4428 fuerit
2735 4373 2876 4428 dabo
2906 4375 3080 4430 vobis.
3127 4375 3210 4429 llli
3234 4385 3418 4429 autem

144 4465 240 4505 ratu
271 4473 284 4507 ;
313 4455 335 4485 ³
366 4463 425 4509 et
464 4455 604 4509 idem
627 4455 776 4508 fecit.
813 4454 972 4510 Circa
1011 4455 1348 4510 undecimam
1379 4470 1507 4508 vero
1535 4453 1721 4519 exivit,
1827 4447 2101 4519 abierunt.
2134 4446 2202 4519 Et
2224 4447 2415 4519 iterum
2439 4445 2570 4519 exiit
2600 4445 2746 4519 circa
2777 4447 2964 4500 horam
2983 4455 3195 4501 sextam
3227 4455 3296 4519 _ct
3323 4461 3420 4498 uo-

144 4533 187 4573 et
213 4524 416 4581 invenit
438 4528 576 4580 alios
614 4537 852 4592 stantes,
877 4537 932 4580 et
975 4526 1112 4580 dixit
1141 4527 1246 4581 illis
1276 4543 1289 4578 :
1324 4526 1462 4591 Quid
1508 4525 1592 4579 hic
1614 4515 1725 4578 Sta;
1830 4533 1978 4592 nam.
2003 4526 2058 4592 et
2080 4516 2744 4592 fecitsimiliteriExiiens
2773 4528 2954 4592 autem
2985 4529 3037 4592 et
3063 4519 3204 4592 circa
3225 4515 3418 4570 horam

145 4593 201 4645 tis
221 4603 322 4650 tota
345 4597 439 4652 die
460 4597 666 4652 otiosi?
691 4587 949 4652 Dixerunt
978 4598 1027 4652 ei
1051 4615 1064 4652 :
1091 4598 1222 4664 Quia
1257 4587 1417 4652 nemo
1467 4611 1566 4651 uos
1594 4611 1725 4650 con-
1830 4588 2191 4664 undecimam.
2209 4588 2422 4664 invenit
2452 4588 2588 4664 alios
2611 4595 2818 4664 stantes
2873 4589 2925 4664 in
2981 4587 3100 4664 foro
3118 4588 3335 4664 otiosos
3364 4595 3422 4640 et

144 4663 298 4723 duxit.
359 4670 505 4723 Dicit
547 4669 652 4723 illis
707 4687 719 4722 :
765 4669 842 4723 [te
872 4668 893 4700 ’⁵
919 4679 974 4724 et
1013 4657 1148 4735 vos',
1190 4668 1492 4737 operamini
1542 4669 1594 4720 in
1646 4668 1726 4720 vi-
1835 4659 1972 4716 dixit
1998 4659 2258 4737 e7isLQuid
2289 4659 2376 4712 ltic
2402 4660 2560 4712 statis
2593 4667 2702 4737 tota
2729 4657 2818 4737 die
2843 4657 3419 4737 otiosi.dd_illidixe-

143 4749 302 4792 neam.
344 4740 522 4809 Quum
573 4754 698 4794 sero
731 4747 910 4793 autem
939 4728 1145 4794 factum
1163 4728 1330 4805 esset,
1380 4739 1512 4794 dicit
1555 4737 1730 4792 domi-
1838 4740 1964 4786 runt
1989 4730 2218 4809 ei._Q_uia
2249 4744 2412 4809 nemo
2431 4744 2530 4783 nos
2550 4729 2832 4783 conduxit.
2864 4729 3003 4809 Di7c_it
3033 4730 3113 4785 eis
3139 4728 3216 4782 Ite
3244 4738 3299 4809 et
3327 4741 3429 4808 vos

144 4798 448 4882 Igus7vittEae
480 4811 819 4880 procuratori
841 4826 946 4867 suo
971 4810 1140 4867 :Voca
1167 4798 1446 4882 Operarios
1467 4851 1483 4878 ,
1519 4819 1576 4866 et
1605 4810 1729 4865 red-
1837 4802 2141 4882 operamini
2171 4803 2223 4854 in
2255 4801 2474 4882 vineam
2501 4815 2700 4882 meam.
2723 4811 2778 4854 et
2799 4799 2945 4882 quod
2951 4800 3154 4882 justum
3179 4807 3264 4880 est
3284 4798 3430 4880 acci-

1838 4872 2157 4944 pietis.Cum
2173 4880 2509 4944 seruantem
2527 4871 2724 4926 factum
2746 4879 2895 4944 esset
2913 4871 3046 4927 dicit
3065 4871 3325 4944 dominus
3350 4871 3434 4924 vi-

1837 4940 1972 5000 neae
1987 4943 2322 5016 procuratori
2338 4943 2613 4998 suo.Voca
2627 4942 2908 5011 operarios
2927 4940 3161 4999 etredde
3177 4941 3286 4998 illis
3298 4954 3434 4996 mer-

815 5063 1212 5123 VARIANTES
1251 5061 1636 5121 LECTIONES
1671 5061 1942 5121 CODICIS
1978 5061 2086 5119 MS.
2129 5059 2189 5116 S.
2229 5058 2732 5116 GERMANENSIS.

200 5186 214 5217 ¹
248 5189 374 5238 exiit
1895 5180 1919 5212 ⁸
1952 5184 2007 5230 et
2027 5177 2144 5229 fecit
2164 5177 2394 5229 similiter

197 5249 215 5278 ²
245 5258 412 5301 autem
431 5251 557 5302 exiit
1895 5242 1920 5274 δ
1954 5249 2008 5294 et
2029 5253 2117 5292 vos
2131 5243 2185 5293 in
2201 5244 2398 5294 vineam
2420 5252 2599 5292 meam.

1453 5346 1822 5407 BLANCHINI
1853 5346 2081 5406 NOTAE.

220 5479 245 5506 ι
273 5469 544 5526 Nonnulla
576 5471 906 5526 omittuntur
928 5469 1095 5525 verba
1139 5469 1192 5523 in
1218 5468 1587 5536 manuscripto
1617 5465 1753 5521 Cor—
1861 5473 2093 5536 monent
2114 5477 2220 5536 nos
2240 5464 2514 5520 variantes
2543 5463 2810 5520 lectiones
2834 5461 3076 5520 Graecae
3097 5472 3228 5521 tom.
3268 5477 3322 5520 vr
3345 5463 3449 5520 Po-

149 5539 350 5597 bciensi
375 5585 391 5604 ,
419 5544 630 5598 scilicet
672 5553 766 5596 aut
795 5553 1027 5611 patrem,
1073 5550 1168 5608 et,
1209 5549 1298 5593 aut
1342 5533 1575 5594 uxorem.
1620 5539 1752 5606 Quae
1860 5537 2049 5611 lyglot;
2072 5533 2302 5611 Lon_di_n.

149 5613 304 5668 ctiam
351 5614 551 5670 desunt
608 5614 661 5669 in
724 5605 1093 5682 tuanuscripto
1151 5605 1657 5682 (latitabrigieusip
1693 5617 1753 5663 ut
1883 5605 1895 5608 ’
1934 5607 1962 5647 b
2006 5606 2056 5661 D
2083 5609 2136 5662 in
2166 5605 2392 5699 S7drahcl
2426 5606 2620 5663 derasa
2647 5614 2731 5663 est
2755 5621 2788 5663 a
2815 5615 3149 5664 correctore.

143 4875 201 4932 de
223 4881 326 4937 illis
351 4875 498 4939 mer;

233 5770 312 5844 (a)
366 5772 446 5828 Ita
469 5741 544 5829 iet
585 5771 710 5849 cod.
737 5771 898 5849 Cant.
933 5769 1101 5849 εὗρεν.
1133 5801 1205 5812 --
1239 5770 1318 5841 (ὁ)
1362 5770 1493 5827 Post
1535 5772 1763 5835 vineam,
1811 5771 1968 5828 deest
2017 5787 2224 5835 meam,
2270 5779 2330 5826 ut
2380 5772 2434 5826 in
2493 5780 2640 5826 textu
2667 5770 2880 5827 Grmco.
2907 5801 2980 5818 ν-
3012 5770 3082 5840 (c)
3112 5771 3240 5827 Post
3265 5773 3475 5841 iterum,

157 5841 313 5899 deest
341 5855 538 5912 autem,
569 5843 731 5901 etiam
765 5845 817 5899 in
844 5841 1230 5899 textu'Graeco.
2082 5904 2086 5908 _
2449 5865 2458 5871 ι
