1947 3168
81 168 121 196 9πῆ
539 168 766 199 EVANGELIUM
788 167 971 197 SECUNDUM
992 166 1208 196 MATTIIEUM.

255 226 372 255 CODEX
390 227 659 256 VERCELLENSIS.

81 275 115 314 19.
133 283 146 302 r
162 292 169 300 .
189 294 195 301 .
218 294 225 302 .
246 273 307 314 Et“.
330 296 338 303 .
361 295 369 303 .
389 283 420 303 ns
476 275 617 310 templum,
633 282 678 303 ac-

79 312 135 338 licus
146 317 173 337 ar
192 330 198 336 .
221 328 227 336 .
250 329 256 337 .
277 312 304 338 u'i
475 315 620 339 cesserunt

80 354 145 374 unam
158 350 234 374 secus
476 346 509 374 ad
521 354 582 374 eum
598 346 673 381 prin-

79 382 147 413 viam,
161 381 230 409 venit

78 418 104 445 ad
115 424 168 444 eam
180 426 186 444 :
200 422 226 445 et
241 416 285 445 ni-‘

78 453 108 481 hil
119 453 215 480 invenit

78 489 98 516 in
112 495 139 516 ea
152 489 200 517 nisi
216 488 280 516 folia

477 382 552 417 cipes
566 390 656 410 sacer-

478 417 582 451 dotum,
600 422 626 445 et
639 424 682 445 se-

478 454 570 481 niores
586 460 672 489 popu-

479 489 509 522 li,
526 489 649 516 dicentes
665 497 672 515 :

79 529 177 557 tantum,
193 529 221 552 et
240 545 248 552 .
273 544 280 551 .
303 544 310 551 .
332 545 339 552 .
480 524 508 551 In
524 532 576 560 qua
590 529 679 560 potes-

1120 226 1235 254 CODEX
1255 225 1479 255 YERONENSIS.

908 274 953 302 19.
975 273 1031 301 riit.
1046 272 1082 307 Et
1096 273 1190 303 videns

908 309 952 338 ﬁci
969 310 1094 337 arborem

908 353 991 373 unam
1008 352 1088 373 secus

908 382 993 413 viam,
1005 380 1080 408 venit

907 416 941 445 ad
959 424 1018 444 eam
1036 425 1042 442 :
1056 420 1083 444 et

908 452 979 481 nihil
995 450 1107 486 invenit.

908 489 935 516 in
952 495 983 515 ea
997 487 1049 515 nisi

908 523 972 552 folia
989 527 1094 551 tantum
1102 543 1111 557 .

77 561 97 588 le
109 560 170 586 dixit
189 581 195 587 .
218 580 225 587 .
249 580 256 587 .
279 579 286 587 .
308 579 316 588 .
479 559 595 588 tate’lta.’
618 579 625 587 .
652 580 659 587 .
683 559 721 588 fa-
908 565 935 587 et
950 559 988 586 ait
1004 559 1065 586 illi:
1096 591 1099 593 _

76 595 187 632 Dm'ised
202 600 231 623 et
244 593 291 624 dix'
311 617 319 625 .
342 615 350 624 .
372 616 380 623 .
479 596 626 632 cis?Et.i.
648 616 655 623 .
680 614 688 623 .
711 615 717 622 .
740 615 748 632 _.
908 595 1061 632 Numquam
1075 602 1109 622 ex

77 631 116 659 illi.
130 630 222 666 Nunqu
244 653 250 659 .
273 653 279 659 .
303 653 310 659 .
334 653 340 659 .
480 652 487 660 .
511 651 519 658 .
536 653 543 660 .
562 631 625 660 ded.
649 653 656 660 .
676 651 683 658 .
704 652 710 658 .
736 630 743 658 ζ
768 638 803 659 nc
908 636 935 659 te
949 630 1052 658 fructus
1066 638 1113 665 na-

76 671 138 695 exte
152 666 209 695 fruc
229 687 237 695 .
260 687 268 695 .
291 687 299 695 .
481 689 489 695 .
511 687 518 694 .
541 688 549 696 .
572 687 578 694 .
602 688 608 694 .
631 674 643 696 .’
661 686 668 695 .
690 666 768 702 tem?
908 671 999 695 scatur
1014 666 1040 693 in
1057 674 1129 702 sgm-

77 707 188 731 nascatur
211 724 218 730 .
241 722 249 731 .
273 724 279 732 .
478 702 525 731 24.
548 724 554 730 .
577 724 584 730 .
607 723 614 730 .
638 723 646 731 .
668 723 675 730 .
694 700 798 731 audens
909 704 1056 738 piternutn.
1071 700 1107 729 Et

77 743 210 767 aeternum.
481 760 487 765 .
509 758 516 765 .
539 760 545 766 .
568 758 576 765 .
599 759 606 766 .
628 738 704 767 illis:
908 737 1028 767 arefacta
1039 742 1082 766 est

78 775 106 802 Et
116 773 199 802 arefac
220 795 227 803 .
251 795 259 802 .
282 795 290 803 .
480 794 486 801 .
509 797 515 803 .
540 795 547 802 .
572 794 579 802 .
600 782 679 810 roga—
908 775 1038 802 continuo

77 811 297 840 estcoutin...
480 831 487 838 .
538 831 545 838 .
591 830 599 838 .
647 830 655 838 .
699 830 707 837 .
752 830 758 837 .
799 830 808 837 .
847 830 855 839 .
908 810 1024 837 ficulnea
1139 839 1141 841 η

77 846 188 874 ﬁculnea.
480 854 545 874 unu.
576 866 583 873 .
607 866 614 874 .
636 866 643 873 .
666 866 673 872 .
696 865 703 873 .
726 865 733 873 .
756 864 765 872 .
787 865 794 872 .
818 865 826 873 .
848 864 856 874 .

912 845 954 874 20.
976 845 1009 872 Et
1023 844 1146 879 videntes

478 882 563 910 bum:
581 890 616 917 qu
639 903 646 909 .
669 901 675 908 .
700 901 706 909 .
729 901 736 909 .
760 901 766 908 .
788 901 796 909 .
818 901 825 909 .
848 902 856 910 .
909 880 1047 917 discipuli,
1064 875 1154 907 mirati

479 917 562 946 dicite
576 917 654 950 mihi,

479 959 506 981 et
521 960 570 988 ego
585 953 662 980 vobis

478 989 566 1016 dicam
583 989 609 1016 in
625 996 678 1024 qua

478 1028 612 1060 potestate

479 1053 639 1096 inaesticid.
653 1053 692 1096 (ιι)

478 1095 524 1123 25.
545 1090 711 1130 Βειρῑὶδηὶιίῐη
727 1090 748 1130 -Ῐ-

478 1132 611 1159 .Iohannis
625 1139 676 1159 uu-

479 1167 514 1195 de
532 1175 548 1195 e
567 1186 575 1194 .
599 1187 605 1194 .
628 1165 703 1194 t‘ide
723 1163 783 1194 'cae-

479 1203 519 1236 lo,
539 1210 572 1230 an
587 1210 620 1230 ex
636 1201 726 1229 homi-

481 1239 580 1267 nibus?

481 1275 522 1302 Ad
538 1274 577 1301 illi
591 1273 694 1308 cogita-

77 917 113 945 20.
130 918 231 953 scipnli,
246 918 328 946 mira-

77 952 93 979 ti
103 952 272 985 sunt,’dicen-

76 993 109 1016 tes
122 996 135 1029 ε¹
142 988 281 1023 Quomodo

76 1029 188 1053 continuo

75 1095 112 1122 2t.
129 1095 165 1124 Re
185 1103 192 1123 '.
215 1117 222 1124 .
245 1117 252 1123 .
273 1091 342 1125 detis

77 1136 152 1169 autem
170 1132 260 1166 Jesus,
282 1165 287 1169 η

76 1167 106 1193 ait
117 1167 166 1195 illis
179 1178 185 1194 :
202 1167 291 1197 Amen

77 1202 127 1230 dico
140 1204 227 1237 vobis,

78 1239 95 1265 si
108 1238 249 1267 habueritis

77 1273 156 1308 ﬁdem,
171 1279 198 1303 et
210 1283 265 1303 non

77 1310 254 1345 aesitaveritis,
481 1311 547 1338 bant
559 1309 628 1336 intra

78 1353 130 1384 non_
136 1347 221 1384 solum
482 1354 523 1384 se,
537 1345 659 1384 dicentes
672 1351 681 1384 :-

78 1380 105 1408 de
116 1381 226 1410 ﬁculnea
276 1410 281 1414 ,
482 1381 528 1409 26.
549 1380 579 1408 Si
596 1378 756 1414 dixerimus,

77 1414 245 1457 facietis,‘s‘ed_
258 1410 285 1445 ei
481 1417 517 1445 de
531 1416 616 1449 03910,
630 1415 680 1457 dii,
773 1447 791 1457 ,.

77 1453 95 1480 si
107 1449 187 1481 monti
202 1453 265 1481 huic
484 1472 490 1480 .
515 1472 522 1480 .
546 1472 554 1480 .
577 1472 584 1479 .
607 1471 614 1479 .
636 1450 720 1487 ubis;
736 1449 807 1485 qua-

79 1488 207 1523 dixeritis,
222 1489 289 1525 Tol-_
482 1496 513 1516 re
529 1487 568 1525 (a)
590 1508 596 1515 .
619 1508 626 1514 .
649 1507 656 1513 .
680 1507 686 1514 .
707 1489 767 1516 cre-

79 1544 84 1550 .
102 1544 109 1551 .
128 1522 203 1559 ete,
213 1531 241 1553 et
252 1522 325 1560 iacta
482 1522 586 1552 didisti.
609 1544 616 1550 .
640 1542 646 1550 .
668 1542 676 1550 .
699 1543 706 1550 .

78 1579 108 1587 ..
128 1581 135 1587 .
157 1562 182 1588 in
197 1560 283 1594 mare,
483 1561 511 1588 Si
526 1564 598 1589 aute.
621 1580 627 1586 .
650 1578 657 1585 .
680 1579 686 1586 .
711 1579 718 1587 .
742 1579 748 1586 .

75 1595 392 1625 22.ﬁet.E..omnta
482 1602 705 1624 xe.......

75 1640 251 1668 quaecumque
483 1632 557 1666 hom.
581 1651 588 1659 .
609 1651 617 1659 .
641 1649 649 1659 .
671 1646 680 1659 ε
702 1650 710 1659 .
731 1650 740 1659 .
762 1651 771 1666 ,

76 1668 198 1702 petieritis
208 1667 241 1696 in
483 1668 514 1696 ti.
537 1688 543 1694 .
565 1686 573 1694 .
595 1686 603 1694 .
626 1687 634 1695 .
656 1686 663 1694 .

74 1704 184 1731 oratione
203 1711 264 1732 cre-
480 1708 520 1732 tu.
543 1725 549 1731 .
573 1723 579 1731 .
601 1722 608 1730 .
630 1722 638 1730 .
661 1723 668 1731 .
690 1712 698 1719 ο
719 1711 778 1732 om-

73 1738 176 1772 dentes,
192 1740 265 1768 acci-
484 1738 542 1772 n.,.
565 1759 572 1767 .
596 1759 603 1768 .
624 1734 697 1767 enim

74 1748 176 1772 centes,
192 1748 265 1768 acct-
565 1759 572 1767 .
596 1759 603 1768 .

74 1773 111 1802 25.
132 1775 220 1810 pictis.
237 1774 347 1803 Etcum
484 1748 622 1803 iiabebant

74 1811 185 1839 venisset
205 1810 231 1839 in
485 1810 628 1839 Johannen

270 1845 386 1885 couax
405 1845 641 1885 COltBElENSlS.

73 1902 120 1929 riit.
128 1903 258 1931 Etvidens
264 1903 388 1931 arborem
397 1903 404 1919 ¹
412 1903 562 1931 licuSSecus
570 1905 650 1937 viam,
660 1903 769 1931 venitad
782 1907 856 1931 eant:

72 1939 272 1966 etnihilinvcttit
282 1939 350 1966 ’tlisi
360 1939 422 1965 folia
432 1943 548 1970 tantum.
559 1940 628 1966 etalt
639 1941 674 1966 illi
689 1949 694 1966 :
708 1939 856 1974 Numquam

73 1981 99 2000 ex
119 1979 143 2002 te
157 1977 260 2002 lrnctus
276 1978 402 2001 nascatur
422 1975 448 2002 in
464 1976 670 2009 sempiternum.
687 1975 720 2002 Et
741 1976 857 2003 arefacta

72 2010 247 2038 cstcontm‘uo
262 2009 388 2037 ficulnea.
412 2010 445 2037 Et
467 2010 589 2038 videntes
604 2011 745 2046 discipuli,
768 2011 857 2038 mirati

72 2050 124 2072 sunt
134 2067 141 2079 ,
154 2046 275 2074 dicentes
288 2055 294 2072 :
319 2046 464 2080 Quomodo
476 2047 606 2073 continuo
618 2047 710 2074 aruit?
733 2047 855 2081 llespou-

72 2080 131 2109 deus
146 2089 233 2109 autem
250 2081 344 2113 Iesus.
359 2083 397 2109 ait
411 2082 469 2109 eis:
489 2084 572 2109 Amen
588 2082 650 2109 dico
667 2082 753 2116 vobis,
770 2083 792 2109 si
810 2083 856 2109 lia-

72 2116 174 2146 bueritis
195 2118 275 2145 fidem
285 2138 293 2150 ,
308 2122 336 2145 et
350 2125 402 2144 non
425 2118 622 2146 ltaesitaveritis
635 2139 641 2151 ,
657 2126 709 2145 non
723 2119 809 2145 solum
823 2118 857 2146 de

72 2152 175 2181 ﬁculnea
188 2154 303 2186 facietis,
316 2153 362 2180 sed
375 2158 401 2180 ct
411 2154 433 2181 si
448 2153 535 2189 monti
549 2154 611 2181 huic
621 2155 754 2187 dixeritis,
767 2154 854 2189 Tolle,

71 2193 92 2225 et
103 2190 170 2222 jactrt
187 2194 213 2216 te
229 2190 254 2215 in
272 2196 346 2216 mare
357 2210 364 2221 ,
382 2190 436 2216 liet.
450 2189 461 2205 ⁸
473 2188 570 2216 Omnia
586 2197 792 2225 quacqnumqne
809 2197 856 2224 pe-

71 2224 160 2251 lieritis
175 2226 202 2252 in
217 2225 340 2252 oratione
361 2225 520 2257 credentes,
544 2224 692 2261 accipietis.
720 2226 752 2253 Et
774 2234 856 2261 quum

69 2261 181 2297 venisset
205 2262 243 2297 in,
263 2260 409 2294 templum,
429 2260 610 2297 accesserunt
629 2261 662 2288 ad
681 2269 742 2288 ettm
755 2261 766 2276 ⁸
782 2262 857 2297 prin-

72 2295 139 2329 cipes
148 2296 333 2327 sacerdotum.
343 2300 370 2323 et
376 2296 500 2323 seniores
509 2297 610 2331 populi.
621 2297 759 2324 dicentes:
771 2295 801 2324 In
809 2302 862 2332 qua

70 2335 194 2364 potestate
208 2332 275 2359 haec
288 2332 373 2359 facis?
383 2332 393 2347 ⁵
407 2334 460 2359 Aut
470 2333 532 2367 quis
547 2332 592 2358 tibi
605 2332 678 2359 dedit
695 2334 763 2360 hanc
775 2339 861 2367 potes-

69 2368 164 2394 tatetn'!
175 2368 221 2395 Ait
234 2368 266 2393 ad
282 2367 343 2394 illos
357 2367 435 2394 Jesus
447 2374 453 2393 :
468 2366 608 2402 Interrogo
617 2375 666 2395 vos
678 2373 707 2395 et
716 2372 765 2403 ego
776 2366 860 2395 unum

68 2409 216 2430 sermonem
233 2412 239 2429 :
264 2403 346 2439 dicite
370 2403 449 2435 mihi,
466 2407 494 2430 et
508 2410 559 2437 ego
571 2404 652 2439 vobis
666 2404 754 2431 dicam
768 2405 794 2432 in
809 2412 859 2439 qua

70 2441 198 2471 potestate
212 2439 279 2466 haec
290 2437 371 2465 facio.
386 2439 550 2473 Baptismum
564 2438 696 2467 Johannis
708 2440 780 2467 unde
791 2437 861 2468 erat?

68 2473 97 2500 de
105 2475 191 2510 coelo.
200 2482 233 2501 an
241 2482 274 2501 ex
283 2473 449 2510 hominibus?
456 2474 466 2489 ⁶
476 2475 516 2501 llli
527 2482 590 2501 vero
598 2475 782 2510 cogitaverunt
792 2478 861 2504 intra

66 2516 103 2546 se,
116 2509 240 2537 ditantes
258 2519 264 2536 :
292 2509 500 2546 Sirtiixel‘itntls,
521 2510 555 2546 de
570 2509 746 2546 coeliqdicet
761 2512 838 2540 nobis
853 2521 860 2540 :

67 2543 116 2581 (Zur
125 2553 191 2581 ergo
201 2554 253 2572 non
270 2545 424 2572 credidistis
434 2546 489 2572 illi?
503 2545 533 2572 Si
545 2545 634 2573 autem
648 2543 808 2581 diterimus,
824 2556 859 2576 ex

68 2579 359 2615 hotninibus,timentus
368 2581 472 2609 turbam
483 2590 489 2607 :
498 2589 594 2609 omnes
608 2583 680 2610 enim
688 2583 697 2598 ⁷
708 2579 862 2612 Joltanocnt

911 921 985 949 sunt,
999 915 1092 943 dicen-

913 958 954 980 tes
968 961 974 979 :
989 951 1108 986 Quomo-

910 988 945 1016 do
957 987 1045 1016 conti-

910 1032 965 1052 nuo
979 1022 1072 1050 aruit?

909 1060 955 1088 21.
979 1057 1155 1094 RespOndens
1166 1065 1215 1086 au-

911 1100 966 1124 tem
979 1095 1068 1128 .Iesus,
1083 1094 1122 1121 ait
1136 1103 1143 1122 :

909 1131 996 1159 Amen
1013 1130 1074 1158 dico

912 1168 999 1200 Vobis,
1017 1167 1039 1193 Si

911 1202 1059 1230 habueritis

911 1239 1002 1270 iidem,
1018 1238 1045 1265 et

911 1282 965 1301 non
982 1273 1117 1301 aesitabe-

911 1311 982 1342 ritis,
995 1317 1048 1336 non
1061 1317 1103 1336 so—

911 1346 966 1373 lum
978 1344 1011 1372 de
1027 1344 1102 1372 ﬁcul-

913 1389 962 1409 nea
977 1381 1093 1414 facietis,

912 1418 959 1445 scd
976 1417 1035 1443 etsi
1051 1415 1136 1443 monti

914 1453 976 1480 huic
987 1452 1124 1486 dixeritis,
1139 1451 1175 1487 (ε)

912 1489 1033 1521 Tollere,
1049 1493 1077 1515 et

913 1525 1020 1552 mittere
1036 1523 1057 1559 1-

913 1561 940 1588 in
955 1567 1041 1594 mare,
1063 1560 1118 1587 ﬁet.

912 1596 957 1624 22.
975 1595 1011 1623 Et
1025 1595 1116 1623 omnia

913 1639 1101 1673 quaecumque

914 1668 1046 1703 petieritis
1057 1668 1084 1695 in

913 1704 1037 1733 oratione

913 1739 1068 1781 credentes,
1082 1745 1128 1767 ac-

913 1776 1031 1808 cipietis.

914 1811 960 1839 2'5.
978 1811 1012 1839 Et
1025 1818 1086 1838 cuin
1099 1818 1146 1839 ve-

1325 274 1408 302 nisset
1419 274 1453 309 in,

1325 310 1467 345 templum,

1324 349 1500 373 accesserunt

1323 381 1357 423 ad
1370 389 1431 409 eum
1447 381 1523 417 prin—

1323 424 1397 452 cipes
1407 425 1498 445 sacer-

1324 452 1417 481 dotum
1428 474 1436 486 ,
1450 457 1478 481 et
1530 478 1534 482 .

1322 488 1444 524 seniores
1457 488 1563 524 populi,

1323 523 1446 552 dicentes
1457 523 1467 551 ξ
1484 523 1513 551 In

1324 567 1376 595 qua
1395 564 1532 595 potestate

1325 595 1392 623 haec
1407 595 1471 623 iacis
1481 595 1494 622 ?

1325 631 1359 659 Et
1375 631 1433 665 quis
1449 631 1496 661 tibi

1326 666 1401 695 dedit
1415 668 1483 695 hanc
1505 691 1508 695 .

1324 706 1484 737 potestatem
1496 702 1508 729 ?

1322 739 1369 767 ‘24.
1391 738 1570 774 Respondent»

1322 775 1402 803 Iesus
1419 774 1488 802 dixit

1328 810 1381 838 illis
1394 818 1400 837 :
1415 809 1503 838 Inter-

1323 853 1388 881 rogo
1404 853 1453 873 vos
1467 850 1494 874 et
1521 849 1526 877 ἰ

1325 889 1375 917 ego
1393 889 1476 909 unum

1323 905 1539 952 ὗέἷδῖἱῆιέᾝυοά

1324 952 1405 981 dicite
1416 953 1480 981 mihi
1493 974 1501 987 ,

1323 989 1394 1024 quod
1410 989 1432 1016 si
1444 988 1485 1016 di-

1323 1024 1418 1052 xeritis
1432 1024 1497 1052 mihi
1510 1043 1518 1058 ,

1323 1065 1350 1087 et
1363 1067 1413 1095 ego
1426 1060 1503 1088 vobis

1322 1096 1417 1123 dicam
1426 1097 1451 1123 in
1463 1103 1514 1130 qua

1322 1136 1456 1170 potestate
1471 1132 1537 1159 haec

1323 1167 1412 1198 facio;

1323 1202 1370 1240 25A.
1393 1203 1431 1240 (ό)
1448 1202 1615 1238 Baptismum

1324 1238 1455 1267 Johannis
1470 1247 1518 1266 un-

1323 1275 1359 1302 de
1370 1280 1429 1302 erat
1441 1275 1453 1302 ?
1464 1274 1499 1302 de

1326 1310 1403 1338 caelo
1413 1330 1421 1343 ,
1437 1317 1471 1337 an
1486 1317 1521 1341 ex

1326 1345 1499 1373 hominibus?
1513 1345 1554 1373 Ad

1326 1381 1365 1409 illi
1380 1381 1535 1417 cogitabant.

1324 1417 1394 1444 intra
1409 1424 1456 1449 se,
1471 1416 1563 1446 dicen-

1324 1452 1370 1480 26.
1393 1457 1434 1480 tes
1448 1461 1455 1480 :
1471 1452 1499 1480 Si
1513 1451 1622 1480 dixeri—

1326 1496 1386 1516 mus
1399 1488 1433 1516 de
1446 1488 1522 1516 caelo
1534 1507 1543 1522 ,

1326 1524 1397 1552 dicet
1412 1523 1490 1551 nobis
1502 1532 1509 1550 :

1325 1559 1415 1596 Quare
1431 1559 1476 1596 (c)_
1483 1566 1537 1596 non

1325 1594 1441 1623 creditis
1450 1594 1506 1622 illi?

1326 1632 1353 1660 Si
1367 1637 1457 1660 autem
1473 1631 1514 1659 di-

1325 1668 1445 1696 xerimus
1458 1688 1466 1701 ,
1481 1674 1514 1695 ex

1327 1703 1483 1731 hominibus
1495 1722 1503 1734 .
1520 1703 1554 1730 ti-

1327 1746 1432 1767 memus
1447 1738 1551 1766 turbam
1564 1746 1571 1765 :

1327 1783 1422 1803 omnes
1434 1776 1506 1804 enim
1517 1773 1559 1810 (ἀ)

1330 1811 1431 1838 habent
1443 1811 1464 1847 -|~
1471 1810 1572 1839 Johan-

1144 1856 1262 1884 CODEX
1280 1856 1474 1885 BRIXIANUS.

911 1904 966 1931 riit.
986 1903 1118 1930 Etvidcns
1128 1902 1170 1929 fici
1182 1903 1305 1930 :trilorem
1322 1911 1400 1929 unum
1418 1911 1496 1930 sectis
1508 1902 1577 1929 viam
1591 1900 1703 1928 venitatl

911 1947 969 1965 eum
979 1944 1004 1965 et
1017 1939 1081 1965 nillil
1091 1940 1191 1965 invenit
1204 1938 1228 1964 in
1241 1947 1282 1965 ea.
1299 1940 1349 1965 nisi
1363 1939 1423 1965 folia
1438 1943 1550 1964 tantum.
1560 1938 1592 1964 Et
1605 1936 1639 1963 ait
1657 1937 1703 1963 illi.

911 1974 1102 2009 Numqunmcx
1117 1979 1141 2001 te
1154 1975 1255 2001 fructus
1268 1980 1392 2000 nascatur
1405 1974 1429 2001 in
1440 1980 1590 2000 aeternum.
1605 1973 1703 2009 Etare-

911 2012 978 2037 facta
996 2016 1036 2037 est
1052 2010 1181 2036 continuo
1198 2010 1321 2036 lictllnen.
1340 2011 1370 2037 Et
1386 2009 1509 2036 videntes
1521 2009 1643 2042 discipuli
1658 2008 1706 2033 tui-

911 2048 961 2073 rati
978 2051 1038 2072 sunt
1052 2045 1184 2072 dicentes.
1198 2045 1337 2078 Quomodo
1350 2047 1479 2072 conlinuo
1493 2046 1560 2071 :truil
1578 2043 1704 2070 ficulni-ﬂ.

911 2082 1012 2116 Quibus
1028 2082 1194 2115 respondens
1214 2081 1291 2107 Jesus
1303 2082 1348 2108 nit.
1367 2084 1450 2108 Amen
1466 2081 1526 2107 dico
1540 2079 1615 2106 vobis
1625 2080 1647 2116 si
1659 2079 1706 2116 li:_i-

912 2114 1026 2144 bucritis
1037 2114 1126 2143 fidem.
1137 2122 1163 2144 et
1178 2125 1230 2143 non
1243 2116 1451 2144 il.’l(',sil:l\'crilis.
1465 2124 1516 2143 non
1531 2117 1617 2142 Solum
1633 2114 1666 2141 dc
1676 2114 1707 2141 fi-

911 2153 1005 2180 culnea
1023 2153 1137 2180 facietis.
1150 2153 1195 2179 sed
1212 2158 1238 2179 et
1252 2154 1273 2179 si
1287 2154 1370 2179 tnonti
1386 2153 1447 2180 huic
1460 2149 1672 2183 dixetilisﬂollc
1683 2155 1707 2176 Ie

912 2194 937 2216 et
948 2189 1021 2222 jacla
1039 2194 1063 2215 te
1076 2190 1101 2215 in
1115 2196 1189 2215 mare
1204 2188 1259 2215 lict.
1274 2189 1306 2215 Et
1319 2189 1407 2215 omnia
1422 2196 1607 2223 quaet-unique
1623 2186 1708 2223 petic-

911 2226 969 2251 ritis
986 2226 1010 2251 in
1028 2225 1149 2252 oratione
1164 2225 1305 2251 credentes
1320 2222 1466 2257 accipietis.
1483 2223 1516 2250 Et
1527 2231 1586 2250 cum
1600 2222 1708 2249 introis-

911 2265 951 2287 set
968 2261 992 2287 iu
1009 2257 1151 2294 templum.
1168 2264 1343 2287 neocsserunl
1356 2260 1389 2287 ad
1402 2268 1462 2287 eum
1478 2260 1619 2286 docentem
1632 2258 1707 2294 priu-

911 2296 985 2331 cipcs
1009 2292 1179 2323 sacerdotum
1204 2300 1230 2322 et
1249 2295 1371 2323 seniores
1394 2296 1485 2330 populi
1518 2292 1652 2331 dicentes.
1681 2292 1707 2319 ln

912 2330 963 2366 qua
980 2335 1099 2366 polesate
1116 2332 1180 2359 haec
1204 2331 1278 2358 fucis.
1297 2331 1329 2358 Et
1349 2331 1408 2365 quis
1423 2332 1469 2357 tibi
1491 2331 1564 2357 dedit
1579 2330 1647 2355 hunc
1663 2336 1708 2361 p0-

912 2371 1047 2394 tcstalem.
1062 2367 1553 2404 ItcspntnlensautemJesusdixitillis
1568 2366 1706 2404 interrogo

914 2410 962 2430 vos
972 2411 997 2430 et
1013 2411 1062 2438 ego
1076 2411 1156 2429 untun
1168 2410 1333 2430 sermonem.
1350 2410 1429 2437 quem
1446 2404 1467 2430 si
1488 2400 1703 2438 dixeritisinilti.

914 2442 942 2466 et
953 2447 1003 2475 ego
1015 2434 1090 2475 vobis
1102 2438 1188 2475 dicant
1204 2439 1230 2465 itt
1243 2447 1293 2472 qua
1309 2434 1441 2472 potestate
1453 2439 1518 2464 haec
1532 2434 1652 2475 lacio.(_b)
1662 2435 1710 2475 Btt—

917 2471 1044 2509 ptisinum
1063 2473 1082 2509 κι-
1095 2474 1236 2501 Joltanuls.
1254 2471 1325 2502 unde
1340 2478 1398 2501 crat
1412 2478 1428 2501 e
1439 2474 1508 2509 caelo
1523 2474 1606 2509 aue!
1616 2471 1710 2509 homi-

917 2503 1006 2537 nibus.
1024 2503 1109 2547 Atr'illi
1122 2511 1275 2547 cogitabant
1290 2512 1358 2547 intra
1372 2510 1402 2537 se
1416 2506 1538 2546 dicentes
1548 2510 1552 2512 '
1562 2503 1590 2535 Si
1606 2506 1708 2547 discri-

917 2553 977 2573 mus
991 2554 1007 2573 e
1017 2546 1086 2573 etelo
1101 2543 1172 2573 dice't
1186 2546 1272 2574 nobis.
1290 2546 1378 2580 Quare
1391 2548 1455 2580 ergo
1481 2543 1534 2572 nbn
1558 2543 1711 2580 credidistis

916 2581 984 2609 ei.Si
998 2585 1087 2608 autem
1099 2581 1247 2609 dixerimus
1258 2578 1456 2609 ex'huminibus
1466 2582 1592 2608 timemus
1606 2578 1710 2611 turbas,

916 2624 1010 2644 omnes
1026 2618 1096 2644 euitn
1113 2616 1250 2645 habebant
1268 2617 1418 2645 Johannem
1733 2616 1735 2619 ’

420 2653 620 2689 VARIANTES
638 2657 832 2690 LECTIONES
850 2658 983 2690 comas
1002 2660 1057 2690 tis.
1079 2661 1108 2690 s.
1122 2658 1375 2691 GEnMANENSts.

94 2706 103 2739 ξ
119 2702 157 2739 fici
169 2713 252 2739 unam,

92 2736 189 2762 ’inea

92 2765 103 2784 ⁸
118 2767 242 2795 Etomnla

92 2798 104 2814 "
117 2799 251 2826 docentem

944 2711 956 2757 :
971 2710 1011 2757 15:.-
1023 2714 1088 2757 εξςίι
1101 2711 1481 2757 ‘ifﬂ‘tzlft‘l'ﬁ'mb'l’mm

945 2741 956 2757 θ
975 2743 1007 2769 Ut
1023 2741 1096 2776 Vulg.
1106 2741 1340 2775 usqueﬂohahnem

945 2773 956 2790 ⁷
974 2774 1096 2801 habent...
1105 2775 1167 2800 sicut

717 2832 902 2867 BLANCHINI
920 2832 1036 2866 ΝΟΤᾹΕ.

104 2891 146 2934 (ιι)
156 2893 199 2922 tta
214 2898 242 2922 et
259 2896 350 2934 textus
379 2891 501 2925 Graecut.
523 2892 614 2934 spem;
625 2897 669 2925 παι
681 2897 797 2934 smmi.
817 2898 876 2931 -ε

70 2928 115 2967 (cl
127 2929 195 2959 Post
213 2928 293 2966 qum
318 2929 395 2960 deest
417 2937 477 2968 ergo
500 2928 581 2961 etiam
600 2932 627 2962 in
651 2928 712 2963 co'd.
728 2933 844 2966 Cano-

879 2897 894 2925 ο
928 2898 965 2926 Ita
986 2902 1012 2927 ei
1029 2900 1117 2928 textus
1132 2899 1243 2931 arma
1257 2900 1354 2934 neutro
1368 2898 1486 2937 genere;
1497 2895 1527 2931 *ὁ
1542 2894 1724 2933 βάπτιδμα--“

876 2897 909 2975 εδ
924 2934 961 2968 tta
977 2939 1005 2965 et
1027 2939 1081 2966 tex.
1107 2929 1155 2966 Gr.
1177 2936 1281 2975 ἴκούάι.
1457 2939 1459 2947 ⁵
1478 2946 1483 2956 “
1505 2949 1507 2951 ι

1038 2943 1081 2966 ex.
1107 2942 1155 2966 Ut.
1177 2942 1281 2966 ἴῨὸυσῑι
1457 2942 1459 2947 ’
1478 2946 1483 2956 ‘
1505 2949 1507 2951 ’

1107 2929 1155 2966 Gr}
1177 2936 1281 2980 ΐχούάι.
