1920 3169
242 153 292 183 9M
509 149 645 181 EUSEBll
664 148 836 179 VERCELL.
858 147 991 177 EVANGE

1107 146 1173 176 GU!
1194 121 1306 176 ύΑιιιιε
1324 146 1402 175 σοι).
1421 145 1618 176 COLLATUM.
1799 146 1830 175 ΞΜ

1310 203 1428 232 CODEX
1448 202 1673 232 VERONENSIS.

442 209 559 239 CODEX
579 206 846 238 VERCELLENSlS.

663 259 688 283 ta
699 259 780 283 sunt:
798 253 877 281 veni-

662 296 689 319 te
699 291 732 317 ad
749 289 866 325 nuptias.

664 326 744 355 5.1lli
758 330 849 354 autem
859 332 887 352 η.
911 345 918 351 .

663 363 807 398 glexeruut
822 368 830 388 :

216 419 251 429 -.
293 421 300 428 .
340 420 347 427 .
388 421 395 428 .
435 421 442 428 .
483 422 490 428 .
530 419 538 426 .
578 419 585 426 .
664 398 845 431 etabierunt,

667 433 912 462 ....villl...

245 491 254 500 ο
293 491 300 500 ι
341 493 346 499 ι
387 492 395 500 ι
435 491 443 500 ο
483 490 491 498 ι
530 489 539 498 ι
580 489 586 497 .

245 278 254 285 ι
293 277 301 285 ο
340 277 348 284 ο
388 277 395 283 ι
434 277 442 284 υ
482 277 489 284 Ι
529 276 537 283 ο
577 277 584 285 α

246 314 253 321 ο
293 314 301 322 ο
339 311 349 320 ο
388 314 395 320 ι
435 314 442 320 Ι
481 313 490 321 ο
528 311 537 320 o
577 313 584 320 1

246 385 254 392 υ
294 385 300 392 ο
341 384 347 391 .
388 385 394 391 .
435 385 442 392 ο
483 385 490 393 ι
529 383 538 391 ο
578 382 587 391 ι

245 564 253 572 ο
295 564 302 572 ο
341 563 349 571 ι
389 563 397 570 ο
436 564 444 571 υ
484 562 492 570 ο
532 561 540 570 α
580 560 589 569 θ
667 561 673 567 ι
714 561 721 568 .
761 560 768 567 ι
808 560 816 568 ο
856 559 864 567 ι
905 560 912 566 .
952 557 961 565 ο
1001 558 1008 566 σ

244 578 289 608 46.
305 578 443 612 Quaeren-

245 619 286 643 tes
300 622 362 642 eum
376 618 453 643 tene—
668 621 675 629 ·
698 632 705 640 .
727 631 736 641 .
759 616 856 639 .tenn-

245 650 396 684 rc,timue-
668 668 675 675 .
697 668 704 675 .
728 668 734 676 .
758 668 764 675 .
788 667 794 674 .
811 653 906 675 servos

242 691 306 714 runt
316 686 409 713 turbas
421 695 430 714 :
665 684 735 719 ers,
747 688 774 712 et
785 686 858 719 cont.
880 701 888 709 .

244 722 369 758 quoniam
382 721 419 750 si-
666 718 729 748 mel.
751 739 759 747 .
782 740 788 746 .
804 718 892 747 adlec-

243 752 299 786 cut.
322 778 329 784 .
351 778 358 785 .
382 761 476 785 .etam
667 760 708 783 tos
722 762 780 783 occ.
804 775 810 781 .
833 774 840 781 .
864 774 870 781 .
893 773 902 782 .
923 772 930 779 .
946 752 988 789 (tr)

246 813 253 820 .
277 814 283 820 .
307 814 314 821 .
336 813 344 821 .
360 792 444 821 habe-
666 791 693 818 7.
707 791 754 819 Ille
774 790 795 826 1·
809 794 898 818 autem
911 796 952 817 re.
974 808 981 815 .
1006 809 1013 816 .

665 827 915 855 cumh......

333 886 448 916 CAPUT
462 885 545 915 χιιι.
607 868 611 872 ’
758 860 970 926 δέδιθι-ες
1002 917 1011 925 ⁹

245 932 508 967 LEtrespondens
667 953 674 962 .
715 954 721 961 .
761 953 769 961 .
810 954 816 960 .
858 953 865 960 .
906 954 912 960 .
952 951 960 959 .
1000 951 1008 959 .

243 967 332 1002 Jesus,
344 968 412 996 dixit
665 977 755 1002 suum,
767 974 795 997 et
815 977 871 1004 per-

245 1004 298 1031 illis
309 1004 408 1032 iterum
666 1005 734 1033 didit
747 1005 857 1032 homici-

243 1039 282 1067 in.
305 1060 312 1067 .
334 1059 341 1066 .
364 1061 370 1067 .
394 1059 401 1067 .
424 1039 505 1075 .olis,
667 1041 715 1069 das
727 1041 810 1073 illos.
824 1044 853 1068 et
864 1040 903 1067 ci-

247 1075 300 1103 dic.
323 1095 332 1103 .
353 1095 360 1103 .
382 1096 389 1102 .
413 1095 420 1103 .
667 1077 766 1105 vitales
776 1083 871 1104 eorum

229 1110 272 1137 -8,
287 1111 365 1139 Simi.
388 1132 395 1139 .
417 1131 425 1139 .
447 1129 455 1139 .
477 1132 485 1139 .
507 1131 515 1139 .
669 1112 800 1141 incendit.

249 1166 256 1173 .
296 1166 304 1174 .
344 1167 352 1175 .
391 1168 398 1174 .
438 1166 447 1174 .
487 1166 495 1174 .
535 1165 544 1174 .
582 1166 590 1173 .
668 1146 979 1175 8...uncaitservis

247 1202 255 1209 .
296 1202 303 1210 .
345 1203 351 1210 .
391 1202 399 1210 .
439 1201 446 1210 .
487 1202 495 1210 .
534 1202 541 1209 .
583 1202 590 1209 .
668 1183 873 1219 suis:Nuptiae

670 1219 911 1254 ..uidempat‘a-

248 1272 256 1280 .
296 1274 303 1281 .
343 1273 352 1282 .
392 1274 400 1282 .
440 1274 447 1282 .
487 1272 496 1281 .
535 1273 543 1281 .
583 1273 591 1281 .
669 1253 869 1289 taesunt,§ed

249 1309 257 1317 .
298 1310 305 1317 .
344 1311 351 1317 .
391 1310 399 1318 .
439 1309 446 1317 .
487 1308 495 1316 .
533 1310 541 1318 .
581 1309 589 1317 .
668 1290 858 1326 quierautin-

249 1345 256 1351 .
297 1347 303 1353 .
343 1346 350 1353 .
390 1346 397 1353 .
437 1344 446 1353 .
485 1344 494 1353 .
533 1344 542 1353 .
581 1344 590 1353 .
670 1327 815 1355 vitatiuon

671 1362 884 1391 ..ueruntdl-

232 1417 254 1436 ⁸.
295 1416 302 1424 .
343 1418 350 1425 .
389 1418 397 1426 .
439 1417 444 1423 .
485 1415 493 1423 .
533 1417 540 1424 .
581 1416 588 1425 .
669 1398 953 1440 9...._i.lteergo

247 1452 254 1460 .
294 1452 301 1460 .
342 1453 349 1460 .
389 1454 396 1460 .
437 1452 444 1459 .
484 1453 492 1460 .
532 1452 540 1460 ι
580 1453 588 1460 .
669 1439 908 1462 ...exitusvia-

246 1488 258 1505 .7
288 1489 348 1505 ν.
389 1489 397 1496 .
433 1488 445 1505 γ.
485 1489 491 1495 .
533 1488 541 1496 .
580 1488 588 1496 .
670 1475 915 1505 ..um,etquos—

246 1504 273 1531 4.
287 1503 374 1532 Dicite
384 1504 454 1532 invi-

246 1540 309 1568 tatis
321 1548 328 1566 :
469 1546 519 1567 an-
670 1541 801 1569 veueritis
812 1562 820 1573 .

246 1574 320 1602 dium
332 1583 434 1612 meum»
670 1581 765 1605 vocate
778 1577 812 1604 ad
823 1583 889 1612 nup-

249 1611 354 1645 paravi,
368 1610 436 1638 tauri
672 1613 734 1640 tias.

248 1646 301 1674 mei
310 1651 341 1683 et
346 1646 453 1682 sagiua-
671 1649 714 1677 lt).
734 1647 769 1675 Et
780 1647 882 1683 egressi
897 1654 957 1675 ser-

247 1685 274 1709 ta
285 1682 374 1710 occisa
388 1687 462 1716 sunt,
671 1703 679 1711 .
702 1704 709 1710 .
731 1704 737 1711 .
757 1682 816 1718 ejus
833 1684 858 1710 in
875 1684 912 1711 vi-

247 1721 275 1745 et
287 1718 376 1746 omnia
386 1725 466 1753 para-
672 1739 679 1746 .
703 1740 710 1747 .
731 1740 738 1747 .
750 1727 900 1755 congrega-

465 1763 581 1793 CODEX
600 1766 837 1795 CORBEIENSIS.

247 1812 328 1847 qu'um
349 1811 488 1840 audissent
513 1812 648 1847 principes
673 1813 844 1840 sacerdotum
887 1818 912 1841 et
950 1812 1047 1840 Phari-

247 1847 303 1884 saei
330 1848 474 1883 parabolas
505 1848 585 1882 ejus,
610 1853 796 1884 cognoverunt
822 1849 884 1884 quia
910 1848 944 1876 dc
982 1850 1049 1884 ipsis

248 1883 362 1911 diceret.
399 1884 433 1911 Et
464 1889 627 1918 quaerentes
648 1883 722 1912 ’eum
760 1891 862 1917 tenere,
901 1883 1051 1912 timuerunt

250 1918 342 1947 turbas
359 1924 371 1956 _:
395 1919 522 1956 quoniam
538 1925 566 1947 ut
588 1920 746 1956 prophetam
764 1928 825 1948 eum
846 1920 994 1948 habebant.
1016 1921 1051 1948 Et

249 1954 415 1989 respondens
438 1955 528 1988 Jesus.
553 1954 661 1984 aitillis
687 1957 783 1984 iterum
803 1957 828 1983 in
845 1956 992 1991 parabolis,
1009 1956 1050 1983 di-

251 1998 316 2018 cens
338 1999 345 2017 :
366 1991 459 2019 Simile
475 1992 483 2007 ι
502 1996 546 2019 est
571 2000 680 2026 regnum
703 1993 842 2020 coelot‘um
857 1992 958 2019 homini
980 1993 1049 2026 regi,

249 2026 294 2060 qui
309 2027 372 2054 fecit
383 2028 491 2061 nuptias
501 2028 512 2043 ¹
528 2027 575 2054 lilii
590 2029 642 2055 sui.
661 2027 694 2055 Et
710 2028 783 2056 misit
797 2035 893 2055 servos
917 2035 982 2055 suos
996 2027 1006 2042 ³
1022 2032 1051 2054 ιιι

251 2067 380 2097 vocarent
395 2063 522 2090 invitatos
536 2063 571 2090 ad
590 2064 708 2097 nuptias,
732 2068 759 2090 et
783 2063 821 2090 illi
844 2064 938 2090 venire
953 2062 1048 2090 nolue-

251 2101 324 2124 runt.
340 2096 438 2125 lterum
453 2098 527 2124 misit
540 2098 609 2125 alios
626 2096 730 2129 servos.
747 2098 840 2126 dicetis
855 2107 862 2124 :
882 2098 966 2125 Dicite
981 2099 1048 2125 iuvi-

253 2132 334 2168 tatis:
350 2132 420 2160 Ecce
438 2133 579 2167 prandium
600 2141 690 2161 meum
712 2134 813 2168 paravi,
836 2133 906 2160 tauri
928 2133 981 2160 mei
996 2133 1007 2148 ’⁸
1022 2138 1051 2161 et

252 2167 336 2204 altilia
351 2169 439 2204 occisa
461 2174 535 2200 sunt.
549 2173 576 2195 et
599 2170 688 2196 omnia
706 2167 797 2204 parata
811 2172 895 2195 sunt:
913 2168 1000 2196 venite
1015 2169 1049 2196 ad

251 2203 370 2239 nuptias.
395 2203 436 2231 llli
458 2210 549 2231 autem
569 2205 766 2239 neglexerunt:
783 2209 811 2231 et
825 2204 962 2237 abierunt,
981 2205 1052 2232 alius

253 2238 280 2266 in
297 2239 385 2275 villam
398 2246 488 2272 suam,
499 2239 571 2266 alius
585 2240 595 2255 ⁵
608 2238 642 2267 ad
652 2241 862 2275 negotiationem
877 2247 954 2267 suam
970 2249 977 2267 :
990 2247 1050 2267 cae-.-

252 2274 302 2302 teri
315 2282 379 2302 vero
393 2275 633 2310 apprehenderunt
648 2274 745 2304 servos
755 2276 826 2310 ejus,
847 2280 874 2302 et
885 2277 1050 2303 contumelia

252 2310 315 2338 illos
328 2310 483 2338 aﬂlixerunt
496 2315 523 2338 et
532 2311 699 2339 occiderunt.
715 2311 774 2339 Rex
788 2318 853 2338 vero
864 2318 945 2345 quum
960 2312 1052 2339 audis-

251 2351 310 2382 set,
320 2347 405 2374 iratus
418 2350 479 2374 est:
497 2352 524 2374 et
539 2347 548 2362 ⁸
562 2347 634 2375 misit
649 2348 800 2375 exercitum
813 2354 903 2379 suum,
918 2352 944 2374 et
959 2347 1051 2382 pcrdi-

252 2380 292 2409 dit
305 2381 454 2410 homicidas
469 2382 533 2410 illos
544 2403 552 2415 ,
563 2387 591 2411 et
609 2383 747 2411 civitatem
768 2383 877 2410 illorum
896 2380 1050 2410 succendit.

252 2416 328 2446 Tunc
356 2420 393 2446 ait
424 2419 513 2446 servis
540 2420 627 2446 suis:
650 2419 766 2453 Nuptiae
796 2418 905 2452 quidem
942 2422 1053 2453 paratae

252 2457 336 2487 sunt,
348 2455 357 2470 ⁷
374 2454 479 2482 invitati
495 2458 586 2482 autem
600 2463 652 2482 non
668 2454 778 2482 fuerunt
790 2453 876 2489 digni.
890 2454 929 2482 Ite
940 2462 1004 2489 ergo
1018 2454 1053 2482 ad

252 2489 345 2530 eaitus
362 2490 486 2530 viarum,
514 2495 543 2521 et
554 2497 768 2530 quosquuruque
790 2491 950 2530 inveneritis
961 2511 969 2523 ,
982 2490 1053 2530 “liu-

253 2525 336 2553 vitate
356 2525 390 2553 ad
411 2526 529 2561 nuptias.
552 2526 588 2560 Et
601 2526 704 2562 egressi
731 2525 803 2554 servi
811 2526 872 2562 ejus
886 2527 896 2545 ’
912 2533 961 2561 per
974 2526 1053 2559 vias,

255 2566 440 2596 congregave-

669 1513 784 1540 cumque
800 1506 843 1533 itt-

287 2655 296 2671 ¹
314 2653 403 2681 factttm

287 2686 297 2701 ¹
315 2685 364 2712 lilio
375 2692 429 2717 suo,

286 2717 298 2751 ξ
313 2722 432 2751 vocare...
446 2719 471 2743 et
484 2717 615 2744 noluerunt
627 2719 724 2751 venire,

285 2748 298 2784 ξ
315 2753 341 2784 et
351 2749 462 2784 saginata
474 2755 529 2775 mea
540 2750 619 2784 occisa
627 2770 635 2784 ,
649 2754 705 2777 et...
717 2748 803 2783 parata
815 2750 916 2776 :venite

286 2780 297 2796 '
317 2781 349 2807 Ut
364 2780 436 2815 Vulg.
449 2787 534 2814 usque,
546 2780 602 2810 Rex

1096 252 1142 280 £5.
1164 252 1197 280 Et
1212 258 1273 280 cum
1288 258 1336 279 au-

1098 288 1200 315 dissrnt
1215 287 1312 322 princi-

1099 332 1147 358 pes
1162 325 1333 350 sacerdotum
1344 341 1352 357 ,

1099 365 1125 386 ct
1141 360 1275 386 Pharisaei

1101 396 1239 429 parabolas
1254 395 1311 428 ejus
1320 414 1328 427 ,

1099 436 1283 466 cognoverunt

1100 465 1171 502 quod
1186 466 1219 493 de
1233 465 1299 501 ipsis

1100 502 1146 530 ιϐ.
1166 502 1240 530 dicit.
1259 503 1291 530 Et
1304 508 1389 539 quae-

1101 542 1193 565 rentes
1206 545 1268 566 eum

1102 579 1196 602 tenere
1207 594 1215 607 ,
1230 574 1329 602 timue-

1102 615 1164 637 runt
1175 609 1280 637 turbam
1292 617 1301 637 :

1102 646 1228 680 quoniam
1239 644 1311 673 sicut

1103 680 1262 716 prophetam

1102 725 1165 744 eum
1179 716 1262 744 habe-

1104 753 1177 781 bant.

1188 786 1303 815 CAPUT
1318 785 1401 814 XXII.

1106 825 1131 852 l.
1145 823 1179 851 Et
1191 831 1303 858 respon-

1105 860 1173 888 dens
1181 859 1259 887 Jesus
1269 879 1276 892 ,

1104 895 1173 924 dixit
1189 895 1241 922 illis

1104 933 1201 961 iterum
1218 931 1244 957 iu

1104 967 1239 1003 parabolis
1252 987 1268 1003 ,_
1275 965 1317 1003 dij

1102 1001 1131 1031 Ξ.
1151 1010 1217 1030 cens
1231 1011 1237 1029 :
1252 1001 1347 1029 Simile

1102 1044 1145 1067 est
1158 1045 1273 1074 regnum

1103 1075 1239 1103 caelorum

1104 1110 1207 1138 homini
1222 1109 1278 1144 regi
1289 1128 1297 1141 ,

1103 1147 1149 1182 qui
1165 1145 1228 1174 fecit
1241 1151 1310 1180 nup-

1105 1183 1156 1210 tias
1172 1182 1226 1208 lilio
1237 1188 1296 1208 suo.

1103 1218 1131 1246 5.
1152 1218 1186 1245 Et
1199 1216 1271 1244 misit
1285 1222 1380 1244 servos

1104 1261 1169 1281 SUOS
1180 1259 1276 1280 vocare

1104 1290 1233 1317 invitatos
1245 1287 1277 1314 ad
1290 1294 1341 1314 nu-

1105 1325 1175 1361 ptias
1183 1345 1190 1357 .
1201 1328 1228 1352 et
1234 1323 1335 1365 Inoino-

1104 1365 1169 1388 runt
1180 1367 1283 1388 ventre.

1106 1396 1205 1424 lterum
1221 1395 1294 1423 misit

1105 1432 1174 1470 alios
1189 1439 1286 1470 servos
1292 1429 1364 1470 ,_di-_

1105 1468 1133 1495 4.
1154 1475 1220 1495 cens
1234 1476 1241 1494 :
1258 1466 1342 1494 Dicite
1357 1466 1399 1492 iu-

1106 1504 1199 1531 vitatis
1215 1511 1222 1529 :
1234 1503 1306 1530 Ecce

1106 1539 1249 1574 prandium
1264 1543 1354 1566 meum

1106 1573 1214 1610 paravi,
1228 1573 1297 1602 tauri

1107 1615 1135 1638 et
1146 1611 1266 1646 saginata

1107 1647 1197 1674 occisa
1211 1650 1291 1679 sunt,

1107 1687 1135 1710 ct
1150 1682 1238 1709 omnia
1253 1688 1335 1717 para-

1109 1723 1135 1746 ta
1150 1722 1212 1746 sunt
1228 1727 1235 1745 Ξ
1253 1724 1300 1745 V6-

1515 251 1572 278 nite
1584 250 1617 278 ad
1632 249 1735 285 nuptias.

1515 286 1543 314 5.
1564 285 1604 313 Illi
1617 290 1701 313 autem
1716 292 1753 313 ne-

1515 323 1658 357 glexerunt
1674 330 1680 348 :
1693 325 1717 349 et

1515 356 1643 384 abierunt
1652 378 1659 387 .
1673 356 1708 392 (α)

1516 393 1562 420 alii
1574 393 1601 421 in
1616 392 1704 419 villam

1516 436 1593 456 suam
1602 450 1610 462 ,
1627 428 1671 456 alii

1516 472 1583 492 vero
1593 464 1628 492 ad
1642 471 1718 499 nego-

1517 501 1657 528 tiationem
1667 507 1735 527 suam
1745 508 1750 525 ε

1518 536 1545 563 6.
1565 536 1661 570 reliqui
1677 543 1734 562 vero

1519 575 1665 599 tenuerunt
1677 578 1757 599 servos

1519 607 1595 642 ejus,
1609 611 1637 635 et
1647 614 1709 634 con-

1519 641 1631 671 tumelia
1646 641 1717 670 adfe-

1519 683 1578 706 ctos
1596 678 1702 706 occide-

1520 719 1593 742 runt.

1520 750 1548 777 7.
1568 750 1606 786 (b)
1622 750 1747 785 lllefrex

1520 793 1581 813 cum
1597 786 1728 820 audisset,

1520 822 1606 849 iratus
1617 827 1659 850 est
1670 830 1678 849 :

1520 862 1548 885 et
1563 858 1637 885 misit
1648 857 1687 893 (ε)

1523 894 1673 922 exercitum
1689 893 1707 928 1'

1523 936 1601 956 suum
1614 950 1622 963 ,
1636 934 1663 957 et
1677 936 1736 964 per-

1522 964 1593 992 didit
1607 965 1719 993 homici-

1522 1000 1572 1028 das
1591 1001 1663 1033 illos,
1683 1006 1710 1028 et

1522 1036 1660 1064 civitatem
1676 1036 1707 1063 il-

1522 1072 1610 1100 lorum
1627 1079 1737 1100 succen-

1520 1108 1548 1136 8.
1563 1107 1617 1145 dit.
1633 1108 1707 1136 Tunc
1722 1107 1757 1136 ait

1521 1144 1610 1171 servis
1622 1144 1698 1172 suis:

1522 1178 1639 1214 Nuptiae

1522 1215 1631 1250 quidem
1646 1222 1692 1251 pa-

1522 1256 1599 1279 ratae
1614 1256 1686 1286 sunt,

1522 1287 1569 1314 sed
1584 1287 1630 1322 qui
1644 1292 1720 1314 erant

1522 1322 1628 1351 invitati
1643 1330 1696 1350 non

1523 1357 1631 1394 (nerunt
1645 1358 1728 1394 digni.

1522 1393 1551 1422 9.
1572 1394 1610 1422 Ite
1623 1393 1688 1429 ergo
1702 1393 1735 1421 ad

1523 1430 1612 1457 exitus
1631 1430 1688 1457 via-

1524 1473 1595 1498 rum,
1609 1470 1636 1493 et
1648 1472 1730 1500 quos-

1524 1508 1641 1536 cumque
1653 1502 1693 1528 in-

1524 1537 1664 1570 veneritis,

1524 1578 1620 1601 vocate
1638 1572 1671 1600 ad

1525 1609 1570 1637 10.
1591 1609 1708 1644 nuptias.
1729 1606 1762 1635 Et

1525 1643 1637 1680 egressi
1643 1643 1715 1671 servi

1524 1681 1584 1715 ejus
1600 1681 1626 1707 in
1643 1680 1710 1713 vias,

1524 1719 1756 1751 congregaverant

1337 1764 1454 1793 CODEX
1474 1764 1675 1793 BRIXIANUS.

1104 1819 1132 1841 et
1154 1813 1198 1847 qui
1218 1812 1365 1839 caecidcrit
1387 1820 1468 1846 Super
1493 1812 1608 1847 lapidem
1634 1812 1727 1840 istum.
1752 1810 1862 1844 confringe-

1106 1854 1158 1877 tur.
1183 1856 1266 1881 super
1289 1856 1368 1882 quem
1393 1856 1457 1875 vero
1480 1848 1638 1876 cacciderit.
1665 1848 1862 1876 conmiuuctwm

1107 1885 1140 1911 Et
1163 1892 1224 1911 cum
1248 1881 1388 1911 audissent
1415 1883 1549 1918 principes
1579 1885 1748 1913 sacerdotum
1773 1889 1796 1911 et
1816 1881 1862 1919 illu-

1106 1921 1187 1948 risaei
1202 1920 1345 1954 parabolas
1365 1916 1424 1954 ejus
1436 1916 1632 1954 cognoverunt.
1652 1920 1723 1954 quod
1738 1920 1769 1946 de
1781 1916 1864 1954 ipsis-li-

1106 1961 1192 1984 ceret.
1203 1952 1245 1983 ἰιᾷι
1259 1952 1422 1990 quaerentes
1445 1952 1507 1983 eum
1529 1960 1632 1983 tenere.
1649 1952 1790 1983 timuerunt
1804 1952 1864 1979 turbat

1126 1993 1234 2019 uoaiam
1250 1992 1319 2019 sicut
1331 1991 1492 2026 prophetam
1509 1999 1571 2018 eum
1586 1991 1730 2018 habebant.
1744 1991 1773 2018 Et
1787 1994 1864 2026 respon-

1126 2000 1234 2019 uomam
1250 2000 1319 2019 sicut
1331 2000 1492 2026 propueiam
1509 2000 1571 2018 eum
1586 2000 1730 2018 nonetiam.
1744 2000 1773 2018 bl
1787 2000 1864 2024 respiat-

1105 2000 1172 2055 gens
1188 2027 1279 2054 Jesus.
1296 2027 1393 2054 iterum
1408 2026 1479 2054 dixit
1491 2027 1532 2054 eis
1545 2027 1571 2053 in
1592 2027 1729 2062 parabolis
1740 2027 1827 2053 dicent.
1838 2022 1864 2048 Sc

1107 2063 1221 2101 mileest
1238 2070 1350 2101 regnum
1364 2063 1500 2101 caelorum
1513 2062 1615 2089 homini
1628 2063 1684 2098 regi
1699 2063 1742 2098 qui
1760 2062 1863 2101 recitasti:

1106 2098 1156 2126 tias
1173 2099 1228 2125 lilio
1240 2106 1300 2126 suo.
1321 2098 1352 2126 Et
1372 2098 1445 2125 misit
1459 2106 1554 2125 servos
1570 2106 1646 2126 sues.
1666 2106 1761 2125 vocare
1774 2098 1865 2123 invitatos

1104 2134 1138 2161 ad
1160 2135 1278 2169 nuptias.
1295 2140 1322 2161 et
1344 2134 1491 2161 noluerunt
1505 2135 1607 2161 venire.
1630 2133 1730 2161 lterum
1751 2133 1813 2160 misit
1822 2130 1865 2156 11105

1105 2176 1200 2196 servos
1215 2169 1319 2197 dicens.
1337 2170 1420 2197 Dicite
1434 2169 1564 2197 invitatis.
1580 2169 1650 2197 Ecce
1662 2170 1796 2204 prandium
1806 2171 1865 2203 incutit

1107 2205 1210 2239 paravi.
1231 2206 1301 2232 tauri
1317 2206 1368 2232 mei
1391 2211 1418 2232 et
1437 2206 1559 2240 saginata
1574 2206 1665 2232 occisa
1684 2211 1746 2233 sunt
1763 2209 1789 2232 et
1806 2206 1866 2240 ωυιιιὲ

1107 2246 1211 2274 parata.
1229 2242 1318 2268 venite
1332 2241 1366 2268 ad
1386 2238 1492 2275 nuptias
1514 2241 1556 2269 Illi
1576 2245 1667 2268 autem
1684 2238 1867 2276 neglexerunld

1106 2276 1233 2303 abierunt
1249 2276 1319 2303 alius
1334 2276 1366 2303 ad
1388 2285 1482 2311 agrum
1498 2284 1587 2304 suum.
1606 2277 1676 2304 alius
1688 2275 1751 2304 vero
1770 2275 1799 2302 ad
1814 2277 1868 2312 nego-

1107 2312 1246 2339 tiationem
1266 2312 1464 2348 suauiareliqui
1479 2320 1553 2339 vero.
1569 2317 1718 2340 tenuerunt
1730 2317 1814 2339 Servos
1823 2312 1868 2348 6115‘;

1105 2352 1134 2375 et
1147 2347 1320 2375 centumeliis
1334 2339 1444 2375 atfecto‘s
1459 2339 1629 2376 occiderunt.
1640 2339 1679 2376 iEt
1688 2339 1795 2375 audiens
1804 2339 1869 2381 "illi

1108 2383 1165 2410 ille.
1174 2384 1257 2410 iratus
1263 2389 1315 2411 est.
1322 2382 1508 2419 etutittens(c)
1515 2384 1782 2419 exercitum'j-suum.
1789 2377 1870 2419 pergil"?

1108 2419 1259 2447 homicidas
1274 2419 1345 2447 illos.
1360 2424 1388 2447 et
1402 2414 1654 2447 civitatiauiuorurn
1668 2414 1807 2447 succendit.
1820 2414 1869 2450 Τυιιε

1108 2455 1146 2482 ait
1159 2455 1246 2482 servis
1256 2455 1323 2482 suis.
1338 2454 1452 2490 Nuptiae
1466 2455 1575 2490 quidem
1593 2460 1703 2490 paratae
1715 2451 1870 2490 sunLrsed'tt!

1108 2490 1212 2518 invitati
1223 2496 1314 2518 erant.
1327 2488 1387 2518 non'
1398 2488 1507 2519 fuerunt
1520 2488 1605 2527 digni.
1623 2491 1662 2519 ite
1679 2499 1744 2527 ergo
1760 2489 1791 2517 ad
1805 2488 1870 2527 still“

1110 2527 1215 2553 viarum
1230 2530 1258 2553 et
1279 2534 1464 2562 quoscumque
1484 2524 1656 2555 inveneritis.
1670 2524 1765 2555 vocate
1782 2524 1813 2553 ad
1826 2526 1871 2554 ιιιιιι·

1110 2562 1172 2589 tias.
1189 2562 1223 2589 Et
1233 2563 1336 2597 egressi
1348 2564 1419 2590 servi
1433 2563 1472 2590 illi
1486 2562 1514 2590 in
1526 2563 1595 2591 vias.
1611 2569 1789 2599 congregave-

612 2607 811 2637 VARIANTES
825 2607 1021 2637 LECTIONES
1040 2606 1174 2637 (70ωοιὸ
1190 2608 1248 2636 IS.
1267 2609 1296 2637 S.
1316 2608 1570 2639 GERMANENSIS.

1137 2655 1149 2672 ⁸
1166 2655 1248 2680 missis
1256 2655 1411 2687 exercitibus
1421 2656 1484 2687 suis,

1138 2687 1148 2702 "
1167 2686 1212 2711 sed
1222 2687 1307 2717 qui....
1317 2685 1417 2713 fuerant

1140 2718 1152 2733 ⁸
1170 2722 1253 2743 vocate

1142 2749 1153 2764 ⁹
1173 2748 1206 2774 Ut
1216 2748 1241 2774 in
1255 2748 1363 2783 Vulgata
1373 2755 1459 2783 usque,
1472 2752 1569 2776 vestem

909 2823 1097 2854 BLANCHINI
1115 2824 1233 2854 NOTE.

292 2871 333 2907 (α)
348 2872 398 2905 Ita,
414 2876 443 2900 et
455 2871 516 2900 cod.
529 2871 609 2900 Cant.
633 2872 656 2901 oi

666 2873 783 2910 μὲν...ῗοὶ
793 2872 832 2906 δι,
847 2872 940 2901 Μίδα..
953 2873 991 2899 ιιιί

1119 2873 1204 2904 Addit
1213 2873 1270 2908 ille,
1281 2873 1342 2903 cod.
1355 2880 1464 2910 quoque
1475 2872 1554 2906 (lant.
1570 2873 1662 2904 ὶκεῖνος
1672 2872 1717 2909 qui
1729 2878 1786 2900 cum
1800 2867 1873 2896 Veron.

255 2908 372 2937 omittit.
395 2913 490 2937 autem.
505 2924 542 2930 —
554 2907 590 2945 (c)
605 2908 644 2937 ita
663 2907 691 2938 et
709 2909 771 2938 cod.
797 2910 877 2938 Cant.
899 2910 928 2938 τὸ
943 2907 1104 2946 στράτιυμαζ
