3840 6338
527 247 636 305 295
1031 244 1308 305 EUSEBII
1346 243 1684 303 VERCELL.
1726 245 2182 307 EVANGELIUM
2224 248 2367 305 CUM
2409 245 2636 308 VARllS
2670 246 2827 307 COD.
2868 243 3261 319 COLLATUM.

920 363 1149 421 CODEX
1192 362 1734 422 VERCELLENSIS.

528 461 689 519 Jesus
713 478 728 517 :
754 458 987 515 Reddite
1361 467 1542 515 autem
1575 458 1750 511 omni-

530 547 671 604 quae
698 539 826 604 sunt
851 530 985 587 Cae-
1361 545 1457 604 unt
1485 539 1541 585 et
1562 530 1761 585 mulier

532 600 691 671 saris,
720 603 919 659 Caesa-
1362 600 1616 656 defuncta
1639 607 1742 655 est.

532 674 603 737 ri.
631 684 683 731 et
711 689 849 743 quae
872 682 997 729 sunt
1360 671 1451 728 28.
1494 672 1573 727 In.
1620 712 1633 726 .
1680 712 1692 725 .
1734 686 1849 727 sur.
1895 710 1909 724 .
1955 711 1968 724 .
2015 712 2028 724 .

531 744 1127 811 22.Dei,Deo.Etil-
1366 780 1382 796 .
1463 784 1477 798 .
1560 783 1573 795 .
1655 782 1669 796 .
1750 784 1764 799 .
1848 782 1863 795 .
1944 780 1958 795 .

533 816 901 887 liaudientes,
1180 882 1187 887 _
1371 855 1386 868 .
1465 854 1481 869 .
1561 855 1574 868 .
1657 853 1671 867 .
1751 854 1765 869 .
1848 854 1861 866 .
1943 855 1957 869 .

537 886 1187 955 ......isunt,’

536 968 980 1017 .....ιοθο
1370 994 1953 1012 .......

536 1038 892 1090 ....ιιιιι.
1372 1067 1957 1083 .......

530 1100 1228 1162 25.......dieac-

532 1182 882 1232 c..erunt
1367 1208 1954 1224 .......

530 1244 914 1304 adenmSad-
1368 1282 1381 1295 .
1463 1282 1479 1297 .
1558 1282 1572 1295 .
1655 1282 1668 1295 .
1750 1281 1763 1294 .
1844 1280 1857 1294 .
1938 1279 1954 1295 .

530 1318 746 1385 ducaei,
777 1316 870 1388 qui
1361 1312 1513 1388 29.:
1558 1352 1578 1388 τ
1622 1353 1635 1366 .
1679 1352 1693 1367 .
1734 1312 1944 1369 escien-

536 1383 862 1447 dicunt’non
1364 1383 1705 1455 tes.Scriptn-

532 1477 655 1519 esse
678 1474 864 1517 resur-
1363 1471 1473 1519 ras,
1505 1470 1680 1527 neque

532 1534 864 1597 rectionem;
1006 1528 1009 1531 ’
1365 1526 1621 1582 virtutem
1650 1526 1764 1582 Dei.

534 1614 593 1661 et
627 1605 859 1660 interro-
1366 1598 1458 1654 50.
1501 1597 1557 1653 In
1578 1612 1857 1653 resurrec-

569 1684 801 1732 averunt
1368 1672 1573 1726 tionem
1597 1669 1743 1726 enim

572 1748 623 1802 4.
664 1762 789 1802 eum
814 1743 1003 1802 dicen-
1361 1756 1555 1810 neque.
1602 1778 1618 1795 .
1662 1782 1676 1795 .
1722 1781 1736 1794 .
1782 1780 1794 1793 .
1844 1778 1859 1794 .

531 1817 869 1889 teszMagis-
1361 1828 1552 1885 neque.
1603 1852 1618 1866 .
1664 1852 1679 1866 .
1723 1852 1736 1867 .
1786 1853 1799 1865 .
1845 1850 1861 1867 .

532 1889 876 1958 ter,Moyses
1365 1923 1379 1937 .
1461 1924 1474 1938 .
1556 1923 1571 1937 .
1652 1923 1665 1936 .
1746 1923 1761 1937 .
1844 1921 1857 1936 .
1935 1922 1949 1937 .

533 1960 951 2029 dixit:Siqnis
1367 1996 1380 2009 .
1648 1995 1663 2009 .
1745 1991 1761 2010 .
1844 1998 1853 2006 .
1938 1993 1951 2006 .

531 2039 779 2089 mortuus
805 2026 921 2088 fue-
1124 2078 1137 2085 .
1363 2026 1539 2098 angeli

531 2104 602 2160 rit
626 2102 853 2160 nonha-
1363 2098 1439 2154 lo.
1486 2140 1499 2153 .
1546 2140 1559 2154 .
1604 2138 1618 2152 .
1664 2136 1678 2151 .
1725 2139 1737 2153 .
1784 2133 1800 2149 .
1844 2134 1861 2151 .

530 2191 1147 2232 ..ns........
1364 2171 1994 2239 3!,......

534 2246 1079 2303 ...duc.....

711 2354 728 2372 .
768 2316 887 2388 ejus
914 2329 1048 2371 uxo—
1369 2322 1607 2370 tuorum.
1651 2351 1684 2388 ._
1831 2350 1845 2363 .
1891 2350 1904 2362 .

532 2426 549 2444 .
591 2428 607 2445 .
654 2429 667 2443 .
712 2426 728 2442 .
772 2380 933 2444 flius
1371 2426 1385 2440 .
1430 2423 1445 2439 .
1488 2426 1503 2439 .
1544 2382 1689 2455 quod
1722 2380 1808 2440 dic

530 2466 1024 2519 .....tsem-
1366 2464 1665 2513 tumest..

524 2744 986 2803 25.nxoreduc-
1367 2782 1383 2798 .
1463 2782 1480 2798 .
1560 2782 1575 2797 .
1654 2781 1668 2795 .
1749 2779 1765 2794 .
1843 2781 1859 2795 .
1942 2778 1956 2793 .

526 2826 601 2884 ta,
641 2816 928 2875 defunctus
1364 2856 1379 2870 .
1463 2856 1477 2870 .
1557 2853 1573 2869 .
1654 2852 1668 2865 .
1749 2851 1763 2865 .
1846 2851 1860 2866 .
1944 2851 1957 2864 .

526 2890 863 2946 estnonha-
1367 2925 1381 2940 .
1463 2928 1475 2941 .
1558 2921 1574 2937 .
1656 2924 1669 2937 .
1751 2923 1765 2938 .
1848 2921 1862 2937 .
1944 2920 1958 2935 .

522 2960 901 3027 benssemen,
1368 2998 1381 3014 .
1463 2998 1479 3013 .
1559 2993 1578 3013 .
1655 2995 1668 3008 .
1745 2996 1759 3010 .
1846 2994 1861 3008 .
1942 2994 1956 3009 .

524 3032 753 3101 reliquid
782 3046 920 3087 uxo-
1368 3068 1381 3082 .
1462 3066 1479 3081 .
1561 3067 1577 3083 .
1655 3063 1672 3079 .
1750 3063 1766 3080 .
1849 3065 1865 3080 .
1946 3063 1961 3078 .

527 3117 817 3158 remsuam
1370 3134 1962 3153 .......

525 3173 619 3228 26.
661 3170 1077 3229 fratrisuo.Si-
1370 3212 1382 3224 .
1465 3211 1479 3223 .
1558 3209 1573 3222 .
1657 3208 1670 3221 .
1752 3205 1767 3220 .
1847 3206 1861 3220 .
1942 3205 1958 3221 .

526 3243 987 3300 militerse...

528 3314 651 3379 dus,
679 3321 737 3370 et
765 3316 918 3371 terti.
1364 3313 1457 3375 53.
1500 3312 1696 3367 bantur
1721 3309 1775 3365 in
1798 3307 1928 3366 doc-

530 3401 615 3452 us,
648 3400 819 3457 usque
834 3384 902 3441 ad
1366 3384 1503 3439 trina
1527 3382 1668 3453 ejus.

530 3458 845 3526 septimum.
1372 3494 1388 3510 .
1469 3494 1484 3509 .
1564 3494 1579 3507 .
1659 3493 1674 3508 .
1753 3494 1768 3511 .
1850 3494 1863 3508 .
1945 3491 1962 3508 .
2041 3493 2054 3506 .

522 3525 959 3585 27.Novissima
1372 3566 1387 3581 .
1466 3565 1482 3581 .
1562 3563 1581 3579 .
1660 3566 1675 3581 .
1756 3564 1771 3580 .
1849 3564 1865 3580 .
1945 3566 1959 3579 .
2040 3565 2054 3579 .

956 3664 1185 3723 CODEX
1226 3662 1706 3722 CORBEIENSIS.

529 3760 690 3819 Jesus
738 3779 751 3816 :
805 3759 1037 3817 Reddite
1086 3774 1226 3831 quae
1277 3757 1526 3814 Caesaris
1560 3766 1706 3823 sunt,
1770 3756 2031 3831 Caesari,
2079 3767 2135 3815 et

527 3849 667 3906 quae
699 3833 792 3889 Dei
833 3842 981 3897 sunt,
1013 3832 1149 3887 Deo.
1186 3831 1563 3906 Et_audi_entes
1604 3830 1780 3885 mirati
1847 3839 1975 3885 sunt
2006 3871 2021 3893 .
2078 3839 2134 3906 et

526 3901 718 3961 relicto
747 3920 814 3961 eo
852 3914 1221 3961 recesserunt.
1265 3902 1322 3958 lu
1356 3903 1445 3957 illa
1501 3902 1591 3957 die
1659 3913 2011 3957 accesserunt
2061 3901 2131 3956 ad

526 3992 651 4033 eum
690 3976 1015 4041 Sadducaei,
1068 3983 1333 4045 negantes
1366 3972 1823 4029 resurrectionem
1884 3984 2132 4028 mortuo-

528 4064 681 4108 rum;
730 4058 786 4103 et
828 4048 1085 4103 dixerunt
1122 4044 1175 4101 ei
1228 4063 1241 4100 :
1291 4044 1562 4114 Magister.
1613 4046 1629 4076 ί
1673 4045 1886 4116 Moyses
1932 4045 2067 4116 dixit
2116 4060 2130 4097 :

531 4119 589 4176 Si
606 4118 727 4187 quis
741 4127 983 4173 mortuus
1002 4116 1163 4171 fuerit
1191 4132 1297 4171 non
1321 4116 1559 4171 habens'
1579 4116 1741 4181 filios,
1756 4115 1817 4170 nt
1838 4117 2002 4169 frater
2018 4115 2137 4184 ejus

535 4204 763 4243 uxorem
800 4188 947 4257 illius
994 4188 1245 4257 accipiat,
1271 4200 1330 4242 et
1355 4187 1583 4257 suscitet
1610 4201 1795 4241 semen
1832 4187 1985 4240 fratri
2010 4200 2130 4239 suo.

533 4259 706 4315 Erant
732 4274 860 4327 ergo
881 4256 1021 4328 apud
1066 4256 1165 4311 nos
1193 4268 1399 4326 septem
1423 4256 1641 4320 fratres;
1665 4267 1717 4311 ct
1742 4258 1971 4326 primus,
1999 4273 2134 4311 uxo—

530 4345 647 4386 rem
676 4329 849 4395 duxit,
889 4340 945 4383 et
970 4328 1261 4383 defunctus
1310 4335 1395 4381 est
1438 4342 1547 4381 non
1594 4328 1785 4382 relicto
1815 4330 2048 4393 semine,
2080 4336 2136 4384 et

537 4402 758 4471 reliquit
788 4415 1009 4454 uxorem
1040 4414 1193 4453 suam
1213 4398 1363 4471 fratri
1395 4413 1514 4453 suo.
1545 4397 1808 4471 Similiter
1826 4408 1893 4471 et
1936 4413 2133 4455 secun-

530 4469 742 4540 dus,_et
772 4472 985 4535 tertius,
1012 4484 1188 4539 usque
1235 4469 1302 4524 ad
1351 4471 1663 4537 septimum.
1706 4469 2006 4525 Novissima
2035 4486 2131 4525 au-

531 4539 646 4599 tem
668 4542 911 4599 omnium
936 4541 1206 4596 etniulier
1232 4539 1485 4597 defuncta
1517 4552 1620 4595 est.
1648 4541 1702 4596 In
1734 4542 2132 4597 resurrectione

528 4630 662 4687 ergo
698 4611 1060 4687 cujus‘eritde
1088 4621 1292 4687 septem
1326 4614 1500 4687 uxan
1526 4613 1887 4687 omneseniiu
1931 4612 2133 4687 habue-

528 4682 655 4742 runt
680 4682 823 4742 eam.
850 4682 1210 4754 Respondens
1236 4691 1418 4737 autem
1465 4683 1645 4748 Jesus,
1688 4686 1761 4737 ait
1794 4684 1933 4739 illis:
1968 4684 2134 4738 Erra-

527 4759 620 4824 tis,
666 4757 975 4813 nescientes
1027 4755 1355 4824 Scripturas,
1408 4770 1585 4826 neque
1616 4757 1869 4811 virtutem
1922 4756 2037 4809 Dei.
2073 4756 2127 4810 In

525 4830 934 4885 resurrectione
959 4828 1106 4882 enim
1136 4842 1312 4898 neque
1340 4828 1568 4896 nubent,
1600 4841 1779 4898 neque
1808 4827 2083 4882 nubentur
2111 4844 2125 4880 :

527 4899 624 4955 sed
644 4909 774 4956 sunt
813 4899 959 4956 sicut
999 4898 1174 4969 angeli
1204 4898 1299 4953 Dei
1331 4899 1385 4953 in
1416 4900 1585 4953 'cmlo.
1623 4899 1699 4953 De
1722 4899 2129 4954 resurrectione

528 4982 710 5026 autem
742 4968 1089 5027 mortuorum
1103 4984 1210 5024 non
1236 4968 1442 5039 legistis
1462 4970 1605 5038 quod
1626 4969 1831 5025 dictum
1853 4980 1939 5025 est
1960 4986 1990 5039 a
2020 4969 2136 5024 Deo

530 5039 745 5098 dicente
764 5044 917 5098 vobis
937 5060 950 5095 :
968 5042 1082 5108 Ego
1102 5055 1222 5097 sum
1246 5038 1389 5097 Deus
1410 5041 1709 5107 Abraham,
1730 5041 1932 5097 etDeus
1958 5038 2131 5107 Isaac,

531 5119 588 5166 et
618 5112 762 5167 Deus
786 5112 1123 5169 JacobiNon
1153 5120 1238 5169 est
1266 5113 1407 5169 Deus
1426 5121 1787 5179 mortuorum,
1815 5113 1836 5145 ³
1862 5112 1959 5168 sed
1980 5113 2131 5167 vivo-

532 5196 673 5256 rum.
692 5183 761 5256 Et
775 5183 1079 5256 audientest
1103 5186 1270 5256 urbae
1293 5183 1630 5239 mirabantur
1650 5184 1705 5240 in
1725 5184 1974 5241 doctrina
1989 5184 2130 5256 ejus.

601 5253 883 5311 Pharisaei
910 5265 1089 5312 autem
1117 5255 1405 5313 audientes

2653 361 2886 422 CODEX
2923 362 3367 424 VERONENSIS.

2227 457 2336 513 illis
2356 455 2553 513 Iesus:
3070 466 3127 513 et
3157 456 3344 513 mulier

2228 527 2457 584 Reddite
2476 542 2613 597 quae
3070 527 3319 583 defuncta
3343 537 3431 584 est.

2228 608 2356 654 sunt
2394 598 2643 656 Caesaris
2657 641 2676 665 ,
3069 598 3165 654 28.
3187 599 3243 656 in
3269 603 3556 659 ressurectio-

2227 670 2467 734 Caesari.
2494 680 2550 727 et
2577 685 2717 742 quae
3071 684 3143 725 ne
3169 681 3345 727 autem

2227 753 2358 797 sunt
2386 743 2503 809 Dei,
3070 742 3229 811 cujus
3253 743 3353 798 erit

2227 811 2319 866 22.
2365 813 2495 869 Deo.
2528 813 2597 867 Et
2632 812 2709 868 illi
3071 815 3243 868 uxor?
3268 829 3354 869 se-

2229 884 2515 940 audientes
2548 885 2725 940 mirati
3070 894 3218 954 ptem
3260 886 3395 941 enim

2228 964 2376 1023 sunt,
2406 964 2461 1011 et
2487 956 2617 1011 reli-
3068 970 3192 1011 eam
3221 957 3515 1013 habuerunt.

2230 1037 2321 1083 cto
2338 1042 2405 1099 eo
2430 1026 2699 1099 abierunt.
3066 1027 3161 1099 29.
3180 1028 3520 1099 Respondeas.

2230 1099 2324 1154 23.
2362 1098 2420 1153 In
2451 1098 2542 1153 illa
2564 1098 2653 1155 die
3070 1098 3232 1155 Jesus
3252 1140 3267 1164 ,
3294 1098 3367 1155 ait

2231 1179 2580 1225 accesserunt
3072 1170 3217 1225 illis:
3250 1171 3441 1227 Erratis
3455 1214 3468 1237 ,

2232 1241 2300 1297 ad
2326 1256 2450 1297 eum
2483 1241 2620 1297 Sad-
3072 1242 3379 1299 nescientes
3412 1244 3527 1299 Scri-

2233 1311 2445 1385 ducaei,
2486 1312 2576 1381 qui
3072 1322 3262 1383 pturas
3276 1354 3291 1378 ,
3315 1328 3474 1385 neque

2234 1383 2418 1439 dicunt
2448 1398 2555 1439 non
3073 1385 3332 1441 virtutem

2233 1470 2357 1511 esse
2377 1470 2621 1512 resurre-
3071 1455 3165 1512 30.
3206 1456 3320 1512 Dei.
3349 1456 3404 1512 In
3430 1471 3499 1514 re-

2233 1528 2489 1592 ctionem;
2516 1535 2572 1582 et
3074 1529 3411 1584 surrectione

2235 1599 2709 1669 interrogaverunt
3072 1607 3255 1654 autem
3284 1614 3451 1669 neque

2234 1685 2359 1726 eum
2386 1669 2628 1725 dicentes
2662 1688 2675 1725 :

2234 1742 2510 1813 Magister,
2538 1741 2750 1813 Moyses

2232 1812 2371 1869 dixit
2396 1830 2411 1870 :
2440 1812 2497 1869 Si
2526 1812 2650 1882 quis

2234 1893 2481 1940 mortuus
2512 1885 2627 1939 fue-

2233 1956 2302 2011 rit
2333 1971 2442 2011 non
2474 1955 2681 2011 habens

3073 1669 3285 1724 nubunt
3303 1712 3319 1736 ,
3352 1686 3508 1740 neque

3071 1755 3274 1798 uxores
3300 1742 3515 1797 ducunt:

3071 1811 3167 1867 sed
3192 1822 3319 1867 sunt
3342 1813 3474 1867 sicut

3075 1882 3358 2011 iﬁ’é'éif."
3396 1883 3436 1954 ’τ

3075 1956 3131 2009 in
3161 1956 3333 2012 caelo.

2234 2026 2438 2082 tilium:
2467 2037 2528 2083 ut
2549 2025 2647 2081 du-
3077 2026 3167 2083 51.
3205 2027 3280 2083 De
3310 2038 3528 2083 resurre-

2235 2106 2323 2153 cat
2351 2098 2519 2155 frater
3077 2098 3261 2153 ctione
3288 2108 3459 2155 autem

2234 2170 2355 2240 ejus
2383 2184 2607 2227 uxorem
3075 2179 3410 2226 mortuorum

2232 2241 2385 2325 illius
2394 2283 2409 2307 ,
2438 2252 2494 2299 et
2520 2256 2611 2297 su-
3078 2255 3186 2323 non
3209 2241 3413 2325 legistis

2231 2314 2394 2370 scitet
2418 2328 2607 2369 semen
3071 2313 3195 2381 quia
3225 2312 3424 2369 dictum

2230 2384 2383 2440 fratri
2410 2400 2531 2440 suo.
3071 2392 3157 2437 est
3183 2398 3214 2438 a
3248 2384 3359 2441 Deo

2230 2456 2323 2511 25.
2348 2456 2516 2512 Erant
2537 2465 2716 2513 autem
3074 2453 3290 2511 dicente
3318 2472 3408 2512 vo-

2232 2536 2365 2598 aput
2391 2544 2492 2600 nos
3072 2525 3165 2600 ξε.
3193 2527 3310 2583 bis:
3340 2526 3449 2600 Ego

2231 2595 2438 2671 séptem
2468 2598 2696 2664 fratres;
3072 2595 3219 2671 Deus

2232 2668 2550 2740 et'primus,
3071 2668 3345 2740 Abraham
3368 2713 3382 2738 ,
3412 2681 3463 2729 et

2234 2739 2403 2799 uxore
2429 2742 2590 2799 ducta
2612 2784 2627 2807 ,
3071 2739 3216 2797 Deus
3253 2742 3367 2798 lsac
3384 2785 3401 2811 ,

2231 2812 2516 2870 defunctus
2544 2824 2631 2870 est
3069 2822 3125 2867 et
3146 2813 3289 2869 Deus
3312 2812 3503 2869 Jacob?

2232 2898 2421 2941 semen
2456 2901 2563 2942 non
3074 2884 3167 2939 '53.
3194 2884 3313 2941 Non
3338 2894 3421 2942 est

2233 2955 2471 3024 habens,
2499 2953 2728 3027 reliquid
3076 2956 3219 3011 Deus

2232 3042 2457 3083 uxorem
2488 3043 2641 3083 suam
3074 3035 3409 3086 mortuorum
3419 3072 3433 3095 ,

2230 3097 2387 3153 fratri
2416 3112 2537 3153 suo.
3072 3097 3169 3153 sed
3198 3101 3503 3157 viventium.

2230 3168 2325 3226 26.
2353 3170 2614 3226 Similiter
2635 3183 2720 3225 se-
3076 3168 3145 3224 Et
3173 3185 3299 3227 cum

2233 3241 2443 3296 cundus
2456 3282 2471 3308 ,
2503 3251 2557 3298 et
3070 3241 3325 3298 audirent

3074 3312 3265 3369 turbae
3292 3313 3599 3369 mirabantur

3071 3384 3544 3469 ﬁttpe‘rdoctrinam
3570 3384 3669 3458 ejs's.

3069 3455 3163 3511 54.
3203 3456 3474 3513 Pharisaei
3496 3472 3583 3511 au-

3076 3538 3185 3583 tem
3213 3529 3492 3585 audientes

2703 3659 2937 3719 (IODEX
2975 3661 3368 3720 BRIXIANUS.

2236 3758 2415 3813 .lesus.
2441 3757 2671 3813 Reddite
2700 3773 2830 3828 ergo
2852 3773 2991 3824 quae
3016 3766 3141 3812 sunt
3168 3757 3439 3814 Caesaris.
3480 3755 3671 3813 Caesari.
3704 3759 3730 3804 εί

2236 3845 2376 3900 quae
2398 3839 2525 3884 sunt
2554 3830 2666 3883 Dei.
2695 3829 2826 3884 Deo.
2856 3830 2923 3884 Et
2958 3830 3242 3885 audientes
3306 3831 3480 3884 mirati
3507 3839 3613 3884 sunt
3635 3832 3730 3900 ψεῖ

2236 3892 2364 3957 licto
2386 3916 2471 3955 eo.
2501 3901 2770 3955 abierunt.
2786 3901 2842 3955 lu
2866 3901 2953 3955 illa
2977 3901 3437 3957 die.accessernnt
3461 3900 3523 3956 ad
3542 3914 3640 3956 eum
3661 3892 3729 3949 Sad-

2234 3974 2424 4027 ducaei
2444 3972 2533 4042 qui
2553 3973 2740 4027 dicunt
2766 3987 2871 4027 non
2896 3987 3020 4027 esse
3048 3972 3524 4028 resurrectionem.
3565 3981 3610 4024 et
3639 3970 3730 4039 inti:

2236 4051 2565 4115 rogaverunt
2591 4060 2714 4115 eum
2737 4044 3009 4115 dicentes.
3036 4044 3306 4113 Magister.
3352 4044 3555 4115 Moyses
3579 4042 3683 4115 dixit
3702 4044 3729 4087 si

2236 4110 2358 4183 quis
2381 4124 2628 4170 mortuus
2658 4114 2845 4170 fuerit.
2866 4131 2973 4170 non
2999 4110 3208 4170 habens
3232 4116 3372 4170 titius
3402 4110 3461 4169 ut
3484 4110 3728 4169 ducattratcr

2238 4185 2357 4259 ejus
2402 4201 2629 4242 uxorem
2682 4186 2849 4241 illius.
2898 4196 2954 4241 et
3001 4187 3227 4241 suscitet
3266 4202 3457 4259 semen
3500 4184 3628 4240 fratri
3654 4190 3726 4259 sua

2238 4258 2407 4312 Erant
2447 4267 2631 4313 autem
2673 4267 2803 4327 aput
2843 4272 2961 4313 nos.
3005 4268 3212 4327 septem
3258 4258 3473 4312 fratres.
3518 4266 3568 4311 et
3607 4258 3728 4322 pritlllli

2237 4344 2409 4384 uxore
2459 4329 2641 4384 ducta.
2690 4328 2980 4385 defunctus
3024 4338 3109 4383 est
3152 4337 3209 4383 et
3246 4344 3355 4383 non
3397 4328 3590 4384 habens
3618 4334 3726 4379 sentt”

2238 4400 2455 4469 reliquit
2486 4415 2713 4456 uxorem
2746 4415 2898 4455 suam
2932 4400 3081 4455 fratri
3112 4415 3231 4454 suo.
3260 4400 3522 4456 Similiter
3547 4408 3679 4469 autem
3702 4400 3728 4439 εί

2238 4472 2527 4527 secundus.
2572 4483 2627 4526 et
2658 4472 2848 4527 tertius
2879 4486 3048 4542 usque
3077 4471 3143 4525 ad
3175 4468 3729 4542 seplillluthOt‘issiﬂﬂﬁ

2235 4550 2419 4597 autem
2460 4544 2703 4597 omnium
2735 4552 2793 4598 et
2822 4541 3017 4598 mulier
3042 4542 3297 4597 defuncta
3324 4550 3427 4597 est.
3468 4541 3523 4596 In
3549 4547 3731 4608 resurrt'f'

2237 4617 2383 4687 tione
2412 4630 2565 4686 ergo.
2596 4615 2756 4682 cujus
2778 4614 2851 4687 de
2880 4623 3109 4687 septem.
3144 4616 3250 4669 erit
3282 4630 3417 4687 uxor
3454 4626 3625 4687 omnes
3651 4620 3730 4687 ᾳξξιιθ

2238 4676 2544 4742 habuerunt
2581 4676 2723 4741 eam.
2775 4676 3131 4754 Respondens
3168 4696 3349 4740 autem
3389 4684 3541 4739 .Iesus
3576 4680 3637 4737 ait
3662 4676 3729 4754 illi»

2239 4754 2449 4811 Erratis
2493 4758 2803 4813 nescientes
2840 4750 3169 4812 Séribturas.
3212 4771 3392 4825 neque
3422 4758 3644 4809 virtutem
3664 4750 3730 4825 Del-

2236 4826 2294 4881 In
2326 4830 2730 4885 resurrectione
2757 4828 2924 4884 enim.
2960 4843 3135 4899 neque
3160 4820 3366 4899 nubent
3409 4841 3577 4895 neque
3611 4820 3731 4899 nuliﬂ'j

2243 4908 2350 4972 tur.
2384 4900 2480 4955 sed
2511 4910 2637 4953 sunt
2666 4902 2807 4955 sicut
2844 4898 3024 4969 angeli
3054 4900 3107 4954 in
3136 4900 3305 4972 caelo.
3334 4898 3410 4972 De
3435 4898 3730 4972 resurretlitnt

2244 4967 2425 5026 autem
2475 4982 2814 5026 mortuorum
2857 4967 2963 5025 non
3005 4970 3210 5041 legistis
3247 4968 3391 5041 quod
3431 4967 3619 5041 dictum
3647 4967 3731 5041 ξιξ

2244 5041 2355 5113 Deo
2384 5042 2599 5097 dicente
2627 5043 2802 5113 vobis.
2836 5042 2950 5113 Ego
2978 5032 3098 5097 sum
3128 5032 3282 5096 Deus'
3299 5038 3566 5094 Abraham
3595 5032 3731 5113 etM

2239 5111 2390 5169 Isaac
2408 5124 2465 5187 et
2480 5114 2622 5187 Deus
2643 5112 2813 5169 Jacob
2824 5106 2941 5187 Non
2964 5114 3199 5187 estDeus
3221 5120 3551 5187 mortuorum
3571 5106 3733 5187 sedili?

2240 5199 2381 5239 runt.
2402 5184 2760 5241 Etaudientes
2788 5184 2979 5240 turbae
2990 5183 3395 5240 mirabanturin
3414 5179 3642 5237 doctrina
3658 5179 3733 5241 εΙυξ·

2312 5256 2590 5312 Pharisaei
2611 5266 2795 5313 autem
2819 5256 3105 5312 audientes

2232 3314 2427 3368 tertius
2443 3352 2459 3377 ,
2490 3326 2662 3382 usque

2231 3383 2301 3437 ad
2327 3384 2640 3439 septimum.

2230 3453 2326 3508 27.
2356 3453 2659 3511 Novissime

2233 3536 2414 3583 autem
2436 3528 2677 3583 omnium

1104 5416 1105 5419 η
1212 5367 1609 5428 VARIANTES
1647 5368 2033 5431 LECTIONES
2056 5369 2323 5429 CODlClS
2358 5369 2471 5427 MS.
2512 5369 2572 5427 S.
2612 5368 3124 5429 GERMANENSIS.

591 5480 616 5576 ζ
910 5552 1078 5608 usque,
1107 5544 1197 5595 sed
1221 5555 1367 5600 erunt
1391 5548 1521 5600 sicut

2307 5487 2329 5519 ³
2357 5486 2451 5537 sed
2473 5484 2613 5538 Deus
2632 5486 2920 5539 viventium.

1847 5652 2217 5714 BLANCHINI
2255 5653 2485 5712 NOTAE.

611 5765 690 5841 (α)
719 5766 849 5826 I’ost
874 5766 1059 5842 Angeli
1088 5768 1245 5829 deest
1268 5770 1397 5842 Dei,
1429 5774 1591 5832 etiam
1622 5776 1675 5832 in
1703 5774 1828 5833 cod.
1854 5775 2010 5832 Cant.
