3894 6336
857 348 1091 408 CODEX
1130 349 1672 406 VERCELLENSIS.

1300 441 1353 497 9.
1397 443 1467 498 Et
1488 451 1698 513 patrem
1726 457 1824 498 no-

468 557 484 574 .
567 561 579 574 .
661 559 674 572 .
756 556 770 570 .
851 551 867 567 .
946 553 959 567 .
1039 551 1053 566 .
1136 555 1220 568 ..
1301 513 1613 570 litevocare

468 629 485 646 .
566 630 578 643 .
659 629 675 644 .
754 628 768 641 .
849 628 862 642 .
943 625 958 640 .
1040 627 1054 642 .
1136 623 1229 642 ..
1298 587 1643 656 vobissuper

463 703 480 718 .
530 706 539 716 .
581 677 648 717 e:
679 658 867 715 dicunt
905 696 922 713 .
964 697 979 713 .
1026 697 1041 713 .
1301 667 1539 714 terram:
1567 671 1704 712 unus

462 735 573 790 nim
585 775 598 798 ,
627 742 680 788 et
706 746 811 786 non
1299 730 1442 785 enim
1473 741 1555 785 est
1577 730 1676 784 Pa-

461 807 514 861 4.
559 805 784 859 faciunt.
814 799 951 857 Alli-
1301 811 1383 856 ter
1404 811 1586 856 vester
1611 843 1626 863 .

459 885 589 947 gant
615 885 794 930 autem
1298 874 1466 947 quiin
1497 873 1665 947 caelis

457 943 621 1003 onera
650 962 772 1016 gra-
1119 1001 1132 1011 .
1299 943 1388 999 10.
1431 957 1533 1001 est.
1568 943 1677 1000 Nec
1705 957 1864 1001 voce—

455 1021 568 1086 via,
596 1029 650 1075 et
672 1020 828 1087 inpo—
1296 1016 1429 1070 mini
1471 1017 1668 1086 magis;

1299 1088 1362 1141 tri
1390 1104 1404 1152 ;
1435 1091 1556 1158 quia
1588 1087 1778 1158 Magis-

453 1101 592 1146 nttnt
620 1094 670 1144 in
703 1090 801 1144 htt-

453 1177 640 1218 meros
673 1160 849 1217 homi—
1294 1159 1464 1229 gister
1503 1170 1684 1214 vester
1698 1201 1713 1224 ,

452 1250 580 1289 num
612 1253 624 1287 :
656 1233 828 1303 digito
1294 1239 1380 1303 est
1401 1229 1674 1286 Christus.

452 1315 635 1361 autem
664 1301 766 1360 suo
1297 1301 1382 1356 11.
1425 1303 1527 1370 Qui
1561 1303 1673 1358 vult
1696 1317 1811 1358 ma-

452 1378 648 1432 nolunt
669 1392 733 1432 ea
1290 1373 1382 1443 jor
1412 1374 1464 1428 in
1495 1374 1650 1430 vobis

450 1450 495 1504 5
549 1462 788 1503 movere.
822 1446 967 1518 Ope—
1300 1486 1372 1518 .7.
1423 1486 1434 1498 .
1480 1486 1493 1500 .
1661 1484 1673 1497 .
1721 1488 1733 1499 .
1777 1458 1898 1500 ves-

447 1536 508 1575 ra
539 1536 668 1575 vero
691 1535 786 1574 sua
875 1516 889 1518 “
1294 1517 1384 1571 12.
1427 1527 1530 1572 ter.
1563 1516 1666 1584 Qui
1695 1528 1877 1573 autem

446 1591 654 1649 faciunt
685 1601 743 1646 ut
1293 1604 1353 1644 se
1384 1589 1660 1644 exaltave-

451 1663 746 1719 videantur
1291 1674 1319 1714 ι·
1360 1700 1373 1714 .
1423 1699 1436 1713 .
1482 1701 1495 1714 .
1551 1699 1565 1712 .
1614 1699 1626 1714 .
1674 1700 1688 1714 .
1733 1701 1747 1716 .
1797 1698 1811 1714 .

1289 1731 1435 1802 bitur
1464 1749 1476 1784 :
1508 1741 1562 1787 et
1593 1733 1683 1802 qui
1706 1747 1765 1789 se

1286 1801 1598 1858 humiliave-

1283 1875 1384 1942 rit,
1419 1875 1682 1930 exaltabi-

1287 1947 1373 2002 15.
1420 1955 1524 2000 tur.
1562 1947 1674 2002 Vae
1696 1962 1790 2003 au—

1282 2025 1391 2073 tem
1416 2018 1572 2072 vobis
1596 2018 1743 2074 Seri-

1279 2089 1378 2145 bae
1399 2100 1453 2145 et
1476 2090 1635 2144 Phari
1679 2131 1691 2143 .
1739 2127 1752 2144 .
1798 2128 1814 2144 .

445 1736 516 1790 ab
547 1732 783 1790 homini-

443 1807 546 1862 bus
579 1825 593 1861 :
624 1807 853 1861 dilatant

439 1880 587 1935 enim
620 1878 826 1933 filacte—

437 1951 519 2004 ria
547 1966 666 2016 sua,
695 1957 750 2004 et
775 1963 924 2019 mag-

437 2021 666 2076 niﬁcant
688 2019 804 2075 ﬁm-

441 2091 496 2148 6.
537 2092 707 2148 brias.
739 2089 940 2146 Amant

437 2176 620 2220 autem
651 2164 761 2235 pri-
1284 2201 1296 2213 .
1343 2200 1356 2213 .
1403 2199 1418 2214 .
1467 2202 1479 2213 .
1523 2162 1728 2233 hypocr
1757 2201 1772 2217 .
1825 2207 1834 2216 .

433 2250 556 2291 mos
578 2235 812 2292 discubi»
1279 2240 1389 2298 tae,
1436 2272 1449 2286 .
1498 2274 1511 2286 .
1559 2273 1572 2287 .
1619 2273 1631 2285 .
1680 2275 1692 2288 .
1742 2273 1755 2287 .
1997 2260 2021 2272 ν

435 2316 520 2362 tos
558 2309 609 2362 in
642 2307 826 2362 convi-
1279 2303 1406 2359 ditis
1450 2346 1460 2358 .
1511 2348 1524 2361 .
1571 2346 1585 2359 .
1631 2344 1646 2360 .
1693 2346 1705 2358 .
1756 2345 1769 2360 .

432 2378 559 2440 viis.
593 2391 648 2434 et
671 2378 875 2448 primas
1278 2389 1377 2431 cae
1423 2417 1436 2430 .
1484 2417 1496 2430 .
1545 2416 1556 2429 .
1603 2417 1618 2431 .
1664 2418 1676 2430 .
1722 2416 1735 2431 .

432 2451 723 2505 oatbedras
1276 2457 1402 2502 ante
1437 2450 1507 2502 ho

436 2521 493 2576 in
523 2520 812 2592 synagogis
839 2562 854 2585 ,
1279 2533 1374 2573 nes
1417 2559 1429 2592 .
1477 2558 1489 2571 .

889 2621 896 2626 -
1280 2559 1388 2644 n33
1415 2591 1586 2644 intra-

431 2679 533 2720 nes
559 2667 614 2719 in
646 2663 783 2729 foro,
821 2672 878 2720 et

424 2738 612 2791 vocari
643 2736 712 2790 ab
737 2735 835 2790 ho—

426 2808 665 2863 minibus
695 2807 839 2862 Rab-

426 2877 481 2934 8.
526 2881 599 2934 bi.
638 2879 742 2933 Vos
771 2887 957 2935 autem
988 2892 1086 2934 n0-

420 2950 520 3006 lite
550 2952 737 3006 vocari

430 3021 624 3078 Rabbi.
657 3022 808 3078 Unus

426 3094 572 3149 enim
611 3104 697 3148 est
726 3094 835 3148 Ma-

424 3164 598 3234 gister
624 3176 806 3220 vester
828 3207 843 3232 ,

425 3251 620 3292 omnes
651 3236 802 3292 enim

426 3322 526 3362 vos
548 3307 746 3364 fratres

431 3381 586 3436 estis.

1276 2661 1346 2716 tis
1365 2704 1378 2727 ,
1411 2677 1510 2716 nec
1542 2661 1716 2717 intro-

1275 2743 1470 2788 euntes
1497 2732 1633 2787 sini-

1278 2803 1345 2858 tis
1383 2805 1609 2860 intrare.

1270 2875 1356 2930 15.
1400 2875 1514 2931 Vae
1538 2877 1689 2932 vobis
1714 2875 1864 2932 Scri-

1264 2949 1364 3002 bae
1387 2957 1441 3003 et
1467 2948 1742 3004 Pharisaei

1265 3019 1618 3102 hypocritae:

1267 3108 1393 3160 quta
1425 3105 1625 3145 eircut-

1271 3162 1342 3216 tis
1371 3177 1521 3218 mare
1554 3173 1608 3217 et
1637 3177 1696 3216 a—

1272 3233 1413 3315 rida,
1447 3245 1502 3287 ut
1530 3233 1694 3289 faeci-

1273 3315 1376 3358 atts
1406 3321 1576 3360 unum

1274 3377 1614 3448 proselytum
1647 3394 1661 3430 :

859 3489 1096 3551 CODEX
1132 3489 1603 3548 CORBEIENSIS.

424 3604 593 3658 Opera
645 3602 776 3644 vero
823 3601 1018 3642 eorum
1072 3584 1237 3639 nolite
1270 3585 1448 3639 facere
1483 3601 1496 3638 :
1529 3583 1716 3638 dicunt
1746 3581 1896 3658 enim
1929 3625 1942 3646 ,
1980 3593 2036 3638 et

428 3654 536 3716 non
568 3660 785 3715 faciunt.
818 3659 1054 3726 Alligant
1082 3667 1261 3711 autem
1293 3670 1461 3709 onera
1498 3658 1704 3726 gravia.
1749 3665 1803 3708 et
1829 3654 2039 3723 impor—

431 3732 642 3797 tabilia,
694 3741 747 3786 et
799 3730 1086 3799 imponunt
1137 3730 1186 3781 in
1223 3729 1480 3782 humeros
1510 3727 1790 3780 hominum
1821 3744 1834 3778 :
1864 3726 2038 3796 digito

427 3813 609 3859 autent
639 3819 736 3858 suo
765 3804 961 3857 uolunt
991 3816 1050 3855 ea
1087 3814 1328 3854 movere.
1357 3799 1551 3853 Omnia
1579 3813 1710 3852 vero
1740 3812 1905 3867 Opera
1936 3813 2034 3852 sua

433 3877 639 3931 faciunt
691 3883 747 3928 ut
795 3874 1078 3929 vidcantur
1127 3873 1194 3924 ab
1244 3870 1593 3924 hominibus:
1627 3870 1858 3923 dilatant
1889 3870 2033 3924 enim

430 3947 762 4019 phylacteria
789 3963 908 4010 sua,
941 3952 995 4019 et
1032 3942 1383 4019 inagniticant
1410 3941 1670 4019 litt‘tbrias.
1707 3944 1904 4019 Amant
1926 3958 2036 4019 _au-

431 4012 538 4074 tem
574 4020 775 4088 primos
807 4017 1084 4073 recubitus
1118 4012 1168 4068 tn
1190 4016 1405 4088 coenis,
1436 4016 1720 4088 et_primas
1746 4012 2035 4088 cathedras

430 4091 486 4146 in
526 4084 844 4160 svuagogis,
879 4098 934 4160 et
958 4159 962 4160 ν
985 4087 1341 4160 salutationes
1385 4087 1437 4138 in
1463 4084 1626 4160 __foro,
1660 4094 1714 4138 et
1750 4086 1932 4160 vocari
1955 4085 2033 4160 ab

434 4156 758 4217 hominibus
800 4159 988 4213 liabbi.
1035 4157 1141 4210 Vos
1173 4169 1353 4211 autem
1386 4158 1554 4210 nolite
1599 4157 1781 4210 vocari
1836 4156 2027 4209 ltabbi.

439 4233 587 4289 Unus
645 4234 790 4286 enim
867 4240 952 4283 est
1007 4229 1260 4298 Magister
1323 4237 1544 4286 vester.
1601 4243 1790 4281 omnes
1847 4235 2028 4281 autem

439 4320 534 4359 vos
562 4302 755 4357 fratres
782 4303 934 4357 estis.
970 4300 1036 4354 Et
1080 4309 1284 4368 patrem
1324 4299 1490 4353 nolite
1521 4315 1713 4353 vocare
1745 4298 1899 4353 vobis
1941 4315 2032 4350 su-

433 4393 532 4446 per
559 4386 754 4446 terram
787 4393 798 4425 :
836 4389 971 4426 tttttts
1000 4379 1083 4446 est
1111 4370 1255 4425 enim
1301 4372 1454 4446 Pater
1485 4379 1682 4446 ve~_tt_2r,
1708 4371 1799 4440 qui
1831 4373 1880 4423 in
1907 4386 2034 4425 coe—

433 4442 502 4504 lis
534 4454 637 4502 est.
676 4444 785 4500 Nec
815 4445 1079 4499 voceuiui
1110 4445 1349 4512 magistri
1379 4459 1391 4495 :
1423 4444 1545 4510 quia
1578 4442 1828 4511 Magister
1855 4452 2034 4498 vester

435 4537 574 4575 unus
598 4528 703 4584 est,
727 4517 998 4571 Christus.
1033 4515 1134 4581 Qui
1175 4514 1345 4582 tttajul‘
1390 4523 1471 4567 est
1499 4523 1761 4574 vestrum.
1791 4516 1895 4568 erit
1928 4516 2026 4567 mi~

433 4593 606 4648 nister
631 4601 828 4644 vester.
855 4587 953 4653 Qui
984 4599 1162 4640 autem
1187 4601 1247 4640 se
1270 4586 1610 4648 exaltaverit,
1632 4586 2031 4640 humiliabitur:

431 4675 487 4720 et
511 4665 598 4733 qui
625 4679 685 4718 sc
718 4659 1107 4733 lnnniliaverit,
1138 4656 1627 4733 exaltalnttir._vae
1670 4669 1847 4733 autem
1886 4657 2041 4711 vobis

437 4728 660 4792 Scribae
681 4741 736 4789 et
759 4729 1034 4786 Pharisaei
1065 4728 1403 4798 hypocritae,
1423 4729 1514 4797 qui
1543 4729 1794 4781 clauilitis
1815 4743 2039 4798 regnum

437 4809 713 4860 coeloruut
739 4815 863 4859 ante
898 4803 1166 4857 homines.
1191 4798 1298 4854 Vos
1330 4809 1508 4852 autem
1539 4814 1644 4852 noa
1674 4799 1905 4864 intratis,
1941 4813 2041 4854 ttcc

437 4878 776 4932 introéuutes
826 4875 1004 4930 sinitis
1038 4874 1261 4925 intrare.
1291 4869 1448 4924 “Vae
1500 4869 1653 4924 vobis
1712 4869 1937 4926 Scribae
1986 4877 2043 4924 et

441 4949 719 5004 Pharisaei
753 4951 1088 5017 hypocrnae;
1124 4943 1247 5010 quia
1275 4941 1519 4996 circuitis
1554 4957 1703 4997 mare
1728 4952 1782 4997 et
1807 4943 2043 5007 aridam,

443 5030 503 5074 ut
539 5018 750 5074 faciatis
784 5036 946 5074 unum
983 5017 1320 5088 proselytum
1352 5031 1365 5069 :

967 242 974 262 ‘
1005 232 1279 294 EUSEBII
1313 231 1652 292 VERCELL.
1699 227 2152 292 EVANGELIUM
2191 231 2333 292 CUM
2372 231 2603 292 VARUS
2639 231 2795 292 COD.
2835 231 3228 295 COLLATUM.

3604 241 3690 302 500

2596 349 2827 408 CODEX
2869 348 3310 409 VEBONENSIS.

3007 455 3208 512 vester,
3243 447 3330 517 qui

3006 517 3060 572 in
3093 519 3253 573 caelis
3279 525 3376 572 est.

3004 591 3094 645 10.
3138 589 3244 646 Nec
3279 589 3523 646 vocemini

3004 662 3246 731 magistri
3271 678 3284 714 :
3324 661 3441 732 quia

3003 732 3254 802 Magister
3279 741 3472 800 vester,

3006 820 3147 860 unus
3173 804 3434 860 Christus.

3008 877 3096 931 H.
3139 876 3237 942 Qui
3265 876 3428 944 major
3451 884 3527 931 est

3009 957 3268 1014 vestrum,
3299 947 3400 1003 erit
3427 956 3587 1004 vester

3009 1020 3274 1074 minister.

3007 1090 3094 1146 12.
3139 1091 3237 1159 Qui
3263 1098 3437 1146 autem
3462 1106 3515 1148 se

3004 1161 3341 1226 exaltaberit,

3006 1233 3413 1290 humiliabitur:

3005 1315 3058 1361 et
3084 1307 3173 1376 qui
3203 1320 3263 1360 se
3289 1304 3384 1360 hu-

3006 1377 3324 1440 miliabitur,

3005 1449 3351 1504 exaltabitur.

3008 1520 3098 1575 15.
3144 1519 3257 1575 Vae
3281 1529 3452 1575 autem

3004 1591 3159 1648 vobis
3189 1591 3409 1646 Scribae

3003 1671 3060 1720 et
3093 1662 3331 1718 Farisaei
3363 1662 3455 1735 hy-

3006 1735 3271 1806 pocritae,
3287 1733 3406 1804 quia

3004 1806 3224 1878 clyditis
3252 1819 3472 1876 regnum

3003 1877 3283 1933 caelorum
3314 1878 3406 1933 ho-
3493 1919 3496 1928 .

3005 1950 3266 2005 minibus.
3312 1948 3416 2004 Vos

3005 2021 3152 2076 enim
3187 2035 3296 2075 non
3329 2020 3407 2075 in-

3004 2093 3180 2160 tratis,
3215 2107 3317 2148 nec

3002 2164 3344 2220 introeuntes

3001 2235 3180 2290 sinitis
3215 2236 3433 2290 intrare.

3003 2307 3091 2362 14.
3121 2305 3232 2362 Vae
3263 2307 3408 2362 vobis
3435 2305 3568 2366 Scri-

3001 2378 3104 2435 bae
3135 2386 3194 2433 et
3227 2377 3457 2434 Farisaei

3002 2450 3324 2522 hypocritae
3350 2467 3367 2522 ;
3392 2465 3519 2521 quo-

3001 2527 3148 2576 niam
3180 2521 3463 2576 comeditis

2997 2592 3196 2647 domos
3225 2594 3522 2661 viduarum,

3000 2661 3080 2736 (ὁ)
3117 2667 3447 2720 occansione

2999 2735 3160 2806 longa
3189 2736 3233 2808 -ξ-
3258 2745 3473 2792 orantes
3497 2754 3509 2790 :

2994 2817 3248 2890 propter.
3265 2809 3366 2864 hoc

2994 2879 3286 2950 accipietis
3314 2895 3426 2935 arn-

2995 2949 3138 3020 plius
3170 2949 3461 3021 judicium.

2996 3021 3089 3078 15.
3112 3022 3228 3078 Vae
3253 3024 3405 3078 vobis
3420 3021 3620 3080 Scribae

2995 3102 3050 3148 et
3079 3093 3324 3167 Farisaei
3357 3095 3458 3167 hy-

2996 3165 3274 3248 pocritae:
3309 3165 3432 3247 quia

2994 3239 3238 3292 circuitis
3273 3245 3424 3294 mare

2995 3315 3053 3363 et
3081 3308 3316 3378 aridam,
3348 3319 3406 3365 ut

2997 3378 3209 3436 faciatis
3243 3397 3406 3438 unum
3438 3392 3553 3453 pm

2624 3492 2857 3550 CODEX
2899 3491 3302 3552 BRIXIANUS.

2150 3586 2447 3643 secundum
2514 3601 2678 3657 opera
2726 3601 2856 3642 vero
2904 3601 3134 3657 eorum.
3180 3589 3357 3644 nolite
3416 3587 3594 3642 facere.
3647 3581 3707 3636 di-

2148 3668 2279 3714 cunt
2327 3660 2501 3731 enim.
2556 3656 2798 3731 etnon”
2833 3658 3057 3712 faciunt.
3111 3656 3357 3731 Alligant
3402 3660 3533 3715 enim
3578 3667 3705 3710 onera

2185 3731 2350 3784 ravia.
2386 3741 2439 3784 et
2493 3729 2859 3794 inportabilia.
2909 3738 2965 3784 et
3005 3729 3280 3800 inponunt
3325 3734 3486 3801 super
3528 3738 3703 3783 umerus

2127 3745 2350 3858 grana.
2386 3745 2439 3784 et
2493 3745 2859 3794 inportauuta.
2909 3745 2965 3784 et
3005 3745 3280 3800 tnpOuunt
3325 3747 3486 3801 super
3528 3745 3702 3783 umerus

2189 3803 2451 3856 ominum.
2508 3802 2676 3871 digito
2721 3813 2905 3871 autem
2970 3815 3092 3856 suo.
3146 3804 3346 3858 nolunt
3393 3820 3452 3858 ea
3510 3812 3702 3871 movere.

2146 3872 2340 3928 Omnia
2365 3888 2492 3927 vero
2520 3868 2688 3941 opera
2715 3888 2810 3926 sua
2835 3870 3063 3927 faciunt.
3089 3883 3147 3928 ut
3173 3876 3466 3930 videantur
3486 3873 3547 3926 ab
3565 3868 3702 3923 homi-

2146 3946 2326 4020 nibus.
2359 3943 2589 3999 dilatant
2619 3945 2762 3998 enim
2795 3945 3130 4015 phylacteria
3162 3961 3284 4020 sua.
3317 3957 3372 4002 et
3403 3942 3705 4020 magnificam

2145 4017 2388 4092 ﬁmbrias
2409 4021 2859 4092 vestimentorum
2885 4031 3154 4092 suorum.
3181 4018 3390 4092 AAmaut
3433 4027 3596 4092 autem
3622 4017 3705 4092 prni-

2144 4105 2264 4143 mos
2326 4088 2628 4142 discubitus
2676 4087 2730 4141 in
2778 4089 2948 4142 cenis.
3008 4097 3062 4142 et
3113 4089 3318 4158 primas
3367 4087 3627 4145 cathedras
3665 4087 3705 4158 it!

2141 4159 2454 4232 synagogis.
2497 4171 2573 4232 _et
2620 4159 2985 4232 salutationes
3036 4153 3285 4214 in'foro.
3353 4172 3408 4217 et
3451 4153 3706 4232 vocat-iob

2144 4225 2454 4285 hominibus
2496 4228 2689 4284 Rabbi.
2749 4229 2858 4285 Vos
2896 4241 3080 4285 autem
3125 4233 3295 4288 nolite
3336 4231 3510 4287 vocari
3552 4225 3702 4283 Rabbi.

2145 4303 2300 4360 Unus
2342 4311 2426 4356 est
2477 4303 2623 4356 enim
2663 4302 2915 4370 Magister
2955 4315 3155 4357 vester.
3207 4320 3400 4360 omnes
3449 4314 3608 4357 autem
3632 4310 3704 4350 vos

2145 4375 2345 4429 fratres
2393 4375 2546 4429 estis.
2605 4373 2673 4427 Et
2723 4385 2953 4443 patrem.
3013 4375 3181 4430 nolite
3214 4377 3374 4432 vobis
3415 4389 3594 4430 vocare
3640 4385 3708 4422 su-

2147 4463 2247 4520 per
2275 4458 2498 4520 terram.
2539 4460 2678 4500 unus
2707 4455 2789 4499 est
2818 4445 2963 4520 enim
2998 4445 3161 4520 Pater
3194 4461 3396 4503 vester.
3423 4448 3508 4517 qui
3543 4445 3588 4497 in
3614 4454 3706 4520 cae-

2151 4515 2221 4572 lis
2267 4526 2369 4572 est.
2432 4515 2620 4584 Neque
2671 4518 2939 4571 voccmini
2996 4519 3239 4588 magistri
3292 4515 3551 4575 unus—est
3592 4515 3703 4568 enim

2149 4589 2407 4658 Magister
2435 4599 2614 4642 vester
2646 4588 2915 4642 Christus.
2977 4589 3080 4657 Qui
3115 4603 3298 4646 autem
3341 4591 3506 4659 major
3531 4596 3604 4642 est
3636 4598 3706 4637 ve—

2150 4673 2344 4715 strum.
2377 4659 2480 4716 erit
2514 4669 2695 4714 vester
2727 4661 2996 4715 minister.
3047 4660 3151 4726 Qui
3181 4673 3364 4718 autem
3398 4677 3454 4717 se
3480 4659 3704 4714 exaltare-

2149 4733 2222 4804 rit
2255 4731 2646 4804 Itumibahitur.
2680 4741 2734 4804 et
2765 4733 2854 4804 qui
2887 4745 2948 4786 se
2981 4732 3369 4788 ltumiliaverit.
3404 4729 3701 4804 exaltabitar.

2150 4803 2264 4877 Yae
2293 4811 2480 4877 autem
2505 4803 2679 4856 vobis.
2705 4802 2904 4877 Scribe
2933 4813 2986 4858 et
3016 4804 3294 4861 Pharisaei
3330 4807 3606 4877 liypor‘rite.
3633 4802 3700 4866 qui

2149 4875 2425 4930 devoratis
2453 4874 2644 4928 domos
2669 4874 2973 4928 viduarum.
3008 4877 3110 4930 sub
3132 4873 3380 4945 optentu'
3397 4873 3588 4945 prolixe
3610 4882 3704 4923 ora«

2162 4947 2344 5001 tionis,
2388 4955 2669 5013 propterea
2719 4947 2944 5000 sumetis
2983 4949 3279 5016 pluriorem
3324 4947 3699 5016 damnationem.

2161 5017 2274 5093 Yae
2303 5018 2454 5070 vobis
2485 5017 2728 5093 Scribae,
2753 5028 2807 5071 et
2838 5015 3112 5093 Pharisaei
3147 5021 3459 5093 liypocrjtae
3479 5015 3589 5093 quia
3613 5015 3700 5066 cln-

2159 5089 2297 5164 detis
2321 5104 2542 5164 regnum
2572 5091 2846 5164 caelorum
2879 5097 3004 5144 ante
3036 5088 3306 5164 homines.
3344 5091 3449 5147 Vos
3459 5088 3590 5164 enim
3615 5096 3701 5164 non

2159 5159 2374 5215 intratis
2411 5176 2586 5228 neque
2615 5162 2974 5216 introeuntes.
2992 5162 3170 5217 sinitis
3202 5165 3429 5219 intrare.
3458 5161 3562 5215 Vae
3583 5156 3701 5210 vobis

2156 5231 2734 5306 SrrihaeetPharisaei
2765 5231 3218 5306 hypocritaequia
3247 5235 3484 5292 circuitis
3511 5241 3642 5289 mare
3661 5229 3705 5281 οι

2155 5305 2383 5359 aridam.
2413 5312 2468 5359 ut
2498 5302 2706 5360 faciatis
2735 5302 2899 5360 unum
2945 5302 3306 5379 proselytum.

2169 445 2298 500 dum
2326 446 2464 501 facta

2174 532 2304 572 νοιδο
2333 531 2522 573 eorum

2167 589 2337 646 nolite
2363 589 2543 644 facere.
2568 606 2581 642 :

2167 661 2357 716 dicunt
2383 662 2526 716 enim
2553 703 2568 727 ,

2166 742 2220 786 et
2244 733 2345 800 ipsi
2371 749 2474 786 non
2499 731 2724 788 faciunt.

2166 801 2221 857 4.
2266 804 2504 876 Alligant
2531 813 2714 861 autem

2167 889 2338 930 onera
2358 876 2571 947 gravia,

2166 955 2222 1002 et
2251 946 2457 1016 pOnunt
2483 946 2539 1001 in

2166 1034 2385 1075 umeros
2409 1018 2585 1074 homi-

2167 1106 2295 1144 num
2323 1110 2335 1144 ι
2361 1092 2533 1162 digito

2168 1171 2349 1216 autem
2377 1177 2476 1218 SUO
2509 1176 2606 1216 11οο

2167 1232 2286 1288 lunt
2311 1249 2373 1290 ea
2407 1248 2648 1290 movere.

2165 1305 2217 1359 5.
2259 1305 2454 1361 Omnia
2484 1318 2616 1359 vero

2165 1391 2329 1446 opera
2360 1393 2456 1432 sua
2496 1375 2700 1431 faciunt
2740 1384 2800 1431 ut

2165 1449 2450 1503 videantur
2478 1448 2548 1502 ab

2166 1519 2478 1574 hominibus
2503 1537 2516 1572 :
2545 1517 2630 1574 di-

2166 1590 2335 1662 latant
2361 1592 2505 1646 enim
2539 1591 2622 1662 fy-

2158 1661 2380 1718 lacteria
2409 1678 2528 1729 sua,
2559 1661 2614 1718 et

2160 1734 2510 1805 magniﬁcam
2543 1734 2667 1788 lim-

2158 1805 2306 1862 brias
2328 1821 2474 1861 suas.

2161 1875 2215 1932 6.
2261 1880 2458 1932 Amant
2488 1885 2671 1933 autem

2161 1948 2238 2019 (a)
2284 1948 2513 2019 primum
2542 1963 2699 2004 recu-

2161 2021 2333 2075 bitum
2379 2020 2421 2092 -Ι-
2462 2021 2516 2077 in

2158 2093 2427 2148 conviviis
2448 2135 2463 2159 ,
2496 2101 2553 2148 et

2157 2165 2361 2235 primas
2394 2174 2543 2219 cate-

2155 2234 2283 2308 dras
2308 2235 2360 2290 in
2389 2234 2680 2308 synagogis
2699 2273 2714 2301 ,
2739 2244 2795 2290 et

2155 2307 2211 2361 7.
2254 2307 2614 2362 salutationes

2155 2379 2210 2434 in
2240 2377 2360 2433 foro
2384 2420 2398 2445 ,
2430 2387 2486 2434 et

2153 2451 2336 2504 vocari
2360 2450 2426 2505 ab

2155 2521 2474 2594 hominibus
2494 2521 2666 2577 Rabbi
2679 2563 2692 2577 .

2154 2593 2208 2650 8.
2259 2593 2364 2647 Vos
2389 2599 2569 2648 autem
2609 2606 2704 2647 no-

2155 2663 2252 2718 lite
2278 2666 2465 2720 vocari
2496 2664 2688 2720 ltabbi.

2153 2734 2307 2792 Unus
2335 2747 2415 2790 est
2439 2742 2586 2792 enim

2152 2806 2410 2878 Magister
2436 2819 2616 2864 vester
2635 2849 2650 2875 ,

2152 2893 2344 2934 omnes
2374 2888 2554 2936 autem

2154 2964 2257 3006 vos
2283 2949 2480 3007 fratres

2153 3021 2206 3077 9.
2253 3023 2404 3077 estis.
2457 3023 2523 3078 Et
2549 3036 2647 3093 pa-

2152 3100 2292 3149 trem
2326 3094 2493 3149 nolite

2151 3179 2351 3221 vocare
2383 3164 2538 3220 vobis

2153 3250 2319 3306 super
2352 3246 2553 3293 terram
2576 3254 2589 3290 :

2153 3323 2293 3363 unus
2325 3319 2414 3365 εει

2152 3381 2299 3436 enim
2328 3380 2489 3436 Pater

1770 5396 2137 5475 BLANClllNl
2174 5415 2405 5472 Now.

517 5531 542 5562 Α
574 5523 801 5578 Versum
843 5518 1108 5587 integrum
1141 5517 1193 5571 in
1221 5515 1446 5588 Vulgata
1479 5522 1665 5588 nostra
1708 5511 1898 5588 Latina
1929 5510 2033 5588 hoc

421 5599 565 5653 ‘loco
595 5595 825 5663 positum
859 5581 1291 5663 non'agnoscunt
1327 5581 1458 5642 fuss.
1489 5585 1660 5663 nostri
1687 5581 2031 5663 codices_La-

440 5669 543 5723 tini
573 5654 770 5721 halicae
801 5654 1099 5725 versionis;
1146 5660 1284 5713 sicut
1313 5674 1410 5713 nec
1439 5657 1718 5726 exemplar
1745 5654 2030 5711 Cantabri-

2142 5509 2328 5585 gicnse
2359 5550 2370 5572 ,
2410 5522 2509 5585 nec
2558 5506 2675 5585 ipse
2735 5507 3122 5585 Hieronymus.
3156 5509 3374 5585 Videsis
3412 5501 3562 5566 Ι.υῶ
3595 5485 3699 5585 Eru-

2141 5578 2324 5652 gensis
2353 5581 2626 5652 variantes
2658 5578 3186 5652 lectiones'Latinas
3225 5582 3362 5639 Novi
3412 5578 3697 5652 testamenti.

2140 5646 2195 5707 et
2223 5651 2324 5706 Th.
2355 5649 2621 5705 Maresch.
2668 5651 2952 5710 Observat.
2980 5654 3032 5709 in
3066 5669 3207 5712 vers.
3239 5646 3696 5728 Angl.Sax.p.499.

508 5778 586 5852 (a)
627 5779 701 5836 lta
728 5787 783 5836 et
813 5787 919 5836 tex.
959 5775 1054 5835 Gr.
1087 5781 1174 5837 τήν
1196 5775 1591 5851 πρωτοκλισίαν.
1617 5802 1686 5817 —-
1706 5772 1786 5846 (ὁ)
1810 5773 1887 5832 Ita
1913 5781 1968 5830 et
1991 5781 2034 5830 ιε

2149 5770 2224 5828 3r.
2249 5773 2502 5847 προφάσει
2529 5776 2727 5848 μακρᾷ.
