3894 6336
177 337 264 398 503
1105 340 1558 400 EVANGELIUM
1591 339 1745 400 SECI

1857 339 1963 398 DUM
2002 340 2436 402 MATTHIEUM.

2275 457 2509 518 CODEX
2551 459 3006 518 VERONENSIS.

526 458 760 516 CODEX
802 456 1347 518 VERCELLENSIS.

971 553 1178 624 templi.

1253 639 1280 678 s
1321 631 1584 679 ..autem
1621 636 1736 678 res-

973 739 986 751 .
1034 738 1047 750 .
1089 696 1298 751 ondens
1327 695 1410 750 di-

967 768 1046 824 xit
1072 767 1177 824 illis
1203 784 1216 821 :
1249 766 1408 823 Vide-

168 550 407 607 occidistis

169 624 287 679 inter
310 634 434 679 tem-

168 695 290 762 plum
316 706 365 750 et
389 695 519 750 alta-

167 767 242 822 56.
272 781 340 822 re.
366 769 531 824 Amen

169 839 273 894 dico
291 839 462 907 vobis,
971 841 1040 895 tis
1073 841 1205 895 haec
1235 853 1352 892 om-

165 910 355 966 venient
382 911 509 968 haec
970 911 1096 968 nia?
1125 914 1297 966 Amen
1326 910 1408 965 di-

166 982 322 1038 omnia
349 997 504 1054 super
972 997 1037 1039 co
1060 983 1212 1039 vobis
1229 1023 1243 1047 ,
1275 980 1419 1053 quod

971 1071 1080 1110 non
1107 1055 1273 1109 relin-

969 1135 1164 1196 quetur
1185 1125 1274 1180 hic

971 1195 1108 1269 lapis
1138 1212 1310 1269 super
1331 1195 1410 1250 la-

972 1267 1152 1340 pidem
1175 1311 1191 1338 ,
1225 1267 1314 1339 qui

163 1069 282 1126 gene
318 1095 330 1108 .
373 1097 384 1109 .
426 1095 439 1109 .
480 1055 561 1120 io:

164 1142 224 1180 ne
255 1167 267 1180 .
305 1166 316 1180 .
355 1128 529 1183 istam.

164 1198 243 1252 57.
279 1197 597 1258 Hierusalem
613 1243 627 1268 ,

167 1269 468 1326 Hierusalem
483 1314 501 1340 ,

161 1356 281 1412 quae
309 1343 502 1398 occidis
972 1356 1078 1398 non
1106 1341 1139 1396 d
1183 1381 1196 1396 .
1243 1379 1256 1394 .
1301 1379 1314 1394 .
1360 1347 1473 1394 tru-

191 1413 370 1469 rofetas
388 1457 402 1480 ,
434 1425 490 1470 et
970 1424 1112 1468 atur.
1642 1427 1648 1432 '

178 1484 342 1554 apidas
374 1501 468 1542 eos
967 1485 1022 1540 ὅ.
1067 1483 1208 1542 Sede
1265 1523 1278 1537 .
1324 1523 1338 1536 .
1382 1525 1394 1538 .
1443 1523 1455 1537 .
1503 1521 1517 1536 .
1561 1522 1576 1537 .
1623 1524 1634 1537 .
1681 1522 1696 1537 .

158 1557 310 1626 quiad
337 1567 385 1614 te
409 1559 536 1614 mis-
967 1565 1097 1613 tem.
1145 1599 1157 1611 .
1203 1597 1216 1611 .
1265 1598 1278 1611 .
1323 1594 1338 1610 .
1386 1596 1399 1609 .
1444 1595 1458 1610 .

156 1631 518 1700 sisunt,quo-
965 1643 1146 1700 perm
1191 1669 1204 1683 .
1251 1668 1265 1683 .
1309 1667 1324 1682 .
1369 1667 1381 1680 .
1427 1663 1440 1679 .
1488 1667 1501 1680 .

157 1701 273 1756 tiens
297 1699 418 1756 volu
455 1742 472 1758 .
518 1744 530 1757 .
965 1699 1118 1756 Olive
1159 1739 1172 1754 .
1217 1740 1230 1754 .
1276 1737 1292 1753 .
1331 1711 1482 1753 cces—

965 1781 1174 1828 serunt.
1219 1813 1233 1827 .
1278 1808 1294 1826 .
1324 1769 1358 1824 d
1387 1783 1511 1824 eum

863 1893 866 1898 .
966 1844 1173 1915 discipu
1205 1882 1230 1915 ν.
1276 1882 1290 1898 .
1335 1880 1350 1896 .
1396 1880 1410 1895 .
1453 1855 1511 1897 e-

965 1914 1215 1979 creto,d
1259 1954 1272 1967 .
1320 1955 1332 1968 .
1379 1951 1394 1966 .
1442 1953 1456 1969 .
1501 1953 1514 1966 .
1555 1926 1652 1970 en-

964 1987 1304 2043 teszDicno
1345 2026 1359 2040 .
1405 2025 1418 2038 .
1459 2000 1524 2052 s,

962 2058 1178 2130 quando
1220 2097 1236 2112 .
1280 2098 1294 2111 .
1339 2097 1352 2111 .
1394 2071 1458 2113 ec

495 1879 576 1903 .-

155 1927 430 1985 os,sicutg
472 1959 486 1972 .
533 1961 546 1973 .
593 1960 603 1974 .
649 1953 674 1962 -

156 1985 242 2041 lina
266 2003 397 2061 cong
440 2030 454 2045 .
499 2032 513 2045 .
559 2031 574 2048 .
615 2023 640 2033 -

152 2068 222 2128 gat
245 2061 409 2130 pullos
450 2101 465 2116 .
509 2101 526 2118 .
570 2104 583 2118 .
633 2095 654 2107 -

153 2127 315 2187 essub
338 2133 454 2189 alas
962 2127 1215 2188 erunt?e
1256 2169 1270 2184 .
1315 2170 1329 2183 .
1375 2168 1389 2182 .
1430 2127 1500 2184 od

156 2207 762 2284 ..uas,etnol..-
961 2203 1468 2273 signum.....

154 2288 586 2335 lS.......
963 2284 1394 2330 ventus....

154 2345 472 2420 58.7relinqu
513 2390 528 2404 .
572 2391 586 2406 .
634 2393 646 2406 .
695 2395 707 2407 .
965 2356 1021 2402 et
1047 2361 1148 2402 con
1193 2386 1208 2402 .
1252 2384 1267 2400 .
1310 2382 1326 2398 .
1369 2384 1384 2400 .
1430 2381 1444 2396 .

153 2419 549 2479 vobisdo...
966 2420 1488 2474 matio......

158 2501 306 2546 vestra
331 2493 428 2549 de-
965 2504 1127 2546 saecu
1172 2530 1186 2542 .
1231 2530 1244 2543 .
1288 2530 1301 2544 .
1350 2528 1362 2541 .
1410 2527 1423 2541 .
1471 2529 1484 2542 .

155 2573 294 2617 serta.
967 2563 1023 2617 4.
1065 2561 1134 2616 Et
1159 2558 1494 2630 respondens

966 2632 1157 2699 Jesus,
1189 2629 1325 2686 diiit
1351 2648 1364 2685 :
1393 2629 1483 2684 Vi-

967 2704 1093 2760 dete
1127 2719 1196 2759 ne
1222 2703 1342 2773 quis

969 2792 1066 2832 vos
1096 2774 1318 2831 seducat

968 2849 1079 2903 ullo
1108 2849 1291 2902 modo.

969 2919 1022 2976 5.
1055 2919 1205 2974 Multi
1226 2917 1371 2973 enim

156 2632 234 2689 39.
269 2636 395 2691 Dico
419 2646 599 2694 autem
631 2655 724 2696 vo-

157 2703 252 2773 bis,
280 2709 353 2781 (b)
374 2710 499 2780 quia
526 2711 568 2783 -ι-
591 2727 697 2768 non

157 2791 230 2832 me
266 2818 280 2831 .
320 2820 333 2833 .
379 2820 394 2835 .
439 2820 455 2835 .
496 2783 622 2838 biiis

156 2851 357 2919 amodo,
386 2851 562 2910 donec

157 2921 352 3000 dicatis:
396 2965 410 2978 .
456 2966 469 2980 .
513 2925 894 3000 nedictus,qui

159 2995 285 3050 venit
307 2996 358 3050 in
386 2998 560 3053 nomi—
770 2991 780 2996 ⁷
823 2991 836 3000 ’
971 2991 1189 3047 venient
1218 2991 1270 3045 in

156 3077 213 3120 ne
236 3067 458 3124 Domini.
968 3078 1094 3119 nom
1138 3102 1152 3117 .
1198 3103 1212 3117 .
1263 3103 1276 3115 .
1321 3103 1338 3118 .
1377 3073 1465 3127 eo,
1497 3057 1683 3114 dicen-

285 3177 512 3238 (ῙΑΡῘῙΤ
541 3181 736 3240 ΧΧΝ·
970 3145 1217 3262 δῗνξείιιέ
1243 3173 1330 3261 ξδ’
1357 3147 1675 3260 .s‘juinultos

156 3272 198 3345 l.
236 3273 298 3328 Et
317 3290 566 3345 egressus
591 3277 753 3335 Jesus
970 3279 1254 3334 seducunt.

155 3344 211 3424 de
248 3344 474 3418 templo,
503 3349 634 3405 ibat.
972 3350 1025 3406 6.
1068 3351 1366 3406 Audientes

155 3417 211 3494 iit
236 3417 579 3494 accesserunt
971 3430 1151 3479 autem
1184 3436 1343 3494 proe-

154 3487 378 3564 discipuli
409 3491 526 3562 ejus
972 3495 1074 3562 lia,
1122 3537 1131 3548 .
1180 3487 1202 3551 ξ
1239 3491 1488 3564 topinio—

153 3559 209 3612 ad
235 3559 350 3637 eum
373 3605 389 3629 ,
418 3559 478 3619 ut
505 3576 592 3619 os—
975 3559 1070 3623 nes
1101 3559 1332 3637 proelio;

157 3633 420 3690 tenderent
975 3655 1001 3692 r
1040 3679 1054 3694 .
1101 3633 1117 3692 ζ
1159 3655 1209 3694 m
1255 3679 1268 3693 .
1310 3637 1503 3693 Videte

155 3704 195 3758 ei
221 3717 542 3763 structuram
974 3727 1007 3766 n
1055 3753 1067 3765 .
1113 3752 1126 3766 .
1167 3711 1425 3767 turbemi-

569 3849 799 3907 CODEX
835 3837 1308 3908 CORBEIENSIS.

157 3941 415 3997 occidistis
443 3943 586 3997 inter
618 3945 876 4014 templum
902 3953 958 3999 et
984 3945 1174 3999 altare.
1209 3948 1377 3998 Amen
1399 3941 1521 3997 dico
1549 3941 1704 3998 vobis
1722 3985 1736 4008 ,

157 4015 357 4087 venient
389 4015 527 4087 haec
553 4017 735 4069 omnia
765 4031 927 4087 super
953 4017 1356 4087 generationem
1389 4015 1564 4087 istam.

221 4085 384 4140 XXV.
414 4085 720 4143 Jerusalem
744 4130 758 4154 ,
786 4085 1120 4152 Jerusalem,
1151 4101 1288 4157 quae
1319 4086 1335 4116 ¹
1374 4086 1576 4140 occidis
1615 4100 1740 4155 pro-

161 4156 364 4226 pltetas,
395 4167 449 4212 et
478 4157 688 4227 lapidas
713 4176 808 4214 eos
847 4161 935 4228 qui
964 4159 1030 4214 ad
1063 4168 1114 4213 te
1151 4156 1299 4212 missi
1343 4166 1495 4224 sunt,
1527 4159 1740 4228 quoties

159 4230 290 4282 \‘olui
320 4245 652 4299 congregare
700 4232 837 4285 lilios
868 4244 986 4284 tuus
1011 4275 1025 4295 ,
1058 4229 1510 4299 quemadmodum
1543 4228 1738 4297 gallina

161 4312 441 4370 congregat
477 4303 652 4371 pullos
689 4319 819 4358 suos
859 4304 958 4357 sub
985 4303 1138 4357 :ilas’
1161 4343 1175 4367 ,
1205 4311 1259 4353 et
1305 4302 1562 4354 noluisti?
1602 4301 1743 4354 Ecce

161 4372 484 4442 relinquetur
517 4374 672 4428 vobis
714 4375 906 4429 domus
936 4384 1110 4429 vestra
1154 4375 1388 4427 deserta.
1425 4372 1552 4426 Dico
1599 4372 1743 4425 enim

162 4446 331 4510 vobis,
362 4462 468 4499 non
495 4461 581 4499 me
607 4448 854 4500 videbitis
885 4448 1102 4509 amodo,
1134 4445 1306 4498 donec
1332 4444 1552 4499 dicatis:
1578 4443 1748 4497 Bene-

163 4514 356 4577 dictus.
380 4517 474 4585 qui
510 4517 656 4570 venit
680 4519 732 4571 in
761 4520 976 4573 nomine
1006 4516 1238 4571 Domini.
1275 4516 1342 4568 Et
1381 4529 1634 4584 egressus
1661 4512 1750 4569 Je-

163 4603 251 4660 sus
284 4591 349 4642 de
383 4589 586 4660 templo
609 4631 622 4653 ,
656 4591 787 4645 ibat.
821 4590 885 4643 Et
927 4597 1272 4644 accesserunt
1300 4586 1549 4660 discipuli
1596 4586 1712 4656 ejus
1734 4626 1749 4646 .

166 4668 216 4712 ut
238 4659 257 4689 ³
282 4659 595 4715 ostenderet
617 4661 697 4715 cis
727 4662 1155 4716 aedificationem
1186 4659 1392 4728 templi.
1430 4659 1545 4726 Ipse
1571 4667 1752 4711 autem

165 4733 490 4802 respondens
533 4733 670 4786 dixit
716 4733 861 4788 illis:
893 4732 1101 4788 Videtis
1140 4732 1274 4785 haec
1315 4730 1534 4802 omnia?
1579 4729 1752 4802 Amen

166 4801 275 4857 dico
302 4805 488 4870 vobis,
519 4819 624 4859 non
656 4805 990 4875 relinquetur
1018 4804 1105 4858 hic
1132 4803 1269 4871 lapis
1295 4816 1458 4870 super
1489 4801 1753 4870 lapidem,

166 4877 248 4940 qui
272 4892 377 4930 non
403 4881 733 4932 destruatur.
759 4876 995 4932 Sedente
1025 4887 1203 4930 autem
1229 4887 1296 4928 eo
1322 4886 1486 4942 super
1515 4880 1754 4926 montem

168 4945 391 5013 Uliveti,
426 4957 782 5002 accesserunt
833 4948 896 5001 ad
943 4963 1064 5003 eum
1107 4945 1355 5014 discipuli
1405 4953 1648 5007 secreto,
1678 4943 1760 4996 di-

169 5028 344 5073 centes
370 5038 383 5073 :
422 5020 516 5073 Dic
552 5020 738 5084 nobis,
769 5020 986 5090 quando
1017 5020 1150 5073 haec
1178 5016 1370 5090 erunt?
1397 5025 1452 5071 et
1480 5014 1760 5090 quodAsig-

171 5105 286 5142 unm
326 5091 591 5146 adventus
639 5091 748 5156 tui,
787 5085 850 5145 et
888 5089 1370 5145 consummationis
1405 5085 1644 5141 saeculi?
1691 5085 1761 5140 Et

172 5163 502 5230 restiondens
548 5161 708 5218 Jesus
736 5203 750 5225 ,
792 5163 931 5216 dixit
979 5165 1060 5217 eis
1099 5181 1112 5216 :
1152 5158 1346 5216 Videte
1391 5174 1458 5213 ne
1495 5159 1618 5228 quis
1663 5172 1760 5212 vos

173 5234 407 5288 seducat.
437 5234 583 5290 Multi
613 5234 759 5287 enim
790 5236 1007 5290 venient
1039 5234 1094 5288 in
1131 5232 1348 5286 nomine
1376 5244 1500 5284 meo
1522 5271 1538 5294 ,
1577 5230 1764 5284 dicen-

175 5313 288 5359 tes:
323 5305 440 5376 Ego
483 5320 604 5360 sum
643 5304 894 5360 Christus
923 5322 935 5360 :
966 5314 1022 5360 et
1051 5305 1250 5376 multos
1285 5299 1765 5376 seduceut_.Audi-

177 5376 274 5450 turi
301 5377 322 5407 δ
350 5373 532 5433 autem
575 5378 709 5432 estis
733 5377 939 5448 proelia
959 5418 976 5445 ,
1016 5384 1072 5432 et
1099 5375 1384 5446 opiniones
1411 5373 1761 5450 proeliorum.

175 5445 363 5505 Videte
390 5464 458 5506 ne
501 5445 763 5505 turbemi-

1837 547 2116 605 occidistis
2146 551 2289 607 inter

1837 621 2102 690 templum
2125 631 2181 678 et

1837 691 2028 747 altare.

1838 763 1928 819 56.
1972 765 2141 819 Amen
2169 765 2293 822 dico

1839 835 1992 890 vobis
2008 877 2022 902 ,
2056 837 2275 894 venient

1840 907 1976 962 haec
1997 909 2177 964 omnia

1839 992 2004 1048 super
2025 995 2249 1049 genera-

1840 1051 2042 1105 tionem
2070 1052 2246 1108 istam.

1839 1122 1929 1196 ξῇ.
1972 1122 2307 1196 Hierusalem
2334 1168 2350 1196 ,

1841 1193 2178 1250 Hierusalem
2203 1238 2218 1264 ,

1840 1280 1978 1336 quae
2007 1267 2208 1323 occidis

1880 1336 2135 1406 roplietas
2149 1381 2164 1407 ,
2196 1348 2251 1396 et

1864 1410 2049 1479 apidas
2076 1426 2172 1466 eos

1839 1483 1930 1550 qui
1961 1481 2027 1535 ad
2059 1491 2111 1537 te
2140 1483 2288 1539 missi

1839 1563 1966 1606 sunt
1992 1594 2008 1620 ,
2045 1555 2306 1623 quotiens

1839 1624 1988 1678 volui
2018 1639 2276 1697 congrae-

1839 1709 1968 1765 gare
1996 1696 2135 1752 lilios

1839 1775 1962 1839 tuos
1981 1810 1998 1835 ,
2027 1784 2215 1839 quem-

1839 1837 2130 1896 admodum

1837 1910 2037 1980 gallina
2065 1926 2196 1968 con-

1839 1992 2028 2053 gregat
2062 1985 2239 2053 pullos

1839 2069 1969 2110 suos
1999 2059 2102 2112 sub

1841 2127 1958 2180 alas
1979 2141 2106 2183 snas
2122 2169 2137 2192 ,

1841 2205 1896 2252 et
1921 2198 2206 2253 noluistis?

1841 2267 1931 2323 '58.
1965 2267 2516 2346 .Ecce_(a)‘relinqui-

1840 2346 1930 2394 tur
1951 2338 1993 2410 1'
2021 2338 2174 2398 vobis
2199 2338 2390 2400 domus

1839 2421 2020 2466 vestra
2049 2413 2283 2469 deserta.

1836 2483 1926 2538 39.
1972 2483 2101 2539 Dico
2129 2496 2311 2544 autem
2338 2503 2433 2544 vo—

1837 2554 1944 2620 bis.
1980 2553 2058 2627 ib)
2087 2559 2211 2630 quia
2239 2558 2281 2630 i-

1837 2639 1946 2679 non
1977 2642 2064 2681 me
2089 2628 2242 2684 vide-

1837 2697 1968 2751 bitis
1997 2699 2218 2767 amodo,

1837 2767 2012 2823 donec
2039 2769 2230 2827 dicatis
2258 2791 2272 2828 :

1836 2838 2167 2912 Benedictus
2188 2884 2205 2912 ,

1845 3421 1896 3474 1.
1940 3419 2006 3475 Et
2035 3434 2289 3492 egressus

1841 3491 2000 3548 Jesus
2028 3491 2095 3547 de
2123 3501 2261 3547 tem-

1844 3564 1956 3634 plo.
1982 3565 2112 3618 ibat.
2146 3563 2215 3618 Et

1843 3646 2192 3690 accesserunt

1846 3706 2096 3778 discipuli
2126 3707 2264 3778 ejus,

2680 563 2739 609 ut
2764 554 3121 612 ostenderent

2678 628 2728 680 ei
2759 635 3062 682 structuras

2676 697 2733 752 2.
2774 699 2982 768 templi.
3013 699 3133 770 Ipse

2677 779 2857 826 autem
2889 785 3118 840 respou-

2676 840 2812 896 dens
2838 841 2975 896 dixit
2998 841 3106 898 illis
3135 857 3152 908 ;

2678 911 2888 968 Videtis
2911 911 3045 968 haec

2677 983 2902 1039 omnia?
2930 986 3099 1042 Amen

2679 1057 2805 1112 dico
2832 1055 3009 1123 vobis,

2679 1143 2788 1183 non
2820 1127 3094 1197 relinque-

2679 1209 2768 1255 tur
2791 1198 2880 1254 ltic
2906 1199 3042 1267 lapis

2679 1285 2846 1341 super
2874 1270 3111 1340 lapidem
3130 1312 3146 1337 ,

2682 1344 2773 1414 qui
2799 1358 2908 1398 non
2929 1342 3024 1398 de-

2680 1423 2943 1470 struatur.

2682 1487 2737 1543 5.
2778 1485 3014 1542 Sedente
3040 1491 3221 1542 autem

2681 1559 2804 1630 ipso
2831 1573 2996 1629 super

2679 1639 2920 1686 montem
2951 1631 3069 1686 Oli-

2679 1701 2813 1768 veti,
2842 1717 3030 1759 acces~

2681 1783 2873 1830 serunt
2899 1774 2965 1829 ad

2679 1861 2803 1903 eum
2828 1845 3080 1913 discipuli

2678 1927 2911 1983 secreto,
2941 1917 3024 1972 di-

2679 1998 2902 2045 centes:
2932 1988 3029 2044 Dic

2680 2060 2858 2123 nobis,
2884 2075 3058 2131 quan-

2679 2133 2750 2189 do
2779 2133 2909 2187 liaec
2937 2131 3136 2187 erunt?

2680 2212 2738 2261 et
2761 2204 2905 2274 quod
2935 2205 3149 2274 signum

2679 2277 2944 2332 adventus
2974 2277 3073 2340 tui,

2678 2359 2735 2404 et
2771 2362 3120 2404 consumma-

2676 2421 2843 2475 tionis
2873 2417 3116 2474 saeculi?

2677 2490 2733 2546 4.
2780 2491 2845 2546 Ει
2866 2489 3206 2561 respondens

2679 2561 2861 2630 Jesus,
2895 2563 3034 2618 dixit
3067 2580 3080 2616 :

2681 2633 2877 2689 Videte
2900 2648 2971 2689 ne

2680 2707 2804 2776 quis
2833 2719 2930 2760 vos
2955 2720 3042 2760 se-

2680 2779 2843 2831 ducat
2873 2776 2983 2831 ullo

2679 2847 2734 2902 5.
2775 2847 2961 2903 modo.
2987 2843 3138 2902 Multi

1837 2912 1929 2993 qui
1954 2911 2105 2996 benit
2190 2911 2197 2912 ί
2679 2923 2823 3004 enim
2852 2919 3076 3002 venient

1839 2998 1892 3036 ltt
1924 2998 2142 3042 nomine
2681 2998 2736 3047 in
2771 2998 2986 3046 nomine

1841 3053 2075 3112 Domini.
2680 3079 2829 3130 meo,
2857 3063 3104 3118 dicentes
3137 3078 3150 3114 :

1812 3134 1827 3150 ’
2683 3135 2807 3223 ἓβο.
2823 3150 2947 3223 ίεὶ¹¹¹ἷ¹

1995 3251 2224 3309 CAPUT
2254 3251 2444 3308 xxw.
2682 3206 2995 3334 ,ᾖξςξῗὲιξθί
3008 3211 3063 3260 ει

2682 3349 2901 3406 ducent.

2683 3424 2739 3478 6.
2781 3421 3078 3478 Audientes

2683 3505 2864 3549 autem
2895 3492 3116 3563 praelia,

2685 3575 2744 3620 et
2772 3565 3058 3637 opiniones

2687 3632 2975 3693 bellorum.
3007 3632 3218 3699 Videte,

2687 3725 2758 3765 ne
2783 3705 3098 3765 turbemini.

3333 344 3440 401 306

2304 3850 2534 3908 CODEX
2573 3851 2971 3909 BRIXIANUS.

1843 3942 2119 4017 occidistis
2177 3943 2318 3999 inter
2381 3947 2639 4017 templum
2689 3956 2742 4001 et
2819 3944 3011 4000 altare.
3071 3943 3242 3998 Amen
3315 3941 3440 3996 dico

1842 4015 2015 4070 vobis.
2075 4017 2200 4084 quia
2258 4015 2654 4074 venient’haec
2719 4018 2921 4071 omnia.
2991 4029 3154 4081 super
3213 4027 3442 4083 genera-

1843 4087 2047 4141 tionem
2096 4083 2281 4141 istam.
2341 4089 2696 4144 Hierusalem.
2756 4088 3093 4143 Hierusalem
3134 4101 3272 4154 quae
3299 4083 3444 4138 occi-

1845 4158 1931 4213 dis
1983 4158 2276 4228 prophetas
2323 4170 2378 4214 et
2425 4160 2630 4229 Iapidas
2698 4175 2792 4216 eos
2835 4161 2924 4230 qui
2983 4158 3134 4213 missi
3200 4167 3327 4211 sunt
3375 4155 3441 4230 ad

1848 4240 1922 4284 te.
1971 4225 2220 4300 quotiens
2280 4232 2421 4286 volui
2467 4225 2796 4303 congregare
2836 4225 2974 4286 filios
3011 4225 3446 4303 tuos.»quemad-

1848 4304 2067 4375 modum
2095 4303 2290 4372 gallina
2317 4301 2609 4375 congregat
2636 4301 2808 4374 pullos
2834 4317 2960 4358 suos
3009 4302 3113 4356 sub
3132 4301 3236 4375 alis
3255 4303 3367 4354 suis
3392 4305 3449 4353 et

1851 4374 2091 4446 noluisti.
2110 4375 2248 4429 Ecce
2269 4372 2599 4446 relinquetur
2623 4372 2776 4430 vobis
2790 4376 2982 4429 donius
2998 4383 3185 4446 vestra,
3207 4372 3442 4446 deserta.

1854 4444 1987 4518 Dico
2023 4447 2167 4518 enim
2196 4449 2346 4501 vobis
2375 4441 2448 4518 (b)
2475 4449 2602 4517 quia
2630 4449 2672 4518 -ιο
2702 4463 2809 4502 non
2837 4463 2922 4502 me
2969 4441 3448 4518 videbitis‘amodo

1853 4515 2255 4572 donecdicatis.
2273 4513 2596 4574 Benedictus
2616 4513 2708 4588 qui
2726 4521 2874 4574 venit
2889 4519 2941 4572 in
2976 4516 3195 4572 nomine
3213 4513 3447 4588 Domini.

1856 4589 1922 4643 Et
1951 4604 2206 4658 egressus
2232 4590 2392 4646 Jesus
2417 4591 2484 4645 de
2526 4582 2730 4659 templo
2752 4591 2884 4645 ibat.
2918 4589 2986 4645 Et
3009 4582 3451 4659 accesseru_ut_ad

1858 4653 2248 4738 eumdiscipuli
2263 4663 2378 4738 ejus
2395 4653 2810 4738 utosglend'erent
2822 4662 2873 4717 ei
2886 4659 3130 4738 aediﬁcia
3143 4655 3346 4738 templi.
3361 4653 3452 4710 Je-

1859 4747 1955 4786 sus
1969 4728 2150 4787 autem
2167 4728 2306 4788 dixii
2321 4735 2422 4788 eis.
2436 4733 2638 4789 Videtis
2663 4735 2792 4789 haec
2815 4733 3017 4790 omnia.
3032 4734 3205 4786 Amen
3219 4728 3342 4782 dico
3358 4741 3453 4780 vo-

1862 4803 1968 4881 bis.
2008 4819 2113 4859 non
2150 4805 2487 4881 relinquetur
2519 4806 2606 4860 hic
2633 4807 2767 4876 lapis
2791 4820 2955 4874 super
2978 4801 3209 4870 lapidem
3344 4812 3452 4881 non

1863 4875 2194 4930 destruatur.
2217 4868 2452 4952 Scdente
2487 4887 2668 4952 autem
2688 4868 2956 4952 'eo‘snper
2982 4868 3219 4952 montem
3237 4868 3453 4952 Oliveti.

1863 4956 2218 5003 accesserunt
2262 4950 2328 5004 ad
2370 4965 2492 5004 eum
2536 4948 2789 5019 discipuli
2817 4941 3028 5002 secreto
3055 4945 3323 5019 dicentes.
3359 4941 3456 4996 Dic

1867 5019 2044 5075 nobis.
2078 5020 2292 5090 quando
2334 5021 2468 5076 haec
2510 5015 2762 5075 erunt-et
2785 5019 2928 5090 quod
2958 5019 3166 5090 signum
3191 5015 3459 5090 adv_entus

1870 5093 1965 5145 tui.
2015 5101 2071 5146 et
2096 5085 2537 5148 'consumationis
2568 5085 2890 5146 saeculiflﬂt
2913 5085 3248 5159 respondens
3277 5085 3456 5142 Jesus.

1869 5163 2003 5240 dixit
2036 5165 2137 5240 eis.
2165 5163 2378 5240 Videte.
2413 5181 2481 5220 ne
2501 5168 2622 5240 quis
2644 5179 2742 5218 vos
2761 5163 3002 5240 sedne-at.
3031 5159 3182 5216 Multi
3201 5159 3348 5240 enim
3370 5173 3464 5240 ve-

1872 5235 2023 5290 nient
2052 5237 2105 5291 in
2139 5237 2360 5292 nomine
2389 5228 2538 5291 meo:
2560 5237 2806 5291 dicentes
2835 5235 2969 5301 Quia
3002 5248 3102 5303 ego
3134 5246 3253 5286 sum
3281 5228 3466 5303 Chris-

1874 5316 1980 5362 tus.
2005 5316 2059 5363 et
2080 5309 2279 5363 multos
2300 5308 2576 5364 seducent.
2603 5305 2856 5362 Audituri
2881 5301 3062 5361 autem
3084 5304 3216 5360 estis
3237 5301 3459 5372 proelia.

1875 5389 1933 5435 et
1957 5381 2244 5452 opiniones
2270 5379 2598 5452 proeliorum
2625 5377 2818 5436 Videte
2840 5393 2912 5435 ne
2938 5376 3271 5433 terreamini.

847 5544 1244 5604 VARIANTES
1282 5541 1968 5602 LECTIONES'CODICIS
2005 5542 2118 5601 MS.
2161 5543 2221 5601 S.
2261 5539 2770 5600 GERMANENSIS.

236 5642 253 5672 ¹
290 5641 524 5692 interﬁcis

235 5706 255 5736 ²
287 5718 422 5765 suas,

1939 5639 1960 5670 ³
1991 5637 2317 5688 ostenderent
2339 5637 2388 5687 ei

1937 5705 1959 5734 ⁸
1993 5703 2124 5752 enim

1507 5783 1880 5844 BLANCHINI
1916 5783 2151 5843 NOTAE.

251 5883 332 5954 (a)
366 5883 444 5940 Ita
467 5893 522 5942 et
552 5895 662 5943 tex.
691 5883 786 5942 Gr.
813 5885 1036 5956 ἀφίεται.
1075 5913 1146 5925 -
1183 5883 1259 5957 (b)
1290 5885 1455 5944 Addit
1477 5885 1619 5955 quia,
1649 5883 1745 5938 etia

1857 5880 1960 5938 :0d.
1993 5877 2151 5935 Cant.
2181 5876 2282 5937 ὅτι.
