3840 6338
69 347 168 407 509

449 466 688 528 CODEX
734 470 1276 530 VERCELLENSIS.

907 568 960 622 in
986 568 1354 625 occidentem:

905 639 977 693 ita
1007 639 1112 694 erit
1131 641 1332 696 adven-

903 720 988 766 tus
1022 710 1116 766 lilii
1146 713 1321 769 homi-

63 569 182 646 tunc
206 561 427 618 tribula-

151 649 529 761 ἶιηοειέἳιῗίἰᾳω-

63 779 126 830 ab
156 778 306 832 initio
332 793 454 834 sae-
902 781 992 838 28.
1021 783 1122 836 nis.
1152 781 1287 840 Ubic
1309 824 1325 841 .
1358 825 1371 838 .
1399 824 1413 838 .
1440 827 1454 841 .
1485 828 1497 840 .

59 849 157 925 culi
188 864 356 917 usque
383 865 506 925 [ηο-
903 868 1006 925 que
1034 854 1192 909 fuerit

59 920 143 995 do,
175 936 348 995 neque
373 923 488 976 lict.
902 920 1121 995 corpus,
1154 927 1263 983 illic
1291 943 1425 986 con-

59 992 142 1068 22.
172 991 240 1047 Et
268 994 377 1068 nisi
401 995 623 1052 brevia-
902 991 1265 1068 gregabuntur

63 1064 301 1142 tiessent
324 1064 447 1120 dies
906 1064 984 1142 ib)
1001 1064 1228 1142 aquilae
1257 1071 1315 1142 οἰκ

62 1135 155 1200 illi,
183 1151 288 1191 non
310 1146 459 1193 esset
905 1135 991 1194 29.
1026 1135 1119 1196 Sia
1163 1181 1178 1197 .
1223 1183 1237 1198 .
1271 1135 1296 1198 ’.
1342 1183 1357 1197 .
1403 1185 1416 1199 .
1461 1185 1476 1200 .
1522 1185 1537 1201 .
1582 1184 1598 1200 .

63 1210 198 1261 salva
228 1209 404 1262 omnis
906 1221 1027 1281 post
1071 1253 1084 1266 .
1130 1253 1142 1265 .
1194 1255 1206 1268 .
1255 1257 1267 1269 .
1309 1214 1466 1272 bula-

63 1293 215 1351 caro:
245 1280 338 1334 sed
374 1294 542 1351 prop-
905 1280 1106 1340 tionem
1138 1285 1252 1344 die-

65 1360 139 1404 ter
160 1350 358 1405 electos

66 1421 408 1476 braeviabun—

67 1502 146 1547 tur
173 1493 286 1548 dies
313 1493 411 1548 illi.

66 1564 147 1618 23.
177 1564 322 1620 Tunc
348 1566 395 1620 si
427 1566 554 1634 quis
581 1581 685 1625 vo-

905 1370 1023 1409 rum
1053 1357 1290 1424 illorum,

908 1428 990 1480 sol
1023 1429 1284 1484 obscura-

908 1496 1073 1561 bitnr,
1102 1509 1159 1554 et
1189 1500 1314 1556 luna

907 1583 1013 1624 non
1043 1570 1191 1626 dabit
1217 1573 1298 1628 lu-

68 1637 359 1709 bisdixerit
379 1638 530 1709 :AEc-
905 1656 1028 1696 men
1056 1658 1237 1709 suum,

68 1721 124 1762 ce
149 1707 329 1785 hieto)
359 1707 621 1767 Christus
643 1711 713 1785 ἦ,
738 1723 834 1776 aut
905 1721 961 1785 et
988 1714 1110 1785 stell
1138 1755 1150 1766 .
1181 1756 1194 1768 .
1222 1707 1306 1772 ca-

69 1794 184 1836 ecce
210 1780 341 1834 illic:
381 1797 486 1836 no-
660 1780 672 1785 ⁷
698 1780 704 1781 “
905 1783 1035 1840 dent
1063 1784 1131 1840 de
1169 1802 1293 1843 cae-

72 1850 154 1905 lite
178 1853 414 1907 credere.

908 1855 983 1924 lo,
1008 1866 1063 1912 et
1081 1857 1255 1913 virtu-

71 1922 150 1977 25.
181 1921 456 1994 Exurgent

73 1994 458 2062 enimpseudoo
909 2039 924 2054 .
1007 2040 1020 2052 .
1105 2041 1118 2054 .
1199 2038 1214 2053 .
1295 2042 1308 2056 .
1393 2044 1404 2057 .
1488 2043 1503 2058 .

74 2066 262 2130 christi,
286 2077 337 2122 et
370 2067 610 2136 pseudo-
907 2070 1041 2126 bunt
1084 2112 1098 2125 .
1144 2112 1156 2125 .
1203 2110 1215 2124 .
1266 2115 1279 2127 .
1326 2115 1340 2128 .
1385 2113 1400 2128 .
1444 2116 1457 2131 .

77 2137 328 2216 proletae:
351 2150 404 2194 et
433 2141 537 2195 da-
1028 2152 1156 2199 tunc
1180 2160 1341 2216 pare-

79 2207 195 2262 bunt
213 2211 356 2281 signa
908 2213 989 2270 bit
1030 2257 1044 2270 .
1087 2252 1103 2268 .
1148 2207 1365 2285 [gnum

81 2295 217 2369 magn
240 2319 284 2336 ..
309 2324 323 2348 ,
347 2291 402 2339 et
419 2298 533 2369 pro
911 2285 1008 2369 filii
1043 2287 1278 2369 hominis

914 2358 1410 2432 incaelozetplac

89 2425 463 2509 in....._ndu-
915 2468 930 2484 .
979 2469 992 2483 .
1039 2471 1052 2483 .
1094 2425 1397 2509 ntsetunc

95 2504 442 2554 ......etiam
915 2541 930 2555 .
977 2541 990 2554 .
1037 2540 1051 2554 .
1095 2517 1190 2556 nes
1221 2504 1316 2558 tri-

913 2573 1014 2627 bus
1047 2583 1224 2629 terrae
1249 2590 1264 2627 :
1298 2585 1354 2632 et

909 2644 1170 2699 videbunt
1198 2644 1260 2698 li-

911 2715 1042 2770 lium
1065 2713 1242 2772 homi-

911 2788 1478 2845 n.....dveni-

912 2869 1093 2915 entem
1117 2859 1168 2914 in
1196 2876 1293 2916 nu-

912 2931 1072 2986 bibus
1101 2931 1238 2986 caeli

913 3017 1036 3057 cum
1067 3003 1268 3059 virtute

915 3074 1103 3135 multa,
1136 3085 1189 3128 et
1219 3089 1334 3129 ma-

914 3145 1005 3201 51.
1027 3145 1249 3216 jestate.
1283 3147 1348 3203 Et
1377 3145 1504 3202 mib-

917 3225 996 3272 tet
1019 3218 1241 3286 angelos

913 3303 1040 3344 SUOS
1068 3305 1190 3344 cum
1223 3298 1306 3346 ια-

912 3360 1000 3425 ba,
1030 3368 1085 3415 et
1113 3376 1244 3416 voce

914 3447 1137 3504 magna:
1165 3442 1220 3488 et
1249 3447 1377 3488 con-

91 2565 366 2624 25.......
401 2569 548 2628 Ecce

93 2637 303 2705 praedixi
327 2656 412 2696 vo-

89 2708 164 2763 26.
193 2709 287 2764 bis.
318 2712 372 2769 Si
399 2723 588 2772 autem

88 2779 312 2848 dixerint,
343 2786 442 2840 Ec-

87 2864 140 2906 ce
168 2853 214 2907 in
233 2853 443 2912 deserto

88 2933 176 2987 est,
201 2927 320 2981 nol.
350 2968 364 2980 .
393 2967 407 2982 .
437 2931 556 2985 exi-

88 3008 168 3058 re;
197 3011 315 3072 ecce
337 2999 386 3055 in
415 3015 510 3072 pe-

90 3068 380 3137 netralibus,

92 3139 239 3194 nolite
258 3142 444 3200 crede—

88 3206 166 3264 27.
193 3226 264 3266 re.
293 3213 439 3270 Sicut
468 3215 620 3272 enim

93 3281 247 3350 lulgur
269 3287 378 3340 exit

90 3352 148 3404 ab
173 3355 392 3425 oriente,

92 3431 137 3477 et
157 3438 298 3495 paret
325 3444 494 3502 usque

482 3572 730 3633 CODEX
770 3572 1242 3632 CORBEIENSIS.

93 3671 203 3738 tunc
231 3665 501 3722 tribulatio
530 3683 755 3738 magna,
777 3668 950 3735 qualis
979 3683 1084 3722 non
1115 3667 1214 3722 fuit
1241 3668 1310 3721 ab
1335 3668 1490 3723 initio
1514 3670 1529 3699 ¹
1555 3681 1676 3722 sae-

94 3735 184 3788 cnli
215 3752 372 3807 usque
402 3755 568 3794 nunc.
610 3735 681 3794 Et
707 3739 811 3793 nisi
845 3740 1066 3794 breviati
1099 3741 1118 3770 '
1155 3741 1352 3794 fuerint
1393 3739 1509 3795 dies
1557 3739 1671 3806 illi,

95 3822 186 3859 non
213 3819 349 3881 esset
375 3812 521 3864 salva
549 3812 734 3864 omnis
765 3825 932 3865 caro:
986 3812 1081 3865 sed
1130 3824 1353 3881 propter
1402 3811 1422 3842 ³
1467 3811 1674 3865 electos

97 3893 226 3931 meos
254 3880 648 3937 breviahuntnr
676 3882 792 3936 dies
820 3883 916 3937 illi.
959 3882 1112 3937 Tunc
1133 3880 1136 3881 ⁷
1156 3884 1200 3936 si
1241 3885 1362 3946 quis
1409 3882 1563 3936 vobis
1594 3882 1676 3936 di-

95 3949 248 4002 xerit:
283 3951 420 4008 Ecce
451 3953 538 4007 hic
563 3964 653 4008 est
682 3952 929 4010 Christus
952 3995 966 4016 ,
1000 3963 1093 4007 aut
1119 3953 1136 3984 ⁵
1170 3955 1312 4008 illic:
1353 3955 1522 4010 nolite
1552 3969 1669 4007 ere—

97 4018 228 4097 dere.
255 4022 273 4052 ⁵
299 4023 613 4097 Exsurgent
640 4027 786 4080 enim
819 4025 1242 4094 pseudoehristi,
1263 4036 1316 4080 et
1345 4025 1679 4096 pseudopro-

100 4090 271 4167 phetae
299 4111 311 4147 :
344 4103 398 4149 et
426 4090 638 4150 da'btiut
669 4090 830 4164 signa
852 4111 1044 4167 magna
1065 4138 1079 4161 ,
1126 4108 1179 4151 et
1210 4090 1447 4167 prodigia
1477 4139 1490 4162 ,
1522 4090 1590 4150 ita
1623 4106 1679 4149 ut

100 4161 142 4214 in
168 4179 394 4240 errorem
429 4168 449 4198 ⁶
483 4161 911 4240 mittant—etiam
942 4161 1034 4236 Isi
1084 4161 1443 4240 ﬁeri-potest)
1476 4169 1680 4223 electos

101 4249 252 4309 ruens.
300 4239 435 4294 Ecce
463 4241 709 4309 praedixi
740 4239 910 4294 vobis.
966 4241 1020 4296 Si
1053 4256 1184 4308 ergo
1213 4241 1450 4296 dixerint
1488 4241 1637 4295 vobis
1662 4280 1677 4304 ,

105 4303 224 4360 Ecce
256 4309 302 4362 in
333 4303 553 4365 deserto
586 4313 729 4368 est.7
759 4312 923 4366 nolite
951 4303 1213 4376 credere;
1242 4314 1325 4368 vel
1352 4329 1480 4369 ecce
1509 4313 1560 4365 in
1585 4303 1680 4364 ho-

106 4378 269 4445 spitio,
300 4383 466 4436 nolite
494 4384 670 4437 exire.
703 4383 858 4439 Sicut
885 4385 1027 4438 enim
1060 4382 1238 4453 fulgur
1267 4387 1377 4438 exit
1405 4385 1474 4439 ab
1499 4385 1680 4437 orien-

107 4455 150 4499 ιθ
172 4490 186 4514 .
208 4461 276 4525 ft
301 4465 448 4525 paret
479 4470 653 4525 usque
684 4455 749 4509 ad
777 4455 1112 4510 occidentem
1154 4473 1166 4508 :
1197 4457 1218 4487 ⁸
1249 4457 1328 4511 sic
1351 4457 1452 4510 erit
1477 4456 1680 4509 adven-

109 4527 180 4572 tus
201 4520 284 4597 lilii
303 4520 578 4580 hominisf
595 4526 970 4592 Ubiqnumque
991 4527 1150 4581 fuerit
1173 4544 1391 4597 corpus,
1422 4527 1529 4582 illic
1553 4542 1685 4580 con-

109 4595 725 4670 gregabunturaquilnc.’
744 4597 1037 4655 Confestim
1055 4609 1173 4670 post
1191 4595 1312 4654 illus
1334 4599 1448 4652 dies
1465 4599 1685 4651 tribula—

112 4664 413 4735 tionutn,sol
432 4664 784 4724 convertetur
812 4672 861 4725 in
889 4664 1160 4735 tenebras,
1179 4680 1230 4724 et
1261 4671 1386 4725 luna
1417 4685 1519 4724 non
1539 4670 1684 4724 dabit

116 4732 275 4807 lumen
301 4753 452 4794 suum
483 4784 497 4806 ,
529 4751 584 4795 et
614 4743 803 4796 stellae
834 4742 1027 4797 cadent
1053 4741 1120 4798 de
1146 4732 1300 4797 coelo
1330 4785 1342 4807 ,
1374 4753 1427 4796 et
1459 4743 1689 4794 virtutes

113 4806 364 4883 _Cnelorum
380 4814 898 4868 commovebuntur:
922 4825 975 4868 et
990 4827 1114 4868 tunc
1140 4806 1348 4882 parebit
1369 4815 1579 4883 signum
1597 4814 1691 4867 lilii

117 4874 325 4934 hominis
353 4883 405 4936 in
437 4885 632 4939 coelo:
663 4893 717 4939 et
742 4895 867 4939 tunc
896 4874 1150 4956 plangent
1179 4901 1369 4940 omnes
1393 4874 1563 4940 tFibns
1586 4894 1693 4938 ter-

118 4962 232 5002 rae:
261 4961 314 5006 et
341 4956 604 5010 videbunt
635 4957 800 5009 lilium
844 4957 1081 5010 hominis
1114 4958 1421 5012 venientem
1451 4959 1502 5010 in
1535 4958 1692 5010 nubi-

120 5019 206 5100 bus
233 5025 362 5080 coeli
403 5042 524 5100 cum
556 5030 754 5082 virtute
782 5028 946 5082 multa
971 5069 987 5095 ,
1033 5039 1086 5083 et
1129 5031 1414 5097 majestate
1457 5044 1575 5082 sua.
1629 5030 1694 5083 Et

119 5099 508 5168 mittetangelos
526 5114 656 5155 suos
674 5115 796 5156 cum
823 5100 970 5168 tuba,
995 5109 1052 5156 et
1074 5116 1206 5155 voce
1234 5116 1424 5170 magna
1453 5118 1464 5155 :
1489 5109 1542 5155 et
1563 5116 1690 5155 con-

1030 347 1483 408 EVANGELIUM
1521 349 1900 412 SECUNDUM
1939 353 2374 417 ΜΑΤἸἮᾸΞΗΜ.

3266 357 3374 416 510

2206 479 2437 540 CODEX
2478 483 2937 543 VERONENSIS.

2609 593 2780 648 usque
2801 579 2948 634 occi-

2607 649 2825 706 dentem
2856 669 2872 706 :
2901 651 2975 718 ita

2605 723 2712 776 erit
2732 733 2786 776 et
2810 720 3015 778 adven-

2606 801 2692 847 tus
2721 792 2798 846 ﬁli
2821 793 3075 850 hominis.

2605 863 2696 920 ‘28.
2728 863 3064 934 Ubicumque

2608 934 2713 990 erit
2737 951 2954 1004 corpus,
2983 936 3093 992 illic

2611 1020 2877 1075 congrega
2887 1008 3084 1064 buntur

1772 571 2048 627 tribulatio
2078 587 2192 628 ma-

1769 658 1896 714 gna,
1925 644 2101 714 qualis

1773 730 1880 769 non
1907 715 2006 770 fuit
2030 716 2098 770 ab

1773 785 1928 840 initio
1953 789 2148 842 saeculi

1777 873 1946 928 usque
1973 858 2153 925 modo,

1774 944 1971 1055 “Eat
2127 1002 2248 1060 bre-

1777 1071 1904 1154 biati
1934 1072 2161 1128 fuissent
2185 1074 2302 1132 dies
2616 1077 2693 1203 ab)
2722 1071 2901 1160 aquile
2921 1079 2978 1150 1-.

1777 1143 1878 1203 Illi.
1905 1159 2014 1199 non
2046 1145 2202 1202 ﬁeret
2655 1149 2709 1203 9.
2755 1149 2948 1203 Statim

1777 1143 1878 1210 illi,
1905 1159 2014 1199 non
2046 1145 2202 1202 ﬁeret
2616 1143 2709 1203 29.
2755 1143 2948 1205 Statim

1778 1217 1930 1269 salva
1955 1217 2135 1271 omnis
2623 1230 2809 1275 autem

1778 1300 1907 1341 caro
1942 1307 1966 1361 τί
1984 1288 2077 1341 sed
2110 1303 2234 1361 pro-
2626 1300 2750 1361 post
2782 1291 3087 1350 tribulatio-

1820 1367 1901 1413 ter
1922 1360 2124 1414 electos
2143 1360 2264 1415 bre—
2625 1360 2749 1418 nem
2782 1364 2990 1418 dierum

1819 1430 2068 1485 iabuntur
2097 1431 2214 1487 dies
2625 1435 2841 1490 illorqu
2862 1475 2876 1494 .
2909 1436 2991 1490 sol

1780 1501 1884 1577 illi.
1903 1572 1944 1577 _
2118 1573 2129 1577 _
2240 1574 2249 1577 Α
2622 1505 3007 1562 obseurabitur
3024 1550 3044 1577 ,

1777 1571 1869 1645 2'5.
1894 1572 2057 1645 ‘Tunc
2087 1573 2131 1628 si
2161 1574 2284 1645 quis
2621 1588 2677 1633 et
2705 1579 2831 1633 luna
2875 1592 2981 1634 non

1779 1643 1936 1699 vobis
1974 1645 2125 1699 dixe-
2186 1643 2195 1645 “
2622 1649 2773 1704 dabit
2811 1650 2990 1705 lumen

1783 1715 1853 1768 rit
1884 1733 1899 1770 :
1933 1716 2072 1770 Ecce
2103 1717 2188 1772 hic

1783 1784 1860 1856 (α)
1893 1787 2140 1845 Christus
2170 1787 2234 1859 'l',

1782 1872 1911 1913 ecce
1942 1859 2051 1913 illic
2075 1876 2088 1910 :

1783 1930 1948 1983 nolite
1977 1930 2221 1986 credere.

1782 1998 1875 2055 24.
1911 2000 2146 2070 Surgent
2165 2003 2312 2060 enim

1784 2073 2203 2142 pseudoehristi,
2239 2086 2295 2131 et

1786 2144 2288 2213 pseudOproidietae
2311 2164 2325 2202 :

1781 2225 1837 2268 et
1867 2215 2075 2270 dabunt
2104 2217 2254 2287 signa

2621 1735 2777 1775 Suum
2798 1764 2809 1785 ,
2843 1731 2897 1776 et
2925 1721 3118 1780 stellae

2621 1793 2816 1847 cadent
2850 1793 2919 1848 de
2944 1793 3097 1850 caelo
3122 1836 3139 1861 ,

2621 1876 2676 1920 et
2706 1864 2932 1920 \irtutes
2960 1879 3090 1921 cae-

2622 1935 2797 1990 lorum
2830 1950 3071 1992 commo-

2619 2007 2708 2063 30.
2753 2008 3023 2062 vehuntur
3054 2025 3067 2060 :

2619 2087 2673 2132 et
2703 2088 2829 2133 tunc
2859 2078 3074 2148 parebit

2619 2149 2837 2220 signum
2878 2151 2948 2206 [ili

2620 2220 2857 2276 hominis

1781 2302 1998 2358 magna,
2031 2295 2086 2342 et
2118 2304 2241 2358 pro-
2622 2293 2676 2347 in
2706 2293 2859 2349 caelo
2893 2312 2906 2348 :
2937 2303 2993 2349 et

1781 2357 1948 2428 digia,
1981 2359 2054 2414 ita
2081 2357 2140 2414 ut
2625 2372 2754 2419 tunc
2785 2366 2968 2420 conci-

1784 2429 1836 2483 in
1866 2446 2106 2485 errorem
2625 2435 2754 2492 dent
2789 2452 2848 2492 se

1783 2500 2126 2567 inducantur,
2625 2523 2816 2562 omnes
2857 2509 3026 2565 tribus

1783 2573 1828 2626 si
1861 2572 1977 2627 ﬁeri
2007 2583 2206 2642 potest,
2626 2586 2806 2634 terrae
2851 2598 2864 2633 :

1785 2645 1947 2698 etiam
1976 2645 2154 2699 electi.
2583 2672 2586 2678 ι
2627 2660 2680 2704 et
2715 2651 2979 2708 videbunt

2629 2720 2796 2774 ﬁlium
2827 2721 3061 2778 hominis

2625 2793 2930 2848 venientem
2965 2794 3018 2847 in

2629 2863 2859 2919 nubibus
2889 2865 3022 2920 caeli

2625 2948 2750 2988 cum
2789 2937 2984 2990 virtute

2628 3008 2792 3060 multa
2812 3051 2824 3071 ,
2855 3016 2910 3063 et
2945 3021 3060 3064 ma-

2624 3076 2715 3131 51.
2753 3078 2972 3147 jestate.
3007 3079 3072 3134 Et

2625 3149 2803 3205 mittet
2843 3151 3066 3221 angelos

2624 3235 2754 3275 SUOS
2781 3237 2904 3278 cum

2626 3293 2751 3347 tuba
2783 3303 2836 3348 et
2865 3307 2998 3351 voce

2624 3379 2816 3434 magna
2860 3383 2873 3419 :

2626 3445 2681 3490 et
2709 3450 2940 3509 COngre-

1782 2713 1876 2770 25.
1911 2714 2052 2770 Ecce
2084 2730 2241 2785 prae-

1783 2786 1894 2840 dixi
1924 2786 2096 2841 vobis.

1784 2856 1877 2911 26.
1910 2857 1965 2913 Si
1995 2867 2175 2912 autem
2203 2857 2352 2928 dixe-

1785 2928 1897 2982 rint
1925 2930 2102 2992 vobis,
2141 2931 2277 2987 Ecce

1786 2999 1838 3053 in
1869 3001 2086 3055 deserto
2111 3011 2215 3063 est,

1785 3071 1869 3125 vel
1899 3087 2026 3126 ecce
2055 3074 2107 3126 in
2139 3088 2303 3140 pene-

1787 3143 2031 3209 tralibus,
2056 3145 2222 3202 nolite

1786 3215 2031 3270 credere.

1785 3287 1876 3360 27.
1910 3286 2064 3360 Sicut
2089 3287 2233 3343 enim
2265 3287 2442 3360 lulgur

1786 3358 1895 3412 exit
1927 3359 1995 3412 ab
2019 3361 2197 3415 orien-

1788 3438 1862 3497 te,
1895 3439 1950 3485 et
1978 3442 2132 3500 paret

2249 3573 2477 3630 CODEX
2517 3573 2800 3631 BRIXIAN
2807 3574 2913 3633 US.

1780 3667 2086 3741 enimtunc
2118 3667 2398 3741 tribulatio
2423 3684 2638 3740 magna.
2666 3671 2843 3741 qualis
2873 3685 2982 3725 non
3016 3667 3119 3725 fuit
3141 3667 3210 3728 ab
3230 3668 3386 3741 initio

1783 3739 1966 3793 mundi
2000 3756 2170 3809 usque
2199 3740 2382 3794 modo.
2418 3739 2591 3809 neque
2623 3739 2730 3796 lict.
2773 3743 2835 3798 Et
2865 3742 2965 3796 nisi
2995 3741 3222 3798 breviati
3253 3739 3383 3796 fuis-

1780 3822 1904 3866 sent
1931 3810 2048 3864 dies
2081 3813 2174 3882 illi.
2208 3828 2313 3865 non
2342 3813 2493 3882 ﬂeret
2515 3812 2662 3866 salva
2685 3815 2865 3868 omnis
2896 3828 3045 3868 caro.
3097 3811 3190 3882 sed
3222 3827 3385 3881 prop-

1783 3893 1863 3936 ter
1891 3883 2116 3935 electos.
2154 3881 2542 3936 breviabuntur
2569 3883 2685 3938 dies
2715 3883 2814 3939 illi.
2839 3884 2992 3939 Tunc
3019 3887 3062 3936 si
3090 3881 3212 3951 quis
3232 3882 3384 3936 vobis

1783 3953 2002 4007 dixerit.
2035 3953 2174 4006 Ecce
2205 3955 2289 4006 hic
2321 3963 2402 4008 est
2431 3952 2677 4008 Christus
2702 3965 2794 4008 aut
2822 3955 2947 4010 illic.
2999 3953 3167 4010 nolite
3197 3953 3389 4008 crede-

1785 4042 1864 4080 re.
1917 4026 2189 4097 Exui-gent
2221 4026 2365 4097 enim
2398 4026 2793 4094 pseudoehristi
2840 4037 2896 4097 et
2942 4023 3386 4097 pseudoprophe-

1786 4106 1892 4151 tne.
1923 4106 1973 4149 et
2005 4095 2206 4149 dabunt
2236 4096 2384 4166 signa
2420 4114 2608 4164 magna
2635 4109 2688 4151 et
2722 4095 2982 4166 prodigia.
3029 4098 3098 4150 ita
3129 4105 3185 4151 ut
3212 4096 3261 4149 in
3295 4111 3384 4151 er-

1787 4184 1970 4249 rorem
1998 4169 2273 4249 inducant.
2395 4170 2509 4223 lieri
2543 4179 2741 4249 potest.
2793 4171 2955 4249 etiam
2985 4168 3209 4249 electos.
3247 4167 3388 4249 Ecce

1790 4239 2030 4308 praedixi
2077 4241 2249 4294 vobis.
2300 4239 2356 4295 Si
2405 4251 2587 4296 autem
2637 4240 2876 4294 dixerint
2922 4241 3093 4294 vobis.
3149 4239 3288 4295 Ecce
3335 4239 3388 4293 in

1787 4311 2008 4365 deserto
2032 4320 2133 4375 est,
2161 4312 2327 4366 nolite
2351 4314 2522 4368 exire.
2543 4328 2670 4368 ecce
2695 4313 2744 4364 in
2771 4311 3193 4380 penetrabilibus
3221 4311 3390 4365 nolite

1789 4383 2205 4463 credere._Sieut
2225 4385 2375 4463 enim
2406 4384 2601 4463 (timur.
2633 4383 2744 4438 exit
2769 4385 2837 4463 ab
2863 4382 3106 4463 oriente,
3131 4393 3190 4463 _ct
3239 4389 3392 4463 paret

1793 4470 1964 4526 usque
1991 4455 2057 4509 ad
2085 4455 2388 4510 occidente.
2418 4456 2488 4510 ita
2517 4455 2622 4510 erit
2649 4467 2701 4509 et
2723 4456 2984 4509 adventus
3016 4456 3107 4509 lilii
3129 4453 3386 4508 hominis.

1791 4525 2113 4598 Ubicunque
2163 4527 2318 4581 fuerit
2349 4543 2548 4597 eorpus
2580 4525 2689 4581 illic
2728 4527 3220 4598 congregabuntur.

1869 4597 1943 4668 (b)
1985 4598 2216 4676 aquilae.
2269 4597 2308 4669 -ι-
2353 4596 2542 4676 Statim
2573 4610 2752 4676 autem
2819 4596 3390 4676 postltribulntio‘nem

1797 4665 2008 4724 dierum
2038 4665 2294 4724 illorumf
2314 4673 2392 4723 sol
2426 4665 2834 4724 obscurabitur.’
2859 4678 2914 4724 et
2957 4669 3080 4722 luna
3112 4682 3217 4721 non
3246 4665 3398 4718 dabit

1800 4742 1982 4795 lumen
2008 4757 2180 4794 suum.
2226 4751 2277 4794 et
2310 4741 2499 4795 Stellae
2542 4741 2735 4794 cadent
2763 4739 2830 4794 de
2865 4740 3034 4793 caelo.
3078 4747 3132 4790 ct
3168 4742 3396 4790 virtutes

1798 4813 2074 4866 caelorum
2097 4812 2609 4888 ‘eonunm'ebuntnr.
2641 4823 2694 4865 et
2718 4821 2845 4888 tunc
2871 4808 3154 4879 apparebit
3181 4810 3394 4888 signum

1799 4885 1872 4938 lili
1907 4883 2140 4938 hominis
2174 4883 2232 4961 i_n_
2254 4885 2426 4961 caelo.
2461 4884 2961 4961 ettnneplangent
2999 4893 3191 4961 omnes
3223 4879 3396 4961 tribus

1802 4966 1996 5009 terrae.
2057 4964 2110 5008 et
2151 4955 2406 5008 videbunt
2456 4953 2623 5007 lilium
2677 4951 2928 5008 hominis.
2982 4951 3287 5006 venientem
3341 4951 3398 5005 in

1802 5026 1968 5081 nubib
1987 5027 2143 5081 caeli.
2176 5041 2298 5080 cum
2327 5027 2524 5080 virtute
2553 5035 2608 5080 et
2645 5026 2810 5095 gloria
2850 5022 3037 5080 multa.
3095 5022 3161 5078 Et
3215 5023 3396 5076 mittet

1798 5099 2020 5168 angelos
2074 5111 2203 5152 suos
2256 5114 2376 5152 cuin
2412 5097 2534 5152 tuba
2573 5106 2630 5151 et
2667 5111 2798 5151 voce
2837 5110 3053 5166 magna.
3087 5103 3142 5150 et
3168 5107 3398 5164 congre-

783 5282 1178 5344 VARIANTES
1218 5280 1598 5342 LECTIONES
1634 5281 1903 5341 CODlClS
1941 5281 2054 5341 MS.
2095 5282 2154 5338 S.
2197 5280 2704 5340 GERMANENSIS.

183 5397 198 5465 ξ
227 5398 383 5465 mundi
408 5411 566 5465 usque
590 5400 753 5461 modo,
770 5412 937 5464 neque
959 5398 1044 5450 fiet
1101 5440 1105 5444 .

181 5458 200 5487 ²
229 5458 498 5512 fuissent...'
512 5462 660 5512 ﬁeret

183 5520 201 5551 ³
231 5522 406 5574 electos
427 5525 780 5576 breviabuntur

187 5581 207 5612 ⁵
240 5598 350 5634 ecce
374 5587 469 5637 illic

186 5644 204 5674 '
237 5645 446 5710 Surgent

1868 5399 1889 5429 ⁸
1922 5399 2242 5450 ducantur....
2267 5400 2414 5450 etiam
2440 5397 2588 5448 electi

1867 5463 1885 5528 ἶ
1925 5464 1990 5528 _Ut
2023 5461 2169 5528 Vulg.

1866 5526 1888 5556 ⁸
1921 5526 1988 5574 ita
2013 5530 2108 5575 erit
2123 5526 2184 5576 fet

1865 5587 1886 5619 ο
1929 5587 1991 5650 Ut
2019 5587 2165 5652 Vulg.
2191 5599 2359 5652 usque,
2385 5585 2462 5638 De
2480 5585 2562 5640 die
2586 5596 2751 5640 autem

1420 5756 1786 5816 BLANCHINI
1824 5758 2058 5817 NOTAE.

202 5890 274 5972 (tr)
297 5893 431 5964 Ante
457 5894 691 5957 Christus
722 5895 876 5958 deest
903 5905 995 5968 est,
1032 5893 1194 5954 etiam
1225 5891 1278 5956 in
1329 5899 1437 5951 tex.
1467 5889 1564 5950 Gr.
1595 5891 1744 5970 ~(b)
1782 5894 1923 5951 Ante
1964 5892 2203 5971 aquilae,
2257 5893 2412 5954 deest
2453 5906 2500 5958 et
2528 5894 2688 5956 etiam
2723 5894 2776 5956 in
2809 5901 2919 5952 tex.
2959 5889 3056 5953 Gr.
