3894 6336
498 314 597 370 511
1027 314 1299 373 EUSEBII
1338 312 1676 373 VERCELL.
1719 310 2171 370 EVANGELIUM
2211 309 2357 370 CUM
2397 310 2632 369 VARUS
2667 309 2823 368 COD.
2864 309 3254 369 COLLATUM.

891 416 1123 477 CODEX
1160 416 1699 475 VERCELLENSIS.

492 489 798 562 gregabunt

495 562 614 618 elec
653 601 670 617 .
714 603 728 617 .
774 603 788 617 .
832 602 846 616 .
891 602 905 615 .
946 561 1066 631 ejus

493 648 661 704 aqua
703 674 719 689 .
764 672 779 688 .
824 673 838 689 .
884 676 898 689 .
939 647 1067 690 vcn-

496 704 588 770 tis,
618 719 648 759 a
679 706 904 761 summis

497 777 772 832 caelorum
803 791 894 831 us-

491 862 604 925 que
631 850 697 903 ad
728 848 856 902 ulti-

495 933 644 974 mum
671 934 883 975 eorum.

494 989 584 1046 52.
619 992 658 1044 A
690 991 824 1046 licus
849 999 1030 1047 autem

495 1062 746 1117 arborem
772 1063 884 1118 dis-

499 1133 608 1188 cite
635 1133 864 1203 parabo-

494 1205 598 1259 lam
636 1226 648 1261 :
674 1220 797 1261 cum
822 1206 932 1274 jam

491 1291 679 1332 ramus
710 1278 829 1341 ejus
856 1285 936 1333 te-

490 1363 594 1402 ner
621 1347 807 1411 fuerit,

495 1428 551 1474 et
578 1417 705 1475 folia
735 1435 861 1476 tias-

492 1498 713 1556 cuntur,
746 1494 853 1546 sci-

494 1562 565 1616 tis
595 1563 717 1633 quia
749 1578 917 1633 prope

490 1633 582 1689 55.
615 1643 698 1689 est
724 1645 927 1701 aestus,
958 1637 1031 1692 ita

492 1715 547 1758 et
569 1719 667 1760 vos
691 1721 814 1761 cum
840 1710 920 1763 vi-

492 1775 682 1833 deritis
712 1779 846 1833 haec

493 1849 673 1903 omnia
706 1849 806 1904 lie-

490 1919 560 1983 ri,
590 1919 784 1976 scitote
809 1923 933 1993 quia

495 2005 666 2075 prope
690 2002 776 2048 est
800 1994 852 2047 in

492 2077 691 2125 IanUIS.

493 2134 584 2189 54.
616 2133 788 2192 Amen
816 2137 970 2193 vobis

490 2206 636 2274 dico,
667 2208 788 2277 quia
810 2224 919 2265 non

493 2279 811 2346 praeteribit

490 2353 629 2405 haec
653 2365 875 2420 genera-

493 2421 590 2485 tio,
624 2422 797 2478 donec

495 2495 628 2548 haec
654 2493 834 2549 omnia

486 2564 579 2620 55.
607 2564 759 2621 fiant.
789 2566 1009 2623 Caelum
1086 2585 1091 2591 '

488 2644 546 2691 et
576 2646 721 2692 terra
751 2646 901 2694 tran-

488 2706 708 2775 sibunt;
751 2724 875 2766 ver-

1336 489 1411 562 (b)
1440 503 1625 562 neque
1656 488 1759 543 lili-

1336 560 1400 615 us
1422 560 1464 632 -ι-
1490 604 1504 627 ,
1537 561 1637 615 nisi
1666 568 1822 632 pater

1336 630 1448 689 57.‘
1474 632 1645 687 solus.
1688 630 1840 688 Sicut

1337 711 1519 760 autem
1563 703 1617 758 in
1644 703 1762 758 die-

1333 775 1438 831 bus
1473 774 1587 831 Noe
1611 817 1627 841 ,
1655 776 1729 829 ita
1756 790 1813 830 e-

1336 847 1411 902 rit
1438 855 1494 902 et
1517 844 1722 902 adven-

1336 928 1422 974 tus
1450 918 1522 973 lili
1555 917 1732 972 homi-

1334 991 1425 1046 58.
1469 990 1572 1044 nis.
1598 988 1731 1044 Nam
1764 990 1903 1046 sicut

1334 1072 1450 1116 erat
1482 1061 1533 1115 in
1567 1060 1758 1116 diebus

1334 1132 1553 1199 diluvii,
1588 1148 1734 1187 manv

1333 1204 1602 1260 dncabant
1620 1245 1635 1269 ,
1674 1214 1731 1259 et

1332 1275 1590 1331 bibebant
1614 1316 1629 1340 ,
1673 1285 1728 1330 et

1334 1362 1533 1403 uxores
1550 1347 1715 1403 duce-

1331 1418 1461 1474 bant
1490 1434 1659 1488 usque
1687 1420 1740 1474 in

1333 1490 1483 1545 illum
1510 1491 1654 1545 diem
1674 1531 1690 1556 ,

1330 1576 1439 1632 quo
1465 1560 1579 1617 Noe
1612 1562 1693 1616 in.

1332 1648 1554 1700 gressus
1583 1643 1668 1688 est

1334 1705 1424 1761 59.
1465 1705 1519 1759 in
1549 1719 1763 1771 arcam,
1795 1714 1850 1759 et

1336 1791 1442 1831 non
1471 1790 1743 1846 cognove-

1335 1856 1464 1904 runt
1491 1848 1665 1903 donec

1333 1921 1484 1976 venit
1510 1928 1658 1975 cata-

1332 1993 1571 2063 clysmus
1596 2033 1611 2057 ,
1643 2001 1700 2047 et
1728 1999 1815 2063 tu-

1336 2062 1398 2117 lit
1425 2077 1612 2118 omnes
1647 2081 1660 2116 :
1694 2062 1771 2116 sic

1332 2135 1414 2207 (ά)
1442 2134 1547 2207 erit
1566 2133 1609 2205 -ι-
1628 2133 1800 2207 adven
1815 2162 1835 2175 -

1329 2205 1417 2262 tus
1445 2206 1522 2260 ﬁli
1548 2205 1745 2261 omnis.

1326 2278 1422 2334 40.
1461 2277 1611 2333 Tunc
1630 2277 1738 2333 duo
1760 2285 1938 2333 erunt.

1330 2352 1384 2406 in
1416 2365 1546 2421 agro
1584 2366 1599 2403 :
1627 2365 1770 2406 unus

1330 2423 1648 2479 adsumetur
1665 2462 1681 2487 ,

1326 2504 1383 2552 et
1411 2507 1551 2550 unus
1579 2492 1745 2549 relin-

1329 2569 1419 2625 41.
1460 2574 1675 2637 quetur.
1708 2564 1817 2621 Du-

1332 2680 1348 2696 .
1394 2678 1407 2693 .
1571 2676 1588 2693 .
1630 2636 1884 2692 olentes:

1327 2726 1435 2768 una
1473 2707 1726 2764 adsume-

2634 411 2869 468 CODEX
2912 409 3349 469 VERONENSIS.

2198 485 2405 556 gabunt
2441 485 2646 541 electos
2677 484 2793 554 ejus

2200 572 2230 611 a
2262 565 2519 628 quattuor
2544 572 2714 627 angu-

2201 627 2288 684 los
2311 628 2450 684 caeli
2475 669 2493 697 ,
2527 642 2556 681 a
2587 627 2814 684 summis

2203 699 2478 756 caelorum
2508 713 2680 771 usque

2204 772 2274 827 ad
2309 772 2598 828 terminum
2626 787 2720 829 co-

2200 858 2343 898 rum.
2379 842 2456 917 (a)
2486 842 2622 899 Cum

2195 916 2478 984 coeperint
2506 925 2689 970 autem

2196 985 2333 1041 haec
2363 987 2479 1043 lieri
2506 1027 2521 1051 ,
2562 986 2737 1057 reSpi-

2195 1057 2301 1113 cite
2325 1102 2339 1125 ,
2373 1066 2429 1114 et
2464 1058 2637 1114 levate

2197 1131 2372 1199 capita
2404 1140 2578 1185 vestra
2603 1171 2619 1195 ,

2200 1200 2457 1269 quoniam
2492 1200 2695 1272 adpro-

2199 1273 2311 1342 piat
2348 1273 2654 1344 redemptio

2196 1353 2375 1416 vestra
2406 1345 2469 1416 r-

2198 1415 2287 1469 52.
2330 1415 2377 1470 A
2415 1415 2501 1470 lici
2532 1425 2710 1473 autem

2195 1487 2394 1543 arbore
2422 1487 2614 1544 discite

2198 1558 2508 1641 parabitlam
2543 1577 2558 1613 ε
2584 1574 2719 1642 .cum

2192 1645 2304 1699 jam
2330 1645 2513 1685 ramus
2549 1646 2669 1702 ejus

2194 1711 2348 1756 tener
2383 1702 2546 1757 fuerit
2561 1744 2574 1767 ,
2607 1711 2662 1758 et

2191 1771 2321 1827 folia
2353 1783 2651 1829 nascuntur
2668 1817 2685 1844 ,

2191 1844 2343 1900 scitis
2371 1845 2496 1916 quia
2538 1860 2668 1916 pro-

2192 1930 2260 1982 pe
2289 1926 2373 1972 est
2401 1927 2581 1972 aestas
2605 1959 2622 1985 ,

2193 1987 2283 2042 55.
2316 1996 2371 2044 et
2401 2002 2496 2043 vos
2524 2003 2648 2046 cum

2197 2059 2446 2115 videritis
2476 2059 2609 2116 haec

2198 2131 2376 2185 omnia
2405 2171 2421 2195 ,
2453 2131 2646 2187 scitote

2198 2202 2321 2273 quia
2354 2217 2526 2273 prope
2562 2213 2647 2259 est

2194 2274 2254 2329 in
2281 2274 2485 2343 januis.

2198 2346 2287 2430 54.
2330 2345 2505 2403 Amen
2534 2344 2658 2430 dico
2687 2347 2814 2404 vobi
2867 2390 2881 2416 ,

2124 2432 2131 2439 '
2197 2426 2325 2488 quia
2350 2431 2461 2473 non
2492 2426 2737 2487 praeter-

2193 2489 2295 2544 ibit
2320 2488 2453 2560 baec
2477 2503 2645 2560 gene-

2192 2560 2331 2617 ratio
2352 2602 2367 2626 ,
2394 2559 2570 2616 donec
2594 2562 2716 2617 0m-

2188 2632 2281 2688 55.
2324 2632 2411 2687 nia
2440 2630 2593 2688 ﬁant.
2619 2631 2760 2688 Cae-

2190 2702 2303 2758 lum
2332 2711 2387 2759 et
2416 2704 2561 2760 terra
2588 2713 2764 2761 trans-

2191 2773 2347 2830 ibunt
2370 2792 2385 2841 ;
2416 2776 2584 2831 verba

2190 2861 2323 2902 vero
2352 2862 2470 2903 mea
2501 2863 2611 2904 ιιοη

2238 2918 2592 2975 raeteribunt.

3035 498 3137 540 nec
3168 482 3303 537 illius
3324 481 3361 553 ἦ·
3381 522 3397 547 ,

3033 556 3137 611 nisi
3166 565 3309 611 pater
3327 555 3480 610 solus.

3033 627 3125 682 57.
3165 626 3310 682 Sicut
3334 634 3494 681 autem

3033 699 3087 754 in
3115 697 3301 755 diebus
3329 696 3434 752 Noe
3452 740 3466 764 ,

3034 771 3106 826 ita
3134 771 3237 827 erit
3259 779 3311 824 et
3335 767 3426 823 ad-

3032 851 3225 899 ventus
3255 839 3327 896 ﬁli
3356 839 3444 896 lto-

3034 914 3217 971 minis.

3033 987 3123 1043 58.
3164 986 3315 1042 Sicut
3337 982 3517 1039 eratin
3581 1036 3585 1041 .

3032 1058 3223 1113 diebus
3245 1055 3313 1127 (ο)
3335 1054 3434 1109 illis
3453 1053 3487 1126 -Ξ-

3033 1139 3158 1185 ante
3186 1127 3436 1183 dilubittm
3458 1168 3470 1192 ,

3032 1200 3440 1265 manducantes,

3032 1281 3087 1328 et
3113 1272 3357 1329 bibentes
3372 1311 3387 1335 ,

3033 1344 3330 1407 nubentes,
3358 1351 3412 1397 et

3034 1424 3202 1486 nupto
3230 1412 3437 1469 traden-

3035 1498 3116 1544 tes
3144 1502 3313 1557 usqttc
3338 1499 3401 1539 eo

3031 1559 3121 1615 die
3142 1570 3292 1629 {quo
3316 1557 3473 1611 intra-

3030 1630 3110 1686 bit
3138 1632 3191 1686 in
3223 1644 3399 1685 arcam
3417 1669 3432 1693 ,

3025 1703 3118 1760 59.
3159 1712 3213 1758 et
3243 1716 3346 1756 non
3374 1713 3554 1770 cogno-
3620 1744 3626 1751 .

3027 1781 3223 1829 verunt
3247 1773 3416 1828 donec

3029 1846 3180 1901 venit
3205 1844 3484 1909 diluvium,

3031 1928 3086 1971 et
3111 1916 3238 1972 tulit
3264 1930 3444 1972 omnes
3468 1934 3480 1969 :

3032 1987 3104 2043 ita
3136 1988 3239 2044 erit
3267 1986 3467 2060 (diad-

3032 2070 3226 2115 ventus
3251 2058 3329 2114 lili
3356 2058 3451 2113 bo-

3033 2133 3219 2187 minis.

3032 2203 3123 2259 40.
3166 2202 3320 2258 Tunc
3346 2201 3450 2257 duo

3032 2283 3193 2330 erunt
3214 2276 3269 2331 in
3299 2289 3460 2345 agro:

3032 2361 3171 2401 unus
3192 2346 3359 2403 adsu-

3033 2427 3215 2474 metttr
3232 2461 3249 2487 ,
3277 2426 3334 2474 et

3033 2505 3172 2545 unus
3199 2490 3469 2561 relinque-

3035 2570 3140 2616 tur.
3170 2562 3319 2618 Duae
3343 2576 3455 2618 mo-

3030 2631 3204 2688 lentes
3231 2633 3301 2690 ad
3331 2648 3446 2690 mo-

3039 2704 3147 2759 lam
3174 2722 3186 2759 :
3218 2719 3323 2761 una
3347 2705 3438 2761 ad-

3037 2786 3319 2845 sumetur,
3348 2787 3402 2834 et

3038 2863 3142 2904 una
3164 2849 3437 2920 relinque—
3544 2902 3551 2911 ,

3032 2921 3133 2995 fil.
3163 2928 3274 2976 lur.
3311 2921 3383 2995 (e)
3409 2923 3520 2978 Duo

3630 311 3712 367 512

489 2778 559 2835 ba
591 2790 771 2836 autem
1329 2822 1345 2838 .
1391 2824 1405 2837 .
1456 2820 1473 2838 .
1511 2796 1539 2836 r
1561 2821 1577 2848 ,
1605 2789 1660 2835 et
1687 2795 1792 2836 una

489 2864 611 2927 mea
634 2867 747 2913 non
772 2869 927 2927 prae-
1324 2870 1407 2911 re.
1458 2896 1488 2927 ._
1526 2894 1540 2907 .
1581 2861 1759 2907 uetur.

489 2922 752 2980 teribunt.
772 2922 790 2927 ⁷
1326 2927 1446 2982 Duo
1476 2925 1531 2979 in
1558 2932 1702 2979 tecto
1737 2942 1749 2977 :

489 2995 582 3049 56.
626 2994 702 3051 De
730 2996 818 3054 die
851 3007 1035 3055 autem
1328 3010 1469 3052 unus
1498 2994 1659 3050 adsu-

494 3064 589 3119 illa
612 3074 667 3120 et
687 3066 822 3124 hora
1326 3076 1509 3124 metur
1528 3108 1544 3134 ,
1574 3075 1629 3122 et

1326 3153 1470 3195 unus
1494 3137 1662 3193 relin-

1327 3211 1420 3267 42.
1460 3218 1677 3279 quetur.
1716 3208 1811 3265 Vi-

1333 3295 1855 3352 ......ergo,

908 3375 1143 3434 CODEX
1181 3374 1655 3435 CORBEIENSIS.

489 3447 798 3519 gregabunt
850 3450 1057 3505 electos
1102 3451 1223 3519 ejus
1269 3465 1298 3504 a
1335 3458 1595 3520 quattuor
1635 3451 1835 3518 ventis,
1878 3465 1908 3505 a
1947 3464 2094 3505 sum-

491 3520 600 3575 mis
643 3534 812 3589 usque
838 3520 906 3576 ad
935 3536 1147 3576 summa
1175 3536 1385 3577 eorum.
1432 3521 1480 3577 A
1506 3520 1643 3577 facie
1666 3533 1847 3579 autem
1882 3522 2093 3576 arboris

488 3590 627 3646 ﬁcus
651 3590 1186 3665 discitejparabolam
1212 3609 1226 3659 ;
1250 3608 1412 3663 quum
1436 3593 1548 3663 jam
1572 3609 1758 3649 ramus
1786 3593 1904 3665 ejus
1930 3592 2095 3648 fuerit

487 3673 667 3728 tener,
696 3672 752 3735 et
785 3663 909 3719 folia
942 3665 1312 3734 procreaverit
1340 3707 1355 3730 ,
1401 3666 1741 3735 cognoscetis
1770 3663 1893 3735 quia
1927 3680 2093 3735 prope

487 3735 652 3808 estin
688 3734 893 3805 januis.
927 3735 1115 3808 Amen
1143 3736 1264 3791 dico
1291 3735 1446 3792 vobis
1471 3734 1489 3802 ζ
1514 3737 1769 3807 quoniam
1790 3734 1907 3792 non
1928 3734 2089 3808 prae-

489 3804 671 3861 teribit
695 3804 975 3878 generatio
1018 3810 1182 3873 haec,
1225 3808 1400 3864 donec
1449 3804 1631 3864 omnia
1679 3813 1830 3865 tiant.
1863 3804 2086 3864 Co'elum

483 3885 540 3931 et
566 3884 710 3952 terra
742 3880 1082 3952 transibunt;
1125 3894 1250 3935 nam
1294 3895 1574 3936 sermones
1622 3883 1729 3937 mei
1781 3896 1885 3937 non
1934 3897 2085 3952 prae-

486 3948 744 4005 teribunt.
782 3951 855 4006 De
884 3951 973 4007 die
1004 3952 1021 3983 ¹
1055 3962 1235 4008 autem
1267 3951 1355 4006 illa
1385 3963 1439 4009 et
1471 3952 1598 4006 liora
1631 3968 1791 4008 nemo
1820 3948 1955 4020 scit,
1988 3968 2085 4008 ue-

483 4035 591 4091 que
616 4021 788 4090 angeli
833 4025 854 4054 ²
894 4024 1170 4078 coelorum
1194 4065 1207 4088 ,
1237 4033 1264 4061 η
1294 4024 1391 4079 sed
1430 4039 1530 4079 nec
1573 4024 1745 4087 lilius,
1789 4024 1894 4079 nisi
1937 4025 2084 4080 solus

526 4101 658 4165 ater.
680 4093 846 4165 Sicut
872 4104 1053 4150 autem
1085 4096 1106 4127 ³
1133 4095 1250 4149 dies
1273 4094 1386 4150 Noe
1411 4136 1427 4157 ,
1466 4095 1545 4147 sic
1566 4097 1670 4149 erit
1700 4096 1961 4165 adventus
1993 4094 2082 4150 lilii

525 4164 742 4218 ominis.
776 4163 908 4218 Nam
940 4165 1079 4219 sicut
1104 4174 1224 4219 erat
1263 4166 1313 4219 in
1353 4165 1545 4219 diebus
1580 4165 1767 4220 diluvii
1799 4207 1813 4231 ,
1857 4163 2084 4220 mandu-

482 4234 679 4304 cabant
699 4277 714 4299 ,
750 4234 1007 4290 bibebant
1030 4277 1045 4303 ,
1079 4250 1275 4289 uxores
1305 4234 1603 4304 ducebant,
1633 4246 1688 4290 et
1710 4252 1815 4291 non
1845 4237 2081 4293 scierunt

480 4302 629 4377 quod
671 4304 832 4377 modo
876 4306 1026 4377 venit
1063 4306 1455 4377 cataclysmus,
1501 4316 1558 4361 et
1590 4302 1716 4362 tulit
1741 4323 1933 4363 omnes
1966 4327 1978 4361 :
2010 4309 2084 4364 ita

470 4373 589 4429 erit
623 4374 887 4451 adventus
933 4376 1035 4451 lilii
1074 4373 1327 4451 hominis.
1366 4376 1518 4451 'l‘unc
1547 4378 1656 4432 duo
1686 4389 1844 4451 erunt
1874 4381 1924 4434 in
1955 4396 2085 4451 agro

482 4461 622 4519 unus
651 4444 989 4519 adsumetur,
1023 4447 1046 4477 "
1075 4458 1128 4503 et
1155 4449 1292 4504 alter
1321 4448 1676 4519 relinquetur.
1708 4450 1738 4489 ι)
1783 4451 1900 4507 Duo
1930 4444 2090 4507 erunt

484 4518 539 4573 in
586 4518 728 4589 lecto
761 4517 1010 4589 jacentes
1063 4538 1077 4575 :
1116 4535 1256 4576 unus
1290 4517 1629 4587 dimittetur,
1661 4532 1714 4579 et
1744 4522 1883 4578 alius
1926 4522 2090 4580 adsu-

483 4599 685 4647 metur.
712 4588 940 4663 Vigilate
961 4606 1092 4664 ergo
1116 4635 1131 4662 ,

490 3149 656 3191 nemo
683 3137 819 3205 scit,

490 3221 675 3280 neque
700 3225 862 3280 ange-

494 3279 535 3335 li
560 3279 839 3337 caelorum
861 3323 877 3349 ,

479 4945 488 4953 ’
536 4963 554 4993 ι
592 4967 757 5013 autem
782 4969 834 5014 et
855 4963 975 5013 bora

538 5025 560 5055 ¹
595 5025 867 5077 caelorum.
894 5027 939 5089 ⁸,
961 5028 1054 5076 nisi

3035 2992 3089 3047 in
3123 2992 3265 3049 lecto
3299 2992 3474 3051 {unus

3034 3063 3376 3127 adsumctur.

3035 3144 3091 3192 et
3117 3151 3259 3192 unus
3289 3138 3450 3195 relin—

3034 3216 3236 3281 quetur
3261 3208 3321 3281 οἷ’.

3034 3280 3126 3336 e2.
3168 3280 3406 3354 Vigilate

2662 3370 2896 3429 CODEX
2932 3372 3213 3429 BRIXIAN
3222 3374 3331 3432 US.

2195 3442 2401 3514 gabunt
2429 3443 2637 3500 electos
2657 3445 2777 3512 ejus
2806 3460 2836 3499 a
2859 3454 3115 3514 quattuor
3136 3448 3338 3512 ventis,
3366 3462 3396 3503 a
3424 3442 3626 3503 summis
3645 3454 3735 3496 cac-

2197 3514 2372 3569 Iorum
2410 3530 2581 3586 usque
2623 3516 2691 3571 ad
2739 3520 3001 3572 terminos
3030 3532 3244 3574 eorum.
3284 3520 3368 3577 Ab
3395 3520 3576 3575 arbore
3598 3524 3734 3568 autem

2199 3585 2285 3665 [iri
2323 3585 2526 3665 discite
2554 3589 3102 3665 _parabolam._cum_
3134 3589 3247 3661 jam
3287 3605 3467 3647 ramus
3491 3587 3596 3658 ejus
3619 3593 3735 3665 tener

2198 3656 2380 3726 fuerit.
2411 3667 2467 3713 et
2498 3656 2799 3734 folianata.
2828 3662 2979 3716 sellis
3015 3656 3151 3731 quia
3182 3678 3354 3733 prope
3380 3671 3462 3720 est
3488 3656 3659 3716 aestas.
3683 3656 3733 3734 ita

2197 3737 2254 3783 et
2281 3744 2378 3785 vos
2404 3744 2527 3785 cum
2556 3731 2800 3787 videritis
2844 3734 2977 3789 haec
3026 3735 3210 3788 omnia
3258 3731 3376 3791 ﬁeri
3419 3734 3611 3789 scitote.
3642 3731 3734 3797 quia

2195 3814 2365 3872 prope
2413 3813 2499 3857 est
2555 3803 2621 3857 ad
2663 3803 2863 3873 januis.
2920 3808 3092 3859 Amen
3138 3805 3262 3862 dico
3313 3806 3463 3862 vobis
3505 3802 3614 3871 quia
3655 3810 3734 3851 non

2194 3874 2505 3939 praeteribit
2519 3875 2932 3949 baecgeneratio
2945 3876 3118 3932 donec
3134 3879 3315 3934 omnia
3332 3879 3474 3933 fiant.
3498 3873 3682 3931 Caelum
3693 3877 3733 3949 et

2193 3953 2337 4016 terra
2388 3946 2712 4003 transibunt.
2766 3948 2927 4003 verba
2983 3958 3162 4004 autem
3223 3950 3357 4006 tnea‘
3396 3965 3499 4005 non
3528 3946 3735 4016 praeteri-

2191 4013 2344 4069 bunt.
2371 4016 2447 4071 De
2474 4017 2563 4073 die
2609 4027 2787 4073 autem
2819 4019 2912 4074 illa
2954 4029 3009 4075 et
3055 4021 3202 4075 liora.
3259 4036 3422 4077 nemo
3450 4013 3562 4076 scit.
3602 4024 3736 4081 neque

2190 4088 2366 4166 angeli
2398 4088 2678 4166 ~caelorum
2725 4090 2799 4163 (ὁ)
2842 4106 3017 4166 neque
3053 4091 3196 4166 [ilius
3228 4093 3272 4166 ἐς
3307 4096 3407 4166 nisi
3453 4101 3591 4166 pater
3622 4097 3735 4166 mtas

2189 4160 2361 4214 solus.
2394 4159 2550 4216 Sicut
2574 4159 2752 4217 autem
2780 4159 2834 4217 in
2864 4159 3053 4219 diebus
3082 4163 3197 4220 Noe
3224 4159 3296 4219 iia
3323 4160 3426 4221 erit
3449 4159 3501 4218 et
3524 4159 3735 4214 advenllls

2193 4227 2268 4308 ﬁli
2299 4229 2558 4308 nominis.
2586 4233 2736 4288 Sicut
2758 4235 2906 4308 enim
2934 4234 3388 4308 erant‘inidiebus
3413 4228 3733 4308 (c)illiS'}'an_‘

2194 4307 2247 4355 te
2299 4302 2566 4383 diluvium
2610 4305 3010 4383 manducantes
3026 4315 3081 4362 et
3100 4307 3380 4383 bibentes.
3411 4302 3735 4383 Aitttbeutesgel

2193 4385 2421 4453 nuptum
2451 4375 2747 4432 tradentes.
2782 4392 2953 4447 usque
2997 4378 3050 4433 in
3081 4378 3227 4453 diem
3260 4395 3371 4451 quo
3410 4374 3633 4453 introivit

2193 4443 2247 4499 in
2275 4460 2418 4520 arca
2440 4457 2495 4520 et
2535 4464 2639 4504 non
2672 4443 3060 4519 cognoverunt.
3116 4443 3293 4507 donec
3322 4451 3471 4505 venit
3499 4443 3734 4520 dilluvitnzt

2194 4526 2250 4570 et
2289 4518 2526 4587 perdidit
2568 4516 2779 4576 omnes.
2832 4521 2903 4575 ita
2933 4522 3040 4576 erit
3085 4532 3141 4577 et
3182 4522 3449 4577 adventus
3480 4520 3568 4575 lilii
3598 4516 3733 4570 homi-

2194 4588 2299 4643 nis.
2326 4629 2338 4642 .
2366 4630 2376 4642 .
2401 4631 2413 4644 .
2440 4629 2454 4644 .
2498 4590 2669 4647 Tunc.
2703 4592 2811 4647 duo
2841 4601 3003 4647 erunt
3044 4594 3097 4648 in
3144 4608 3277 4664 agro
3308 4608 3447 4649 unus
3475 4593 3739 4664 adsumetttr

2194 4668 2250 4714 et
2276 4676 2414 4716 unus
2440 4664 2799 4734 relinquetur.
2824 4664 2971 4720 Duae
3001 4654 3270 4721 molenies
3301 4666 3356 4721 in
3387 4665 3529 4720 mola
3554 4673 3644 4717 una
3668 4654 3737 4708 ad-

2192 4744 2441 4810 Sumctur
2465 4740 2520 4790 et
2555 4735 2658 4790 alia
2705 4735 3065 4810 relinquetur.
3109 4735 3181 4810 (e)
3219 4737 3338 4794 Duo
3380 4738 3433 4810 in
3478 4736 3605 4810 lecto
3636 4741 3735 4785 uno.

2191 4817 2329 4861 unus
2353 4804 2670 4863 adsumetur
2695 4817 2749 4864 et
2768 4804 2907 4863 alitis
2934 4804 3291 4882 relinquetur.
3317 4810 3359 4883 αῖ·
3382 4807 3601 4881 Vigilate
3620 4811 3735 4871 ergo-

2232 2990 2287 3045 6.
2332 2991 2407 3047 De
2433 2989 2522 3047 die
2547 3000 2729 3050 autem

2196 3062 2291 3117 illa
2317 3062 2401 3118 vel
2429 3061 2530 3117 ho-

2196 3149 2256 3189 ra
2285 3149 2446 3189 nemo
2474 3134 2606 3204 scit,

2199 3220 2377 3276 neque
2401 3208 2580 3278 angeli

2198 3278 2507 3346 caelorum,
2543 3278 2621 3352 (ὁ)

1172 4880 1572 4942 VARIANTES
1606 4881 1990 4945 LECTIONES
2026 4888 2295 4953 CODlClS
2333 4898 2440 4954 MS.
2481 4897 2540 4955 s.
2573 4880 3149 4969 csattANENs‘tsJ.

2249 4977 2271 5044 ξ
2308 4978 2371 5027 Ut
2401 4975 2547 5042 Vulg.
2572 4992 2740 5044 usque.
2769 4982 3009 5044 venturus
3033 4988 3111 5033 est

2247 5039 2268 5069 ⁸
2302 5049 2355 5092 et
2375 5039 2521 5108 unus,
2546 5039 2666 5106 etei,
2691 5048 2741 5094 ut
2770 5043 2918 5108 Vulg.

1828 5112 2196 5176 BLANCHINI
2229 5121 2461 5182 NOTAE.

545 5198 573 5226 ει
606 5187 688 5265 ita
712 5189 918 5265 lectum
945 5189 1113 5247 fuisse
1147 5189 1638 5265 i‘n__an_tiquissim_is
1673 5194 2076 5265 exemplaribus

469 5260 727 5317 Matthaei
774 5270 939 5317 testes
989 5269 1116 5318 sunt
1156 5260 1425 5327 Hilarius,
1472 5262 1793 5321 Ambrosius
1814 5260 1849 5333 ,⁷
1883 5266 2073 5325 lliero-

470 5347 703 5405 nymus,
734 5342 790 5388 et
816 5332 908 5388 alii
936 5334 1229 5405 scriptores
1268 5334 1709 5391 nominatissitni.

2256 5207 2304 5286 ι)-
2325 5209 2403 5286 De
2428 5208 2533 5286 boc
2555 5208 2932 5286 additamenta
2953 5224 3054 5268 seu
3083 5213 3328 5286 variante
3353 5212 3577 5286 lectione
3597 5250 3613 5277 ,
3645 5215 3738 5286 ψιξθ

2186 5279 2239 5353 in
2266 5281 2582 5338 Corbeiensi
2612 5298 2716 5339 ms.
2757 5284 3065 5353 reperitur,
3107 5284 3232 5341 vide
3287 5285 3449 5340 Lucae
3492 5279 3739 5352 Brugensis

2183 5350 2498 5410 Notationes
2512 5350 2858 5425 prolixiores,
2877 5364 2933 5410 et
2948 5350 3057 5410 Th.
3075 5355 3342 5414 Maresch.
3364 5350 3737 5414 Observationes.

2172 5423 2227 5478 in
2252 5426 2494 5481 version.
2514 5423 2677 5497 Angl.
2704 5426 2833 5483 Sax.
2869 5442 2990 5498 pag.
3006 5426 3134 5484 500.

468 5503 1034 5598 -—_(q)LAssuntentum
1067 5508 1596 5598 isdud‘erstatet.iam
1628 5511 1680 5598 in
1708 5511 1831 5598 cod.
1862 5512 2019 5598 Cant.
2045 5513 2086 5569 L

2195 5523 2250 5571 et
2279 5516 2708 5598 Gr._&px0péva
2731 5518 2786 5598 δέ
2815 5522 3010 5598 τᾳύτων
3043 5518 3478 5598 γίνεσθοςιῄαἷτιηι.
3509 5518 3615 5598 Dat.
3641 5507 3740 5567 ἱκά-

464 5578 719 5653 pictilibus
746 5588 929 5653 autent
963 5582 1043 5635 Itis
1090 5583 1229 5653 fieri)
1276 5584 1463 5640 ἀναϐλέ

1508 5605 1597 5639 ατε
1619 5586 1762 5670 ν’ίῇοξὶ
1780 5585 2029 5670 ,ἐτιςᾲρατι
2066 5590 2163 5670 ξτρις
2206 5585 2450 5670 κιφαλόεςί
2475 5585 2636 5670 ditty
2659 5591 2806 5670 dte-rt
2847 5593 3031 5670 ἐγγίζει
3050 5585 3089 5653 ἦ
3133 5585 3491 5670 ἀζολύλτρωσις
3514 5594 3657 5663 ὑμῶν.
3679 5610 3737 5670 π

464 5583 719 5650 pienttbus
746 5588 916 5635 autem
963 5583 1043 5635 Itis
1090 5583 1229 5653 ﬁeri)
1276 5583 1762 5709 ἁναϐλὲἓατεῼίκαὶ
1804 5585 2029 5659 ἐπάρατε
2067 5610 2086 5644 1

460 5649 731 5736 {claudit
753 5668 843 5736 n_ec
883 5649 1054 5736 Filius
1080 5698 1099 5736 ,_
1121 5655 1283 5736 etiam
1313 5656 1437 5736 cod.
1462 5654 1744 5736 hante)th
1770 5656 1797 5736 ῥ
1825 5658 1948 5736 ιέξός,
1978 5668 2042 5713 οι
2066 5658 2086 5711 h

2206 5583 2450 5663 κιφα).ὰς’
2475 5583 2636 5665 ἷῗμῦν*
2676 5591 2806 5648 διότι
2847 5593 3031 5667 ἐγγίζει
3133 5583 3491 5670 ἀπολύλτρωσις
3514 5594 3657 5663 ὑμῶν.
3684 5610 3737 5624 ’-

2195 5676 2265 5717 :o.
2287 5690 2355 5702 —
2374 5664 2446 5733 (c)
2472 5663 2629 5718 Addit
2653 5662 2779 5729 illis,
2804 5664 2927 5720 eod.
2948 5680 3166 5736 quoque
3183 5663 3340 5720 Cant.
3364 5668 3586 5726 ἑκείναις.
3608 5650 3737 5736 τ-ςάὶ

466 5719 595 5804 ifost
624 5721 739 5804 erit:
763 5723 916 5804 deest
936 5733 1003 5786 et,
1030 5726 1277 5804 etiamhin
1310 5726 1432 5781 cod.
1456 5725 1693 5804 Cant—5
1718 5726 1788 5804 (ι’)
1833 5719 1947 5784 Hoc
1972 5741 2338 5804 assumentum
2367 5719 2546 5791 ex’stat
2570 5719 2844 5804 pariter'in
2873 5719 2999 5791 end.
3024 5719 3325 5792 C5nt.Lat.
3362 5719 3649 5793 etei-[ato
3672 5719 3738 5782 ἶπῖ

457 5792 626 5873 κλίνης
647 5800 793 5879 (trag,
824 5792 892 5878 si;
921 5798 1515 5879 παραλαμςὼέεταμηκαὶ
1542 5796 1621 5879 εἷς.
1640 5792 1858 5879 cipis-{at},
1885 5816 1951 5856 ex
1970 5801 2086 5879 Ltt_c;

2195 5806 2315 5870 ρηυά
2345 5807 2529 5879 legunt
2549 5792 2712 5863 etiam
2734 5805 3021 5879 Cltrysost.
3043 5851 3058 5873 ,
3086 5792 3392 5877 Juvencus,
3428 5792 3660 5879 Hilarius).
3688 5810 3738 5850 ³ο

453 5864 942 5934 νρνήίοεςοκυηὶείι,
968 5864 1024 5923 e't
1053 5864 1222 5925 Codd.
1250 5870 1425 5926 Latini
1464 5871 1622 5928 multi
1646 5864 1787 5943 apud
1812 5864 2009 5931 Lucam
2036 5864 2293 5948 Bntgett.,
2328 5864 2581 5936 et'Craeci
2631 5880 2834 5950 aliquot
2851 5864 3006 5953 dapud
3035 5864 3391 5954 Stephanum'
3426 5890 3480 5937 et
3522 5864 3735 5935 Millium-
